4018 6206
383 273 486 350 55⁸1

1719 279 2053 340 IlUMlLlA
2093 276 2337 338 XXVII.

3517 261 3639 341 διὰ

382 406 490 466 λεῖς
520 402 601 455 ἔτι
619 403 766 469 ἐστὲ,
796 402 890 454 καὶ
913 403 941 454 6
980 402 1168 472 καιρὸς
1199 401 1310 454 τῶν
1349 397 1574 469 ἀγώνων
1610 397 1765 467 ὑμῶν
1795 396 1948 450 οΰπω

2059 396 2172 448 dam
2202 391 2509 463 signiﬁcat:
2538 400 2592 446 et
2617 391 3005 461 propemodum
3051 389 3124 444 ita
3158 389 3375 444 videtur
3401 387 3584 444 dicere
3610 407 3624 442 ε

383 495 671 564 πάρεστιν,
706 491 1057 546 ἀναπαύεσθε
1097 491 1282 544 λοιπὸν
1303 530 1318 554 ,
1353 488 1673 557 ἀγωνιεῖσθε
1706 489 1762 541 δὲ
1796 487 1952 540 ὓστε-

383 603 495 658 ρον.
537 603 555 635 ι
599 585 869 651 Ἤγγικεν
908 585 941 654 ή
973 578 1125 655 ὥρα·
1165 601 1183 634 ι
1215 583 1311 636 καὶ
1346 583 1448 652 τῆς
1481 580 1771 653 προδοσίας
1803 581 1950 647 λέγει

377 675 477 744 τὴν
527 673 698 744 ὥραν,
763 673 855 726 καὶ
912 673 1147 741 μάλιστα
1209 673 1306 741 τῆς
1361 673 1696 740 οἰκονομίας.
1737 670 1810 723 Τὸ
1860 669 1948 720 δέ·

384 781 405 818 ι
456 764 793 835 Ἐγείρεσθε,
851 763 1076 833 ἄγωμεν
1131 764 1415 828 ἐντεῦθεν,
1476 783 1495 815 ι
1555 761 1951 832 παραινοῦντὸς

380 859 532 909 ἐστιν
571 856 680 909 ἀπὸ
710 855 818 907 τῶν
847 857 1052 924 γηΐνων
1101 856 1182 919 εἰς
1205 856 1276 907 τὰ
1319 855 1664 924 ὑπερκόσμια
1695 856 1952 924 μετάγειν

379 947 443 1000 τὸ
465 945 754 1016 φρόνημα.
779 943 988 996 Εῖσεισι
1022 943 1079 994 δὲ
1107 947 1162 995 ἐν
1189 943 1268 1012 τῷ
1295 945 1475 1014 κήπῳ,
1516 946 1677 996 κάκεῖ
1715 944 1954 1011 συλλαμ-

381 1038 624 1090 ὁὰνεται.
655 1035 716 1088 '0
732 1035 841 1105 γὰρ
870 1034 938 1088 τὰ
963 1035 1184 1089 ἐναντία
1199 1036 1287 1088 διὰ
1305 1035 1415 1088 τῶν
1437 1033 1696 1088 ἐναντίων
1725 1033 1952 1102 ίώμενος

380 1125 614 1198 (ἐπειδὴ
645 1128 710 1180 ἐκ
741 1125 838 1179 τοῦ
870 1127 970 1197 τῆς
999 1125 1163 1196 Ὲδέμ
1190 1127 1368 1195 κήπου
1392 1127 1482 1179 διὰ
1511 1124 1796 1197 παρακοῆς
1830 1124 1956 1176 ἐλα-

378 1219 531 1270 6ενὸ
580 1217 828 1282 διάϐολος
886 1217 978 1269 τὸν
1007 1217 1356 1288 ἄνθρωπον),
1408 1217 1720 1280 ἀκολούθως
1768 1219 1832 1270 ἐκ
1859 1217 1952 1270 τοῦ

378 1309 563 1380 κήπου
589 1309 781 1362 ἐαυτὸν
795 1310 908 1371 τοῖς
934 1313 1221 1377 φονευταῖς
1246 1309 1632 1379 παραδίδωσιν,
1664 1311 1956 1379 ἐπανάγων

377 1402 481 1471 τὴν
503 1403 666 1472 φύσιν
703 1402 782 1466 είς
807 1402 896 1456 τὸν
924 1403 1098 1474 κῆπον
1125 1402 1247 1457 ὅθεν
1290 1403 1672 1458 ἐκπέπτωκεν.

459 1687 478 1719 ι
505 1668 566 1721 '0
597 1669 655 1722 δέ
682 1669 1010 1740 παραδιδοὺς
1042 1669 1224 1736 αὐτὸν,
1259 1669 1460 1725 ἔδωκεν
1495 1671 1679 1735 αὐτοῖς
1725 1675 1952 1743 σημεῖον

2052 487 2319 552 Quoniam
2353 485 2532 538 adhuc
2562 482 2864 552 imperfecti
2893 484 3046 545 estis,
3085 482 3316 536 necdum
3368 481 3629 535 certantis

2055 595 2180 632 num
2233 588 2534 633 vestrorum
2585 586 2794 645 tempus
2842 577 3077 640 advenit,
3112 575 3435 643 requiescite
3485 574 3629 643 quod

2054 680 2300 739 superest
2348 668 2640 739 temporis;
2693 678 2882 733 postea
2931 682 3057 721 vero
3097 668 3421 723 certabitis:
3459 685 3478 717 ι
3519 669 3630 733 Ap-

2057 760 2440 827 propinquavit
2500 759 2656 821 hora,
2713 777 2731 808 ι
2787 767 2842 810 et.
2889 757 3227 825 proditionis,
3279 767 3334 811 et
3394 759 3628 811 maxime

2055 853 2249 905 divinae
2268 850 2692 918 dispensationis
2730 851 2920 904 horam
2950 849 3098 903 dici'.
3130 849 3239 904 Illis
3268 863 3395 903 vero
3425 850 3625 913 verbis,

2061 961 2079 993 ‹
2113 941 2352 1010 Surgite,
2385 958 2575 996 eamus
2620 943 2766 1004 hinc,
2794 961 2811 994 ι
2847 957 2940 995 eos
2967 941 3258 995 admonere
3297 942 3528 1005 videtur,
3573 952 3630 994 ut

2056 1056 2082 1088 a
2119 1037 2349 1092 terrenis
2369 1037 2434 1088 ad
2460 1036 2706 1090 coélestia
2728 1045 2960 1090 mentem
2988 1050 3052 1087 ac
3076 1034 3325 1103 spiritum
3347 1042 3622 1088 revocent.

2056 1128 2358 1198 Ingreditur
2379 1141 2504 1180 vero
2534 1128 2587 1179 in
2615 1127 2858 1190 hortum,
2884 1125 3067 1180 etillie
3094 1123 3307 1192 capitur
3332 1140 3348 1176 ε
3380 1139 3501 1176 nam
3530 1128 3620 1190 qui

2055 1219 2328 1274 Contraria
2362 1217 2648 1272 contrariis
2680 1228 2929 1270 curatum
2985 1225 3208 1270 venerat
3253 1215 3530 1285 (quoniam
3558 1216 3626 1268 ab

2057 1312 2213 1366 horto
2241 1309 2407 1366 Edem
2439 1325 2535 1380 per
2582 1309 3006 1364 inobedientiam
3053 1307 3300 1362 diabolus
3331 1308 3634 1372 diripuerat

2059 1398 2356 1467 hominem)
2395 1409 2764 1469 congruenter
2825 1399 2877 1452 in
2916 1397 3075 1451 borto
3129 1399 3368 1466 seipsum
3406 1395 3631 1472 interfe-

2057 1494 2302 1548 ctoribus
2325 1493 2510 1559 tradit;
2537 1501 2699 1560 atque
2716 1492 2790 1547 ita
2815 1491 2882 1545 ad
2902 1491 3139 1558 hortum,
3165 1490 3308 1543 unde
3333 1489 3628 1551 deciderat,

2057 1594 2305 1641 naturain
2335 1585 2566 1639 reducit.

2133 1697 2152 1729 ι
2189 1676 2290 1743 Qui
2348 1688 2530 1731 autem
2589 1676 2808 1731 tradidit
2859 1690 3005 1739 eum,
3065 1674 3212 1728 dedit
3260 1659 3364 1728 illis
3417 1673 3631 1743 signum

374 1759 554 1828 λέγων
573 1777 587 1790 ⁸
618 1762 716 1813 Ὃν
740 1761 804 1814 ἂν
825 1762 1058 1830 φιλήσω,
1081 1764 1240 1824 αὑτός
1263 1764 1413 1827 ἐστι,
1429 1767 1738 1834 κρατήσατε
1766 1765 1950 1830 αὑτὸν,

2059 1773 2292 1828 dicens:
2342 1772 2733 1840 Quemcunque
2784 1768 3064 1824 osculatus
3121 1768 3293 1833 fuero,
3351 1767 3466 1836 ipse
3521 1777 3629 1830 est,

375 1853 478 1905 καὶ
505 1853 742 1920 ἀγάγετε
792 1854 1070 1922 ἀσφαλῶς.
1116 1873 1135 1904 ι
1192 1855 1256 1906 Τί
1283 1855 1532 1925 emam
1560 1856 1640 1927 τῷ
1687 1857 1860 1930 Ἰούδᾳ
1891 1860 1953 1911 τὸ

373 1943 475 1996 τοῦ
513 1945 818 2014 φιλήματος
847 1944 1162 2016 absonam;
1209 1948 1429 2018 Ἐπειδὴ
1463 1948 1724 2013 πολλάκις
1764 1949 1954 2019 βουλό-

374 2052 538 2105 μενοι
597 2037 905 2101 συλλαϐεῖν,
947 2039 1048 2090 οὐκ
1078 2039 1445 2110 ἠδυνήθησαν,
1492 2040 1654 2094 οὔπω
1703 2043 1798 2095 τοῦ
1829 2043 1954 2096 καθ-

374 2127 611 2193 ήκοντος
639 2127 928 2190 ἐνστάντος
964 2129 1182 2199 καιροῦ,
1216 2129 1331 2181 ἀλλ’
1376 2129 1640 2201 ἐξήρχετο
1666 2132 1754 2185 διὰ
1786 2135 1952 2202 μέσον

375 2219 574 2272 αὐτῶν
604 2236 617 2250 ο
655 2219 744 2274 ἵνα
779 2221 852 2292 μὴ
910 2222 1072 2274 πάλιν
1125 2222 1307 2294 συμόῇ
1364 2223 1425 2276 τὸ
1455 2222 1608 2286 αὐτὸ,
1663 2223 1848 2295 τίθησι
1893 2226 1955 2279 τὸ

372 2311 601 2382 φίλημα
659 2311 970 2382 γνώρισμα.
1022 2313 1254 2386 Θαρῤὠν
1296 2310 1389 2369 οὗν
1417 2315 1446 2366 6
1516 2315 1720 2382 Ἰούδας
1761 2321 1828 2388 τῇ
1861 2317 1954 2371 τοῦ

373 2403 717 2456 Διδασκᾶλον
776 2404 1068 2474 πραότητι,
1115 2422 1134 2454 ι
1164 2405 1488 2476 Προσελθὼν
1522 2407 1804 2476 κατεφίλει
1863 2409 1956 2461 αὐ-

373 2494 496 2559 τὸν,
536 2511 555 2544 ι
617 2493 794 2546 καίτοι
849 2493 1006 2546 τοῦτο
1044 2494 1206 2563 μόνον
1267 2495 1500 2565 ἠδύνατο
1553 2497 1654 2566 τὴν
1709 2498 1956 2569 σκληρὰν

374 2585 552 2639 αὑτοῦ
617 2586 1002 2656 καταμαλάξαι
1033 2587 1232 2657 ψυχὴν,
1266 2587 1348 2640 ὅτι
1386 2591 1478 2641 καὶ
1509 2590 1568 2641 ἐν
1597 2589 1736 2659 αὐτῇ
1762 2593 1828 2659 τῇ
1860 2589 1956 2659 τῆς

373 2677 677 2748 προδοσίας
741 2676 883 2748 ὥρᾳ,
937 2678 1036 2730 οὐκ
1093 2676 1354 2731 ἀπώσατο
1404 2677 1494 2732 τὸν
1549 2678 1824 2750 βδελυρὶν,
1861 2681 1956 2732 καὶ

373 2770 653 2841 προδιτην
701 2770 728 2822 ὃ
784 2769 988 2840 Κύριος
1009 2786 1023 2800 ο
1058 2770 1172 2823 ἀλλ’
1205 2769 1380 2834 οὕτως
1417 2768 1484 2843 ἦν
1507 2774 1533 2824 6
1559 2772 1793 2833 δείλαιος
1826 2773 1980 2825 αδυ-”

377 2862 659 2930 σώπῃτος,
693 2862 787 2914 καὶ
819 2863 1045 2932 ἠλίθιος,
1075 2863 1151 2926 ὼς
1179 2864 1433 2933 οὐδαμῶς
1462 2865 1556 2917 τοῦ
1585 2865 1957 2936 συμφέροντος

374 2954 834 3008 ἐπαισθάυεσθαω
866 2954 1083 3024 Ἥρέμα
1111 2955 1242 3024 γοῦν
1265 2955 1362 3026 τὴν
1393 2957 1790 3026 ἐνδομυχοῦσαν
1808 2956 1957 3026 αὐτῷ

377 3049 588 3103 κακίαν
619 3047 830 3115 ἐλέγχει
879 3049 907 3099 6
954 3047 1188 3118 Κύριοςο
1234 3067 1251 3098 ι
1300 3049 1537 3120 Ἑταῖρε,
1588 3052 1773 3119 φησιν,
1801 3050 1884 3118 ἐφ’
1912 3043 1956 3118 ᾧ

380 3139 592 3208 «ipsi;
635 3157 653 3188 ι
684 3137 780 3200 Τίς
803 3137 981 3208 χρεία,
1017 3141 1172 3206 φησὶ,
1205 3139 1299 3191 τοῦ
1339 3141 1436 3210 τῆς
1468 3140 1650 3208 φιλίας
1683 3157 1958 3211 σχηματιι

378 3231 549 3302 σμοῦ,
589 3234 681 3284 καὶ
709 3232 804 3284 τοῦ
838 3232 1187 3299 πλάσματο;;
1219 3235 1304 3302 ἐφ’
1324 3226 1368 3301 ᾧ
1402 3219 1687 3304 πράγματι
1718 3237 1958 3307 παρεγέ-

377 3341 499 3388 νου,
535 3321 696 3375 τοῦτο
730 3327 823 3375 καὶ
860 3322 1091 3392 πλήρου.
1133 3324 1209 3376 Οὐ
1244 3327 1352 3394 γὰρ
1382 3320 1545 3395 ἦλθες
1589 3326 1676 3379 ἵνα
1703 3327 1958 3398 φιλήσῃς,

377 3417 499 3471 ἀλλ’
539 3418 624 3468 ἵνα
677 3413 968 3486 προδόσῃς.
1016 3415 1316 3483 ’ἰλιγγίασα
1367 3417 1571 3486 μεταξὺ
1598 3416 1774 3485 λέγων
1802 3418 1961 3470 ἐνθυ-

383 3509 588 3579 μηθεὶς
629 3508 724 3560 τοῦ
757 3507 1020 3576 προδότου
1041 3507 1102 3558 τὸ
1135 3507 1416 3576 τόλμημα,
1455 3509 1631 3568 ποίοις
1660 3508 1961 3578 ὀφθαλμοῖς

377 3605 406 3655 ὁ
441 3601 645 3672 μιαρὸς
669 3601 805 3669 πρὸς
825 3601 916 3652 τὸν
947 3600 1269 3654 διδάσκαλον
1298 3599 1576 3668 ἐνητένιξε
1596 3614 1611 3630 ⁸
1641 3599 1820 3663 Ποίοις
1847 3601 1961 3670 χεί-

378 3679 502 3746 λεσι
537 3691 822 3762 κατεφίλει
870 3691 1103 3754 ἀναιδῶς
1136 3689 1633 3758 ἐναγκαλιζόμενος
1657 3691 1747 3742 τὸν
1785 3690 1960 3754 οὕτως

376 3784 630 3854 ἐπιεικῆ,
657 3785 750 3837 καὶ
781 3785 976 3855 πρᾶον,
996 3783 1335 3853 καὶῆμερον.
1360 3781 1520 3835 Οὕτω
1540 3783 1742 3846 παντὸς
1768 3782 1959 3852 θηρίου

377 3880 578 3945 γέγονε
611 3876 1013 3946 χαλεπώτερος.
1059 3875 1196 3929 Ἀλλ’
1221 3877 1249 3927 ὀ
1286 3877 1384 3945 μὲν
1429 3874 1802 3945 μακροθύμως
1830 3877 1959 3927 ἐαυ-

378 3969 477 4021 τὸν
515 3968 687 4020 ἐδίδου
730 3969 842 4027 τοῖς
901 3964 1244 4020 συλλαϐοῦσι.
1297 3967 1504 4033 Πέτρου
1535 3966 1594 4018 δὲ
1642 3967 1670 4018 6
1701 3964 1871 4035 θυμὸς
1893 3968 1960 4035 τῇ

378 4061 479 4113 τοῦ
506 4061 676 4130 νόμου
731 4058 904 4130 ἀκόνῃ
939 4059 1168 4126 ἐθήγετο
1200 4057 1519 4121 κελεύοντος
1556 4056 1646 4127 βίᾳ
1698 4057 1798 4129 τὴν
1838 4056 1959 4127 βίαν

380 4153 639 4218 ἐξωθεῖν,
669 4152 764 4204 καὶ
802 4153 929 4214 τοὺς
954 4151 1211 4211 ἐπιόντας
1241 4149 1578 4220 ἀμύνασθαι.
1612 4146 1739 4220 Εἶχε
1768 4149 1824 4201 δέ
1858 4149 1962 4218 μά-

379 4262 586 4316 χαιραν
609 4245 697 4296 διὰ
724 4243 819 4297 τοῦ
863 4241 1097 4296 τυπικοῦ
1129 4241 1305 4311 ἀμνοῦ
1359 4242 1458 4310 τὴν
1504 4241 1826 4305 κατάθυσιν,
1860 4241 1961 4294 οὐκ

379 4337 549 4390 ἄλλον
569 4320 629 4388 δέ
658 4343 782 4387 τινα
807 4333 970 4406 ήθελε
996 4332 1457 4403 διαχειρίσασθαι,
1481 4332 1618 4385 ἀλλὰ
1650 4331 1742 4384 τὸν
1775 4331 1960 4384 δοῦλον

376 4428 481 4481 τοῦ
501 4427 804 4498 ἀρχιερέως
825 4425 918 4479 τοῦ
945 4423 1324 4495 συρῤάψαντος
1348 4424 1407 4476 τὸ
1433 4424 1785 4494 σκαιὼρημα.
1805 4423 1962 4475 Ἐπεὶ

375 4519 477 4573 οὖν
509 4518 765 4587 ἐκκὸψων
798 4518 895 4588 τήν
945 4517 1232 4587 φάρυγγα,
1283 4515 1381 4586 τὴν
1411 4515 1688 4586 μάχαιραν
1723 4517 1964 4570 ἐπεσπάο

381 4630 545 4675 σατο,
573 4612 668 4664 τοῦ
691 4611 878 4664 δούλου
914 4609 970 4662 δὲ
994 4609 1093 4680 τὴν
1138 4610 1382 4678 κεφαλὴν
1424 4610 1870 4673 ὑπεκκλίναντος,
1903 4607 1964 4660 τὸ

373 4703 474 4767 οὖς
534 4704 634 4774 τὴν
688 4704 863 4772 τομὴν
901 4700 1241 4755 ἐνδικώτατα
1287 4701 1538 4770 δέχεταιο
1598 4697 1740 4771 ἦσαν
1774 4702 1882 4771 γὰρ
1911 4703 1961 4754 ai

391 4797 646 4848 Ἰουδαῖοι
666 4795 723 4849 ἐν
748 4796 867 4858 ταῖς
885 4794 980 4847 τοῦ
999 4791 1240 4864 Χριστοῦ
1271 4793 1644 4857 διδασκαλίαις
1667 4795 1766 4856 τὰς
1793 4795 1963 4856 ἀκοὰς

374 4889 730 4947 ὲπιῆύοντες.
792 4884 900 4937 Καί
958 4901 1050 4954 μοι
1109 4884 1259 4936 δοκεῖ
1309 4883 1467 4936 τοῦτο
1514 4885 1840 4954 ἐννοήσαντα
1869 4885 1961 4936 τὸν

379 4980 564 5048 μέγαν
592 4980 1000 5030 Κωνσταντῖνον
1023 4977 1222 5047 μακρῷ
1245 4975 1419 5046 χρόνῳ
1446 4974 1673 5047 ὕστερον
1705 4977 1958 5041 ἐπιτάξαι

2063 1874 2241 1917 tenete
2278 1873 2424 1924 eum,
2455 1872 2510 1916 et
2543 1863 2726 1916 ducite
2751 1868 2928 1914 caute.
2965 1875 2984 1910 ι
3014 1856 3156 1923 Quid
3183 1858 3286 1912 sibi
3323 1857 3434 1909 vult
3463 1854 3632 1910 Iudas

2061 1974 2182 2011 cum
2212 1957 2313 2012 hnc
2335 1955 2510 2011 osculi
2530 1955 2727 2025 signa?
2756 1954 3019 2020 Quoniam
3050 1966 3424 2020 saepenumero
3446 1951 3630 2006 conati

2062 2063 2183 2102 eum
2235 2047 2722 2117 camprebendere,
2776 2045 3000 2098 minime
3067 2053 3381 2112 potuerant;
3436 2041 3635 2112 Quippe

2059 2154 2180 2194 cum
2217 2139 2578 2207 praestitutum
2610 2147 2821 2207 tempus
2866 2136 3105 2190 nondum
3135 2139 3406 2198 instaret,
3442 2136 3535 2189 sed
3565 2143 3630 2188 es

2063 2231 2257 2287 mediis
2300 2231 2407 2286 illis
2456 2237 2706 2285 evaserat
2727 2243 2756 2283 .:
2783 2242 2853 2282 ne
2907 2239 3098 2281 rursus
3148 2225 3289 2280 idem
3339 2225 3629 2286 accideret,

2067 2321 2315 2377 osculum
2345 2321 2584 2374 condicit
2615 2319 2896 2373 indicium.
2919 2319 3172 2373 Conﬁsus
3200 2318 3365 2387 igitur
3390 2303 3631 2386 ﬂagistt‘i

2064 2413 2479 2470 mansuetudine
2528 2410 2728 2475 Judas,
2791 2429 2812 2463 ι
2876 2411 3142 2466 accedens
3211 2406 3494 2464 osculatus
3548 2414 3634 2461 est

2061 2521 2206 2570 eum,
2235 2525 2255 2558 ι
2272 2506 2422 2574 atqui
2447 2504 2528 2557 vel
2547 2507 2648 2558 hoc
2665 2504 2840 2558 solum
2859 2507 3052 2556 durum
3075 2502 3192 2569 ejtts
3213 2498 3452 2554 anitttbtn
3472 2498 3630 2568 192

2061 2597 2305 2652 emollire
2357 2596 2638 2667 potuisset,
2691 2595 2836 2664 quod
2893 2593 2947 2648 in
3001 2593 3092 2646 illo
3135 2594 3250 2662 ipso
3303 2591 3628 2661 proditionis

2063 2687 2294 2741 articulo
2325 2686 2700 2742 detestabilem
2725 2685 3057 2755 proditorem
3091 2700 3118 2736 a
3147 2699 3206 2738 se
3230 2683 3490 2736 Dominus
3523 2695 3630 2735 non

2063 2781 2314 2842 removit,
2350 2781 2442 2834 sed
2479 2790 2587 2832 tam
2637 2779 2917 2834 obstinato
2965 2792 3028 2831 ac
3061 2776 3276 2844 stupido
3303 2784 3421 2829 erat
3448 2774 3633 2827 animo

2063 2871 2246 2926 infelix
2279 2873 2388 2938 ille,
2411 2869 2624 2940 utquod
2649 2879 2791 2926 esset
2815 2869 2955 2924 factu
2981 2869 3334 2935 conveniens,
3360 2883 3467 2922 non
3499 2881 3629 2921 sen-

2065 2965 2210 3020 tiret.
2246 2963 2353 3018 Sed
2411 2964 2554 3018 enim
2609 2964 2868 3016 Dominus
2919 2961 3176 3016 latentem
3221 2960 3274 3013 in
3326 2960 3636 3014 recessibus

2019 3100 2026 3127 -.
2067 3059 2303 3127 pectoris
2335 3058 2595 3112 malitiam
2632 3057 2838 3112 sensim
2875 3056 3056 3127 arguit
3090 3071 3106 3108 :
3139 3075 3156 3106 ι
3190 3055 3406 3120 Amice,
3435 3053 3631 3122 inquit,

2062 3151 2127 3204 ad
2161 3151 2289 3220 quid
2321 3151 2563 3205 venisti?
2597 3169 2616 3202 ι
2649 3149 2789 3216 Quid
2813 3164 2948 3218 opus
2981 3156 3085 3212 est,
3111 3147 3210 3208 ait.
3243 3147 3346 3202 hac
3370 3147 3552 3216 specie
3578 3157 3634 3200 et

2061 3241 2412 3298 simulatione
2441 3242 2695 3296 amicitia:
2715 3239 2824 3296 ?.ad
2849 3240 2992 3310 quod
3022 3239 3218 3294 venisti
3235 3254 3394 3308 apns,
3423 3239 3474 3292 id
3506 3253 3632 3306 per-
3667 3304 3673 3310 .

2063 3334 2163 3388 iice
2197 3352 2210 3388 :
2244 3349 2352 3388 non
2377 3333 2520 3387 enim
2565 3331 2866 3396 osculandi,
2899 3331 2992 3384 sed
3025 3329 3284 3399 prodendi
3331 3329 3434 3384 mei
3459 3342 3624 3382 causa

2066 3426 2287 3482 venisti.
2326 3423 2589 3494 Obstupui
2625 3426 2766 3477 inter
2797 3423 3083 3478 dicendum
3124 3421 3473 3476 considerans
3505 3435 3630 3486 pro-

2061 3517 2254 3572 ditoris
2288 3517 2568 3571 audaciam
2608 3534 2620 3570 :
2660 3515 2856 3584 quibus
2885 3515 3060 3570 oculis
3085 3515 3352 3570 scelestus
3392 3513 3480 3566 ille
3510 3527 3626 3564 ma-

2061 3610 2289 3682 gistrum
2373 3608 2727 3663 intuebatur?
2789 3608 2983 3676 quibus
3065 3605 3220 3660 labiis
3281 3603 3634 3658 osculabatur

2066 3713 2172 3756 tam
2231 3701 2600 3770 imprudenter
2657 3701 2938 3770 amplexus
2999 3707 3109 3752 tant
3161 3699 3487 3759 modestum,
3521 3707 3628 3748 tam

2064 3805 2453 3858 mansuetum,
2512 3804 2620 3846 tam
2695 3791 2907 3847 facilem
2969 3789 3252 3844 moribus?
3315 3789 3386 3840 ita
3441 3789 3630 3853 quavis
3709 3823 3713 3826 ~

2064 3886 2181 3939 fera
2240 3885 2517 3940 eﬂ'eratior
2573 3884 2765 3938 evasit.
2839 3882 2943 3936 Sed
3012 3881 3101 3934 ille
3161 3879 3378 3948 quidem
3438 3894 3630 3945 magna

2063 3991 2183 4030 cum
2263 3976 2443 4028 animo
2512 3989 2576 4028 ac
2651 3987 2911 4042 generoso
2989 3971 3224 4040 seipsum
3309 3968 3630 4022 satellitibus

2065 4067 2246 4121 tradit.
2276 4067 2344 4118 At
2388 4066 2523 4118 iram
2575 4063 2720 4118 Petri
2766 4077 2860 4115 cos
2906 4061 3038 4131 legis
3081 4061 3318 4122 exacuit,
3362 4073 3482 4128 qua:
3523 4059 3627 4109 \‘im

2062 4158 2114 4211 vi
2150 4157 2408 4224 repellere
2449 4156 2624 4224 jubet,
2659 4164 2713 4209 et
2766 4153 3080 4208 invadentes
3113 4166 3142 4205 α
3187 4165 3246 4206 se
3288 4150 3627 4219 propulsare.

2065 4247 2308 4302 Habebat
2332 4262 2495 4315 porro
2542 4241 2814 4315 gladium:
2855 4259 2920 4298 eo
2956 4243 3098 4312 quod
3145 4257 3342 4311 agnum
3393 4242 3628 4310 typicum

2066 4340 2368 4394 immolaret
2402 4357 2416 4392 :
2449 4354 2549 4392 nec
2574 4338 2736 4390 alium
2768 4346 3052 4408 percutere
3077 4335 3265 4398 voluit,
3297 4349 3459 4403 quam
3487 4331 3631 4386 Pon-

1993 4427 2230 4518 Dtilicis
2277 4428 2413 4494 ejus,
2469 4426 2559 4495 qui
2619 4425 3179 4486 dolnmconsuerat,
3240 4437 3478 4478 servum.
3535 4418 3632 4476 Ubi

2068 4521 2235 4591 igitur
2265 4534 2388 4574 eum
2418 4517 2760 4588 jugulaturus
2788 4516 3018 4582 arripuit
3060 4514 3319 4583 gladium,
3349 4529 3414 4568 ac
3444 4528 3634 4568 servus

2068 4614 2431 4670 declinatione
2455 4611 2646 4679 capitis
2675 4612 2839 4665 ictum
2867 4609 3072 4677 eﬂugit,
3109 4609 3259 4660 auris
3286 4609 3428 4661 hunc
3451 4606 3635 4672 [ustis-

2065 4707 2201 4760 sime
2225 4705 2461 4770 excepit.
2498 4701 2726 4772 Semper
2755 4701 2900 4756 enim
2929 4697 3103 4753 Judaei
3137 4697 3341 4751 Christi
3365 4697 3630 4749 sermoni-

2067 4801 2166 4854 bus
2197 4813 2358 4854 aures
2407 4799 2816 4856 obstruxerant.
2845 4797 2923 4850 Ac
2969 4793 3100 4847 mihi
3149 4792 3366 4859 quidem
3420 4791 3633 4844 videtur

2070 4891 2170 4943 hoc
2205 4889 2378 4956 ipsum
2414 4887 2724 4956 significare
2748 4884 3004 4945 voluisse,
3042 4882 3202 4948 longo
3231 4889 3352 4949 post
3391 4889 3631 4947 tetttpOre

2069 4997 2296 5052 magnus
2340 4979 2726 5036 Constantinus
2754 4975 2891 5046 (26),
2918 4989 3041 5030 cum
3070 4988 3230 5028 aures
3260 4971 3460 5027 Judmis
3490 4983 3628 5028 tem-

1618 5117 1934 5177 Ἐτεληοὶεεὶ
1969 5120 2172 5180 Scorsi
2212 5129 2400 5180 nota).

460 5222 570 5290 (illi)
618 5219 840 5290 Magnus
898 5217 1297 5273 Constantinus.
1357 5218 1578 5272 Factum
1625 5221 1724 5272 hoc
1753 5237 1780 5272 a
1813 5220 1956 5274 Cun-

372 5289 619 5345 Stztiinnn
641 5289 828 5357 Magno
855 5301 1039 5342 narrat
1059 5290 1318 5358 Baronius
1345 5305 1486 5341 anno
1507 5291 1622 5356 ejus
1647 5291 1854 5358 imperii
1884 5308 1910 5344 ι
1939 5308 1956 5343 :

377 5361 560 5427 Usque
613 5363 743 5411 adeo
790 5364 948 5424 enim,
1007 5361 1203 5423 inquit,
1273 5357 1952 5414 Christianorumsumma

372 5431 609 5499 [elicilas
655 5429 864 5499 pertulit
899 5433 1102 5481 animos
1157 5428 1489 5493 Judworum,
1522 5443 1573 5482 ut
1617 5430 1825 5498 indigne
1878 5431 1953 5493 fe-

374 5497 556 5552 rentes
605 5516 658 5552 σε
707 5497 1009 5555 Christiano
1061 5499 1283 5567 principi
1329 5515 1437 5551 esse
1489 5497 1764 5566 subjectos,
1817 5503 1951 5552 sedi-

374 5573 578 5622 tionem
638 5571 969 5622 coucitarint.
994 5573 1272 5632 Qtton'todn
1315 5577 1490 5622 autem
1515 5572 1562 5619 in
1593 5585 1683 5622 eos
1711 5570 1952 5621 animad-

377 5642 608 5693 terterit
687 5638 1097 5700 Constantinus,
1153 5647 1370 5692 enarrat
1428 5649 1646 5691 sanctus
1717 5636 1950 5690 Joannes

373 5708 664 5764 Ehrxsosl.
749 5711 831 5763 his
881 5710 1112 5763 verbis:
1167 5707 1272 5762 Sub
1344 5707 1687 5761 Committin
1771 5711 1948 5762 eodem

421 5713 664 5776 hrysosl.

749 5711 831 5763 his
881 5710 1112 5763 verbis:
1167 5707 1272 5762 Sub
1344 5707 1687 5761 Committin
1771 5711 1948 5762 eodem

2066 5222 2295 5288 aggressi
2315 5233 2436 5276 sunt
2463 5223 2734 5284 rebellare,
2756 5219 3001 5274 adversus
3018 5215 3307 5288 Romanum
3340 5210 3628 5288 Imperium

2065 5285 2265 5344 sti—licet
2295 5307 2312 5343 :
2343 5303 2395 5343 at
2431 5292 2517 5344 ille
2572 5290 2858 5359 amputatis
2909 5285 3426 5359 eorumhaurirulis,
3459 5291 3507 5334 et
3544 5296 3629 5359 re;

2062 5361 2296 5412 bellionis
2360 5361 2505 5429 signa
2552 5356 2797 5428 impresso
2831 5358 3033 5429 corpori
3076 5357 3310 5429 illorum,
3345 5369 3434 5429 per
3453 5356 3627 5429 omnia

2061 5431 2172 5480 tum
2218 5421 2634 5498 circum'ferebat'
2672 5431 2811 5492 illos,
2860 5421 2952 5480 ceu
3002 5425 3219 5496 fugitiva
3252 5423 3538 5498 ιζιρηείμίαν
3579 5421 3630 5498 (ί

2061 5499 2357 5552 υειὺενοηεε
2395 5495 2696 5563 corporibus
2746 5499 3027 5557 mutilatis,
3066 5495 3209 5549 ietc.
3273 5495 3422 5547 Hane
3482 5496 3630 5545 auris

2062 5570 2448 5621 mutilationem
2485 5573 2548 5620 ad
2606 5571 2860 5624 moralem
2910 5565 3244 5622 inﬁdelitatis
3277 5578 3492 5620 sensum
3525 5573 3632 5630 put;

2059 5640 2186 5691 clire
2238 5638 2507 5692 transtulit
2547 5639 2632 5693 hic
2659 5639 2876 5695 Noster.
