4018 6206
361 293 466 362 559

1565 284 2064 349 THEOPHANIS
2099 283 2445 346 CERAMEI

3525 277 3642 345 560

355 409 509 480 plum
534 406 821 462 restituere
851 400 1158 457 Volentibus
1195 398 1463 468 amputari
1491 395 1677 464 iussit.
1715 394 1938 448 Fortas-

2054 393 2111 445 ιὰ
2143 394 2254 446 τῶν
2284 393 2557 447 Ἰουδαίων
2581 385 2698 444 ὧτα
2741 391 3101 460 κατατεμεῖν,
3137 388 3516 462 βουληθέντων
3541 390 3641 443 τὸν

357 505 440 559 sis
469 504 631 558 etiam
655 499 796 571 quod
826 497 1040 553 aPetro
1059 493 1286 564 pra‘cisa
1314 492 1481 548 fuerit
1507 489 1745 545 auricula
1766 488 1938 551 servi,

360 595 579 663 signum
611 590 732 653 fuit,
763 588 881 657 ejus
911 589 1055 658 quod
1082 584 1388 656 posteriore
1417 593 1661 651 tempore
1690 579 1939 650 discipuli

361 685 608 744 effecturi
633 691 809 738 erant.
839 679 1102 734 Futurum
1133 678 1334 748 quippe
1365 683 1505 739 erat,
1532 685 1590 728 ut
1619 673 1943 728 informatos

358 780 502 842 illos,
529 786 582 832 et
603 773 883 844 corporeis
914 771 1080 826 rebus
1113 768 1442 823 iuhmreutes
1474 765 1669 819 littera:
1720 761 1942 817 intelle-

359 880 501 932 ctus,
537 867 630 936 qui
685 864 799 936 jam
853 861 1165 917 Judaorum
1199 864 1713 929 pratoccupaverant
1761 867 1940 918 aures,

360 957 430 1011 ah
471 957 538 1011 iis
561 955 743 1025 gladio
771 951 1001 1022 spiritus
1031 960 1371 1005 resecarent.

429 1049 584 1104 Tune
620 1049 697 1101 ait
724 1047 799 1101 illi
823 1044 982 1100 Jesus
1031 1061 1046 1098 :
1078 1063 1096 1096 ι
1127 1043 1398 1100 Converte
1429 1041 1667 1111 gladium
1703 1052 1853 1120 tuum
1887 1041 1938 1093 in

370 1142 552 1198 locum
587 1155 747 1194 suum
779 1154 793 1190 :
835 1151 1025 1193 omnes
1049 1136 1194 1190 enim
1218 1135 1309 1204 qui
1342 1135 1576 1202 gladium
1609 1134 1940 1201 acceperint,

358 1234 544 1307 gladio
578 1233 856 1304 peribunt.
886 1250 903 1280 ι
939 1226 1314 1299 Reprehendit
1374 1225 1637 1280 Dominus
1696 1225 1941 1292 Petrum,

362 1328 508 1398 quod
542 1325 934 1394 praeceptiones
971 1320 1174 1391 legales
1199 1321 1365 1373 etiam
1424 1328 1535 1372 tum
1589 1326 1894 1373 sectaretur
1924 1335 1937 1371 :

359 1418 507 1490 quod
529 1419 574 1473 si
608 1417 742 1487 legis
773 1413 1058 1480 beneficio,
1098 1412 1294 1479 inquit,
1329 1411 1396 1466 ad
1431 1425 1518 1465 me
1545 1410 1941 1466 defendendum

365 1515 559 1579 uteris,
597 1512 887 1568 considera
916 1512 1079 1563 etiam
1119 1509 1292 1578 legem
1322 1508 1645 1577 praecipere,
1677 1512 1735 1558 ut
1764 1503 1943 1575 gladio

362 1616 608 1676 pereant,
635 1605 726 1674 qui
775 1602 1090 1672 acceperint
1123 1600 1384 1669 gladium.
1418 1597 1499 1652 An
1545 1599 1797 1652 humanae
1825 1595 1942 1665 epis

364 1697 627 1768 indigeo?
656 1712 723 1750 an
777 1712 864 1750 me
894 1710 1002 1748 non
1036 1707 1263 1763 possum
1317 1691 1602 1746 accersitis
1636 1689 1939 1759 legionibus

361 1790 678 1860 angelorum
743 1787 809 1841 ab
859 1785 1302 1841 adversariorum
1359 1784 1560 1851 impetu
1614 1779 1940 1836 defensare?

363 1882 460 1936 sed
515 1880 929 1950 Scripturarum
984 1875 1207 1930 oracula
1259 1882 1480 1944 oportet
1532 1870 1768 1940 impleri.
1799 1869 1944 1934 Quo-

364 1977 508 2028 niam
539 1971 698 2043 193
723 1972 867 2026 enim
909 1971 1187 2023 decretum
1229 1976 1370 2031 erat,
1405 1977 1464 2019 ut
1491 1963 1748 2020 Christus
1793 1973 1946 2032 pate-

364 2077 544 2131 retur,
592 2075 648 2120 et
680 2065 782 2117 hoc
825 2070 945 2115 erat
979 2074 1204 2130 prorsus
1242 2057 1604 2122 immutabile,
1645 2057 1766 2110 ideo
1823 2069 1947 2124 pro-

365 2164 546 2232 pheta:
576 2159 692 2212 inec
726 2155 906 2210 omnia
962 2152 1416 2221 praeuuntiaruut.
1459 2148 1622 2214 Quod
1666 2147 1810 2201 enim
1843 2161 1949 2203 nec

367 2253 532 2308 ludas
567 2250 856 2317 agniturus
887 2245 1080 2300 fuisset
1118 2243 1429 2306 Dominum,
1462 2242 1563 2296 nisi
1595 2241 1710 2310 ipse
1741 2242 1945 2294 voluis-

369 2355 474 2406 set,
503 2340 742 2397 ostendit
793 2338 1050 2399 Joannes,
1083 2351 1208 2391 cum
1259 2336 1338 2390 ait
1393 2336 1759 2404 interrogatos
1790 2347 1888 2387 eos
1916 2346 1946 2386 a

376 2433 606 2486 Domino
652 2430 864 2484 fuisse:
913 2443 933 2477 ι
975 2425 1146 2491 Quem
1176 2422 1455 2493 quaeritis?
1490 2422 1562 2476 illi
1613 2437 1742 2477 vero
1796 2422 1948 2476 dixe~

371 2533 538 2579 runt:
575 2521 758 2577 desum
788 2516 1129 2573 Nazarenum
1172 2517 1251 2582 ⁶⁸;
1287 2535 1306 2568 ι
1346 2528 1445 2570 nee
1475 2523 1725 2584 poterant
1748 2514 1797 2568 ei
1831 2528 1946 2568 ma-

371 2631 472 2672 nus
504 2614 728 2680 inferre,
761 2626 858 2667 nec
875 2623 1192 2680 agnoscere,
1219 2609 1392 2662 donec
1423 2608 1541 2676 ipse
1571 2607 1945 2677 permisisset.

372 2708 529 2776 Quod
567 2707 642 2760 uti
671 2705 1072 2759 demonstraret
1095 2699 1380 2762 Dominus,
1404 2697 1542 2752 dixit
1571 2697 1676 2753 illis
1710 2715 1724 2752 :
1759 2717 1776 2750 ι
1805 2696 1950 2752 Tan-

371 2817 534 2873 quam
574 2802 640 2854 ad
671 2803 938 2855 latronem
973 2794 1166 2850 existis
1196 2809 1320 2848 cum
1376 2793 1593 2863 gladiis,
1627 2801 1682 2846 et
1713 2792 1950 2848 fustibus

371 2891 828 2964 comprehendere
855 2905 962 2944 me.
998 2907 1017 2939 ι
1054 2887 1194 2954 Quid
1221 2901 1380 2957 opus,
1405 2886 1599 2956 inquit,
1633 2894 1754 2940 erat
1800 2885 1952 2940 belli-

374 2989 457 3044 cis
483 2984 690 3040 armis?
719 2999 844 3038 num
875 2995 976 3051 ego
1009 2989 1295 3050 tyrannus,
1316 2986 1410 3033 aut
1442 2977 1624 3032 latro?
1665 2977 1792 3048 quid
1821 2993 1951 3034 vero

377 3187 463 3226 me
510 3164 898 3240 comprehendi
940 3163 1280 3220 voluissem?
1319 3163 1462 3233 quod
1505 3177 1570 3217 ex
1619 3177 1684 3218 co
1735 3164 1948 3234 perspi-

374 3276 535 3315 cuum
562 3269 669 3325 est,
694 3257 838 3326 quod
869 3271 992 3311 cum
1028 3256 1136 3311 mei
1167 3254 1415 3310 docentis
1449 3255 1695 3324 quotidie
1727 3256 1781 3309 in
1809 3265 1949 3310 tem-

373 3351 463 3419 plo
509 3350 669 3420 potiri
731 3348 1092 3414 conaremini,
1159 3362 1263 3402 non
1299 3346 1570 3403 valuistis.
1629 3347 1687 3402 lu
1739 3356 1949 3418 tempus

373 3444 518 3498 enim
558 3442 890 3498 conveniens
926 3442 977 3495 id
1003 3439 1359 3496 reservabam
1392 3456 1407 3493 :
1439 3440 1533 3494 sed
1559 3439 1674 3494 haec
1697 3451 1780 3495 est
1813 3437 1948 3494 hora

374 3545 580 3600 vestra,
609 3550 772 3605 quam
806 3547 978 3604 usque
1003 3533 1070 3588 ad
1101 3532 1584 3588 Resurrectionem
1645 3547 1820 3588 meam
1855 3547 1951 3587 ac-

376 3629 620 3698 cepistis.
673 3630 976 3695 Angnstum
1031 3625 1178 3680 enim
1244 3635 1458 3693 tempus
1519 3625 1833 3693 habebitis,
1895 3636 1950 3679 et

373 3719 591 3787 quidem
629 3732 656 3768 a
689 3714 956 3777 tenebris,
991 3716 1092 3767 hoc
1124 3721 1210 3766 est
1264 3727 1294 3766 a
1347 3712 1563 3766 diabolo
1587 3713 1796 3781 agitati.
1826 3713 1951 3766 Haec

375 3810 545 3875 dixit,
577 3818 631 3862 et
662 3807 920 3862 continuo
951 3803 1222 3858 vulnerati
1255 3803 1555 3858 auriculam
1599 3812 1780 3858 sanat.
1806 3802 1952 3870 Quo-

373 3903 516 3955 niam
552 3900 696 3954 enim
741 3897 983 3952 futurum
1023 3904 1167 3959 erat,
1193 3902 1252 3948 ut
1284 3895 1390 3964 ipsi
1428 3895 1571 3948 idem
1617 3903 1802 3964 postea
1853 3896 1953 3949 im-

375 3992 623 4061 pingeret
654 3989 892 4059 alapam,
949 4002 1016 4041 ue
1057 3986 1360 4042 ulciscendi
1401 3987 1590 4041 animo
1619 3985 1790 4041 videri
1827 4001 1953 4056 pos-

375 4094 457 4136 set
493 4083 544 4136 id
578 4081 780 4146 facere,
827 4080 1081 4134 restituta
1113 4079 1423 4134 valetudine
1460 4079 1610 4132 illum
1656 4080 1951 4134 inexcusa-

375 4175 534 4228 bilem
572 4174 825 4237 reddidit.
856 4170 974 4226 Non
1013 4174 1111 4226 abs
1143 4187 1202 4226 re
1225 4186 1356 4226 vero
1386 4185 1587 4226 nomen
1621 4173 1764 4226 servi
1785 4169 1952 4225 Joan-

376 4283 474 4323 nes
509 4267 782 4338 apposuit,
821 4267 966 4336 quod
998 4266 1241 4322 Malclius
1273 4266 1485 4322 scilicet
1509 4275 1816 4320 vocaretur.
1846 4261 1954 4319 Sed

377 4364 636 4430 quoniam
695 4376 916 4430 regnum
971 4359 1314 4429 significatur
1373 4359 1486 4428 (27)
1540 4359 1644 4413 hoc
1705 4358 1951 4422 nomine,

378 4453 617 4509 ostendit
666 4419 953 4521 poritifices
984 4419 1294 4504 Judaeorum
1329 4419 1553 4520 regnum
1585 4466 1740 4506 suum
1769 4450 1946 4505 deum.
1983 4419 2032 4480 θ

381 4555 529 4600 tasse
566 4543 618 4598 iu
648 4542 990 4604 servitutem,
1019 4554 1140 4594 cum
1173 4541 1390 4594 invidia:
1437 4551 1490 4596 et
1521 4542 1725 4596 amoris
1748 4542 1951 4611 proprii

378 4635 522 4691 ser-vi
581 4631 710 4687 facti
769 4639 976 4686 essent.
1029 4629 1290 4684 Dominus
1339 4631 1504 4700 igitur
1548 4632 1658 4698 jam
1705 4632 1953 4687 lictorum

376 4727 627 4781 manibus
658 4723 983 4791 tenebatur,
1028 4737 1091 4778 ac
1117 4704 1374 4792 discipuli
1395 4738 1586 4778 omnes
1618 4722 1957 4796 aufugerunt

379 4819 760 4890 promissionis
787 4817 944 4872 obliti
974 4836 989 4872 :
1023 4826 1078 4872 et
1135 4816 1523 4886 prophetarum
1553 4818 1775 4872 oracula
1838 4819 1955 4873 im-

377 4911 519 4978 pleta
553 4921 681 4966 sunt
709 4929 722 4965 :
759 4929 778 4962 ι
818 4909 1127 4965 Percutiam
1159 4908 1462 4975 Pastorem,
1489 4920 1539 4962 et
1573 4911 1955 4980 dispergentur

377 5017 507 5056 oves
525 5002 593 5068 ";
635 5021 653 5052 ι
691 5003 996 5073 ligaverunt
1049 5000 1261 5065 Iesum,
1297 5012 1353 5056 et
1387 5003 1488 5055 alia
1525 5005 1804 5072 prophetia
1841 5006 1956 5060 exi-

387 5107 503 5148 tum
551 5094 784 5149 habuit:
818 5112 837 5146 ι
873 5096 1131 5150 Dixerunt
1172 5095 1314 5149 intra
1366 5097 1688 5165 semetipsos
1743 5116 1756 5151 :
1801 5098 1959 5169 Lige-

378 5203 498 5243 mus
518 5187 747 5258 justum,
768 5189 1024 5257 quoniam
1054 5188 1257 5244 inutilis
1275 5189 1435 5244 nobis
1454 5200 1538 5245 est
1556 5189 1622 5256 '7;
1653 5209 1672 5242 ι
1699 5190 1955 5248 fortassis

378 5280 542 5336 etiam
571 5290 624 5335 et
657 5280 772 5350 ipse
817 5279 907 5333 illa
957 5279 1174 5334 Davidis
1205 5281 1368 5336 verba
1401 5271 1612 5350 placide
1641 5271 1952 5339 iuSusurra-

450 5439 676 5494 uHloan.
713 5453 867 5502 “tu,
900 5436 952 5492 5.
1030 5440 1086 5484 “.
1113 5439 1279 5493 Zacb.
1312 5456 1434 5507 xui,
1484 5442 1535 5494 7.

2043 485 2172 539 ναὸν
2200 486 2638 555 ἀναδείμασθαι·
2683 483 2824 554 τάχα
2847 483 2902 536 δὲ
2937 483 3032 536 καὶ
3061 484 3124 535 τὸ
3148 485 3254 535 ὑπὸ
3280 482 3374 535 τοῦ
3415 483 3637 553 Πέτρςυ

2044 580 2350 647 ἐκκοπῆναι
2373 578 2432 631 τδ
2453 575 2545 642 οὖς
2567 577 2662 630 τοῦ
2687 578 2900 631 οἰκέτου
2929 579 3162 646 σημεῖον
3183 572 3252 646 ἦν
3274 577 3374 644 τῆς
3402 576 3638 646 ὕστερον

2043 671 2332 739 ἐνεργείας
2366 669 2472 721 τῶν
2509 667 2794 740 μαθητῶν.
2829 667 3099 737 Ἐμελλον
3131 667 3242 737 γὰρ
3284 670 3349 737 τῇ
3384 667 3643 738 μαχαίρᾳ

2041 762 2137 816 τοῦ
2195 762 2508 831 πνεύματος
2566 761 2802 830 ἐκκόψαι
2859 761 2958 822 τὰς
2994 761 3549 830 προκαταὸληθείσας
3582 765 3642 811 ὲν

2041 856 2164 916 ταῖς
2208 854 2399 916 ἀκοαῖς
2453 852 2564 904 τῶν
2607 852 2879 906 Ἰουδαίων
2929 853 3251 924 σωματικὰς
3298 855 3511 915 ἐννοίας
3544 854 3641 905 τού

2043 946 2398 1018 γράμματος.

2121 1057 2139 1087 ι
2181 1039 2315 1090 Τότε
2349 1037 2499 1106 λέγει
2556 1035 2709 1107 αὐτῷ
2759 1039 2788 1090 δ
2825 1038 3076 1106 ’ῖησσῧς’
3125 1036 3508 1108 Ἀπόστρεψον
3539 1036 3643 1106 τὴν

2049 1132 2328 1200 μάχαιράν
2355 1147 2450 1183 σου
2485 1132 2568 1193 εἰς
2616 1131 2710 1183 τὸν
2752 1130 2919 1184 τόπον
2953 1131 3152 1200 αὐτῆς.
3197 1130 3411 1193 Πάντες
3442 1132 3555 1200 γὰρ
3590 1131 3643 1182 οῖ

2043 1225 2302 1286 λαϐόντες
2369 1224 2652 1293 μάχαιραν
2725 1225 2783 1276 ἐν
2840 1224 3091 1294 μαχαίρᾳ
3145 1223 3572 1277 ἀποθανοῦνται.
3615 1242 3638 1274 ι

2056 1319 2320 1388 Ἐπιτιμᾷ
2349 1318 2427 1384 τῷ
2462 1317 2654 1388 Πέτρῳ
2685 1318 2713 1369 δ
2741 1317 2969 1386 Κύριος,
3005 1317 3082 1380 ὼς
3115 1316 3196 1370 ἔτι
3227 1319 3481 1387 ἑπομένῳ
3515 1319 3642 1379 ταῖς

2043 1411 2298 1480 νομικαῖς
2321 1407 2623 1472 διατάξεσι.
2646 1409 2756 1462 Καὶ
2787 1410 2836 1460 εί
2859 1409 2937 1478 τῷ
2971 1410 3143 1478 νόμῳ,
3175 1409 3330 1477 φησὶ,
3363 1409 3643 1478 κέχρησαι

2044 1504 2123 1563 εἰς
2153 1503 2426 1574 βοήθειαν,
2464 1502 2659 1553 σκόπει
2686 1503 2766 1554 ὅτι
2794 1504 2819 1554 ό
2848 1502 3016 1571 νόμος
3056 1502 3184 1564 τοὺς
3224 1502 3491 1564 λαϐόντας
3523 1503 3639 1571 μά-

2044 1613 2244 1666 χαιραν
2272 1597 2331 1648 ἐν
2364 1593 2614 1665 μαχαίρᾳ
2650 1593 2862 1647 κελεύει
2887 1593 3206 1647 ἀποθανεῖν.
3265 1595 3359 1662 Μὴ
3388 1595 3498 1664 γὰρ
3535 1597 3639 1647 ἀνα

2045 1687 2327 1758 θρωπίνης
2351 1687 2468 1756 εἰμι
2498 1685 2750 1756 βοηθείας
2783 1687 3024 1756 ἐπιδεὴς.
3051 1687 3144 1757 Μὴ
3173 1687 3282 1756 γὰρ
3306 1687 3367 1738 ού
3395 1686 3646 1755 δύναμαι

2043 1782 2308 1850 λεγεῶσιν
2339 1781 2592 1850 ἀγγέλων
2613 1782 2738 1845 τοὺς
2784 1782 3044 1842 ἐπιόντας
3090 1779 3444 1852 ἁμύνασθαις
3498 1781 3644 1832 ἀλλὰ

2044 1875 2127 1929 δεῖ
2163 1874 2524 1946 πληρωθῆναι
2578 1872 2648 1926 τὰ
2700 1872 2810 1926 τῶν
2865 1873 2904 1924 Γ
2909 1871 3099 1942 ραφῶν
3153 1873 3644 1944 χρησμῳδὴματα.

2059 1966 2215 2019 Ἐπεὶ⁸
2245 1965 2354 2035 γὰρ
2387 1964 2726 2038 ,προώριστο
2775 1963 2970 2016 παθεῖν
3009 1963 3099 2017 τὸν
3149 1965 3409 2034 Χριστὸν,
3446 1967 3543 2016 καὶ
3574 1961 3645 2035 ἦν

2046 2060 2206 2114 τοῦτο
2237 2057 2586 2111 παντάπασιν
2608 2057 2971 2127 ἀμετάθετον,
3007 2057 3096 2110 διὰ
3123 2057 3281 2110 τοῦτο
3305 2059 3398 2111 καὶ
3424 2060 3474 2110 οἱ
3503 2077 3646 2128 προ-

2049 2153 2219 2222 φῆται
2250 2151 2470 2205 ἅπαντα
2506 2151 3018 2221 προκατήγγειλαν.
3053 2151 3182 2204 Ὀτι
3215 2151 3324 2221 γὰρ
3355 2151 3646 2204 056F103-

2048 2244 2145 2308 δας
2169 2243 2388 2311 ἐπέγνω
2408 2242 2596 2306 αὐτὸν,
2629 2243 2680 2294 εί
2715 2243 2788 2314 μὴ
2823 2243 3038 2314 ἢθελεν,
3087 2243 3361 2312 ἐδήλωσεν
3389 2245 3416 2294 ὁ
3451 2244 3648 2295 ‘lmiv-

2048 2354 2148 2408 νης
2178 2336 2346 2388 εἰπών
2371 2351 2384 2365 ο
2417 2354 2436 2387 ι
2475 2334 2567 2398 Ὠς
2592 2335 2883 2406 ἠρώτησεν
2923 2335 3124 2398 αὐτούς
3150 2351 3164 2367 ’
3205 2336 3341 2388 Τίνα
3373 2337 3598 2404 ζητεῖτε
3626 2353 3645 2400 ;

2049 2432 2114 2485 Oi
2134 2430 2191 2482 δὲ
2218 2425 2370 2482 εἷπον
2392 2444 2406 2459 °
2442 2427 2652 2498 Ἰησοῦν
2674 2427 2766 2480 τὸν
2797 2428 3149 2496 Ναζωραῖον,
3187 2447 3205 2480 ι
3239 2430 3333 2481 καὶ
3365 2430 3462 2482 ούκ
3485 2429 3644 2498 ίσχυ-

2054 2540 2154 2576 σαν
2184 2521 2466 2603 ἐπιβαλεῖν
2515 2520 2667 2589 αὐτῷ
2720 2519 2820 2582 τὰς
2847 2523 3064 2591 χεῖρας,
3105 2521 3137 2590 ἢ
3174 2521 3497 2588 ἐπιγνῶναι,
3534 2522 3649 2584 ἕως

2053 2619 2216 2684 αὐτὸς
2243 2618 2427 2680 αὐτοῖς
2465 2616 2624 2670 τοῦτο
2678 2616 3002 2686 ἐπέτρεψεν.
3037 2617 3103 2670 Ὀ
3134 2617 3199 2686 δὴ
3245 2617 3344 2670 καὶ
3394 2619 3646 2687 ἐλέγχων

2053 2707 2207 2766 εἶπεν
2239 2710 2460 2772 αὐτοῖς·
2497 2728 2516 2760 ι
2561 2708 2649 2770 Ὠς
2670 2708 2765 2761 ἐπὶ
2805 2707 3011 2780 λῃστὴν
3063 2705 3317 2780 ἐξήλθετε
3353 2709 3494 2778 μετὰ
3532 2727 3646 2776 μα-

2053 2803 2262 2876 χαιρῶν
2290 2803 2384 2856 καὶ
2413 2802 2589 2869 ξύλων
2639 2801 2928 2854 συλλαϐεῖν
2975 2817 3063 2870 με.
3105 2819 3124 2852 ι
3180 2802 3266 2863 Τί,
3301 2801 3490 2870 φησὶν,
3529 2803 3646 2854 ἔδει

2054 2897 2236 2951 ὃπλων
2264 2893 2578 2964 πολεμικῶν
2601 2911 2616 2959 ;
2643 2893 2718 2963 μὴ
2747 2892 2857 2962 γὰρ
2883 2891 3169 2960 τύραννος,
3199 2892 3232 2961 ἢ
3262 2892 3469 2963 λῃστής
3495 2893 3638 2963 είμι.

2057 2985 2185 3039 Τίδ⁹
2219 2984 2286 3039 ἂν
2335 2983 2554 3053 ὤνησαν
2586 2983 2733 3052 ὑμᾶς
2766 2983 2922 3049 ξύλα,
2967 2984 3062 3035 καὶ
3097 2983 3393 3054 μάχαιραι,
3431 2985 3479 3035 εί
3508 2983 3643 3036 συλ-

260 3130 274 3143 ,
372 3081 531 3136 vobis
583 3078 756 3133 fustes
803 3085 861 3130 et
897 3072 1062 3144 gladii
1114 3070 1384 3141 profuturi
1416 3072 1668 3136 fuissent,
1714 3070 1820 3126 nisi
1850 3085 1949 3140 ego

2054 3077 2329 3149 ληφθῆναι
2356 3076 2458 3129 ούκ
2481 3077 2676 3146 ἤθελον
2700 3094 2714 3142 ;
2748 3077 2841 3130 atati
2865 3074 3026 3146 δῆλον
3046 3076 3106 3140 ἐξ
3135 3069 3211 3129 ὧν
3246 3075 3371 3128 καθ’
3397 3077 3641 3146 ἑκάστην

2053 3173 2112 3225 ἐν
2143 3169 2220 3240 τῷ
2261 3168 2391 3240 ἱερῷ
2433 3186 2500 3239 με
2529 3167 2875 3232 διδάσκοντα,
2923 3169 3104 3222 καίτοι
3144 3171 3405 3233 πολλάκις
3439 3170 3643 3239 βουλη-

2055 3261 2241 3323 θέντες
2264 3253 2581 3330 κατασχεῖν,
2612 3261 2713 3312 ούκ
2746 3259 3030 3328 ἰσχύσατε.
3063 3260 3476 3332 Ἐταμιευόμην
3527 3264 3642 3332 γὰρ

2053 3351 2144 3405 τὸν
2167 3354 2365 3421 καιρὸν
2391 3351 2484 3403 τὸν
2510 3351 2886 3420 προσήκοντα,
2920 3350 3037 3403 ἀλλ’
3058 3350 3201 3422 αὕτη
3243 3354 3394 3406 ἐστὶν
3423 3355 3579 3422 ὑμῶν
3607 3358 3640 3424 ἡ

2057 3444 2202 3514 ὥρα,
2233 3443 2307 3514 ἢν
2344 3442 2602 3512 εἰλήφατε
2633 3441 2762 3512 ἄχρι
2795 3441 2894 3511 τῆς
2954 3443 3305 3506 ἀναστάσεως
3333 3462 3458 3514 μου,
3507 3447 3650 3499 Συν,

2054 3535 2385 3604 ισταλμένον
2441 3532 2551 3603 γὰρ
2581 3530 2734 3597 ἕξετε
2761 3533 2853 3586 τὸν
2877 3535 3072 3606 καιρὸν
3104 3535 3212 3589 ὑπὸ
3250 3537 3345 3589 τοῦ
3385 3539 3640 3602 σκότους,

2054 3629 2224 3697 ἤγουν
2250 3627 2343 3680 τοῦ
2367 3626 2619 3680 διαϐόλου
2641 3625 3124 3696 συνελαυνόμενοι.
3152 3627 3339 3682 Ταῦτα
3368 3625 3512 3691 εἷπε,
3543 3633 3645 3684 καὶ

2053 3719 2146 3772 τοῦ
2180 3720 2481 3788 πληγέντος
2514 3717 2678 3781 εὐθὺς
2714 3717 3014 3787 θεραπεύει
3047 3719 3109 3772 τὺ
3139 3716 3254 3783 οὖς.
3288 3721 3511 3790 Ἐπειδὴ
3532 3725 3646 3794 γὰρ

2055 3809 2217 3871 αὐτὸς
2278 3808 2504 3878 ἔμελλεν
2560 3807 2710 3877 αὐτῷ
2763 3808 2947 3862 δοῦναι
2987 3809 3243 3881 ῥάπισμα
3277 3811 3528 3883 ὕστερον,
3556 3815 3644 3867 ἵνα

2059 3903 2134 3973 μὴ
2157 3900 2285 3973 δόξῃ
2317 3901 2457 3953 κατὰ
2491 3899 2707 3970 ἄμυναν
2751 3901 2912 3954 τοῦτο
2949 3902 3205 3972 ποιῆσαι,
3259 3908 3405 3958 ποιεῖ
3451 3907 3645 3960 τοῦτον

2057 3994 2144 4046 διὰ
2173 3992 2275 4062 τῆς
2313 3991 2610 4062 θεραπείας
2645 3992 3083 4063 ἀναπολόγητον.
3125 3995 3240 4048 Οὐκ
3289 3995 3537 4068 ἀκαίρως
3587 4000 3644 4050 δὲ

2057 4083 2237 4138 καὶτὸ
2268 4083 2445 4152 ὄνομα
2487 4082 2582 4136 τοῦ
2611 4083 2803 4136 δούλου
2839 4087 2866 4136 ό
2930 4085 3189 4156 Ἰωάννης
3239 4087 3532 4156 ἐδήλωσεν,
3569 4089 3648 4152 ὡς

2056 4171 2282 4243 Μάλχος
2313 4173 2600 4243 ἐκέκλητο.
2653 4175 2798 4227 Ἀλλ’
2827 4175 3015 4246 ἐπειδὴ
3037 4175 3132 4229 τοῦ
3156 4177 3423 4244 ὀνόματος
3445 4179 3646 4234 τούτου

2055 4267 2118 4321 τὸ
2167 4267 2570 4336 σημαινόμενον
2621 4267 2916 4331 ,βασιλεία
2949 4269 3089 4332 ἐστὶ,
3141 4269 3446 4338 δείκνυται,
3481 4274 3561 4338 ὡς
3593 4276 3646 4326 οἱ

2057 4361 2165 4414 τῶν
2198 4360 2476 4414 Ἰουδαίων
2507 4359 2809 4430 ἀρχιερεῖς,
2869 4362 2971 4433 τὴν
3025 4363 3179 4433 σφῶν
3236 4363 3524 4434 βασιλείαν
3565 4370 3647 4430 είς

2059 4450 2304 4505 δουλείαν
2340 4451 2681 4520 κατήγαγον,
2737 4452 2957 4519 φθόνου,
2998 4457 3096 4507 καὶ
3129 4455 3416 4524 φιλαυτίας
3463 4459 3645 4514 δοῦλοι

2059 4543 2368 4614 γενόμενοι.
2411 4543 2470 4596 Ὀ
2500 4543 2600 4613 μὲν
2621 4541 2716 4596 οὖν
2739 4539 2808 4615 ἦν
2839 4544 2900 4597 ἐν
2925 4547 3046 4608 ταῖς
3065 4546 3174 4600 τῶν
3198 4547 3410 4617 δημίων
3430 4552 3643 4620 χερσὶν,

2061 4636 2113 4688 oi
2133 4636 2189 4688 δὲ
2219 4635 2466 4706 μαθηταὶ⁵
2489 4634 2728 4702 φυγάδες
2754 4635 3006 4703 ἐγένοντο
3033 4637 3135 4706 τῆς
3163 4639 3501 4707 ἐπαγγελίας
3526 4644 3648 4695 ἐπι·

2061 4726 2374 4796 λαθόμενοι,
2403 4726 2471 4778 τὰ
2497 4726 2554 4778 δέ
2587 4726 2700 4778 τῶν
2747 4727 3048 4798 προφητῶν
3076 4730 3433 4801 ἐπεραίνετο·
3480 4751 3499 4784 α
3532 4733 3648 4786 Πα-

2062 4820 2210 4885 τάξω
2231 4820 2322 4872 τὸν
2353 4819 2607 4888 ποιμένα,
2635 4819 2728 4872 καὶ
2758 4819 3359 4891 διασκορπισθήσονται
3402 4825 3472 4876 τὰ
3507 4826 3648 4893 πρό-

2060 4917 2219 4969 6ατα.
2265 4931 2283 4965 ι
2323 4911 2617 4984 Ἐὁὲσμουν
2642 4911 2734 4965 τὸν
2775 4911 3006 4981 Ἰησοῦν,
3041 4915 3138 4966 καὶ
3165 4914 3298 4984 ἄλλη
3327 4916 3646 4986 προφητεία

2064 5007 2239 5077 πέρας
2267 5005 2597 5075 ἐλάμϐανεν.
2634 4999 2801 5058 Εῐπον
2833 5005 2890 5057 ἐν
2915 5005 3130 5069 ἑαυτοῖς
3151 5021 3165 5036 ο
3197 5025 3216 5058 ι
3252 5007 3522 5076 Δήσωμεν
3553 5009 3647 5061 τὸν

2061 5097 2296 5160 δίκαιον,
2329 5098 2409 5147 ὅτι
2441 5095 2778 5164 δύσχρηστος
2817 5095 2950 5166 ἡμῖν
2980 5097 3096 5148 ἐστι
3117 5112 3130 5126 ·
3181 5114 3200 5148 ι
3238 5098 3382 5167 τάχα
3414 5115 3520 5150 που
3552 5101 3648 5152 καὶ

2061 5193 2225 5254 αὐτὸς
2272 5190 2456 5259 ἠρέμα
2486 5187 2623 5257 πρὸς
2676 5187 2770 5240 τὸν
2799 5187 3023 5259 Πατέρα
3062 5189 3426 5263 ὑπεψιθύριζε
3455 5191 3526 5244 τὰ
3551 5191 3646 5244 τοῦ

2064 5285 2262 5338 Δαϐίδο
2303 5301 2320 5333 ι
2359 5281 2756 5352 Διαρρὴξωμεν
2793 5282 2921 5347 τοὺς
2945 5282 3181 5354 δεσμοὺς
3208 5283 3419 5352 αὐτῶν,
3455 5303 3474 5336 ι
3510 5287 3640 5339 καῖ’

1615 5444 1655 5474 ⁵⁷
1678 5443 1806 5516 Sap.
1840 5462 1932 5512 t'u,
1971 5449 2057 5503 12.

1608 5593 1929 5657 Francisci
1971 5593 2184 5658 Scorsi
2222 5602 2409 5654 nota).

453 5733 569 5809 (27)
629 5731 860 5804 Regnum
893 5735 1248 5806 signiﬁcatur.
1286 5734 1480 5791 Malcbi
1527 5752 1722 5794 nomen
1749 5753 1779 5793 a
1810 5724 1936 5823 1‘79
1965 5743 2234 5813 regnavit.
2268 5739 2422 5796 Unde
2459 5725 2596 5802 ’σξη
2639 5756 2751 5800 rex.
