4018 6206
403 258 513 322 εδδ

1714 255 2051 322 HOMILIA
2091 260 2335 322 XXVII.

3544 260 3645 323 566

397 372 797 437 ἀποσταλέντες
821 366 971 428 οὗτοί
1010 393 1137 428 ποτε
1175 376 1330 445 παρὰ
1369 375 1478 429 τῶν
1511 375 1821 447 ἀρχιερέων
1849 375 1979 428 συλ-

2105 374 2467 433 ιοιιιίηοίιιιιςιι,
2532 380 2591 426 ut
2635 374 3167 443 comprehenderent
3207 387 3327 427 eum
3359 415 3372 437 ,
3423 382 3477 426 et
3531 375 3649 440 ejus

396 463 583 517 λαϐεῖν
618 464 804 526 αὐτὸν,
829 466 925 517 καὶ
959 465 1475 538 τεθαυμαστηκότες
1509 468 1601 520 ἐπὶ
1630 469 1696 537 τῇ
1726 465 1979 520 διδασκα-

395 553 489 623 λίᾳ
514 554 707 619 αὐτοῦ,
732 555 1002 619 ὐπενόστη
1013 574 1110 610 σαν
1145 558 1397 624 λέγοντες
1418 572 1433 588 ·
1468 577 1486 608 ι
1511 557 1780 610 Οὐδέποτε
1805 555 1978 618 οὕτως

398 646 666 717 ἐλάλησεν
713 648 1023 717 ἄνθρωπ’ς,
1071 649 1145 710 ὡς
1177 643 1333 711 οὗτος
1379 651 1407 701 6
1453 649 1761 718 ἄνθρωπος.
1802 666 1822 700 ι
1860 648 1979 700 Τῶν

399 737 525 789 τότε
559 733 653 790 οὖν
684 736 1049 806 λαληθέντων,
1084 739 1211 806 ἄγει
1270 738 1470 801 αὐτοὺς
1522 739 1602 799 είς
1650 736 1978 807 ἀνάμνησιν.

398 827 665 897 Φοδηθεὶς
689 821 783 880 οὖν
842 828 870 878 6
920 827 1026 879 τῶν
1053 827 1357 898 ἀρχιερέων
1400 826 1607 894 δοῦλος,
1640 827 1726 878 ἵνα
1756 827 1830 896 μὴ
1862 826 1982 878 ἀντὶ

400 919 497 973 τοῦ
533 922 984 988 καταμαρτυρεῖν
1008 922 1307 989 συνήγορος
1339 917 1594 988 νομισθῇ,
1618 917 1711 970 καὶ
1744 917 1819 980 ὡς
1848 917 1982 970 θαυ-

406 1011 591 1077 μάσας
625 1010 787 1062 αὐτὸν
814 1010 1080 1081 ὲγκληθῇ,
1111 1010 1308 1062 ἑαυτὸν
1345 1010 1442 1079 τῆς
1495 1009 1734 1076 ὑποψίας
1769 1009 1986 1060 ἐλευθεα

404 1098 541 1168 ρῶν,
596 1099 901 1169 προφθάνει
938 1104 1004 1171 τῇ
1042 1100 1287 1172 ἀναιδείᾳ
1342 1102 1434 1153 καὶ
1495 1101 1747 1171 ῥάπισμα
1781 1100 1981 1153 δίδωσι.

400 1191 495 1243 Διὸ
527 1191 622 1243 καὶ
671 1192 698 1244 ὁ
754 1190 958 1260 Κύριος
1011 1191 1087 1255 ὼς
1140 1191 1331 1262 πρώην
1377 1193 1756 1262 θαυμάσαντα,
1796 1192 1891 1245 νῦν
1931 1192 1986 1243 δὲ

403 1284 740 1350 ραπίσαντα,
771 1284 1112 1348 ἀνεξικάκως
1143 1286 1397 1355 ἐπερωτᾷ
1423 1302 1436 1314 ’
1484 1305 1501 1335 ι
1538 1286 1601 1337 Εἰ
1644 1285 1829 1347 κακῶς
1865 1286 1988 1337 ἐλα-

404 1376 546 1447 λησα
577 1378 738 1430 »τότε
765 1380 1055 1443 διδάσκων,
1095 1400 1113 1432 ι
1150 1380 1503 1451 μαρτύρησον
1530 1383 1754 1449 ἀρτίως.
1791 1382 1848 1433 Εἰ
1878 1382 1932 1433 δὲ
1965 1399 1982 1430 ι

405 1469 532 1520 τότε
570 1468 792 1523 ἁκούων
823 1469 1160 1538 ἐθαύμαζες,
1192 1490 1210 1523 ι
1247 1472 1364 1535 πῶς
1406 1472 1532 1541 ἄρτι
1562 1472 1775 1540 δέρειςς
1811 1489 1827 1521 ι
1871 1472 1987 1533 Πῶς

404 1559 465 1611 δὲ
495 1562 523 1612 6
556 1559 796 1613 κελεύων
826 1560 905 1630 τῷ
927 1562 1256 1631 τυπτηθὲντι
1284 1562 1381 1633 τὴν
1407 1563 1591 1627 δεξιὰν
1624 1563 1871 1630 σιαγόνα,
1896 1564 1989 1616 καὶ

407 1651 649 1717 θατέραν
679 1649 945 1719 παρέχειν
973 1651 1049 1721 τῷ
1081 1653 1319 1714 παίοντι,
1354 1654 1513 1715 αὐτὸς
1545 1653 1640 1721 τὴν
1674 1653 1892 1716 ἐντολὴν
1928 1652 1988 1704 οὐ

407 1743 737 1810 τετήρηκεν,
759 1741 876 1795 ἀλλ’
899 1745 1121 1808 ἐγκαλεῖ
1146 1745 1221 1812 τῷ
1251 1745 1581 1813 ραπίσαντις
1610 1746 1811 1812 Τριττὴ
1838 1746 1990 1808 λύεις
2024 1723 2065 1778 Β

408 1834 532 1887 ἐστὶ
569 1833 671 1885 τοῦ
699 1834 1039 1902 ζητήματος.
1072 1837 1379 1897 Δείκνυσιν,
1419 1837 1495 1899 ὠς
1545 1839 1647 1888 οὐκ
1675 1840 1759 1888 ἐπ’
1796 1838 1996 1908 ἐγκλή-

414 1942 547 1993 ματι
579 1927 937 1995 spagit-ctare,
973 1927 1091 1979 ἀλλ’
1121 1928 1264 1998 ὑπὲρ
1312 1928 1416 1995 τῆς
1450 1929 1671 1983 πάντων
1717 1929 1995 1999 σωτηρίας

408 2016 587 2071 ταῦτα
612 2017 842 2089 ἔπασχε,
868 2020 963 2072 καὶ
991 2020 1075 2073 ὅτι
1101 2021 1203 2074 οὐκ
1236 2020 1544 2090 ἀνάλγητος
1574 2019 1662 2092 ἦν,
1692 2023 1807 2076 ἀλλ’
1829 2023 1995 2094 ᾐσθάο

411 2123 537 2161 νετο
569 2108 678 2162 τῶν
719 2109 966 2179 πληγῶν,
1002 2109 1104 2164 κᾶν
1156 2106 1273 2182 εἶχε
1325 2113 1384 2165 τὸ
1437 2113 1675 2175 ἀπαθὲς,
1711 2113 1786 2177 ὠς
1839 2113 1993 2177 Θεός.

415 2201 563 2271 Πρὸς
597 2202 810 2267 τούτοις
869 2205 925 2257 δὲ
977 2206 1005 2257 6
1040 2205 1144 2276 μὲν
1173 2206 1273 2275 τῆς
1315 2207 1541 2276 ἐντολῆς
1586 2209 1792 2272 σκοπὸς
1844 2204 2000 2273 οὗτός

413 2294 590 2348 ἐστιν.
635 2295 856 2367 Ἐπειδὴ
887 2296 1038 2350 ἄκων
1081 2314 1167 2360 τις
1214 2298 1489 2369 ἐτυπτῆθη
1526 2298 1624 2369 τὴν
1659 2300 1913 2370 παρειὰν,
1937 2301 1996 2353 τὸ

412 2383 476 2435 δὲ
509 2385 786 2450 ἀκούσιον,
816 2387 1051 2457 ἄμισθον
1107 2390 1318 2441 κελεύει
1365 2392 1466 2460 τὴν
1513 2391 1680 2460 ἄλλην
1735 2393 1997 2454 ἑκουσίως

419 2477 706 2545 παρέχειν,
746 2478 830 2529 ἵνα
868 2478 945 2548 τῷ
976 2480 1212 2547 ἑκουσίῳ
1238 2482 1599 2551 συμμετρηθῇ
1629 2485 1688 2533 τὸ
1720 2481 1995 2535 ἀκούσιον.

433 2566 493 2619 Ὀ
525 2567 579 2619 δὲ
603 2568 793 2640 Σωτὴρ
816 2569 1082 2633 ἑκουσίως
1115 2572 1408 2642 ῥαπισθεὶς
1440 2572 1744 2641 ἀπροσδεὴς
1768 2568 1834 2642 ἦν
1871 2573 2004 2625 ταύ-

422 2673 525 2724 της
560 2658 657 2725 τῆς
687 2659 932 2729 ἐντολῆς.
958 2660 1130 2714 Πάλιν
1159 2658 1299 2714 οὖνὸ
1320 2664 1616 2731 ἀρχιερεὺς
1651 2660 1802 2714 εἶπεν
1826 2663 1998 2731 αὐτῷ·

2082 466 2335 520 admirati
2406 465 2710 518 doctrinam
2798 466 3002 519 reversi
3074 465 3285 517 fuerant
3350 466 3650 521 dicentes:

2087 575 2105 607 ι
2147 555 2434 625 Nunquam
2468 557 2550 610 sic
2591 557 2802 610 locutus
2835 565 2918 610 est
2942 558 3101 608 homo
3131 556 3198 609 ".
3236 575 3255 605 ι
3289 557 3485 610 Eorum
3549 559 3651 623 igi-

2087 657 2195 710 tur,
2239 662 2356 716 qua:
2382 658 2510 702 tunc
2553 648 2874 701 dicebantur
2917 648 3036 700 vult
3071 662 3164 702 ens
3222 649 3651 705 reminisci.b‘ed

2084 755 2217 794 vero
2273 751 2520 793 metuens
2568 739 2840 808 pontiﬁcis
2887 754 3099 802 servus,
3136 755 3204 793 ne
3252 756 3373 794 cum
3409 743 3654 795 testimn-

2085 833 2233 886 nium
2292 834 2556 887 adversus
2614 849 2735 887 eum
2801 832 2984 887 dicere
3054 833 3316 895 deberet,
3368 834 3655 889 defendere

2088 923 2266 993 pctius
2305 924 2610 985 videretur,
2660 933 2715 977 et
2764 926 2917 991 quasi
2972 924 3269 976 admirator
3326 924 3443 990 ejus
3502 928 3651 995 argui

2088 1025 2290 1084 posset.
2348 1025 2409 1069 ut
2447 1016 2684 1084 seipsum
2737 1031 2799 1070 ea
2860 1017 3174 1086 suspicione
3221 1017 3502 1079 liberaret,
3562 1034 3656 1085 per

2089 1120 2357 1161 summam
2401 1106 2791 1176 impudentiam
2827 1107 3037 1176 alapam
3073 1108 3204 1162 dare
3236 1110 3659 1176 praeoccupavit.

2090 1197 2245 1251 Unde
2273 1206 2328 1253 et
2364 1199 2623 1253 Dominus
2666 1198 2944 1252 hominem
2996 1199 3147 1252 illum
3191 1199 3343 1268 prius
3373 1199 3662 1255 admirato-

2101 1304 2214 1343 rem
2271 1288 2381 1355 sui,
2438 1303 2581 1342 nunc
2622 1303 3022 1357 percussorem.
3060 1304 3253 1357 magna
3312 1304 3434 1343 cum
3497 1290 3660 1342 animi

2092 1381 2351 1450 aequitate
2371 1396 2565 1435 rursus
2589 1381 2919 1450 interrogat:
2944 1398 2969 1432 σ-
2988 1380 3045 1435 Si
3076 1382 3216 1434 male
3239 1381 3453 1436 locutus
3481 1396 3657 1445 suum

2093 1484 2204 1526 tum
2259 1471 2475 1541 quando
2532 1472 2815 1535 docebam,
2847 1487 2879 1525 a
2907 1471 3278 1525 testimonium
3315 1472 3540 1537 perhihe
3602 1472 3667 1525 de

2093 1561 2277 1615 malo:
2310 1561 2353 1615 si
2386 1568 2591 1626 autem,
2637 1579 2656 1612 ι
2699 1569 2812 1614 tum
2858 1575 2982 1615 cum
3034 1561 3255 1614 auditor
3300 1560 3450 1614 fuisti
3490 1560 3667 1613 admi-

2093 1662 2244 1708 ratus
2260 1668 2342 1716 es,
2367 1670 2389 1704 ι
2416 1653 2510 1722 qui
2535 1667 2679 1708 nunc
2709 1652 2916 1708 cadis?
2938 1672 2956 1706 ι
2984 1654 3052 1706 At
3086 1652 3379 1722 quomodo,
3408 1653 3498 1720 qui
3529 1667 3670 1721 pra:—

2095 1754 2315 1816 ceperat
2372 1745 2696 1814 percutienti
2750 1747 3033 1801 dexteram
3084 1746 3400 1809 maxillam,
3435 1745 3667 1799 alteram

2055 1852 2066 1859 ·
2093 1852 2216 1894 esse
2247 1837 2659 1907 porrige’ndam,
2691 1847 3023 1907 praeceptum
3056 1839 3174 1908 ipse
3214 1838 3319 1892 non
3350 1846 3551 1901 servat,
3578 1839 3675 1891 sed

2095 1942 2219 1982 eum
2253 1928 2345 1998 qui
2391 1927 2549 1985 dedit,
2571 1927 2806 1997 alapam,
2836 1926 3222 1997 reprehendit?
3248 1924 3446 1980 Tribus
3499 1924 3672 1978 modis

2098 2021 2214 2075 haec
2241 2019 2466 2088 quzestio
2514 2018 2765 2073 solvitur.
2800 2017 3045 2072 Ostendit
3079 2034 3138 2072 se
3182 2033 3288 2070 non
3338 2021 3406 2070 ob
3458 2016 3662 2068 crimen

2097 2113 2317 2182 aliquod
2382 2110 2594 2179 alapam
2647 2113 2951 2178 accepisse,
2995 2112 3088 2165 sed
3142 2110 3449 2164 communis
3485 2108 3675 2162 salutis

2098 2218 2261 2258 causa
2294 2204 2345 2257 id
2377 2205 2485 2272 pati
2521 2222 2535 2256 :
2582 2212 2635 2257 et
2683 2204 2821 2270 quod
2876 2217 3068 2255 sensus
3112 2215 3307 2268 expers
3349 2216 3455 2253 non
3507 2209 3673 2261 esset,

2100 2296 2195 2351 sed
2230 2296 2417 2365 plagas
2441 2296 2689 2360 sentiret,
2726 2294 2979 2363 quamvis
3021 2303 3078 2346 ιιι
3106 2290 3246 2347 Deus
3275 2291 3381 2360 pati
3416 2306 3520 2344 non
3555 2305 3678 2359 pos-

2099 2399 2202 2445 set.
2233 2387 2314 2443 Ad
2346 2389 2481 2450 haec,
2514 2387 2762 2456 praecepti
2792 2385 2951 2457 196
2975 2399 3169 2453 sc0pus
3204 2383 3289 2436 hic
3312 2392 3390 2437 est
3422 2401 3435 2435 :
3464 2383 3680 2451 quando

2107 2481 2378 2549 quispiam
2416 2489 2617 2548 praeter
2646 2477 2983 2532 voluntatem
3031 2477 3244 2543 alapam
3288 2476 3505 2543 accipit,
3547 2490 3681 2542 nitn-

2108 2572 2249 2624 niam
2285 2568 2709 2622 involuntarium
2766 2568 3071 2620 mercedem
3106 2581 3211 2618 non
3252 2577 3510 2637 meretur,
3541 2580 3680 2631 pra:-

2050 2718 2053 2725 ,
2111 2661 2275 2731 cipit,
2324 2671 2382 2713 ut
2445 2658 2675 2712 alteram
2729 2657 3005 2711 maxillam
3073 2656 3329 2721 prudens,
3389 2653 3682 2719 volensque

433 2755 694 2819 praebeat.
756 2765 813 2809 ιιι
872 2757 944 2810 ita
997 2758 1421 2811 involuutarium
1480 2758 1786 2811 voluntario
1836 2766 2243 2827 eomprnsetur.
2304 2755 2563 2809 Dominus
2609 2769 2741 2808 vero
2806 2770 2925 2805 cum
2989 2752 3290 2805 voluntarie
3345 2766 3464 2804 sese
3515 2750 3685 2818 alapis

434 2847 749 2915 obiecisset,
781 2849 1009 2918 hujusce
1041 2853 1295 2921 praecepti
1328 2869 1433 2908 non
1471 2854 1764 2921 indigebat.
1792 2853 2050 2923 Princeps
2077 2867 2205 2921 ergo
2237 2850 2578 2906 sacerdotum
2616 2863 2803 2902 rursus
2835 2847 2980 2900 illum
3017 2846 3347 2915 interrogat:

506 2961 526 2991 ‹
580 2941 876 3011 Ἐξορκίζω
909 2960 968 2994 σε
1025 2946 1167 2997 κατὰ
1220 2944 1316 2998 τοῦ
1368 2944 1505 2998 Θεοῦ
1536 2945 1627 2997 τοῦ
1667 2945 1889 3009 ζῶντος,
1919 2946 2006 2999 ἵνα

430 3036 563 3104 ἡμῖν
592 3037 775 3107 εἴπῃς,
808 3038 856 3088 εξ
892 3037 955 3089 σὺ
990 3034 1039 3089 εἷ
1093 3040 1121 3091 6
1149 3040 1388 3108 Χριστὸς
1415 3041 1445 3092 6
1488 3040 1614 3103 Υἱὸς
1650 3041 1744 3094 τοῦ
1775 3041 1933 3094 Θειῦ.
1983 3061 2001 3092 ι

443 3128 664 3200 Ἐπειδὴ
690 3128 757 3188 ἃς
777 3131 1045 3201 πρότερον
1079 3131 1277 3203 ἔστησε
1313 3135 1496 3200 πάγας
1537 3135 1564 3186 6
1596 3134 1875 3203 κακοήθης
1907 3135 2006 3203 ἁρ-

429 3221 654 3290 χιερεὺς
702 3221 990 3292 ἁνίσχυροι
1045 3224 1450 3293 μεμενήκασιν,
1509 3225 1785 3296 ἐξορκίζει
1819 3225 2008 3279 λοιπὸν

432 3311 611 3364 αὐτὸν
637 3311 793 3375 εἰδὼς
841 3314 923 3366 ὅτι
978 3315 1041 3367 ού
1069 3313 1463 3384 ψεύσεταιιού
1500 3317 1575 3387 μὴ
1609 3316 1703 3370 τοῦ
1736 3317 1927 3387 μαθεῖν
1959 3319 2008 3371 εἰ

433 3401 597 3460 αὐτός
644 3403 792 3457 ἐστιν
836 3404 864 3453 6
897 3404 1157 3473 Χριστὸς,
1196 3405 1331 3459 ἀλλὰ
1367 3407 1614 3460 σπεύδων
1653 3407 2009 3462 ἐπιλαϐέσθαι

433 3493 622 3545 αὐτοῦ.
664 3494 731 3545 '0
749 3495 804 3548 δὲ
833 3495 1058 3565 Κύριος,
1095 3499 1182 3549 ἵνα
1211 3497 1286 3568 μὴ
1314 3496 1441 3569 δόξῃ
1470 3497 1560 3553 τὸν
1584 3498 1849 3567 όρκισμὸν
1868 3517 2011 3569 παρ-

434 3583 589 3652 ορᾷν,
620 3582 895 3651 ὁμολογεῖ,
928 3587 1018 3639 καί
1055 3602 1229 3657 φησι·
1275 3606 1295 3639 ι
1330 3587 1403 3639 Σὺ
1443 3582 1640 3650 εἷπας’
1681 3607 1700 3639 ι
1739 3589 2010 3655 τουτέστι,

435 3671 509 3723 Τὸ
547 3673 637 3723 σὺν
666 3672 984 3745 ὡμολόγησε
1017 3676 1214 3746 στόμα,
1272 3678 1357 3730 ὅτι
1387 3678 1499 3746 ἐγώ
1548 3680 1667 3748 εἰμι
1696 3681 1723 3731 ὁ
1751 3681 2007 3747 Χριστός.

435 3761 569 3820 Εἶτα
624 3768 718 3819 καὶ
772 3769 1112 3839 προφητείας
1168 3770 1369 3834 αὐτοὺς
1420 3772 1854 3841 ἀναμιμνήσκει,
1886 3772 1951 3842 ἢν
1986 3776 2013 3825 6

433 3859 634 3929 Δανιὴλ
668 3863 795 3930 περὶ
830 3862 930 3931 τῆς
965 3864 1228 3934 δευτέρας
1255 3865 1420 3917 αὐτοῦ
1478 3865 1787 3935 παρουσίας
1847 3883 2012 3935 προε-

434 3953 865 4023 κρησμῴδησεψ
909 3975 927 4007 ι
991 3956 1222 4028 Ἀπέιρτι
1254 3957 1455 4025 ὄψεσθε
1501 3957 1593 4009 τὸν
1637 3958 1764 4009 Υἰδν
1791 3955 1886 4009 τοῦ
1918 3958 2016 4007 ἀν-

436 4046 659 4117 Θρώπου
716 4048 1027 4118 καθήμενον
1077 4052 1141 4102 ἐκ
1172 4050 1365 4115 δεξιῶν
1414 4050 1515 4121 τῆς
1561 4051 1863 4121 δυνάμεως,
1923 4051 2017 4102 καὶ

435 4139 732 4209 ἐρχόμενον
785 4142 879 4193 ἐπὶ
926 4142 1036 4195 τῶν
1061 4143 1324 4212 νεφελῶν.
1368 4162 1386 4193 ι
1446 4144 1692 4205 Τουτονὶ,
1739 4142 1891 4211 φησι,
1925 4142 2015 4193 τὸν

438 4232 575 4285 mu
605 4231 700 4285 τοῦ
732 4232 1025 4304 ἀνθρώπου
1054 4235 1147 4287 τὸν
1176 4236 1266 4306 ὑφ’
1296 4235 1452 4305 ὑμῶν
1488 4235 1808 4306 κρινόμενον
1832 4232 1926 4285 νῦν
1959 4236 2017 4286 ὲν

439 4324 606 4395 πολλῇ
641 4308 1010 4397 ταπεινότητι,
1043 4327 1239 4395 ὄψεσθε
1284 4329 1381 4381 ἀπ’
1412 4327 1644 4397 οὐρανοῦ
1682 4325 1821 4395 μετᾶ
1856 4326 2019 4392 δόξης

438 4421 758 4489 ἐρχόμενον.
792 4422 898 4473 Καὶ
942 4421 1231 4489 κακοήθως
1259 4418 1355 4473 οὖν
1409 4423 1437 4474 6
1462 4420 1810 4487 ἀπόπληκτος
1837 4417 2015 4488 ἱερεὺς

2186 2962 2205 2995 ι
2244 2942 2451 3011 Adjuro
2485 2949 2537 2995 te
2570 2954 2667 3010 per
2702 2939 2870 2993 Deum
2918 2937 3126 2999 vivum,
3197 2946 3256 2988 ut
3293 2934 3444 2987 dicas
3500 2933 3680 2991 nobis.

2108 3038 2154 3092 si
2197 3045 2252 3091 tu
2281 3051 2341 3091 es
2391 3034 2641 3089 Christus
2674 3031 2842 3085 Filius
2876 3030 2991 3084 Dei.
3037 3047 3053 3080 ι
3095 3027 3362 3094 Quoniam
3399 3040 3535 3096 quos
3571 3024 3685 3092 pri-

2119 3145 2241 3186 mos
2274 3138 2530 3185 versutus
2590 3124 2836 3180 Pontifex
2888 3123 3191 3178 tetenderat
3255 3120 3496 3188 laqueos,
3552 3114 3685 3170 nihil

2112 3225 2433 3285 valuerant,
2466 3218 2613 3290 quod
2641 3218 2905 3287 reliquum
2932 3224 3074 3280 erat,
3099 3214 3274 3284 ipsum
3302 3212 3543 3282 adjurat,
3577 3224 3684 3264 non

2116 3316 2470 3371 mentiturum
2494 3310 2715 3366 sciens:
2751 3324 2847 3363 nec
2878 3321 3009 3361 sane
3036 3304 3275 3360 discendi
3306 3302 3484 3357 studio
3514 3302 3685 3355 inter-

2116 3416 2291 3476 rogat,
2328 3413 2508 3458 utrum
2561 3400 2675 3469 ipse
2708 3399 2964 3453 Christus
3013 3405 3182 3460 esset,
3218 3394 3313 3448 sed
3348 3393 3531 3462 potius
3569 3389 3688 3461 ejus

2118 3492 2571 3565 reprehendendi.
2597 3491 2701 3545 Sed
2735 3490 2993 3543 Dominus
3021 3503 3088 3542 ne
3124 3484 3526 3556 adjurationcm
3554 3498 3684 3553 par-

2120 3591 2168 3643 vi
2202 3588 2386 3643 facere
2424 3585 2720 3648 videretur,
2767 3581 2969 3635 fatetur
3000 3590 3055 3635 et
3089 3579 3165 3633 ait
3197 3595 3210 3631 :
3246 3596 3264 3629 ι
3302 3575 3383 3631 Tu
3418 3574 3624 3640 dixisti,
3664 3591 3684 3623 ι

2117 3684 2218 3736 huc
2242 3689 2347 3740 est,
2372 3677 2544 3730 Tuum
2579 3689 2640 3728 os
2669 3673 2977 3726 confessuu
3058 3680 3167 3734 est,
3231 3667 3370 3738 quod
3422 3679 3522 3735 ego
3571 3678 3687 3717 sum

2116 3773 2387 3829 Christus.
2421 3768 2616 3823 Postea
2647 3765 2927 3819 oraculum
2956 3762 3060 3815 illis
3102 3764 3151 3812 in
3185 3757 3497 3813 memoriam
3531 3770 3691 3810 reto-

2116 3873 2228 3927 cat,
2274 3863 2417 3931 quod
2454 3859 2641 3914 Daniel
2671 3858 2716 3890 ⁷⁸
2748 3858 2815 3908 de.
2857 3856 3097 3907 secundo
3132 3850 3250 3916 ejus
3290 3851 3522 3903 adventu
3558 3845 3694 3898 divi-

2119 3954 2262 4007 nitus
2302 3950 2571 4003 dederat:
2604 3966 2623 3997 ι
2667 3943 2875 3998 Atnndo
2912 3941 3163 3994 videbitis
3215 3937 3406 3995 Filium
3460 3935 3692 3988 hominis

2117 4045 2397 4100 sedentem
2447 4054 2476 4093 a
2520 4039 2743 4093 dextris.
2766 4034 2985 4087 virtutis
3039 4033 3153 4093 Dei,
3214 4039 3266 4082 et
3299 4028 3601 4081 venientem
3639 4026 3688 4076 in

2120 4134 2356 4190 nubibus
2384 4131 2531 4186 caali.
2562 4125 2785 4191 illunc,
2805 4121 3222 4191 inquit,Filium
3252 4119 3489 4175 hominis
3513 4125 3692 4171 vestro

2119 4242 2266 4282 nunc
2290 4224 2492 4295 judicio
2520 4237 2711 4291 magna
2756 4235 2878 4274 cum
2901 4216 3203 4272 humilitate
3229 4211 3529 4280 subjectum
3548 4210 3693 4262 vide-

2119 4321 2250 4376 bitis
2274 4333 2396 4373 cum
2424 4314 2596 4386 glor’a
2623 4315 2690 4367 de
2727 4312 2866 4367 cmlo
2893 4310 3218 4364 venientem.
3253 4304 3405 4361 Tunc
3427 4297 3695 4358 malitiose

2120 4410 2346 4468 stolidus
2374 4422 2617 4478 pontttex
2650 4404 2873 4476 perinde
2905 4416 2969 4456 ac
3002 4416 3194 4469 magna
3221 4398 3405 4452 audita
3445 4395 3693 4463 blasphe-

560 4485 772 4584 μεγάλῃ
802 4485 1126 4586 βλασφημία
1155 4514 1521 4585 διαρῤἡγνυσι
1544 4513 1604 4566 τὸ
1647 4485 1898 4580 ἱμάτιον,
1923 4510 2003 4563 xui

2124 4505 2250 4565 mia,
2302 4501 2685 4556 vestimentum
2743 4495 2970 4556 scindit,
3040 4507 3103 4546 ac
3161 4490 3374 4544 turbam
3414 4504 3476 4541 ea
3512 4485 3694 4555 Specie

442 4605 752 4673 φενακίζων
774 4607 897 4667 τοὺς
919 4606 1111 4676 ὄχλους
1148 4606 1223 4676 τῷ
1266 4606 1531 4675 σχήματι.
1583 4599 1716 4663 Εἶτα
1759 4603 1851 4654 καὶ
1883 4602 2020 4653 ὑπο-

446 4698 771 4769 πο·.ούμενος
803 4701 895 4751 τὸν
920 4699 1071 4765 λαὸν,
1105 4700 1290 4762 αὐτοῖς
1320 4696 1647 4766 κατατίθησι
1675 4694 1775 4766 τὴν
1809 4694 2024 4761 ἀπόφα-

448 4810 555 4846 σ.ν.
598 4810 617 4844 ι
664 4792 1093 4862 Ἐϐλασφήμησε
1117 4807 1131 4821 ⁸
1162 4791 1218 4844 τί
1259 4790 1390 4859 ὑμῖν
1415 4790 1614 4856 δοκεῖς)
1648 4787 1712 4840 Ol
1733 4785 1789 4840 δὲ
1813 4803 2016 4854 συναρ-

447 4885 750 4948 πασθέντες
779 4885 858 4955 τῷ
894 4885 1121 4954 ῥήματι,
1164 4884 1258 4936 καὶ
1291 4882 1366 4951 τῷ
1397 4880 1546 4949 σφῶν
1576 4881 1823 4950 ἀρχιερεί
1862 4894 2019 4951 χαρι-

450 4981 696 5046 ζόμενοιο
729 4996 748 5029 ι
789 4977 1035 5045 Ἔνοχος,
1059 4972 1232 5038 εἷπον,
1261 4973 1491 5025 θανάτου
1523 4971 1659 5025 ἐστί.
1692 4989 1711 5022 ι
1746 4969 1879 5022 Τότε
1901 4966 2015 5032 οὖν,

447 5072 522 5134 ὡς
546 5072 648 5141 ἤδη
676 5068 1077 5138 κατακριθέντα
1112 5065 1381 5128 παντοίως
1407 5062 1723 5134 ἐχλεύαζον,
1749 5062 2021 5131 ἐμπτύον-

450 5180 562 5227 τες,
601 5161 944 5233 ῥαπίζοντεςο,
1004 5157 1388 5226 κολαφίζοντες
1418 5194 1435 5219 ,
1470 5155 1545 5217 ὡς
1592 5153 2018 5225 ψευδοπροφήτῃ

454 5255 812 5325 ὲπιγελῶντες
834 5270 849 5286 ο
886 5272 906 5305 ι
943 5252 1329 5323 Προφήτευσον
1371 5250 1522 5320 ἡμῖν,
1554 5248 1640 5311 τίς
1661 5247 1811 5299 ἐστιν
1834 5249 1862 5299 6
1894 5249 2019 5300 παί-

455 5368 552 5412 σας
596 5365 679 5404 σε.
704 5367 724 5400 ι
761 5347 823 5402 Οἱ
851 5346 1109 5415 κεραυνοὶ
1138 5343 1194 5396 δὲ
1237 5342 1442 5396 ἄνωθεν
1468 5339 1767 5404 ὡπλίζοντο
1795 5340 1875 5400 εἰς
1907 5339 2019 5407 ἄμυ

452 5441 684 5506 ναν,ύπ’
704 5436 870 5492 αὑτοῦ
901 5436 958 5490 δὲ
986 5434 1081 5489 τοῦ
1111 5433 1472 5505 ὑϐριζομένου
1507 5430 1808 5501 ἐπείχοντο.
1844 5428 2021 5496 Ἑὼρα

451 5534 508 5588 δὲ
530 5534 652 5587 τότε
680 5532 709 5583 6
731 5529 883 5601 ἥλιος
908 5528 967 5580 τὸ
990 5528 1208 5579 πάντων
1234 5523 1531 5594 θαυμάτων
1564 5520 1901 5591 καινότερον.

522 5731 568 5761 ⁷⁵
593 5728 747 5784 Juan.
777 5745 874 5793 vlt,
913 5728 1001 5784 ιϐ.
1076 5725 1121 5757 ⁷⁵
1150 5723 1282 5777 Dan.
1320 5720 1524 5783 vtt,15.

2123 4595 2325 4664 decipit
2369 4610 2383 4646 :
2431 4592 2627 4646 deinde
2661 4601 2718 4643 ut
2771 4604 2888 4640 eam
2923 4586 3024 4640 sibi
3083 4584 3356 4646 conciliet,
3410 4580 3691 4635 sententiae

2120 4687 2359 4742 ferendae
2391 4692 2716 4753 potestatem
2748 4680 2822 4734 illi
2848 4679 3146 4747 permittit:
3193 4695 3209 4724 ι
3245 4673 3640 4741 Blasphemnvit
3675 4686 3689 4722 :

2121 4778 2249 4848 quid
2285 4775 2436 4832 vobis
2465 4773 2721 4829 videtur?
2758 4790 2776 4822 ι
2809 4770 2886 4824 Illi
2932 4783 3058 4822 vero
3101 4768 3302 4820 dictum
3346 4763 3688 4831 arripientes,

2121 4881 2176 4926 et
2204 4885 2303 4925 suo
2328 4868 2569 4938 pontiﬁci
2600 4862 2899 4935 gratilieari
2930 4861 3169 4913 volentes
3197 4876 3209 4911 :
3238 4855 3395 4919 Reus,
3417 4855 3689 4924 inquiunt,

2128 4963 2321 5018 mortis
2349 4970 2452 5015 est.
2488 4978 2507 5011 ι
2538 4960 2693 5011 Tunc
2739 4956 2903 5024 igitur
2957 4951 3117 5021 quasi
3171 4949 3486 5002 damnatum
3544 4948 3689 5001 illum

2128 5050 2383 5107 omnibus
2427 5048 2602 5103 modis
2654 5045 2808 5096 ludos
2837 5042 3068 5100 faciunt,
3104 5040 3406 5107 insputant,
3434 5035 3692 5103 colaphos

2128 5143 2450 5212 impingunt,
2488 5138 2657 5206 alapis
2689 5134 3008 5197 οιιξιιιιιιικιιι
3036 5132 3223 5186 falsum
3255 5130 3566 5198 prophetam
3604 5127 3680 5178 ir—

2126 5238 2304 5292 rident
2336 5254 2349 5290 :
2388 5253 2409 5286 ι
2451 5231 2774 5299 Pruphetiza
2804 5229 2981 5291 nobis,
3018 5230 3141 5297 quis
3176 5238 3297 5289 est,
3328 5225 3417 5293 qui
3454 5236 3506 5276 te
3569 5237 3721 5289 per»

2118 5329 2326 5385 cussit?
2361 5347 2379 5379 ι
2420 5327 2489 5381 Et
2523 5340 2665 5378 sane
2686 5322 2910 5376 fulmina
2944 5321 3008 5375 ad
3056 5318 3423 5373 ulrisceudum
3458 5318 3693 5382 desuper

2121 5423 2478 5489 parabantur;
2518 5417 2613 5470 sed
2652 5416 2720 5469 ab
2751 5429 2816 5469 eo
2844 5416 2981 5484 ipso,
3014 5412 3105 5482 qui
3148 5410 3451 5481 patiebatur
3496 5414 3690 5459 cuntu-

2122 5512 2332 5573 melias,
2396 5508 2837 5562 continebantur.
2898 5504 3177 5574 Spectavit
3237 5515 3375 5554 vero.
3420 5512 3553 5553 tunc
3612 5497 3699 5555 sol

2113 5617 2336 5668 novum,
2366 5615 2467 5657 nec
2494 5616 2732 5675 unquam
2759 5602 2934 5655 visum
2964 5607 3091 5653 ante
3122 5593 3512 5667 spectaculum.

2789 5842 2854 5854 -.ς-
