4018 6206
380 264 481 329 56⁸1

447 384 714 453 Quoniam
750 384 977 440 dilectus
1000 384 1092 439 ille
1117 381 1353 442 Joannes
1386 399 1511 440 eum
1547 393 1764 440 secutus
1808 399 1942 452 pon-
1970 385 2015 442 Δ

376 474 509 531 tiﬂci
554 485 714 529 notus
750 486 907 539 erat,
958 475 1011 529 in
1071 474 1271 529 atrium
1323 490 1427 529 una
1481 472 1749 531 introivit.
1786 472 1942 529 Unde

373 581 505 621 vero
533 574 690 619 notus
744 564 907 620 l‘uerit
938 566 1116 620 dicam
1147 566 1319 633 brevi,
1355 567 1635 623 historiam
1666 582 1732 622 ex
1767 562 1941 637 majo-

374 674 493 710 rum
528 654 816 710 traditione
848 658 1165 712 subtexens.
1208 659 1451 714 Celebris
1479 659 1565 713 illa
1596 659 1709 726 (54)
1745 658 1941 713 domus

375 746 575 799 montis
624 746 756 798 Sion
806 748 1080 814 possessio
1122 746 1363 801 Zebedani
1403 748 1501 801 fuit
1545 748 1934 816 magnitudine,

376 852 440 892 ac
474 837 877 905 pulchritudine
914 838 1233 906 conspicua;
1287 839 1343 893 in
1395 839 1542 893 edito
1588 838 1700 909 (55)
1743 822 1940 909 quippe

374 929 760 999 Hierosolyma:
806 930 924 984 loco
966 931 1071 985 sita
1132 939 1271 995 erat,
1337 938 1641 999 temperato
1703 932 1940 1000 undique

374 1036 499 1075 aere
525 1019 884 1082 circumfusa,
915 1021 1074 1074 sicuti
1104 1021 1277 1075 oculis
1304 1024 1504 1076 nostris
1538 1021 1935 1091 perspeximus.

374 1113 523 1166 ﬂante
545 1113 705 1182 197
725 1114 939 1166 domum
962 1114 1015 1167 in
1034 1115 1165 1167 duas
1194 1110 1485 1170 Zebedzeus
1508 1115 1777 1179 dividens,
1804 1115 1938 1171 alte-

375 1218 492 1259 ram
514 1198 708 1257 :rdium
741 1213 946 1271 partem
980 1205 1221 1273 poutiiici
1252 1206 1543 1267 concessit,
1578 1209 1806 1261 alteram
1836 1207 1937 1263 sibi

369 1296 604 1362 sumpsit
634 1295 701 1348 ad
735 1295 1113 1350 habitandum.
1136 1297 1214 1352 lbi
1251 1298 1417 1366 igitur
1437 1295 1778 1352 cmnaculum
1799 1308 1935 1365 erat,

368 1401 478 1455 quo
507 1401 611 1440 una
669 1400 791 1441 cum
831 1387 1114 1456 discipulis
1147 1389 1397 1444 Salvator
1431 1390 1675 1455 divertit,
1726 1399 1780 1445 et
1828 1391 1940 1457 plu-

368 1478 505 1531 rima
555 1472 751 1531 ibidem
793 1480 1051 1550 mysteria
1112 1483 1339 1550 peregit.
1396 1482 1658 1552 Typicum
1713 1484 1930 1552 pascha,

369 1568 653 1637 mysticam
685 1583 922 1635 Cinnam,
974 1570 1169 1640 pedum
1218 1571 1572 1635 ablutionem,
1631 1582 1936 1627 sermonem

364 1669 669 1713 extremum
702 1660 814 1729 (56)
873 1672 1285 1731 praceptorum,
1320 1661 1626 1731 divinaeque
1678 1663 1938 1717 doctrinae

366 1749 606 1818 plenum.
642 1750 696 1804 lu
742 1752 844 1805 hoc
893 1753 1057 1807 etiam
1087 1763 1212 1822 post
1257 1751 1736 1809 Resurrectionem
1769 1754 1931 1809 disci-

364 1841 475 1908 puli
524 1839 832 1896 Ju‘daeorum
887 1852 1041 1898 metu
1086 1843 1284 1899 occultl
1343 1857 1402 1898 se
1450 1844 1826 1899 continebant.
1876 1845 1931 1899 In

364 1932 555 1985 eodem
617 1923 964 1989 Penteeostes
1024 1934 1111 1989 die
1168 1928 1409 2004 gratiam
1465 1932 1642 1991 sancti
1697 1934 1933 2006 Spiritus

364 2034 715 2092 acceperunt.
743 2025 880 2090 Quin
913 2025 1077 2078 etiam
1120 2026 1461 2082 sanctissima
1520 2026 1747 2082 Domina
1796 2027 1930 2083 inibi

364 2108 633 2183 retiqnum
675 2100 837 2171 omne
864 2125 1075 2187 tempus
1108 2116 1230 2171 vitae
1259 2117 1545 2188 transegit.

431 2306 508 2369 Ex
565 2315 668 2370 hac
721 2313 888 2385 igitur
943 2316 1234 2374 occasione
1286 2318 1527 2375 Joannes
1598 2326 1776 2375 notus.
1813 2327 1931 2375 erat

365 2404 635 2473 pontilici,
670 2414 725 2460 et
760 2407 827 2460 ab
874 2407 1022 2461 aditu
1072 2407 1196 2462 atrii
1249 2409 1470 2463 minime
1519 2409 1773 2465 exclusus
1806 2408 1926 2463 fuit.

358 2494 554 2551 Petrus
584 2512 733 2563 vero,
760 2509 815 2551 ut
836 2499 1071 2568 ignotus,
1096 2501 1162 2554 ab
1185 2500 1327 2555 ostio
1346 2499 1649 2567 prohibitus
1672 2517 1768 2570 pro
1790 2501 1928 2556 fori-

358 2586 461 2641 bus
501 2587 721 2653 mansit,
757 2590 930 2644 donec
958 2591 1131 2659 ipsum
1178 2590 1417 2647 Joannes
1445 2602 1670 2647 exorata
1700 2593 1926 2647 ostiaria

359 2679 682 2735 introduxit.
720 2682 824 2736 Sed
872 2682 1119 2754 profecto
1153 2685 1355 2739 rectius
1385 2680 1604 2740 fecisset
1635 2685 1850 2753 Petrus,
1881 2686 1926 2741 si

278 2825 285 2831 _
355 2767 618 2825 Joannem
645 2782 862 2827 secutus
891 2784 1059 2838 esset,
1083 2783 1138 2829 et
1163 2774 1287 2829 Jesu
1311 2774 1647 2841 adhaesisset,
1668 2786 1721 2830 et
1745 2792 1924 2832 rerum

356 2862 706 2917 observasset
746 2864 904 2917 linem
961 2883 975 2918 :
1033 2865 1113 2920 sic
1154 2867 1296 2921 enim
1328 2866 1558 2923 fortasse
1619 2869 1922 2938 periculum

360 2955 665 3010 vitavisset.
743 2952 849 3011 Sed
911 2958 1165 3025 quoniam
1213 2959 1314 3013 hoc
1363 2959 1564 3014 omisso
1609 2960 1674 3012 ad
1721 2972 1923 3023 prunas

1568 265 2057 328 THEOPHANIS
2094 267 2437 329 CERAMEI

3507 272 3622 338 563

2125 383 2282 438 Ἐπεὶ
2313 387 2371 439 δὲ
2404 387 2498 440 καὶ
2540 386 2793 459 Ἰωάννης
2845 388 2874 442 ὁ
2905 384 3269 459 ἠγαπημένος
3302 387 3619 454 συνείπετο,

2045 476 2286 543 γνωστὸς
2328 478 2404 532 ῶν
2455 478 2532 549 τῷ
2591 482 2842 552 ἀρχιερεῖ
2890 478 3240 549 συνεισῆλθεν
3270 482 3328 533 ἐν
3354 483 3420 550 τῇ
3449 482 3615 552 αύλῇ.

2044 568 2218 622 Πόθεν
2245 570 2301 624 δέ
2353 569 2637 642 γνώριμος
2670 568 2760 642 ἦν,
2790 572 2877 625 διά
2914 570 3164 642 βραχέων
3196 570 3307 643 ἐρῶ
3335 573 3440 640 τὴν
3475 573 3628 626 ἱστο-

2045 661 2169 733 ρίαν
2191 664 2399 730 ὑφάνας
2421 666 2483 717 ἐκ
2510 665 2619 717 τῶν
2643 666 2850 719 ἄνωθεν
2876 665 3248 733 παραδόσεων.
3290 666 3350 718 Ὀ
3377 666 3624 734 περίψη-

2046 773 2145 824 μος
2171 751 2318 818 οἶκος
2346 760 2374 811 ὁ
2400 756 2501 825 τῆς
2531 756 2670 809 Σιὼν
2702 759 2885 825 κτῆμα
2913 758 3103 825 γέγονε
3137 757 3422 811 Ζεϐεδαίου
3455 759 3621 826 μεγέ-

2044 848 2126 901 θει
2158 849 2255 903 καὶ
2300 850 2487 903 κάλλει
2546 850 2971 918 διαφανέστατος
2996 869 3010 881 ⁸
3067 852 3125 902 ὲν
3152 849 3207 901 δὲ
3238 849 3314 914 τῷ
3353 852 3619 919 μετεώρῳ

2039 942 2143 1011 τῆς
2180 943 2537 1013 Ἰερουσαλὴμ.
2567 943 2968 1013 ἀνῳκοδόμητο,
2998 943 3227 1010 εύκραεῖ
3250 944 3372 1009 ἀέρι
3406 960 3621 997 παν-ια.

2039 1032 2197 1104 χόθεν
2220 1034 2497 1105 χεόμενος,
2530 1035 2605 1096 ὡς
2637 1036 2732 1089 καὶ
2756 1037 2918 1103 ἡμεῖς
2945 1034 3136 1096 αὐταῖς
3165 1032 3355 1099 ὄψεσιν
3390 1036 3581 1105 ίστορή
3604 1068 3619 1076 ο

2042 1143 2237 1195 σαμεν.
2268 1125 2468 1179 Τοῦτον
2492 1128 2573 1189 είς
2602 1126 2695 1179 δύο
2723 1127 3015 1196 διαιρήσας
3053 1128 3081 1179 ὁ
3111 1129 3419 1191 Ζεϐεδαῖος,
3453 1129 3620 1181 θάτεο

2045 1234 2137 1289 ρον
2165 1217 2331 1287 μέρος
2358 1218 2643 1288 χαρίζεται
2671 1219 2750 1288 τῷ
2772 1220 3027 1288 ἀρχιερεῖ
3046 1236 3059 1249 '
3084 1219 3144 1272 τὸ
3166 1220 3221 1273 δὲ
3242 1219 3427 1272 λοιπδν
3450 1220 3621 1280 αὒτδς

2039 1311 2138 1376 τὴν
2169 1310 2384 1371 οἴκησιν
2416 1310 2737 1381 ἐπεποίητο.
2773 1312 2984 1364 Ἐκεῖσε
3013 1308 3107 1365 οὖν
3142 1313 3233 1364 καὶ
3261 1312 3325 1364 τδ
3361 1311 3621 1381 ὑπερῷον

2037 1395 2125 1471 ἦν,
2159 1401 2217 1452 ἐν
2247 1392 2292 1467 ᾧ
2320 1400 2586 1453 κατέλυσε
2622 1401 2720 1454 σὺν
2748 1403 2862 1464 τοῖς
2896 1400 3169 1472 μαθηταῖς
3202 1404 3228 1454 ὁ
3261 1402 3474 1471 Σωτὴρ,
3518 1402 3621 1454 καὶ

2038 1492 2106 1544 τὰ
2138 1491 2367 1545 πλεῖστα
2412 1491 2524 1545 τῶν
2581 1493 2903 1563 μυστηρίων
2956 1493 3192 1545 ἐνταῦθα
3241 1492 3478 1551 ἐτέλεσε,
3541 1491 3622 1544 Τὸ

2041 1580 2231 1650 Πάσχα
2279 1581 2340 1633 τὸ
2384 1582 2638 1647 τυπικδν,
2689 1583 2780 1635 τὸν
2809 1582 3023 1635 δεῖπνον
3067 1581 3159 1635 τὸν
3212 1584 3497 1649 μυστικὸν,
3522 1581 3619 1632 τὸν

2038 1672 2279 1742 νιπτῆρα
2304 1673 2414 1726 τῶν
2446 1672 2724 1743 μαθητῶν,
2775 1674 2901 1737 τοὺς
2950 1673 3391 1740 συντακτηρῖους
3418 1671 3621 1736 λόγους

2039 1765 2135 1818 καὶ
2158 1763 2523 1831 θεολογικούς.
2558 1765 2647 1817 Ἐν
2676 1764 2851 1834 τούτῳ
2875 1764 2931 1817 δὲ
2962 1765 3055 1816 καὶ
3086 1763 3224 1833 μετά
3250 1763 3350 1833 τὴν
3374 1762 3622 1816 ἀνάστα-

2042 1873 2146 1920 σιν,
2184 1857 2233 1909 οί
2265 1855 2504 1925 μαθηταὶ
2536 1856 2623 1909 διὰ
2647 1856 2775 1918 τοὺς
2804 1854 3100 1918 Ἰουδαίους
3129 1854 3487 1922 ἐκρύπτοντο.
3526 1854 3620 1906 Ἐν

2040 1945 2188 2016 αύτῷ
2211 1946 2269 1999 δὲ
2292 1946 2437 2000 κατά
2460 1945 2562 2016 τὴν
2587 1946 2994 2015 Πεντηκοστὴν,
3021 1947 3120 2013 τὴν
3142 1946 3305 2015 χάριν
3325 1944 3421 1997 τοῦ
3453 1945 3618 2012 ἀγίου

2040 2038 2360 2108 Πνεύματος
2392 2036 2605 2093 ἔλαϐον.
2631 2039 2741 2090 Καὶ
2767 2039 2873 2108 μὴν
2902 2039 2934 2108 ἡ
2970 2037 3244 2105 πάναγνος
3268 2036 3535 2089 Δέσποινα
3559 2038 3620 2089 ἐν

2038 2131 2215 2202 τούτῳ
2242 2130 2321 2201 τῷ
2349 2131 2486 2201 οἴκῳ
2523 2129 2616 2186 τὸν
2649 2130 2869 2186 ἅπαντα
2897 2126 2999 2199 τῆς
3030 2127 3179 2198 ζωῆς
3213 2128 3403 2198 χρόνον
3426 2127 3620 2198 διέζη-

2038 2238 2155 2280 σεν.

2120 2315 2216 2370 Ἐκ
2244 2315 2451 2385 ταύτης
2486 2312 2581 2369 οὖν
2608 2317 2710 2385 τῆς
2757 2313 3085 2384 προφάσεως
3113 2316 3143 2367 ὁ
3185 2313 3440 2382 Ἰωάννης
3470 2329 3619 2380 γνωη

2039 2405 2158 2468 στδς
2189 2400 2258 2475 ἦν
2284 2404 2362 2473 τῷ
2395 2405 2663 2475 ἀρχιερεῖ,
2695 2401 2791 2456 καὶ
2841 2401 3136 2463 ἀκωλύτως
3182 2400 3307 2469 ἔσχε
3340 2401 3463 2452 τότε
3510 2398 3615 2468 τὴν

2036 2498 2261 2550 εἴσοδον.
2287 2497 2493 2568 Πέτρος
2513 2496 2568 2549 δὲ
2586 2496 2661 2557 ὡς
2689 2494 2966 2563 ἄγνωστος
2990 2493 3089 2560 τῆς
3122 2491 3295 2562 πύλης
3328 2493 3616 2560 ἀποκρου-

2037 2591 2207 2655 σθεὶς,
2244 2589 2427 2659 ἔμεινε
2458 2586 2764 2659 θυραυλῶν,
2798 2586 2904 2648 ἓως
2943 2585 3106 2637 αὑτὸν
3134 2586 3163 2638 ὁ
3198 2582 3456 2652 Ἰωάννης
3495 2584 3616 2634 είς-

2034 2688 2211 2758 ήγαγε
2239 2685 2580 2749 καταπείσας
2606 2683 2704 2751 τὴν
2728 2681 2995 2750 θυρωρόν.
3029 2680 3139 2732 Καὶ
3174 2673 3242 2749 ἦν
3270 2677 3371 2747 μὲν
3396 2676 3614 2747 βέλτιον

2032 2779 2111 2845 τῷ
2156 2778 2348 2848 Πέτρῳ
2375 2776 2598 2846 Ἰωάννῃ
2632 2772 2958 2843 ἐφέπεσθαι,
3009 2773 3106 2825 καὶ
3148 2769 3325 2840 Ἰησοῦ
3365 2784 3608 2839 προσαν-

2035 2870 2198 2941 έχειν,
2230 2870 2322 2921 καὶ
2350 2869 2705 2936 περισκοπεῖν
2751 2865 2820 2919 τὰ
2851 2864 3175 2934 τελούμενα.
3212 2861 3368 2915 Οὕτω
3397 2863 3506 2931 γὰρ
3538 2860 3609 2914 ἂν

2033 2966 2164 3027 ἴσως
2190 2964 2295 3030 ἔξω
2315 2962 2409 3016 τοῦ
2438 2959 2745 3031 πειρασμοῦ
2770 2958 3138 3027 ὲπεφύλακτο.
3163 2957 3319 3010 Ἐπεὶ
3352 2955 3410 3009 δὲ
3431 2952 3610 3007 ταῦτα

356 3063 387 3101 a
421 3048 687 3104 ministris
732 3064 1024 3103 succensas
1063 3053 1309 3115 arcessit,
1347 3059 1399 3106 et
1434 3050 1555 3121 igne
1578 3051 1920 3105 inimicorum

2033 3054 2222 3124 μεθεὶς
2268 3056 2335 3123 τῇ
2399 3053 2649 3121 πυρκαῖᾷ
2689 3050 3090 3121 προσήγγισεν,
3150 3047 3219 3118 ἢν
3274 3044 3491 3116 ἀνῆψαν
3553 3046 3607 3098 οἱ

356 3142 598 3206 incaluit,
649 3144 767 3197 ideo
798 3143 947 3197 illum
980 3159 1084 3198 una
1144 3144 1267 3198 vilis
1305 3143 1501 3198 ancilla
1554 3145 1914 3214 perturbavit.

351 3230 799 3303 Quandoquidem
832 3236 977 3289 enim
1009 3234 1225 3297 Petrus,
1262 3245 1318 3290 et
1349 3235 1590 3290 Joannes
1625 3237 1914 3298 actionem,

350 3325 975 3398 contemplationemque
1002 3328 1297 3399 symbolice
1335 3314 1571 3394 signant,
1608 3339 1789 3399 aperte
1832 3330 1918 3385 his

350 3416 508 3473 factis
541 3417 769 3472 historia
817 3420 994 3483 docet,
1031 3419 1174 3485 quod
1221 3420 1435 3488 quando
1473 3421 1709 3489 practica
1747 3421 1917 3475 virtus

349 3509 865 3576 contemplationem
894 3512 1176 3578 subsequi,
1203 3522 1256 3564 et
1281 3511 1475 3565 divina:
1502 3513 1919 3579 dispensationis

348 3601 604 3667 mysteria
630 3612 817 3653 sancte
850 3615 1092 3669 pureque
1126 3601 1475 3656 considerare
1497 3603 1728 3666 desistit,
1755 3614 1919 3671 atque

350 3693 486 3746 adeo
517 3704 697 3757 nocte,
745 3704 796 3747 et
844 3693 1163 3762 ignorantia:
1196 3696 1392 3764 frigore
1449 3706 1710 3762 occupata
1744 3694 1920 3749 alieno

349 3783 496 3853 igne,
569 3798 730 3851 quem
786 3784 1017 3840 ministri
1077 3786 1291 3839 Satanm
1348 3788 1691 3852 accendunt,
1749 3786 1916 3842 foveri

350 3876 566 3939 studit,
596 3883 725 3929 tunc
764 3890 916 3939 sane,
948 3886 1073 3930 tunc
1111 3875 1254 3929 facili
1304 3877 1521 3944 negotio
1566 3894 1595 3932 a
1629 3894 1783 3932 serva
1821 3896 1917 3933 vo-

350 3966 554 4033 luptate
606 3967 965 4035 pertrahitur,
999 3976 1051 4019 et
1100 3978 1180 4019 ter
1229 3968 1513 4020 Dominum
1569 3979 1744 4036 negat,
1781 3968 1915 4023 Nam

347 4066 399 4111 et
430 4073 488 4109 ea
523 4072 649 4125 puts
688 4058 905 4123 adiutae,
956 4058 1007 4112 in
1062 4073 1167 4127 qua
1213 4060 1350 4111 ratio
1402 4060 1566 4128 viget,
1619 4059 1916 4115 oﬂ‘unditttr

344 4133 602 4213 tenebris,
629 4157 682 4203 et
715 4164 799 4214 ea,
866 4150 918 4203 in
966 4164 1070 4218 qua
1127 4150 1204 4203 ira
1235 4149 1448 4204 obtinet
1478 4152 1686 4215 sedem,
1719 4156 1915 4222 ignavo

346 4240 537 4295 timorc
562 4240 903 4311 dejicitur,et
935 4244 1071 4296 eain
1096 4255 1201 4312 qua
1231 4243 1517 4312 cupiditas,
1552 4245 1751 4298 desinit
1785 4246 1917 4301 velle

344 4331 483 4385 mori
511 4346 631 4385 cum
667 4333 907 4395 Christo,
948 4341 1003 4386 et
1033 4333 1258 4401 hujusce
1281 4335 1405 4387 vitae
1435 4334 1572 4388 bona
1614 4340 1911 4405 praéoptat:

2029 3146 2326 3217 ὑπηρέται,
2376 3144 2471 3198 καὶ
2522 3143 2602 3213 τῷ
2630 3142 2741 3196 τῶν
2780 3140 2992 3212 ἐχθρῶν
3029 3140 3165 3207 πυρὶ
3218 3137 3606 3209 ὲθερμαίνετο,

2027 3240 2117 3294 διὰ
2167 3239 2327 3293 τοῦτο
2376 3237 2638 3307 παιδίσκη
2698 3253 2782 3297 τις
2831 3235 3012 3304 φαύλη
3043 3233 3208 3287 αὐτὸν
3241 3229 3601 3300 ἐθορύϐησεν.

2041 3332 2263 3400 Ἐπειδὴ
2304 3331 2414 3400 γὰρ
2440 3329 2642 3399 Πέτρος
2674 3327 2769 3381 καὶ
2795 3326 3053 3396 Ἰωάννης
3102 3325 3302 3395 πρᾶξιν
3335 3322 3433 3375 καὶ
3464 3321 3607 3374 θεω-

2033 3424 2153 3496 ρίαν
2175 3422 2527 3483 αίνίττονται,
2559 3419 2659 3491 βοᾷ
2679 3417 2768 3472 διὰ
2791 3418 3001 3471 τούτων
3030 3418 3064 3487 ἡ
3107 3414 3339 3485 ἱστορία,
3368 3413 3444 3475 ὼς
3471 3412 3604 3465 ὅταν

2029 3519 2060 3586 ὴ
2098 3512 2379 3584 πρακτικὴ
2411 3511 2580 3582 ἀρετὴ
2604 3511 2806 3579 ἀφεῖσα
2830 3512 2896 3579 τῇ
2928 3508 3132 3578 θεωρίᾳ
3161 3504 3484 3574 ἐφέπεσθαι,
3506 3502 3605 3559 καὶ

2028 3607 2349 3678 θεοπρεπῶς
2389 3604 2460 3657 τὰ
2504 3604 2605 3674 τῆς
2650 3602 2963 3671 οίκονομίας
2997 3599 3379 3670 περισκοπεῖν,
3416 3594 3603 3657 νυκτὶ,

2028 3700 2122 3754 καὶ
2150 3698 2313 3769 ψύχει
2341 3697 2561 3766 ἀγνοίας
2614 3693 2961 3764 συσχεθεῖσα,
3016 3695 3150 3763 πυρὶ
3181 3691 3451 3760 ἀλῖιοτρίῳ
3478 3690 3598 3742 δια-

2027 3790 2400 3863 θερμανθῆναι
2459 3787 2727 3859 ἐπιζητεῖ,
2761 3787 2899 3856 ὅπερ
2948 3786 3281 3840 ἀνάπτουσιν
3330 3786 3380 3835 οί
3433 3786 3603 3850 ὑπερ-

2025 3884 2219 3956 ηρὲται
2269 3881 2367 3934 τοῦ
2403 3881 2619 3933 Σατανᾶ
2641 3895 2656 3909 ⁸
2697 3879 2818 3932 τότε
2851 3879 2935 3948 δὴ,
2964 3878 3085 3931 τότε
3134 3877 3331 3948 ῥαδίως
3362 3875 3470 3929 ὑπὸ
3496 3875 3600 3944 τῆς

2024 3976 2218 4043 δούλης
2280 3973 2471 4043 ἡδονῆς
2522 3971 2878 4041 ὑποσύρεται,
2925 3972 3021 4022 καὶ
3056 3972 3178 4037 τρῖς
3225 3968 3471 4037 ἀρνεῖται
3502 3965 3600 4018 τὸν

2027 4066 2251 4134 Κύριον.
2281 4065 2355 4117 Τό
2376 4081 2433 4115 τε
2463 4063 2572 4132 γὰρ
2594 4061 2901 4129 λογιστικὸν
2929 4059 3229 4129 ζωφοῦται,
3258 4059 3352 4111 καὶ
3372 4061 3402 4111 δ
3425 4055 3603 4126 θυμδς

2024 4160 2101 4220 είς
2150 4156 2350 4210 δειλίαν
2404 4154 2606 4223 ἀγεννῆ
2631 4153 3039 4224 κατασύρεται,
3088 4153 3186 4205 καὶ
3241 4152 3275 4221 ἡ
3330 4149 3603 4219 ἐπιθυμία

2024 4252 2223 4319 ἀφεῖσα
2252 4249 2329 4320 τῷ
2371 4247 2682 4320 ίμείρεσθαι
2716 4247 2795 4318 τῷ
2838 4246 3013 4317 Ἰησοῦ
3052 4244 3471 4306 συναποθανεῖν,
3498 4242 3604 4314 τὴν

2026 4342 2173 4412 ζωὴν
2194 4343 2396 4411 ταύτην
2422 4341 2724 4408 ἐκλέγεται,
2757 4342 2852 4393 καὶ
2879 4338 3053 4402 οὕτως
3108 4340 3142 4410 ἡ
3173 4337 3333 4408 τριτὴ
3362 4337 3601 4405 ἄρνησις

345 4433 507 4492 atque
552 4425 623 4477 ita
660 4425 948 4479 coniicitur
982 4427 1123 4478 trina
1150 4427 1388 4496 negatio.
1419 4425 1619 4481 Verum
1654 4443 1758 4483 non
1796 4443 1914 4483 om-

2033 4434 2252 4502 γίνεται.
2293 4433 2436 4502 Πλὴν
2465 4434 2527 4485 οὐ
2562 4434 2703 4484 πάνυ
2733 4449 2788 4484 τι
2810 4432 3159 4499 κατέγνωστο
3188 4428 3285 4483 τοῦ
3322 4428 3534 4499 Πέτρου
3559 4429 3597 4500 ἠ

346 4516 474 4570 nino
513 4517 902 4575 inexcusabilis
939 4518 1051 4588 (37)
1094 4519 1234 4573 Petri
1272 4521 1489 4589 negatio
1526 4520 1646 4586 fuit,
1700 4533 1756 4574 ut
1792 4539 1913 4592 quze

2019 4526 2249 4598 ἄρνησις
2273 4528 2329 4579 ἐν
2367 4528 2522 4580 νυκτὶ
2547 4526 2838 4597 γενομένη,
2874 4524 3121 4579 τουτέστι
3155 4523 3262 4593 πρὸ
3305 4521 3402 4578 τοῦ
3430 4522 3596 4588 δέξαι’

1575 4636 1890 4699 Francisci
1930 4641 2136 4703 Scorsi
2180 4651 2366 4703 notae.

417 4735 528 4807 (54)
547 4734 774 4807 Celebris
806 4734 901 4790 illa
935 4733 1141 4807 domus.
1176 4733 1299 4790 Haec
1339 4734 1562 4807 historia
1615 4737 1680 4807 de
1728 4753 1907 4792 omna.

340 4802 641 4871 cul‘o,'sett
697 4806 862 4861 domo
930 4802 1154 4859 J0nnuis
1215 4805 1556 4872 evangelistte
1617 4805 1669 4858 in
1727 4822 1910 4862 monte

342 4877 505 4932 Sione
529 4876 698 4945 posita
735 4886 948 4944 recepta
985 4882 1067 4928 est
1090 4876 1230 4937 apud
1261 4874 1500 4945 Graecos,
1558 4885 1613 4928 et
1655 4890 1722 4932 ex
1773 4878 1908 4931 alio—

343 4964 458 5001 rum
492 4944 780 4999 traditione
810 4951 876 4997 ah
908 4947 1042 5015 ipsis
1069 4945 1351 4998 alﬁrmata.
1394 4944 1735 5014 Nicephorius
1763 4948 1899 5003 Call.

340 5018 434 5072 lib.
464 5033 502 5079 ι,
534 5032 650 5083 cap.
690 5016 759 5071 40
792 5030 806 5069 :
843 5016 950 5068 Sub
989 5019 1098 5069 Iuro
1137 5032 1280 5069 coena
1309 5025 1528 5079 paratur
1554 5017 1608 5069 in
1633 5019 1808 5082 dumo,
1845 5028 1900 5071 ut

338 5089 506 5155 aiunt,
555 5084 778 5139 Joannis
838 5083 1206 5155 Evangelistw,
1251 5102 1409 5155 quam
1450 5086 1536 5138 ille
1580 5090 1902 5152 possessione

335 5175 433 5211 sua
457 5159 583 5226 (non
613 5156 802 5226 exiguo
842 5166 1019 5208 autem
1043 5171 1102 5208 ea
1135 5155 1260 5226 fuit)
1300 5157 1356 5208 in
1378 5225 1381 5226 ν
1405 5155 1629 5210 ϐαίὶίαια
1681 5157 1897 5226 Gnipho:

2008 4744 2321 4813 assentitur.
2364 4742 2556 4797 Noster
2589 4742 2672 4813 hic.
2708 4743 2874 4813 multo
2916 4744 3194 4813 antiquior
3249 4742 3588 4811 Nicephoro,

2007 4821 2060 4865 et
2080 4812 2348 4873 Cedreno,
2381 4823 2435 4866 ut
2462 4812 2801 4866 ostendimus
2829 4811 2882 4864 in
2921 4811 3234 4879 Prodamiis,
3275 4815 3415 4867 hanc
3476 4823 3596 4866 ιτα-

2005 4882 2261 4938 ditionem
2287 4884 2447 4949 paulo
2478 4886 2632 4936 aliter
2658 4896 2822 4952 atque
2851 4882 2946 4946 illi,
2982 4884 3182 4951 reteri;
3215 4885 3308 4941 sed
3363 4899 3473 4938 non
3506 4895 3591 4938 est

2004 4968 2194 5016 magna
2222 4954 2512 5008 dissensio.

2074 5018 2186 5093 (35)
2211 5022 2438 5095 luedito
2464 5022 2672 5095 quippe.
2709 5024 3133 5089 Descriptiouetn
3198 5024 3405 5077 montis
3444 5022 3585 5095 Sin.

2006 5092 2112 5160 nis,
2139 5092 2192 5149 et
2217 5092 2508 5163 insignium
2542 5094 2848 5154 domorum,
2877 5109 2938 5147 ac
2970 5096 3261 5155 cmuaculi,
3288 5110 3408 5163 qur.
3440 5094 3576 5148 inihi

2005 5164 2109 5217 sita
2135 5175 2314 5227 erant,
2340 5162 2521 5218 habet
2550 5162 2929 5218 Ballostrerius
2970 5167 3023 5219 in
3055 5179 3156 5220 sua
3186 5162 3591 5232 Onoiuntogra.

331 5224 723 5300 ejus'lentporis
749 5224 1464 5300 Judmepontiﬁoioenditn
1511 5226 1685 5300 (cujus
1719 5224 1895 5298 gratia
2000 5233 2148 5300 plain,
2186 5224 2353 5289 verbo
2376 5234 2726 5286 Hierusalem.
2780 5276 2792 5287 .

332 5300 490 5352 etiam
510 5298 600 5350 ille
624 5306 779 5351 notus
804 5298 1026 5360 exstitit,
1061 5295 1216 5350 sicuti
1252 5298 1358 5358 ipse
1385 5295 1582 5350 alicubi
1620 5295 1772 5353 sacro
1799 5315 1893 5353 suo

333 5367 632 5421 testimonio
691 5368 903 5430 nstruit)
958 5367 1012 5418 in
1063 5364 1194 5418 locis
1248 5367 1448 5419 circum
1490 5366 1621 5421 Sion
1668 5379 1890 5422 montem

331 5439 536 5506 positis,
565 5446 983 5501 comparaverat.
1016 5434 1137 5506 llaec
1164 5434 1457 5506 Nicephori
1480 5438 1700 5491 totidem
1728 5438 1889 5493 verba

2073 5305 2186 5375 (36)
2206 5303 2511 5358 Sermonem
2526 5315 2851 5375 extremum.
2871 5301 3126 5359 Pluribus
3172 5304 3585 5375 circumscripsi

2004 5372 2101 5427 has
2129 5389 2291 5428 voees
2316 5375 2746 5444 συντακτηρίους
2794 5372 3008 5444 λόγους,
3060 5376 3155 5429 καὶ
3194 5374 3548 5441 θεολογικούς
3568 5394 3586 5414 ε

2002 5458 2164 5510 quam
2183 5454 2362 5516 autem
2384 5442 2502 5516 _vim
2534 5442 2728 5516 habent
2758 5443 2819 5495 τὸ
2855 5445 3286 5516 συντακτηρίους
3309 5485 3325 5510 ,
3342 5445 3584 5514 θη)Ιὶςυί

332 5505 595 5560 Duronius
615 5506 779 5562 refert
800 5523 943 5559 anno
964 5505 1053 5567 54,
1072 5502 1330 5575 additque
1349 5507 1539 5561 eadem
1569 5523 1595 5558 a
1620 5507 1888 5571 Cedreno,

329 5585 383 5647 ςι
414 5575 536 5629 aliis
568 5578 756 5647 scribi.
784 5575 848 5647 Et
884 5576 1028 5647 quod
1059 5574 1276 5647 alti‘tteb
1299 5575 1367 5630 ad
1423 5589 1665 5647 ttonmnt,
1726 5590 1886 5647 quam

325 5642 562 5725 Joannes
616 5646 867 5725 habuerit
903 5642 1309 5725 Hierosolymis
1349 5656 1402 5700 et
1459 5646 1510 5699 in
1556 5642 1889 5725 quarn’post

334 5714 535 5779 Christi
568 5716 896 5795 passionem,
929 5714 1020 5781 Dei
1048 5713 1373 5775 Geuitricem
1437 5713 1720 5793 recept-rit,
1770 5713 1886 5794 ipse

2000 5526 2161 5582 supra
2194 5512 2343 5573 hem.
2374 5513 2428 5576 6,
2466 5524 2577 5568 not.
2612 5513 2667 5568 9..

2067 5584 2182 5656 £37)
2212 5582 2335 5656 _Non
2356 5584 2568 5637 omnino
2588 5584 2983 5656 iuncusobilis.
3023 5582 3159 5639 Vide
3177 5600 3298 5656 quze
3320 5584 3586 5651 dicuntur

1996 5652 2134 5710 infra
2157 5652 2225 5710 ad
2254 5657 2503 5717 eamdem
2528 5669 2662 5722 rem,
2687 5671 2743 5721 ιι.
2771 5655 2842 5716 58
2861 5664 3144 5725 sequente.
