4018 6206
329 328 433 391 ἔι69

1674 324 2006 388 ΗΟΜΙΙᾸΑ
2043 326 2288 392 XXVII.

3478 328 3582 395 570

329 440 452 495 σθαι
486 442 653 497 αὐτὸν
695 442 797 507 τάς
849 443 1074 505 ἀκτῖνας
1107 442 1203 497 τοῦ
1248 442 1591 514 Πνεύματος.
1637 462 1657 494 ι
1700 442 1892 503 Οὐδεὶς

2006 451 2155 497 nocte
2190 442 2457 510 evencrit,
2491 442 2592 498 hoc
2622 452 2727 508 est,
2791 453 3080 512 antequam
3116 440 3357 512 Spiritus
3387 439 3573 513 fulgo-

329 533 435 602 γὰρ
461 531 913 598 δύναταιείπεῖν,
942 534 1149 605 Κύριον
1192 533 1425 604 Ἰησοῦν,
1460 537 1509 588 εί
1546 535 1625 605 μὴν
1653 535 1712 586 ὲν
1742 532 1911 586 Πνεύ-

332 639 465 692 ματι
487 624 648 694 ἁγίῳ.
690 642 709 675 ι
740 653 813 666 —-
836 642 859 677 ι
906 624 1074 678 Ούπω
1096 620 1162 695 ἦν
1190 625 1417 695 Πνεῦμα
1437 625 1595 694 ἅγιον
1617 641 1632 658 ο
1677 626 1770 679 καὶ
1799 624 1909 695 γὰρ

327 714 483 767 οὔπω
518 715 728 785 Ἰησοῦς
762 715 849 769 διὰ
878 717 1118 785 σταυροῦ
1161 716 1501 782 ὲδεδόξαστο.
1536 717 1691 786 Τάχα
1723 716 1779 770 δὲ
1811 717 1908 771 καὶ

327 807 624 860 ἀκόλουθον
652 804 745 877 ἦν,
798 808 889 861 τδν
934 810 1229 877 ἐπιγνόντα
1288 808 1498 880 Ἰησοῦν
1529 810 1619 863 διὰ
1645 810 1905 875 πίστεως,

325 900 422 953 καὶ
446 899 610 953 πάλιν
634 901 695 953 ὲν
717 904 781 970 τῇ
807 900 946 972 αὐλῇ
968 902 1066 954 τοῦ
1090 903 1352 963 σκιιὶιδους
1377 902 1544 971 νόμου
1573 901 1904 972 ἐμμένοντα,

324 993 419 1043 και
447 991 541 1044 τδν
588 992 892 1063 ὑπηρέταις
947 991 1043 1045 τοῦ
1094 993 1522 1056 ἀποκτείναντος
1575 995 1906 1064 γράμματος

322 1080 522 1135 ἑαυτὸν
550 1082 999 1153 καταμιγνύοντα
1022 1084 1128 1137 ὑπὸ
1148 1083 1248 1153 τῆς
1281 1084 1576 1153 παιδίσκης
1604 1084 1702 1155 τῆς
1749 1099 1905 1152 νομι-

321 1173 452 1243 κῆς,
482 1176 651 1244 φημὶ,
675 1174 933 1245 λατρείας
965 1174 1103 1244 πρὸς
1123 1174 1221 1244 τὴν
1261 1174 1492 1245 ἄρνησιν
1513 1174 1615 1238 τῆς
1647 1174 1905 1244 ἀληθείας

319 1264 672 1333 ἐφέλκεσθαι,
703 1265 810 1329 ἕως
835 1264 900 1319 ἂν
947 1268 975 1319 6
1009 1265 1369 1330 ἀποστολικος
1425 1265 1582 1335 λόγος
1611 1267 1640 1319 6
1683 1266 1905 1335 μηνύων

319 1357 421 1429 τὴν
451 1358 668 1429 ἡμέραν
697 1357 796 1427 τῆς
835 1357 1074 1423 πίστεως
1110 1357 1362 1427 καθάπερ
1389 1358 1641 1428 ἀλέκτωρ
1676 1358 1902 1429 φωνήσῃ

319 1447 614 1517 κεκραγὼς
667 1445 993 1518 διαπρύσιον
1019 1465 1034 1481 ο
1079 1466 1099 1500 ι
1146 1448 1212 1501 Ἦ
1247 1449 1345 1516 νὺξ
1401 1448 1726 1519 προέκοψεν,
1781 1448 1904 1518 ἡδὲ

318 1535 505 1609 ἡμέρα
533 1538 769 1608 ἤγγικεν
792 1555 806 1570 ·
850 1558 870 1592 ι
898 1541 992 1593 καὶ
1021 1539 1144 1593 τότε
1179 1534 1414 1604 ἐξελθὼν
1440 1538 1545 1604 ἔξω
1576 1536 1677 1609 τῆς
1700 1537 1797 1592 τοῦ
1819 1539 1906 1591 νό-

318 1646 426 1697 μου
486 1631 647 1693 σκιᾶς
705 1630 934 1685 κλαύσει
985 1630 1224 1701 πικρῶς,
1256 1631 1504 1685 τουτέστι
1536 1632 1634 1701 τὴν
1677 1632 1903 1700 πικρίαν

315 1723 429 1777 τῶν
475 1724 725 1794 νομικῶν
779 1724 1295 1795 παρατηρήματων,
1336 1726 1735 1779 συνεκκενὼσει
1789 1727 1901 1788 τοῖς

314 1782 604 1887 δάκρυσίν.
660 1814 818 1870 υῦτω
857 1782 966 1889 γὰρ
991 1782 1119 1871 "xz-1.!
1176 1782 1386 1889 Πέτρος
1440 1819 1540 1872 οὐκ
1569 1819 1626 1871 ἐν
1659 1821 1723 1887 τῇ
1760 1782 1898 1887 utili-ﬁ
1935 1782 1976 1837 Β

316 1910 504 1980 μένων
539 1909 827 1975 ἔκλαυσεν,
860 1909 977 1967 ἀλλ’
1001 1910 1233 1979 ἐξελθὼν
1255 1910 1362 1975 ἔξω
1393 1910 1502 1964 τῶν
1531 1910 1897 1982 πραγμάτων,

312 2002 412 2057 καὶ
443 2000 641 2069 λόγων,
708 2003 805 2055 καὶ
859 2001 1081 2067 τόπων,
1130 2001 1240 2054 τῶν
1274 2002 1559 2072 ἀρνεῖσθαι
1599 2000 1901 2056 ποιούντων

313 2092 409 2149 τὸν
447 2095 677 2163 Κύριον.
713 2093 1127 2165 ’Δρνησαμένου
1175 2093 1309 2161 γοῦν
1342 2094 1490 2159 ἅπαξ
1539 2093 1634 2147 τού
1669 2094 1899 2165 Πέτρου,

310 2184 338 2236 6
376 2185 634 2257 ἀλέκτωρ
675 2184 959 2255 ἐφώνησεν
982 2205 998 2220 ο
1030 2185 1117 2237 ὅτε
1150 2174 1208 2238 δὲ
1257 2184 1358 2247 τὰς
1386 2185 1580 2249 λοιπὰς
1608 2184 1703 2239 δύο
1731 2186 1904 2257 ἀρνή-

311 2291 431 2337 σεις
468 2276 744 2345 ἐπήγαγε,
774 2274 896 2329 τότε
930 2277 1026 2328 καὶ
1055 2276 1085 2328 6
1130 2276 1382 2347 ἀλέκτωρ
1411 2275 1574 2330 πάλιν
1624 2276 1899 2345 ἑφώνησε,

311 2367 412 2421 καὶ
440 2364 589 2420 οὔτω
611 2366 696 2420 δεῖ
716 2368 861 2420 νοεῖν
879 2366 943 2420 τὸ
966 2368 1072 2420 ὑπὸ
1104 2365 1200 2421 τοῦ
1231 2368 1460 2438 Μάρκου
1489 2366 1658 2438 ῥηθέν
1676 2386 1690 2399 ·
1717 2386 1736 2418 ι
1761 2370 1803 2421 ll
1815 2367 1901 2437 ρἰν

310 2456 588 2523 ἀλέκτορα
635 2458 886 2527 φωνῆσαι
907 2457 1011 2521 δὶς,
1039 2458 1163 2528 τρὶς
1193 2459 1492 2530 ἀπαρνήσῃ
1524 2476 1613 2528 με.
1648 2479 1665 2509 ι
1695 2458 1842 2512 Ἀλλ’
1872 2459 1901 2511 6

312 2547 421 2618 μὲν
475 2549 682 2619 Πέτρος
733 2549 991 2620 περιδεὴς
1022 2548 1131 2613 ῶν,-
1188 2551 1287 2603 οὐκ
1335 2549 1536 2621 ᾔσθετο
1565 2551 1780 2620 ταχέως
1806 2550 1899 2603 τοῦ

313 2638 639 2710 πτώματος.
686 2640 745 2695 ’0
768 2641 827 2695 δὲ
853 2641 1058 2713 Κύριος
1093 2643 1380 2711 στραφεὶς,
1435 2642 1558 2695 ἐπεὶ
1583 2643 1683 2696 οὐκ
1705 2638 1775 2713 ἦν
1812 2642 1902 2696 διά

314 2733 483 2801 λόγου
536 2734 925 2796 κατονειδίσαι,
977 2735 1114 2803 προς
1151 2734 1466 2803 ἀνάμνησιν
1512 2732 1637 2799 ἄγει
1694 2734 1780 2787 διά
1803 2735 1898 2787 τοῦ

314 2822 661 2895 βλέμματος.
692 2825 799 2876 Καὶ
826 2825 853 2876 6
889 2825 1094 2895 Πέτρος
1147 2823 1331 2888 εύθὺς,
1366 2824 1441 2881 ὡς
1476 2826 1543 2878 ἂν
1571 2827 1633 2877 ὲκ
1662 2826 1771 2878 τῶν
1803 2827 1901 2879 δαο

314 2917 510 2989 κρύων
543 2919 618 2988 μὴ
675 2918 984 2988 κατάφοροε
1036 2919 1289 2988 γένηται,
1348 2919 1445 2971 καὶ
1477 2918 1729 2989 μαθητὴς
1757 2915 1900 2973 εἶναι

311 3010 660 3082 ύποπτευθῇ,
688 3009 920 3076 ἐξελθὼν
951 3012 1055 3078 ἔξω
1083 3012 1180 3081 τῆς
1204 3012 1425 3081 ἀνόμων
1452 3011 1644 3082 αὐλῆς,
1687 3013 1900 3084 πικρῶς

2012 550 2101 589 res
2130 534 2425 603 exciperet.
2463 552 2482 586 ι
2531 532 2720 601 Nemo,
2754 535 2919 602 enim,
2951 541 3131 605 potest
3169 533 3354 588 dicere
3399 533 3586 588 Domi-

2011 640 2136 677 num
2167 623 2352 680 Iesum
2382 625 2484 680 nisi
2512 625 2566 679 in
2594 624 2798 693 Spiritu
2829 625 3105 682 sancto".
3135 642 3155 676 ι
3188 624 3433 679 Nondum
3464 633 3588 681 erat

2008 714 2245 783 Spiritus
2281 715 2459 781 datus,
2499 717 2621 786 quia
2672 715 2830 771 Iesus
2886 716 3124 770 nondum
3161 725 3280 770 erat
3309 715 3584 785 glorifica-

2012 806 2187 862 tus".
2220 826 2238 857 ι
2276 806 2550 861 Fortassis
2603 807 2767 860 etiam
2826 820 3166 873 consequens
3200 816 3337 870 erat,
3377 815 3455 871 ut,
3491 807 3582 875 qui

2008 913 2105 968 per
2156 899 2314 953 (idem
2353 911 2574 953 noverat
2616 897 2826 961 Iesum,
2855 907 2907 951 et
2940 913 3131 952 rursus
3185 898 3237 951 in
3272 900 3414 952 atrio
3449 899 3583 968 legis

2007 989 2315 1053 umbratilis
2347 989 2511 1061 198
2535 990 2949 1053 immorabatur,
2969 1000 3200 1057 seseque
3224 987 3440 1053 litterae,
3463 1005 3585 1060 qua:

2006 1080 2210 1135 occidit
2272 1082 2543 1137 ministris
2584 1082 2963 1136 immiscuerat
3009 1080 3078 1136 ab
3138 1081 3357 1145 ancilla,
3397 1081 3582 1150 legali,

2007 1175 2251 1243 inquam,
2283 1174 2432 1230 cultu
2467 1176 2535 1230 ad
2575 1175 2856 1228 veritatem
2886 1176 3189 1243 negandam
3235 1175 3584 1243 pertrahere-

2004 1274 2117 1330 tur,
2149 1267 2325 1323 donec
2347 1266 2684 1334 apostolicus
2728 1280 2911 1320 sermo
2950 1265 3125 1320 instar
3165 1265 3415 1319 canentis
3460 1264 3584 1334 galli

2010 1360 2143 1415 diem
2180 1361 2301 1414 lldei
2333 1361 2596 1416 nuntians
2638 1359 2840 1415 clarius
2871 1359 3136 1414 clamaret
3167 1376 3181 1412 :
3218 1377 3238 1410 ι
3288 1352 3401 1412 Nox
3448 1373 3586 1428 prae-

2005 1452 2193 1517 cessit,
2237 1452 2353 1507 dies
2397 1464 2578 1508 autem
2630 1452 3177 1522 appmpiuqnavit";
3224 1471 3244 1505 ι
3282 1461 3411 1505 tunc
3456 1466 3587 1504 vero

2006 1542 2076 1597 ab
2119 1544 2310 1598 umbra
2356 1544 2490 1615 legis
2522 1561 2799 1615 egressus,
2832 1544 2988 1599 ﬂeret
3023 1559 3245 1611 amare;
3276 1543 3582 1598 amaritiem

2005 1637 2216 1690 scilicet
2256 1636 2507 1706 legalium
2543 1638 2990 1691 observationem
3026 1651 3122 1704 per
3153 1635 3425 1705 lacrymas
3458 1650 3588 1689 eva-

2004 1736 2216 1780 cuaret.
2249 1726 2343 1780 Sic
2375 1726 2522 1781 enim
2549 1735 2605 1780 et
2640 1726 2835 1781 Petrus
2865 1740 2972 1779 non
3021 1723 3191 1787 licvit,
3227 1725 3351 1779 dum
3385 1726 3588 1779 mansit

2006 1818 2058 1872 in
2088 1818 2249 1880 atrio,
2279 1818 2371 1872 sed
2400 1827 2689 1889 postquam
2719 1833 2782 1874 ex
2832 1820 3008 1880 lactis,
3044 1827 3100 1873 et
3128 1818 3311 1883 dictis,
3338 1828 3394 1871 et
3427 1816 3584 1883 locis,

2003 1926 2127 1981 quae
2157 1918 2215 1965 ιιι
2241 1910 2528 1966 Dominum
2564 1918 2787 1979 negaret
2815 1910 3133 1975 effecerant,
3195 1924 3254 1964 se
3300 1907 3586 1962 subduxit.

2004 1997 2176 2055 Porro
2216 2007 2396 2053 autem
2429 2001 2494 2054 ad
2526 2001 2757 2069 primam
2790 1999 2936 2055 Petri
2971 1999 3315 2069 negationem
3343 1998 3589 2053 cantavit
3650 2048 3654 2052 .

2004 2090 2198 2158 gallus.
2225 2088 2328 2145 Ubi
2361 2107 2491 2146 vero
2520 2090 2759 2161 reliquas
2794 2092 2930 2144 duas
2960 2090 3177 2160 adjecit,
3211 2099 3342 2144 tunc
3388 2089 3585 2144 iterum

2005 2181 2181 2251 gallus
2247 2182 2524 2248 cantavit;
2579 2190 2746 2251 atque
2798 2181 2873 2236 ita
2933 2181 3384 2250 intelligendum,
3442 2181 3586 2250 quod

2004 2275 2214 2330 dictum
2255 2284 2341 2329 est
2373 2291 2400 2329 a
2435 2274 2617 2329 Marco
2654 2291 2669 2326 τ
2704 2293 2723 2326 ι
2759 2274 3064 2343 Antequam
3090 2273 3262 2344 gallus
3286 2274 3368 2328 bis
3398 2289 3584 2328 vocem

2005 2367 2236 2431 dederit.
2271 2380 2356 2423 ter
2394 2382 2480 2422 me
2514 2381 2573 2423 es
2611 2376 2910 2438 negaturus
2935 2364 3003 2420 “.
3039 2384 3058 2418 ι
3097 2365 3202 2421 Sed
3236 2364 3432 2421 Petrus
3459 2367 3587 2421 dum

2006 2460 2326 2530 trepidaret,
2361 2460 2541 2514 adhuc
2593 2474 2701 2514 non
2754 2459 2942 2515 statim
2974 2458 3188 2526 lapsum
3221 2472 3343 2513 esse
3372 2473 3432 2512 se
3459 2473 3590 2512 sen-

2003 2550 2114 2617 sit;
2171 2550 2432 2605 Dominus
2463 2564 2593 2604 vero
2632 2558 2952 2612 conversus,
3001 2551 3259 2619 quoniam
3323 2552 3502 2604 verbis
3535 2550 3587 2605 ei

2002 2642 2336 2713 exprobrare
2359 2657 2467 2696 non
2486 2641 2703 2706 licebat,
2725 2642 3005 2696 oculorum
3023 2641 3272 2710 coniectu
3300 2643 3587 2696 conscien-

2004 2735 2131 2789 tiam
2165 2734 2363 2804 arguit.
2409 2734 2502 2788 llle
2535 2746 2666 2788 vero
2698 2733 2960 2788 continuo
2992 2748 3059 2786 ex
3089 2732 3381 2803 impiorum
3420 2733 3584 2797 atrio,

2005 2834 2063 2880 ut
2088 2840 2157 2881 ne
2198 2841 2296 2896 per
2321 2826 2595 2896 lacrymas
2629 2824 3152 2894 deprehenderetur,
3201 2835 3255 2877 et
3289 2822 3587 2892 discipulus

2003 2931 2128 2973 esse
2151 2916 2514 2985 judicaretur,
2545 2916 2838 2978 excedens,
2863 2928 3049 2969 amare
3075 2915 3399 2983 deploravit,
3426 2929 3589 2984 nega-

2019 3011 2184 3066 tionis
2239 3010 2658 3064 amaritudinem
2740 3006 2997 3078 lacrymis
3054 3007 3262 3063 dulcem
3321 3006 3586 3061 elliciens.

307 3099 653 3171 ὠλοφύρετο,
683 3100 781 3170 τὴν
805 3101 871 3153 ὲκ
904 3100 1005 3169 τῆς
1029 3100 1315 3171 ἀρνήσεως
1338 3101 1565 3173 πικρίαν
1589 3102 1897 3170 γλυκαίνων

2006 3102 2127 3156 Haec
2157 3102 2324 3172 igitur
2359 3117 2456 3172 per
2484 3111 2701 3155 noctem
2739 3110 2894 3169 gesta
2921 3108 3049 3154 sunt

306 3196 430 3257 τοῖς
450 3194 710 3264 δάκρυσι.
743 3193 931 3246 Ταῦτα
960 3193 1062 3263 μὲν
1090 3192 1185 3246 οὖν
1225 3196 1282 3246 ὲν
1318 3196 1478 3248 νυκτὶ
1522 3194 1896 3264 διεπράττετο.

389 3305 412 3336 ι
444 3286 668 3358 Πρωῖας
693 3285 750 3339 δὲ
778 3285 1101 3356 γενομένης,
1130 3285 1461 3357 συμϐούλιον
1482 3286 1675 3341 ἔλαϐον
1697 3286 1900 3350 πάντες

307 3381 355 3433 oi
388 3379 671 3449 ἀρχιερεῖς
700 3380 795 3432 καὶ
832 3380 879 3432 oi
928 3379 1293 3450 πρεσϐύτεροι
1333 3377 1427 3433 τοῦ
1455 3379 1588 3432 λαοῦ
1638 3380 1779 3433 κατά
1803 3379 1898 3432 τοῦ

319 3469 529 3543 Ἰησοῦ,
545 3469 686 3523 ὥστε
712 3469 1025 3524 θανατῶσαι
1042 3471 1202 3524 αὐτόν
1221 3486 1237 3500 ⁸
1269 3471 1361 3526 καὶ
1393 3470 1656 3542 δήσαντες
1679 3473 1899 3540 ἀπήγα-

308 3583 437 3637 γον,
479 3567 574 3621 καὶ
600 3565 930 3637 παρέδωκαν
961 3567 1125 3619 αὑτὸν
1152 3566 1365 3638 Ποντίῳ
1413 3565 1636 3637 nam?
1665 3565 1743 3636 τῷ
1769 3569 1901 3635 ἠγε-

313 3660 466 3730 μόνι.
514 3677 532 3710 ι
567 3659 659 3729 Μὴ
701 3657 1066 3729 παρέλθωμεν
1104 3658 1402 3722 ἀσκέπτως
1423 3658 1483 3712 τὸ
1506 3658 1594 3713 διὰ
1628 3658 1727 3729 τῆς
1751 3658 1899 3711 ἱστο-

310 3750 443 3822 ρίας
463 3747 817 3819 δηλούμενον,
849 3747 970 3812 πῶς
994 3751 1043 3802 oi
1081 3746 1181 3819 μὲν
1209 3748 1457 3819 μαθηταὶ
1480 3748 1893 3803 σκανδαλισθένο

307 3857 409 3903 τες
447 3840 505 3891 ὲν
540 3838 700 3893 νυκτὶ
723 3838 823 3892 οὐκ
846 3840 1198 3911 ἔκκρίνονται
1227 3856 1240 3868 ·
1286 3840 1421 3909 φησι
1456 3839 1567 3910 γὰρ
1599 3841 1627 3893 6
1673 3841 1895 3911 Σωτήρ·

314 3950 336 3986 ι
383 3930 602 3993 Πάντες
656 3931 818 4001 ὑμεῖς
886 3930 1422 4002 σκανδαλισθήσεσθε
1495 3933 1555 3985 ἐν
1607 3935 1672 4004 τῇ
1735 3935 1894 3988 νυκτὶ

305 4024 508 4094 ταύτῃ.
548 4042 568 4074 ι
608 4023 774 4079 ’Δλλὰ
827 4024 922 4078 καὶ
984 4024 1192 4093 Πέτρος
1226 4023 1424 4088 νυκτὸς
1475 4026 1747 4097 ἀρνεῖται,
1803 4027 1895 4081 καὶ

306 4115 764 4185 συγγινώσκεται
787 4131 802 4146 ο
839 4110 986 4170 οὗτοι
1025 4116 1082 4169 δὲ
1116 4119 1334 4187 πρωίας
1362 4118 1669 4189 γενομένης
1719 4137 1901 4189 παρα-

306 4211 504 4271 δόντες
534 4208 626 4261 τὸν
654 4206 883 4278 Κύριον,
920 4207 1301 4275 ἀσύγγνωστοι
1341 4210 1744 4279 μεμενήκασιν.
1777 4211 1899 4263 Ἐν·-

307 4297 514 4355 τεῦθεν
539 4295 929 4368 διδασκόμεθα,
969 4295 1044 4360 ὡς
1071 4296 1141 4350 τὰ
1167 4297 1268 4367 μὲν
1310 4302 1369 4351 ὲν
1411 4298 1606 4371 ἀγνοίᾳ
1639 4300 1735 4353 καὶ
1781 4300 1898 4353 νεό-

306 4410 440 4462 τητι
464 4389 780 4460 σφάλματα,
808 4388 882 4453 ὡς
904 4390 963 4442 ὲν
988 4390 1143 4443 νυκτὶ
1183 4390 1278 4442 καὶ
1308 4392 1488 4462 σκότῳ
1520 4392 1893 4463 πραττόμενα,

2080 3318 2100 3353 ι
2145 3297 2303 3353 Mane
2336 3280 2515 3351 autem
2548 3295 2712 3360 facto,
2784 3292 3071 3350 consilium
3118 3294 3362 3350 inierunt
3394 3310 3587 3350 omnes

2004 3392 2280 3462 principes
2318 3391 2693 3451 sacerdotum,
2724 3397 2779 3442 et
2824 3389 3071 3443 seniores
3114 3388 3293 3458 populi
3324 3388 3588 3442 adversus

2002 3478 2211 3548 Iesum,
2270 3490 2330 3535 ut
2382 3496 2503 3537 eum
2543 3479 2705 3535 morti
2760 3478 3040 3534 traderent
3075 3498 3089 3534 :
3119 3489 3173 3532 et
3213 3480 3450 3533 vinctum
3487 3480 3587 3532 ad-

2005 3577 2304 3637 duxerunt,
2351 3582 2403 3627 et
2457 3572 2802 3627 tradiderunt
2835 3572 3030 3626 Pontio
3068 3570 3247 3626 Pilato
3284 3571 3521 3642 praesidi.
3559 3590 3579 3623 ι

2004 3666 2081 3721 Ne
2112 3666 2244 3722 illud
2281 3667 2381 3721 hoc
2426 3664 2545 3718 loco
2578 3665 2876 3718 observare
2908 3665 3414 3733 praetermittamus,
3442 3663 3582 3731 quod

2003 3772 2100 3830 per
2160 3758 2445 3813 historiam
2510 3756 2829 3820 indicatur,
2888 3773 2994 3826 qua
3056 3757 3272 3810 ratione
3332 3753 3583 3820 discipuli

2004 3853 2218 3920 quidem
2247 3850 2301 3904 in
2329 3861 2488 3903 nocte
2516 3848 2869 3904 scandaliztti
2907 3864 3012 3902 non
3040 3846 3402 3916 reprobantur
3430 3844 3583 3913 (58);

2002 3944 2078 3997 ait
2125 3942 2395 4009 siquidem
2449 3940 2749 3994 Dominus:
2791 3958 2810 3991 ι
2867 3940 3069 3993 Omnes
3116 3951 3213 3991 vos
3263 3934 3583 3989 scandalum

2002 4034 2277 4105 patiemini
2305 4036 2361 4087 in
2392 4047 2477 4086 me
2510 4033 2560 4085 iu
2593 4042 2750 4086 nocte
2780 4032 2903 4085 ista.
2942 4050 2959 4081 ι
3008 4029 3147 4095 Quin
3186 4027 3354 4080 etiam
3386 4025 3587 4080 Petrus

2002 4127 2054 4181 in
2090 4136 2246 4181 nocte
2292 4134 2474 4194 negat,
2533 4132 2591 4178 et
2640 4124 2853 4177 Veniam
2885 4123 3131 4188 obtinet;
3171 4122 3224 4176 hi
3259 4134 3389 4175 vero
3423 4133 3588 4174 mane

2004 4216 2167 4282 facto,
2198 4215 2481 4271 tradentes
2515 4215 2802 4268 Dominum
2838 4214 2957 4266 sine
2980 4212 3136 4266 venia
3175 4220 3580 4266 remanserunt.

2004 4308 2140 4362 llinc
2174 4322 2308 4362 sane
2356 4308 2636 4370 docemur,
2673 4321 2792 4375 qua:
2836 4320 2933 4374 per
2962 4303 3329 4374 ignorantiam
3367 4312 3421 4358 et
3452 4312 3587 4357 teta-

2003 4398 2073 4453 tis
2117 4396 2491 4452 inﬁrmitatem
2547 4396 2692 4452 velut
2748 4396 2799 4449 in
2860 4406 3040 4458 nocte,
3076 4395 3424 4464 tenebrisque
3458 4409 3589 4464 ρος-

301 4454 710 4553 εύ-σύγγνωστα
733 4482 946 4551 γίνεται
967 4498 981 4513 ·
1008 4482 1078 4536 τά
1105 4481 1160 4535 δὲ
1193 4484 1251 4536 ὲν
1291 4454 1478 4553 ἡλικία
1507 4454 1712 4555 τελείᾳ,
1734 4454 1840 4537 ’ὅτε
1868 4486 1896 4538 6

2006 4502 2239 4558 cantur,
2287 4490 2451 4547 facile.
2491 4489 2822 4552 condonari;
2864 4500 2986 4557 quae
3034 4502 3167 4543 vero
3211 4484 3588 4557 perleclajam

302 4573 473 4642 λόγος
500 4569 840 4640 ὲπιλάμψας,
870 4569 1129 4639 γνώσεως
1161 4570 1287 4636 ἀξια
1331 4572 1605 4642 κρίνεται.
1649 4570 1900 4629 Ἰουδαῖοι

2006 4592 2173 4649 etate,
2209 4596 2330 4639 cum
2382 4584 2520 4639 ratio
2542 4584 2740 4646 elucet,
2766 4583 3078 4652 cognitione
3100 4597 3163 4636 ac
3186 4580 3395 4649 judicio
3419 4579 3583 4648 digna

299 4662 405 4716 οὖν
462 4660 802 4731 παραδόντες
863 4658 1156 4730 Ῥωμαίοις
1201 4662 1294 4714 τὸν
1328 4661 1555 4732 Κύριον,
1588 4667 1710 4727 ταῖς
1759 4663 1896 4720 Ῥω-

2006 4675 2250 4748 iudicarj.
2281 4673 2453 4731 Judaei
2484 4675 2651 4744 igitur
2675 4690 2798 4730 cum
2837 4672 3100 4729 Romanis
3143 4672 3434 4726 Dominum
3470 4680 3587 4724 tra-

303 4753 497 4830 μαίων
534 4752 877 4825 πολιορκίαις
908 4753 1064 4805 αὐτοὶ
1093 4746 1492 4827 παρεδόθησαν,
1526 4758 1622 4810 καὶ
1647 4759 1747 4823 τὰς
1787 4759 1899 4813 τῶν

2006 4746 2287 4832 uidissent,
2319 4767 2690 4821 Romanorum
2740 4766 2841 4835 ipsi
2898 4762 3164 4819 obsidioni
3195 4762 3381 4816 traditi
3418 4769 3589 4825 sunt;

300 4845 616 4918 προφητῶν
638 4845 779 4918 ἀρὰς
809 4845 893 4907 είς
933 4846 1164 4910 ἑαυτοὺς
1191 4848 1612 4903 ἐπεσπάσαντο·
1652 4871 1671 4904 ι
1696 4854 1899 4920 Καθὼς

2006 4869 2047 4917 ιι
2075 4862 2463 4933 prophetarum
2492 4860 2640 4914 diras
2672 4860 2739 4912 ad
2776 4872 2834 4912 se
2870 4864 3257 4926 pertraxerunt
3285 4870 3299 4907 :
3359 4871 3377 4903 ι
3410 4851 3586 4906 Sicuti

301 4939 601 5010 ἐποίησας,
632 4940 767 5009 φησὶ
795 4939 934 5011 πρὸς
955 4938 1057 5011 τὴν
1086 4940 1411 5010 συναγωγὴν
1463 4940 1702 5010 ’Δϐδιοῦ,
1723 4947 1901 5014 οὕτως

2006 4952 2195 5020 fecisti,
2230 4954 2306 5008 ait
2338 4954 2405 5007 ad
2442 4951 2785 5024 Synagogam
2826 4947 3055 5013 Abdias,
3092 4947 3173 5002 sic
3217 4946 3322 5001 erit
3359 4943 3451 5000 tibi
3488 4953 3589 5002 :et

381 5073 470 5146 "ll
502 5074 630 5131 Cor.
676 5089 778 5140 stt,
809 5076 863 5131 '5.
940 5077 988 5109 ⁷⁸
1007 5074 1165 5132 Ioan.
1194 5093 1294 5148 vn,
1321 5080 1411 5136 39.
1486 5082 1531 5116 τ’
1556 5080 1714 5138 Rom.
1757 5102 1876 5153 xm,

2065 5088 2112 5120 ⁸⁸
2131 5088 2300 5144 Marc.
2336 5102 2447 5147 xw.
2476 5086 2567 5141 50.

1556 5203 1872 5266 Francisci
1907 5204 2118 5268 Suorsi
2154 5211 2346 5267 notat.

1991 5349 2145 5395 mea,
2173 5345 2222 5388 ει
2257 5333 2590 5401 ignorantia
2630 5343 2771 5383 mea:
2804 5347 2877 5401 _ne
2923 5331 3247 5394 mentium-is,
3299 5328 3531 5401 Domine
3561 5342 3584 5382 :

1991 5403 2044 5457 in
2075 5419 2235 5472 quem
2271 5398 2445 5457 locum
2481 5404 2760 5462 Bell:d1n.,
2788 5398 3200 5464 Commemorat,
3224 5399 3418 5472 inquit.
3464 5414 3586 5460 pee-

1997 5470 2121 5527 εαία
2149 5474 2482 5543 juventutis,
2506 5481 2554 5524 et
2589 5472 2955 5543 ignorantiae,
2987 5473 3040 5522 id
3077 5483 3149 5523 est
3195 5470 3390 5543 delicta
3439 5483 3587 5543 cont-

382 5331 500 5399 (38)
549 5328 670 5383 Non
754 5329 1126 5393 "probantur.
1188 5328 1522 5398 Exemplar-ia
1594 5348 1730 5390 mss.
1789 5333 1891 5388 hoc

297 5404 434 5465 loco
465 5403 662 5455 habent
701 5399 1077 5465 ικκλίνονται;
1120 5403 1217 5454 sed
1251 5401 1424 5457 facilis
1456 5416 1613 5457 error
1650 5407 1893 5471 irrepere

297 5471 488 5541 potuit
514 5472 629 5545 uti
663 5485 760 5534 pro
790 5490 821 5540 ρ
855 5471 1227 5545 ⁸εει-ιιιυινιιιιν.
1276 5471 1656 5545 Ἐκκρίνονται
1741 5474 1890 5530 enim

296 5539 508 5611 sensus
538 5542 750 5594 videtur
781 5539 1019 5611 exigere,
1060 5550 1118 5593 ut
1153 5551 1318 5607 patet.
1372 5539 1559 5611 Itaque
1586 5546 1667 5598 sic
1700 5558 1891 5597 enteu-
1998 5539 2165 5598 misso
2195 5559 2260 5596 ea:
2286 5539 2621 5610 inﬁrmitate,
2655 5551 2702 5591 et
2729 5540 3052 5608 ignorantia,
3076 5544 3203 5610 quia
3234 5540 3366 5611 insi:
3416 5539 3586 5611 magis

296 5610 437 5666 tlavi
466 5618 521 5666 et
576 5611 743 5665 edidi.
806 5607 1078 5684 Czeternm
1118 5611 1264 5684 quod
1307 5607 1639 5684 pertitict_atl
1683 5614 1891 5684 morale
1987 5612 2303 5684 quantum:
2328 5607 2567 5665 conuenit
2588 5607 2989 5684 misericordia,
3024 5607 3176 5679 juxta
3238 5610 3369 5664 illud
3423 5607 3577 5663 Pauli

293 5684 722 5751 documentum,
750 5683 981 5750 quodex
1003 5680 1891 5751 historiamoresuoTheophanes
1988 5680 2102 5739 [ad
2131 5683 2272 5737 Tim.
2310 5695 2431 5749 cap.
2471 5696 2532 5734 t:
2578 5680 3007 5736 Misericordiam
3064 5691 3377 5736 consecutus
3440 5694 3584 5742 sum.

293 5750 516 5822 educit,
567 5751 697 5808 facit
759 5752 886 5807 illud
943 5751 1086 5807 l’sal.
1134 5766 1307 5808 xxiv:
1350 5750 1549 5807 Delicta
1584 5750 1887 5823 jur’entulia
1983 5755 2109 5815 quia
2135 5754 2388 5825 ignorans
2419 5750 2546 5821 feci.
