4018 6206
303 349 414 411 585

1630 336 1962 399 IIOMILIA
2001 333 2245 399 XXVII.

3456 320 3559 385 εει

305 458 451 511 λαῶν
477 473 489 485 ·
520 454 680 526 ἡμῶν
702 471 759 507 τε
779 453 889 507 τῶν
919 454 978 519 ἐξ
1005 451 1177 506 ἐθνῶν
1227 448 1660 513 πιστευσάντων,
1693 447 1882 501 κάκεί-

2003 446 2194 514 ntiquis
2230 451 2505 513 reputatus
2527 443 2692 496 est".
2728 461 2745 494 ι
2776 440 2844 496 Et
2866 441 3027 495 simul
3050 440 3169 495 btec
3193 439 3419 493 duorum
3442 446 3562 493 erat

303 568 413 603 νων
445 547 557 600 τῶν
581 550 646 599 ὲκ
703 544 1010 615 περιτομῆς
1036 559 1053 576 ο
1088 544 1391 614 ἀμφότεροι
1441 543 1552 613 γὰρ
1580 536 1725 611 ἦμεν
1763 540 1886 593 ἄνο-

310 658 425 711 μοι,
460 640 558 693 καὶ
588 640 743 706 σφίσι
775 637 973 708 λῃσταί
996 652 1012 668 σ
1040 637 1089 688 οί
1125 635 1223 705 μὲν
1266 634 1577 706 παραϐάται
1604 631 1697 685 τοῦ
1720 632 1884 700 νόμου

303 732 400 786 τοῦ
432 730 693 802 φυσικοῦ,
724 730 776 783 οἱ
799 730 853 782 δὲ
882 728 1021 800 πρὸς
1050 727 1335 798 τούτῳκαὶ
1361 726 1454 780 τοῦ
1504 725 1777 797 γραπτοῦ.

278 950 288 989 δ
381 1025 409 1058 ι
444 1004 560 1059 Καὶ
618 1002 899 1073 ἐπέθηκαν
950 1000 1051 1071 τὴν
1088 999 1274 1053 αίτῖαν
1301 998 1488 1051 ἐπάνω
1512 996 1610 1067 τῆς
1641 994 1887 1065 κεφαλῆς

307 1098 480 1153 αὐτοῦ
551 1095 989 1165 γεγραμμένηνο
1015 1086 1185 1153 Οὗτός
1226 1092 1375 1143 ἐστιν
1401 1090 1429 1141 ὁ
1484 1088 1737 1158 βασιλεὺς
1781 1087 1890 1139 τῶν

319 1190 617 1245 Ἰουδαίων.
654 1206 674 1239 ι
720 1186 943 1257 Ἐπειδὴ
995 1186 1070 1255 μὴ
1129 1184 1344 1255 προσῆν
1408 1181 1557 1252 αύτῷ
1612 1180 1888 1251 ἔγκλημα,

306 1281 643 1350 τυραννικὴν
695 1276 850 1347 αὐτῷ
905 1277 1153 1330 ἐπίθεσιν
1198 1275 1485 1346 προσάψαι
1547 1272 1888 1344 βουλόμενοι,

305 1374 589 1444 γραφῆναι
626 1370 717 1425 τὸν
742 1370 921 1423 τίτλον
946 1367 1389 1439 παρεσκεύασαν.
1431 1366 1571 1418 Ἀλλ’
1588 1368 1615 1417 ὁ
1634 1365 1890 1425 Πιλάτος,

306 1462 662 1535 στηλητεύων
715 1460 897 1515 αὐτῶν
951 1460 1012 1512 τὸ
1046 1457 1343 1530 κακόηθες,
1376 1457 1472 1510 καὶ
1526 1455 1717 1525 ὥσπερ
1758 1456 1894 1506 ἁπο-

305 1557 663 1625 λογούμενος,
713 1555 790 1617 ὡς
845 1552 912 1605 ἂν
948 1553 1023 1622 μή
1050 1569 1134 1615 τις
1185 1550 1444 1603 κοινωνὸν
1468 1549 1632 1602 αὐτὸν
1651 1550 1763 1610 τοῖς
1796 1544 1894 1616 λῃ-

310 1651 469 1711 σταῖς
494 1647 681 1718 οἰηθῇ,
711 1645 901 1716 ὥσπερ
943 1647 1058 1708 τοῖς
1101 1644 1382 1706 Ἰουδαίοις
1427 1641 1755 1710 σπούδασμα
1799 1634 1891 1710 ἦν,

302 1739 401 1791 διὰ
439 1738 541 1807 τῆς
573 1737 670 1790 τοῦ
729 1736 912 1789 τίτλου
965 1735 1281 1807 ἐπιγραφῆς
1340 1736 1664 1804 ὲπιφράττει
1685 1731 1893 1785 τούτων

307 1830 678 1899 τὰιστόματα,
701 1828 779 1892 ὡς
812 1829 906 1881 ἐπὶ
932 1828 1202 1897 τροπαίου
1234 1826 1379 1890 τινὸς
1408 1824 1804 1896 ἀναστηλώσας
1823 1823 1892 1877 τὰ

306 1922 780 1994 γράμματνκαὶ
856 1922 1056 1984 αὐτοὺς
1123 1920 1225 1991 μὲν
1270 1918 1654 1990 καταισχύνων
1709 1916 1893 1987 ὅτιτῷ

311 2015 474 2083 σφῶν
521 2012 740 2083 βασιλεῖ
798 2011 1206 2082 ἐπανέστησαν,
1240 2010 1403 2063 αὐτὸν
1458 2010 1515 2062 δὲ
1550 2011 1639 2063 ἐπ’
1668 2010 1894 2079 οὐδεμιᾷ

309 2107 472 2176 αἰτίᾳ
524 2105 770 2159 παθόντα
831 2104 1050 2166 δεικνύς
1075 2120 1090 2134 ⁸
1125 2104 1221 2157 καὶ
1268 2103 1329 2155 οὐ
1362 2105 1463 2173 μιᾷ
1490 2103 1732 2175 γλώττῃ,
1759 2101 1898 2155 ἀλλὰ

307 2199 500 2269 τρισὶν
526 2198 770 2259 ἁπάσαις
803 2199 1011 2265 φωναῖς
1042 2195 1143 2265 τὴν
1172 2195 1447 2250 Ἰουδαίων
1469 2196 1669 2266 μανίαν
1695 2193 1893 2266 δηλῶν.

323 2288 671 2359 ’ῼκονόμητο
705 2287 760 2341 δὲ
786 2290 821 2358 ἡ
881 2286 978 2340 τοῦ
1033 2287 1217 2341 τίτλου
1247 2286 1456 2358 γραφὴ,
1496 2287 1585 2340 ἵνα
1616 2285 1844 2358 ὕστερον
1869 2286 1899 2338 ὁ

308 2380 416 2434 τοῦ
446 2379 659 2449 Κυρίου
717 2379 952 2448 σταυρὸς
991 2378 1207 2449 μηνυθῇ
1229 2393 1244 2408 '
1280 2378 1491 2431 άτιτλοι
1543 2378 1651 2447 γὰρ
1678 2372 1821 2449 ἦσαν
1849 2377 1899 2429 oi

306 2472 429 2522 τῶν
477 2469 715 2541 λῃστῶν.
765 2468 827 2522 'H
882 2469 1067 2538 μέντοι
1103 2469 1268 2540 τριχὴ
1320 2469 1416 2522 τοῦ
1448 2469 1627 2523 τίτλου
1688 2470 1898 2541 γραφὴ,

307 2563 491 2626 ἔδειξε
538 2564 632 2615 τὸν
682 2562 1069 2632 σταυρωθέντα
1124 2561 1350 2633 βασιλέα
1400 2563 1770 2634 προακτικῆς,
1804 2564 1900 2617 κα)⁵

311 2657 583 2725 φυσικῆς,
620 2659 713 2708 καὶ
741 2656 1074 2726 ϐεολογικῆς
1116 2655 1458 2726 φιλοσοφίας.
1506 2655 1769 2726 Ῥωμαῖοι
1803 2657 1902 2726 μὲν

309 2747 398 2808 ὡς
455 2746 869 2816 ἁνδρικὼτεροι,
929 2746 1029 2814 τῆς
1091 2746 1403 2816 πρακτικῆς
1442 2747 1549 2799 είσι
1594 2747 1900 2816 σύμΰολον·

310 2837 587 2905 Ἕλληνες
613 2838 670 2890 δὲ
704 2837 803 2906 τῆς
831 2841 1091 2906 φυσικῆς,
1117 2838 1194 2900 ὡς
1222 2837 1462 2892 ἐνταῦθα
1507 2838 1904 2910 ἐνασχολούμε-

312 2946 408 2983 vo:
428 2946 444 2960 ·
482 2929 574 2982 διὰ
603 2929 662 2981 δὲ
691 2927 787 2981 τοῦ
831 2926 1137 2995 Ἐϐραϊστὶ,
1165 2930 1197 2998 ἡ
1225 2928 1475 2996 θεολογία
1507 2930 1805 2995 δέδεικται,
1827 2931 1906 2994 ὡς

312 3022 694 3081 ἀνατιθέντων
737 3022 1009 3095 Ἐϐραίων
1036 3020 1302 3076 ἀνέκαθεν
1331 3021 1409 3094 τῷ
1443 3020 1583 3094 Θεῷ.

1991 538 2307 606 pepulurmn
2341 533 2777 605 prmsignilicatio
2803 551 2816 587 :
2845 542 2899 587 et
2933 540 3176 587 nostrum
3202 529 3444 601 quidem,
3468 529 3561 599 qui

1989 643 2055 683 ex
2091 629 2344 698 gentibus
2379 627 2736 689 credidimus,
2784 633 2837 679 et
2868 639 3053 678 eorum
3090 622 3182 694 qui
3215 638 3281 678 ex
3325 623 3562 676 circum-

1990 721 2198 776 cisione
2235 732 2411 777 erant.
2443 719 2615 773 Ambo
2644 719 2789 774 enim
2823 732 3042 773 eramus
3072 718 3266 786 iniqui,
3294 726 3351 771 et
3390 716 3562 771 latro.

1994 826 2088 865 nes
2138 811 2409 876 invicem;
2468 825 2566 865 nos
2601 808 2863 863 naturalis
2911 807 3067 877 legis,
3115 807 3189 862 illi
3218 823 3348 862 vero
3397 808 3563 887 etiam

1991 902 2208 971 scriptae
2239 912 2684 970 transgressores.
3512 886 3515 887 ⁷
3632 886 3637 889 ⁷

2070 1013 2089 1045 ι
2136 993 2202 1048 Ει
2232 1003 2528 1063 posuerunt
2568 1009 2731 1061 super
2764 1000 2923 1062 caput
2962 991 3082 1061 ejus
3127 1006 3346 1046 causam
3398 992 3569 1061 ipsius

1993 1088 2248 1155 scriptam
2286 1103 2300 1137 :
2340 1084 2439 1140 llic
2464 1094 2657 1139 estrex
2686 1083 3017 1140 Judteorunt.
3054 1102 3072 1135 ι
3116 1082 3250 1149 Quia
3283 1082 3484 1136 nullum
3513 1084 3567 1136 in

1994 1192 2061 1231 eo
2093 1177 2265 1231 inerat
2292 1177 2518 1243 crimen,
2551 1186 2608 1229 ut
2640 1175 2768 1228 illud
2793 1173 3057 1229 alieetata:
3089 1172 3391 1242 tyrannidis
3418 1172 3570 1226 aliin-

1994 1277 2206 1340 gercnt,
2247 1269 2457 1323 titulum
2505 1270 2849 1324 scribendum
2883 1279 3168 1323 curarunt.
3212 1266 3283 1321 At
3343 1265 3571 1331 Pilatus,

1997 1370 2055 1413 ut
2084 1375 2271 1414 eorum
2300 1366 2516 1413 n0taret
2549 1359 2833 1425 malitiam,
2861 1373 2925 1413 ac
2947 1357 3234 1413 Dominum
3274 1357 3443 1411 veluti
3486 1366 3572 1412 tu-

1999 1460 2228 1515 taretur,
2265 1465 2333 1504 ne
2371 1450 2493 1519 quis
2529 1464 2651 1503 eum
2682 1449 2735 1503 in
2766 1448 3044 1505 communi
3093 1463 3213 1503 cum
3269 1447 3574 1502 latronibus

1996 1556 2157 1596 causa
2203 1540 2370 1596 fuisse
2420 1540 2851 1603 existimaret,id
2877 1540 3017 1609 quod
3045 1537 3213 1595 Judaei
3246 1538 3570 1603 studebant;

1997 1648 2094 1704 per
2119 1633 2427 1704 huiusmodi
2463 1631 2601 1687 tituli
2648 1632 3061 1701 inscriptionem
3109 1645 3297 1685 eorum
3343 1629 3576 1686 occlusit

1997 1740 2115 1790 ora,
2148 1739 2212 1779 ac
2239 1723 2400 1779 veluti
2431 1734 2693 1793 tropaeum
2717 1723 2988 1794 quoddam
3006 1722 3215 1777 litteras
3236 1736 3335 1776 eas
3359 1720 3568 1776 erexit:

1999 1829 2056 1872 et
2100 1816 2206 1873 illis
2244 1815 2462 1886 quidem
2507 1817 2768 1886 pudorem
2814 1815 3067 1885 injicieos
3110 1812 3255 1883 quod
3305 1813 3359 1866 in
3411 1827 3572 1866 suum

1998 1910 2241 1979 ipsorum
2281 1909 2482 1979 Regem
2515 1908 2836 1963 seditionem
2878 1908 3198 1970 movissent,
3232 1905 3407 1974 ipsum
3445 1918 3574 1958 vero

1997 2002 2145 2057 nulla
2176 2016 2337 2057 causa
2370 2002 2645 2064 meritum,
2680 2007 2739 2054 ut
2769 2008 3070 2069 pateretur,
3107 1997 3426 2061 ostendens,
3473 2010 3576 2050 nec

1996 2110 2127 2151 vero
2152 2109 2256 2149 una
2289 2092 2492 2163 lingua,
2537 2092 2632 2148 sed
2664 2092 2916 2147 omnibus
2972 2090 3147 2145 tribus
3177 2089 3422 2145 dialectis
3476 2088 3573 2144 Ju—

2001 2188 2239 2242 dazornm
2292 2185 2562 2242 insaniam
2612 2185 2869 2254 prodens.
2923 2182 3050 2238 Hzec
3107 2198 3238 2238 vero
3295 2182 3439 2237 tituli
3491 2183 3573 2236 in-
3620 2218 3627 2229 ι

1998 2278 2226 2348 scriptio
2262 2286 2412 2332 certo
2468 2276 2693 2331 consilio
2739 2276 3002 2344 disposita
3050 2274 3176 2340 fuit,
3224 2284 3286 2329 ut
3343 2276 3574 2344 posteris

1999 2379 2147 2427 esset
2173 2369 2397 2436 indicio,
2434 2384 2555 2438 qua:
2589 2383 2723 2423 crux
2754 2366 2968 2422 Domini
3016 2366 3231 2421 fuisset.
3276 2366 3572 2423 Latronutn

2003 2463 2199 2532 quippe
2253 2476 2443 2516 cruces
2498 2459 2855 2530 inscriptione
2902 2462 3183 2516 carebant.
3233 2459 3388 2527 Quod
3447 2476 3577 2517 vero

2006 2553 2201 2623 triplici
2237 2552 2431 2623 lingua:
2465 2552 2721 2606 idiomate
2747 2554 2985 2621 scriptus
3015 2553 3139 2617 fuit,
3173 2554 3573 2617 ostenditeum,

2002 2644 2093 2712 qui
2122 2654 2278 2699 actus
2311 2644 2362 2697 in
2388 2657 2610 2698 crucem
2645 2651 2786 2709 erat,
2814 2644 2867 2696 in
2914 2644 3059 2697 omni
3090 2643 3430 2713 philosOpliia
3462 2654 3574 2698 lum

2003 2736 2265 2805 practica,
2308 2745 2418 2790 tum
2456 2737 2711 2801 naturali,
2744 2751 2865 2790 cum
2897 2737 3200 2807 theologica
3233 2753 3454 2808 regnum
3481 2739 3580 2793 ob-

2004 2825 2197 2880 tinere.
2232 2824 2461 2879 Romani
2509 2825 2706 2895 quippe
2753 2835 2812 2879 ut
2852 2824 3107 2881 fortiores
3147 2827 3400 2896 practieze
3431 2840 3579 2896 symo

2005 2919 2189 2973 bolum
2230 2925 2392 2985 sunt;
2425 2916 2597 2972 Graeci
2628 2932 2757 2972 vero
2797 2920 3081 2985 naturalis,
3131 2928 3190 2974 ut
3218 2920 3311 2989 qui
3343 2920 3395 2973 in
3426 2935 3486 2974 ea
3518 2935 3577 2974 se

2007 3020 2343 3080 occuparunt
2369 3030 2384 3077 ;
2412 3026 2506 3079 per
2523 3008 2845 3065 Hebraieam
2876 3012 3109 3082 denique
3131 3014 3307 3069 divina
3335 3016 3579 3071 doctrina

1930 3132 1973 3191 ο
2010 3104 2309 3172 signiﬁcata
2347 3112 2450 3169 est,
2475 3103 2677 3174 quippe
2705 3120 2831 3161 cum
2855 3106 2923 3162 ab
2949 3106 3108 3162 initio
3137 3106 3344 3164 Hebraei
3377 3109 3580 3167 fuerint

400 3317 423 3350 ι
464 3299 531 3351 Οἱ
576 3298 634 3351 δὲ
696 3298 1212 3369 παραπορευόμενοι
1275 3297 1666 3369 ἐϐλασφήμουν
1718 3298 1902 3365 αὑτὸν,

314 3391 606 3453 κινοῦντες
637 3391 737 3453 τὰς
762 3392 1013 3459 κεφαλὰς
1042 3391 1224 3444 αὐτῶν
1257 3393 1354 3445 καὶ
1391 3391 1647 3460 λέγοντες
1666 3409 1680 3423 ·
1722 3392 1780 3445 '0
1809 3410 1908 3446 κα-

311 3484 544 3538 ταλύων
568 3483 660 3537 τὸν
696 3484 849 3547 ναὸν,
882 3486 979 3537 καὶ
1018 3485 1078 3536 ὲν
1103 3485 1286 3554 τρισὶν
1320 3485 1552 3557 ἡμέραις
1580 3485 1904 3555 οἰκοδομῶν,

319 3576 507 3631 σῶσον
540 3576 790 3629 σεαυτόν.
821 3576 884 3628 Εἰ
915 3575 1045 3639 Υἱὸς
1075 3570 1129 3628 εἴ
1161 3575 1260 3630 τοῦ
1297 3575 1460 3642 Θεοῦ,
1496 3577 1771 3647 κατάϐηθι
1799 3578 1907 3631 ἀπὸ

314 3667 422 3722 τοῦ
457 3668 713 3740 σταυροῦ.
752 3668 827 3721 Τὸ
875 3668 923 3721 δ’
954 3667 1088 3720 αὐτὸ
1135 3668 1231 3721 καὶ
1259 3669 1309 3721 oi
1341 3668 1561 3740 λῃσταὶ,
1593 3670 1642 3723 οἱ
1668 3687 1905 3724 συσταυ-

319 3760 602 3831 ρωθέντες
656 3760 825 3829 αὐτῷ.
868 3780 886 3812 ι
927 3760 1126 3830 Πρὼην
1158 3760 1259 3831 μὲν
1311 3762 1582 3831 πειράσας
1613 3762 1670 3817 ὲν
1694 3763 1769 3833 τῷ
1790 3765 1906 3835 δρει

317 3853 419 3904 τὸν
454 3850 658 3921 Κύριον
683 3855 711 3904 ὁ
735 3851 1007 3914 διάῦολος,
1042 3850 1139 3904 καὶ
1173 3851 1449 3922 λαμπρῶς
1492 3852 1767 3923 ἡττηθεὶς,
1803 3856 1908 3907 ἀπ·

320 3944 463 4011 ἑστη
498 3942 665 3996 αὑτοῦ
697 3942 802 4009 ἕως
834 3942 1031 4012 καιροῦ
1067 3943 1258 4014 φησὶν,
1294 3946 1321 3997 ὁ
1371 3945 1612 4008 Λουκᾶς.
1661 3946 1752 3998 τὸν
1778 3945 1907 4015 ἄχρι

322 4034 541 4095 πάθους
598 4034 886 4103 σημαίνων
921 4035 1112 4102 καιρόν
1134 4049 1149 4065 ο
1191 4034 1334 4088 κατὰ
1363 4034 1471 4105 γάρ
1495 4038 1556 4089 τὸ
1581 4035 1751 4099 πάθος
1774 4038 1909 4106 ῥαγ-

317 4127 482 4189 δαῖος
539 4128 977 4197 ἐπεισέφρησεν,
1021 4123 1113 4181 οἷά
1134 4145 1216 4190 τις
1259 4128 1634 4193 ἀνυπόστατος
1687 4129 1906 4197 θύελλα,

319 4222 668 4288 πειρασμοῖς
733 4217 1168 4288 ἀλλεπαλλὴλοις
1249 4219 1591 4284 ἀδιαστάτως
1655 4221 1909 4292 πολεμῶν

313 4310 505 4381 αὐτῷ.
544 4310 824 4385 Προδόῖην
850 4310 1111 4379 γενέσθαι
1136 4304 1572 4382 παρασκευάσας
1609 4313 1701 4367 τὸν
1733 4313 1911 4384 μαθη-

313 4405 450 4477 τὴν,
510 4405 759 4473 φυγάδας
812 4405 869 4458 δὲ
927 4408 1055 4469 τοὺς
1109 4406 1330 4471 λοιποὺς
1378 4408 1653 4477 μαθητάς,
1684 4411 1907 4482 ἔξαρνον

312 4465 445 4552 (civi
474 4465 696 4553 πάντων
725 4465 1062 4567 θερμότατον
1090 4501 1299 4570 Πέτρον
1310 4465 1337 4531 ⁷⁸
1376 4465 1494 4553 εἶτα
1513 4465 1753 4573 ’ἐξέμηνε
1781 4465 1909 4567 τοὺς
1934 4465 1988 4526 D

317 4592 367 4646 Γ
370 4593 716 4661 ραμματείς,
746 4591 994 4661 διήγειρε
1021 4592 1146 4653 τοὺς
1202 4591 1417 4661 ὄχλους,
1477 4594 1721 4664 ὴγρίωσε
1780 4596 1910 4659 τοὺς

323 4686 644 4753 ὑπηρέτας,
703 4682 793 4735 τὸν
848 4682 1111 4751 δικαστὴν
1162 4683 1529 4753 ὑπεχάλασεν,
1583 4685 1766 4738 αὐτῶν
1803 4685 1912 4738 τῶν

322 4774 831 4845 συστανρωθέντων
861 4772 960 4836 τὰς
982 4772 1235 4841 γλώσσας
1258 4773 1517 4844 ὑπέθηξε.
1543 4777 1653 4830 Καὶ
1690 4777 1914 4848 πληρώ-

329 4886 428 4931 ax;
460 4871 605 4936 ὅπερ
650 4865 936 4931 ἔσπευδεν,
969 4867 1092 4918 ἐπεὶ
1124 4865 1274 4938 ἐώρα
1298 4867 1669 4938 μακροθύμως
1694 4870 1911 4924 ἅπαντα

323 4962 618 5028 στέγοντα,
644 4958 983 5028 προσϐάλλει
1010 4958 1102 5012 καὶ
1150 4960 1208 5011 ὲν
1238 4958 1387 5029 αύτῴ
1427 4960 1503 5029 τῷ
1532 4960 1775 5031 σταυρῷ,
1811 4979 1911 5014 παο

322 5052 689 5123 ρασκευάσας
775 5051 904 5113 τοὺς
955 5052 1515 5121 παραπορευομένους
1562 5052 1911 5124 βλασφημεῖν

316 5145 426 5197 καὶ
454 5143 643 5195 λαλεῖν
670 5157 685 5170 ⁶
730 5160 749 5192 ι
790 5143 851 5195 Ei
884 5142 1007 5205 Υἱὸς
1038 5138 1089 5194 εἶ
1120 5142 1213 5195 τοῦ
1245 5142 1402 5208 Θεοῦ,
1434 5143 1655 5199 κάτελθε
1682 5146 1792 5197 ἀπὸ
1815 5146 1910 5198 τοῦ

310 5235 599 5305 σταυροῦ.
636 5255 657 5286 ›
692 5234 867 5288 Τοῦτο
916 5236 1020 5288 κάν
1043 5235 1123 5305 τῷ
1159 5234 1276 5306 ὄρει
1307 5236 1610 5304 φθέγγετο·
1640 5256 1656 5288 ι
1688 5237 1751 5292 Εἰ
1786 5238 1911 5301 Υἱὸς

298 5326 378 5382 εἷ
409 5328 508 5381 τοῦ
543 5327 708 5394 Θεοῦ,
730 5328 852 5383 εἰπὲ
877 5327 965 5385 ἵνα
993 5329 1043 5380 οἱ
1069 5328 1208 5380 λίθοι
1226 5322 1372 5385 οὗτοι
1388 5330 1541 5397 ἄρτοι
1564 5331 1848 5397 γένωνται.
1881 5349 1901 5382 ι

298 5419 444 5475 Καὶ
484 5416 652 5480 αὖθις
679 5432 694 5445 ·
726 5434 745 5467 ι
783 5416 844 5472 Εἰ
882 5416 1010 5479 Υἱὸς
1069 5414 1118 5468 εἶ
1151 5417 1243 5470 τοῦ
1293 5416 1452 5481 Θεοῦ,
1485 5415 1648 5485 βάλλε
1680 5417 1907 5469 σεαυτὸν

290 5512 501 5569 κάτω.
535 5531 553 5562 ι
596 5510 709 5563 Καὶ
732 5508 827 5562 νῦν
856 5509 944 5562 διὰ
969 5510 1081 5562 τῶν
1115 5509 1330 5562 ἀσεϐῶν
1373 5509 1660 5579 στομάτων
1693 5508 1905 5575 συνῳδᾶ

282 5603 494 5662 πάλιν
518 5603 715 5655 λαλεῖ·
748 5620 766 5652 ι
805 5599 867 5654 Εἰ
925 5600 1055 5664 Υίὸς
1112 5596 1165 5653 εἴ
1191 5599 1284 5653 τοῦ
1345 5599 1504 5666 Θεοῦ,
1541 5598 1769 5653 κάτελθε
1797 5601 1905 5653 ἀπὸ

402 5761 447 5794 ³⁸
477 5758 586 5817 ls.t.
617 5773 737 5823 LIII,
768 5758 851 5811 12.
931 5758 976 5789 ’³
1019 5755 1149 5811 an.
1200 5775 1270 5821 tv,
1318 5760 1400 5813 l5.

647 5855 923 5915 PA'lltl)l..
958 5856 1416 5919 Gtt.CXXXll.

1475 5756 1519 5787 υτ
1559 5754 1753 5809 Matth.
1795 5770 1865 5821 ιν,
1909 5756 1961 5810 5.

2006 3193 2117 3249 Deo
2147 3195 2351 3250 devoti.

2082 3318 2100 3350 ι
2152 3298 2549 3356 Ριαξιοτοιιηιεε
2584 3312 2764 3358 autem
2803 3303 3253 3374 blaspliemaltant
3280 3322 3422 3374 eum,
3461 3324 3581 3363 mo-

2008 3401 2199 3446 ventes
2235 3393 2416 3462 capita
2450 3406 2570 3457 sua,
2599 3403 2652 3448 et
2691 3395 2936 3451 dicentes
2973 3412 2988 3450 :
3024 3396 3126 3463 Qui
3162 3398 3394 3455 dcstruis
3442 3410 3582 3455 tem-

2007 3482 2151 3550 plum
2178 3480 2295 3548 Dei,
2331 3494 2388 3536 et
2428 3483 2480 3537 in
2535 3486 2707 3539 tribus
2763 3485 2954 3541 diebus
2997 3487 3317 3555 retediﬁcas,
3371 3491 3582 3546 salvum

2010 3572 2096 3628 fac
2146 3574 2487 3643 temetipsum
2531 3594 2545 3630 :
2588 3576 2631 3631 si
2687 3576 2855 3633 Filius
2903 3578 2997 3633 Dei
3051 3595 3111 3636 es
3141 3622 3156 3645 ,
3197 3581 3465 3640 descende
3517 3586 3584 3640 de

2011 3681 2195 3722 cruce.
2228 3665 2286 3721 id
2319 3667 2495 3737 ipsum
2546 3679 2727 3723 autem
2773 3678 2828 3725 et
2877 3672 3139 3736 latrones,
3193 3675 3283 3745 qui
3334 3677 3583 3731 cruciﬁxi

2008 3770 2319 3814 erantcum
2362 3773 2447 3815 eo.
2491 3778 2511 3812 ι
2552 3759 2737 3830 Nuper
2783 3775 2916 3817 sane
2967 3763 3213 3820 diabolus
3243 3784 3364 3820 cum
3400 3769 3584 3824 Denti-

2011 3868 2137 3906 num
2205 3854 2257 3906 in
2292 3862 2475 3907 monte
2523 3858 2786 3907 tentasset
2830 3862 2881 3906 et
2911 3854 3146 3923 gloriose
3199 3856 3268 3910 ab
3305 3872 3372 3912 eo
3422 3874 3583 3928 supe-

2010 3953 2163 3996 ratus
2188 3951 2353 4006 esset,
2386 3944 2636 4000 discessit
2666 3945 2736 4000 ab
2764 3961 2848 4009 eo,
2902 3962 3074 4016 usque
3122 3951 3187 4004 ad
3220 3958 3456 4022 tempus,
3506 3959 3583 4012 ait

2011 4033 2292 4098 Lucas",
2359 4044 2570 4104 tempus
2633 4035 2841 4091 scilicet
2902 4036 3176 4093 Passionis
3242 4042 3578 4112 signiﬁcans.

2013 4126 2165 4181 Tunc
2198 4127 2340 4181 enim
2381 4126 2670 4181 violentior
2704 4128 2758 4181 in
2789 4144 2912 4183 eum
2961 4127 3218 4199 impetum
3270 4134 3401 4189 fecit
3428 4139 3583 4205 quasi

2014 4223 2174 4279 turbo
2207 4222 2442 4292 quidam
2488 4223 2653 4297 206
2701 4224 3058 4293 irrequictus,
3094 4227 3213 4281 aliis
3257 4240 3419 4300 atque
3464 4233 3585 4288 aliis

2017 4316 2409 4370 tentationibus
2451 4331 2572 4370 eum
2620 4317 2963 4370 continenter
3009 4333 3350 4389 oppugnatis.
3387 4321 3464 4378 Ex
3503 4326 3587 4380 di-

2014 4406 2235 4476 scipulis
2266 4406 2597 4475 proditorem
2631 4422 2817 4472 unum,
2848 4405 3103 4477 fugitivos
3137 4411 3274 4467 alios
3313 4413 3452 4479 ﬁeri,
3484 4417 3586 4471 Pe-

2015 4510 2180 4563 trum,
2231 4501 2324 4571 qui
2386 4501 2621 4555 maxime
2665 4500 2906 4554 omnium
2960 4517 3144 4557 amore
3201 4504 3467 4573 fervebat,
3520 4512 3585 4571 ad

2009 4592 2313 4663 negandum
2349 4593 2565 4663 adegit;
2613 4600 2801 4662 postea
2833 4592 3037 4648 Scribis
3084 4593 3321 4651 furorem
3379 4598 3583 4667 injecit,

2008 4684 2305 4738 concitavit
2335 4683 2540 4749 turbas,
2581 4681 2825 4739 elferavit
2854 4687 3155 4751 ministros,
3186 4688 3420 4757 judicent
3452 4692 3587 4745 sub.

2013 4776 2182 4840 duxit,
2242 4777 2481 4847 ipsorum
2542 4778 2630 4843 qui
2681 4792 2783 4831 una
2829 4780 3073 4833 cruciﬁxi
3139 4787 3316 4844 erant,
3374 4779 3586 4850 linguas

2014 4870 2248 4922 exacuit.
2304 4867 2370 4922 Et
2422 4884 2546 4923 eum
2601 4879 2830 4924 conatus
2877 4870 3218 4924 adhibuisset
3249 4886 3459 4937 omnes,
3492 4874 3583 4927 ubi

2012 4961 2143 5014 vidit
2170 4976 2290 5013 eum
2318 4961 2497 5015 omnia
2528 4959 2650 5014 forti
2672 4961 2852 5015 animo
2880 4962 3170 5029 sustinere,
3198 4962 3248 5017 in
3275 4965 3391 5032 ipsa
3420 4981 3582 5022 cruce

2012 5051 2160 5105 illum
2193 5050 2525 5119 aggreditur,
2555 5064 2617 5103 ac
2648 5059 3037 5119 praetereuntes
3067 5051 3210 5119 ipsos
3235 5051 3483 5122 impellit,
3522 5069 3581 5109 ut

2013 5139 2392 5207 blasphement
2464 5155 2529 5193 ac
2579 5140 2809 5196 dicant:
2847 5157 2865 5190 ι
2909 5137 2965 5192 Si
3008 5123 3174 5195 Filius
3219 5142 3308 5197 Dei
3359 5159 3439 5209 es,
3487 5145 3584 5198 de-

2013 5232 2211 5287 scende
2261 5233 2328 5286 de
2378 5247 2615 5301 cruce.)
2666 5230 2856 5284 Simile
2913 5231 3039 5299 quid
3086 5233 3250 5287 etiam
3291 5234 3343 5287 in
3397 5247 3583 5289 monte

2016 5325 2277 5378 dixerat:
2312 5342 2329 5375 t
2369 5323 2425 5377 Si
2483 5322 2650 5376 Filius
2700 5322 2791 5375 Dei
2853 5338 2934 5384 es,
2983 5323 3067 5377 die
3120 5334 3178 5378 ut
3231 5326 3436 5395 lapides
3496 5326 3580 5379 isti

2018 5430 2186 5483 panes
2214 5414 2474 5478 ﬁant";r
2503 5425 2555 5468 et
2587 5427 2778 5467 rursus
2812 5430 2826 5466 :
2876 5431 2894 5463 ι
2932 5412 2987 5466 Si
3020 5413 3186 5469 Filius
3203 5417 3295 5471 Dei
3321 5433 3401 5483 es,
3428 5417 3582 5471 mitte

2017 5516 2068 5561 te
2103 5510 2355 5563 deorsum
2375 5505 2444 5560 ’⁸.
2473 5526 2490 5558 ι
2526 5506 2589 5559 Et
2646 5521 2789 5559 nttnc
2816 5519 2909 5574 per
2941 5506 3229 5573 impiorum
3257 5524 3352 5562 ora
3381 5508 3575 5565 iterum

2016 5616 2252 5655 consona
2291 5597 2567 5671 prioribus
2621 5598 2780 5652 verba
2828 5598 3035 5669 profert
3067 5618 3080 5654 :
3119 5620 3137 5651 ι
3177 5599 3234 5653 Si
3274 5600 3440 5655 Filius
3482 5600 3579 5660 Dei

2040 5758 2083 5789 ³⁸
2120 5757 2250 5814 ibid.
2294 5753 2348 5812 6.

3120 5852 3191 5917 ιν
