4018 6206
462 295 569 364 5‘39

1651 294 2064 362 TH‘EOPIIAN
2077 301 2144 361 IS
2181 302 2520 363 CERAMEI

3613 298 3719 361 6C1)

463 412 667 467 doloris
711 410 946 481 gladium
999 408 1140 463 intra
1189 408 1482 480 praecordia
1528 421 1847 480 exceperat,
1876 425 2030 480 quem

2139 416 2534 485 προηγόρευσε.
2567 415 2642 484 τῷ
2675 413 3021 484 ἠγαπημένῳ
3072 411 3290 483 μαθητῇ
3321 409 3716 482 παρατίθησιν,

464 508 698 579 Symeon
755 506 843 559 ille
888 505 1214 574 praedixerat
1264 505 1461 561 dilecto
1507 506 1801 576 discipulo,
1851 517 2038 578 utpote

462 612 620 665 puro,
648 604 703 650 et
735 594 967 664 Virgini,
999 606 1053 651 et
1089 611 1257 665 usque
1283 597 1349 649 ad
1377 607 1618 651 extrema
1648 598 1882 664 pericula
1914 615 2034 654 cum

462 690 579 753 ipso
627 682 938 753 persistcnti
981 686 1327 739 commendat
1375 702 1387 737 :
1442 686 1532 754 qui
1580 686 1820 741 dolorem
1867 688 2037 754 ipsius

460 777 632 831 lenire
683 787 895 846 posset,
934 786 989 830 et
1035 776 1310 833 Passionis
1356 779 1671 848 mysterium
1721 795 1787 835 ex
1838 779 2036 836 divinis

459 867 731 935 explicare
761 868 1041 923 doctrinis.

530 957 659 1013 Post
685 959 799 1013 haec
829 973 956 1012 vero
976 958 1198 1027 protulit
1225 957 1352 1013 illud
1379 956 1613 1012 Psalmi:
1649 977 1667 1009 ι
1698 956 1864 1022 Deus,
1893 956 2036 1012 Deus

460 1064 648 1114 meus,
698 1049 825 1118 quid
875 1050 1207 1120 dereliquisti
1265 1050 1427 1105 me‘?
1478 1068 1498 1102 ι
1558 1064 1663 1104 non
1723 1051 1863 1117 quod
1918 1048 2036 1118 ipse

458 1141 753 1197 derelictus
782 1150 948 1209 esset,
981 1142 1065 1197 vel
1094 1142 1215 1213 opis
1246 1142 1510 1213 indigeret
1541 1159 1556 1196 :
1588 1140 1699 1211 jam
1732 1140 1874 1193 enim
1908 1146 2035 1193 ante

460 1234 809 1300 praedixerat,
839 1234 980 1303 quod
1019 1252 1037 1285 ι
1073 1233 1192 1288 Νοιι
1221 1248 1341 1287 sum
1376 1232 1545 1295 solus,
1571 1232 1664 1286 sed
1694 1230 1855 1287 Pater
1884 1244 2034 1285 meus

459 1336 674 1379 mecum
726 1326 868 1390 est',
911 1345 931 1378 ι
985 1326 1079 1381 sed
1124 1325 1477 1380 humanitatis
1527 1333 1705 1394 partes
1752 1337 1948 1392 agens,
1979 1329 2033 1376 et

462 1427 645 1470 nostra
691 1417 791 1471 sibi
838 1418 1179 1480 attribuens,
1217 1417 1483 1486 nobisque
1528 1415 1958 1470 misericordiam
2003 1427 2034 1467 e

459 1510 598 1563 coelo
631 1510 871 1563 elicieus.
899 1508 1010 1564 Nos
1034 1509 1178 1563 enim
1212 1509 1453 1563 derelicti
1486 1522 1725 1573 eramus,
1756 1518 1811 1560 nt
1840 1506 2034 1561 extulit

460 1599 693 1669 theologi
721 1615 821 1654 vox
852 1599 984 1671 (65).
1014 1599 1159 1653 Dixit
1178 1600 1343 1654 etiam
1370 1599 1473 1652 hoc
1505 1612 1790 1666 personam
1820 1595 2031 1650 lsraelis

461 1708 655 1762 agens,
703 1694 793 1763 qui
841 1708 1013 1762 usque
1056 1692 1193 1746 adeo
1240 1690 1417 1744 fuerat
1465 1688 1784 1752 destitutus,
1830 1697 1888 1741 ut
1938 1686 2029 1742 Dei

2139 506 2215 569 ὡς
2251 506 2502 577 καθαρῷ,
2537 507 2633 560 καὶ
2667 505 2947 577 παρθένῳ,
2984 504 3083 557 κα)⁸
3120 504 3283 574 μέχρι
3316 502 3426 557 τῶν
3467 502 3711 571 ἐσχάτων

2141 598 2402 651 κινδύνων
2459 597 2610 668 αύτῷ
2662 597 3094 668 παραμείναντι,
3137 595 3227 648 καὶ
3275 593 3564 663 δυναμένῳ
3615 592 3706 660 τέῳ

2137 689 2314 760 λύπην
2365 690 2535 760 αὐτῆς
2587 690 2943 752 κατευνᾶσαι,
2986 688 3081 741 καὶ
3123 687 3185 739 τὸ
3234 687 3537 757 μυστήριον
3570 683 3711 737 €th-

2133 781 2292 846 δάξαι
2323 780 2419 834 τοῦ
2456 780 2661 844 πάθους
2693 783 2814 844 ταῖς
2844 779 3187 848 θεολογικαῖς
3220 780 3566 849 εἰσηγήσεσι.

2206 958 2365 1013 Μετὰ
2393 956 2449 1010 δὲ
2474 955 2648 1010 ταῦτα
2681 954 2744 1009 τὸ
2788 953 3067 1025 ψαλμικὸν
3104 955 3285 1008 ἐκεῖνο
3322 947 3446 1007 εἷπε
3504 952 3676 1027 ῥητόν
3700 970 3717 984 ⁶

2142 1070 2162 1104 ι
2208 1051 2267 1105 '0
2300 1049 2455 1115 Θεὸς,
2486 1052 2515 1104 ὁ
2550 1049 2683 1113 Θεός
2732 1066 2857 1120 μου,
2905 1048 2994 1103 ἵνα
3038 1048 3091 1100 τί
3142 1065 3210 1118 με
3253 1048 3650 1115 ὲγκατέλιπεςς
3694 1066 3714 1099 ι

2134 1147 2234 1216 οὐχ
2262 1145 2346 1199 ὃτι
2364 1143 2526 1208 αὐτὸς
2550 1142 3033 1211 ὲγκαταλέλειπτο,
3061 1140 3094 1210 ἢ
3123 1138 3447 1209 ἐπικουρίας
3493 1139 3679 1193 ἐδέετο
3698 1156 3718 1173 ·

2134 1234 2458 1307 προειρήκει
2488 1235 2619 1302 γὰρ,
2649 1232 2731 1286 ὅτι
2768 1251 2787 1285 ι
2812 1231 2928 1285 Οὐκ
2957 1230 3075 1300 εἰμὶ
3109 1230 3291 1300 μόνος,
3316 1229 3435 1282 ἀλλ’
3462 1230 3491 1281 ὁ
3523 1230 3719 1300 Πατήρ

2137 1342 2239 1397 μου
2295 1323 2413 1393 μετ’
2456 1322 2592 1393 ἐμοῦ
2656 1323 2841 1386 ἐστιν,
2900 1339 2919 1372 ι
2974 1319 3091 1373 ἀλλ’
3136 1320 3201 1372 ἐκ
3257 1317 3556 1386 προσώπου
3617 1319 3721 1386 τῆς

2134 1416 2559 1488 άνθρωπότητος
2600 1413 2774 1468 ταῦτα
2821 1412 3000 1476 λαλεῖ,
3051 1409 3426 1480 οἰκειούμενος
3458 1409 3520 1462 τὸ
3577 1409 3723 1479 ήμέο

2132 1524 2311 1579 τερον,
2340 1507 2434 1559 καὶ¹
2461 1505 2638 1559 ἕλκων
2664 1506 2744 1567 είς
2773 1505 2921 1572 ἡμᾶς
2956 1501 3049 1555 τὸν
3075 1498 3282 1556 ἄνωθεν
3309 1498 3479 1553 ἔλεον.
3520 1496 3721 1565 Ἡμεῖς

2132 1601 2243 1672 γὰρ
2267 1596 2410 1671 ἦμεν
2430 1598 2481 1652 οἱ
2514 1594 3100 1665 ὲγκαταλελειμμένοι,
3140 1591 3216 1655 ὥς
3246 1607 3381 1659 φησι
3409 1588 3563 1660 φωνὴ
3594 1589 3722 1641 Oso-

2133 1692 2348 1760 λογική.
2407 1689 2573 1757 Λέγει
2620 1687 2677 1741 δὲ
2724 1686 2821 1740 καὶ
2874 1683 3035 1737 τοῦτο
3118 1683 3184 1735 ἐκ
3248 1678 3546 1750 προσώπου
3619 1677 3719 1731 τοῦ

457 1787 671 1842 occisor
688 1787 963 1852 evaderet,
984 1799 1156 1854 eoque
1178 1782 1594 1852 progrederetur
1615 1780 1871 1835 audaciae.
1895 1777 2030 1834 Cum

2147 1782 2385 1853 Ἰσραὴλ,
2399 1782 2483 1835 ὅτι
2501 1778 2737 1849 τοσαύτη
2757 1776 2984 1848 γέγονεν
3008 1776 3092 1838 είς
3112 1774 3276 1827 αὐτὸν
3299 1770 3721 1839 ὲγκατάλειψις,

455 1887 586 1942 ergo
632 1889 751 1941 qua:
801 1874 866 1928 de
916 1873 1034 1943 ipso
1080 1880 1229 1926 erant
1279 1871 1460 1926 omnia
1507 1869 1798 1939 explesset,
1836 1868 1970 1923 dixit
2011 1884 2027 1922 :

463 1983 484 2017 ε
534 1964 981 2020 Consummatum
1034 1974 1138 2020 est.
1190 1982 1209 2017 ι
1264 1962 1376 2018 Hoc
1422 1972 1503 2019 est
1547 1972 1601 2018 et
1647 1963 2028 2032 prophetarum

457 2060 705 2121 oracula,
730 2065 785 2111 et
817 2055 998 2111 divina
1041 2054 1396 2126 dispensatio,
1431 2060 1485 2109 et
1517 2052 1738 2109 Iudaica
1782 2052 2031 2123 impietas

456 2151 524 2203 ad
566 2150 727 2202 finem
766 2149 1021 2217 perducta
1060 2147 1174 2218 jam
1217 2156 1361 2202 sunt.
1396 2147 1580 2215 Itaque
1622 2145 1862 2200 clamans
1898 2159 2032 2199 voce

455 2252 652 2309 magna
686 2258 699 2295 :
738 2260 757 2293 ι
788 2237 970 2305 Pater,
1001 2241 1052 2294 in
1082 2255 1272 2295 manus
1302 2252 1420 2295 tuas
1437 2239 1757 2295 commendo
1784 2238 2029 2307 spiritum

458 2346 670 2396 meum,
712 2350 732 2383 ι
783 2337 837 2384 ct
880 2341 1039 2399 caput
1082 2330 1375 2395 inclinans,
1425 2330 1642 2384 tradidit
1672 2329 1941 2399 spiritum.
1975 2326 2030 2381 lu

458 2419 544 2473 his
572 2428 750 2473 autem
784 2430 838 2474 et
865 2418 1033 2474 Joelis
1063 2429 1143 2472 est
1175 2419 1391 2487 impleta
1428 2417 1704 2488 prophetia
1744 2435 1758 2472 :
1802 2434 1820 2467 ι
1857 2415 1948 2471 Sol
1980 2424 2033 2471 et

458 2509 583 2564 luna
628 2506 1184 2573 contenebrabuntur,
1228 2506 1491 2562 Dominus
1556 2517 1734 2561 autem
1790 2507 1858 2561 de
1901 2505 2031 2560 Sion

457 2601 746 2665 clamabit,
775 2610 832 2655 et
875 2603 939 2656 de
980 2599 1278 2655 Jerusalem
1325 2600 1472 2653 dabit
1521 2614 1703 2654 vocem
1753 2599 1966 2653 suam“.
2006 2617 2024 2649 ι

457 2694 669 2748 Clamat
701 2708 834 2748 voce
868 2708 1083 2757 magna,
1117 2703 1176 2745 ut
1210 2694 1460 2746 ostendat
1492 2693 1730 2745 animam
1772 2690 1938 2759 210
1971 2704 2032 2744 se

458 2798 557 2852 pro
585 2800 682 2839 sua
715 2793 980 2855 potestate
1010 2783 1304 2838 dimittere.
1333 2782 1392 2836 ln
1424 2780 1598 2835 Patris
1630 2796 1759 2835 vero
1787 2782 2033 2834 manibus

457 2892 576 2931 eam
628 2877 1006 2942 commendat,
1055 2886 1115 2929 ut
1166 2886 1424 2944 tanquam
1478 2874 1781 2942 depositum
1836 2875 2031 2927 iterum

456 2978 654 3023 sumat.
687 2971 859 3038 Atque
892 2969 993 3022 hoc
1025 2975 1128 3033 est,
1158 2968 1301 3036 quod
1336 2965 1550 3021 dixerat
1575 2964 1775 3019 Judaeis
1809 2981 1825 3019 :
1866 2982 1885 3015 ι
1920 2962 2034 3033 Ego

458 3074 599 3127 pono
645 3059 880 3113 animam
930 3072 1133 3125 meam,
1166 3066 1222 3112 ut
1262 3056 1459 3111 iterum
1507 3070 1714 3110 sumam
1761 3054 1953 3119 eam';
2003 3072 2021 3105 ι

458 3149 617 3204 simul
661 3149 859 3215 etiam,
904 3161 962 3202 ut
1009 3148 1164 3203 nobis
1215 3163 1365 3217 spem
1415 3147 1599 3211 daret,
1641 3161 1747 3200 non
1798 3146 2032 3215 amplius

458 3240 631 3294 ituras
661 3240 727 3294 ad
760 3238 985 3305 inferos,
1016 3240 1109 3292 sed
1141 3236 1197 3292 in
1230 3237 1322 3291 Dei
1360 3250 1518 3289 manu
1548 3234 1883 3289 credentium
1917 3234 2033 3289 ani-

462 3347 577 3385 mas
620 3330 734 3401 (66)
782 3345 901 3385 esse
939 3329 1304 3399 deponendas.
1335 3326 1561 3382 luclinat
1595 3341 1725 3381 vero
1766 3336 1944 3395 caput,
1975 3335 2033 3381 ut

462 3433 688 3476 mortem
727 3422 878 3492 quasi
920 3420 1171 3474 famulam
1206 3418 1369 3473 veluti
1405 3427 1537 3472 nutu
1578 3418 1645 3471 ad
1686 3432 1745 3472 se
1782 3417 2028 3473 advocet.

458 3511 656 3568 Libere
693 3512 891 3582 quippe
927 3526 1122 3580 corpus
1155 3526 1311 3566 suum
1346 3508 1573 3579 proiecit
1603 3510 1654 3563 iu
1692 3517 1939 3574 mortem,
1973 3521 2032 3563 ut

459 3613 517 3658 et
556 3610 746 3659 natura
793 3603 915 3659 licet
949 3603 1218 3672 passionis
1251 3601 1388 3656 mala
1427 3601 1754 3666 sustineret,
1782 3612 1835 3654 et
1868 3616 2030 3670 supra

464 3707 715 3751 naturam
774 3695 954 3750 divina
1017 3695 1212 3749 virtute
1274 3703 1599 3763 resurgeret.
1646 3692 1840 3748 Statim
1900 3708 2029 3763 ergo

458 3789 725 3844 scinditur
759 3789 931 3843 velum
971 3788 1186 3857 templi,
1215 3788 1358 3856 quod
1393 3795 1512 3841 erat
1545 3788 1786 3841 velamen
1822 3787 1876 3840 in
1914 3785 2030 3855 ipso

462 3882 644 3950 templi
690 3883 866 3937 medio
911 3897 976 3936 ex
1020 3889 1248 3950 utraque
1290 3887 1444 3950 parte
1480 3878 1767 3934 distentum
1810 3894 1871 3933 ea
1912 3894 2032 3949 quae

458 3977 512 4031 in
541 3976 720 4049 adytis
761 3985 939 4042 erant,
966 3983 1023 4030 et
1052 3973 1149 4029 soli
1183 3974 1450 4028 sacerdoti
1482 3974 1771 4042 spectanda
1805 3974 2033 4028 abscon-

458 4070 624 4134 dens,
660 4084 759 4140 per
803 4068 945 4138 quod
997 4075 1113 4121 erat
1164 4080 1419 4121 accessus
1471 4065 1537 4119 ad
1591 4065 1725 4133 ipsa.
1765 4062 2030 4130 Quoniam

454 4177 587 4217 vero
616 4162 667 4214 in
701 4175 850 4215 more
883 4159 1112 4228 positum
1145 4156 1340 4213 Judaeis
1372 4168 1512 4222 erat,
1539 4157 1739 4212 auditis
1774 4156 1827 4210 in
1861 4156 2030 4210 Deum

456 4254 830 4323 blasphemiis,
856 4253 1172 4307 vestimenta
1199 4250 1504 4305 discindere
1532 4267 1547 4304 :
1580 4252 1835 4319 templum
1868 4251 2030 4304 etiam

456 4347 752 4416 lugentium
790 4345 1024 4414 speciem
1059 4358 1167 4413 prae
1202 4357 1261 4397 se
1296 4339 1421 4406 fert,
1456 4356 1626 4411 usque
1659 4342 1794 4396 adeo
1826 4341 2031 4397 facinus

2132 1875 2208 1938 ὡς
2237 1872 2517 1935 θεοκτόνος
2546 1870 2824 1940 γενέσθαι,
2875 1870 2971 1922 καὶ
3020 1868 3182 1938 μέχρι
3212 1863 3468 1917 τοσούτου
3506 1863 3719 1932 φθάσαι

2133 1964 2505 2035 τολμήματος.
2561 1960 2745 2015 Πάντα
2782 1960 2839 2013 δὲ
2869 1960 2939 2012 τὰ
2992 1959 3122 2026 περὶ
3155 1957 3324 2011 αὑτοῦ
3356 1953 3461 2023 ἤδη
3508 1953 3723 2022 πεπλη-

2139 2056 2353 2128 ρωκὼς,
2393 2050 2515 2108 εἷπε
2535 2071 2551 2087 ο
2590 2073 2608 2106 ι
2644 2053 2992 2106 Τετέλεσται.
3023 2070 3042 2102 ι
3078 2048 3343 2102 Τουτέστι
3376 2047 3474 2101 καὶ
3503 2046 3573 2099 τὰ
3606 2044 3723 2098 τῶν

2110 2148 2450 2219 προφητῶν,
2485 2147 2581 2201 καὶ
2615 2145 2683 2199 τά
2716 2146 2816 2217 τῆς
2845 2141 3182 2212 οἰκονομίας,
3216 2142 3313 2194 καὶ
3353 2140 3423 2193 τὰ
3444 2142 3550 2210 τῆς
3587 2136 3724 2191 ἰου-

2133 2240 2327 2308 δαῖκῆς
2379 2238 2637 2302 ἀσεϐείας
2675 2236 2854 2308 πέρας
2896 2235 3138 2302 ἐδέξατο.
3182 2233 3294 2286 Καὶ
3321 2231 3465 2285 οὕτω
3504 2230 3723 2301 κράξας

2136 2334 2285 2401 φωνῇ
2328 2330 2541 2400 μεγάλῃ
2562 2346 2574 2359 ·
2615 2348 2633 2380 ι
2668 2328 2872 2396 Πάτερ,
2906 2328 2986 2388 είς
3008 2322 3200 2393 χεῖράς
3243 2339 3339 2375 σου
3369 2320 3731 2389 παρατίθημι

2133 2427 2193 2478 τὸ
2217 2421 2436 2490 πνεῦμά
2472 2438 2597 2491 μου,
2623 2439 2641 2471 ι
2671 2419 2765 2471 καὶ
2796 2417 2983 2480 κλίνας
3011 2416 3111 2484 τήν
3136 2413 3400 2483 κεφαλήν,
3426 2411 3721 2481 παρέδωκε

2133 2518 2197 2570 τὸ
2248 2513 2487 2582 πνεῦμα.
2548 2511 2637 2564 Ἐν
2683 2510 2738 2564 δὲ
2770 2510 2982 2571 τούτοις
3006 2507 3113 2576 ζκαὶ
3140 2507 3169 2559 ὁ
3197 2505 3293 2558 τοῦ
3342 2504 3497 2573 ’ῐωὴλ
3540 2504 3719 2573 ἐπλη-

2140 2610 2298 2682 ροῦτο
2326 2606 2575 2681 χρησμός
2604 2621 2618 2636 ·
2661 2623 2679 2656 ι
2717 2604 2777 2657 '0
2799 2604 2952 2674 ἥλιος
2981 2604 3076 2655 καὶ
3099 2601 3296 2672 σελήνη
3331 2598 3717 2663 σκοτάσουσιν,

2135 2706 2163 2757 ὁ
2197 2702 2255 2756 δὲ
2293 2699 2496 2770 Κύριος
2529 2699 2595 2749 ὲκ
2644 2693 2785 2748 Σιὼν
2833 2693 3227 2764 ἁνακράξεται,
3279 2692 3375 2743 καὶ⁵
3408 2691 3468 2742 ὲν
3505 2690 3717 2758 Ἰερου-

2137 2795 2321 2865 σαλὴμ
2351 2791 2513 2846 δώσει
2536 2788 2717 2859 φωνὴν
2741 2787 2928 2841 αὐτοῦ.
2958 2805 2977 2838 ι
3008 2787 3163 2856 Φωνῇ
3197 2784 3253 2837 δὲ
3284 2782 3497 2854 μεγάλῃ
3518 2782 3717 2850 φωνεῖ,

2133 2886 2358 2948 δεικνὺς
2406 2884 2489 2937 ὅτι
2538 2882 2658 2934 κατ’
2699 2878 2949 2945 ἐξουσίαν
2994 2878 3192 2947 ἀφίησι
3240 2877 3339 2947 τήν
3376 2875 3582 2944 ψυχὴν.
3615 2874 3717 2936 Είς

2136 2978 2328 3048 χεῖρας
2351 2974 2408 3027 δὶ
2438 2969 2533 3024 τοῦ
2566 2968 2780 3040 Πατρὸς
2812 2966 3204 3038 παρατίθησιν,
3233 2965 3301 3018 ἶν’
3322 2963 3478 3025 αὖθις
3499 2964 3577 3026 ὡς
3604 2979 3718 3014 πα-

2137 3062 2524 3135 ρακαταθήκην
2547 3058 2687 3129 λάϐῃ
2720 3057 2911 3128 αὐτὴν,
2931 3058 3028 3110 κα)⁹
3049 3055 3209 3109 τοῦτο
3239 3050 3332 3123 ἦν,
3358 3052 3387 3106 ὃ
3421 3052 3573 3121 ἔλεγε
3599 3053 3718 3114 τοῖς

2149 3156 2428 3218 Ἰουδαίοις
2450 3172 2464 3187 ’
2491 3172 2510 3206 ε
2550 3149 2692 3219 Ἐγὼ
2725 3150 2918 3220 τίθημι
2948 3148 3047 3219 τὴν
3075 3148 3256 3217 ψυχήν
3289 3164 3413 3216 μου,
3438 3146 3528 3199 ἵνα
3547 3145 3717 3198 πάλιν

2134 3251 2283 3305 λάϐω
2321 3249 2512 3316 αὑτήν.
2548 3268 2567 3298 ι
2609 3245 2722 3301 Καὶ
2770 3243 2889 3312 ἆμα
2942 3239 3121 3302 διδοὺς
3166 3238 3391 3300 ἐλπίδας
3445 3238 3603 3306 ήμῖν,
3651 3234 3716 3288 τὸ

2138 3342 2335 3415 μηκέτι
2389 3340 2587 3410 χωρεῖν
2639 3338 2719 3401 είς
2772 3335 2900 3407 ᾅδου
2946 3336 3045 3396 τὰς
3100 3331 3280 3402 ψυχὰς
3317 3327 3432 3382 τῶν
3476 3326 3713 3388 πιστῶν,

2133 3436 2248 3490 ἀλλ’
2293 3435 2371 3494 είς
2410 3435 2601 3503 χεῖρας
2639 3427 2775 3483 Θεοῦ
2821 3423 3248 3496 παρατίθεσθαι.
3288 3420 3474 3473 Κλίνει
3520 3419 3578 3471 δὲ
3608 3418 3715 3488 τὴν

2134 3525 2378 3596 κεφαλὴν
2432 3517 2544 3576 οἷον
2596 3520 2827 3591 νεύματι
2900 3516 3154 3584 καθάπερ
3205 3510 3567 3583 θεραπαινίδα
3609 3509 3714 3580 τὴν

2133 3618 2419 3688 τελευτὴν,
2499 3609 3000 3684 προσκαλούμενος.
3065 3604 3200 3660 Μετ’
3271 3601 3521 3667 ἐξουσίας
3601 3599 3713 3669 γὰρ

2135 3711 2358 3781 προΐετο
2414 3708 2476 3760 τὸ
2519 3706 2654 3759 ίδιον
2709 3700 2871 3771 σῶμα
2923 3698 3004 3762 είς
3065 3696 3319 3759 θάνατον,
3376 3692 3464 3745 ἵνα
3518 3690 3614 3743 καὶ
3642 3690 3718 3743 τὰ

2135 3801 2283 3871 πάθη
2320 3797 2566 3869 φυσικῶς
2600 3795 2834 3863 ὑποστῇ,
2865 3793 2959 3844 καὶ
2980 3788 3122 3859 ὑπὲρ
3147 3787 3321 3857 φύσιν
3351 3782 3549 3846 θεῖκῶς
3579 3783 3719 3835 άναο

2136 3898 2258 3966 στῇ.
2322 3891 2547 3946 Ἀυτίκα
2584 3884 2678 3942 οὖν
2712 3884 2961 3957 σχίζεται
3001 3880 3096 3936 τοῦ
3131 3878 3259 3934 ναοῦ
3298 3878 3359 3932 τὸ
3391 3875 3719 3930 καταπέτα·

2135 3962 2269 4053 σμα,
2294 3981 2432 4050 ὅπερ
2451 3975 2519 4049 ἦν
2540 3977 2698 4045 ὀθόνη
2733 3973 3036 4044 καθιεμὲνη
3063 3968 3314 4041 διαμπὰξ
3344 3970 3424 4031 είς
3450 3966 3587 4019 αὐτὸ
3612 3962 3716 4017 τοῦ

2135 4074 2262 4129 ναοῦ
2293 4073 2355 4127 τὸ
2392 4070 2736 4144 μεσαίτατον,
2774 4066 3143 4129 συσκιάζουσα
3198 4063 3264 4116 τά
3312 4060 3571 4130 ἐσόμενα,
3616 4057 3719 4109 καὶ

2138 4168 2286 4238 μόνῳ
2317 4165 2390 4234 τῷ
2415 4165 2552 4233 ἱερεῖ
2570 4159 2760 4224 θεατὰ,
2791 4159 2887 4211 καὶ
2916 4157 3126 4228 βάσιμα
3155 4152 3387 4206 ποιοῦσα
3420 4150 3490 4203 τά
3517 4149 3715 4202 ἄδυτα.

2147 4258 2366 4326 Ἐπειδὴ
2394 4255 2451 4308 δὲ
2480 4256 2594 4316 τοῖς
2627 4248 2900 4313 Ἰουδαίοις
2934 4248 3055 4310 ἔθος
3077 4243 3234 4317 ἦν·ὲν
3265 4246 3386 4307 ταῖς
3414 4243 3544 4311 περὶ
3573 4238 3716 4292 Θεοῦ

2137 4347 2514 4421 βλασφημίαις
2569 4344 2668 4415 τὴν
2725 4341 2930 4412 ἐσθῆτα
2980 4335 3433 4411 περιρῤηγνύειν,
3485 4332 3557 4385 τὰ
3601 4331 3718 4384 τῶν

457 4438 589 4490 illud
624 4436 935 4505 deplorans,
967 4446 1026 4490 ut
1058 4436 1221 4490 etiam
1260 4436 1429 4489 iusmr
1465 4434 1660 4488 tunicae
1690 4434 1866 4489 velum
1901 4435 2027 4489 abs-

2139 4440 2476 4495 πενθούντων
2510 4438 2537 4490 ὁ
2579 4434 2705 4495 ναὸς
2746 4429 3169 4503 σχηματίζεται,
3209 4425 3466 4480 τοσοῦτον
3494 4423 3721 4477 dmon—

458 4529 664 4582 cindat.
699 4529 969 4582 Fortassis
1001 4530 1163 4581 etiam
1200 4529 1505 4581 vastitatem
1540 4542 1691 4581 suam
1729 4527 1827 4595 ipsi
1864 4542 2028 4582 even-

459 4630 633 4675 turam
665 4619 790 4673 inde
823 4620 1176 4685 denuntians;
1218 4634 1281 4672 ac
1315 4619 1475 4673 simul
1509 4619 1758 4672 indicans
1788 4618 2026 4673 divinam

529 4759 553 4791 ⁶
572 4756 713 4816 Psal.
739 4774 854 4824 xxi,
884 4759 929 4813 Ι.

2141 4528 2366 4598 ρόμενος
2397 4525 2680 4594 τόλμημα,
2704 4522 2799 4574 καὶ
2829 4521 2905 4584 ὡς
2935 4521 3141 4591 χιτῶνα
3169 4515 3423 4589 διέρρηξε
3447 4516 3508 4568 τὺ
3540 4531 3720 4569 κατα-

2138 4620 2395 4689 πέτασμα
2415 4634 2428 4648 ·
2456 4618 2597 4686 τάχα
2635 4632 2737 4668 που
2765 4615 2861 4668 καὶ
2880 4614 2982 4683 τὴν
3025 4612 3164 4666 ιδίαν
3191 4610 3476 4680 ἐρήμωσιν
3501 4606 3715 4677 προδη-

1007 4763 1026 4793 "
1048 4756 1209 4812 Joan.
1236 4774 1344 4822 xw,
1369 4759 1459 4814 52.
1536 4759 1558 4789 ⁸
1581 4757 1696 4814 Joel
1729 4775 1812 4827 ιιι,
1840 4760 1927 4826 i5,
1960 4760 2044 4816 l6.
2119 4763 2140 4794 ’
2161 4761 2319 4817 Joan.
2349 4778 2402 4827 ιι,
2429 4762 2513 4814 ΓΙ.

1689 4897 2020 4959 Francisci
2048 4899 2255 4960 Scorsi
2304 4905 2488 4958 notae.

532 5024 646 5090 (65)
690 5021 759 5076 Ut
788 5023 975 5097 extulit
1003 5023 1253 5097 Threologi
1273 5039 1389 5078 vox.
1414 5022 2033 5097 _Cum_GregoriumNaf

458 5098 782 5150 zianzenum
836 5094 987 5156 citat,
1041 5096 1119 5148 sic
1172 5109 1294 5147 eum
1347 5094 1487 5147 solet
1537 5093 1845 5147 describere
1893 5094 2031 5149 Κατ’

456 5164 672 5234 ἐξοχὴν.
735 5162 1020 5234 θεολογική
1066 5164 1310 5232 γλῶσσα,
1345 5163 1543 5234 μοῦσα,
1596 5172 1654 5217 et
1715 5164 1835 5217 aliis
1899 5180 2035 5233 quos

457 5231 618 5304 supra
650 5231 849 5304 notavi
871 5231 1044 5304 modis
1080 5249 1094 5287 :
1136 5236 1222 5288 hic
1247 5231 1427 5304 autem
1461 5233 1612 5286 locus
1663 5242 1749 5288 est
1797 5249 1860 5288 ex
1891 5231 2031 5290 orat.

455 5299 535 5359 56'
579 5323 592 5359 :
644 5303 735 5375 Ἐν
766 5301 945 5375 gon;
976 5303 1039 5375 ,δὲ
1076 5299 1396 5375 ὅπερείπον
1428 5304 1590 5375 τυπεῖ
1636 5303 1698 5355 τὸ
1729 5305 1995 5375 ἡμέτερον
2017 5320 2032 5335 ·

456 5376 618 5444 ἡμεῖς
640 5373 749 5443 γὰρ
764 5367 987 5444 ἥμενοι
1015 5367 1478 5443 καταλελειμένοι,
1498 5372 1594 5426 καὶ
1616 5367 2036 5444 παρέὼραιὶέτοι

454 5440 731 5517 πρότερον
773 5440 798 5473 ’⁷
839 5440 1142 5517 νεζιιηιῌὸιι
1193 5460 1263 5517 se
1299 5440 1414 5517 ipso
1475 5440 1823 5508 repraesentat
1870 5440 1896 5497 ε’
1933 5461 2026 5497 nos

457 5512 596 5567 enim
630 5512 855 5567 eramus
906 5512 1142 5567 derelicti
1185 5514 1263 5566 illi
1295 5515 1464 5580 prius,
1520 5524 1677 5580 atque
1725 5516 2021 5579 contempti.

457 5580 723 5639 Praeclare
751 5584 999 5638 eunudem
1027 5598 1246 5637 sensum
1283 5586 1474 5636 extulit
1506 5583 1564 5635 S.
1584 5580 1713 5647 Leo,
1743 5599 1907 5637 serui.
1934 5583 2022 5647 16,

456 5656 523 5721 de
553 5656 690 5707 Pan.
745 5652 926 5707 :Inde
955 5663 1031 5707 est
1080 5652 1217 5717 quod
1268 5668 1424 5721 caput
1474 5665 1711 5705 nostrum
1766 5653 2024 5706 Dominus

457 5719 613 5781 hanc
672 5723 913 5778 Christus
964 5726 1140 5778 omnia
1181 5724 1233 5777 in
1283 5719 1339 5777 se
1388 5724 1623 5793 corporis
1664 5724 1743 5777 sui
1796 5725 2026 5777 membra

2130 5024 2539 5093 transformans,
2573 5022 2710 5091 quod
2746 5021 2872 5075 olim
2908 5021 2961 5093 in
3007 5021 3219 5074 Psalmo
3256 5029 3611 5084 eructnrerat,
3660 5022 3719 5073 id

2130 5095 2187 5147 in
2213 5095 2469 5162 supplicio
2509 5093 2676 5146 crucis
2729 5093 2824 5145 sub
2865 5092 3256 5162 redemptorum
3324 5106 3544 5162 suorum
3592 5108 3718 5162 rore

2130 5160 2393 5216 clamabat
2441 5179 2460 5216 :
2487 5174 2531 5227 ζα
2566 5162 2703 5215 Deus
2741 5176 2907 5220 meus,
2956 5160 3095 5214 Deus
3132 5177 3300 5219 meus.
3342 5161 3531 5229 utquid
3565 5161 3721 5213 dere-

2132 5234 2335 5303 liquisti
2354 5233 2484 5303 me?
2522 5251 2540 5284 ι
2569 5232 2672 5303 Alii
2709 5232 2837 5285 item
2878 5231 3188 5303 gravissimi
3223 5232 3415 5303 Patres
3442 5244 3510 5303 c_o
3548 5246 3716 5303 sensu

2134 5299 2296 5356 verba
2328 5302 2533 5356 Christi
2568 5301 3015 5369 interpretantur,
3059 5301 3411 5362 Athanasius,
3451 5299 3712 5368 Cyrillus,

2132 5372 2482 5440 Augustinus.
2522 5370 2627 5425 Sed
2660 5371 2899 5439 longiora
2933 5370 2999 5422 de
3030 5371 3132 5422 hoc
3179 5369 3299 5424 loco
3339 5385 3444 5422 non
3488 5369 3711 5435 addam,

2129 5459 2249 5511 qua:
2281 5443 2347 5496 ab
2374 5440 2759 5511 interpretibus
2782 5449 2910 5493 sunt
2934 5440 3185 5511 petenda.

2202 5512 2316 5580 (66)
2359 5510 2461 5565 Sed
2485 5508 2538 5563 in
2568 5510 2664 5564 Dei
2694 5524 2861 5580 manu
2885 5510 3210 5563 credentium
3242 5508 3472 5564 animos.
3499 5511 3574 5564 Ex
3609 5509 3718 5564 hoc

2128 5583 2249 5636 loco
2271 5582 2663 5637 convenienter
2689 5579 2959 5647 colligitur
2993 5588 3140 5633 recta
3165 5581 3433 5633 sententia
3464 5583 3530 5634 de
3565 5591 3716 5634 statu

2131 5653 2433 5775 agimggnm
2482 5660 2603 5721 post
2665 5659 2917 5714 mortem,
2975 5647 3044 5704 de
3088 5664 3196 5718 qua
3247 5648 3485 5706 disserui
3541 5664 3713 5719 supra

2131 5737 2161 5775 n
2224 5760 2237 5774 .
2277 5742 2309 5775 α
2353 5756 2370 5775 .

2129 5730 2237 5778 ιιοι.
2277 5722 2370 5776 54.
