4018 6206
383 271 488 337 601

1707 276 2036 336 HOMILIA
2085 279 2326 346 XXVII.

3523 281 3628 347 632

381 387 529 451 λσῦν,
563 387 628 455 ἦν
659 385 884 456 ἔμελλεν
916 387 1049 439 αὐτὸ
1081 389 1518 460 καταλήψεσθαι,
1555 391 1648 444 καὶ
1686 391 1803 460 ἅμα
1845 393 1955 446 δει-

2065 410 2316 452 Virtutem
2357 419 2386 453 ιι
2429 414 2506 464 se,
2535 397 2773 453 Iudaica:
2813 397 3108 467 impietatis
3167 401 3292 456 odio
3327 405 3638 460 recessisse.

380 478 585 540 κνύων,
617 477 693 540 ὼς
723 479 1001 547 πέφευγεν
1051 481 1084 550 ὴ
1139 481 1195 532 ὲν
1250 482 1327 547 τῷ
1361 481 1475 552 ναῷ
1534 481 1653 535 θεία
1707 483 1954 553 δύναμις,

382 568 716 637 μισαχθεῖσα
745 569 883 637 πρὸς
912 570 1012 636 τὴν
1032 571 1140 622 τῶν
1180 568 1449 625 Ἰουδαίων
1475 574 1753 628 ἀσέϐειαν.
1798 576 1958 644 Ἐσή-

381 674 519 724 μιανε
549 657 603 708 δὲ
631 656 725 708 καὶ
751 657 852 725 τὴν
886 657 980 709 τοῦ
1014 657 1180 727 νόμον
1226 659 1508 724 ἀσέϐειαν,
1556 662 1825 732 πρότερον
1861 662 1960 733 μὲν

377 746 630 814 καθάπερ
656 749 1058 819 καταπέτασμα
1097 750 1450 820 ήπλωμένην,
1482 753 1578 805 καὶ
1605 753 1958 824 κρύπτουσαν

375 841 478 908 τὴν
510 841 789 909 ἀλήθειαν,
831 842 929 894 νῦν
961 843 1016 894 δὲ
1066 845 1529 914 περιαιρεθείσαν,
1567 848 1660 899 καὶ
1704 848 1765 900 τὸ
1812 847 1960 900 ἔνδον

376 931 576 995 κάλλος
620 935 786 986 πᾶσιν
832 936 1228 1004 ἐμφαίνουσαν.
1281 937 1358 989 Δι’
1407 938 1528 991 ὅλου
1582 939 1638 992 δὲ
1691 939 1956 1009 σχίζεται,

376 1023 462 1074 ὅτι
495 1021 570 1092 μὴ
604 1023 836 1093 μερικὴν
890 1025 1003 1093 ἔχει
1054 1025 1153 1094 τὴν
1205 1027 1540 1098 διασάφησιν
1589 1028 1649 1082 τὸ
1691 1035 1960 1101 σωτήριον

377 1114 668 1184 κήρυγμα.
715 1115 965 1185 Ἐσείσθη
995 1116 1053 1168 δὲ
1082 1119 1114 1185 ἠ
1145 1118 1217 1185 γῆ
1261 1117 1519 1186 ’Λγγαίου
1550 1120 1838 1178 ἀκούσασα
1873 1123 1961 1175 λέ-

375 1216 567 1270 γοντος
623 1206 730 1274 πρὸ
779 1207 1076 1274 προσώπου
1127 1207 1399 1277 Χριστοῦο
1451 1229 1468 1261 ι
1514 1209 1655 1278 Ἐγὼ
1705 1213 1834 1265 σείω
1867 1213 1960 1265 τὸν

375 1294 632 1365 οὐρανὸν,
683 1298 780 1349 καὶ
833 1297 931 1366 τὴν
985 1299 1109 1366 γῆν,
1165 1301 1259 1351 καὶ
1309 1299 1408 1371 τὴν
1459 1301 1757 1355 θάλασσαν.
1799 1323 1815 1356 ι
1854 1305 1961 1358 Καὶ

378 1381 540 1448 αὖθις
568 1385 1002 1456 τοῦἊϐὅακοῦμ
1024 1403 1038 1418 ·
1076 1406 1094 1438 ι
1140 1389 1334 1457 Ἐστη,
1381 1390 1477 1443 καὶ
1509 1392 1831 1462 ἐσαλεύθηή
1863 1393 1957 1462 γῆ,

377 1481 474 1527 καὶ
511 1477 790 1544 ἐτάκησαν
846 1476 1048 1544 βουνοί.
1083 1497 1100 1528 ι
1142 1479 1374 1542 Στάντος
1417 1481 1526 1551 γὰρ
1573 1482 1667 1535 τοῦ
1723 1480 1958 1551 σταυροῦ

377 1567 649 1637 ἐσαλεύθη
686 1570 719 1638 ή
759 1569 854 1637 γῆ,
887 1569 978 1621 καὶ
1008 1569 1396 1641 διετρίφθησαν
1423 1575 1470 1626 oi
1503 1575 1811 1644 ὀρινόμενοι
1841 1574 1958 1628 δαί-

381 1676 563 1727 μονες.
599 1659 814 1711 Σείεται
842 1659 898 1712 δὲ
926 1661 958 1730 ἡ
991 1661 1060 1729 γῆ
1092 1663 1185 1712 καὶ
1219 1663 1322 1732 τήν
1352 1664 1460 1716 τῶν
1494 1668 1840 1735 πραγμάτων
1865 1667 1960 1737 δη-

375 1747 548 1802 λοῦσα
592 1750 901 1820 μετάθεσιν.
944 1751 1304 1823 Ἐσχίσθησαν
1325 1755 1382 1807 δὲ
1413 1757 1502 1807 καὶ
1531 1757 1726 1826 πέτραι
1760 1759 1955 1828 σημαί-

375 1857 589 1903 νουσαι,
631 1841 706 1904 ὡς
736 1842 792 1893 αἱ
829 1841 1026 1896 λίθιναι
1056 1843 1165 1894 τῶν
1197 1843 1364 1896 ἐθνῶν
1397 1846 1616 1915 καρδίαι
1644 1847 1956 1916 διανοιχθῆ-

379 1948 568 1984 σονται
601 1933 736 2002 πρὸς
776 1934 1047 2002 ὑποδοχὴν
1079 1933 1172 1987 τοῦ
1222 1935 1586 2004 εὐαγγελικοῦ
1618 1939 1953 2007 σπέρματος,

375 2025 474 2075 καὶ
499 2025 558 2075 ὲν
591 2023 668 2094 τῷ
693 2024 931 2094 θεμελίῳ
963 2024 1059 2077 τοῦ
1089 2025 1488 2096 ἀκρογωνιαίου
1537 2027 1686 2081 λίθου
1728 2029 1955 2097 ἑδραιω-

378 2115 660 2184 θήσονται.
714 2113 778 2167 Ἦ
810 2115 866 2167 δὲ
893 2114 1000 2168 τῶν
1031 2117 1242 2186 νεκρῶν
1288 2117 1535 2188 ἔγερσις,
1592 2119 1691 2190 τὴν
1738 2121 1954 2174 ἐλευθε-

380 2205 504 2275 ρίαν
541 2205 808 2274 ὑπέφαινε
841 2207 949 2258 τῶν
979 2207 1034 2258 ὲν
1068 2205 1193 2276 ᾆδον
1225 2207 1435 2278 ψυχῶν.

451 2297 610 2348 Ἐστι
625 2297 670 2348 δ’
686 2296 920 2350 ἐνταῦθα
946 2298 1106 2350 διαπο
1127 2299 1314 2369 ρῆσαι,
1330 2301 1560 2370 πότερον
1579 2303 1681 2371 πρὸ
1707 2306 1804 2373 τῆς
1824 2305 1957 2374 Χρι-

377 2388 506 2441 στοῦ
539 2391 894 2455 ἀναστάσεως
925 2394 956 2462 ἡ
995 2393 1102 2446 τῶν
1133 2396 1345 2464 νεκρῶν
1375 2397 1594 2466 έγερσις
1637 2399 1885 2466 γέγονεν,
1918 2400 1951 2468 ἢ

376 2481 520 2548 μετὰ
538 2482 634 2551 τὴν
665 2483 986 2538 ἀνάστασιν.
1009 2486 1069 2537 Εἰ
1095 2486 1195 2556 μὲν
1220 2484 1316 2540 οὖν
1344 2487 1450 2556 πρὸ
1467 2490 1563 2557 τῆς
1584 2490 1952 2555 ἀναστάσεως,

374 2571 521 2622 καθά
544 2572 636 2622 καὶ
653 2570 730 2641 τῷ
750 2571 879 2642 θείῳ
901 2571 1140 2642 Μαξίμῳ
1164 2575 1330 2636 δοκεῖ,
1357 2575 1513 2645 δῆλον
1533 2577 1606 2640 ὡς
1640 2577 1799 2630 πάλιν
1821 2579 1954 2630 ἀπέ-

375 2665 560 2718 θανον.
581 2665 693 2734 Τῆς
709 2666 818 2736 γάρ
838 2667 1119 2737 ἀφθάρτου
1139 2669 1489 2732 ἀναστάσεως
1511 2672 1538 2722 ὀ
1555 2671 1786 2740 Χριστὸς
1807 2688 1956 2741 πρω-

371 2759 594 2820 τότοκος
639 2759 1035 2830 ἐχρημάτισεν.
1073 2761 1136 2813 Ei
1165 2761 1222 2815 δὲ
1261 2763 1398 2832 μετά
1419 2763 1516 2832 τὴν
1556 2762 1794 2832 Χριστοῦ
1827 2764 1954 2816 ανά-

375 2863 592 2915 στασιν,
613 2849 751 2921 ὅπερ
767 2851 1089 2905 ἀκολουθότε
1101 2870 1213 2922 ρον,
1234 2853 1358 2905 καθ’
1379 2855 1480 2906 ὐπε
1491 2856 1685 2925 ρϐατὸν
1701 2856 1952 2926 τὴνίλέξιν

375 2941 755 3009 ἀναγνωστέον
777 2961 791 2975 ο
826 2961 845 2994 ι
884 2945 997 2996 Καὶ
1030 2945 1202 2998 πολλά
1227 2947 1288 2997 σίῖ
1309 2963 1457 3016 ματα
1477 2946 1584 2999 τῶν
1611 2949 1953 3016 κεκοιμημέ-

374 3049 482 3083 νων
509 3033 681 3098 ἀγίων
715 3033 1035 3103 ἠγέρθησαν
1071 3052 1090 3087 ι
1123 3037 1262 3104 μετὰ
1289 3038 1386 3107 τὴν
1421 3039 1720 3092 ἀνάστασιν
1747 3040 1949 3092 αὐτοῦ’
1983 3076 2025 3132 c

375 3121 478 3176 εἷθ’
505 3123 678 3186 οὕτως
717 3125 1005 3178 ἀποδοτέον
1031 3143 1043 3156 ο
1091 3129 1234 3182 «Καὶ
1254 3128 1542 3193 ἐξελθόντα
1579 3134 1643 3184 ὲκ
1667 3131 1776 3184 τῶν
1815 3149 1950 3201 μνηο

378 3217 551 3286 μείων
585 3216 834 3286 εἰσῆλθον
888 3219 967 3279 είς
1015 3219 1114 3288 τὴν
1159 3220 1326 3287 ἁγίαν
1372 3221 1545 3288 πόλιν,
1583 3225 1675 3275 καὶ
1707 3223 1957 3290 ἐνεφανί-

378 3310 587 3379 einen
619 3310 853 3372 πολλοῖς.
890 3331 908 3363 ι
944 3311 1050 3363 Τοῦ
1079 3313 1187 3382 γάρ
1222 3314 1510 3383 ζωηφόρου
1565 3315 1818 3384 σώματος
1859 3333 1956 3367 τα-

377 3403 570 3467 φέντος
616 3404 696 3464 είς
748 3403 873 3471 γῆν,
936 3405 1030 3454 καὶ
1081 3406 1160 3465 είς
1201 3403 1331 3474 ᾇδου
1384 3404 1806 3474 κατεληλυθυίας
1854 3407 1952 3476 τῆς

377 3493 525 3554 θείας
573 3492 771 3562 ψυχῆς,
819 3495 887 3546 τά
939 3494 1037 3563 μὲν
1073 3495 1303 3564 σώματα
1345 3497 1453 3549 τῶν
1504 3497 1674 3564 ἁγίων
1710 3497 1950 3566 ζωτικῆς

375 3585 662 3656 δυνάμεως
697 3585 947 3656 ᾔσθοντο,
978 3587 1033 3639 αἱ
1057 3587 1112 3640 δὲ
1135 3588 1344 3642 τούτων
1370 3590 1541 3658 ψυχαὶ
1581 3590 1949 3660 ἀπελύθησαν,

378 3679 474 3729 καὶ
517 3677 708 3728 πολλαὶ
735 3680 846 3742 τοῖς
880 3678 1030 3741 ίδίοις
1065 3679 1284 3749 σώμασι
1319 3681 1758 3751 συνεπλάκησαν.
1804 3683 1956 3752 Ἀφῖ-

378 3779 509 3816 κται
547 3765 599 3816 δὲ
631 3763 788 3832 λόγος
823 3767 1035 3821 ἄνωθεν
1068 3769 1148 3831 είς
1185 3771 1332 3839 ἡμᾶς
1363 3770 1515 3821 οὐδὲν
1538 3771 1768 3823 ἄπιστον
1792 3771 1951 3841 έχων,

377 3857 455 3921 ὡς
491 3859 584 3910 καὶ
630 3860 658 3909 ὁ
693 3858 1056 3930 πολυτλήμων
1099 3861 1219 3913 ’1ὼό
1267 3863 1391 3915 τότε
1440 3863 1666 3932 ἀνέστη.
1719 3865 1952 3935 Ἐναργῆ

377 3951 436 4006 δὲ
486 3953 584 4022 τὴν
632 3955 822 4023 φήμην
864 3957 1197 4026 παρίστησιν
1252 3959 1284 4026 ἡ
1334 3959 1547 4011 ἐκείνου
1585 3961 1706 4028 ἱερὰ
1751 3959 1953 4029 βίϐλος,

378 4043 523 4096 οὕτω
564 4046 776 4117 φαμένη
825 4049 953 4119 περὶ
989 4049 1121 4101 αὐτὸ
1168 4050 1344 4118 δήπου
1395 4051 1456 4104 τὸ
1500 4051 1912 4119 ἀκροτελεύτιον
1938 4070 1952 4085 ·

377 4137 691 4205 γέγραπται
742 4138 796 4189 δὲ
841 4139 1004 4192 αὑτὸν
1044 4141 1362 4210 ἀναστῆναι,
1417 4143 1534 4212 μεθ’
1571 4138 1647 4197 ὧν
1680 4145 1707 4195 ὁ
1753 4144 1956 4214 Κύριος

378 4227 705 4296 ἀναστήσει,
745 4228 772 4280 ὃ
797 4229 863 4300 δὴ
901 4231 958 4282 ἐν
993 4233 1057 4302 τῇ
1113 4232 1207 4284 τοῦ
1251 4234 1491 4303 Χριστοῦ
1544 4235 1764 4304 ὲγέρσει
1807 4235 1958 4288 τετέσι

376 4315 431 4369 λε
445 4335 587 4371 σται.
612 4319 712 4372 Διά
736 4321 863 4388 γοῦν
897 4321 997 4390 τῆς
1031 4322 1138 4376 τῶν
1175 4325 1474 4393 μνημάτων
1501 4325 1781 4392 ἁνοίξεως,
1813 4325 1952 4393 γνὼο

2065 489 2310 560 signavit
2353 494 2514 546 etiam
2561 491 2692 562 legis
2733 492 3141 556 obscuritatem,
3169 507 3286 561 qnte
3329 495 3478 562 prius
3519 496 3642 564 qui-

2062 583 2182 638 dem
2210 585 2362 652 quasi
2390 585 2630 638 velamen
2662 593 2877 637 extenta
2904 583 3190 639 veritatem
3233 584 3473 651 tegebat;
3504 602 3644 639 nunc

2063 691 2191 728 vero
2221 676 2454 742 undique
2483 675 2687 728 sublata
2720 675 2972 728 latentem
3003 675 3146 728 intus
3181 675 3636 743 pulchritudinem

2064 768 2401 822 manifestam
2448 766 2594 821 facit.
2626 767 2822 821 Totum
2870 781 2994 820 vero
3037 767 3321 820 discissum
3365 776 3468 829 est,
3499 769 3641 836 quod

2061 860 2207 912 enni
2255 875 2318 912 ex
2368 869 2521 928 parte
2565 857 2754 910 salutis
2802 857 3128 926 pra-conium
3176 855 3482 925 evulgatum
3534 867 3638 910 est.

2062 950 2338 1004 Concussa
2398 960 2479 1004 est
2543 949 2696 1004 tellus
2759 949 2912 1017 quasi
2965 949 3216 1015 Aggaaum
3280 962 3345 1001 ex
3409 964 3634 1016 persona

2062 1041 2264 1096 Christi
2329 1042 2594 1096 dicentem
2659 1039 2888 1094 audierit
2947 1058 2961 1094 :
3028 1055 3046 1090 ι
3115 1037 3226 1107 Ego
3287 1044 3639 1095 commovebo

2061 1131 2284 1196 ccelum,
2319 1141 2370 1184 et
2413 1141 2634 1192 terram,
2667 1141 2722 1184 et
2764 1128 2996 1183 mare”.
3037 1147 3054 1180 ι
3107 1129 3172 1182 Et
3213 1128 3408 1182 iterum
3457 1129 3640 1182 llaba-

2061 1237 2184 1276 cum
2223 1237 2237 1274 :
2279 1238 2297 1272 ι
2344 1218 2536 1284 Stetit,
2569 1230 2624 1274 et
2659 1229 2927 1274 commota
2958 1228 3036 1272 est
3077 1229 3220 1272 terra
3258 1229 3312 1271 et
3347 1220 3640 1272 tabuurunt

2063 1314 2226 1367 colles
2246 1313 2311 1365 “.
2348 1332 2366 1364 ι
2405 1311 2594 1366 Stante
2626 1312 2832 1367 scilicet
2863 1326 3026 1365 cruce
3056 1321 3324 1364 commota
3360 1322 3444 1364 est
3475 1321 3638 1374 terra,

2062 1415 2112 1461 et
2143 1406 2359 1459 contriti
2391 1414 2516 1460 sunt
2543 1405 2655 1474 (67)
2687 1404 2862 1458 instar
2891 1404 3154 1457 montium
3189 1403 3312 1457 elati
3341 1403 3636 1457 (ἰωηιοιιοε.

2063 1498 2382 1552 Concutitur
2420 1507 2562 1552 terra
2602 1506 2657 1550 ut
2695 1497 3104 1565 perversitatem
3144 1495 3408 1549 factorum
3453 1505 3639 1548 osten-

2062 1589 2155 1643 ἀιιι
2183 1606 2196 1642 :
2229 1589 2484 1654 disrupta:
2518 1597 2642 1642 sunt
2671 1597 2856 1653 petrae,
2883 1595 2939 1639 ut
2966 1595 3148 1640 essent
3179 1585 3398 1646 imlieio,
3429 1584 3637 1652 lapidea

1986 1722 2034 1780 Β
2065 1681 2303 1748 gentium
2353 1679 2515 1733 corda
2563 1679 2628 1732 ad
2679 1679 3058 1746 excipiendum
3120 1677 3394 1746 Evangelii
3451 1690 3634 1729 semen

2063 1770 2388 1839 aperienda,
2420 1781 2471 1822 et
2511 1770 2562 1822 in
2609 1769 2885 1837 angularis
2928 1768 3124 1836 lapidis
3160 1768 3510 1822 fundamento
3544 1768 3640 1820 lir-

2064 1864 2277 1917 manda.
2306 1861 2638 1916 Morinorum
2672 1877 2800 1916 vero
2856 1861 3185 1916 resurrectio
3214 1861 3422 1914 animas
3451 1861 3640 1914 deten-

2065 1963 2145 2005 tas
2187 1953 2239 2003 in
2280 1952 2470 2007 inferis
2512 1953 2562 2006 in
2610 1951 2910 2006 libertatem
2972 1951 3272 2007 vlndicatas
3310 1965 3429 2006 esse
3470 1951 3638 2006 deno-

2067 2045 2220 2098 tavit.

2136 2307 2355 2362 Exsistit
2406 2314 2586 2361 autem
2635 2307 2737 2362 hoc
2786 2305 2904 2362 loco
2955 2305 3244 2370 dubitatio,
3285 2315 3463 2361 utrum
3510 2315 3636 2359 ante

2063 2401 2260 2455 Christi
2312 2399 2761 2454 resurrectionem
2807 2399 3002 2452 mortui
3041 2401 3108 2451 ad
3139 2398 3302 2450 vitam
3337 2398 3445 2452 sint
3479 2413 3633 2451 revo-

2062 2492 2201 2556 cati,
2232 2507 2298 2543 an
2343 2501 2628 2558 postquam
2666 2490 2922 2543 Dominus
2960 2490 3271 2542 resurrexit.
3321 2487 3532 2542 Etenim
3580 2487 3626 2540 si

2063 2593 2186 2635 ante
2217 2582 2479 2643 dicamus,
2509 2591 2563 2633 ut
2595 2581 2757 2634 etiam
2777 2582 2901 2634 divo
2928 2579 3161 2632 Maximo
3191 2580 3423 2642 videtur,
3463 2579 3638 2632 muni-

2061 2675 2256 2728 festum
2294 2686 2377 2728 est
2416 2674 2607 2727 iterum
2644 2686 2882 2726 mortuos
2923 2687 3058 2726 esse.
3093 2671 3220 2739 Ejus
3258 2672 3399 2725 enim
3458 2687 3638 2724 resur-

2062 2767 2342 2829 ret-tionis,
2387 2766 2544 2834 211
2599 2779 2759 2831 quam
2806 2763 3198 2817 immortalitas
3247 2771 3633 2829 consequatur,

2060 2860 2308 2914 Christus
2357 2857 2750 2927 primogenitns
2803 2855 3104 2925 appellatus
3153 2855 3303 2909 est“
3351 2874 3365 2908 :
3417 2855 3459 2907 si
3507 2870 3636 2906 veto

2061 2958 2182 3017 post
2225 2947 2425 3000 Christi
2479 2947 2972 3010 resurrectionem,
3025 2947 3167 3011 quod
3217 2955 3301 2998 est
3343 2953 3634 2998 consenta-

2059 3057 2219 3094 neum
2261 3040 2461 3108 magis,
2493 3054 2588 3108 per
2623 3038 2954 3108 hyperbaton
2987 3037 3146 3091 verba
3196 3037 3418 3107 legenda
3458 3045 3576 3090 sunt
3616 3050 3633 3089 :

2066 3153 2084 3184 ι
2139 3134 2202 3185 Et
2251 3133 2416 3185 multa
2467 3145 2693 3198 corpora
2761 3139 3067 3183 sanctorum
3123 3144 3242 3198 qua:
3291 3129 3623 3181 dormierant

2059 3231 2419 3276 surrexerunt
2460 3239 2477 3272 ι
2517 3228 2636 3288 post
2665 3221 3118 3274 resurrectionem
3171 3217 3320 3284 ejus;
3353 3232 3416 3272 ac
3443 3217 3638 3271 deimle

2061 3318 2130 3368 ita
2164 3313 2463 3366 addendum
2498 3329 2512 3363 :
2546 3330 2564 3362 ι
2599 3312 2662 3364 Et
2687 3322 2952 3364 exeuntes
2982 3326 3046 3364 ex
3083 3311 3445 3364 monumentis
3475 3325 3634 3362 vene-

2063 3413 2188 3459 runt
2217 3405 2268 3458 in
2303 3413 2543 3456 sanctam
2573 3404 2871 3465 civitatem,
2895 3413 2949 3456 et
2979 3411 3346 3471 apparuerunt
3379 3401 3578 3453 multis.
3610 3417 3628 3449 ι

2063 3498 2286 3567 Sepulto
2318 3497 2462 3550 enim
2491 3496 2542 3549 in
2576 3504 2719 3549 terra
2747 3495 3052 3548 viviﬁcante
3079 3495 3275 3548 Christi
3309 3509 3555 3561 corpore,
3583 3500 3638 3545 et

2059 3590 2124 3642 ad
2171 3586 2372 3642 inferos
2402 3587 2584 3640 divina
2620 3584 2737 3653 ejus
2773 3586 2955 3639 anima
2989 3585 3380 3647 descendente,
3417 3592 3636 3637 sancto-

2057 3699 2176 3737 rum
2234 3681 2449 3748 quidem
2508 3694 2736 3750 corpora
2787 3680 3002 3733 vitalem
3061 3693 3286 3732 sensere
3336 3678 3632 3738 virtutem,

2058 3776 2253 3828 anima:
2285 3787 2415 3826 vero
2448 3772 2690 3825 liberatae
2725 3786 2788 3824 ac
2824 3769 3006 3823 nudue
3045 3769 3276 3838 propriis
3319 3767 3636 3834 corporibus

2060 3868 2250 3920 iterum
2284 3864 2579 3930 conjnnctm
2606 3872 2751 3916 sunt.
2772 3861 2988 3915 Tradita
3017 3876 3143 3914 vero
3168 3876 3274 3913 non
3301 3857 3635 3913 incredibilis

2058 3960 2124 4010 ad
2163 3971 2261 4009 nos
2301 3971 2328 4007 a
2367 3953 2658 4018 majoribus
2700 3951 2946 4022 pervenit
2977 3951 3182 4020 Opinio,
3213 3954 3354 4019 quod
3393 3965 3455 4002 eo
3495 3959 3636 4003 tem-

2059 4065 2190 4119 pore
2243 4047 2681 4117 patientissimus
2723 4043 2824 4098 Job
2871 4045 3252 4098 resurrexerit.
3285 4043 3454 4109 Quam
3504 4058 3636 4096 sane

2062 4146 2257 4196 inritam
2303 4141 2588 4194 clariorem
2641 4138 2818 4192 reddit
2860 4153 3014 4191 sacer
3058 4137 3201 4190 illius
3246 4135 3401 4202 liber,
3436 4137 3487 4189 in
3528 4151 3634 4198 quo

2058 4247 2224 4306 prope
2249 4242 2495 4286 extremo
2527 4230 2604 4282 sic
2632 4229 2831 4282 dicitur
2855 4246 2867 4281 :
2905 4228 3164 4296 scriptum
3193 4238 3275 4281 est
3303 4237 3483 4280 autem
3520 4219 3632 4295 (68)

2063 4328 2233 4396 ipsum
2263 4323 2624 4378 resurrexisse
2668 4335 2791 4375 cum
2823 4319 2890 4373 iis
2915 4333 3053 4388 quos
3079 4318 3336 4372 Dominus
3362 4317 3636 4371 revocavit

379 4428 544 4480 ριμος
600 4415 884 4484 γέγονενή
924 4414 1016 4468 τοῦ
1077 4415 1204 4486 ᾅδου
1257 4415 1576 4483 κατάλυσις,
1634 4419 1728 4471 καὶ
1783 4420 1814 4488 ἡ
1861 4418 1955 4472 τοῦ

2065 4419 2130 4472 ad
2194 4417 2383 4478 vitam,
2411 4414 2553 4483 quod
2590 4428 2720 4467 sane
2756 4413 2808 4466 in
2848 4411 3045 4466 Christi
3083 4411 3476 4465 resurrectione
3512 4425 3636 4478 pcr-

453 4555 495 4586 ¹⁶
513 4555 648 4627 Αεε.
681 4571 739 4621 ιι,
764 4557 816 4610 7.
921 4558 962 4589 ¹¹
991 4555 1191 4612 llabac.
1220 4573 1278 4612 ιιι
1327 4558 1382 4613 6.

1462 4559 1503 4589 "
1528 4558 1688 4612 Rom.
1710 4575 1832 4624 vtn,
1853 4561 1956 4629 99,;
1987 4559 2198 4614 Coloss.
2225 4555 2378 4620 1,13.

1611 4697 1937 4760 Francisri
1972 4696 2181 4758 Scorsi
2215 4701 2402 4756 notae.

448 4839 562 4908 (67)
604 4835 826 4908 ϐοωτειὶ
863 4833 1124 4908 sunlLAd
1170 4833 1490 4908 explendum
1539 4833 1740 4908 Habaci
1794 4835 1946 4889 testi-

374 4900 642 4966 monium.
679 4907 873 4972 desunt
910 4903 962 4957 in
997 4903 1130 4958 Pan.
1170 4900 1253 4956 Et
1283 4903 1564 4958 tribuerunt
1605 4904 1782 4969 colles,
1828 4919 1948 4972 qua:

375 4975 559 5033 addidi
591 4991 654 5029 ex
693 4970 886 5030 Gallic.
923 4983 977 5026 nt
1026 4985 1076 5027 et
1127 4974 1368 5042 pluscula
1410 4975 1510 5026 alia
1559 4970 1860 5043 fragmenta
1896 4975 1945 5025 in

373 5047 748 5116 sequentibus,
775 5061 894 5112 quze
914 5059 981 5116 ex_
999 5045 1270 5116 ipsaserie
1294 5045 1558 5097 orationis
1593 5059 1697 5098 n0n
1727 5043 1945 5116 dubium

373 5113 514 5176 erat,
554 5117 682 5186 quin
704 5123 888 5168 essent
919 5113 1193 5186 addenda,
1220 5116 1446 5186 ideoque
1482 5125 1684 5186 notare
1721 5114 1946 5186 ulterius

373 5204 436 5240 ea
469 5182 585 5238 non
605 5185 775 5236 visum
805 5198 1113 5236 necessum.
1171 5184 1274 5237 Sed
1322 5199 1579 5252 pra-terea
1637 5185 1723 5237 hic
1756 5182 1947 5252 legitur

375 5259 428 5309 in
467 5256 596 5308 Pan.
625 5255 686 5305 ili
713 5253 1016 5323 ὠρυομένοι
1059 5251 1336 5322 δαίμονες,
1371 5255 1519 5320 quasi
1572 5253 1786 5323 diceret
1831 5251 1950 5303 nlu-

372 5327 550 5379 lantes
592 5320 882 5377 daemones.
933 5320 1038 5375 Sed
1076 5320 1278 5375 rectius
1327 5325 1376 5375 in
1434 5323 1571 5378 Call.
1612 5322 1951 5391 Ὀρινὸμενοι

369 5397 648 5462 δαίμονες.
705 5393 857 5458 Quod
907 5408 1005 5460 ego
1049 5395 1206 5457 verti,
1268 5391 1409 5446 Elati
1456 5396 1629 5446 instar
1690 5394 1948 5444 montium

371 5469 676 5526 daemones;
708 5463 798 5527 qui
835 5477 1024 5514 sensus
1058 5472 1112 5516 et
1143 5464 1300 5516 lectio
1339 5465 1509 5530 magis
1539 5462 1788 5525 congruit
1829 5462 1949 5514 loco

365 5536 480 5602 jam
517 5538 682 5588 citato
723 5549 789 5586 ex
838 5530 1080 5596 ﬂabat-0,
1133 5535 1304 5586 Porro
1348 5531 1414 5585 de
1463 5548 1592 5585 voce
1637 5531 1950 5599 ὀρινόμενος

370 5607 552 5671 aliqua
589 5606 767 5658 notavi
825 5605 968 5656 hom.
999 5602 1090 5662 23.
1124 5613 1240 5660 not.
1289 5603 1380 5668 tl,
1414 5602 1503 5658 ubi
1548 5602 1739 5658 similis
1800 5602 1950 5658 locus

372 5675 694 5730 emendatur
720 5683 774 5728 et
801 5673 1143 5742 espcuditur.

2127 4832 2240 4900 (68)
2285 4830 2556 4898 Scriptum
2595 4838 2672 4900 est
2711 4823 3274 4900 antennltreditionc
3306 4827 3414 4900 tum
3443 4818 3628 4900 Crrera

2054 4894 2164 4956 turn
2202 4894 2558 4967 Latina,qu:e
2603 4899 2755 4964 jussu
2793 4895 2939 4967 rSixli

2056 4982 2143 5026 tur
2173 4974 2274 5026 sub
2313 4961 2470 5023 lineni
2507 4961 2698 5038 capitis
2753 4966 2928 5038 ultimi
2965 4961 3069 5018 lib.
3093 4962 3276 5038 Job“:
3314 4961 3631 5038 Γέγραπται

2051 5023 2130 5094 is
2169 5023 2330 5093 αὐτὸν
2392 5039 2549 5092 πάλιν
2575 5023 2998 5104 ’ἀναστήσεσθαι
3059 5033 3176 5102 μεθ’
3214 5023 3288 5084 ὧν
3343 5033 3370 5084 ὁ
3398 5023 3405 5025 “
3429 5023 3632 5097 Κύριος

2051 5111 2336 5180 ἀνίστησιν
2361 5123 2376 5138 °
2416 5109 2681 5180 Scriptum
2714 5115 2788 5159 est
2825 5105 3204 5180 atrient‘ipsunﬁt
3241 5116 3423 5180 rursus
3456 5115 3631 5180 ref-ur.

2053 5167 2342 5239 recturum,
2402 5167 2781 5246 cum'qnibusi
2829 5167 3102 5227 resuscitat
3165 5171 3439 5246 Dominus.
3508 5167 3630 5246 Iltec

2049 5261 2178 5304 sunt
2231 5251 2414 5315 igitur,
2447 5240 2728 5315 qnze'citnt
2759 5245 3137 5316 Theophanes,
3190 5252 3374 5316 utpote
3424 5240 3475 5289 in
3518 5240 3630 5316 suis

2045 5324 2209 5373 ‘etiam
2255 5311 2438 5373 Bihliis
2466 5311 2770 5370 exstantia.
2810 5317 2878 5366 At
2916 5311 3050 5366 vero
3079 5315 3188 5366 btet:
3224 5323 3280 5363 nt
3305 5311 3356 5360 in
3384 5311 3625 5370 margine

2050 5390 2192 5442 illius
2226 5390 2476 5441 editionis
2503 5386 2814 5438 adnotatum
2843 5392 2946 5447 est,
2994 5398 3097 5436 n0u
3147 5383 3413 5434 habentur
3445 5389 3624 5447 neque

2053 5461 2104 5512 in
2148 5459 2370 5513 “Cber
2409 5467 2577 5512 textu.
2631 5469 2803 5522 neque
2855 5454 2906 5506 in
2933 5443 3138 5506 'nostra
3175 5449 3428 5522 vulgata,
3480 5443 3621 5522 addo

2049 5530 2211 5582 etiam
2245 5543 2418 5595 neque
2449 5527 2500 5578 in
2530 5514 2727 5576 Bibliis'
2749 5523 2909 5596 regiis
2957 5517 3372 5596 correctissintis
3399 5514 3619 5596 :_adeo-

2049 5615 2155 5669 que
2190 5609 2249 5654 ut
2276 5587 2554 5665 scriptura
2581 5587 2843 5649 canonica
2879 5608 2982 5648 non
3009 5598 3132 5646 sunt
3165 5587 3505 5657 accipienda.

3059 4893 3274 4962 prodiit,
3309 4890 3418 4962 luet:
3452 4893 3638 4952 legun-
3709 4949 3712 4953 _
