4018 6206
429 301 542 364 6(1-3
1629 275 2132 353 TtIEOPItANts'
2167 293 2505 353 causam
3580 302 3691 363 σοι

435 413 635 466 factum
677 419 778 464 est.
814 407 980 476 igitur
1018 420 1113 474 per
1149 413 1388 459 reserata
1432 405 1675 474 sepulcra
1713 413 1769 458 et
1807 403 2007 458 infero-

2118 402 2322 472 Κυρίου
2348 405 2668 467 ἀνάστασις.
2708 404 2833 457 Ὅτε
2869 403 2925 457 δὲ
2969 405 3158 476 ἐξῆλθε
3204 410 3296 462 τοῦ
3326 410 3501 479 τάφου
3539 415 3567 465 ὁ
3604 417 3714 482 ἀρ-

435 520 555 558 rnm
598 504 824 563 eversio,
854 505 911 553 et
950 498 1160 552 Domini
1197 500 1522 551 resurrectio
1564 497 1834 551 declarata
1904 506 2005 551 est.

434 592 538 649 Ubi
574 607 700 645 vero
726 591 932 644 Auctor
964 588 1153 642 salutis
1187 599 1388 642 nostr:e
1420 589 1615 654 prodiit
1645 605 1708 643 ex
1741 588 2007 658 sepulcro,

435 700 561 742 tunc
607 698 741 738 sane
784 693 838 738 et
882 682 1059 737 sancti
1108 681 1208 750 ipsi
1257 681 1489 735 vinculis
1539 681 1729 736 mortis
1773 680 2007 747 expediti

435 788 709 828 emersere
764 789 796 828 e
856 770 1257 835 monumentis,
1305 771 1433 824 illud
1491 769 1643 825 Oscae
1693 771 1931 824 dicentes
1991 786 2006 824 :

445 884 463 917 ι
501 866 726 919 Curahit
759 879 857 919 nos
895 871 949 918 et
984 878 1147 917 sanos
1184 861 1345 917 faciet
1378 870 1495 928 post
1532 861 1645 914 dies
1681 861 1834 923 duos,
1870 868 1922 912 et
1952 860 2007 913 in

435 961 522 1014 die
559 962 715 1015 tertia
750 974 1094 1025 resurgemus
1117 958 1182 1011 ¹³.
1216 976 1235 1010 ο
1269 958 1443 1027 Atque
1472 956 1543 1011 ita
1577 956 1818 1010 lmtantcs
1849 971 2009 1009 vene-

434 1063 561 1107 rttut
605 1056 659 1106 in
702 1060 945 1106 sanctam
991 1050 1301 1114 civitatem,
1332 1059 1385 1103 et
1426 1064 1544 1102 eam
1588 1063 1708 1117 qua:
1749 1048 1801 1100 in
1848 1046 2009 1101 lenis

433 1155 540 1204 est.
571 1153 627 1197 et
664 1159 782 1199 eam
823 1158 942 1211 qua:
984 1140 1039 1195 in
1076 1140 1269 1206 Edem,
1306 1141 1643 1210 praecedente
1685 1138 1923 1203 Christo,
1953 1149 2009 1193 ct

433 1236 723 1297 latronem,
751 1245 913 1302 prout
942 1233 1056 1302 ipse
1086 1233 1431 1301 promiserat,
1462 1232 1860 1285 introduccnte.

506 1325 657 1380 Tunc
697 1326 1132 1381 animadvertens
1174 1324 1451 1384 centurio,
1484 1323 1562 1377 uti
1605 1323 1866 1377 Domitius
1908 1339 2005 1377 sua

433 1432 555 1471 eum
589 1427 854 1487 potestate
881 1416 1231 1485 exspirasset,
1265 1425 1319 1467 ttt
1348 1416 1529 1483 seissm
1563 1423 1755 1484 petraz,
1778 1425 1832 1467 et
1862 1423 2003 1469 terra

433 1520 718 1567 concussa,
750 1520 919 1572 usque
950 1505 1087 1558 adeo
1120 1514 1473 1572 compunctus
1508 1514 1612 1565 est,
1641 1512 1698 1556 ut
1739 1504 2005 1568 crederet,

434 1608 489 1653 ct
517 1599 791 1654 Christum
822 1598 1016 1654 Filium
1049 1599 1141 1654 Dei
1176 1600 1435 1652 fateretur
1464 1614 1479 1651 :
1514 1609 1700 1664 postea
1728 1612 1855 1653 vero
1884 1612 2009 1653 san-

434 1693 613 1761 guinis
650 1693 962 1747 testintonio
1001 1691 1115 1760 (69)
1154 1699 1563 1747 consummatus
1599 1699 1700 1744 est.
1725 1688 1843 1744 Jatu
1881 1704 2007 1743 vero

2119 493 2288 564 χηγδς
2332 495 2432 563 τῆς
2458 495 2731 566 σωτηρίας
2764 496 2923 567 ἡμῶν
2948 538 2964 563 ,
3004 499 3125 551 τότε
3157 501 3221 568 δὴ
3254 503 3320 556 ἐκ
3349 504 3459 555 τῶν
3479 508 3709 574 μνημά-

2117 602 2229 638 των
2268 587 2362 640 καὶ
2406 587 2561 639 αὐτοὶ
2592 589 2921 658 ἁνενήχοντο
2968 590 3270 661 ἀνειμένοι,
3318 596 3414 649 καὶ
3446 595 3708 664 λέγοντες

2116 674 2184 728 τὰ
2216 677 2309 728 τοῦ
2352 677 2549 746 Ὠσηέσ
2594 696 2612 729 ι
2656 679 2888 732 ’ἰάσεται
2925 683 3093 751 ἡμᾶς,
3133 684 3228 736 καὶ
3260 685 3518 740 νεοτὼσει
3551 690 3707 758 ἡμᾶς

2120 769 2259 835 μετὰ
2287 767 2380 821 δύο
2409 768 2647 839 ἡμέρας,
2700 771 2794 824 καὶ
2840 773 2897 825 ἐν
2924 774 2993 841 τῇ
3044 773 3229 844 ἡμέρᾳ
3262 777 3329 845 τῇ
3376 777 3539 849 τρίτῃ
3569 781 3708 831 ἀνα-

2119 861 2448 930 στησόμεθα.
2490 880 2506 913 ι
2540 862 2651 916 Καὶ
2677 862 2819 917 οῦτω
2868 865 3154 934 χαίροντες
3196 867 3450 936 είσῆλθον
3490 870 3571 932 εἰς
3602 870 3706 940 τὴν

2118 949 2281 1015 ἁγῖαν
2330 951 2509 1015 πόλιν,
2542 953 2645 1022 τήν
2676 971 2735 1005 τε
2790 954 3059 1022 ἐπίγειον,
3096 956 3191 1008 καὶ
3219 957 3320 1022 τὴν
3359 958 3462 1028 τῆς
3513 960 3703 1033 Ἐδὲμ,

2117 1041 2509 1114 προοδεύοντος
2538 1046 2630 1099 τοῦ
2673 1049 2949 1118 Σωτῆρος,
2976 1051 3073 1103 καὶ
3102 1050 3191 1103 τὸν
3210 1051 3416 1124 λῃστὴν
3443 1056 3704 1125 εἰσάγον-

2115 1150 2227 1196 τος,
2260 1137 2404 1190 κατὰ
2434 1138 2532 1209 τὴν
2565 1138 2881 1208 ὑπόσχεσιν.

2192 1228 2327 1280 Τότε
2374 1227 2439 1297 δὴ
2482 1231 2634 1283 καὶό
2672 1230 2997 1300 κεντυρίων,
3052 1231 3178 1284 ἰδὼν
3232 1234 3352 1292 πῶς
3402 1235 3737 1298 ἐξέπνευσε·

2120 1321 2236 1392 μετ’
2272 1320 2540 1385 ἐξουσίας,
2575 1320 2693 1382 πῶς
2725 1323 2782 1374 αἱ
2810 1323 3007 1392 πέτραι
3031 1324 3387 1394 ἐσχίσθησαν,
3418 1327 3515 1378 καὶ
3554 1329 3587 1397 ή
3626 1329 3701 1397 γῆ

2115 1413 2463 1482 ἐκεκλόνητο,
2516 1414 2597 1474 εἰς
2632 1412 2901 1482 τοσαύτην
2948 1408 3052 1486 ἧκε
3091 1415 3567 1480 κατάνυξιν,ὥστε
3601 1419 3701 1470 καὶ

2116 1504 2473 1566 πεπίστευκε,
2503 1504 2595 1556 καὶ
2624 1504 2749 1556 Υίόν
2764 1502 2901 1557 Θεοῦ
2934 1505 3026 1557 τὸν
3048 1506 3283 1576 Χριστὸν
3314 1507 3699 1577 ὡμολόγησεν.

2118 1594 2386 1663 ’Υστερον
2435 1593 2492 1647 δὲ
2551 1595 2646 1646 καὶ
2700 1593 3026 1665 μσρτυρικῷ
3079 1595 3275 1664 αἵματι
3322 1595 3700 1650 ἐτετελείωτο.

2117 1691 2262 1761 Ὅρα
2296 1690 2352 1743 δὲ
2384 1691 2478 1743 καὶ
2502 1691 2612 1743 τῶν
2661 1690 2984 1760 μαθητριῶν
3015 1691 3113 1761 τὴν
3162 1691 3512 1760 προσεδρίαν,
3554 1691 3700 1761 πόση

434 1783 717 1837 censidera
767 1797 930 1851 quam
973 1782 1178 1836 fuerint
1222 1780 1455 1835 assiduae
1497 1780 1750 1836 mulieres
1790 1781 2007 1835 alumna

2117 1760 2202 1847 τις
2223 1780 2314 1855 ἦν.
2359 1783 2720 1838 Ἦκολούθουν
2751 1782 2860 1834 ἀπὸ
2889 1783 2987 1851 τῆς
3017 1760 3313 1845 Γαλιλαίας
3333 1760 3703 1850 διακονούμεε

440 1876 641 1929 (Ιιη-ῑδιῑ
674 1875 957 1929 doctrinae.
987 1873 1270 1930 Comitatte
1311 1880 1434 1927 sunt
1466 1887 1496 1926 e
1524 1871 1742 1927 Galilaea
1777 1888 2019 1927 commo—

438 1963 628 2017 dantes
661 1965 709 2017 ei
739 1966 803 2018 de
834 1979 929 2018 sua
963 1978 1023 2018 re
1060 1981 1073 2016 :
1108 1971 1296 2032 postea
1329 1963 1378 2017 in
1413 1963 1673 2030 periculis
1709 1962 2016 2031 adfuerunt,

435 2065 488 2108 et
525 2072 645 2107 cum
687 2056 995 2109 traheretur
1033 2056 1098 2108 ad
1138 2068 1352 2108 crucem
1389 2064 1587 2109 secuta:
1620 2064 1749 2109 sunt
1783 2055 2016 2124 complo-

439 2156 655 2212 rantes;
686 2156 739 2201 et
765 2147 816 2201 in
850 2147 1311 2201 crucem‘sublato
1343 2146 1702 2210 assederunt,
1731 2156 1780 2199 et
1824 2146 2017 2215 persti-

435 2246 652 2301 terunt,
683 2248 740 2291 ut
766 2238 1121 2292 observarent
1150 2238 1237 2293 ubi
1271 2238 1615 2307 sepeliretur,
1649 2248 1705 2292 ttt
1732 2248 2012 2308 postquam

431 2327 738 2384 Jndteorum
781 2328 957 2385 rabies
996 2329 1357 2385 deferbuisset
1423 2330 1881 2399 securitatemque
1915 2345 2015 2383 na-

438 2429 541 2475 ctae
583 2428 796 2483 essent,
825 2420 1074 2475 venirent
1116 2423 1182 2475 ad
1229 2437 1425 2491 corpus
1468 2431 1744 2491 unguento
1789 2423 2013 2491 perfun-

440 2513 693 2567 dendum.
862 2578 865 2581 Α
1944 2498 1949 2503 ³

514 2621 536 2653 ι
580 2599 752 2658 ,ιιιόωί
796 2618 946 2673 ergo,
980 2604 1237 2673 quoniam
1288 2606 1589 2662 Paraseeve
1633 2616 1774 2671 erat,
1807 2617 1864 2664 ut
1906 2625 2012 2666 non

437 2704 781 2749 remanerent
842 2695 893 2748 itt
938 2712 1102 2751 cruce
1135 2711 1360 2765 corpora
1401 2696 1638 2753 Sabhato
1673 2700 1835 2769 212
1875 2702 2015 2771 (erat

437 2782 580 2836 enim
614 2799 841 2853 magnus
876 2785 991 2840 dies
1011 2786 1099 2840 ille
1127 2784 1397 2855 Sabbati),
1432 2801 1757 2857 rogaverunt
1786 2791 2010 2844 Pilatum

440 2883 499 2928 ut
532 2874 915 2945 frangerentur
937 2890 1124 2931 eorum
1155 2892 1336 2942 crura,
1362 2888 1415 2931 et
1446 2879 1781 2935 tollerentur.
1812 2901 1829 2934 ι
1860 2881 2014 2938 Post—

435 2981 598 3032 quam
632 2967 1023 3021 ferocissimum
1066 2968 1198 3023 illud
1237 2969 1447 3023 facinus
1487 2981 1890 3040 perpetrassent
1917 2990 2013 3043 pcr

436 3055 672 3122 speciem
708 3055 1061 3111 observandae
1097 3057 1252 3128 legis,
1288 3058 1359 3112 illi
1398 3057 1509 3114 Deo
1546 3060 1701 3116 invisi
1736 3071 1792 3115 et
1834 3064 2015 3132 perdi-

438 3144 629 3200 tissimi
663 3146 925 3212 ltomines,
960 3159 1013 3202 et
1046 3149 1200 3203 malis
1234 3150 1406 3217 geniis
1438 3151 1654 3219 agitati,
1688 3153 1955 3221 petierunt
1984 3170 2012 3209 a

435 3236 696 3304 praeside,
737 3245 795 3293 ut
849 3255 1008 3294 crura
1054 3239 1434 3311 frangerentur
1473 3256 1660 3296 eorum
1702 3245 1791 3312 qui
1841 3246 2018 3301 crucis

434 3330 699 3399 supplicio
748 3332 969 3385 mactati
1021 3333 1267 3399 fuerant;
1303 3333 1463 3387 simul
1508 3346 1568 3389 ut
1611 3334 1740 3392 Jesu
1789 3348 2013 3392 mortem

437 3433 882 3490 approperat-ent,
908 3422 1069 3478 simul
1098 3433 1154 3478 ut
1181 3423 1311 3494 legis
1341 3426 1711 3492 praescriptum
1742 3428 2015 3483 custodire

429 3515 827 3580 iudicarentur.
860 3515 951 3571 Sic
993 3517 1136 3570 enim
1182 3528 1516 3587 praeceperat
1556 3519 1765 3590 Moyses
1815 3539 1828 3575 :
1884 3538 1903 3572 ι
1955 3521 2012 3575 Si

438 3604 601 3660 interit
645 3607 698 3660 in
741 3608 928 3674 aliquo
968 3608 1232 3677 judicium
1278 3611 1492 3674 mortis,
1524 3620 1579 3665 et
1620 3613 2013 3680 suspenderitis

434 3712 559 3749 cum
634 3712 797 3765 super
854 3699 1095 3766 lignum,
1165 3714 1271 3753 non
1337 3702 1569 3755 dormiet
1629 3717 1827 3769 corpus
1892 3703 2012 3773 ejus

433 3803 598 3857 sttpcr
637 3789 872 3859 lignum;
916 3793 1009 3845 sed
1051 3794 1326 3860 sepultura
1370 3792 1640 3860 sepelietis
1672 3810 1793 3848 cum
1832 3795 1882 3849 in
1927 3797 2013 3851 die

432 3881 521 3933 illa
548 3881 609 3933 ¹’.
647 3899 667 3932 θ
715 3882 1008 3937 Latronum
1044 3883 1209 3949 igitur
1243 3883 1420 3938 adhuc
1476 3887 1795 3951 spirantium
1841 3887 2010 3943 clavis

431 3975 739 4026 contrivere
782 3972 1051 4038 membra;
1093 3973 1277 4027 Jesum
1320 3988 1449 4027 vero
1491 3985 1754 4027 murtuum
1799 3982 2011 4045 conspi-

430 4064 564 4127 cati,
595 4064 734 4117 idem
777 4064 830 4117 in
871 4078 936 4119 eo
973 4080 1076 4118 non
1109 4063 1289 4119 fecere
1326 4082 1340 4119 :
1380 4080 1557 4132 neque
1585 4067 1727 4119 enim
1759 4066 1841 4122 fas
1866 4076 2005 4130 erat.

430 4163 488 4208 ut
517 4168 686 4209 sacrre
725 4154 864 4208 Illius
900 4156 1135 4210 victimae
1169 4170 1293 4211 ossa
1331 4157 1829 4226 cont‘ringerentur,
1866 4173 2005 4227 quo-

428 4244 570 4297 niam
598 4246 762 4299 etiam
795 4246 919 4315 agni
953 4246 1112 4317 typiei
1147 4246 1230 4301 lex
1255 4256 1500 4301 vetuerat
1527 4262 1649 4301 ossa
1677 4249 1994 4303 comminui.

426 4338 499 4390 At
538 4352 667 4391 vero
710 4338 881 4392 audax
931 4339 1147 4407 quidam
1197 4339 1352 4393 miles
1398 4341 1538 4395 latus
1585 4340 1768 4394 lancea
1819 4340 2005 4409 perfo-

2114 1893 2205 1929 ναι
2234 1877 2298 1928 ἐκ
2338 1875 2448 1927 τῶν
2492 1873 2677 1940 σφίσιν
2706 1872 2935 1924 ἐνόντων
2972 1871 3297 1941 χρημάτων,
3331 1867 3451 1924 εἶτα
3485 1874 3546 1924 ἐν
3583 1873 3705 1935 τοῖς

2116 1964 2385 2026 κινδύνοις
2434 1963 2715 2032 παρῆσαν,
2774 1960 3053 2030 ἑλκομένῳ
3079 1978 3140 2012 τε
3164 1960 3261 2012 ἐπὶ
3291 1959 3531 2029 σταυροῦ
3566 1963 3704 2029 ἠκο-

2114 2057 2338 2110 λούθουν
2368 2054 2790 2123 ὀλοφυρόμεναι,
2835 2052 2931 2104 καὶ
2966 2050 3400 2120 προσηλουμένῳ
3443 2052 3703 2122 παρεκάο

2115 2148 2292 2209 θοντο,
2328 2145 2425 2198 καὶ
2475 2143 2853 2214 προσήδρευον
2889 2139 3329 2211 περισκοποῦσαι
3368 2139 3479 2210 ὅπῃ
3526 2156 3704 2192 κατα-

2114 2243 2366 2313 θήσεται,
2399 2240 2475 2302 ὡς
2514 2237 2580 2291 ἂν
2612 2236 2714 2305 τῆς
2753 2236 2959 2304 λύσσης
2984 2233 3096 2286 τῶν
3127 2232 3403 2286 Ἰουδαίων
3435 2229 3705 2297 λωφησά-

2113 2350 2236 2403 σης,
2277 2331 2461 2393 ἀδείας
2498 2328 2841 2401 δραξάμεναι
2870 2325 3080 2380 ἔλθοιεν
3113 2325 3210 2379 καὶ
3248 2322 3596 2394 περιχυθείεν
3622 2318 3703 2390 τῷ

2112 2421 2348 2492 σώματι.

2185 2622 2205 2656 ι
2241 2601 2304 2655 Οἱ
2345 2598 2442 2669 μὲν
2493 2596 2768 2657 Ἰουδαῖοι,
2829 2594 2920 2649 ἵνα
2949 2593 3023 2664 μὴ
3075 2593 3237 2664 μείνῃ
3272 2590 3343 2645 τὰ
3376 2589 3611 2662 σώματα
3642 2592 3706 2646 ἐν

2113 2694 2194 2765 τῷ
2234 2690 2478 2762 σταυρῷ,
2517 2689 2643 2743 ἐπεὶ
2673 2686 3007 2758 Παρασκευὴ
3036 2680 3106 2757 ἦν
3141 2680 3233 2756 (ἦν
3266 2684 3377 2756 γὰρ
3410 2686 3631 2755 μεγάλη
3666 2686 3705 2757 ἡ

2104 2786 2292 2858 ἡμέρα
2321 2784 2511 2853 ἐκείνη
2536 2780 2630 2835 τοῦ
2659 2776 3300 2850 Σαὸϐάτου),ἡρώτησαν
3323 2776 3415 2829 τὸν
3442 2777 3702 2842 Πιλάτου,

2109 2880 2197 2933 ἵνα
2255 2874 2605 2943 κατεαγῶσιν
2652 2872 2842 2926 αὐτῶν
2895 2873 2966 2925 τὰ
2995 2873 3187 2941 σκέλη,
3241 2869 3339 2924 καὶ
3369 2867 3636 2941 ἀρθῶσιν.
3674 2887 3699 2923 ι

2123 2968 2341 3037 Ἐπειδὴ
2370 2968 2431 3020 τὸ
2453 2965 2731 3036 τολμηρὸν
2785 2964 2973 3027 αὐτοῖς
3002 2963 3160 3017 τοῦτο
3208 2962 3372 3033 ἔργον
3406 2961 3694 3029 διήνυστο,

2114 3056 2659 3129 νομοφυλακοῦντες·
2704 3054 2866 3126 δῆθεν
2892 3055 2943 3107 οἱ
2975 3054 3275 3124 θεομισεῖς,
3318 3050 3414 3105 καὶ
3442 3049 3695 3118 ἐξώλεις,

2121 3153 2215 3208 καὶ
2243 3149 2643 3219 κακοδαίμονες
2675 3146 2891 3214 ἀξιοῦσι
2926 3146 3014 3199 τὸν
3057 3145 3304 3217 ἡγεμόνα
3356 3144 3702 3213 κατεαγῆναε

2119 3241 2223 3295 τῶν
2248 3238 2852 3294 ἀνασκολωπισθέντων
2876 3235 2945 3289 τὰ
2974 3235 3139 3304 σκέλη
3162 3251 3177 3266 ·
3213 3232 3349 3305 ὁμοῦ
3382 3233 3483 3302 μὲν
3508 3233 3703 3285 ἐπιταο

2117 3333 2373 3404 χύνοντες
2403 3331 2504 3402 τὴν
2551 3330 2727 3402 Ἰησοῦ
2755 3328 3037 3398 τελευτὴν,
3071 3327 3365 3397 φυλάττειν
3387 3324 3434 3377 δ’
3463 3325 3701 3394 ὑποκριο

2117 3426 2332 3494 νόμενοι
2394 3425 2487 3478 καὶ
2537 3422 2598 3476 τὸ
2640 3423 2869 3491 νομικὸν
2927 3420 3308 3489 παρατήρημα
3337 3433 3350 3447 ·
3389 3414 3535 3470 οῦτω
3586 3416 3699 3487 γὰρ

2115 3518 2359 3586 Μωῦσῆς
2402 3516 2706 3569 ἐνετείλατο
2733 3530 2746 3545 ⁸
2784 3533 2803 3565 ι
2854 3513 2983 3566 Ἐὰν
3021 3512 3248 3583 γένηται
3279 3510 3337 3562 ἐν
3366 3526 3475 3561 τινι
3515 3509 3705 3579 κρῖμα.

2117 3610 2373 3675 θανάτου,
2407 3610 2501 3664 καὶ
2527 3607 2843 3679 κρεμάσατε
2873 3605 3038 3658 αὑτὸν
3087 3605 3180 3657 ἐπὶ
3226 3600 3411 3667 ξύλου,
3444 3602 3549 3655 ούκ
3577 3603 3703 3653 ἐπι-

2115 3702 2515 3772 κοιμηθήσεται
2557 3700 2616 3752 τὸ
2652 3699 2812 3766 σῶμα
2855 3696 3021 3750 αὐτοῦ
3068 3696 3163 3748 ἐπὶ
3215 3693 3293 3763 τῷ
3343 3691 3507 3763 ξύλῳ,
3562 3689 3703 3743 ἀλλὰ

2116 3796 2265 3863 ταφῇ
2344 3792 2546 3861 θάψετε
2601 3789 2738 3844 αὐτὸ
2779 3791 2837 3841 ἐν
2883 3790 2950 3859 τῇ
3003 3788 3189 3859 ἡμέρᾳ
3248 3785 3454 3858 ἐκείνῃ.
3496 3802 3516 3835 ι
3573 3784 3701 3837 Τῶν

2116 3884 2215 3951 μὲν
2245 3876 2337 3935 οῦν
2366 3880 2580 3953 λῃστῶν
2611 3881 2960 3950 ἐμπνεόντων
3003 3877 3085 3930 ἔτι
3112 3876 3183 3929 τὰ
3215 3875 3387 3945 σκέλη
3434 3875 3701 3944 ῥοπάλοις

2114 3971 2462 4041 συνέτριψαν.
2519 3969 2623 4024 Τὸν
2667 3969 2725 4021 δὲ
2770 3967 2997 4040 Ἰησοῦν,
3029 3969 3105 4032 ὡς
3134 3964 3276 4021 εἶδον
3327 3967 3697 4037 τεθνήξαντα,

2109 4060 2269 4114 τοῦτο
2301 4062 2397 4130 μὲν
2428 4061 2527 4113 ούκ
2555 4061 2884 4131 εἰργάσαντο
2911 4076 2925 4091 ο
2960 4061 3022 4112 ού
3061 4061 3170 4131 γὰρ
3201 4055 3268 4128 ἦν
3295 4059 3457 4129 θέμις
3495 4076 3699 4111 κατεα-

2109 4155 2270 4225 γῆναι
2296 4153 2392 4206 τοῦ
2427 4154 2572 4225 ἱεροῦ
2605 4153 2849 4221 θύματος
2878 4153 2947 4205 τὰ
2974 4153 3133 4216 ὀστᾶ,
3162 4154 3243 4205 ὅτι
3276 4152 3368 4204 καὶ
3409 4149 3508 4203 τοῦ
3535 4166 3699 4203 τυπι-

2110 4247 2208 4302 κοῦ
2260 4247 2433 4318 ἀμνοῦ
2475 4247 2786 4318 συντρίϐειν
2829 4247 2900 4299 τὰ
2945 4245 3080 4298 ὀστᾶ
3127 4247 3155 4297 ὁ
3195 4228 3361 4314 νόμος
3394 4243 3695 4296 ἀπείπατο.

2108 4340 2454 4410 Στρατιώτης
2483 4340 2541 4393 δέ
2571 4356 2654 4401 τις
2699 4338 2904 4409 θρασὺς
2934 4335 3104 4407 λόγχῃ
3134 4336 3234 4406 τὴν
3264 4334 3508 4400 πλευρὰν
3536 4335 3699 4386 ἀντε-

429 4427 568 4479 ravit
599 4443 615 4478 :
647 4437 703 4482 et
728 4430 987 4483 continuo
1018 4431 1274 4485 inusitata
1301 4434 1646 4502 maximeque
1670 4432 2001 4487 admirabilis

2116 4432 2327 4503 τόρησε,
2382 4431 2476 4483 καὶ
2544 4430 2746 4483 αὐτίκα
2805 4428 3122 4499 παραδόξου
3181 4426 3463 4497 θαύματος
3528 4425 3697 4495 ἔργον

436 4533 522 4571 res
583 4528 663 4571 est
709 4532 1025 4575 consecuta.
1074 4520 1284 4576 Etenim
1335 4525 1485 4591 quasi
1542 4539 1604 4577 ex
1658 4541 1764 4579 uno
1819 4525 2002 4580 lateris

428 4609 578 4661 fonte
607 4616 662 4662 et
686 4610 882 4663 ﬂumen
916 4617 970 4663 et
997 4625 1244 4664 cruorem
1278 4616 1537 4666 extraxit.
1570 4613 1646 4667 Ac
1680 4630 1778 4683 per
1805 4630 2001 4683 aquam

426 4699 642 4765 quidem
666 4698 897 4753 deletum
924 4709 1006 4754 est
1030 4701 1309 4755 servitutis
1336 4713 1530 4756 nostrae
1555 4705 2003 4774 chirographum;

428 4805 523 4857 per
563 4790 881 4862 sanguinem
930 4806 1061 4846 vero
1106 4793 1249 4862 regia
1297 4794 1521 4847 libertas
1568 4795 1727 4849 nobis
1770 4797 2006 4865 ascripta

428 4890 526 4933 est.
566 4881 672 4934 Seu
719 4882 946 4937 fortasse
989 4884 1208 4952 sanguis
1241 4888 1305 4938 ad
1340 4886 1737 4939 damnationem
1769 4886 2007 4941 .lttdaicze

430 4973 792 5038 improbitatis
816 4974 1039 5041 clilnxit,
1064 4976 1285 5046 sanguis
1314 4992 1441 5031 vero
1468 4976 1533 5030 ad
1561 4976 1787 5031 salutem
1816 4993 2002 5032 eorum

501 5114 542 5146 ³³
566 5113 701 5170 Osee
725 5131 799 5179 Vl,
822 5116 877 5181 2,
901 5119 955 5173 5.
1034 5118 1079 5151 ⁸³
1107 5121 1260 5175 Deut.
1290 5136 1405 5187 χχι,
1429 5120 1520 5175 25.

2108 4523 2552 4593 ἐπηκολούθησεν
2584 4539 2598 4553 ’
2631 4522 2705 4584 ὡς
2732 4522 2841 4592 γὰρ
2872 4522 2935 4573 ἐκ
2968 4522 3096 4588 μιᾶς
3138 4520 3366 4581 πίδακος
3394 4521 3497 4589 τῆς
3525 4521 3698 4572 πλευ-

2114 4617 2233 4684 ρᾶς,
2268 4615 2483 4687 ῥεῖθρον
2512 4614 2607 4668 καὶ
2660 4613 2874 4681 λεῖθρον
2902 4611 3162 4677 ἐξώσατο.
3200 4610 3314 4662 Καὶ
3342 4609 3433 4662 διὸ.
3468 4612 3568 4680 μὲν
3594 4612 3692 4665 τοῦ

2111 4706 2300 4769 ὓδατος
2324 4707 2386 4760 τὸ
2424 4706 2522 4774 τῆς
2551 4703 2795 4765 δουλείας
2821 4703 3004 4772 ξὴμῶν
3034 4701 3403 4771 χειρόγραφον
3448 4702 3695 4772 ἀπηλεί-

2110 4815 2242 4865 φετο
2275 4813 2289 4827 °
2332 4797 2422 4850 διὰ
2454 4797 2510 4850 δὲ
2542 4795 2635 4848 τοῦ
2666 4796 2899 4860 αἵματος
2937 4792 3193 4863 βασιλικὴ
3234 4792 3522 4862 ἐλευθερία
3555 4797 3695 4864 ἡμῖν

2110 4890 2486 4960 ὑπεγράφετο,
2528 4889 2560 4959 ἢ
2594 4891 2736 4956 τάχα
2767 4886 2829 4939 τδ
2872 4887 2971 4956 μὲν
3014 4880 3159 4955 αἷμα
3193 4885 3334 4954 πρὸς
3384 4886 3695 4955 καταδίκην

2105 4977 2298 5032 Emtae:
2358 4979 2456 5048 τῆς
2501 4977 2774 5032 Ἰουδαίων
2822 4974 3177 5046 φαυλότητος,
3223 4975 3285 5028 τὸ
3324 4975 3383 5029 δὲ
3431 4974 3580 5047 ὓδωρ
3606 4978 3693 5041 εἰς

1654 5237 1979 5299 Fraucisci
2012 5239 2223 5300 Scorsi
2264 5247 2453 5303 notre.

498 5369 612 5441 (69)
674 5370 958 5441 Sanguinis
1017 5373 1337 5428 testimonio.
1399 5375 1474 5428 De
1529 5388 1594 5427 eo
1659 5375 1737 5427 sic
1798 5375 1995 5429 Barou.

430 5454 535 5494 totn
572 5442 589 5494 1
631 5459 645 5495 :
688 5440 853 5493 Porro
881 5445 1232 5497 (enturionem
1282 5445 1419 5497 Imm:
1469 5443 1759 5511 Longinum
1796 5446 2001 5498 nomine

429 5512 751 5579 (puellulam
804 5512 1008 5579 fuisse,
1068 5512 1365 5579 Christique
1417 5515 1574 5581 ﬁdem
1615 5526 1847 5567 secutum
1905 5515 2002 5566 ab-

430 5584 632 5653 dicasse
658 5598 712 5633 se
735 5598 766 5633 a
808 5582 1026 5641 militia,
1063 5599 1122 5635 ac
1147 5585 1369 5653 denique
1404 5584 1472 5637 ad
1504 5585 1745 5651 utunyrii
1774 5585 2002 5647 palmam

431 5649 729 5722 advolasse,
760 5661 1020 5705 testantur
1044 5654 1136 5720 qui
1170 5649 1291 5722 ejus
1315 5670 1406 5707 res
1443 5664 1613 5721 gestus
1649 5649 2000 5718 scripserunt.

436 5718 520 5773 Ex
555 5719 740 5784 quibus
771 5718 1300 5793 retiarguuutur,'qui
1339 5738 1403 5776 ex
1442 5718 1755 5791 apocrypha“;
1790 5723 2005 5791 quibus-

2098 5376 2225 5429 dam
2266 5379 2475 5447 scriptis
2529 5380 2863 5432 tradiderunt
2924 5377 3220 5444 Longinum
3266 5377 3687 5447 nominaremu-

2098 5447 2317 5517 rlemque
2373 5446 2569 5500 rutrum
2626 5450 2787 5517 fuisse
2835 5449 3051 5501 militem
3082 5449 3307 5517 filium.
3354 5446 3690 5517 qut'ulancca

2102 5515 2242 5569 latus
2302 5517 2511 5570 Domt'm'
2587 5515 2814 5582 aperuit.
2881 5517 3004 5571 Hasc
3080 5516 3362 5570 Baronitts.
3450 5515 3688 5568 Exstant

2100 5599 2266 5709 {Nigro
2311 5597 2434 5648 acta.
2477 5588 2809 5643 centurionis
2848 5590 2994 5659 apud
3040 5587 3306 5657 Metapitr.
3343 5586 3432 5641 die
3469 5584 3538 5639 16
3567 5582 3681 5640 0c-

2128 5674 2157 5707 υ
2201 5672 2294 5709 rts.

2105 5657 2294 5711 tubris.
