4018 6206
378 315 486 376 δεῖν

1693 320 2021 382 NOMINA
2066 323 2346 383 XXVIII.

3524 320 3631 385 610

377 425 732 493 ἐπαγγελιας,
770 426 866 480 καὶ
928 426 1025 490 τὰς
1081 428 1335 492 ἀπειλὰς,
1392 427 1617 494 εἰκότως
1674 430 1768 484 οὖν
1811 432 1954 484 κατὰ

2064 435 2371 500 praedicatio
2401 434 2766 502 apostolorum
2820 434 2934 490 lucc
2982 441 3218 504 quatuor
3267 436 3631 505 comprehen-

377 523 476 585 τὴν
526 519 799 589 τετάρτη)
861 520 1187 588 ἐμφάνειαν,
1251 522 1582 591 μαθητεύειν
1637 524 1836 586 αὐτοὺς
1887 524 1957 576 τὰ

378 610 506 678 ἔθνη
571 610 966 680 προτρέπεται.
1028 612 1243 664 Πολλῶν
1290 615 1345 667 δὲ
1409 615 1579 668 ὄντων
1641 616 1750 668 τῶν
1815 615 1957 671 κατᾶ

380 701 748 770 Παλαιστίνην
787 701 952 770 ὁρῶν,
993 703 1136 756 διατί
1184 705 1257 777 μὴ
1298 706 1355 758 ἐν
1392 706 1536 776 ἄλλῳ
1576 708 1706 769 τινί,
1749 708 1862 759 ἀλλ’
1898 711 1956 758 ἐν

376 792 454 862 τῷ
482 793 582 864 τῆς
613 794 909 856 Γαλιλαίας
943 795 1242 850 όπτὰνεται
1271 814 1285 863 ;
1316 799 1470 851 Ἐστι
1494 801 1601 870 γὰρ
1627 801 1682 851 ἐν
1726 800 1956 869 Ἰουδαίᾳ

376 885 438 937 τὸ
491 885 616 953 ὅρος
669 885 854 954 Σιγὸρ,
914 886 1008 938 καὶ
1059 886 1120 939 τὸ
1161 887 1286 957 ὄρος
1344 890 1541 958 Σομὸρ,
1611 892 1704 943 καὶ
1749 890 1809 943 τὺ
1855 891 1956 959 τῆς

375 976 714 1045 Σαμαρείας,
747 979 840 1029 καὶ
865 976 928 1029 τὸ
953 977 1077 1047 ὄρος
1098 978 1320 1048 Θαῦὼρ,
1352 982 1446 1033 καὶ
1476 981 1537 1034 τὸ
1561 981 1669 1035 τῶν
1706 983 1954 1045 Ἐλαιῶν,

377 1067 474 1119 καὶ
527 1067 665 1137 πρὸς
715 1067 928 1131 τούτοις
973 1072 1001 1121 ὁ
1059 1070 1377 1140 Κάρμηλος.
1436 1073 1560 1136 Πῶς
1599 1070 1691 1126 οὖν
1740 1073 1955 1127 ἅπαντα

377 1159 726 1229 παρακλίνας
751 1162 831 1222 εἰς
874 1162 937 1213 τὸ
988 1161 1086 1231 τῆς
1138 1163 1425 1228 Γαλιλαίας
1463 1166 1756 1219 ὀπτάνεται
1786 1184 1802 1233 ;
1832 1168 1955 1221 Ὅτι

374 1253 444 1304 τὰ
477 1252 580 1321 μὲν
614 1252 797 1305 αὐτῶν
835 1255 1186 1320 ἐγεγόνεισαν
1221 1257 1476 1327 πράξεων
1504 1259 1759 1329 πονηρῶν
1791 1262 1957 1332 ἐργα-

378 1344 627 1410 στήριον,
677 1340 866 1411 ῶσπερ
905 1344 964 1394 τὸ
997 1342 1122 1412 όρος
1157 1344 1342 1414 Σιγδρ,
1376 1344 1469 1397 κα)⁸
1500 1344 1559 1397 τὸ
1597 1344 1721 1414 ὅρος
1754 1347 1954 1419 Σομδρ,

381 1426 457 1485 ὧν
492 1432 554 1483 τὸ
588 1432 688 1500 μὲν
710 1427 841 1495 εἶδε,
875 1432 999 1501 φεῦ,
1030 1434 1243 1504 πατέρα
1266 1433 1569 1507 Θυγατράσι
1602 1437 1953 1508 μιγνύμενον,

380 1525 481 1577 καὶ
517 1524 611 1576 τὸν
644 1525 805 1577 αὑτὸν
837 1524 981 1588 Λὼτ,
1016 1528 1134 1589 ταῖς
1164 1526 1263 1595 μὲν
1292 1528 1506 1598 πατέρα
1554 1530 1650 1583 κα)⁸
1684 1531 1953 1596 σύνοικον,

376 1624 491 1683 τοῖς
551 1620 609 1673 δὲ
655 1620 895 1690 τεχθεῖσι
943 1623 1159 1691 πατέρα
1221 1623 1318 1677 καὶ
1366 1626 1590 1678 πάππον
1640 1627 1951 1695 γενόμενον.

378 1712 455 1763 Τὸ
478 1711 537 1763 δὲ
567 1711 881 1781 Σαμαρείας
909 1712 1031 1782 ὅρος
1073 1713 1310 1767 εἰδώλων
1344 1716 1557 1787 ὑπῆρχε
1593 1720 1952 1789 κρυπτήριον,

364 1801 480 1853 οὐκ
513 1802 725 1869 εὐαγῶς
755 1802 860 1854 ὑπὸ
905 1802 1013 1854 τῶν
1058 1802 1412 1873 Σαμαρειτῶν
1457 1807 1953 1876 προσκυνούμενον.

379 1893 569 1947 Ταῦτα
612 1894 710 1961 μὲν
741 1892 1082 1963 παρεκλίνει,
1113 1895 1188 1964 ᾡς
1222 1896 1447 1967 βέϐηλοι.
1501 1899 1622 1952 Τῶν
1647 1899 1703 1952 δὲ
1728 1901 1953 1966 λοιπῶν,

378 1983 440 2036 τὸ
473 1985 572 2053 μὲν
606 1979 743 2035 εἶδεν
774 1983 936 2036 αὐτὸν
976 1985 1036 2036 ὲν
1069 1985 1196 2057 δόξῃ
1231 1989 1757 2059 μεταμορφούμενον
1793 2005 1807 2022 ο
1841 1993 1870 2044 ὁ
1899 1991 1957 2044 δὲ

380 2074 682 2144 Κάρμηλος
716 2074 874 2126 Ἰλίου
907 2076 1295 2146 ἁπεκλήρωτο.
1349 2079 1422 2131 Τὸ
1474 2079 1531 2132 δὲ
1573 2080 1683 2135 τῶν
1727 2082 1957 2135 Ἐλαιῶν

379 2167 507 2232 ὅρος
534 2166 895 2237 ἀπεξεδέχετο
937 2168 1036 2237 τὴν
1082 2169 1293 2222 ἐκεῖθεν
1325 2171 1490 2225 αὑτοῦ
1533 2173 1668 2244 πρὸς
1692 2175 1957 2246 οὐρανοὺς

378 2255 763 2325 ἀναιροίτησιν.
815 2252 924 2309 Ἦν
974 2256 1068 2310 οὖν
1118 2259 1378 2329 ἁρμόδιον
1423 2262 1505 2324 είς
1550 2262 1712 2318 τοῦτο
1754 2266 1956 2335 μᾶλλον

376 2348 492 2408 τοῖς
544 2346 814 2416 μαθηταῖς
869 2346 1103 2414 ὀφθῆναι
1152 2348 1242 2401 τὸν
1294 2349 1519 2421 Κύριον.
1578 2354 1794 2427 Ἐπειδὴ
1848 2356 1958 2429 γὰρ

379 2437 644 2491 Γαλιλαία
673 2440 1089 2506 κατιικυ.1ιστὴ
1115 2440 1505 2511 ἑρμηνεύεται,
1532 2445 1593 2496 τὸ
1621 2445 1677 2498 δὲ
1703 2446 1827 2517 ὅρος
1858 2452 1957 2518 τῆς

379 2529 672 2593 Γαλιλαίας
732 2532 1183 2603 ὑπερανέστηκε,
1248 2537 1422 2589 νοεῖτο
1490 2536 1557 2589 ἂν
1618 2537 1878 2593 Γαλιλαία
1929 2541 1958 2593 ό

378 2622 588 2691 κόσμος
616 2618 768 2686 οὗτος
811 2626 840 2676 ό
879 2627 999 2688 ταῖς
1044 2625 1234 2687 ἄλλαις
1266 2626 1591 2696 ἐπαλλήλοις
1629 2629 1957 2698 μεταϐολαῖς

380 2714 625 2785 συνεχῶς
678 2718 1040 2785 μεταπίπτων
1097 2719 1191 2770 καὶ
1223 2718 1567 2787 κυλιόμενος.
1610 2721 1775 2791 Ὄρος
1813 2722 1871 2774 δὲ
1920 2725 1955 2793 ἡ

379 2806 691 2875 ὑψηλοτέρα
755 2806 849 2859 τοῦ
909 2807 1025 2876 βίον
1080 2808 1456 2875 κατάστασις,
1516 2812 1582 2881 ἣν
1640 2812 1667 2863 ό
1722 2813 1959 2883 Χριστὸς

380 2899 813 2969 ἐνανορωπήσας
837 2900 1228 2953 ἐπολιτεύσατο
1253 2900 1350 2956 ἅτε
1375 2902 1467 2955 τὸν
1494 2903 1698 2971 κόσμον
1741 2920 1960 2974 νενικη-

380 2989 515 3052 κὼς,
550 2993 642 3042 καὶ
681 2993 773 3043 τὸν
804 2995 1247 3063 κοσμοκράτορα.
1286 2996 1380 3046 καὶ
1423 2994 1676 3064 καθάπερ
1722 2998 1800 3057 εἰς
1834 2996 1960 3066 ὅρος

381 3081 642 3152 ὑπεράνω
675 3084 853 3152 πάσης
879 3082 1078 3153 ἀρχῆς,
1108 3084 1200 3136 καὶ
1227 3084 1480 3148 ἐξουσίας
1507 3085 1715 3155 ἀρθείς.
1743 3086 1958 3139 Τούτων

377 3171 475 3229 οὖν
508 3174 780 3244 σύμϐολον
809 3176 843 3245 ἠ
877 3176 935 3226 ὲν
963 3174 1041 3244 τῷ
1069 3175 1183 3245 ὃρει
1212 3176 1309 3244 τῆς
1341 3175 1632 3240 Γαλιλαίας
1664 3177 1956 3247 ἐμφάνεια.

457 3372 474 3402 ι
510 3353 617 3404 Καὶ
666 3351 865 3412 ἰδόντες
903 3350 1086 3410 αὑτὸν,
1137 3349 1548 3421 προσεκύνησαν
1586 3351 1770 3416 αὐτὸν,
1823 3353 1872 3405 oi.
1904 3352 1961 3407 δὲ

381 3442 689 3497 ἐδίστασαν.
728 3459 746 3489 ι
797 3440 1060 3494 Ἐνταῦθα
1092 3442 1361 3510 προσήκει
1390 3439 1645 3510 ζητῆσαι,
1676 3444 1790 3506 πῶς
1824 3445 1964 3496 πάν·

381 3551 473 3593 τες
525 3532 726 3594 ἰδόντες
762 3531 924 3582 αὑτὸν
969 3529 1407 3601 προσεκύνησαν,
1461 3532 1510 3583 οἱ
1546 3532 1602 3584 δὲ
1652 3532 1959 3587 ἐδίστασαν.

382 3624 460 3675 Ub
496 3623 695 3684 πάντες
729 3621 784 3673 δὲ
828 3621 924 3690 τὴν
955 3621 1125 3690 αὐτὴν
1160 3619 1318 3691 ἔσχον
1362 3619 1610 3691 γνώμην,
1642 3622 1776 3674 ἀλλὰ
1816 3639 1962 3686 τινες

381 3715 589 3766 τούτων
622 3713 1114 3784 ὑπεκραδάνθησαν
1142 3728 1157 3743 ⁶
1184 3713 1327 3778 τίνες
1353 3715 1407 3767 δὲ
1438 3715 1545 3786 ἄρα
1578 3717 1674 3769 καὶ
1704 3718 1753 3769 οἰ
1785 3716 1964 3769 διστά-

384 3820 599 3867 σαντες,
657 3804 752 3855 καὶ
804 3802 858 3857 τί
901 3802 962 3856 τὸ
1024 3803 1115 3855 τὸν
1171 3803 1470 3872 δισταγμὸν
1529 3806 1960 3874 παρασκευάσαν

382 3898 568 3957 αὐτοῖς
593 3911 607 3959 ;
634 3895 697 3946 Οἱ
732 3894 840 3964 γὰρ
871 3894 976 3960 πρὸ
1001 3895 1158 3963 ἡμῶν
1185 3894 1243 3948 τὸ
1275 3895 1437 3965 ῥητὸν
1460 3898 1962 3970 ἐπεξηγησάμενοι,

387 3989 517 4056 περὶ
547 3986 642 4037 τοῦ
672 3985 843 4054 Θωμᾶ
872 3984 1122 4056 λελέχθαι
1158 3984 1318 4039 τοῦτο
1366 3987 1676 4056 νοήσαντες,
1725 3990 1786 4041 οὐ
1816 3991 1959 4043 πάνυ

386 4097 480 4150 μοι
535 4076 753 4131 δοκοῦσι
813 4076 874 4130 τὸ
926 4075 1152 4146 ἀκριϐὲς
1210 4077 1668 4147 περισκέψασθαι.
1741 4082 1799 4134 Et
1851 4085 1961 4154 γὰρ

383 4172 531 4224 τοῦτ’
583 4165 671 4239 ἦν,
704 4166 1126 4237 ἁκολουθότερον
1163 4167 1367 4237 μᾶλλον
1399 4164 1465 4239 ἦν
1498 4172 1673 4223 εἰπεῖν
1716 4172 1912 4235 ἑνικῶς
1944 4190 1958 4204 ·

395 4265 459 4316 '0
512 4262 568 4315 δὲ
622 4261 888 4313 ἐδίστασε.
949 4259 1061 4312 Νῦν
1124 4260 1181 4314 δὲ
1242 4262 1276 4329 ἡ
1322 4261 1663 4334 πληθυντικὴ
1717 4265 1962 4333 σημαοία

384 4354 523 4427 πρὸς
554 4354 680 4407 ἄλλο
705 4352 966 4422 φέρεσθαι
997 4352 1177 4404 πείθει
1213 4352 1305 4406 τὸν
1355 4353 1500 4406 νοῦν.
1545 4355 1816 4428 Προσήκει
1847 4356 1959 4409 τοί-

2062 528 2213 591 ιΙιιιιι,
2246 534 2537 595 przceepta,
2580 526 2836 594 dogmata
2858 565 2873 587 ,
2906 526 3299 592 promissiones
3347 535 3400 581 et
3431 527 3629 592 minas,

2060 625 2424 683 congruenter
2474 630 2606 669 sane
2659 616 2711 668 in
2743 626 2934 683 quarta
2969 616 3070 670 hac
3100 617 3437 685 apparitione
3464 618 3630 671 disci-

2058 706 2200 774 pulis
2222 705 2586 759 docendarum
2620 708 2864 774 gentium
2891 710 3176 761 committit
3205 708 3461 765 cilicium.
3494 710 3629 766 Cum

2060 806 2240 848 autem
2275 796 2427 848 ιιιιιΙιὶ
2479 799 2529 849 in
2562 797 2853 851 Pala-stiua
2890 797 3001 851 sint
3037 808 3244 854 montes
3273 841 3287 864 ,
3324 816 3491 871 quare
3524 820 3630 857 non

2060 888 2110 942 in
2152 890 2260 943 alio
2293 891 2545 958 quopiam
2578 888 2672 943 sed
2708 889 2759 941 in
2795 889 2909 943 solo
2936 888 3167 944 Galilzcae
3199 903 3380 947 monte
3409 896 3631 962 conspi-

2058 983 2243 1036 citur?
2275 983 2366 1037 Est
2397 983 2540 1036 enim
2577 981 2630 1035 in
2679 980 2861 1035 Judma
2915 997 3069 1036 mons
3119 981 3307 1051 Segor,
3338 995 3391 1037 et
3436 985 3633 1041 Sumor

2057 1082 2111 1127 et
2151 1087 2305 1127 mons
2362 1074 2660 1135 Samariae.
2709 1084 2765 1127 et
2817 1072 3070 1137 Thabur,
3128 1084 3182 1127 et
3235 1073 3542 1140 Olivarum,
3575 1087 3632 1131 et

2060 1174 2255 1233 praeter
2274 1164 2373 1218 hos
2406 1165 2568 1218 etiam
2593 1162 2896 1217 Carmelus.
2923 1163 3099 1229 Quare
3123 1164 3288 1234 igitur
3309 1166 3630 1235 p05lh3bili8

2059 1254 2303 1321 reliquis,
2342 1253 2514 1308 solum
2546 1255 2599 1306 in
2624 1251 2854 1307 Galilaztc
2885 1264 3065 1307 monte
3095 1253 3344 1308 videtur?
3366 1254 3628 1309 Nimirum

2056 1348 2178 1416 quia
2216 1361 2401 1401 eorum
2435 1346 2651 1415 quidam
2685 1362 2973 1416 pravorum
3005 1362 3227 1415 operum
3268 1348 3485 1401 fuerant
3517 1348 3633 1401 θαί-

2057 1438 2227 1502 οἰιιαις
2269 1437 2343 1488 uti
2368 1451 2525 1490 mons
2559 1434 2729 1505 Segor
2756 1447 2808 1488 et
2842 1436 3074 1489 Sumor:
3108 1452 3336 1504 quorum
3372 1437 3508 1491 alter
3535 1452 3633 1505 pa-

2058 1535 2216 1591 trem,
2256 1526 2394 1588 heu,
2430 1541 2551 1579 cum
2586 1526 2801 1580 lilialius
2833 1527 3177 1581 commisceri
3231 1529 3384 1591 vidit,
3423 1530 3633 1599 ipsum-

2057 1632 2162 1687 que
2219 1618 2355 1671 adeo
2400 1616 2499 1670 Lot
2554 1616 2663 1670 illis
2719 1618 2934 1686 quidem
2997 1626 3203 1683 patrem
3262 1627 3315 1671 et
3354 1620 3630 1681 maritum,

2060 1709 2256 1778 genitis
2293 1724 2421 1764 vero
2474 1709 2663 1763 liberis
2703 1720 2908 1777 patrem
2946 1710 2989 1741 ἰ
3027 1723 3295 1776 avumque
3332 1710 3631 1765 exstitisse.

2066 1802 2220 1858 Mons
2245 1814 2426 1857 autem
2459 1800 2720 1856 Samaria:
2753 1802 3033 1855 latibulum
3066 1802 3329 1855 idolorum
3364 1801 3459 1855 fuit
3491 1802 3628 1869 (75),

2061 1893 2112 1946 iu
2146 1907 2254 1961 quo
2285 1907 2389 1946 non
2424 1892 2640 1946 sincere
2670 1890 2968 1946 adorabunt
2991 1890 3325 1945 Samaritaui
3360 1893 3426 1945 ²¹.
3456 1893 3630 1961 Atque

2061 1985 2158 2039 lies
2191 1985 2408 2054 quidem
2458 1985 2740 2054 praeterit,
2774 1994 2832 2038 ut
2880 1982 3160 2054 profanos.
3198 1981 3360 2052 215
3391 1983 3630 2038 (lactei-o-

2061 2091 2180 2130 rum
2220 2091 2350 2130 vero
2381 2075 2521 2130 alius
2566 2076 2698 2130 vidit
2745 2076 2918 2143 ipsum
2950 2091 3072 2129 cum
3113 2076 3283 2143 gloria
3335 2077 3635 2143 transﬁgu-

2061 2180 2272 2235 ratum;
2306 2167 2588 2223 Carmelus
2622 2166 3022 2241 Elim_sortitns
3053 2176 3139 2221 est
3172 2168 3507 2222 mansionem
3543 2169 3634 2233 ἰς

2059 2260 2301 2314 Olivetns
2333 2259 2507 2328 ipsum
2538 2259 2590 2313 in
2624 2258 2839 2323 cmlum;
2870 2273 3218 2313 reversurum
3242 2260 3476 2327 excepit.
3510 2259 3637 2313 Fuit

2059 2350 2222 2422 igitur
2247 2361 2669 2404 consentaneum
2702 2349 2755 2402 in
2789 2351 2890 2403 hoc
2924 2357 3107 2403 monte
3138 2347 3424 2402 Dominum
3460 2348 3633 2403 disci-

2060 2442 2200 2511 pulis
2229 2455 2508 2511 apparere.
2531 2438 2660 2493 Nam
2693 2437 2948 2509 quoniam
2984 2436 3209 2492 Galilzea
3236 2437 3630 2491 resolutionem

2060 2527 2333 2596 signiﬁcat
2361 2527 2497 2597 (74),
2533 2541 2688 2581 mons
2713 2536 2893 2581 autem
2932 2525 3166 2581 Galila'a:
3216 2535 3505 2596 superstat,
3540 2540 3636 2592 per

2059 2618 2335 2674 Galilmam
2374 2617 2460 2671 hic
2512 2614 2747 2670 mundus
2783 2615 3115 2685 intelligatur
3162 2616 3285 2668 aliis
3333 2625 3453 2683 post
3497 2616 3636 2668 alias

2061 2709 2454 2765 mutatioaibus
2494 2708 2714 2762 assidue
2750 2708 3020 2762 transiens
3066 2722 3130 2761 ac
3163 2706 3483 2761 revolutus:
3536 2722 3638 2776 per

2062 2809 2298 2855 tuentem
2323 2813 2451 2853 vero
2467 2796 2713 2852 sublimis
2741 2796 2827 2850 illa
2854 2797 2975 2851 vita:
3004 2798 3161 2858 ratio,
3189 2810 3253 2850 ac
3273 2806 3449 2850 status
3470 2810 3634 2864 quem

2062 2889 2320 2951 instituit.
2352 2903 2417 2943 ac
2460 2888 2633 2941 tenuit
2673 2886 2933 2941 Christus
2966 2885 3020 2939 iu
3071 2895 3351 2954 assumpta
3385 2885 3637 2940 humani-

2069 2990 2199 3043 tate,
2230 2979 2321 3046 qui
2350 2988 2404 3031 et
2439 2975 2734 3038 mundum,
2765 2985 2818 3029 et
2852 2974 3148 3043 principem
3200 2974 3385 3028 mundi
3421 2973 3636 3038 vicerit,

2062 3079 2116 3125 et
2143 3071 2342 3138 montis
2377 3068 2549 3121 instar
2595 3082 2758 3136 supra
2790 3081 3005 3121 omnem
3056 3065 3417 3136 principatum
3451 3074 3503 3118 et
3533 3079 3633 3134 po-

2068 3170 2321 3217 testatem
2357 3160 2604 3213 sublatus
2631 3158 2722 3212 sit.
2763 3156 2965 3212 Horum
2999 3157 3161 3228 igitur
3194 3156 3495 3229 symbolum
3532 3158 3639 3211 fuit

2064 3252 2204 3308 facta
2242 3253 2294 3305 in
2322 3250 2558 3306 Galilzcae
2591 3257 2772 3304 tuonle
2797 3248 3187 3304 manifestatio.

2143 3362 2162 3396 ι
2213 3344 2279 3400 Ει
2308 3343 2553 3397 videntes
2581 3358 2703 3397 eum
2750 3343 3156 3407 adoraverunt,
3190 3344 3409 3412 quidam
3458 3354 3638 3400 autem

2062 3437 2468 3491 dubitaverunt.
2515 3455 2534 3488 ι
2593 3433 2690 3489 llic
2741 3436 3011 3489 discutere
3059 3446 3312 3505 oportet,
3363 3440 3639 3506 quomodo

2061 3541 2250 3580 Omnes
2290 3541 2415 3580 eum
2449 3524 2696 3581 videntes
2741 3526 3106 3581 adoraverunt
3131 3565 3149 3589 ,
3199 3529 3416 3595 quidam
3454 3540 3634 3590 autem

2063 3618 2446 3671 dubitaverunt
2496 3633 2510 3670 :
2559 3619 2813 3687 adeoque
2860 3634 2965 3671 non
3017 3634 3205 3674 omnes
3254 3623 3440 3677 eadem
3487 3621 3643 3680 fuere

2066 3708 2380 3775 sentcntia;‘
2430 3709 2524 3763 sed
2578 3710 2770 3764 horum
2845 3711 3011 3783 aliqui
3066 3712 3477 3769 vacillaverunt.
3534 3713 3643 3780 Qui

2066 3804 2230 3873 igitur
2262 3804 2413 3856 fuere
2458 3803 2547 3870 qui
2578 3802 2890 3855 dubitarunt
2918 3840 2933 3866 ,
2970 3814 3024 3856 et
3054 3804 3181 3872 quid
3211 3804 3315 3857 illis
3342 3805 3641 3858 dubitatio-

2064 3913 2185 3951 nem
2219 3896 2440 3966 injecit?
2484 3896 2584 3963 Qui
2621 3896 2764 3948 enim
2822 3905 2947 3948 ante
2999 3910 3097 3948 nos
3130 3895 3273 3947 hunc
3314 3894 3490 3948 locum
3541 3911 3642 3949 cx-

2062 3992 2330 4061 plicantes
2360 3990 2425 4044 de
2455 3987 2662 4041 Tlloma
2707 3989 2810 4040 hoc
2840 3987 3040 4040 dictum
3070 3987 3453 4040 existimarunt
3478 4025 3494 4049 ,
3533 4003 3641 4040 nou

2063 4082 2195 4136 milii
2243 4083 2494 4136 videntur
2544 4097 2656 4134 rem
2707 4090 2962 4135 accurate
3015 4081 3411 4138 considerasse.
3444 4080 3500 4135 Si
3540 4082 3642 4137 hoc.

2063 4174 2207 4228 enim
2249 4169 2665 4237 significandum
2693 4179 2811 4223 erat
2837 4209 2853 4235 ,
2881 4171 3058 4239 aptius
3086 4181 3209 4224 erat
3240 4170 3488 4226 fortassis
3514 4188 3635 4226 eam

2067 4264 2394 4320 sententiam
2434 4261 2690 4332 singulari
2725 4275 2953 4315 numero
2983 4260 3216 4327 efferre;
3248 4261 3466 4331 quidam
3510 4277 3639 4317 vero

2066 4355 2353 4410 euliitavit.
2411 4351 2563 4407 Nunc
2610 4362 2788 4407 autem
2836 4353 3068 4421 plurium
3119 4352 3443 4420 signiﬁcatio
3493 4353 3641 4407 aliud

383 4464 481 4499 νυν
508 4448 666 4509 νοεῖν,
693 4445 768 4506 ὡς
798 4445 857 4496 οὐ
895 4447 1036 4498 πάνυ
1092 4444 1326 4508 τοιοῦτος
1370 4440 1521 4499 ὧπτο
1560 4449 1669 4510 τοῖς
1700 4447 1958 4517 μαθηταῖς

2077 4446 2266 4499 suadet
2301 4442 2731 4513 intelligendum.
2762 4442 2933 4509 Igitur
2964 4457 3061 4510 par
3089 4451 3171 4495 est
3202 4442 3503 4514 intelligere
3535 4460 3641 4497 nou

382 4539 414 4590 ό
445 4539 638 4607 Σωτὴρ
672 4538 811 4607 μετὰ
841 4535 940 4606 τὴν
968 4537 1290 4599 ἀνάστασιν,
1333 4531 1444 4600 οἷος
1481 4537 1600 4607 μετ’
1638 4539 1815 4592 αὐτῶν
1855 4540 1964 4610 πρὸ

382 4626 480 4680 τοῦ
522 4629 727 4690 πάθους
775 4626 1261 4695 συνανεστρέφετο,
1287 4625 1401 4678 ἀλλ’
1425 4627 1662 4696 ἑτεροῖος
1701 4628 1762 4680 τὸ
1802 4626 1963 4693 εἶδος,

382 4721 417 4790 ἢ
446 4721 732 4791 πρότερον.
765 4714 874 4773 Ἦν
914 4719 1023 4788 γὰρ
1061 4718 1353 4772 ἀκόλουθον
1391 4719 1487 4772 τοῦ
1537 4721 1964 4792 προσλήμματος

456 4861 499 4892 ¹¹
549 4859 687 4913 Gen.
739 4873 866 4921 xix,
914 4857 982 4911 50
1015 4872 1171 4928 seqq.
1251 4860 1296 4889 ”
1331 4858 1394 4913 ιγ
1437 4857 1572 4928 Reg.
1613 4877 1758 4927 xvn,
1800 4862 1892 4919 24.

2074 4535 2232 4589 talem
2256 4534 2477 4588 onmin
2503 4533 2785 4586 Dominum
2815 4546 2934 4601 post
2966 4529 3439 4587 Resurrectiouetn
3470 4534 3645 4602 qualis

2072 4643 2194 4682 cum
2229 4626 2336 4682 illis
2364 4626 2704 4691 Versabatur,
2744 4636 3033 4695 antequam
3067 4636 3378 4695 pateretur;
3414 4630 3505 4679 sed
3536 4626 3639 4678 alia

2071 4722 2305 4791 quadam
2358 4720 2542 4789 specie
2574 4718 2708 4790 (75),
2745 4727 2907 4788 atque
2954 4729 3071 4772 erat
3102 4728 3254 4772 antea
3281 4755 3297 4781 ,
3351 4720 3639 4772 videndum

1969 4865 2016 4897 υ
2052 4864 2093 4919 Il
2126 4863 2260 4931 Reg.
2303 4876 2470 4928 xvut,
2507 4860 2596 4915 41.

1620 4988 1950 5051 Francisci
1994 4992 2205 5053 Scorsi
2241 5000 2431 5053 nota).

463 5111 573 5179 (75)
615 5108 922 5162 Latibnlum
965 5108 1225 5179 idolorum
1259 5109 1384 5175 fuit.
1418 5108 1680 5164 Narratur
1730 5112 1960 5166 histOiia

388 5178 630 5249 |\”ltcg.
687 5194 807 5248 cap.
840 5194 946 5231 xvu
978 5189 1032 5230 et
1080 5178 1148 5231 ab
1185 5181 1300 5249 ipso
1343 5180 1606 5234 Cerameo
1640 5181 1803 5236 latius
1859 5197 1959 5235 ex—

389 5247 627 5317 p'n-attir
648 5247 796 5301 hom.
844 5263 1049 5301 xxxvm
1083 5250 1146 5301 de
1189 5247 1558 5314 Samaritana,
1601 5253 1688 5305 ubi
1724 5253 1772 5305 si
1832 5250 1962 5320 quid

389 5322 461 5373 ad
524 5321 665 5371 hunc
717 5320 898 5371 locum
958 5321 1111 5380 tacut,
1163 5335 1194 5369 ιι
1259 5321 1417 5374 nobis
1477 5333 1561 5375 est
1621 5323 1962 5375 adnotatum.

462 5431 572 5499 (74)
609 5428 833 5485 Culiltea
874 5432 1248 5505 rerolmioneut
1283 5432 1479 5500 signat.
1535 5432 1607 5488 De
1663 5434 1763 5488 hoc
1785 5444 1967 5505 etymo

388 5504 630 5556 dixunus
677 5504 823 5574 item.
862 5516 911 5566 ν,
951 5511 1064 5553 not.
1093 5502 1197 5574 795.
1236 5502 1288 5554 lu
1327 5507 1513 5556 eodem
1551 5514 1729 5574 rtymo
1762 5502 1854 5572 pte
1880 5507 1965 5558 lu-

388 5579 528 5623 ιιιίιιι
581 5581 634 5624 ιιι
670 5590 723 5624 β.
754 5572 1313 5642 Gregoriusﬁyssen.
1349 5582 1488 5627 orat.
1516 5574 1574 5636 2,
1608 5572 1679 5627 ιιυ
1709 5574 1958 5642 Ιίεδιιννη

391 5648 454 5694 ὃ.
480 5645 734 5709 August.,
773 5640 1001 5709 Gri-ger.
1035 5640 1280 5709 Magnus,
1312 5655 1365 5696 ct
1389 5643 1554 5696 Beda.

468 5734 581 5804 (75)
623 5733 724 5788 Sed
752 5736 860 5789 alia
889 5736 1120 5805 quadam
1144 5736 1328 5806 specie.
1396 5735 1451 5790 In
1486 5747 1756 5807 potestate
1774 5753 1973 5809 corpo~

2071 5115 2147 5167 ris
2192 5114 2475 5183 glorilicati
2534 5123 2640 5176 est,
2684 5123 2740 5168 ut
2802 5127 3001 5180 corpus
3057 5112 3174 5178 ejus
3230 5113 3497 5174 videatur,
3552 5118 3646 5164 aut

2075 5182 2501 5248 nonvideatur,
2538 5184 2832 5252 itidemque
2886 5185 2937 5235 iu
2975 5182 3092 5253 ejus
3151 5192 3465 5253 potestate.
3494 5183 3637 5253 quml

2074 5254 2297 5307 claritas
2342 5255 2459 5319 ejus
2520 5250 2790 5319 videatur,
2833 5253 2915 5305 vel
2962 5250 3065 5306 nun
3126 5250 3394 5307 videatur.
3452 5250 3528 5305 na
3582 5250 3641 5307 S.

2074 5322 2311 5377 Thomas
2350 5333 2540 5391 qumst.
2596 5321 2686 5387 55,
2719 5335 2825 5376 art.
2858 5324 2876 5375 1
2910 5324 2996 5376 ad.
3027 5322 3084 5389 2,
3139 5333 3191 5377 et
3223 5335 3327 5376 art.
3357 5324 3412 5386 5,
3460 5324 3547 5375 ad.
3592 5323 3645 5388 l,

2078 5395 2166 5445 ιιιιι
2229 5402 2408 5445 tamen
2466 5396 2635 5446 sentit
2692 5393 2971 5446 Christum
3010 5393 3059 5445 in
3132 5408 3228 5447 suo
3286 5393 3465 5445 colore
3527 5391 3645 5444 sine

2078 5464 2259 5530 aliqua
2315 5465 2564 5535 claritate
2616 5463 2787 5535 v_isum
2818 5478 2939 5517 esse
2973 5463 3271 5535 discipulis.
3292 5461 3646 5535 iMaldouatus

2078 5544 2261 5586 noster
2292 5533 2449 5584 aliam
2483 5542 2602 5599 post
2630 5531 3423 5599 Resurrectionenfglorificati
3480 5545 3642 5600 quam

2074 5614 2199 5653 ante
2280 5602 2517 5669 patiliilis
2592 5613 2758 5671 atque
2849 5604 3095 5657 mortalis
3147 5604 3376 5655 fortnam
3442 5601 3643 5654 Christi

2078 5671 2243 5723 fuisse
2292 5672 2661 5724 llCCBhS-ll‘illlll
2711 5673 2877 5738 ducit,
2946 5675 3402 5741 quemadmodum
3442 5682 3497 5725 et
3543 5686 3646 5741 no-

2082 5749 2323 5795 strorum
2375 5756 2666 5812 corporum
2692 5742 2852 5798 aliam
2882 5753 3004 5815 post
3064 5743 3514 5800 resurrectionem
3537 5740 3647 5796 for—
