4018 6206
367 284 469 347 61')

1662 286 1991 347 HOMILIA
2033 288 2309 349 XXVIII.

3506 301 3614 367 614

364 400 540 465 σάρκα
570 396 799 450 ἀνέλαϐε
835 397 896 451 τὸ
923 397 1244 465 δοξάζεσθαι
1297 399 1628 469 χρήζουσαν,
1682 399 1779 452 καὶ
1835 400 1918 469 οὐ)

2039 399 2297 469 regnandi
2323 398 2411 469 jus
2461 398 2703 456 innatum
2755 404 3012 475 haberet,
3046 424 3074 463 a
3120 410 3281 467 Patre
3314 422 3517 481 tamen,
3551 428 3611 473 ut

359 489 550 556 ἑτέρου
611 489 791 553 τινὸς,
851 491 962 543 ἀλλ’
1027 488 1194 543 αὐτοῦ
1247 492 1440 559 γέγονε
1489 490 1650 561 σὰρξ,
1707 490 1935 554 εἰκότως

360 580 704 633 ίδιοποιεῖται
729 580 798 634 τὰ
841 582 921 644 είς
968 581 1166 652 αὐτὴν,
1219 581 1408 651 ἢπερὶ
1446 582 1617 651 αὐτὴν
1647 582 1932 652 γινόμενα,

355 674 446 724 καὶ
465 671 541 735 ὡς
568 672 850 743 ἄνθρωπος
879 673 955 745 μὴ
977 675 1141 744 ἔχων,
1164 673 1379 744 δέχεται
1408 676 1558 747 παρὰ
1582 675 1676 728 τοῦ
1699 677 1931 745 Πατρδς,

355 762 498 833 ἅπερ
533 762 647 832 ἔχει
696 765 945 832 φυσικῶς
979 782 994 797 ’
1033 785 1051 817 ι
1090 767 1279 820 Πάντα
1330 767 1602 831 ὑπέταξας
1648 768 1752 820 ὑπὸ
1785 770 1934 821 κάτω

352 852 462 903 τῶν
495 851 670 906 ποδῶν
701 854 865 907 αὐτοῦ
897 872 911 886 ’
952 874 971 907 ›
1030 856 1093 909 ὲκ
1142 857 1438 927 προσώπου
1478 858 1535 911 δὲ
1564 858 1660 912 τοῦ
1696 860 1930 930 Πατρδς,

352 943 495 996 οὕτω
530 944 669 1014 φησὶ
724 946 863 1016 πρὸς
912 948 1149 1019 Χριστόν
1179 964 1194 979 ·
1248 967 1267 1000 ι
1308 949 1541 1019 Δί’τησαι.
1588 949 1718 1020 παρ’
1773 951 1930 1020 ἐμοῦ,

352 1034 451 1087 καὶ
515 1035 674 1090 δώσω
723 1054 805 1090 σοι
865 1038 994 1109 ἔθνη
1054 1041 1155 1109 τὴν
1211 1041 1584 1112 κληρονομίαν
1639 1060 1733 1117 σου
1760 1083 1776 1107 ,
1837 1044 1932 1097 καὶ

324 1126 452 1194 -την
474 1127 810 1197 κατάσχεσίν
842 1146 938 1183 σου
964 1132 1032 1184 τὰ
1060 1133 1275 1202 πέρατα
1303 1134 1405 1202 τῆς
1436 1134 1560 1204 γῆς.
1589 1155 1607 1186 ι
1648 1135 1797 1200 Ἐνδς
1823 1134 1933 1205 γὰρ

349 1216 537 1279 ἔθνους
565 1222 661 1270 τοῦ
706 1220 921 1291 Ἰσραὴλ
956 1225 1485 1294 παροιστρήσαντος,
1526 1226 1619 1278 καὶ
1657 1226 1744 1279 διὰ
1775 1227 1931 1279 τοῦτο

348 1309 781 1379 ἀποϐληθέντος,
835 1314 1015 1368 πάντα
1062 1317 1130 1367 τὰ
1170 1315 1297 1386 ἔθνη
1330 1315 1539 1369 δέδοται
1584 1316 1660 1386 τῷ
1709 1319 1930 1388 Χριστῷ

349 1403 727 1456 πιστεύσαντι
772 1404 854 1465 είς
891 1405 1077 1460 αὐτόν.
1126 1406 1279 1459 Ἐπεὶ
1310 1407 1366 1461 δὲ
1399 1409 1697 1478 προσδοκία
1733 1408 1927 1473 ἐθνῶν,

347 1494 449 1543 καὶ
476 1491 562 1543 ἐπ’
600 1493 751 1561 αὐτῷ
794 1493 923 1564 ἔθνη
962 1495 1182 1564 ἧλπισε,
1224 1498 1317 1550 καὶ
1517 1500 1646 1568 μιᾶς
1692 1499 1794 1568 γῆς
1822 1500 1930 1553 τῶν

357 1579 636 1633 Ἰουδαίων
680 1583 748 1636 τὰ
800 1583 899 1653 τῆς
967 1585 1073 1654 γῆς
1143 1587 1489 1658 πληρώματα
1553 1589 1926 1659 ἐκληρώσατο,

340 1672 629 1725 ἐπιτάττει
672 1677 784 1737 τοῖς
819 1677 1092 1746 μαθηταῖς
1118 1692 1133 1706 ·
1186 1698 1203 1730 ι
1239 1680 1605 1750 Πορευθέντες
1651 1681 1927 1751 μαθητεύ-

342 1776 479 1812 σατε
543 1762 721 1828 πάντα
764 1764 833 1816 τὰ
873 1764 1030 1835 ἔθνη,
1087 1765 1444 1835 βαπτίζοντες
1484 1770 1685 1834 αὐτοὺς
1737 1772 1819 1834 είς
1865 1772 1928 1823 τὸ

339 1853 520 1923 ὄνομα
566 1854 664 1908 τοῦ
707 1857 945 1927 Πατρδς,
998 1859 1094 1912 καὶ
1140 1860 1234 1913 τοῦ
1274 1860 1429 1928 Υἱοῦ,
1488 1863 1582 1915 καὶ
1628 1862 1724 1916 τοῦ
1769 1865 1926 1931 ἁγίου

340 1946 692 2015 Πνεύματος.
741 1967 761 1999 ι
825 1948 936 2001 Καὶ
986 1949 1094 2017 πρὸ
1150 1951 1250 2020 μὲν
1294 1951 1388 2005 τοῦ
1424 1953 1627 2015 πάθους
1659 1954 1927 2025 ἀπεῖργεν

338 2036 546 2100 αὐτοὺς
575 2040 655 2099 είς
681 2037 798 2091 όδδν
827 2038 998 2092 ἐθνῶν
1028 2041 1308 2106 ἀπελθεῖν,
1342 2045 1423 2105 είς
1456 2044 1594 2113 μόνα
1616 2044 1673 2097 δὲ
1705 2046 1928 2115 πορεύε-

339 2127 473 2179 σθαι
503 2129 573 2180 τὰ
622 2130 869 2197 πρόὸατα
915 2130 1011 2183 τοῦ
1048 2132 1198 2185 οίκου
1249 2134 1469 2205 Ἰσραήλ
1499 2152 1514 2166 ·
1558 2133 1653 2188 νῦν
1686 2136 1743 2188 δὲ
1788 2135 1925 2190 πάν-

335 2234 454 2270 των
504 2217 674 2270 ἐθνῶν
742 2220 842 2290 τὴν
904 2224 1240 2293 προστασίαν
1304 2226 1639 2295 ἐνεχείρισεν
1695 2228 1923 2291 αὐτοῖς*

342 2326 362 2359 ι
404 2309 782 2377 Πορευθέντες
822 2311 1204 2382 μαθητεύσατε
1235 2316 1415 2369 πάντα
1444 2317 1513 2369 τὰ
1549 2318 1698 2387 ἔθνη,
1732 2318 1925 2388 βαπτί-

336 2398 535 2462 ζοντες
586 2401 784 2464 αὐτοὺς
834 2405 913 2465 είς
951 2403 1012 2456 τὸ
1034 2404 1206 2474 ὄνομα
1240 2406 1333 2459 τοῦ
1390 2408 1627 2478 Πατρὸς,
1684 2412 1779 2462 καὶ
1826 2413 1921 2466 τοῦ

337 2490 502 2555 Υίοῦ,
535 2491 627 2543 καὶ
655 2495 749 2545 τοὶ)
774 2493 933 2561 ἁγίου
961 2495 1301 2564 Πνεύματιις.
1327 2514 1347 2546 ι
1377 2496 1493 2548 Νῦν
1517 2498 1617 2550 οὐκ
1641 2499 1699 2551 ἐν
1728 2498 1923 2564 τύποις

334 2583 441 2635 καὶ
473 2582 765 2652 συμϐόλοις
793 2584 1068 2639 δείκνυται
1105 2586 1168 2640 τὸ
1208 2588 1309 2657 τῆς
1341 2588 1382 2638 Τ
1386 2588 1567 2656 ριάδος
1599 2592 1918 2660 μυστήριον,

333 2672 484 2725 ἀλλὰ
527 2674 777 2744 φανερῶς
831 2678 966 2730 πᾶσι
1012 2677 1473 2734 διαλευκαίνεται.
1543 2681 1606 2733 Ἡ
1661 2683 1761 2751 μὲν
1813 2685 1920 2756 γὰρ

335 2765 584 2835 σκιώδης
639 2767 852 2839 Γραφὴ,
895 2769 1154 2839 ἀμυδρῶς
1211 2773 1343 2841 περὶ
1397 2771 1603 2844 ταύτης
1660 2773 1916 2842 ἐδίδαξεν.

345 2859 763 2929 ’Δριδηλότερον
794 2860 851 2913 δὲ
892 2863 921 2914 ὁ
968 2861 1174 2933 Κύριος
1217 2866 1547 2935 μνημονεύει
1592 2868 1918 2937 περὶαὺτοῦ

333 2951 439 3003 καὶ
490 2949 583 3002 τοῦ
637 2950 869 3021 Πατρὸς,
900 2953 1115 3007 καὶτοῦ
1162 2954 1504 3026 Πνεύματος.
1568 2959 1810 3031 Ἐδείχθη
1860 2961 1918 3015 δὲ

2039 491 2221 555 homo,
2253 496 2575 547 constitutus
2617 506 2701 549 est
2737 496 2871 554 Rex.
2919 499 3184 566 Quoniam
3234 519 3362 560 vero
3387 521 3607 563 carnem

1997 658 1999 660 η
2039 599 2156 637 eam
2187 597 2589 654 assumpserat,
2623 604 2741 656 quae
2777 591 3093 663 indigebat,
3144 608 3195 650 ut
3229 600 3397 666 gloria
3432 600 3610 654 allice-

2039 682 2216 739 retur;
2253 690 2350 729 nec
2380 691 2508 730 vero
2539 692 2666 731 caro
2701 680 2980 749 cujusdam
3034 687 3257 742 alterius
3279 727 3299 754 ε.
3348 691 3441 745 sed
3488 694 3608 763 ejus

2038 768 2225 836 ipsius,
2262 768 2399 823 tacta
2426 781 2563 833 erat,
2587 773 2775 827 unctito
2803 774 2905 829 sibi
2965 779 3201 834 vindicat
3238 781 3511 853 (77),qu:e
3548 788 3601 841 in

2038 860 2209 929 ipsam
2262 876 2480 916 carnem
2530 865 2722 917 co'lata
2752 907 2767 931 ,
2796 876 2850 919 ct
2879 868 2943 919 ad
2978 870 3145 937 ipsam
3179 872 3522 941 attinebant,
3551 887 3606 932 et

2035 968 2155 1020 quae
2186 970 2291 1007 non
2328 954 2560 1009 habebat
2601 968 2655 1009 nt
2688 958 2849 1011 homo
2876 961 3071 1026 accipit
3104 977 3131 1012 a
3184 961 3340 1017 Patre
3372 982 3435 1019 ea
3485 983 3603 1035 qua:

2033 1043 2355 1099 naturaliter
2379 1047 2631 1110 habebat,
2672 1065 2690 1096 ι
2725 1048 2915 1101 Omnia
2949 1048 3224 1115 subjecisti
3253 1053 3352 1108 sub
3382 1056 3604 1123 pedibus

2035 1134 2150 1202 ejus
2170 1135 2236 1190 ³⁸.
2274 1153 2293 1186 ι
2323 1135 2398 1189 Ex
2423 1152 2648 1205 persona
2675 1149 2854 1191 autem
2878 1137 3057 1195 Patris
3078 1143 3144 1192 ita
3164 1143 3439 1196 Christum
3464 1147 3603 1201 allo-

2034 1228 2253 1294 quitur:
2296 1246 2313 1277 ι
2348 1225 2567 1281 Ρυειιιῖιι
2599 1243 2629 1280 a
2666 1243 2783 1292 me,
2822 1231 3042 1283 ct'dabo
3071 1231 3165 1284 tibi
3211 1240 3404 1301 gentes
3436 1233 3605 1288 haere-

2034 1319 2254 1372 ditatem
2314 1327 2502 1382 tuam,
2563 1329 2615 1372 et
2667 1322 3073 1389 possessionem
3144 1331 3287 1375 tuam
3344 1324 3604 1381 terminos

2034 1416 2192 1463 terra:
2212 1410 2279 1461 ³⁸.
2314 1429 2331 1461 ι
2363 1409 2653 1478 Postquam
2672 1413 2816 1466 enim
2842 1427 2947 1466 una
2972 1413 3408 1483 genslsraelitica
3427 1415 3606 1471 furore

2032 1503 2245 1555 concita
2293 1502 2347 1554 in
2378 1502 2551 1570 ipsum
2580 1512 2660 1557 est
2687 1543 2702 1567 ,
2749 1516 2911 1572 atque
2954 1506 3090 1558 adeo
3118 1504 3186 1558 ab
3219 1505 3333 1572 ipso
3381 1507 3601 1575 rcjecta,

2031 1585 2445 1660 omncs'gcntes
2477 1594 2614 1646 datae
2660 1603 2787 1647 sunt
2833 1592 3051 1647 Christo
3083 1637 3097 1659 ,
3133 1610 3252 1664 qute
3287 1595 3385 1664 ipsi
3422 1595 3605 1650 ﬁdeles

2031 1687 2234 1735 essent.
2281 1681 2547 1746 Quoniam
2598 1695 2776 1736 autem
2807 1692 2923 1737 erat
2950 1686 3287 1753 esspectatio
3333 1687 3600 1755 gentium,

2030 1780 2083 1824 et
2115 1771 2166 1823 in
2214 1772 2388 1840 ipsum
2414 1782 2601 1840 gentes
2654 1772 2948 1841 sperabant
2974 1774 3043 1835 “,
3077 1783 3131 1828 et
3175 1790 3271 1843 pro
3303 1792 3406 1829 una
3439 1776 3601 1845 217

2027 1862 2226 1917 Judzeat
2255 1873 2397 1917 terra
2428 1863 2814 1931 plenitudinem
2843 1865 3114 1932 gentium,
3135 1849 3194 1919 ut
3225 1868 3597 1923 haereditatetn

2027 1953 2293 2018 obtinuit,
2339 1954 2590 2022 praecepit
2623 1954 2946 2024 discipulis:
2987 1974 3005 2008 ι
3047 1955 3247 2012 Euntes
3272 1957 3460 2013 docete
3487 1974 3604 2013 ont-

2028 2059 2124 2098 ncs
2152 2054 2339 2113 gentes
2387 2046 2717 2113 baptizmlcs
2765 2061 2859 2099 cos
2911 2047 2964 2099 iu
3023 2049 3238 2103 notnine
3284 2048 3494 2111 Patris,
3547 2060 3603 2104 ct

2028 2134 2174 2199 Filii,
2198 2147 2252 2189 et
2281 2134 2518 2204 Spiritus
2547 2137 2743 2192 sancti.
2768 2137 2810 2168 ⁸¹
2851 2155 2870 2187 ι
2900 2136 2968 2190 Ει
3004 2140 3217 2207 quidem
3247 2151 3373 2195 ante
3395 2142 3604 2210 passio-

2026 2241 2147 2281 nem
2179 2227 2347 2282 vetuit
2376 2241 2469 2281 eos
2495 2266 2510 2292 ,
2543 2227 2832 2297 quominus
2872 2230 2924 2283 in
2959 2231 3097 2283 viam
3145 2232 3388 2298 gentium
3437 2234 3600 2300 irent,

2024 2333 2087 2375 ac
2108 2318 2279 2372 solum
2300 2319 2364 2371 ad
2391 2320 2729 2384 ovesjdomus
2753 2319 2915 2375 Israel
2938 2335 3033 2374 eos
3053 2320 3215 2388 jussit
3243 2322 3505 2377 accedere
3530 2322 3599 2377 “.

2030 2407 2183 2462 Nunc
2208 2423 2337 2463 vero
2357 2410 2599 2463 omnium
2629 2410 2867 2476 gentium
2888 2425 3076 2467 curam
3098 2411 3201 2466 illis
3227 2413 3597 2467 concredidit:

2028 2516 2047 2550 ι
2085 2498 2284 2553 Euntes
2316 2500 2505 2554 docete
2538 2514 2729 2554 omnes
2778 2508 3002 2570 gentes,
3039 2501 3378 2570 haptizautes
3407 2518 3501 2556 eos
3538 2504 3593 2556 iu

2024 2593 2237 2648 nomine
2272 2592 2447 2648 Patris
2472 2633 2488 2659 ,
2521 2603 2574 2648 et
2622 2592 2764 2657 Filii,
2802 2605 2857 2649 et
2904 2593 3139 2660 Spiritus
3184 2597 3386 2650 sancti.
3425 2614 3445 2648 ι
3480 2594 3599 2650 Jam

2024 2698 2127 2738 non
2159 2684 2210 2737 in
2254 2682 2482 2752 figuris.
2535 2693 2589 2738 et
2643 2684 2903 2754 symbolis
2951 2683 3232 2740 Trinitatis
3285 2686 3600 2756 mysterium

2023 2790 2162 2830 nunc
2191 2775 2483 2838 indicatur,
2518 2775 2612 2829 sed
2661 2774 2946 2830 manifeste
2972 2776 3223 2831 omnibus
3268 2777 3601 2834 declaratur.

2035 2864 2202 2920 Vetus
2249 2866 2393 2920 cnim
2446 2864 2532 2919 illa
2582 2866 2861 2935 Scriptura
2910 2867 3119 2922 umbris
3172 2868 3405 2923 involuta
3436 2870 3505 2924 de
3537 2884 3603 2925 ea

2024 2957 2257 3012 obscure
2305 2956 2506 3010 docuit.
2552 2955 2764 3012 Clarius
2808 2968 2987 3013 autem
3040 2957 3298 3014 Dominus
3345 2960 3409 3015 de
3433 2975 3512 3024 se,
3545 2968 3600 3014 et

333 3042 439 3094 καὶ
479 3042 538 3093 ἓν
587 3040 849 3114 Ἰορδάνῃ,
896 3042 990 3096 τοῦ
1040 3045 1246 3115 Κυρίου
1286 3046 1376 3100 διὲι
1411 3047 1506 3101 τοῦ
1548 3047 1918 3120 βαπτίσματος

2025 3045 2213 3110 Patre,
2232 3055 2285 3101 et
2313 3047 2522 3112 Spiritu
2548 3047 2876 3102 mentionem
2906 3044 3128 3103 fecitJu
3154 3045 3388 3101 Iordane
3409 3049 3596 3113 etiam,

331 3134 441 3199 τὴν
496 3132 655 3201 ἡμῶν
696 3133 858 3200 φύσιν
918 3134 1299 3205 καθαίροντος.
1377 3136 1436 3191 '0
1470 3139 1569 3208 μὲν
1624 3141 1733 3212 γὰρ
1786 3142 1918 3208 Υίδς

333 3224 712 3288 ὲὸαπτίζετο·
769 3228 798 3280 δ
828 3226 886 3279 δὲ
935 3226 1128 3298 Πατὴρ
1177 3229 1551 3300 ἐπεμαρτύρει
1601 3231 1693 3285 τὸν
1728 3249 1919 3303 χειρα-

334 3314 650 3385 πτούμενον
678 3332 692 3346 ο
729 3317 794 3368 τὸ
817 3317 873 3370 δὲ
908 3316 1132 3384 Πνεῦμα
1174 3317 1235 3370 τὸ
1275 3319 1452 3387 ἅγιον.
1498 3324 1827 3392 περιστερᾶς
1860 3325 1918 3379 ἐν

332 3408 472 3459 εῖδει
518 3407 840 3462 καθίπτατο.
889 3410 997 3461 Kal.
1039 3411 1100 3462 ὲν
1144 3408 1259 3485 ὄρει
1286 3411 1339 3463 δὲ
1369 3411 1446 3480 τῷ
1477 3410 1676 3482 Θαϐὼρ
1712 3414 1773 3466 τὸ
1805 3416 1918 3477 τοῖς

332 3500 570 3569 Τριάδος
599 3498 852 3569 διάφορον
872 3500 980 3553 τῶν
1011 3501 1364 3555 ὑποςτὰσεων
1390 3503 1740 3572 ἑγνωρίσατο,
1779 3504 1919 3576 πλὴν

331 3593 394 3645 οὐ
435 3592 722 3661 τηλαυγῶς
746 3594 779 3662 ἡ
824 3593 923 3662 τῆς
952 3592 1144 3657 οὐσίας
1182 3594 1470 3665 ταυτότης,
1521 3596 1614 3648 καὶ
1655 3596 1917 3665 ὁμοτιμία

331 3682 642 3735 ἐδείκνυτο.
698 3682 815 3737 Νῦν
876 3683 933 3736 δὲ
995 3684 1428 3755 γνωριμωτέραν
1494 3685 1592 3756 τὴν
1647 3687 1918 3757 ἰσοτιμίαν

331 3771 669 3841 καθίστησιν
723 3770 892 3826 εἰπών
924 3788 939 3802 ·
1008 3792 1026 3824 ι
1066 3773 1437 3838 Βαπτίζοντες
1484 3776 1680 3838 αὐτοὺς
1729 3777 1808 3840 είς
1856 3777 1920 3831 τὸ

330 3865 514 3935 ὄνομα
560 3864 654 3917 τοῦ
698 3864 932 3935 Πατρδς,
992 3864 1212 3920 καὶτοῦ
1263 3866 1415 3930 Υίοῦ,
1466 3868 1562 3920 καὶ
1606 3867 1700 3920 τοῦ
1759 3868 1917 3935 ἁγίου

334 3956 684 4025 Πνεύματος.
725 3975 744 4007 ι
810 3955 969 4009 Ἀλλὰ
998 3957 1185 4027 ἐπειδὴ
1216 3959 1345 4027 περὶ
1393 3956 1487 4010 τοῦ
1543 3957 1919 4028 βαπτίσματος

332 4052 472 4119 ημῖν
499 4050 526 4100 6
545 4048 721 4115 λόγος,
749 4049 1045 4114 αναγκαῖον
1071 4049 1245 4101 εἰπεῖν
1265 4047 1403 4100 διατί
1433 4049 1791 4118 ἀπονενόηται
1819 4047 1916 4101 τοῦ

410 4184 460 4217 ³³
494 4183 639 4238 Psal.
674 4199 806 4247 vut,
848 4184 900 4239 8.
978 4184 1023 4217 ²⁹
1075 4183 1221 4240 Psal.
1263 4199 1340 4249 tt,
1373 4183 1426 4239 8.
1503 4184 1549 4217 ³ο
1589 4183 1722 4239 Gen.
1764 4198 1836 4247 LI,
1879 4183 1966 4236 10.
2041 4179 2084 4210 ³⁸
2117 4177 2306 4231 Matth.
2340 4190 2497 4243 svnt,
2531 4173 2618 4229 19.

2032 3154 2154 3195 cum
2211 3138 2473 3191 Dominus
2520 3153 2616 3206 per
2675 3137 2999 3207 baptismbm
3054 3147 3303 3192 naturam
3359 3149 3596 3192 nostram

2026 3229 2283 3284 lustravit
2303 3271 2319 3291 ,
2368 3228 2419 3281 id
2449 3228 2763 3297 mysterium
2798 3229 3093 3281 iudicatum
3124 3238 3224 3284 est.
3256 3228 3425 3284 Filius
3453 3230 3596 3285 enim

2026 3322 2332 3390 baptizatus
2379 3329 2500 3386 est,
2539 3320 2701 3375 Pater
2729 3335 2858 3375 vero
2885 3321 2932 3374 ei
2977 3335 3138 3374 manu
3193 3331 3446 3375 contacto
3480 3320 3597 3392 (78)

2027 3409 2394 3465 testimonium
2425 3409 2580 3473 tulit;
2636 3407 2873 3476 Spiritus
2924 3420 3102 3462 autem
3146 3423 3367 3466 sanctus
3415 3412 3466 3464 in
3498 3426 3590 3466 σος

2028 3502 2226 3557 lumbae
2262 3501 2441 3568 specie
2477 3500 2762 3554 devolat-it.
2796 3500 2860 3554 Et
2883 3500 2938 3555 in
2977 3512 3158 3555 monte
3187 3502 3348 3555 etiam
3377 3501 3596 3558 Thabor

2029 3591 2393 3660 ltypostaseon
2425 3588 2479 3641 in
2511 3586 2776 3643 'l't'initate
2800 3588 3105 3643 differentia
3138 3589 3440 3658 signiﬁcata
3468 3603 3588 3646 est:

2022 3697 2135 3736 non
2168 3693 2345 3735 tamen
2381 3681 2666 3749 perspicue
2697 3681 2947 3735 essentia:
2982 3681 3258 3746 identitas,
3287 3693 3342 3737 et
3368 3684 3591 3751 aequalis

2026 3772 2265 3827 omnium
2300 3770 2538 3839 dignitas
2585 3770 2859 3824 declarata
2887 3787 2900 3825 :
2937 3786 3079 3826 nunc
3108 3788 3235 3827 vero
3266 3789 3382 3828 eam
3414 3790 3596 3843 arqua-

2028 3863 2240 3916 litatem
2275 3865 2545 3917 notiorem
2574 3863 2750 3917 reddit
2796 3879 2914 3917 cum
2947 3865 3079 3919 dicit
3124 3881 3138 3919 :
3188 3883 3207 3916 ι
3255 3864 3596 3935 Baptizantes

2027 3970 2121 4010 eos
2144 3956 2199 4007 in
2232 3955 2447 4008 nomine
2476 3954 2674 4016 Patris,
2705 3966 2760 4008 et
2789 3954 2933 4019 Filii,
2965 3965 3018 4010 et
3054 3956 3292 4025 Spiritus
3326 3960 3523 4014 sancti.
3567 3978 3589 4012 ι

2029 4046 2135 4098 Sed
2171 4044 2424 4113 quoniam
2450 4043 2517 4096 de
2545 4043 2810 4111 baptismo
2845 4044 2999 4097 nobis
3023 4056 3104 4100 est
3139 4055 3317 4100 sermo
3340 4085 3358 4113 ,
3398 4061 3593 4103 neces-

2702 4175 2748 4210 ³³
2784 4175 2976 4231 Matth.
3016 4192 3048 4230 ι
3083 4176 3158 4241 ,5.

1564 4319 1892 4381 Francisci
1929 4318 2133 4383 Scorsi
2162 4326 2353 4383 notat.

405 4440 523 4512 (77)
565 4439 757 4496 Merito
798 4441 901 4496 sibi
935 4442 1195 4497 uindicat.
1253 4440 1378 4497 Hzee
1404 4451 1554 4497 recte
1586 4441 1729 4512 dicta
1757 4449 1906 4503 sunt,
1934 4442 1991 4500 D
2017 4440 2102 4494 nis
2128 4439 2596 4510 χειρακτούμενον
2629 4455 2747 4509 qua:
2782 4456 2887 4496 non
2914 4450 3067 4494 vacat
3089 4439 3305 4496 occulto
3348 4441 3584 4511 quodam

329 4510 594 4581 recteque
639 4514 983 4581 explicantur
1039 4515 1104 4567 de
1135 4513 1561 4581 preprictatibus
1596 4510 1909 4581 iutriusque

331 4580 548 4636 natura:
576 4580 992 4636 communicatis
1025 4580 1251 4636 ratione
1269 4597 1530 4649 personat.
1586 4580 1698 4635 Sibi
1737 4583 1910 4642 enim,

331 4653 441 4705 hoc
503 4659 608 4713 est,
640 4653 814 4721 eidem
850 4666 1117 4719 personas,
1158 4653 1235 4705 ait
1263 4650 1602 4721 Theophan.,
1655 4649 1913 4703 attribuit

327 4734 455 4789 quae
488 4729 645 4775 erant
699 4720 945 4774 humanae
978 4733 1228 4787 naturas;
1272 4726 1397 4775 data
1449 4730 1714 4790 potestas,
1745 4728 1800 4790 ef.
1828 4734 1913 4773 re-

371 4805 541 4843 num:
593 4799 648 4842 et
697 4799 878 4844 tamen
911 4792 1093 4844 eadem
1131 4802 1187 4844 ιιι
1226 4787 1464 4858 propria,
1499 4799 1551 4843 et
1577 4787 1904 4842 naturaliter

371 4805 541 4843 num:
593 4805 648 4842 et
697 4805 878 4844 tamen
911 4805 1093 4844 eadem
1131 4805 1187 4844 ιιι
1226 4806 1462 4858 propria,
1499 4805 1551 4843 et
1577 4805 1904 4842 naturanter

332 4805 577 4913 ﬁabebat
612 4860 821 4913 ratione
871 4869 1078 4913 natura:
1108 4862 1321 4913 divinat.
1355 4858 1518 4927 Greg.
1569 4857 1730 4927 Nyss.
1764 4868 1905 4911 orat.

330 4927 463 4992 λίπε
494 4926 714 4981 Resurr.
744 4931 985 4981 eamdem
1008 4931 1306 4983 doctrinam
1335 4930 1523 4983 iisdem
1556 4926 1736 4982 verbis
1759 4941 1910 4980 com-

331 4999 669 5066 plexusest:
712 4997 921 5063 Ἐδόθη
940 5015 1040 5066 μοι
1073 4998 1243 5053 πᾶσα
1269 4997 1522 5062 ἐξουσία
1550 4997 1620 5049 ἐν
1642 4995 1900 5066 οὐρανῷ,

333 5064 553 5137 ᾆιαίέπί
578 5066 708 5136 γῆς.
749 5070 815 5121 *Δ
846 5064 956 5136 γὰρ
986 5064 1101 5137 εἶχε
1131 5069 1396 5135 φυσικῶς,
1424 5067 1499 5130 ὡς
1544 5067 1701 5128 Θεὸς,
1733 5065 1907 5137 ταρτα

332 5136 486 5207 λέγει
505 5135 803 5206 λαμϐάνειν
821 5140 892 5197 ὡς
910 5135 1199 5204 γενόμενος
1219 5137 1315 5189 ἄνθ
1325 5154 1502 5207 ρωπος
1519 5135 1902 5203 οίκονομικῶς.

341 5154 486 5258 «eget
505 5154 803 5206 Ααμοανειν
821 5154 892 5197 ως
910 5154 1199 5204 γενόμενος
1219 5154 1315 5189 ανυ
1325 5154 1502 5207 ρωπος
1519 5154 1896 5203 οικονομικως.

341 5222 398 5275 ο-Δ
440 5218 529 5258 ala
559 5219 631 5260 est
664 5210 791 5261 mihi
822 5218 1049 5275 potestas
1069 5211 1236 5260 omnia
1267 5209 1321 5261 in
1345 5208 1497 5269 caelo,
1529 5216 1578 5261 et
1609 5208 1660 5259 t'n
1685 5214 1847 5257 terra.
1877 5223 1896 5255 ι

340 5271 487 5327 Nam
529 5291 646 5342 qua:
677 5271 997 5330 naturaliter
1047 5278 1266 5329 habebat
1306 5286 1363 5330 ut
1393 5277 1552 5342 Deus,
1579 5276 1691 5329 lucc
1708 5276 1905 5326 dicitur

333 5346 570 5408 accipere
593 5359 841 5416 tauquam
869 5347 1023 5416 homo
1047 5357 1187 5416 certe
1213 5347 1431 5400 cortsilt'o
1449 5346 1642 5415 factus.
1679 5346 1909 5416 EtASna-

336 5416 456 5484 rius
487 5414 701 5480 noster,
724 5433 775 5484 p.
802 5418 859 5477 3.
890 5415 978 5470 ubi
1017 5418 1126 5484 agit
1152 5414 1219 5470 de
1243 5414 1728 5481 Christidominio,
1756 5414 1901 5468 ltunc

336 5483 516 5536 locum
546 5489 782 5554 explicat
818 5487 887 5541 de
960 5483 1228 5550 potestate
1282 5487 1615 5540 excellentiae
1666 5484 1896 5545 Christi,

336 5566 446 5621 qua
476 5557 641 5632 homo
668 5566 788 5611 erat
840 5555 1052 5611 ratione
1113 5556 1329 5610 uuiouis
1357 5556 1710 5625 byposlatica:
1749 5567 1901 5606 εοιη.

336 5636 638 5677 mumcata.

411 5692 521 5762 (78)
562 5692 727 5748 Manu
759 5701 1023 5749 contacto.
1056 5695 1309 5765 Expressi
1378 5706 1542 5750 totam
1580 5695 1687 5749 vim
1725 5696 1899 5750 nomi—

2014 4513 2232 4581 pietatis
2265 4526 2426 4581 sensu
2457 4529 2471 4575 ;
2528 4525 2652 4565 nam
2683 4527 2948 4581 peream
2989 4526 3186 4565 vocem
3219 4512 3494 4581 exprimit,
3529 4522 3587 4568 et

2009 4580 2214 4634 CltriSti
2272 4579 2661 4650 humilitatem,
2701 4591 2755 4634 et
2787 4580 3014 4635 Joannis
3053 4579 3307 4650 Baptistae
3338 4583 3586 4649 dignita-

2012 4659 2160 4713 tem;
2222 4651 2364 4719 quod
2437 4648 2639 4704 Christi
2698 4667 2895 4719 corpus
2953 4648 3268 4705 tnanu‘sua
3320 4648 3587 4719 attingere

2008 4721 2290 4788 meruerit.
2329 4716 2483 4784 Quod
2535 4734 2667 4774 sane
2693 4716 2844 4773 multi
2880 4721 3069 4774 Patres
3101 4722 3266 4774 etiam
3315 4716 3580 4788 apertius.

2012 4788 2071 4842 S.
2108 4786 2332 4843 Proelus
2370 4791 2619 4843 oratione
2662 4791 2749 4844 ubi
2810 4793 2877 4844 de
2910 4792 3183 4857 baptismo
3230 4786 3436 4843 Christi
3498 4790 3582 4842 lo-

2004 4860 2220 4925 quitur:
2254 4857 2503 4926 Tangere,
2544 4859 2741 4927 inquit,
2774 4858 2831 4912 S.
2867 4858 3098 4911 Joannes
3121 4858 3307 4926 capitis
3340 4858 3580 4911 verticem

2001 4930 2216 4991 meruit,
2276 4930 2507 4983 iuuuens
2543 4931 2708 4982 ritum
2747 4932 2799 4983 in
2859 4928 3127 4997 baptismo
3180 4943 3209 4981 a
3253 4928 3310 4979 S.
3368 4928 3580 4982 Joanne

2012 5007 2285 5051 servatum
2342 5010 2514 5067 caput
2570 4998 2785 5067 Domini
2844 4999 3134 5064 tangendo.
3170 4997 3229 5050 S.
3267 4999 3574 5067 Cyprianus

2012 5082 2177 5120 serm.
2221 5069 2283 5120 de
2331 5064 2586 5134 baptismo
2636 5064 2833 5122 Christi
2879 5082 2898 5121 :
2941 5067 3199 5135 Supponit
3248 5064 3429 5135 itaque
3465 5081 3578 5135 cer—

2012 5136 2179 5189 vicem
2236 5142 2485 5189 sanctam‘
2534 5136 2785 5196 ,manibus
2854 5134 3083 5190 hominis
3149 5134 3426 5190 humilitas
3476 5134 3580 5188 Re-

2012 5207 2316 5272 demptoris.
2362 5208 2419 5259 ὃ.
2483 5207 2761 5275 Cbrysost.
2828 5206 2975 5260 hom.
3011 5208 3063 5258 in
3110 5205 3168 5262 S.
3216 5206 3577 5275 Theophania,

2011 5291 2131 5343 qua:
2160 5277 2365 5342 Incipit,
2405 5276 2468 5327 Ἦ
2495 5278 2646 5345 πηγὴ
2672 5274 2776 5327 τῶν
2825 5275 3165 5345 εὐαγγελίων
3196 5274 3571 5345 διδαγμάτιῳν,

2006 5345 2105 5397 sub
2134 5347 2293 5400 tinem
2324 5362 2338 5399 :
2383 5343 2599 5412 Ἥψατο
2636 5343 2745 5414 μὲν
2763 5347 2863 5415 τῆς
2893 5343 2991 5399 τοῦ
3017 5349 3289 5399 Δεσπότου
3334 5343 3577 5415 κεφαλῆς

2002 5415 2226 5487 τρέμων
2252 5417 2512 5487 τῇῃχειρὶ,
2548 5412 2896 5487 καὶήᾼχαίρῶν
2925 5421 2988 5487 τῇ
3038 5417 3235 5487 ψυχῇ,
3266 5418 3358 5468 καὶ
3383 5412 3574 5487 $66.7;—

2000 5481 2151 5555 τισεν
2176 5485 2268 5535 τὸν
2291 5481 2505 5554 Κύρίον
2544 5486 2574 5553 ή
2617 5481 2725 5535 τῶν
2776 5481 2989 5555 Ἰησοῦν
3034 5481 3271 5555 Χριστόν
3299 5501 3313 5514 ·
3381 5481 3573 5552 Tetigit

1998 5553 2207 5620 quidem
2254 5553 2415 5606 manu
2469 5555 2680 5606 Domini
2717 5553 2872 5621 caput
2901 5553 3124 5608 tremens
3154 5567 3199 5606 et
3226 5554 3404 5606 animo
3432 5569 3572 5621 gau-

1998 5626 2148 5692 deus,
2174 5632 2221 5673 et
2254 5622 2514 5692 baptismo
2554 5624 2679 5677 lavit
2745 5624 3030 5679 Dominum
3086 5633 3326 5682 nostrum
3380 5622 3570 5678 Jesum

1995 5691 2285 5746 Christum.
