  <div class='ocr_page' id='page_1' title='image "/cluster/home/n/w/nwhite01/storage/ocr_20150623/132/hvd.32044073502361/356.png"; bbox 0 0 4018 6206; ppageno 0'>
   <div class='ocr_carea' id='block_1_1' title="bbox 369 272 477 339">
    <p class='ocr_par' dir='ltr' id='par_1_1' title="bbox 369 272 477 339">
     <span class='ocr_line' id='line_1_1' title="bbox 369 272 477 339; baseline -0.019 -1"><span class='ocrx_word' id='word_1_1' title='bbox 369 272 477 339; x_wconf 76' lang='grc' dir='ltr'><strong>θῙἿ</strong></span> 
     </span>
    </p>
   </div>
   <div class='ocr_carea' id='block_1_2' title="bbox 1708 271 2296 334">
    <p class='ocr_par' dir='ltr' id='par_1_2' title="bbox 1708 271 2296 334">
     <span class='ocr_line' id='line_1_2' title="bbox 1708 271 2296 334; baseline 0 -1"><span class='ocrx_word' id='word_1_2' title='bbox 1708 271 2035 334; x_wconf 72' lang='grc' dir='ltr'><strong>ΗΟΜΠᾸΑ</strong></span> <span class='ocrx_word' id='word_1_3' title='bbox 2077 271 2296 333; x_wconf 75' lang='grc' dir='ltr'>ΧΧΙΧ.</span> 
     </span>
    </p>
   </div>
   <div class='ocr_carea' id='block_1_3' title="bbox 3515 277 3616 339">
    <p class='ocr_par' dir='ltr' id='par_1_3' title="bbox 3515 277 3616 339">
     <span class='ocr_line' id='line_1_3' title="bbox 3515 277 3616 339; baseline 0.069 -7"><span class='ocrx_word' id='word_1_4' title='bbox 3515 277 3616 339; x_wconf 71' lang='lat'><strong>618</strong></span> 
     </span>
    </p>
   </div>
   <div class='ocr_carea' id='block_1_4' title="bbox 374 380 1949 455">
    <p class='ocr_par' dir='ltr' id='par_1_4' title="bbox 374 382 1942 455">
     <span class='ocr_line' id='line_1_4' title="bbox 374 382 1942 455; baseline -0.005 -15"><span class='ocrx_word' id='word_1_5' title='bbox 374 389 553 454; x_wconf 79' lang='grc' dir='ltr'><strong>Ὅπερ</strong></span> <span class='ocrx_word' id='word_1_6' title='bbox 581 382 734 437; x_wconf 71' lang='grc' dir='ltr'><strong>ἐστὶν</strong></span> <span class='ocrx_word' id='word_1_7' title='bbox 762 385 795 455; x_wconf 79' lang='grc' dir='ltr'>ἠ</span> <span class='ocrx_word' id='word_1_8' title='bbox 822 385 930 440; x_wconf 80' lang='grc' dir='ltr'><strong>τῶν</strong></span> <span class='ocrx_word' id='word_1_9' title='bbox 960 383 1249 455; x_wconf 72' lang='grc' dir='ltr'><strong>δογμάτων</strong></span> <span class='ocrx_word' id='word_1_10' title='bbox 1274 382 1585 455; x_wconf 73' lang='grc' dir='ltr'><strong>βεϐαίωσις.</strong></span> <span class='ocrx_word' id='word_1_11' title='bbox 1621 382 1765 437; x_wconf 81' lang='grc' dir='ltr'>Ἀλλ’</span> <span class='ocrx_word' id='word_1_12' title='bbox 1793 383 1942 433; x_wconf 74' lang='grc' dir='ltr'><strong>ἐπει-</strong></span> 
     </span>
    </p>
   </div>
   <div class='ocr_carea' id='block_1_5' title="bbox 2055 380 3621 455">
    <p class='ocr_par' dir='ltr' id='par_1_5' title="bbox 2055 380 3621 453">
     <span class='ocr_line' id='line_1_5' title="bbox 2055 380 3621 453; baseline 0.008 -21"><span class='ocrx_word' id='word_1_13' title='bbox 2055 400 2072 432; x_wconf 76' lang='grc' dir='ltr'><strong>ι</strong></span> <span class='ocrx_word' id='word_1_14' title='bbox 2116 380 2460 449; x_wconf 73' lang='grc' dir='ltr'><strong>Β.ψιῐιιιιιιεε</strong></span> <span class='ocrx_word' id='word_1_15' title='bbox 2510 394 2603 434; x_wconf 85' lang='lat' dir='ltr'><strong>eos</strong></span> <span class='ocrx_word' id='word_1_16' title='bbox 2661 380 2712 434; x_wconf 89' lang='lat' dir='ltr'><strong>in</strong></span> <span class='ocrx_word' id='word_1_17' title='bbox 2766 380 2986 437; x_wconf 81' lang='lat' dir='ltr'><strong>nomine</strong></span> <span class='ocrx_word' id='word_1_18' title='bbox 3037 380 3233 450; x_wconf 78' lang='lat' dir='ltr'><strong>Patris,</strong></span> <span class='ocrx_word' id='word_1_19' title='bbox 3272 396 3325 440; x_wconf 89' lang='lat' dir='ltr'><strong>et</strong></span> <span class='ocrx_word' id='word_1_20' title='bbox 3372 385 3512 453; x_wconf 77' lang='lat' dir='ltr'><strong>Filii,</strong></span> <span class='ocrx_word' id='word_1_21' title='bbox 3566 401 3621 444; x_wconf 88' lang='lat' dir='ltr'><strong>et</strong></span> 
     </span>
    </p>
   </div>
   <div class='ocr_carea' id='block_1_6' title="bbox 361 472 1949 550">
    <p class='ocr_par' dir='ltr' id='par_1_6' title="bbox 361 472 1949 550">
     <span class='ocr_line' id='line_1_6' title="bbox 361 472 1949 550; baseline -0.005 -17"><span class='ocrx_word' id='word_1_22' title='bbox 361 478 456 550; x_wconf 77' lang='grc' dir='ltr'><strong>δὴ.</strong></span> <span class='ocrx_word' id='word_1_23' title='bbox 475 476 619 531; x_wconf 77' lang='grc' dir='ltr'><strong>κατὰ</strong></span> <span class='ocrx_word' id='word_1_24' title='bbox 638 476 731 529; x_wconf 77' lang='grc' dir='ltr'><strong>τὸν</strong></span> <span class='ocrx_word' id='word_1_25' title='bbox 753 477 901 545; x_wconf 70' lang='grc' dir='ltr'><strong>ἱερὸν</strong></span> <span class='ocrx_word' id='word_1_26' title='bbox 927 475 1272 545; x_wconf 70' lang='grc' dir='ltr'><strong>ἀδελφόθεον,</strong></span> <span class='ocrx_word' id='word_1_27' title='bbox 1332 494 1352 529; x_wconf 78' lang='grc' dir='ltr'><strong>ι</strong></span> <span class='ocrx_word' id='word_1_28' title='bbox 1374 479 1408 547; x_wconf 81' lang='grc' dir='ltr'>ὴ</span> <span class='ocrx_word' id='word_1_29' title='bbox 1450 475 1631 534; x_wconf 78' lang='grc' dir='ltr'><strong>πίστις</strong></span> <span class='ocrx_word' id='word_1_30' title='bbox 1669 473 1835 544; x_wconf 75' lang='grc' dir='ltr'><strong>χωρὶς</strong></span> <span class='ocrx_word' id='word_1_31' title='bbox 1859 472 1949 542; x_wconf 78' lang='grc' dir='ltr'><strong>ἔρ-</strong></span> 
     </span>
    </p>
   </div>
   <div class='ocr_carea' id='block_1_7' title="bbox 366 563 1950 640">
    <p class='ocr_par' dir='ltr' id='par_1_7' title="bbox 366 563 1950 640">
     <span class='ocr_line' id='line_1_7' title="bbox 366 563 1950 640; baseline -0.004 -19"><span class='ocrx_word' id='word_1_32' title='bbox 366 585 485 637; x_wconf 82' lang='grc' dir='ltr'><strong>γων</strong></span> <span class='ocrx_word' id='word_1_33' title='bbox 512 567 686 640; x_wconf 79' lang='grc' dir='ltr'><strong>νεκρά</strong></span> <span class='ocrx_word' id='word_1_34' title='bbox 708 569 846 633; x_wconf 78' lang='grc' dir='ltr'><strong>ἐστι,</strong></span> <span class='ocrx_word' id='word_1_35' title='bbox 884 585 902 620; x_wconf 81' lang='grc' dir='ltr'><strong>ι</strong></span> <span class='ocrx_word' id='word_1_36' title='bbox 939 567 1188 637; x_wconf 84' lang='grc' dir='ltr'><strong>βούλεται</strong></span> <span class='ocrx_word' id='word_1_37' title='bbox 1210 568 1300 622; x_wconf 76' lang='grc' dir='ltr'><strong>τὸν</strong></span> <span class='ocrx_word' id='word_1_38' title='bbox 1333 565 1741 638; x_wconf 77' lang='grc' dir='ltr'><strong>μαθητευθέντα</strong></span> <span class='ocrx_word' id='word_1_39' title='bbox 1764 565 1830 617; x_wconf 74' lang='grc' dir='ltr'><strong>τὰ</strong></span> <span class='ocrx_word' id='word_1_40' title='bbox 1849 563 1950 632; x_wconf 78' lang='grc' dir='ltr'><strong>τῆς</strong></span> 
     </span>
    </p>
   </div>
   <div class='ocr_carea' id='block_1_8' title="bbox 372 658 1948 731">
    <p class='ocr_par' dir='ltr' id='par_1_8' title="bbox 372 658 1948 731">
     <span class='ocr_line' id='line_1_8' title="bbox 372 658 1948 731; baseline -0.006 -15"><span class='ocrx_word' id='word_1_41' title='bbox 372 662 616 724; x_wconf 85' lang='grc' dir='ltr'><strong>πίστεως</strong></span> <span class='ocrx_word' id='word_1_42' title='bbox 640 660 911 729; x_wconf 78' lang='grc' dir='ltr'><strong>ἰόγματα,</strong></span> <span class='ocrx_word' id='word_1_43' title='bbox 951 659 1049 713; x_wconf 82' lang='grc' dir='ltr'><strong>καὶ</strong></span> <span class='ocrx_word' id='word_1_44' title='bbox 1080 659 1439 714; x_wconf 82' lang='grc' dir='ltr'><strong>τελειωθέντα</strong></span> <span class='ocrx_word' id='word_1_45' title='bbox 1471 661 1537 731; x_wconf 74' lang='grc' dir='ltr'><strong>τῇ</strong></span> <span class='ocrx_word' id='word_1_46' title='bbox 1585 658 1948 727; x_wconf 77' lang='grc' dir='ltr'><strong>ἁναγεννήσει</strong></span> 
     </span>
    </p>
   </div>
   <div class='ocr_carea' id='block_1_9' title="bbox 367 750 1948 825">
    <p class='ocr_par' dir='ltr' id='par_1_9' title="bbox 367 750 1948 825">
     <span class='ocr_line' id='line_1_9' title="bbox 367 750 1948 825; baseline -0.005 -16"><span class='ocrx_word' id='word_1_47' title='bbox 367 755 467 809; x_wconf 80' lang='grc' dir='ltr'><strong>τοῦ</strong></span> <span class='ocrx_word' id='word_1_48' title='bbox 504 755 654 808; x_wconf 88' lang='grc' dir='ltr'><strong>θείου</strong></span> <span class='ocrx_word' id='word_1_49' title='bbox 685 753 1088 824; x_wconf 78' lang='grc' dir='ltr'><strong>βαπτίσματος,</strong></span> <span class='ocrx_word' id='word_1_50' title='bbox 1111 753 1537 825; x_wconf 81' lang='grc' dir='ltr'><strong>ὲποικοδομῆσαι</strong></span> <span class='ocrx_word' id='word_1_51' title='bbox 1562 751 1657 806; x_wconf 78' lang='grc' dir='ltr'><strong>καὶ</strong></span> <span class='ocrx_word' id='word_1_52' title='bbox 1699 750 1769 804; x_wconf 85' lang='grc' dir='ltr'><strong>τὰ</strong></span> <span class='ocrx_word' id='word_1_53' title='bbox 1811 750 1948 821; x_wconf 74' lang='grc' dir='ltr'><strong>ἔργα</strong></span> 
     </span>
    </p>
   </div>
   <div class='ocr_carea' id='block_1_10' title="bbox 369 840 1948 912">
    <p class='ocr_par' dir='ltr' id='par_1_10' title="bbox 369 840 1948 912">
     <span class='ocr_line' id='line_1_10' title="bbox 369 840 1948 912; baseline -0.002 -17"><span class='ocrx_word' id='word_1_54' title='bbox 369 842 475 911; x_wconf 75' lang='grc' dir='ltr'><strong>τῆς</strong></span> <span class='ocrx_word' id='word_1_55' title='bbox 503 841 769 904; x_wconf 85' lang='grc' dir='ltr'><strong>πίστεως·</strong></span> <span class='ocrx_word' id='word_1_56' title='bbox 806 840 908 894; x_wconf 74' lang='grc' dir='ltr'><strong>οὒκ</strong></span> <span class='ocrx_word' id='word_1_57' title='bbox 936 842 1005 894; x_wconf 67' lang='grc' dir='ltr'><strong>εκ</strong></span> <span class='ocrx_word' id='word_1_58' title='bbox 1039 840 1261 912; x_wconf 81' lang='grc' dir='ltr'><strong>μέρους,</strong></span> <span class='ocrx_word' id='word_1_59' title='bbox 1292 841 1408 895; x_wconf 76' lang='grc' dir='ltr'>ἀλλ’</span> <span class='ocrx_word' id='word_1_60' title='bbox 1431 842 1670 907; x_wconf 76' lang='grc' dir='ltr'><strong>ἅπαντα,</strong></span> <span class='ocrx_word' id='word_1_61' title='bbox 1705 840 1805 894; x_wconf 84' lang='grc' dir='ltr'><strong>ὅσα</strong></span> <span class='ocrx_word' id='word_1_62' title='bbox 1838 842 1948 903; x_wconf 82' lang='grc' dir='ltr'><strong>τοῖς</strong></span> 
     </span>
    </p>
   </div>
   <div class='ocr_carea' id='block_1_11' title="bbox 374 932 1282 1005">
    <p class='ocr_par' dir='ltr' id='par_1_11' title="bbox 374 932 1282 1005">
     <span class='ocr_line' id='line_1_11' title="bbox 374 932 1282 1005; baseline 0.001 -18"><span class='ocrx_word' id='word_1_63' title='bbox 374 934 657 1005; x_wconf 79' lang='grc' dir='ltr'><strong>μαθηταῖς</strong></span> <span class='ocrx_word' id='word_1_64' title='bbox 686 934 715 987; x_wconf 89' lang='grc' dir='ltr'><strong>ό</strong></span> <span class='ocrx_word' id='word_1_65' title='bbox 745 932 939 1005; x_wconf 82' lang='grc' dir='ltr'><strong>Σωτὴρ</strong></span> <span class='ocrx_word' id='word_1_66' title='bbox 960 933 1282 989; x_wconf 78' lang='grc' dir='ltr'><strong>ἐνετείλατο.</strong></span> 
     </span>
    </p>
   </div>
   <div class='ocr_carea' id='block_1_12' title="bbox 450 1106 1948 1181">
    <p class='ocr_par' dir='ltr' id='par_1_12' title="bbox 450 1106 1948 1181">
     <span class='ocr_line' id='line_1_12' title="bbox 450 1106 1948 1181; baseline 0.002 -20"><span class='ocrx_word' id='word_1_67' title='bbox 450 1128 470 1161; x_wconf 76' lang='grc' dir='ltr'><strong>ι</strong></span> <span class='ocrx_word' id='word_1_68' title='bbox 495 1108 611 1162; x_wconf 74' lang='lat' dir='ltr'><strong>Kal.</strong></span> <span class='ocrx_word' id='word_1_69' title='bbox 661 1107 772 1161; x_wconf 78' lang='grc' dir='ltr'><strong>ἰδοὺ</strong></span> <span class='ocrx_word' id='word_1_70' title='bbox 805 1106 918 1175; x_wconf 76' lang='grc' dir='ltr'><strong>ἐγὼ</strong></span> <span class='ocrx_word' id='word_1_71' title='bbox 960 1108 1080 1178; x_wconf 82' lang='grc' dir='ltr'><strong>μεθ’</strong></span> <span class='ocrx_word' id='word_1_72' title='bbox 1113 1107 1268 1179; x_wconf 75' lang='grc' dir='ltr'><strong>ὑμῶν</strong></span> <span class='ocrx_word' id='word_1_73' title='bbox 1300 1107 1418 1179; x_wconf 85' lang='grc' dir='ltr'><strong>είμι</strong></span> <span class='ocrx_word' id='word_1_74' title='bbox 1471 1110 1653 1173; x_wconf 80' lang='grc' dir='ltr'><strong>πάσας</strong></span> <span class='ocrx_word' id='word_1_75' title='bbox 1681 1111 1779 1174; x_wconf 82' lang='grc' dir='ltr'><strong>τὰς</strong></span> <span class='ocrx_word' id='word_1_76' title='bbox 1810 1111 1948 1181; x_wconf 73' lang='grc' dir='ltr'><strong>ἡμέ-</strong></span> 
     </span>
    </p>
   </div>
   <div class='ocr_carea' id='block_1_13' title="bbox 376 1198 1950 1270">
    <p class='ocr_par' dir='ltr' id='par_1_13' title="bbox 376 1198 1950 1270">
     <span class='ocr_line' id='line_1_13' title="bbox 376 1198 1950 1270; baseline 0 -18"><span class='ocrx_word' id='word_1_77' title='bbox 376 1215 502 1270; x_wconf 86' lang='grc' dir='ltr'><strong>ρας,</strong></span> <span class='ocrx_word' id='word_1_78' title='bbox 548 1198 656 1261; x_wconf 75' lang='grc' dir='ltr'><strong>ἓως</strong></span> <span class='ocrx_word' id='word_1_79' title='bbox 701 1199 799 1268; x_wconf 83' lang='grc' dir='ltr'><strong>τῆς</strong></span> <span class='ocrx_word' id='word_1_80' title='bbox 835 1198 1150 1261; x_wconf 79' lang='grc' dir='ltr'><strong>συντελείας</strong></span> <span class='ocrx_word' id='word_1_81' title='bbox 1185 1200 1293 1252; x_wconf 81' lang='grc' dir='ltr'><strong>,τοῦ</strong></span> <span class='ocrx_word' id='word_1_82' title='bbox 1350 1199 1567 1262; x_wconf 75' lang='grc' dir='ltr'><strong>αἰῶνος.</strong></span> <span class='ocrx_word' id='word_1_83' title='bbox 1607 1201 1803 1270; x_wconf 82' lang='grc' dir='ltr'><strong>Ἀμήν.</strong></span> <span class='ocrx_word' id='word_1_84' title='bbox 1829 1218 1848 1251; x_wconf 73' lang='grc' dir='ltr'><strong>ι</strong></span> <span class='ocrx_word' id='word_1_85' title='bbox 1886 1201 1950 1252; x_wconf 80' lang='grc' dir='ltr'><strong><em>Ὦ</em></strong></span> 
     </span>
    </p>
   </div>
   <div class='ocr_carea' id='block_1_14' title="bbox 372 1289 1947 1365">
    <p class='ocr_par' dir='ltr' id='par_1_14' title="bbox 372 1289 1947 1365">
     <span class='ocr_line' id='line_1_14' title="bbox 372 1289 1947 1365; baseline 0.001 -22"><span class='ocrx_word' id='word_1_86' title='bbox 372 1290 638 1360; x_wconf 75' lang='grc' dir='ltr'><strong>γλυκείας</strong></span> <span class='ocrx_word' id='word_1_87' title='bbox 670 1290 1028 1358; x_wconf 71' lang='grc' dir='ltr'><strong>ἐπαγγελίας,</strong></span> <span class='ocrx_word' id='word_1_88' title='bbox 1055 1290 1100 1343; x_wconf 83' lang='grc' dir='ltr'><strong>ὣ</strong></span> <span class='ocrx_word' id='word_1_89' title='bbox 1133 1289 1456 1361; x_wconf 80' lang='grc' dir='ltr'><strong>θαυμαστῆς</strong></span> <span class='ocrx_word' id='word_1_90' title='bbox 1488 1293 1947 1365; x_wconf 79' lang='grc' dir='ltr'><strong>ὑποσχέσεως,ἢν</strong></span> 
     </span>
    </p>
   </div>
   <div class='ocr_carea' id='block_1_15' title="bbox 371 1367 1947 1452">
    <p class='ocr_par' dir='ltr' id='par_1_15' title="bbox 371 1367 1947 1452">
     <span class='ocr_line' id='line_1_15' title="bbox 371 1367 1947 1452; baseline 0.001 -16"><span class='ocrx_word' id='word_1_91' title='bbox 371 1384 401 1436; x_wconf 86' lang='grc' dir='ltr'><strong>ό</strong></span> <span class='ocrx_word' id='word_1_92' title='bbox 427 1382 709 1451; x_wconf 75' lang='grc' dir='ltr'><strong>Δεσπότης</strong></span> <span class='ocrx_word' id='word_1_93' title='bbox 741 1381 902 1451; x_wconf 84' lang='grc' dir='ltr'><strong>ἡμῶν</strong></span> <span class='ocrx_word' id='word_1_94' title='bbox 932 1381 1324 1451; x_wconf 76' lang='grc' dir='ltr'><strong>ἐπηγγείλατο,</strong></span> <span class='ocrx_word' id='word_1_95' title='bbox 1366 1367 1601 1446; x_wconf 77' lang='grc' dir='ltr'><strong>αίωνίως</strong></span> <span class='ocrx_word' id='word_1_96' title='bbox 1627 1386 1738 1447; x_wconf 83' lang='grc' dir='ltr'><strong>τοῖς</strong></span> <span class='ocrx_word' id='word_1_97' title='bbox 1766 1384 1947 1452; x_wconf 86' lang='grc' dir='ltr'><strong>ἁγίοις</strong></span> 
     </span>
    </p>
   </div>
   <div class='ocr_carea' id='block_1_16' title="bbox 371 1472 1950 1545">
    <p class='ocr_par' dir='ltr' id='par_1_16' title="bbox 371 1472 1950 1545">
     <span class='ocr_line' id='line_1_16' title="bbox 371 1472 1950 1545; baseline 0.001 -19"><span class='ocrx_word' id='word_1_98' title='bbox 371 1472 734 1527; x_wconf 72' lang='grc' dir='ltr'><strong>συνέσεσθαιι</strong></span> <span class='ocrx_word' id='word_1_99' title='bbox 765 1473 879 1527; x_wconf 74' lang='grc' dir='ltr'><strong>Καὶ</strong></span> <span class='ocrx_word' id='word_1_100' title='bbox 899 1474 960 1526; x_wconf 84' lang='grc' dir='ltr'><strong>οὐ</strong></span> <span class='ocrx_word' id='word_1_101' title='bbox 991 1474 1163 1544; x_wconf 73' lang='grc' dir='ltr'><strong>δήπου</strong></span> <span class='ocrx_word' id='word_1_102' title='bbox 1193 1473 1373 1543; x_wconf 77' lang='grc' dir='ltr'><strong>φαμὲν</strong></span> <span class='ocrx_word' id='word_1_103' title='bbox 1403 1474 1478 1537; x_wconf 85' lang='grc' dir='ltr'><strong>ὡς</strong></span> <span class='ocrx_word' id='word_1_104' title='bbox 1507 1473 1670 1545; x_wconf 82' lang='grc' dir='ltr'><strong>μέχρι</strong></span> <span class='ocrx_word' id='word_1_105' title='bbox 1691 1475 1791 1545; x_wconf 81' lang='grc' dir='ltr'><strong>τῆς</strong></span> <span class='ocrx_word' id='word_1_106' title='bbox 1823 1491 1950 1528; x_wconf 82' lang='grc' dir='ltr'><strong>συν-</strong></span> 
     </span>
    </p>
   </div>
   <div class='ocr_carea' id='block_1_17' title="bbox 368 1561 1950 1640">
    <p class='ocr_par' dir='ltr' id='par_1_17' title="bbox 368 1561 1950 1640">
     <span class='ocr_line' id='line_1_17' title="bbox 368 1561 1950 1640; baseline 0.001 -20"><span class='ocrx_word' id='word_1_107' title='bbox 368 1567 592 1632; x_wconf 77' lang='grc' dir='ltr'><strong>τελείας</strong></span> <span class='ocrx_word' id='word_1_108' title='bbox 617 1566 712 1620; x_wconf 85' lang='grc' dir='ltr'><strong>τοῦ</strong></span> <span class='ocrx_word' id='word_1_109' title='bbox 765 1567 963 1632; x_wconf 71' lang='grc' dir='ltr'><strong>αἰῶνος</strong></span> <span class='ocrx_word' id='word_1_110' title='bbox 998 1567 1253 1620; x_wconf 79' lang='grc' dir='ltr'><strong>συνέσται</strong></span> <span class='ocrx_word' id='word_1_111' title='bbox 1284 1566 1493 1632; x_wconf 81' lang='grc' dir='ltr'><strong>αὐτοῖς,</strong></span> <span class='ocrx_word' id='word_1_112' title='bbox 1519 1561 1638 1620; x_wconf 71' lang='grc' dir='ltr'><strong>εἶτα</strong></span> <span class='ocrx_word' id='word_1_113' title='bbox 1666 1566 1950 1640; x_wconf 80' lang='grc' dir='ltr'><strong>διακριθή-</strong></span> 
     </span>
    </p>
   </div>
   <div class='ocr_carea' id='block_1_18' title="bbox 371 1656 1950 1733">
    <p class='ocr_par' dir='ltr' id='par_1_18' title="bbox 371 1656 1950 1733">
     <span class='ocr_line' id='line_1_18' title="bbox 371 1656 1950 1733; baseline -0.001 -19"><span class='ocrx_word' id='word_1_114' title='bbox 371 1676 567 1715; x_wconf 77' lang='grc' dir='ltr'><strong>σεταιο</strong></span> <span class='ocrx_word' id='word_1_115' title='bbox 608 1659 683 1733; x_wconf 80' lang='grc' dir='ltr'><strong>μὴ</strong></span> <span class='ocrx_word' id='word_1_116' title='bbox 712 1659 860 1713; x_wconf 74' lang='grc' dir='ltr'><strong>οὕτω</strong></span> <span class='ocrx_word' id='word_1_117' title='bbox 892 1658 1403 1730; x_wconf 55' lang='grc' dir='ltr'><strong>κατολισθήσαιμεν,</strong></span> <span class='ocrx_word' id='word_1_118' title='bbox 1441 1658 1577 1729; x_wconf 80' lang='grc' dir='ltr'><strong>πρὸς</strong></span> <span class='ocrx_word' id='word_1_119' title='bbox 1621 1656 1784 1712; x_wconf 82' lang='grc' dir='ltr'><strong>τοῦτο</strong></span> <span class='ocrx_word' id='word_1_120' title='bbox 1825 1676 1950 1713; x_wconf 86' lang='grc' dir='ltr'><strong>κου-</strong></span> 
     </span>
    </p>
   </div>
   <div class='ocr_carea' id='block_1_19' title="bbox 2057 470 3620 544">
    <p class='ocr_par' dir='ltr' id='par_1_19' title="bbox 2057 470 3620 544">
     <span class='ocr_line' id='line_1_19' title="bbox 2057 470 3620 544; baseline 0.009 -23"><span class='ocrx_word' id='word_1_121' title='bbox 2057 472 2291 541; x_wconf 78' lang='lat' dir='ltr'><strong>Spiritus</strong></span> <span class='ocrx_word' id='word_1_122' title='bbox 2320 471 2515 528; x_wconf 82' lang='lat' dir='ltr'><strong>sancti.</strong></span> <span class='ocrx_word' id='word_1_123' title='bbox 2556 490 2573 523; x_wconf 77' lang='grc' dir='ltr'><strong>ι</strong></span> <span class='ocrx_word' id='word_1_124' title='bbox 2601 470 2752 538; x_wconf 84' lang='lat' dir='ltr'><strong>Quod</strong></span> <span class='ocrx_word' id='word_1_125' title='bbox 2781 486 2911 527; x_wconf 83' lang='lat' dir='ltr'><strong>sane</strong></span> <span class='ocrx_word' id='word_1_126' title='bbox 2941 473 3248 544; x_wconf 80' lang='lat' dir='ltr'><strong>dogmatum</strong></span> <span class='ocrx_word' id='word_1_127' title='bbox 3278 477 3620 536; x_wconf 79' lang='lat' dir='ltr'><strong>conﬁrmatio</strong></span> 
     </span>
    </p>
   </div>
   <div class='ocr_carea' id='block_1_20' title="bbox 2053 563 3619 631">
    <p class='ocr_par' dir='ltr' id='par_1_20' title="bbox 2053 563 3619 631">
     <span class='ocr_line' id='line_1_20' title="bbox 2053 563 3619 631; baseline 0.006 -15"><span class='ocrx_word' id='word_1_128' title='bbox 2053 572 2156 617; x_wconf 85' lang='lat' dir='ltr'><strong>est.</strong></span> <span class='ocrx_word' id='word_1_129' title='bbox 2195 563 2298 617; x_wconf 74' lang='lat' dir='ltr'><strong>Sed</strong></span> <span class='ocrx_word' id='word_1_130' title='bbox 2330 563 2605 631; x_wconf 85' lang='lat' dir='ltr'><strong>quoniam,</strong></span> <span class='ocrx_word' id='word_1_131' title='bbox 2638 570 2696 616; x_wconf 90' lang='lat' dir='ltr'><strong>ut</strong></span> <span class='ocrx_word' id='word_1_132' title='bbox 2725 572 2945 618; x_wconf 83' lang='lat' dir='ltr'><strong>sanctus</strong></span> <span class='ocrx_word' id='word_1_133' title='bbox 2980 564 3187 620; x_wconf 89' lang='lat' dir='ltr'><strong>Domini</strong></span> <span class='ocrx_word' id='word_1_134' title='bbox 3228 566 3395 622; x_wconf 85' lang='lat' dir='ltr'><strong>l&#39;rater</strong></span> <span class='ocrx_word' id='word_1_135' title='bbox 3438 571 3573 626; x_wconf 75' lang='lat' dir='ltr'><strong>dixit</strong></span> <span class='ocrx_word' id='word_1_136' title='bbox 3605 592 3619 626; x_wconf 92' lang='lat'><strong>:</strong></span> 
     </span>
    </p>
   </div>
   <div class='ocr_carea' id='block_1_21' title="bbox 2056 653 3620 731">
    <p class='ocr_par' dir='ltr' id='par_1_21' title="bbox 2056 653 3620 731">
     <span class='ocr_line' id='line_1_21' title="bbox 2056 653 3620 731; baseline 0.008 -27"><span class='ocrx_word' id='word_1_137' title='bbox 2056 673 2075 704; x_wconf 70' lang='grc' dir='ltr'><strong>ι</strong></span> <span class='ocrx_word' id='word_1_138' title='bbox 2117 653 2276 708; x_wconf 86' lang='lat' dir='ltr'><strong>Fides</strong></span> <span class='ocrx_word' id='word_1_139' title='bbox 2307 655 2424 708; x_wconf 85' lang='lat' dir='ltr'><strong>sine</strong></span> <span class='ocrx_word' id='word_1_140' title='bbox 2472 653 2722 723; x_wconf 76' lang='lat' dir='ltr'><strong>operibus</strong></span> <span class='ocrx_word' id='word_1_141' title='bbox 2773 663 2981 708; x_wconf 87' lang='lat' dir='ltr'><strong>mortua</strong></span> <span class='ocrx_word' id='word_1_142' title='bbox 3031 667 3114 711; x_wconf 90' lang='lat' dir='ltr'><strong>est</strong></span> <span class='ocrx_word' id='word_1_143' title='bbox 3143 657 3209 723; x_wconf 84' lang='grc'><strong>³³,</strong></span> <span class='ocrx_word' id='word_1_144' title='bbox 3257 677 3276 710; x_wconf 76' lang='grc' dir='ltr'><strong>ι</strong></span> <span class='ocrx_word' id='word_1_145' title='bbox 3317 661 3427 715; x_wconf 73' lang='grc' dir='ltr'><strong>νιιΙι</strong></span> <span class='ocrx_word' id='word_1_146' title='bbox 3473 678 3620 731; x_wconf 88' lang='lat' dir='ltr'><strong>euut,</strong></span> 
     </span>
    </p>
   </div>
   <div class='ocr_carea' id='block_1_22' title="bbox 2051 744 3617 825">
    <p class='ocr_par' dir='ltr' id='par_1_22' title="bbox 2051 744 3617 825">
     <span class='ocr_line' id='line_1_22' title="bbox 2051 744 3617 825; baseline -0.001 -27"><span class='ocrx_word' id='word_1_147' title='bbox 2051 744 2144 815; x_wconf 89' lang='lat' dir='ltr'><strong>qui</strong></span> <span class='ocrx_word' id='word_1_148' title='bbox 2177 745 2296 799; x_wconf 83' lang='lat' dir='ltr'><strong>ﬁdei</strong></span> <span class='ocrx_word' id='word_1_149' title='bbox 2329 745 2598 815; x_wconf 78' lang='lat' dir='ltr'><strong>dogmatis</strong></span> <span class='ocrx_word' id='word_1_150' title='bbox 2647 745 2925 802; x_wconf 86' lang='lat' dir='ltr'><strong>institutus</strong></span> <span class='ocrx_word' id='word_1_151' title='bbox 2962 747 3073 815; x_wconf 87' lang='lat' dir='ltr'><strong>jam</strong></span> <span class='ocrx_word' id='word_1_152' title='bbox 3105 763 3205 817; x_wconf 83' lang='lat' dir='ltr'><strong>est,</strong></span> <span class='ocrx_word' id='word_1_153' title='bbox 3240 762 3296 807; x_wconf 71' lang='lat' dir='ltr'><strong>et</strong></span> <span class='ocrx_word' id='word_1_154' title='bbox 3344 770 3439 820; x_wconf 71' lang='lat' dir='ltr'><strong>per</strong></span> <span class='ocrx_word' id='word_1_155' title='bbox 3467 770 3617 825; x_wconf 69' lang='lat' dir='ltr'><strong>rege-</strong></span> 
     </span>
    </p>
   </div>
   <div class='ocr_carea' id='block_1_23' title="bbox 2052 835 3620 912">
    <p class='ocr_par' dir='ltr' id='par_1_23' title="bbox 2052 835 3620 912">
     <span class='ocr_line' id='line_1_23' title="bbox 2052 835 3620 912; baseline 0.008 -24"><span class='ocrx_word' id='word_1_156' title='bbox 2052 835 2386 890; x_wconf 80' lang='lat' dir='ltr'><strong>nerationem</strong></span> <span class='ocrx_word' id='word_1_157' title='bbox 2434 835 2605 891; x_wconf 87' lang='lat' dir='ltr'><strong>sancti</strong></span> <span class='ocrx_word' id='word_1_158' title='bbox 2663 836 3004 907; x_wconf 80' lang='lat' dir='ltr'><strong>baptismatis</strong></span> <span class='ocrx_word' id='word_1_159' title='bbox 3050 844 3446 912; x_wconf 78' lang='lat' dir='ltr'><strong>sanctiﬁcants,</strong></span> <span class='ocrx_word' id='word_1_160' title='bbox 3499 847 3620 902; x_wconf 89' lang='lat' dir='ltr'><strong>lidei</strong></span> 
     </span>
    </p>
   </div>
   <div class='ocr_carea' id='block_1_24' title="bbox 2052 926 3622 1001">
    <p class='ocr_par' dir='ltr' id='par_1_24' title="bbox 2052 926 3622 1001">
     <span class='ocr_line' id='line_1_24' title="bbox 2052 926 3622 1001; baseline 0.008 -22"><span class='ocrx_word' id='word_1_161' title='bbox 2052 940 2213 993; x_wconf 81' lang='lat' dir='ltr'><strong>Opera</strong></span> <span class='ocrx_word' id='word_1_162' title='bbox 2238 926 2460 996; x_wconf 85' lang='lat' dir='ltr'><strong>insuper</strong></span> <span class='ocrx_word' id='word_1_163' title='bbox 2477 926 2776 995; x_wconf 64' lang='lat' dir='ltr'><strong>aediﬁcare;</strong></span> <span class='ocrx_word' id='word_1_164' title='bbox 2804 942 2901 984; x_wconf 88' lang='lat' dir='ltr'><strong>nec</strong></span> <span class='ocrx_word' id='word_1_165' title='bbox 2932 945 2993 984; x_wconf 88' lang='lat' dir='ltr'><strong>ea</strong></span> <span class='ocrx_word' id='word_1_166' title='bbox 3022 945 3086 985; x_wconf 80' lang='lat' dir='ltr'><strong>ex</strong></span> <span class='ocrx_word' id='word_1_167' title='bbox 3119 942 3293 1001; x_wconf 78' lang='lat' dir='ltr'><strong>parte,</strong></span> <span class='ocrx_word' id='word_1_168' title='bbox 3321 939 3412 991; x_wconf 78' lang='lat' dir='ltr'><strong>sed</strong></span> <span class='ocrx_word' id='word_1_169' title='bbox 3441 938 3622 992; x_wconf 88' lang='lat' dir='ltr'><strong>omnia</strong></span> 
     </span>
    </p>
   </div>
   <div class='ocr_carea' id='block_1_25' title="bbox 2048 1018 3285 1092">
    <p class='ocr_par' dir='ltr' id='par_1_25' title="bbox 2048 1018 3285 1092">
     <span class='ocr_line' id='line_1_25' title="bbox 2048 1018 3285 1092; baseline 0.006 -22"><span class='ocrx_word' id='word_1_170' title='bbox 2048 1031 2384 1086; x_wconf 60' lang='lat' dir='ltr'><strong>quaecunque</strong></span> <span class='ocrx_word' id='word_1_171' title='bbox 2408 1018 2688 1088; x_wconf 83' lang='lat' dir='ltr'><strong>discipulis</strong></span> <span class='ocrx_word' id='word_1_172' title='bbox 2725 1019 2978 1075; x_wconf 91' lang='lat' dir='ltr'><strong>Dominus</strong></span> <span class='ocrx_word' id='word_1_173' title='bbox 3011 1023 3285 1092; x_wconf 73' lang='lat' dir='ltr'><strong>prmcepit.</strong></span> 
     </span>
    </p>
   </div>
   <div class='ocr_carea' id='block_1_26' title="bbox 2127 1094 3620 1197">
    <p class='ocr_par' dir='ltr' id='par_1_26' title="bbox 2127 1094 3620 1197">
     <span class='ocr_line' id='line_1_26' title="bbox 2127 1094 3620 1197; baseline 0.008 -37"><span class='ocrx_word' id='word_1_174' title='bbox 2127 1126 2147 1159; x_wconf 74' lang='grc' dir='ltr'><strong>ι</strong></span> <span class='ocrx_word' id='word_1_175' title='bbox 2184 1109 2250 1163; x_wconf 89' lang='grc' dir='ltr'><strong>Ει</strong></span> <span class='ocrx_word' id='word_1_176' title='bbox 2292 1124 2419 1164; x_wconf 85' lang='lat' dir='ltr'><strong>ecce</strong></span> <span class='ocrx_word' id='word_1_177' title='bbox 2471 1123 2571 1180; x_wconf 80' lang='lat' dir='ltr'><strong>ego</strong></span> <span class='ocrx_word' id='word_1_178' title='bbox 2621 1094 2899 1167; x_wconf 74' lang='lat' dir='ltr'><strong>vobiscum</strong></span> <span class='ocrx_word' id='word_1_179' title='bbox 2949 1127 3071 1166; x_wconf 86' lang='lat' dir='ltr'><strong>sum</strong></span> <span class='ocrx_word' id='word_1_180' title='bbox 3119 1116 3369 1169; x_wconf 86' lang='lat' dir='ltr'><strong>omnibus</strong></span> <span class='ocrx_word' id='word_1_181' title='bbox 3410 1116 3620 1197; x_wconf 62' lang='lat' dir='ltr'><strong>diebus,</strong></span> 
     </span>
    </p>
   </div>
   <div class='ocr_carea' id='block_1_27' title="bbox 2052 1199 3623 1277">
    <p class='ocr_par' dir='ltr' id='par_1_27' title="bbox 2052 1199 3623 1277">
     <span class='ocr_line' id='line_1_27' title="bbox 2052 1199 3623 1277; baseline 0.006 -25"><span class='ocrx_word' id='word_1_182' title='bbox 2052 1214 2224 1268; x_wconf 86' lang='lat' dir='ltr'><strong>usque</strong></span> <span class='ocrx_word' id='word_1_183' title='bbox 2272 1199 2340 1254; x_wconf 90' lang='lat' dir='ltr'><strong>ad</strong></span> <span class='ocrx_word' id='word_1_184' title='bbox 2384 1202 2903 1255; x_wconf 76' lang='lat' dir='ltr'><strong>consummationem</strong></span> <span class='ocrx_word' id='word_1_185' title='bbox 2949 1203 3150 1258; x_wconf 73' lang='lat' dir='ltr'><strong>saeculi.</strong></span> <span class='ocrx_word' id='word_1_186' title='bbox 3182 1206 3371 1259; x_wconf 85' lang='lat' dir='ltr'><strong>Amen.</strong></span> <span class='ocrx_word' id='word_1_187' title='bbox 3412 1225 3431 1258; x_wconf 79' lang='grc' dir='ltr'><strong>ι</strong></span> <span class='ocrx_word' id='word_1_188' title='bbox 3466 1207 3623 1277; x_wconf 83' lang='lat' dir='ltr'><strong>Oju-</strong></span> 
     </span>
    </p>
   </div>
   <div class='ocr_carea' id='block_1_28' title="bbox 2057 1291 3617 1365">
    <p class='ocr_par' dir='ltr' id='par_1_28' title="bbox 2057 1291 3617 1365">
     <span class='ocr_line' id='line_1_28' title="bbox 2057 1291 3617 1365; baseline 0.008 -23"><span class='ocrx_word' id='word_1_189' title='bbox 2057 1291 2288 1343; x_wconf 89' lang='lat' dir='ltr'><strong>cundum</strong></span> <span class='ocrx_word' id='word_1_190' title='bbox 2340 1291 2621 1346; x_wconf 88' lang='lat' dir='ltr'><strong>nuntiuml</strong></span> <span class='ocrx_word' id='word_1_191' title='bbox 2675 1307 2707 1345; x_wconf 94' lang='grc' dir='ltr'><strong>ο</strong></span> <span class='ocrx_word' id='word_1_192' title='bbox 2757 1293 3126 1348; x_wconf 82' lang='lat' dir='ltr'><strong>admirabilem</strong></span> <span class='ocrx_word' id='word_1_193' title='bbox 3181 1295 3617 1365; x_wconf 85' lang='lat' dir='ltr'><strong>promissionem!</strong></span> 
     </span>
    </p>
   </div>
   <div class='ocr_carea' id='block_1_29' title="bbox 2055 1379 3621 1460">
    <p class='ocr_par' dir='ltr' id='par_1_29' title="bbox 2055 1379 3621 1460">
     <span class='ocr_line' id='line_1_29' title="bbox 2055 1379 3621 1460; baseline 0.012 -32"><span class='ocrx_word' id='word_1_194' title='bbox 2055 1397 2156 1450; x_wconf 86' lang='lat' dir='ltr'><strong>qua</strong></span> <span class='ocrx_word' id='word_1_195' title='bbox 2192 1379 2447 1435; x_wconf 88' lang='lat' dir='ltr'><strong>Dominus</strong></span> <span class='ocrx_word' id='word_1_196' title='bbox 2479 1393 2661 1437; x_wconf 80' lang='lat' dir='ltr'><strong>noSIer</strong></span> <span class='ocrx_word' id='word_1_197' title='bbox 2690 1398 2810 1437; x_wconf 86' lang='lat' dir='ltr'><strong>cum</strong></span> <span class='ocrx_word' id='word_1_198' title='bbox 2847 1386 3050 1440; x_wconf 85' lang='lat' dir='ltr'><strong>sanctis</strong></span> <span class='ocrx_word' id='word_1_199' title='bbox 3079 1401 3137 1439; x_wconf 87' lang='lat' dir='ltr'><strong>se</strong></span> <span class='ocrx_word' id='word_1_200' title='bbox 3170 1386 3406 1442; x_wconf 83' lang='lat' dir='ltr'><strong>futurum</strong></span> <span class='ocrx_word' id='word_1_201' title='bbox 3438 1404 3621 1460; x_wconf 83' lang='lat' dir='ltr'><strong>perpe-</strong></span> 
     </span>
    </p>
   </div>
   <div class='ocr_carea' id='block_1_30' title="bbox 2055 1473 3623 1550">
    <p class='ocr_par' dir='ltr' id='par_1_30' title="bbox 2055 1473 3623 1550">
     <span class='ocr_line' id='line_1_30' title="bbox 2055 1473 3623 1550; baseline 0.006 -25"><span class='ocrx_word' id='word_1_202' title='bbox 2055 1481 2144 1525; x_wconf 89' lang='lat' dir='ltr'><strong>tuo</strong></span> <span class='ocrx_word' id='word_1_203' title='bbox 2194 1473 2460 1541; x_wconf 89' lang='lat' dir='ltr'><strong>promisit.</strong></span> <span class='ocrx_word' id='word_1_204' title='bbox 2500 1474 2614 1529; x_wconf 86' lang='lat' dir='ltr'><strong>Nec</strong></span> <span class='ocrx_word' id='word_1_205' title='bbox 2648 1490 2781 1530; x_wconf 80' lang='lat' dir='ltr'><strong>sane</strong></span> <span class='ocrx_word' id='word_1_206' title='bbox 2827 1476 3055 1531; x_wconf 87' lang='lat' dir='ltr'><strong>dicimus</strong></span> <span class='ocrx_word' id='word_1_207' title='bbox 3085 1478 3154 1531; x_wconf 89' lang='lat' dir='ltr'><strong>ita</strong></span> <span class='ocrx_word' id='word_1_208' title='bbox 3190 1494 3310 1534; x_wconf 89' lang='lat' dir='ltr'><strong>eum</strong></span> <span class='ocrx_word' id='word_1_209' title='bbox 3345 1496 3516 1550; x_wconf 92' lang='lat' dir='ltr'><strong>usque</strong></span> <span class='ocrx_word' id='word_1_210' title='bbox 3557 1483 3623 1534; x_wconf 89' lang='lat' dir='ltr'><strong>ad</strong></span> 
     </span>
    </p>
   </div>
   <div class='ocr_carea' id='block_1_31' title="bbox 2049 1565 3625 1643">
    <p class='ocr_par' dir='ltr' id='par_1_31' title="bbox 2049 1565 3625 1643">
     <span class='ocr_line' id='line_1_31' title="bbox 2049 1565 3625 1643; baseline 0.006 -27"><span class='ocrx_word' id='word_1_211' title='bbox 2049 1565 2567 1619; x_wconf 83' lang='lat' dir='ltr'><strong>consummationem</strong></span> <span class='ocrx_word' id='word_1_212' title='bbox 2591 1565 2771 1621; x_wconf 67' lang='lat' dir='ltr'><strong>saeculi</strong></span> <span class='ocrx_word' id='word_1_213' title='bbox 2804 1582 2924 1621; x_wconf 89' lang='lat' dir='ltr'><strong>eum</strong></span> <span class='ocrx_word' id='word_1_214' title='bbox 2947 1567 3081 1636; x_wconf 87' lang='lat' dir='ltr'><strong>ipsis</strong></span> <span class='ocrx_word' id='word_1_215' title='bbox 3109 1568 3374 1635; x_wconf 85' lang='lat' dir='ltr'><strong>futurum,</strong></span> <span class='ocrx_word' id='word_1_216' title='bbox 3394 1582 3454 1626; x_wconf 89' lang='lat' dir='ltr'><strong>ut</strong></span> <span class='ocrx_word' id='word_1_217' title='bbox 3476 1581 3625 1643; x_wconf 88' lang='lat' dir='ltr'><strong>post-</strong></span> 
     </span>
    </p>
   </div>
   <div class='ocr_carea' id='block_1_32' title="bbox 2051 1653 3625 1733">
    <p class='ocr_par' dir='ltr' id='par_1_32' title="bbox 2051 1653 3625 1733">
     <span class='ocr_line' id='line_1_32' title="bbox 2051 1653 3625 1733; baseline 0.008 -28"><span class='ocrx_word' id='word_1_218' title='bbox 2051 1666 2113 1706; x_wconf 85' lang='lat' dir='ltr'><strong>ea</strong></span> <span class='ocrx_word' id='word_1_219' title='bbox 2163 1653 2528 1724; x_wconf 80' lang='lat' dir='ltr'><strong>disjungatur;</strong></span> <span class='ocrx_word' id='word_1_220' title='bbox 2573 1670 2677 1710; x_wconf 90' lang='lat' dir='ltr'><strong>non</strong></span> <span class='ocrx_word' id='word_1_221' title='bbox 2724 1657 2775 1711; x_wconf 92' lang='lat' dir='ltr'><strong>in</strong></span> <span class='ocrx_word' id='word_1_222' title='bbox 2818 1672 2937 1712; x_wconf 88' lang='lat' dir='ltr'><strong>eam</strong></span> <span class='ocrx_word' id='word_1_223' title='bbox 2967 1659 3165 1716; x_wconf 86' lang='lat' dir='ltr'><strong>mentis</strong></span> <span class='ocrx_word' id='word_1_224' title='bbox 3196 1661 3468 1716; x_wconf 81' lang='lat' dir='ltr'><strong>levitatem</strong></span> <span class='ocrx_word' id='word_1_225' title='bbox 3502 1678 3625 1733; x_wconf 83' lang='lat' dir='ltr'><strong>pro-</strong></span> 
     </span>
    </p>
   </div>
   <div class='ocr_carea' id='block_1_33' title="bbox 370 1717 1949 1824">
    <p class='ocr_par' dir='ltr' id='par_1_33' title="bbox 370 1717 1945 1824">
     <span class='ocr_line' id='line_1_33' title="bbox 370 1717 1945 1824; baseline -0.003 -18"><span class='ocrx_word' id='word_1_226' title='bbox 370 1717 905 1824; x_wconf 54' lang='grc' dir='ltr'><strong>φότητοξλογισμῷ,</strong></span> <span class='ocrx_word' id='word_1_227' title='bbox 939 1750 1016 1815; x_wconf 83' lang='grc' dir='ltr'><strong>ὼς</strong></span> <span class='ocrx_word' id='word_1_228' title='bbox 1045 1717 1413 1822; x_wconf 60' lang='grc' dir='ltr'><strong>τῇδένοῆσαι,</strong></span> <span class='ocrx_word' id='word_1_229' title='bbox 1445 1717 1945 1819; x_wconf 40' lang='grc' dir='ltr'><strong>ἢιφθέγξασθαιυύ</strong></span> 
     </span>
    </p>
   </div>
   <div class='ocr_carea' id='block_1_34' title="bbox 2055 1717 3622 1824">
    <p class='ocr_par' dir='ltr' id='par_1_34' title="bbox 2055 1744 3622 1816">
     <span class='ocr_line' id='line_1_34' title="bbox 2055 1744 3622 1816; baseline 0.006 -19"><span class='ocrx_word' id='word_1_230' title='bbox 2055 1744 2188 1812; x_wconf 81' lang='lat' dir='ltr'><strong>lapsi</strong></span> <span class='ocrx_word' id='word_1_231' title='bbox 2230 1761 2436 1813; x_wconf 89' lang='lat' dir='ltr'><strong>smnus,</strong></span> <span class='ocrx_word' id='word_1_232' title='bbox 2473 1756 2529 1800; x_wconf 91' lang='lat' dir='ltr'><strong>ut</strong></span> <span class='ocrx_word' id='word_1_233' title='bbox 2578 1748 2679 1803; x_wconf 88' lang='lat' dir='ltr'><strong>hoc</strong></span> <span class='ocrx_word' id='word_1_234' title='bbox 2729 1750 2811 1803; x_wconf 76' lang='lat' dir='ltr'><strong>vel</strong></span> <span class='ocrx_word' id='word_1_235' title='bbox 2861 1751 3177 1816; x_wconf 86' lang='lat' dir='ltr'><strong>sentiamus,</strong></span> <span class='ocrx_word' id='word_1_236' title='bbox 3224 1752 3308 1806; x_wconf 80' lang='lat' dir='ltr'><strong>vel</strong></span> <span class='ocrx_word' id='word_1_237' title='bbox 3356 1753 3622 1809; x_wconf 71' lang='lat' dir='ltr'><strong>dieamus.</strong></span> 
     </span>
    </p>
   </div>
   <div class='ocr_carea' id='block_1_35' title="bbox 368 1842 1947 1916">
    <p class='ocr_par' dir='ltr' id='par_1_35' title="bbox 368 1842 1947 1916">
     <span class='ocr_line' id='line_1_35' title="bbox 368 1842 1947 1916; baseline -0.001 -18"><span class='ocrx_word' id='word_1_238' title='bbox 368 1845 482 1916; x_wconf 72' lang='grc' dir='ltr'><strong>γὰρ</strong></span> <span class='ocrx_word' id='word_1_239' title='bbox 515 1845 767 1915; x_wconf 76' lang='grc' dir='ltr'><strong>χρονικὸν</strong></span> <span class='ocrx_word' id='word_1_240' title='bbox 792 1842 873 1911; x_wconf 74' lang='grc' dir='ltr'><strong>τὸ,</strong></span> <span class='ocrx_word' id='word_1_241' title='bbox 901 1842 1035 1908; x_wconf 75' lang='grc' dir='ltr'><strong>ἕως,</strong></span> <span class='ocrx_word' id='word_1_242' title='bbox 1064 1843 1466 1915; x_wconf 72' lang='grc' dir='ltr'><strong>παρείληπται,</strong></span> <span class='ocrx_word' id='word_1_243' title='bbox 1516 1842 1632 1896; x_wconf 75' lang='grc' dir='ltr'><strong>ἀλλ’</strong></span> <span class='ocrx_word' id='word_1_244' title='bbox 1658 1843 1914 1915; x_wconf 82' lang='grc' dir='ltr'><strong>ἀόριστον</strong></span> <span class='ocrx_word' id='word_1_245' title='bbox 1933 1859 1947 1875; x_wconf 87' lang='grc'><strong>·</strong></span> 
     </span>
    </p>
   </div>
   <div class='ocr_carea' id='block_1_36' title="bbox 372 1934 1948 2008">
    <p class='ocr_par' dir='ltr' id='par_1_36' title="bbox 372 1934 1948 2008">
     <span class='ocr_line' id='line_1_36' title="bbox 372 1934 1948 2008; baseline -0.001 -19"><span class='ocrx_word' id='word_1_246' title='bbox 372 1938 671 2006; x_wconf 80' lang='grc' dir='ltr'><strong>τέθριπται</strong></span> <span class='ocrx_word' id='word_1_247' title='bbox 696 1935 756 1990; x_wconf 72' lang='grc' dir='ltr'><strong>δὲ</strong></span> <span class='ocrx_word' id='word_1_248' title='bbox 792 1937 851 1988; x_wconf 79' lang='grc' dir='ltr'><strong>ἐν</strong></span> <span class='ocrx_word' id='word_1_249' title='bbox 881 1938 947 2007; x_wconf 76' lang='grc' dir='ltr'><strong>τῇ</strong></span> <span class='ocrx_word' id='word_1_250' title='bbox 977 1936 1101 2007; x_wconf 81' lang='grc' dir='ltr'><strong>θείᾳ</strong></span> <span class='ocrx_word' id='word_1_251' title='bbox 1129 1936 1320 2008; x_wconf 80' lang='grc' dir='ltr'><strong>Γραφῇ</strong></span> <span class='ocrx_word' id='word_1_252' title='bbox 1352 1937 1385 2007; x_wconf 73' lang='grc' dir='ltr'><strong>ἡ</strong></span> <span class='ocrx_word' id='word_1_253' title='bbox 1417 1934 1642 2007; x_wconf 78' lang='grc' dir='ltr'><strong>τοιαύτη</strong></span> <span class='ocrx_word' id='word_1_254' title='bbox 1673 1935 1768 1989; x_wconf 79' lang='grc' dir='ltr'><strong>τοῦ</strong></span> <span class='ocrx_word' id='word_1_255' title='bbox 1791 1935 1948 2004; x_wconf 83' lang='grc' dir='ltr'><strong>λόγου</strong></span> 
     </span>
    </p>
   </div>
   <div class='ocr_carea' id='block_1_37' title="bbox 373 2025 1952 2099">
    <p class='ocr_par' dir='ltr' id='par_1_37' title="bbox 373 2025 1952 2099">
     <span class='ocr_line' id='line_1_37' title="bbox 373 2025 1952 2099; baseline -0.003 -17"><span class='ocrx_word' id='word_1_256' title='bbox 373 2028 664 2099; x_wconf 78' lang='grc' dir='ltr'><strong>συνήθεια.</strong></span> <span class='ocrx_word' id='word_1_257' title='bbox 723 2026 859 2099; x_wconf 83' lang='grc' dir='ltr'><strong>Περὶ</strong></span> <span class='ocrx_word' id='word_1_258' title='bbox 896 2027 998 2095; x_wconf 71' lang='grc' dir='ltr'><strong>μὲν</strong></span> <span class='ocrx_word' id='word_1_259' title='bbox 1049 2025 1146 2080; x_wconf 82' lang='grc' dir='ltr'><strong>τοῦ</strong></span> <span class='ocrx_word' id='word_1_260' title='bbox 1210 2026 1501 2090; x_wconf 83' lang='grc' dir='ltr'><strong>σταλέντος</strong></span> <span class='ocrx_word' id='word_1_261' title='bbox 1543 2026 1779 2098; x_wconf 77' lang='grc' dir='ltr'><strong>κόρακος</strong></span> <span class='ocrx_word' id='word_1_262' title='bbox 1845 2026 1952 2080; x_wconf 76' lang='grc' dir='ltr'><strong>ὑπὸ</strong></span> 
     </span>
    </p>
   </div>
   <div class='ocr_carea' id='block_1_38' title="bbox 373 2115 1951 2187">
    <p class='ocr_par' dir='ltr' id='par_1_38' title="bbox 373 2115 1951 2187">
     <span class='ocr_line' id='line_1_38' title="bbox 373 2115 1951 2187; baseline -0.003 -14"><span class='ocrx_word' id='word_1_263' title='bbox 373 2118 498 2173; x_wconf 80' lang='grc' dir='ltr'><strong>Νῶε</strong></span> <span class='ocrx_word' id='word_1_264' title='bbox 537 2118 666 2171; x_wconf 73' lang='grc' dir='ltr'><strong>[δεῖν</strong></span> <span class='ocrx_word' id='word_1_265' title='bbox 695 2116 745 2169; x_wconf 85' lang='grc' dir='ltr'><strong>εί</strong></span> <span class='ocrx_word' id='word_1_266' title='bbox 780 2116 1059 2171; x_wconf 84' lang='grc' dir='ltr'><strong>κεκόπακε</strong></span> <span class='ocrx_word' id='word_1_267' title='bbox 1100 2116 1161 2170; x_wconf 84' lang='grc' dir='ltr'><strong>τὺ</strong></span> <span class='ocrx_word' id='word_1_268' title='bbox 1195 2115 1342 2185; x_wconf 73' lang='grc' dir='ltr'><strong>ὓδωρ</strong></span> <span class='ocrx_word' id='word_1_269' title='bbox 1386 2115 1493 2168; x_wconf 80' lang='grc' dir='ltr'><strong>ἀπὸ</strong></span> <span class='ocrx_word' id='word_1_270' title='bbox 1524 2115 1624 2186; x_wconf 83' lang='grc' dir='ltr'><strong>τῆς</strong></span> <span class='ocrx_word' id='word_1_271' title='bbox 1644 2116 1749 2187; x_wconf 85' lang='grc' dir='ltr'><strong>γῆς</strong></span> <span class='ocrx_word' id='word_1_272' title='bbox 1772 2131 1788 2149; x_wconf 77' lang='grc' dir='ltr'><strong>ο</strong></span> <span class='ocrx_word' id='word_1_273' title='bbox 1821 2119 1951 2187; x_wconf 76' lang='grc' dir='ltr'><strong>περὶ</strong></span> 
     </span>
    </p>
   </div>
   <div class='ocr_carea' id='block_1_39' title="bbox 370 2204 1949 2277">
    <p class='ocr_par' dir='ltr' id='par_1_39' title="bbox 370 2204 1949 2277">
     <span class='ocr_line' id='line_1_39' title="bbox 370 2204 1949 2277; baseline -0.001 -15"><span class='ocrx_word' id='word_1_274' title='bbox 370 2208 431 2262; x_wconf 70' lang='grc' dir='ltr'><strong>δὲ</strong></span> <span class='ocrx_word' id='word_1_275' title='bbox 461 2206 559 2261; x_wconf 81' lang='grc' dir='ltr'><strong>τοῦ</strong></span> <span class='ocrx_word' id='word_1_276' title='bbox 595 2207 754 2275; x_wconf 83' lang='grc' dir='ltr'><strong>ἁγίου</strong></span> <span class='ocrx_word' id='word_1_277' title='bbox 809 2208 1116 2277; x_wconf 80' lang='grc' dir='ltr'><strong>μνήστορος</strong></span> <span class='ocrx_word' id='word_1_278' title='bbox 1178 2205 1399 2276; x_wconf 75' lang='grc' dir='ltr'><strong>Ἰωσὴφ,</strong></span> <span class='ocrx_word' id='word_1_279' title='bbox 1461 2205 1545 2258; x_wconf 82' lang='grc' dir='ltr'><strong>ὅτι</strong></span> <span class='ocrx_word' id='word_1_280' title='bbox 1593 2206 1694 2259; x_wconf 84' lang='grc' dir='ltr'><strong>ούκ</strong></span> <span class='ocrx_word' id='word_1_281' title='bbox 1743 2204 1949 2273; x_wconf 83' lang='grc' dir='ltr'><strong>ἔγνωκε</strong></span> 
     </span>
    </p>
   </div>
   <div class='ocr_carea' id='block_1_40' title="bbox 371 2290 1947 2369">
    <p class='ocr_par' dir='ltr' id='par_1_40' title="bbox 371 2290 1947 2369">
     <span class='ocr_line' id='line_1_40' title="bbox 371 2290 1947 2369; baseline -0.003 -16"><span class='ocrx_word' id='word_1_282' title='bbox 371 2300 474 2369; x_wconf 81' lang='grc' dir='ltr'><strong>τὴν</strong></span> <span class='ocrx_word' id='word_1_283' title='bbox 529 2297 827 2369; x_wconf 78' lang='grc' dir='ltr'><strong>Παρθένον,</strong></span> <span class='ocrx_word' id='word_1_284' title='bbox 875 2296 980 2361; x_wconf 71' lang='grc' dir='ltr'><strong>ἕως</strong></span> <span class='ocrx_word' id='word_1_285' title='bbox 1017 2290 1079 2350; x_wconf 68' lang='grc' dir='ltr'><strong>οὗ</strong></span> <span class='ocrx_word' id='word_1_286' title='bbox 1130 2295 1285 2349; x_wconf 80' lang='grc' dir='ltr'><strong>ἔτεκε</strong></span> <span class='ocrx_word' id='word_1_287' title='bbox 1333 2297 1425 2350; x_wconf 83' lang='grc' dir='ltr'><strong>τὸν</strong></span> <span class='ocrx_word' id='word_1_288' title='bbox 1480 2297 1597 2350; x_wconf 86' lang='grc' dir='ltr'><strong>υίδν</strong></span> <span class='ocrx_word' id='word_1_289' title='bbox 1650 2297 1823 2368; x_wconf 78' lang='grc' dir='ltr'><strong>αὐτῆς</strong></span> <span class='ocrx_word' id='word_1_290' title='bbox 1855 2296 1947 2349; x_wconf 82' lang='grc' dir='ltr'><strong>τὸν</strong></span> 
     </span>
    </p>
   </div>
   <div class='ocr_carea' id='block_1_41' title="bbox 372 2386 1946 2460">
    <p class='ocr_par' dir='ltr' id='par_1_41' title="bbox 372 2386 1946 2460">
     <span class='ocr_line' id='line_1_41' title="bbox 372 2386 1946 2460; baseline -0.001 -17"><span class='ocrx_word' id='word_1_291' title='bbox 372 2389 759 2460; x_wconf 75' lang='grc' dir='ltr'><strong>πρωτότοκον·</strong></span> <span class='ocrx_word' id='word_1_292' title='bbox 807 2388 903 2440; x_wconf 77' lang='grc' dir='ltr'><strong>καὶ</strong></span> <span class='ocrx_word' id='word_1_293' title='bbox 950 2389 979 2440; x_wconf 87' lang='grc' dir='ltr'><strong>ό</strong></span> <span class='ocrx_word' id='word_1_294' title='bbox 1031 2386 1371 2457; x_wconf 71' lang='grc' dir='ltr'><strong>προφητικδς</strong></span> <span class='ocrx_word' id='word_1_295' title='bbox 1417 2386 1474 2440; x_wconf 81' lang='grc' dir='ltr'><strong>δὲ</strong></span> <span class='ocrx_word' id='word_1_296' title='bbox 1515 2386 1745 2457; x_wconf 76' lang='grc' dir='ltr'><strong>Ψαλμὸς</strong></span> <span class='ocrx_word' id='word_1_297' title='bbox 1803 2386 1946 2441; x_wconf 81' lang='grc' dir='ltr'><strong>οὕτω</strong></span> 
     </span>
    </p>
   </div>
   <div class='ocr_carea' id='block_1_42' title="bbox 373 2477 1951 2554">
    <p class='ocr_par' dir='ltr' id='par_1_42' title="bbox 373 2477 1951 2554">
     <span class='ocr_line' id='line_1_42' title="bbox 373 2477 1951 2554; baseline -0.001 -19"><span class='ocrx_word' id='word_1_298' title='bbox 373 2483 575 2554; x_wconf 78' lang='grc' dir='ltr'><strong>φησίν·</strong></span> <span class='ocrx_word' id='word_1_299' title='bbox 613 2500 633 2533; x_wconf 74' lang='grc' dir='ltr'><strong>ι</strong></span> <span class='ocrx_word' id='word_1_300' title='bbox 664 2477 831 2534; x_wconf 83' lang='grc' dir='ltr'><strong>Εἶπεν</strong></span> <span class='ocrx_word' id='word_1_301' title='bbox 854 2480 883 2533; x_wconf 83' lang='grc' dir='ltr'><strong>ό</strong></span> <span class='ocrx_word' id='word_1_302' title='bbox 914 2478 1119 2550; x_wconf 79' lang='grc' dir='ltr'><strong>Κύριος</strong></span> <span class='ocrx_word' id='word_1_303' title='bbox 1145 2478 1224 2548; x_wconf 87' lang='grc' dir='ltr'>τῷ</span> <span class='ocrx_word' id='word_1_304' title='bbox 1255 2478 1446 2549; x_wconf 80' lang='grc' dir='ltr'><strong>Κυρίῳ</strong></span> <span class='ocrx_word' id='word_1_305' title='bbox 1495 2496 1598 2550; x_wconf 88' lang='grc' dir='ltr'><strong>μου</strong></span> <span class='ocrx_word' id='word_1_306' title='bbox 1624 2495 1637 2510; x_wconf 87' lang='grc'><strong>·</strong></span> <span class='ocrx_word' id='word_1_307' title='bbox 1678 2478 1862 2534; x_wconf 80' lang='grc' dir='ltr'><strong>Κάθου</strong></span> <span class='ocrx_word' id='word_1_308' title='bbox 1886 2481 1951 2533; x_wconf 78' lang='grc' dir='ltr'><strong>ὲκ</strong></span> 
     </span>
    </p>
   </div>
   <div class='ocr_carea' id='block_1_43' title="bbox 370 2568 1951 2642">
    <p class='ocr_par' dir='ltr' id='par_1_43' title="bbox 370 2568 1951 2642">
     <span class='ocr_line' id='line_1_43' title="bbox 370 2568 1951 2642; baseline -0.002 -17"><span class='ocrx_word' id='word_1_309' title='bbox 370 2571 567 2638; x_wconf 78' lang='grc' dir='ltr'><strong>δεξιῶν</strong></span> <span class='ocrx_word' id='word_1_310' title='bbox 600 2588 728 2642; x_wconf 84' lang='grc' dir='ltr'><strong>μου,</strong></span> <span class='ocrx_word' id='word_1_311' title='bbox 757 2570 865 2634; x_wconf 71' lang='grc' dir='ltr'><strong>ἕως</strong></span> <span class='ocrx_word' id='word_1_312' title='bbox 896 2570 962 2623; x_wconf 82' lang='grc' dir='ltr'><strong>ἂν</strong></span> <span class='ocrx_word' id='word_1_313' title='bbox 993 2568 1071 2621; x_wconf 91' lang='grc' dir='ltr'><strong>θῶ</strong></span> <span class='ocrx_word' id='word_1_314' title='bbox 1102 2568 1229 2632; x_wconf 75' lang='grc' dir='ltr'><strong>τοὺς</strong></span> <span class='ocrx_word' id='word_1_315' title='bbox 1267 2568 1499 2640; x_wconf 78' lang='grc' dir='ltr'><strong>ἐχθρούς</strong></span> <span class='ocrx_word' id='word_1_316' title='bbox 1540 2586 1636 2622; x_wconf 88' lang='grc' dir='ltr'><strong>σου</strong></span> <span class='ocrx_word' id='word_1_317' title='bbox 1660 2569 1951 2623; x_wconf 73' lang='grc' dir='ltr'><strong>ὑποπέδιον</strong></span> 
     </span>
    </p>
   </div>
   <div class='ocr_carea' id='block_1_44' title="bbox 372 2659 1953 2730">
    <p class='ocr_par' dir='ltr' id='par_1_44' title="bbox 372 2659 1953 2730">
     <span class='ocr_line' id='line_1_44' title="bbox 372 2659 1953 2730; baseline -0.003 -13"><span class='ocrx_word' id='word_1_318' title='bbox 372 2663 484 2717; x_wconf 88' lang='grc' dir='ltr'><strong>τῶν</strong></span> <span class='ocrx_word' id='word_1_319' title='bbox 522 2662 698 2716; x_wconf 81' lang='grc' dir='ltr'><strong>ποδῶν</strong></span> <span class='ocrx_word' id='word_1_320' title='bbox 728 2678 844 2715; x_wconf 90' lang='grc' dir='ltr'><strong>σου.</strong></span> <span class='ocrx_word' id='word_1_321' title='bbox 877 2679 896 2712; x_wconf 80' lang='grc' dir='ltr'><strong>ι</strong></span> <span class='ocrx_word' id='word_1_322' title='bbox 925 2660 1143 2729; x_wconf 75' lang='grc' dir='ltr'><strong>Συνῳδὰ</strong></span> <span class='ocrx_word' id='word_1_323' title='bbox 1163 2659 1220 2712; x_wconf 80' lang='grc' dir='ltr'><strong>δὲ</strong></span> <span class='ocrx_word' id='word_1_324' title='bbox 1251 2660 1426 2730; x_wconf 87' lang='grc' dir='ltr'><strong>τούτῳ</strong></span> <span class='ocrx_word' id='word_1_325' title='bbox 1450 2662 1543 2713; x_wconf 74' lang='grc' dir='ltr'><strong>καὶ</strong></span> <span class='ocrx_word' id='word_1_326' title='bbox 1568 2662 1597 2714; x_wconf 88' lang='grc' dir='ltr'><strong>ό</strong></span> <span class='ocrx_word' id='word_1_327' title='bbox 1627 2660 1953 2725; x_wconf 68' lang='grc' dir='ltr'><strong>’Λπίστολος</strong></span> 
     </span>
    </p>
   </div>
   <div class='ocr_carea' id='block_1_45' title="bbox 375 2749 1952 2825">
    <p class='ocr_par' dir='ltr' id='par_1_45' title="bbox 375 2749 1952 2825">
     <span class='ocr_line' id='line_1_45' title="bbox 375 2749 1952 2825; baseline 0.001 -19"><span class='ocrx_word' id='word_1_328' title='bbox 375 2753 712 2825; x_wconf 77' lang='grc' dir='ltr'><strong>φθέγγεται·</strong></span> <span class='ocrx_word' id='word_1_329' title='bbox 756 2772 775 2805; x_wconf 77' lang='grc' dir='ltr'><strong>ι</strong></span> <span class='ocrx_word' id='word_1_330' title='bbox 805 2754 899 2805; x_wconf 83' lang='grc' dir='ltr'><strong>Δεῖ</strong></span> <span class='ocrx_word' id='word_1_331' title='bbox 928 2752 1039 2821; x_wconf 79' lang='grc' dir='ltr'><strong>γὰρ</strong></span> <span class='ocrx_word' id='word_1_332' title='bbox 1068 2752 1231 2805; x_wconf 79' lang='grc' dir='ltr'><strong>αὐτὸν</strong></span> <span class='ocrx_word' id='word_1_333' title='bbox 1262 2750 1570 2821; x_wconf 80' lang='grc' dir='ltr'><strong>βασιλεύειν</strong></span> <span class='ocrx_word' id='word_1_334' title='bbox 1600 2753 1758 2825; x_wconf 82' lang='grc' dir='ltr'><strong>ἄχρις</strong></span> <span class='ocrx_word' id='word_1_335' title='bbox 1790 2749 1854 2811; x_wconf 77' lang='grc' dir='ltr'><strong>οὗ</strong></span> <span class='ocrx_word' id='word_1_336' title='bbox 1884 2754 1952 2809; x_wconf 80' lang='grc' dir='ltr'><strong>ἂν</strong></span> 
     </span>
    </p>
   </div>
   <div class='ocr_carea' id='block_1_46' title="bbox 374 2842 1951 2917">
    <p class='ocr_par' dir='ltr' id='par_1_46' title="bbox 374 2842 1951 2917">
     <span class='ocr_line' id='line_1_46' title="bbox 374 2842 1951 2917; baseline 0 -17"><span class='ocrx_word' id='word_1_337' title='bbox 374 2848 445 2917; x_wconf 74' lang='grc' dir='ltr'><strong>θῇ</strong></span> <span class='ocrx_word' id='word_1_338' title='bbox 479 2849 607 2908; x_wconf 53' lang='grc' dir='ltr'><strong>τοις</strong></span> <span class='ocrx_word' id='word_1_339' title='bbox 646 2844 875 2915; x_wconf 68' lang='grc' dir='ltr'><strong>ἐχθροὺς</strong></span> <span class='ocrx_word' id='word_1_340' title='bbox 906 2842 1073 2896; x_wconf 81' lang='grc' dir='ltr'><strong>αὐτοῦ</strong></span> <span class='ocrx_word' id='word_1_341' title='bbox 1102 2843 1209 2897; x_wconf 80' lang='grc' dir='ltr'><strong>ὑπὸ</strong></span> <span class='ocrx_word' id='word_1_342' title='bbox 1232 2846 1359 2908; x_wconf 80' lang='grc' dir='ltr'><strong>τοὺς</strong></span> <span class='ocrx_word' id='word_1_343' title='bbox 1388 2844 1554 2907; x_wconf 85' lang='grc' dir='ltr'><strong>πόδας</strong></span> <span class='ocrx_word' id='word_1_344' title='bbox 1597 2846 1789 2912; x_wconf 77' lang='grc' dir='ltr'><strong>αὑτοῦ,</strong></span> <span class='ocrx_word' id='word_1_345' title='bbox 1821 2865 1839 2899; x_wconf 80' lang='grc' dir='ltr'><strong>ι</strong></span> <span class='ocrx_word' id='word_1_346' title='bbox 1892 2851 1951 2901; x_wconf 80' lang='grc' dir='ltr'><strong>ἐν</strong></span> 
     </span>
    </p>
   </div>
   <div class='ocr_carea' id='block_1_47' title="bbox 374 2934 1943 3010">
    <p class='ocr_par' dir='ltr' id='par_1_47' title="bbox 374 2934 1943 3010">
     <span class='ocr_line' id='line_1_47' title="bbox 374 2934 1943 3010; baseline 0.003 -22"><span class='ocrx_word' id='word_1_347' title='bbox 374 2937 593 3000; x_wconf 77' lang='grc' dir='ltr'><strong>τούτοις</strong></span> <span class='ocrx_word' id='word_1_348' title='bbox 629 2939 765 2988; x_wconf 76' lang='grc' dir='ltr'><strong>πᾶσι</strong></span> <span class='ocrx_word' id='word_1_349' title='bbox 810 2935 927 2996; x_wconf 84' lang='grc' dir='ltr'><strong>τοῦ,</strong></span> <span class='ocrx_word' id='word_1_350' title='bbox 958 2934 1092 2999; x_wconf 78' lang='grc' dir='ltr'><strong>ἕως,</strong></span> <span class='ocrx_word' id='word_1_351' title='bbox 1128 2935 1346 3005; x_wconf 82' lang='grc' dir='ltr'><strong>ἔχοντος</strong></span> <span class='ocrx_word' id='word_1_352' title='bbox 1387 2936 1665 3007; x_wconf 83' lang='grc' dir='ltr'><strong>σημασίαν</strong></span> <span class='ocrx_word' id='word_1_353' title='bbox 1692 2939 1943 3010; x_wconf 84' lang='grc' dir='ltr'><strong>ἀόριστον</strong></span> 
     </span>
    </p>
   </div>
   <div class='ocr_carea' id='block_1_48' title="bbox 2052 1836 3623 1915">
    <p class='ocr_par' dir='ltr' id='par_1_48' title="bbox 2052 1836 3623 1915">
     <span class='ocr_line' id='line_1_48' title="bbox 2052 1836 3623 1915; baseline 0.006 -26"><span class='ocrx_word' id='word_1_354' title='bbox 2052 1836 2234 1905; x_wconf 71' lang='lat' dir='ltr'><strong>Neque</strong></span> <span class='ocrx_word' id='word_1_355' title='bbox 2263 1837 2407 1891; x_wconf 77' lang='lat' dir='ltr'><strong>enim</strong></span> <span class='ocrx_word' id='word_1_356' title='bbox 2441 1852 2542 1891; x_wconf 69' lang='lat' dir='ltr'><strong>vos</strong></span> <span class='ocrx_word' id='word_1_357' title='bbox 2580 1838 2689 1901; x_wconf 87' lang='lat' dir='ltr'><strong>illa,</strong></span> <span class='ocrx_word' id='word_1_358' title='bbox 2718 1856 2900 1910; x_wconf 74' lang='lat' dir='ltr'><strong>usque,</strong></span> <span class='ocrx_word' id='word_1_359' title='bbox 2931 1843 3345 1897; x_wconf 87' lang='lat' dir='ltr'><strong>determinatnm</strong></span> <span class='ocrx_word' id='word_1_360' title='bbox 3393 1853 3623 1915; x_wconf 84' lang='lat' dir='ltr'><strong>tempus,</strong></span> 
     </span>
    </p>
   </div>
   <div class='ocr_carea' id='block_1_49' title="bbox 2052 1928 3622 2004">
    <p class='ocr_par' dir='ltr' id='par_1_49' title="bbox 2052 1928 3622 2004">
     <span class='ocr_line' id='line_1_49' title="bbox 2052 1928 3622 2004; baseline 0.005 -23"><span class='ocrx_word' id='word_1_361' title='bbox 2052 1929 2146 1982; x_wconf 84' lang='lat' dir='ltr'><strong>scd</strong></span> <span class='ocrx_word' id='word_1_362' title='bbox 2196 1928 2462 1983; x_wconf 82' lang='lat' dir='ltr'><strong>inﬁnitum</strong></span> <span class='ocrx_word' id='word_1_363' title='bbox 2507 1931 2683 1998; x_wconf 79' lang='lat' dir='ltr'><strong>potius</strong></span> <span class='ocrx_word' id='word_1_364' title='bbox 2718 1931 2831 2002; x_wconf 75' lang='lat'><strong>(82)</strong></span> <span class='ocrx_word' id='word_1_365' title='bbox 2872 1935 3303 2004; x_wconf 84' lang='lat' dir='ltr'><strong>comprehendit.</strong></span> <span class='ocrx_word' id='word_1_366' title='bbox 3355 1935 3622 1991; x_wconf 79' lang='lat' dir='ltr'><strong>Consucta</strong></span> 
     </span>
    </p>
   </div>
   <div class='ocr_carea' id='block_1_50' title="bbox 2052 2021 3626 2094">
    <p class='ocr_par' dir='ltr' id='par_1_50' title="bbox 2052 2021 3626 2094">
     <span class='ocr_line' id='line_1_50' title="bbox 2052 2021 3626 2094; baseline 0.006 -20"><span class='ocrx_word' id='word_1_367' title='bbox 2052 2029 2232 2074; x_wconf 83' lang='lat' dir='ltr'><strong>autem</strong></span> <span class='ocrx_word' id='word_1_368' title='bbox 2263 2031 2345 2074; x_wconf 88' lang='lat' dir='ltr'><strong>est</strong></span> <span class='ocrx_word' id='word_1_369' title='bbox 2376 2021 2492 2075; x_wconf 74' lang='lat' dir='ltr'><strong>hzec</strong></span> <span class='ocrx_word' id='word_1_370' title='bbox 2535 2022 2587 2075; x_wconf 94' lang='lat' dir='ltr'><strong>in</strong></span> <span class='ocrx_word' id='word_1_371' title='bbox 2635 2038 2789 2078; x_wconf 78' lang='lat' dir='ltr'><strong>sacra</strong></span> <span class='ocrx_word' id='word_1_372' title='bbox 2826 2023 3109 2094; x_wconf 87' lang='lat' dir='ltr'><strong>Scriptura</strong></span> <span class='ocrx_word' id='word_1_373' title='bbox 3141 2025 3359 2082; x_wconf 91' lang='lat' dir='ltr'><strong>locutio.</strong></span> <span class='ocrx_word' id='word_1_374' title='bbox 3386 2025 3519 2082; x_wconf 84' lang='lat' dir='ltr'><strong>Nam</strong></span> <span class='ocrx_word' id='word_1_375' title='bbox 3560 2029 3626 2083; x_wconf 88' lang='lat' dir='ltr'><strong>de</strong></span> 
     </span>
    </p>
   </div>
   <div class='ocr_carea' id='block_1_51' title="bbox 2052 2112 3626 2190">
    <p class='ocr_par' dir='ltr' id='par_1_51' title="bbox 2052 2112 3626 2190">
     <span class='ocr_line' id='line_1_51' title="bbox 2052 2112 3626 2190; baseline 0.006 -27"><span class='ocrx_word' id='word_1_376' title='bbox 2052 2125 2238 2175; x_wconf 82' lang='lat' dir='ltr'><strong>corvo,</strong></span> <span class='ocrx_word' id='word_1_377' title='bbox 2272 2113 2361 2180; x_wconf 88' lang='lat' dir='ltr'><strong>qui</strong></span> <span class='ocrx_word' id='word_1_378' title='bbox 2394 2112 2590 2167; x_wconf 84' lang='lat' dir='ltr'><strong>missus</strong></span> <span class='ocrx_word' id='word_1_379' title='bbox 2622 2129 2650 2165; x_wconf 88' lang='lat' dir='ltr'><strong>a</strong></span> <span class='ocrx_word' id='word_1_380' title='bbox 2696 2114 2808 2168; x_wconf 84' lang='lat' dir='ltr'><strong>Noe</strong></span> <span class='ocrx_word' id='word_1_381' title='bbox 2854 2114 3049 2182; x_wconf 79' lang='lat' dir='ltr'><strong>fuerat,</strong></span> <span class='ocrx_word' id='word_1_382' title='bbox 3090 2125 3151 2170; x_wconf 88' lang='lat' dir='ltr'><strong>ut</strong></span> <span class='ocrx_word' id='word_1_383' title='bbox 3184 2117 3409 2183; x_wconf 84' lang='lat' dir='ltr'><strong>videret,</strong></span> <span class='ocrx_word' id='word_1_384' title='bbox 3443 2120 3485 2173; x_wconf 90' lang='lat' dir='ltr'><strong>si</strong></span> <span class='ocrx_word' id='word_1_385' title='bbox 3511 2119 3626 2190; x_wconf 87' lang='lat' dir='ltr'><strong>jam</strong></span> 
     </span>
    </p>
   </div>
   <div class='ocr_carea' id='block_1_52' title="bbox 2053 2206 3626 2276">
    <p class='ocr_par' dir='ltr' id='par_1_52' title="bbox 2053 2206 3626 2276">
     <span class='ocr_line' id='line_1_52' title="bbox 2053 2206 3626 2276; baseline 0.006 -21"><span class='ocrx_word' id='word_1_386' title='bbox 2053 2213 2359 2258; x_wconf 69' lang='lat' dir='ltr'><strong>cessassent</strong></span> <span class='ocrx_word' id='word_1_387' title='bbox 2390 2218 2542 2271; x_wconf 62' lang='lat' dir='ltr'><strong>aqua!</strong></span> <span class='ocrx_word' id='word_1_388' title='bbox 2571 2219 2732 2272; x_wconf 91' lang='lat' dir='ltr'><strong>super</strong></span> <span class='ocrx_word' id='word_1_389' title='bbox 2765 2215 2963 2259; x_wconf 89' lang='lat' dir='ltr'><strong>terram</strong></span> <span class='ocrx_word' id='word_1_390' title='bbox 2996 2206 3063 2270; x_wconf 74' lang='lat'><strong>“,</strong></span> <span class='ocrx_word' id='word_1_391' title='bbox 3096 2222 3156 2260; x_wconf 88' lang='lat' dir='ltr'><strong>ea</strong></span> <span class='ocrx_word' id='word_1_392' title='bbox 3204 2222 3299 2262; x_wconf 90' lang='lat' dir='ltr'><strong>usa</strong></span> <span class='ocrx_word' id='word_1_393' title='bbox 3335 2217 3449 2276; x_wconf 81' lang='lat' dir='ltr'><strong>est;</strong></span> <span class='ocrx_word' id='word_1_394' title='bbox 3478 2219 3532 2263; x_wconf 89' lang='lat' dir='ltr'><strong>et</strong></span> <span class='ocrx_word' id='word_1_395' title='bbox 3563 2210 3626 2264; x_wconf 82' lang='lat' dir='ltr'><strong>de</strong></span> 
     </span>
    </p>
   </div>
   <div class='ocr_carea' id='block_1_53' title="bbox 2054 2293 3622 2369">
    <p class='ocr_par' dir='ltr' id='par_1_53' title="bbox 2054 2293 3622 2369">
     <span class='ocr_line' id='line_1_53' title="bbox 2054 2293 3622 2369; baseline 0.005 -24"><span class='ocrx_word' id='word_1_396' title='bbox 2054 2304 2242 2349; x_wconf 76' lang='lat' dir='ltr'><strong>sancto</strong></span> <span class='ocrx_word' id='word_1_397' title='bbox 2269 2309 2470 2363; x_wconf 81' lang='lat' dir='ltr'><strong>sponso</strong></span> <span class='ocrx_word' id='word_1_398' title='bbox 2494 2293 2718 2363; x_wconf 87' lang='lat' dir='ltr'><strong>Joseph,</strong></span> <span class='ocrx_word' id='word_1_399' title='bbox 2744 2297 2888 2366; x_wconf 90' lang='lat' dir='ltr'><strong>quod</strong></span> <span class='ocrx_word' id='word_1_400' title='bbox 2919 2311 3023 2351; x_wconf 92' lang='lat' dir='ltr'><strong>non</strong></span> <span class='ocrx_word' id='word_1_401' title='bbox 3050 2299 3302 2369; x_wconf 77' lang='lat' dir='ltr'><strong>cognovit</strong></span> <span class='ocrx_word' id='word_1_402' title='bbox 3328 2299 3622 2369; x_wconf 72' lang='lat' dir='ltr'><strong>Virginem,</strong></span> 
     </span>
    </p>
   </div>
   <div class='ocr_carea' id='block_1_54' title="bbox 2053 2384 3623 2461">
    <p class='ocr_par' dir='ltr' id='par_1_54' title="bbox 2053 2384 3623 2461">
     <span class='ocr_line' id='line_1_54' title="bbox 2053 2384 3623 2461; baseline 0.005 -22"><span class='ocrx_word' id='word_1_403' title='bbox 2053 2392 2223 2440; x_wconf 72' lang='lat' dir='ltr'><strong>donec</strong></span> <span class='ocrx_word' id='word_1_404' title='bbox 2265 2388 2471 2456; x_wconf 85' lang='lat' dir='ltr'><strong>peperit</strong></span> <span class='ocrx_word' id='word_1_405' title='bbox 2496 2384 2690 2441; x_wconf 83' lang='lat' dir='ltr'><strong>Filium</strong></span> <span class='ocrx_word' id='word_1_406' title='bbox 2738 2403 2893 2443; x_wconf 86' lang='lat' dir='ltr'><strong>suum</strong></span> <span class='ocrx_word' id='word_1_407' title='bbox 2931 2390 3343 2461; x_wconf 76' lang='lat' dir='ltr'><strong>primogenitum</strong></span> <span class='ocrx_word' id='word_1_408' title='bbox 3374 2393 3419 2424; x_wconf 82' lang='lat'><strong>&quot;</strong></span> <span class='ocrx_word' id='word_1_409' title='bbox 3446 2410 3460 2447; x_wconf 88' lang='lat'><strong>:</strong></span> <span class='ocrx_word' id='word_1_410' title='bbox 3489 2400 3544 2447; x_wconf 89' lang='lat' dir='ltr'><strong>et</strong></span> <span class='ocrx_word' id='word_1_411' title='bbox 3571 2394 3623 2447; x_wconf 92' lang='lat' dir='ltr'><strong>in</strong></span> 
     </span>
    </p>
   </div>
   <div class='ocr_carea' id='block_1_55' title="bbox 2055 2475 3625 2547">
    <p class='ocr_par' dir='ltr' id='par_1_55' title="bbox 2055 2475 3625 2547">
     <span class='ocr_line' id='line_1_55' title="bbox 2055 2475 3625 2547; baseline 0.003 -15"><span class='ocrx_word' id='word_1_412' title='bbox 2055 2477 2264 2547; x_wconf 85' lang='lat' dir='ltr'><strong>psalmo</strong></span> <span class='ocrx_word' id='word_1_413' title='bbox 2291 2475 2562 2547; x_wconf 88' lang='lat' dir='ltr'><strong>Propheta</strong></span> <span class='ocrx_word' id='word_1_414' title='bbox 2596 2478 2677 2534; x_wconf 86' lang='lat' dir='ltr'><strong>sic</strong></span> <span class='ocrx_word' id='word_1_415' title='bbox 2704 2479 2779 2534; x_wconf 90' lang='lat' dir='ltr'><strong>ait</strong></span> <span class='ocrx_word' id='word_1_416' title='bbox 2808 2495 2824 2533; x_wconf 90' lang='lat'><strong>:</strong></span> <span class='ocrx_word' id='word_1_417' title='bbox 2865 2497 2886 2531; x_wconf 74' lang='grc' dir='ltr'><strong>ι</strong></span> <span class='ocrx_word' id='word_1_418' title='bbox 2927 2480 3062 2535; x_wconf 82' lang='lat' dir='ltr'><strong>Dixit</strong></span> <span class='ocrx_word' id='word_1_419' title='bbox 3111 2481 3362 2537; x_wconf 91' lang='lat' dir='ltr'><strong>Dominus</strong></span> <span class='ocrx_word' id='word_1_420' title='bbox 3401 2482 3625 2536; x_wconf 86' lang='lat' dir='ltr'><strong>Domino</strong></span> 
     </span>
    </p>
   </div>
   <div class='ocr_carea' id='block_1_56' title="bbox 2053 2570 3627 2646">
    <p class='ocr_par' dir='ltr' id='par_1_56' title="bbox 2053 2570 3627 2646">
     <span class='ocr_line' id='line_1_56' title="bbox 2053 2570 3627 2646; baseline 0.002 -22"><span class='ocrx_word' id='word_1_421' title='bbox 2053 2585 2197 2635; x_wconf 90' lang='lat' dir='ltr'><strong>meo,</strong></span> <span class='ocrx_word' id='word_1_422' title='bbox 2243 2570 2383 2626; x_wconf 89' lang='lat' dir='ltr'><strong>Sede</strong></span> <span class='ocrx_word' id='word_1_423' title='bbox 2413 2586 2442 2625; x_wconf 92' lang='lat' dir='ltr'><strong>a</strong></span> <span class='ocrx_word' id='word_1_424' title='bbox 2481 2572 2688 2627; x_wconf 81' lang='lat' dir='ltr'><strong>dextris</strong></span> <span class='ocrx_word' id='word_1_425' title='bbox 2719 2574 2876 2640; x_wconf 84' lang='lat' dir='ltr'><strong>meis,</strong></span> <span class='ocrx_word' id='word_1_426' title='bbox 2919 2574 3089 2630; x_wconf 86' lang='lat' dir='ltr'><strong>donec</strong></span> <span class='ocrx_word' id='word_1_427' title='bbox 3136 2590 3328 2646; x_wconf 88' lang='lat' dir='ltr'><strong>ponam</strong></span> <span class='ocrx_word' id='word_1_428' title='bbox 3380 2576 3627 2632; x_wconf 64' lang='lat' dir='ltr'><strong>inimicus</strong></span> 
     </span>
    </p>
   </div>
   <div class='ocr_carea' id='block_1_57' title="bbox 2055 2663 3622 2735">
    <p class='ocr_par' dir='ltr' id='par_1_57' title="bbox 2055 2663 3622 2735">
     <span class='ocr_line' id='line_1_57' title="bbox 2055 2663 3622 2735; baseline 0.003 -19"><span class='ocrx_word' id='word_1_429' title='bbox 2055 2673 2177 2718; x_wconf 81' lang='lat' dir='ltr'><strong>tuos</strong></span> <span class='ocrx_word' id='word_1_430' title='bbox 2208 2663 2497 2719; x_wconf 86' lang='lat' dir='ltr'><strong>scabellum</strong></span> <span class='ocrx_word' id='word_1_431' title='bbox 2533 2666 2724 2735; x_wconf 88' lang='lat' dir='ltr'><strong>pedum</strong></span> <span class='ocrx_word' id='word_1_432' title='bbox 2760 2676 2974 2721; x_wconf 90' lang='lat' dir='ltr'><strong>tuorum</strong></span> <span class='ocrx_word' id='word_1_433' title='bbox 3002 2666 3069 2723; x_wconf 79' lang='grc'><strong>³⁸.</strong></span> <span class='ocrx_word' id='word_1_434' title='bbox 3108 2685 3127 2719; x_wconf 77' lang='grc' dir='ltr'><strong>ι</strong></span> <span class='ocrx_word' id='word_1_435' title='bbox 3176 2667 3425 2722; x_wconf 87' lang='lat' dir='ltr'><strong>Coosoua</strong></span> <span class='ocrx_word' id='word_1_436' title='bbox 3464 2671 3622 2723; x_wconf 90' lang='lat' dir='ltr'><strong>etiam</strong></span> 
     </span>
    </p>
   </div>
   <div class='ocr_carea' id='block_1_58' title="bbox 2056 2753 3624 2826">
    <p class='ocr_par' dir='ltr' id='par_1_58' title="bbox 2056 2753 3624 2826">
     <span class='ocr_line' id='line_1_58' title="bbox 2056 2753 3624 2826; baseline 0.002 -18"><span class='ocrx_word' id='word_1_437' title='bbox 2056 2754 2139 2809; x_wconf 79' lang='lat' dir='ltr'><strong>his</strong></span> <span class='ocrx_word' id='word_1_438' title='bbox 2179 2753 2470 2823; x_wconf 81' lang='lat' dir='ltr'><strong>Apostolus</strong></span> <span class='ocrx_word' id='word_1_439' title='bbox 2521 2754 2758 2820; x_wconf 82' lang='lat' dir='ltr'><strong>loquitur</strong></span> <span class='ocrx_word' id='word_1_440' title='bbox 2806 2772 2821 2810; x_wconf 88' lang='lat'><strong>:</strong></span> <span class='ocrx_word' id='word_1_441' title='bbox 2874 2774 2893 2807; x_wconf 73' lang='grc' dir='ltr'><strong>ι</strong></span> <span class='ocrx_word' id='word_1_442' title='bbox 2945 2755 3167 2826; x_wconf 83' lang='lat' dir='ltr'><strong>Oportet</strong></span> <span class='ocrx_word' id='word_1_443' title='bbox 3211 2771 3333 2811; x_wconf 88' lang='lat' dir='ltr'><strong>eum</strong></span> <span class='ocrx_word' id='word_1_444' title='bbox 3379 2771 3624 2826; x_wconf 69' lang='lat' dir='ltr'><strong>regnare,</strong></span> 
     </span>
    </p>
   </div>
   <div class='ocr_carea' id='block_1_59' title="bbox 2052 2846 3621 2918">
    <p class='ocr_par' dir='ltr' id='par_1_59' title="bbox 2052 2846 3621 2918">
     <span class='ocr_line' id='line_1_59' title="bbox 2052 2846 3621 2918; baseline 0.001 -19"><span class='ocrx_word' id='word_1_445' title='bbox 2052 2846 2224 2900; x_wconf 90' lang='lat' dir='ltr'><strong>donec</strong></span> <span class='ocrx_word' id='word_1_446' title='bbox 2258 2854 2426 2915; x_wconf 89' lang='lat' dir='ltr'><strong>ponat</strong></span> <span class='ocrx_word' id='word_1_447' title='bbox 2479 2846 2725 2902; x_wconf 88' lang='lat' dir='ltr'><strong>inimicos</strong></span> <span class='ocrx_word' id='word_1_448' title='bbox 2769 2847 2888 2917; x_wconf 87' lang='lat' dir='ltr'><strong>ejus</strong></span> <span class='ocrx_word' id='word_1_449' title='bbox 2936 2847 3037 2903; x_wconf 87' lang='lat' dir='ltr'><strong>sub</strong></span> <span class='ocrx_word' id='word_1_450' title='bbox 3077 2847 3305 2918; x_wconf 88' lang='lat' dir='ltr'><strong>pedibus</strong></span> <span class='ocrx_word' id='word_1_451' title='bbox 3350 2847 3464 2916; x_wconf 88' lang='lat' dir='ltr'><strong>ejus</strong></span> <span class='ocrx_word' id='word_1_452' title='bbox 3494 2850 3561 2914; x_wconf 86' lang='grc'><strong>³⁷,</strong></span> <span class='ocrx_word' id='word_1_453' title='bbox 3601 2868 3621 2900; x_wconf 73' lang='grc' dir='ltr'><strong>ι</strong></span> 
     </span>
    </p>
   </div>
   <div class='ocr_carea' id='block_1_60' title="bbox 2055 2938 3626 3009">
    <p class='ocr_par' dir='ltr' id='par_1_60' title="bbox 2055 2938 3626 3009">
     <span class='ocr_line' id='line_1_60' title="bbox 2055 2938 3626 3009; baseline 0 -15"><span class='ocrx_word' id='word_1_454' title='bbox 2055 2952 2213 3009; x_wconf 85' lang='lat' dir='ltr'><strong>atque</strong></span> <span class='ocrx_word' id='word_1_455' title='bbox 2258 2939 2309 2993; x_wconf 93' lang='lat' dir='ltr'><strong>iu</strong></span> <span class='ocrx_word' id='word_1_456' title='bbox 2358 2939 2442 2993; x_wconf 87' lang='lat' dir='ltr'><strong>his</strong></span> <span class='ocrx_word' id='word_1_457' title='bbox 2488 2939 2737 2995; x_wconf 83' lang='lat' dir='ltr'><strong>omnibus</strong></span> <span class='ocrx_word' id='word_1_458' title='bbox 2785 2938 2922 2994; x_wconf 89' lang='lat' dir='ltr'><strong>locis</strong></span> <span class='ocrx_word' id='word_1_459' title='bbox 2974 2938 3233 3007; x_wconf 87' lang='lat' dir='ltr'><strong>particula</strong></span> <span class='ocrx_word' id='word_1_460' title='bbox 3263 2939 3390 3003; x_wconf 72' lang='grc' dir='ltr'><strong>ἕως,</strong></span> <span class='ocrx_word' id='word_1_461' title='bbox 3441 2940 3626 3008; x_wconf 79' lang='lat' dir='ltr'><strong>donec,</strong></span> 
     </span>
    </p>
   </div>
   <div class='ocr_carea' id='block_1_61' title="bbox 374 3021 1949 3101">
    <p class='ocr_par' dir='ltr' id='par_1_61' title="bbox 374 3021 1949 3100">
     <span class='ocr_line' id='line_1_61' title="bbox 374 3021 1949 3100; baseline 0.003 -19"><span class='ocrx_word' id='word_1_462' title='bbox 374 3029 474 3081; x_wconf 79' lang='grc' dir='ltr'><strong>καὶ</strong></span> <span class='ocrx_word' id='word_1_463' title='bbox 512 3027 704 3081; x_wconf 82' lang='grc' dir='ltr'><strong>ἁῖδιυν.</strong></span> <span class='ocrx_word' id='word_1_464' title='bbox 733 3024 953 3096; x_wconf 80' lang='grc' dir='ltr'><strong>Ταύτην</strong></span> <span class='ocrx_word' id='word_1_465' title='bbox 993 3021 1086 3078; x_wconf 82' lang='grc' dir='ltr'><strong>οὖν</strong></span> <span class='ocrx_word' id='word_1_466' title='bbox 1136 3026 1233 3096; x_wconf 78' lang='grc' dir='ltr'><strong>τὴν</strong></span> <span class='ocrx_word' id='word_1_467' title='bbox 1277 3029 1557 3098; x_wconf 82' lang='grc' dir='ltr'><strong>μακαρίαν</strong></span> <span class='ocrx_word' id='word_1_468' title='bbox 1605 3029 1949 3100; x_wconf 84' lang='grc' dir='ltr'><strong>ἀντεπαγγε-</strong></span> 
     </span>
    </p>
   </div>
   <div class='ocr_carea' id='block_1_62' title="bbox 2055 3021 3624 3101">
    <p class='ocr_par' dir='ltr' id='par_1_62' title="bbox 2060 3029 3624 3101">
     <span class='ocr_line' id='line_1_62' title="bbox 2060 3029 3624 3101; baseline -0.001 -16"><span class='ocrx_word' id='word_1_469' title='bbox 2060 3029 2500 3101; x_wconf 81' lang='lat' dir='ltr'><strong>signiﬁcationem</strong></span> <span class='ocrx_word' id='word_1_470' title='bbox 2551 3030 2713 3084; x_wconf 85' lang='lat' dir='ltr'><strong>habet</strong></span> <span class='ocrx_word' id='word_1_471' title='bbox 2759 3029 2952 3084; x_wconf 85' lang='lat' dir='ltr'><strong>inﬁniti</strong></span> <span class='ocrx_word' id='word_1_472' title='bbox 3001 3039 3058 3085; x_wconf 92' lang='lat' dir='ltr'><strong>et</strong></span> <span class='ocrx_word' id='word_1_473' title='bbox 3117 3030 3304 3084; x_wconf 66' lang='lat' dir='ltr'><strong>aeterni</strong></span> <span class='ocrx_word' id='word_1_474' title='bbox 3345 3030 3624 3100; x_wconf 89' lang='lat' dir='ltr'><strong>temporis.</strong></span> 
     </span>
    </p>
   </div>
   <div class='ocr_carea' id='block_1_63' title="bbox 373 3114 1944 3194">
    <p class='ocr_par' dir='ltr' id='par_1_63' title="bbox 373 3114 1944 3194">
     <span class='ocr_line' id='line_1_63' title="bbox 373 3114 1944 3194; baseline 0.002 -23"><span class='ocrx_word' id='word_1_475' title='bbox 373 3118 499 3171; x_wconf 82' lang='grc' dir='ltr'><strong>λίαν</strong></span> <span class='ocrx_word' id='word_1_476' title='bbox 529 3119 625 3170; x_wconf 78' lang='grc' dir='ltr'><strong>καὶ</strong></span> <span class='ocrx_word' id='word_1_477' title='bbox 649 3117 812 3186; x_wconf 77' lang='grc' dir='ltr'><strong>ἡμεῖς</strong></span> <span class='ocrx_word' id='word_1_478' title='bbox 835 3114 1049 3185; x_wconf 72' lang='grc' dir='ltr'><strong>ἔχοντες</strong></span> <span class='ocrx_word' id='word_1_479' title='bbox 1077 3115 1293 3186; x_wconf 71' lang='grc' dir='ltr'><strong>βέϐαιον</strong></span> <span class='ocrx_word' id='word_1_480' title='bbox 1334 3118 1526 3172; x_wconf 77' lang='grc' dir='ltr'><strong>ἐλπίδα</strong></span> <span class='ocrx_word' id='word_1_481' title='bbox 1556 3120 1652 3173; x_wconf 73' lang='grc' dir='ltr'><strong>καὶ</strong></span> <span class='ocrx_word' id='word_1_482' title='bbox 1675 3121 1944 3194; x_wconf 76' lang='grc' dir='ltr'><strong>ἄγκυραν,</strong></span> 
     </span>
    </p>
   </div>
   <div class='ocr_carea' id='block_1_64' title="bbox 377 3208 1950 3282">
    <p class='ocr_par' dir='ltr' id='par_1_64' title="bbox 377 3208 1950 3282">
     <span class='ocr_line' id='line_1_64' title="bbox 377 3208 1950 3282; baseline 0.003 -17"><span class='ocrx_word' id='word_1_483' title='bbox 377 3210 717 3280; x_wconf 78' lang='grc' dir='ltr'><strong>πιστεύομεν</strong></span> <span class='ocrx_word' id='word_1_484' title='bbox 742 3208 1082 3271; x_wconf 82' lang='grc' dir='ltr'><strong>ἀδιστάκτως</strong></span> <span class='ocrx_word' id='word_1_485' title='bbox 1113 3208 1188 3272; x_wconf 85' lang='grc' dir='ltr'><strong>ὼς</strong></span> <span class='ocrx_word' id='word_1_486' title='bbox 1217 3208 1464 3263; x_wconf 82' lang='grc' dir='ltr'><strong>σύνεστιν</strong></span> <span class='ocrx_word' id='word_1_487' title='bbox 1499 3211 1527 3261; x_wconf 79' lang='grc' dir='ltr'><strong>ό</strong></span> <span class='ocrx_word' id='word_1_488' title='bbox 1555 3211 1789 3282; x_wconf 80' lang='grc' dir='ltr'><strong>Χριστὸς</strong></span> <span class='ocrx_word' id='word_1_489' title='bbox 1836 3217 1950 3279; x_wconf 88' lang='grc' dir='ltr'><strong>τοῖς</strong></span> 
     </span>
    </p>
   </div>
   <div class='ocr_carea' id='block_1_65' title="bbox 372 3300 1948 3372">
    <p class='ocr_par' dir='ltr' id='par_1_65' title="bbox 372 3300 1948 3372">
     <span class='ocr_line' id='line_1_65' title="bbox 372 3300 1948 3372; baseline 0.003 -17"><span class='ocrx_word' id='word_1_490' title='bbox 372 3305 459 3367; x_wconf 80' lang='grc' dir='ltr'><strong>εἰς</strong></span> <span class='ocrx_word' id='word_1_491' title='bbox 515 3303 679 3357; x_wconf 73' lang='grc' dir='ltr'><strong>αὑτὸν</strong></span> <span class='ocrx_word' id='word_1_492' title='bbox 743 3300 1161 3367; x_wconf 81' lang='grc' dir='ltr'><strong>πεπιστευκόσι,</strong></span> <span class='ocrx_word' id='word_1_493' title='bbox 1223 3302 1318 3354; x_wconf 78' lang='grc' dir='ltr'><strong>καὶ</strong></span> <span class='ocrx_word' id='word_1_494' title='bbox 1354 3305 1488 3366; x_wconf 61' lang='grc' dir='ltr'><strong>τοῖς</strong></span> <span class='ocrx_word' id='word_1_495' title='bbox 1545 3304 1712 3357; x_wconf 82' lang='grc' dir='ltr'><strong>αὐτοῦ</strong></span> <span class='ocrx_word' id='word_1_496' title='bbox 1768 3303 1948 3372; x_wconf 80' lang='grc' dir='ltr'><strong>λόγοις</strong></span> 
     </span>
    </p>
   </div>
   <div class='ocr_carea' id='block_1_66' title="bbox 374 3392 1950 3470">
    <p class='ocr_par' dir='ltr' id='par_1_66' title="bbox 374 3392 1950 3470">
     <span class='ocr_line' id='line_1_66' title="bbox 374 3392 1950 3470; baseline 0.001 -20"><span class='ocrx_word' id='word_1_497' title='bbox 374 3398 666 3467; x_wconf 81' lang='grc' dir='ltr'><strong>ἀραρότως</strong></span> <span class='ocrx_word' id='word_1_498' title='bbox 694 3395 1021 3465; x_wconf 71' lang='grc' dir='ltr'><strong>ὲμμένουσι,</strong></span> <span class='ocrx_word' id='word_1_499' title='bbox 1056 3392 1241 3464; x_wconf 87' lang='grc' dir='ltr'><strong>τηρῶν</strong></span> <span class='ocrx_word' id='word_1_500' title='bbox 1270 3395 1468 3458; x_wconf 82' lang='grc' dir='ltr'><strong>αὐτοὺς</strong></span> <span class='ocrx_word' id='word_1_501' title='bbox 1505 3394 1823 3466; x_wconf 80' lang='grc' dir='ltr'><strong>ἀλωϐήτους</strong></span> <span class='ocrx_word' id='word_1_502' title='bbox 1849 3400 1950 3470; x_wconf 82' lang='grc' dir='ltr'><strong>τῆς</strong></span> 
     </span>
    </p>
   </div>
   <div class='ocr_carea' id='block_1_67' title="bbox 376 3478 1960 3559">
    <p class='ocr_par' dir='ltr' id='par_1_67' title="bbox 376 3478 1960 3559">
     <span class='ocr_line' id='line_1_67' title="bbox 376 3478 1960 3559; baseline 0 -17"><span class='ocrx_word' id='word_1_503' title='bbox 376 3488 674 3558; x_wconf 59' lang='grc' dir='ltr'><strong>ἐπιϐουλῆς</strong></span> <span class='ocrx_word' id='word_1_504' title='bbox 696 3489 789 3541; x_wconf 77' lang='grc' dir='ltr'><strong>και</strong></span> <span class='ocrx_word' id='word_1_505' title='bbox 818 3486 1019 3549; x_wconf 80' lang='grc' dir='ltr'><strong>κακίας</strong></span> <span class='ocrx_word' id='word_1_506' title='bbox 1049 3485 1144 3539; x_wconf 81' lang='grc' dir='ltr'><strong>τοῦ</strong></span> <span class='ocrx_word' id='word_1_507' title='bbox 1167 3487 1430 3558; x_wconf 81' lang='grc' dir='ltr'><strong>πονηροῦ,</strong></span> <span class='ocrx_word' id='word_1_508' title='bbox 1453 3489 1547 3541; x_wconf 71' lang='grc' dir='ltr'><strong>καὶ</strong></span> <span class='ocrx_word' id='word_1_509' title='bbox 1575 3478 1960 3559; x_wconf 64' lang='grc' dir='ltr'><strong>κληρονόμους</strong></span> 
     </span>
    </p>
   </div>
   <div class='ocr_carea' id='block_1_68' title="bbox 377 3574 1949 3649">
    <p class='ocr_par' dir='ltr' id='par_1_68' title="bbox 377 3574 1949 3649">
     <span class='ocr_line' id='line_1_68' title="bbox 377 3574 1949 3649; baseline 0 -15"><span class='ocrx_word' id='word_1_510' title='bbox 377 3580 655 3634; x_wconf 78' lang='grc' dir='ltr'><strong>καθιστῶν</strong></span> <span class='ocrx_word' id='word_1_511' title='bbox 680 3580 791 3632; x_wconf 78' lang='grc' dir='ltr'><strong>τῶν</strong></span> <span class='ocrx_word' id='word_1_512' title='bbox 820 3577 1053 3632; x_wconf 71' lang='grc' dir='ltr'><strong>αἰωνίων</strong></span> <span class='ocrx_word' id='word_1_513' title='bbox 1083 3579 1310 3646; x_wconf 83' lang='grc' dir='ltr'><strong>ἀγαθῶν</strong></span> <span class='ocrx_word' id='word_1_514' title='bbox 1343 3595 1358 3611; x_wconf 79' lang='grc'><strong>’</strong></span> <span class='ocrx_word' id='word_1_515' title='bbox 1392 3574 1469 3633; x_wconf 80' lang='grc' dir='ltr'><strong>ὧν</strong></span> <span class='ocrx_word' id='word_1_516' title='bbox 1501 3579 1715 3649; x_wconf 82' lang='grc' dir='ltr'><strong>γένοιτο</strong></span> <span class='ocrx_word' id='word_1_517' title='bbox 1742 3582 1949 3646; x_wconf 83' lang='grc' dir='ltr'><strong>πάντας</strong></span> 
     </span>
    </p>
   </div>
   <div class='ocr_carea' id='block_1_69' title="bbox 375 3671 1946 3745">
    <p class='ocr_par' dir='ltr' id='par_1_69' title="bbox 375 3671 1946 3745">
     <span class='ocr_line' id='line_1_69' title="bbox 375 3671 1946 3745; baseline 0.003 -21"><span class='ocrx_word' id='word_1_518' title='bbox 375 3675 529 3742; x_wconf 71' lang='grc' dir='ltr'>ἡμᾶς</span> <span class='ocrx_word' id='word_1_519' title='bbox 558 3673 856 3743; x_wconf 79' lang='grc' dir='ltr'><strong>ἐπιτυχεῖν,</strong></span> <span class='ocrx_word' id='word_1_520' title='bbox 894 3672 953 3723; x_wconf 83' lang='grc' dir='ltr'><strong>ὲν</strong></span> <span class='ocrx_word' id='word_1_521' title='bbox 976 3671 1200 3742; x_wconf 84' lang='grc' dir='ltr'><strong>Χριστῷ</strong></span> <span class='ocrx_word' id='word_1_522' title='bbox 1235 3672 1409 3741; x_wconf 86' lang='grc' dir='ltr'><strong>Ἰησοῦ</strong></span> <span class='ocrx_word' id='word_1_523' title='bbox 1438 3672 1516 3738; x_wconf 85' lang='grc' dir='ltr'><strong>τῷ</strong></span> <span class='ocrx_word' id='word_1_524' title='bbox 1544 3673 1731 3745; x_wconf 80' lang='grc' dir='ltr'><strong>Κυρίῳ</strong></span> <span class='ocrx_word' id='word_1_525' title='bbox 1754 3673 1913 3745; x_wconf 76' lang='grc' dir='ltr'><strong>ἡμῶν</strong></span> <span class='ocrx_word' id='word_1_526' title='bbox 1931 3690 1946 3706; x_wconf 89' lang='grc'><strong>·</strong></span> 
     </span>
    </p>
   </div>
   <div class='ocr_carea' id='block_1_70' title="bbox 381 3758 1950 3837">
    <p class='ocr_par' dir='ltr' id='par_1_70' title="bbox 381 3758 1950 3837">
     <span class='ocr_line' id='line_1_70' title="bbox 381 3758 1950 3837; baseline 0.003 -21"><span class='ocrx_word' id='word_1_527' title='bbox 381 3765 505 3835; x_wconf 80' lang='grc' dir='ltr'><strong>μεθ’</strong></span> <span class='ocrx_word' id='word_1_528' title='bbox 559 3758 622 3818; x_wconf 75' lang='grc' dir='ltr'><strong>οὗ</strong></span> <span class='ocrx_word' id='word_1_529' title='bbox 675 3764 754 3834; x_wconf 82' lang='grc' dir='ltr'><strong>τῷ</strong></span> <span class='ocrx_word' id='word_1_530' title='bbox 805 3761 985 3833; x_wconf 78' lang='grc' dir='ltr'><strong>Πατρὶ</strong></span> <span class='ocrx_word' id='word_1_531' title='bbox 1033 3766 1130 3818; x_wconf 77' lang='grc' dir='ltr'><strong>καὶ</strong></span> <span class='ocrx_word' id='word_1_532' title='bbox 1172 3763 1252 3835; x_wconf 82' lang='grc' dir='ltr'><strong>τῷ</strong></span> <span class='ocrx_word' id='word_1_533' title='bbox 1303 3766 1444 3837; x_wconf 83' lang='grc' dir='ltr'><strong>ἁγίῳ</strong></span> <span class='ocrx_word' id='word_1_534' title='bbox 1494 3765 1775 3837; x_wconf 80' lang='grc' dir='ltr'><strong>Πνεύματι</strong></span> <span class='ocrx_word' id='word_1_535' title='bbox 1824 3767 1950 3834; x_wconf 79' lang='grc' dir='ltr'><strong>δόξα</strong></span> 
     </span>
    </p>
   </div>
   <div class='ocr_carea' id='block_1_71' title="bbox 376 3856 1099 3932">
    <p class='ocr_par' dir='ltr' id='par_1_71' title="bbox 376 3856 1099 3932">
     <span class='ocr_line' id='line_1_71' title="bbox 376 3856 1099 3932; baseline 0.006 -22"><span class='ocrx_word' id='word_1_536' title='bbox 376 3859 460 3921; x_wconf 87' lang='grc' dir='ltr'><strong>είς</strong></span> <span class='ocrx_word' id='word_1_537' title='bbox 485 3856 614 3920; x_wconf 81' lang='grc' dir='ltr'><strong>τοὺς</strong></span> <span class='ocrx_word' id='word_1_538' title='bbox 633 3858 858 3921; x_wconf 75' lang='grc' dir='ltr'><strong>αἰῶνας.</strong></span> <span class='ocrx_word' id='word_1_539' title='bbox 904 3859 1099 3932; x_wconf 83' lang='grc' dir='ltr'><strong>Ἀμήν.</strong></span> 
     </span>
    </p>
   </div>
   <div class='ocr_carea' id='block_1_72' title="bbox 967 4030 1365 4089">
    <p class='ocr_par' dir='ltr' id='par_1_72' title="bbox 967 4030 1365 4089">
     <span class='ocr_line' id='line_1_72' title="bbox 967 4030 1365 4089; baseline 0.008 -3"><span class='ocrx_word' id='word_1_540' title='bbox 967 4033 1207 4087; x_wconf 77' lang='grc' dir='ltr'><strong>υΜΙΛῐΔ</strong></span> <span class='ocrx_word' id='word_1_541' title='bbox 1235 4030 1365 4089; x_wconf 76' lang='grc' dir='ltr'><strong>ΚΘ’.</strong></span> 
     </span>
    </p>
   </div>
   <div class='ocr_carea' id='block_1_73' title="bbox 747 4124 1596 4193">
    <p class='ocr_par' dir='ltr' id='par_1_73' title="bbox 747 4124 1596 4193">
     <span class='ocr_line' id='line_1_73' title="bbox 747 4124 1596 4193; baseline 0.002 -13"><span class='ocrx_word' id='word_1_542' title='bbox 747 4125 851 4193; x_wconf 86' lang='grc' dir='ltr'><strong>Είς</strong></span> <span class='ocrx_word' id='word_1_543' title='bbox 880 4125 947 4180; x_wconf 79' lang='grc' dir='ltr'><strong>τὸ</strong></span> <span class='ocrx_word' id='word_1_544' title='bbox 976 4124 1261 4193; x_wconf 81' lang='grc' dir='ltr'><strong>δεύτερον</strong></span> <span class='ocrx_word' id='word_1_545' title='bbox 1300 4126 1596 4182; x_wconf 80' lang='grc' dir='ltr'><strong>Ἑωθινὸν.</strong></span> 
     </span>
    </p>
   </div>
   <div class='ocr_carea' id='block_1_74' title="bbox 451 4216 1948 4289">
    <p class='ocr_par' dir='ltr' id='par_1_74' title="bbox 451 4216 1948 4289">
     <span class='ocr_line' id='line_1_74' title="bbox 451 4216 1948 4289; baseline 0.001 -18"><span class='ocrx_word' id='word_1_546' title='bbox 451 4218 661 4288; x_wconf 69' lang='grc' dir='ltr'><strong>Τέρπει</strong></span> <span class='ocrx_word' id='word_1_547' title='bbox 697 4218 797 4287; x_wconf 77' lang='grc' dir='ltr'><strong>μὲν</strong></span> <span class='ocrx_word' id='word_1_548' title='bbox 820 4219 918 4281; x_wconf 80' lang='grc' dir='ltr'><strong>τὰς</strong></span> <span class='ocrx_word' id='word_1_549' title='bbox 951 4217 1103 4288; x_wconf 75' lang='grc' dir='ltr'><strong>ὄψεις</strong></span> <span class='ocrx_word' id='word_1_550' title='bbox 1127 4218 1363 4288; x_wconf 86' lang='grc' dir='ltr'><strong>ἀνίσχων</strong></span> <span class='ocrx_word' id='word_1_551' title='bbox 1387 4218 1487 4288; x_wconf 82' lang='grc' dir='ltr'><strong>τῆς</strong></span> <span class='ocrx_word' id='word_1_552' title='bbox 1517 4216 1661 4289; x_wconf 76' lang='grc' dir='ltr'><strong>ἑῴας</strong></span> <span class='ocrx_word' id='word_1_553' title='bbox 1703 4221 1731 4272; x_wconf 79' lang='grc' dir='ltr'><strong>ό</strong></span> <span class='ocrx_word' id='word_1_554' title='bbox 1772 4218 1948 4289; x_wconf 73' lang='grc' dir='ltr'><strong>ἥλιος,</strong></span> 
     </span>
    </p>
   </div>
   <div class='ocr_carea' id='block_1_75' title="bbox 377 4306 1951 4381">
    <p class='ocr_par' dir='ltr' id='par_1_75' title="bbox 377 4306 1951 4381">
     <span class='ocr_line' id='line_1_75' title="bbox 377 4306 1951 4381; baseline -0.001 -19"><span class='ocrx_word' id='word_1_555' title='bbox 377 4307 481 4362; x_wconf 74' lang='grc' dir='ltr'><strong>καὶ</strong></span> <span class='ocrx_word' id='word_1_556' title='bbox 505 4307 605 4378; x_wconf 84' lang='grc' dir='ltr'><strong>τῆς</strong></span> <span class='ocrx_word' id='word_1_557' title='bbox 633 4308 739 4379; x_wconf 80' lang='grc' dir='ltr'><strong>γῆς</strong></span> <span class='ocrx_word' id='word_1_558' title='bbox 766 4309 825 4360; x_wconf 69' lang='grc' dir='ltr'><strong>τὸ</strong></span> <span class='ocrx_word' id='word_1_559' title='bbox 855 4310 1148 4380; x_wconf 83' lang='grc' dir='ltr'><strong>πρόσωπον</strong></span> <span class='ocrx_word' id='word_1_560' title='bbox 1168 4306 1550 4375; x_wconf 76' lang='grc' dir='ltr'><strong>καταγλαϊζων</strong></span> <span class='ocrx_word' id='word_1_561' title='bbox 1578 4310 1689 4372; x_wconf 89' lang='grc' dir='ltr'><strong>τοῖς</strong></span> <span class='ocrx_word' id='word_1_562' title='bbox 1718 4309 1951 4381; x_wconf 82' lang='grc' dir='ltr'><strong>σελαγή-</strong></span> 
     </span>
    </p>
   </div>
   <div class='ocr_carea' id='block_1_76' title="bbox 2056 3121 3629 3193">
    <p class='ocr_par' dir='ltr' id='par_1_76' title="bbox 2056 3121 3629 3193">
     <span class='ocr_line' id='line_1_76' title="bbox 2056 3121 3629 3193; baseline 0 -17"><span class='ocrx_word' id='word_1_563' title='bbox 2056 3123 2208 3177; x_wconf 81' lang='lat' dir='ltr'><strong>Hauc</strong></span> <span class='ocrx_word' id='word_1_564' title='bbox 2232 3121 2395 3193; x_wconf 78' lang='lat' dir='ltr'><strong>igitur</strong></span> <span class='ocrx_word' id='word_1_565' title='bbox 2417 3121 2626 3176; x_wconf 88' lang='lat' dir='ltr'><strong>beatam</strong></span> <span class='ocrx_word' id='word_1_566' title='bbox 2655 3121 3095 3191; x_wconf 74' lang='lat' dir='ltr'><strong>pollicitationem</strong></span> <span class='ocrx_word' id='word_1_567' title='bbox 3121 3131 3173 3174; x_wconf 90' lang='lat' dir='ltr'><strong>et</strong></span> <span class='ocrx_word' id='word_1_568' title='bbox 3199 3138 3299 3176; x_wconf 90' lang='lat' dir='ltr'><strong>nos</strong></span> <span class='ocrx_word' id='word_1_569' title='bbox 3331 3132 3386 3175; x_wconf 93' lang='lat' dir='ltr'><strong>ut</strong></span> <span class='ocrx_word' id='word_1_570' title='bbox 3420 3121 3629 3177; x_wconf 74' lang='lat' dir='ltr'><strong>ﬁrmam</strong></span> 
     </span>
    </p>
   </div>
   <div class='ocr_carea' id='block_1_77' title="bbox 2057 3213 3629 3283">
    <p class='ocr_par' dir='ltr' id='par_1_77' title="bbox 2057 3213 3629 3283">
     <span class='ocr_line' id='line_1_77' title="bbox 2057 3213 3629 3283; baseline -0.002 -12"><span class='ocrx_word' id='word_1_571' title='bbox 2057 3231 2205 3281; x_wconf 67' lang='lat' dir='ltr'><strong>Spem</strong></span> <span class='ocrx_word' id='word_1_572' title='bbox 2235 3224 2287 3270; x_wconf 89' lang='lat' dir='ltr'><strong>et</strong></span> <span class='ocrx_word' id='word_1_573' title='bbox 2318 3215 2608 3270; x_wconf 81' lang='lat' dir='ltr'><strong>anclioram</strong></span> <span class='ocrx_word' id='word_1_574' title='bbox 2647 3223 2918 3279; x_wconf 87' lang='lat' dir='ltr'><strong>tenentes,</strong></span> <span class='ocrx_word' id='word_1_575' title='bbox 2944 3213 3109 3283; x_wconf 76' lang='lat'><strong>219</strong></span> <span class='ocrx_word' id='word_1_576' title='bbox 3139 3213 3253 3268; x_wconf 89' lang='lat' dir='ltr'><strong>sine</strong></span> <span class='ocrx_word' id='word_1_577' title='bbox 3280 3213 3384 3268; x_wconf 91' lang='lat' dir='ltr'><strong>ulla</strong></span> <span class='ocrx_word' id='word_1_578' title='bbox 3415 3213 3629 3269; x_wconf 87' lang='lat' dir='ltr'><strong>dubita-</strong></span> 
     </span>
    </p>
   </div>
   <div class='ocr_carea' id='block_1_78' title="bbox 2059 3304 3628 3376">
    <p class='ocr_par' dir='ltr' id='par_1_78' title="bbox 2059 3304 3628 3376">
     <span class='ocr_line' id='line_1_78' title="bbox 2059 3304 3628 3376; baseline 0.001 -16"><span class='ocrx_word' id='word_1_579' title='bbox 2059 3307 2204 3360; x_wconf 91' lang='lat' dir='ltr'><strong>tione</strong></span> <span class='ocrx_word' id='word_1_580' title='bbox 2248 3306 2523 3361; x_wconf 87' lang='lat' dir='ltr'><strong>credimus</strong></span> <span class='ocrx_word' id='word_1_581' title='bbox 2569 3304 2842 3359; x_wconf 86' lang='lat' dir='ltr'><strong>Christum</strong></span> <span class='ocrx_word' id='word_1_582' title='bbox 2890 3305 3083 3360; x_wconf 79' lang='lat' dir='ltr'><strong>adesse</strong></span> <span class='ocrx_word' id='word_1_583' title='bbox 3121 3304 3396 3372; x_wconf 91' lang='lat' dir='ltr'><strong>omnibus,</strong></span> <span class='ocrx_word' id='word_1_584' title='bbox 3444 3306 3536 3376; x_wconf 90' lang='lat' dir='ltr'><strong>qui</strong></span> <span class='ocrx_word' id='word_1_585' title='bbox 3575 3306 3628 3361; x_wconf 88' lang='lat' dir='ltr'><strong>in</strong></span> 
     </span>
    </p>
   </div>
   <div class='ocr_carea' id='block_1_79' title="bbox 2059 3397 3629 3469">
    <p class='ocr_par' dir='ltr' id='par_1_79' title="bbox 2059 3397 3629 3469">
     <span class='ocr_line' id='line_1_79' title="bbox 2059 3397 3629 3469; baseline -0.001 -16"><span class='ocrx_word' id='word_1_586' title='bbox 2059 3400 2233 3469; x_wconf 89' lang='lat' dir='ltr'><strong>ipsum</strong></span> <span class='ocrx_word' id='word_1_587' title='bbox 2267 3400 2520 3460; x_wconf 86' lang='lat' dir='ltr'><strong>credunt.</strong></span> <span class='ocrx_word' id='word_1_588' title='bbox 2549 3407 2605 3452; x_wconf 88' lang='lat' dir='ltr'><strong>et</strong></span> <span class='ocrx_word' id='word_1_589' title='bbox 2635 3399 2687 3451; x_wconf 93' lang='lat' dir='ltr'><strong>in</strong></span> <span class='ocrx_word' id='word_1_590' title='bbox 2728 3412 2979 3453; x_wconf 85' lang='lat' dir='ltr'><strong>sermone</strong></span> <span class='ocrx_word' id='word_1_591' title='bbox 3006 3397 3123 3468; x_wconf 86' lang='lat' dir='ltr'><strong>ejus</strong></span> <span class='ocrx_word' id='word_1_592' title='bbox 3165 3406 3478 3453; x_wconf 84' lang='lat' dir='ltr'><strong>constanter</strong></span> <span class='ocrx_word' id='word_1_593' title='bbox 3511 3413 3629 3452; x_wconf 86' lang='lat' dir='ltr'><strong>ma-</strong></span> 
     </span>
    </p>
   </div>
   <div class='ocr_carea' id='block_1_80' title="bbox 2058 3490 3630 3560">
    <p class='ocr_par' dir='ltr' id='par_1_80' title="bbox 2058 3490 3630 3560">
     <span class='ocr_line' id='line_1_80' title="bbox 2058 3490 3630 3560; baseline 0.001 -15"><span class='ocrx_word' id='word_1_594' title='bbox 2058 3501 2189 3545; x_wconf 89' lang='lat' dir='ltr'><strong>ncnt</strong></span> <span class='ocrx_word' id='word_1_595' title='bbox 2217 3509 2230 3544; x_wconf 90' lang='lat'><strong>:</strong></span> <span class='ocrx_word' id='word_1_596' title='bbox 2263 3505 2463 3560; x_wconf 83' lang='lat' dir='ltr'><strong>eosque</strong></span> <span class='ocrx_word' id='word_1_597' title='bbox 2487 3492 2693 3545; x_wconf 81' lang='lat' dir='ltr'><strong>servari</strong></span> <span class='ocrx_word' id='word_1_598' title='bbox 2722 3505 2816 3559; x_wconf 89' lang='lat' dir='ltr'><strong>per</strong></span> <span class='ocrx_word' id='word_1_599' title='bbox 2849 3491 3020 3559; x_wconf 89' lang='lat' dir='ltr'><strong>ipsum</strong></span> <span class='ocrx_word' id='word_1_600' title='bbox 3055 3490 3352 3545; x_wconf 89' lang='lat' dir='ltr'><strong>incolumes</strong></span> <span class='ocrx_word' id='word_1_601' title='bbox 3389 3491 3458 3546; x_wconf 89' lang='lat' dir='ltr'><strong>ab</strong></span> <span class='ocrx_word' id='word_1_602' title='bbox 3486 3490 3630 3546; x_wconf 87' lang='lat' dir='ltr'><strong>insi-</strong></span> 
     </span>
    </p>
   </div>
   <div class='ocr_carea' id='block_1_81' title="bbox 2058 3580 3629 3646">
    <p class='ocr_par' dir='ltr' id='par_1_81' title="bbox 2058 3580 3629 3646">
     <span class='ocr_line' id='line_1_81' title="bbox 2058 3580 3629 3646; baseline 0 -8"><span class='ocrx_word' id='word_1_603' title='bbox 2058 3582 2180 3643; x_wconf 87' lang='lat' dir='ltr'><strong>diis,</strong></span> <span class='ocrx_word' id='word_1_604' title='bbox 2213 3592 2266 3636; x_wconf 89' lang='lat' dir='ltr'><strong>et</strong></span> <span class='ocrx_word' id='word_1_605' title='bbox 2289 3592 2407 3635; x_wconf 79' lang='lat' dir='ltr'><strong>astu</strong></span> <span class='ocrx_word' id='word_1_606' title='bbox 2439 3582 2787 3646; x_wconf 84' lang='lat' dir='ltr'><strong>veteratoris,</strong></span> <span class='ocrx_word' id='word_1_607' title='bbox 2814 3590 2865 3635; x_wconf 92' lang='lat' dir='ltr'><strong>et</strong></span> <span class='ocrx_word' id='word_1_608' title='bbox 2899 3581 3143 3637; x_wconf 71' lang='lat' dir='ltr'><strong>haeredos</strong></span> <span class='ocrx_word' id='word_1_609' title='bbox 3185 3580 3438 3637; x_wconf 85' lang='lat' dir='ltr'><strong>constitui</strong></span> <span class='ocrx_word' id='word_1_610' title='bbox 3470 3590 3629 3638; x_wconf 65' lang='lat' dir='ltr'><strong>reter-</strong></span> 
     </span>
    </p>
   </div>
   <div class='ocr_carea' id='block_1_82' title="bbox 2060 3670 3632 3742">
    <p class='ocr_par' dir='ltr' id='par_1_82' title="bbox 2060 3670 3632 3742">
     <span class='ocr_line' id='line_1_82' title="bbox 2060 3670 3632 3742; baseline -0.001 -14"><span class='ocrx_word' id='word_1_611' title='bbox 2060 3687 2250 3728; x_wconf 90' lang='lat' dir='ltr'><strong>nornm</strong></span> <span class='ocrx_word' id='word_1_612' title='bbox 2285 3671 2570 3734; x_wconf 87' lang='lat' dir='ltr'><strong>bonorum,</strong></span> <span class='ocrx_word' id='word_1_613' title='bbox 2601 3684 2721 3740; x_wconf 66' lang='lat' dir='ltr'><strong>quae</strong></span> <span class='ocrx_word' id='word_1_614' title='bbox 2754 3670 2959 3726; x_wconf 86' lang='lat' dir='ltr'><strong>utinam</strong></span> <span class='ocrx_word' id='word_1_615' title='bbox 2992 3686 3091 3727; x_wconf 90' lang='lat' dir='ltr'><strong>nos</strong></span> <span class='ocrx_word' id='word_1_616' title='bbox 3119 3685 3306 3726; x_wconf 85' lang='lat' dir='ltr'><strong>omnes</strong></span> <span class='ocrx_word' id='word_1_617' title='bbox 3336 3685 3632 3742; x_wconf 88' lang='lat' dir='ltr'><strong>consequa-</strong></span> 
     </span>
    </p>
   </div>
   <div class='ocr_carea' id='block_1_83' title="bbox 2058 3759 3629 3835">
    <p class='ocr_par' dir='ltr' id='par_1_83' title="bbox 2058 3759 3629 3835">
     <span class='ocr_line' id='line_1_83' title="bbox 2058 3759 3629 3835; baseline 0.001 -16"><span class='ocrx_word' id='word_1_618' title='bbox 2058 3780 2181 3819; x_wconf 93' lang='lat' dir='ltr'><strong>mur</strong></span> <span class='ocrx_word' id='word_1_619' title='bbox 2210 3764 2261 3816; x_wconf 88' lang='lat' dir='ltr'><strong>iu</strong></span> <span class='ocrx_word' id='word_1_620' title='bbox 2286 3762 2503 3817; x_wconf 85' lang='lat' dir='ltr'><strong>Christo</strong></span> <span class='ocrx_word' id='word_1_621' title='bbox 2524 3759 2652 3818; x_wconf 82' lang='lat' dir='ltr'><strong>Jesu</strong></span> <span class='ocrx_word' id='word_1_622' title='bbox 2686 3760 2911 3817; x_wconf 88' lang='lat' dir='ltr'><strong>Domino</strong></span> <span class='ocrx_word' id='word_1_623' title='bbox 2943 3772 3149 3831; x_wconf 89' lang='lat' dir='ltr'><strong>nostro,</strong></span> <span class='ocrx_word' id='word_1_624' title='bbox 3182 3779 3305 3819; x_wconf 92' lang='lat' dir='ltr'><strong>cum</strong></span> <span class='ocrx_word' id='word_1_625' title='bbox 3338 3780 3447 3835; x_wconf 92' lang='lat' dir='ltr'><strong>quo</strong></span> <span class='ocrx_word' id='word_1_626' title='bbox 3482 3764 3629 3820; x_wconf 86' lang='lat' dir='ltr'><strong>Patri</strong></span> 
     </span>
    </p>
   </div>
   <div class='ocr_carea' id='block_1_84' title="bbox 2057 3854 3628 3925">
    <p class='ocr_par' dir='ltr' id='par_1_84' title="bbox 2057 3854 3628 3925">
     <span class='ocr_line' id='line_1_84' title="bbox 2057 3854 3628 3925; baseline -0.001 -14"><span class='ocrx_word' id='word_1_627' title='bbox 2057 3867 2111 3912; x_wconf 88' lang='lat' dir='ltr'><strong>et</strong></span> <span class='ocrx_word' id='word_1_628' title='bbox 2144 3854 2368 3925; x_wconf 86' lang='lat' dir='ltr'><strong>Spiritui</strong></span> <span class='ocrx_word' id='word_1_629' title='bbox 2404 3864 2592 3910; x_wconf 88' lang='lat' dir='ltr'><strong>sancto</strong></span> <span class='ocrx_word' id='word_1_630' title='bbox 2624 3863 2707 3909; x_wconf 89' lang='lat' dir='ltr'><strong>est</strong></span> <span class='ocrx_word' id='word_1_631' title='bbox 2741 3854 2909 3925; x_wconf 82' lang='lat' dir='ltr'><strong>gloria</strong></span> <span class='ocrx_word' id='word_1_632' title='bbox 2953 3855 3006 3908; x_wconf 93' lang='lat' dir='ltr'><strong>in</strong></span> <span class='ocrx_word' id='word_1_633' title='bbox 3057 3857 3251 3910; x_wconf 74' lang='lat' dir='ltr'><strong>saecula</strong></span> <span class='ocrx_word' id='word_1_634' title='bbox 3287 3857 3628 3913; x_wconf 69' lang='lat' dir='ltr'><strong>saeculorum.</strong></span> 
     </span>
    </p>
   </div>
   <div class='ocr_carea' id='block_1_85' title="bbox 2055 3952 2247 4008">
    <p class='ocr_par' dir='ltr' id='par_1_85' title="bbox 2055 3952 2247 4008">
     <span class='ocr_line' id='line_1_85' title="bbox 2055 3952 2247 4008; baseline 0.01 -2"><span class='ocrx_word' id='word_1_635' title='bbox 2055 3952 2247 4008; x_wconf 82' lang='lat' dir='ltr'><strong>Amen.</strong></span> 
     </span>
    </p>
   </div>
   <div class='ocr_carea' id='block_1_86' title="bbox 2586 4035 3099 4094">
    <p class='ocr_par' dir='ltr' id='par_1_86' title="bbox 2586 4035 3099 4094">
     <span class='ocr_line' id='line_1_86' title="bbox 2586 4035 3099 4094; baseline -0.004 -1"><span class='ocrx_word' id='word_1_636' title='bbox 2586 4036 2867 4094; x_wconf 81' lang='lat' dir='ltr'><strong>HOMILIA</strong></span> <span class='ocrx_word' id='word_1_637' title='bbox 2908 4035 3099 4091; x_wconf 56' lang='lat' dir='ltr'><strong>XXI).</strong></span> 
     </span>
    </p>
   </div>
   <div class='ocr_carea' id='block_1_87' title="bbox 2449 4126 3238 4185">
    <p class='ocr_par' dir='ltr' id='par_1_87' title="bbox 2449 4126 3238 4185">
     <span class='ocr_line' id='line_1_87' title="bbox 2449 4126 3238 4185; baseline -0.005 0"><span class='ocrx_word' id='word_1_638' title='bbox 2449 4130 2516 4185; x_wconf 84' lang='lat' dir='ltr'><strong>In</strong></span> <span class='ocrx_word' id='word_1_639' title='bbox 2565 4126 2851 4183; x_wconf 80' lang='lat' dir='ltr'><strong>secundum</strong></span> <span class='ocrx_word' id='word_1_640' title='bbox 2896 4126 3238 4181; x_wconf 76' lang='lat' dir='ltr'><strong>Matutinum.</strong></span> 
     </span>
    </p>
   </div>
   <div class='ocr_carea' id='block_1_88' title="bbox 2132 4214 3631 4280">
    <p class='ocr_par' dir='ltr' id='par_1_88' title="bbox 2132 4214 3631 4280">
     <span class='ocr_line' id='line_1_88' title="bbox 2132 4214 3631 4280; baseline 0 -6"><span class='ocrx_word' id='word_1_641' title='bbox 2132 4218 2372 4274; x_wconf 83' lang='lat' dir='ltr'><strong>Delectat</strong></span> <span class='ocrx_word' id='word_1_642' title='bbox 2411 4217 2597 4273; x_wconf 92' lang='lat' dir='ltr'><strong>oculos</strong></span> <span class='ocrx_word' id='word_1_643' title='bbox 2630 4230 2759 4270; x_wconf 87' lang='lat' dir='ltr'><strong>sane</strong></span> <span class='ocrx_word' id='word_1_644' title='bbox 2787 4214 2890 4280; x_wconf 89' lang='lat' dir='ltr'><strong>sol,</strong></span> <span class='ocrx_word' id='word_1_645' title='bbox 2917 4229 3040 4270; x_wconf 89' lang='lat' dir='ltr'><strong>cum</strong></span> <span class='ocrx_word' id='word_1_646' title='bbox 3071 4214 3139 4270; x_wconf 92' lang='lat' dir='ltr'><strong>ab</strong></span> <span class='ocrx_word' id='word_1_647' title='bbox 3169 4225 3293 4271; x_wconf 90' lang='lat' dir='ltr'><strong>ortu</strong></span> <span class='ocrx_word' id='word_1_648' title='bbox 3339 4230 3460 4273; x_wconf 88' lang='lat' dir='ltr'><strong>sese</strong></span> <span class='ocrx_word' id='word_1_649' title='bbox 3503 4215 3631 4274; x_wconf 81' lang='lat' dir='ltr'><strong>ell‘e-</strong></span> 
     </span>
    </p>
   </div>
   <div class='ocr_carea' id='block_1_89' title="bbox 2060 4306 3632 4378">
    <p class='ocr_par' dir='ltr' id='par_1_89' title="bbox 2060 4306 3632 4378">
     <span class='ocr_line' id='line_1_89' title="bbox 2060 4306 3632 4378; baseline -0.002 -10"><span class='ocrx_word' id='word_1_650' title='bbox 2060 4326 2187 4368; x_wconf 79' lang='lat' dir='ltr'><strong>rens</strong></span> <span class='ocrx_word' id='word_1_651' title='bbox 2214 4310 2406 4366; x_wconf 77' lang='lat' dir='ltr'><strong>faciem</strong></span> <span class='ocrx_word' id='word_1_652' title='bbox 2438 4319 2596 4364; x_wconf 59' lang='lat' dir='ltr'><strong>terra;</strong></span> <span class='ocrx_word' id='word_1_653' title='bbox 2623 4322 2724 4363; x_wconf 92' lang='lat' dir='ltr'><strong>suo</strong></span> <span class='ocrx_word' id='word_1_654' title='bbox 2749 4306 3032 4378; x_wconf 88' lang='lat' dir='ltr'><strong>splendore</strong></span> <span class='ocrx_word' id='word_1_655' title='bbox 3060 4307 3372 4377; x_wconf 84' lang='lat' dir='ltr'><strong>collustrat;</strong></span> <span class='ocrx_word' id='word_1_656' title='bbox 3399 4308 3632 4367; x_wconf 69' lang='lat' dir='ltr'><strong>laetiﬁcat</strong></span> 
     </span>
    </p>
   </div>
   <div class='ocr_carea' id='block_1_90' title="bbox 454 4407 1949 4495">
    <p class='ocr_par' dir='ltr' id='par_1_90' title="bbox 454 4407 1946 4491">
     <span class='ocr_line' id='line_1_90' title="bbox 454 4407 1946 4491; baseline 0.003 -12"><span class='ocrx_word' id='word_1_657' title='bbox 454 4423 502 4455; x_wconf 82' lang='grc'>³³</span> <span class='ocrx_word' id='word_1_658' title='bbox 532 4422 648 4479; x_wconf 85' lang='lat' dir='ltr'><strong>Jac.</strong></span> <span class='ocrx_word' id='word_1_659' title='bbox 679 4438 740 4489; x_wconf 92' lang='grc' dir='ltr'><strong>ιι,</strong></span> <span class='ocrx_word' id='word_1_660' title='bbox 781 4423 874 4478; x_wconf 76' lang='lat'><strong>20.</strong></span> <span class='ocrx_word' id='word_1_661' title='bbox 948 4421 994 4455; x_wconf 71' lang='lat'><strong>“</strong></span> <span class='ocrx_word' id='word_1_662' title='bbox 1026 4407 1161 4478; x_wconf 85' lang='lat' dir='ltr'><strong>Gen.</strong></span> <span class='ocrx_word' id='word_1_663' title='bbox 1194 4438 1314 4489; x_wconf 77' lang='lat' dir='ltr'><strong>vui,</strong></span> <span class='ocrx_word' id='word_1_664' title='bbox 1339 4423 1393 4477; x_wconf 84' lang='lat'><strong>7.</strong></span> <span class='ocrx_word' id='word_1_665' title='bbox 1470 4422 1517 4456; x_wconf 84' lang='grc'><strong>³⁸</strong></span> <span class='ocrx_word' id='word_1_666' title='bbox 1557 4421 1746 4480; x_wconf 78' lang='lat' dir='ltr'><strong>Matth.</strong></span> <span class='ocrx_word' id='word_1_667' title='bbox 1786 4437 1827 4491; x_wconf 92' lang='grc' dir='ltr'><strong>ι,</strong></span> <span class='ocrx_word' id='word_1_668' title='bbox 1854 4427 1946 4483; x_wconf 78' lang='lat'><strong>25.</strong></span> 
     </span>
    </p>
   </div>
   <div class='ocr_carea' id='block_1_91' title="bbox 2055 4407 3106 4495">
    <p class='ocr_par' dir='ltr' id='par_1_91' title="bbox 2055 4423 3106 4495">
     <span class='ocr_line' id='line_1_91' title="bbox 2055 4423 3106 4495; baseline -0.001 -13"><span class='ocrx_word' id='word_1_669' title='bbox 2055 4428 2069 4460; x_wconf 86' lang='lat'><strong>&#39;</strong></span> <span class='ocrx_word' id='word_1_670' title='bbox 2097 4427 2238 4484; x_wconf 87' lang='lat' dir='ltr'><strong>Psal.</strong></span> <span class='ocrx_word' id='word_1_671' title='bbox 2267 4441 2377 4492; x_wconf 80' lang='lat' dir='ltr'><strong>clx,</strong></span> <span class='ocrx_word' id='word_1_672' title='bbox 2404 4425 2461 4495; x_wconf 73' lang='grc'><strong>2,</strong></span> <span class='ocrx_word' id='word_1_673' title='bbox 2493 4425 2547 4480; x_wconf 79' lang='lat'><strong>5.</strong></span> <span class='ocrx_word' id='word_1_674' title='bbox 2624 4424 2667 4458; x_wconf 80' lang='grc'><strong>³⁷</strong></span> <span class='ocrx_word' id='word_1_675' title='bbox 2694 4423 2717 4480; x_wconf 83' lang='grc' dir='ltr'>Ι</span> <span class='ocrx_word' id='word_1_676' title='bbox 2743 4423 2871 4481; x_wconf 88' lang='lat' dir='ltr'><strong>Cor.</strong></span> <span class='ocrx_word' id='word_1_677' title='bbox 2907 4438 2983 4490; x_wconf 75' lang='lat' dir='ltr'><strong>Vl,</strong></span> <span class='ocrx_word' id='word_1_678' title='bbox 3017 4423 3106 4481; x_wconf 79' lang='lat' dir='ltr'><strong>t5.</strong></span> 
     </span>
    </p>
   </div>
   <div class='ocr_carea' id='block_1_92' title="bbox 1618 4535 2421 4611">
    <p class='ocr_par' dir='ltr' id='par_1_92' title="bbox 1618 4535 2421 4611">
     <span class='ocr_line' id='line_1_92' title="bbox 1618 4535 2421 4611; baseline -0.001 -14"><span class='ocrx_word' id='word_1_679' title='bbox 1618 4536 1941 4599; x_wconf 84' lang='lat' dir='ltr'><strong>Francisci</strong></span> <span class='ocrx_word' id='word_1_680' title='bbox 1977 4535 2183 4600; x_wconf 91' lang='lat' dir='ltr'><strong>Scorsi</strong></span> <span class='ocrx_word' id='word_1_681' title='bbox 2231 4541 2421 4611; x_wconf 67' lang='lat' dir='ltr'><strong>nota).</strong></span> 
     </span>
    </p>
   </div>
   <div class='ocr_carea' id='block_1_93' title="bbox 458 4635 3630 4711">
    <p class='ocr_par' dir='ltr' id='par_1_93' title="bbox 458 4635 3630 4711">
     <span class='ocr_line' id='line_1_93' title="bbox 458 4635 3630 4711; baseline 0.001 -16"><span class='ocrx_word' id='word_1_682' title='bbox 458 4639 575 4711; x_wconf 75' lang='lat'><strong>(82)</strong></span> <span class='ocrx_word' id='word_1_683' title='bbox 616 4636 718 4693; x_wconf 80' lang='lat' dir='ltr'><strong>Sea</strong></span> <span class='ocrx_word' id='word_1_684' title='bbox 745 4637 1010 4706; x_wconf 81' lang='lat' dir='ltr'><strong>inﬁnitum</strong></span> <span class='ocrx_word' id='word_1_685' title='bbox 1067 4638 1259 4705; x_wconf 78' lang='lat' dir='ltr'><strong>potius.</strong></span> <span class='ocrx_word' id='word_1_686' title='bbox 1301 4635 1696 4711; x_wconf 71' lang='lat' dir='ltr'><strong>Receptissima</strong></span> <span class='ocrx_word' id='word_1_687' title='bbox 1731 4647 1815 4693; x_wconf 85' lang='lat' dir='ltr'><strong>est</strong></span> <span class='ocrx_word' id='word_1_688' title='bbox 1847 4638 1963 4711; x_wconf 84' lang='lat' dir='ltr'><strong>haec</strong></span> <span class='ocrx_word' id='word_1_689' title='bbox 1992 4643 2039 4703; x_wconf 88' lang='lat' dir='ltr'><strong>D</strong></span> <span class='ocrx_word' id='word_1_690' title='bbox 2067 4653 2171 4693; x_wconf 90' lang='lat' dir='ltr'><strong>non</strong></span> <span class='ocrx_word' id='word_1_691' title='bbox 2207 4636 2483 4711; x_wconf 78' lang='lat' dir='ltr'><strong>peperisse</strong></span> <span class='ocrx_word' id='word_1_692' title='bbox 2501 4650 2767 4711; x_wconf 71' lang='lat' dir='ltr'><strong>unquam,</strong></span> <span class='ocrx_word' id='word_1_693' title='bbox 2796 4644 3446 4711; x_wconf 83' lang='lat' dir='ltr'><strong>antequam_moreret_ur,</strong></span> <span class='ocrx_word' id='word_1_694' title='bbox 3482 4648 3630 4709; x_wconf 90' lang='lat' dir='ltr'><strong>quod</strong></span> 
     </span>
    </p>
   </div>
   <div class='ocr_carea' id='block_1_94' title="bbox 382 4706 1956 4780">
    <p class='ocr_par' dir='ltr' id='par_1_94' title="bbox 382 4706 1956 4780">
     <span class='ocr_line' id='line_1_94' title="bbox 382 4706 1956 4780; baseline -0.003 -14"><span class='ocrx_word' id='word_1_695' title='bbox 382 4706 678 4780; x_wconf 74' lang='lat' dir='ltr'><strong>explicatio</strong></span> <span class='ocrx_word' id='word_1_696' title='bbox 738 4711 878 4777; x_wconf 86' lang='lat' dir='ltr'><strong>apud</strong></span> <span class='ocrx_word' id='word_1_697' title='bbox 928 4722 1119 4780; x_wconf 71' lang='lat' dir='ltr'><strong>omnes</strong></span> <span class='ocrx_word' id='word_1_698' title='bbox 1149 4723 1428 4780; x_wconf 79' lang='lat' dir='ltr'><strong>Sacrarum</strong></span> <span class='ocrx_word' id='word_1_699' title='bbox 1490 4706 1823 4780; x_wconf 72' lang='lat' dir='ltr'><strong>Litterarum</strong></span> <span class='ocrx_word' id='word_1_700' title='bbox 1854 4709 1956 4780; x_wconf 66' lang='grc' dir='ltr'><strong>⁸ιιι-</strong></span> 
     </span>
    </p>
   </div>
   <div class='ocr_carea' id='block_1_95' title="bbox 381 4775 1959 4850">
    <p class='ocr_par' dir='ltr' id='par_1_95' title="bbox 381 4775 1959 4850">
     <span class='ocr_line' id='line_1_95' title="bbox 381 4775 1959 4850; baseline -0.003 -16"><span class='ocrx_word' id='word_1_701' title='bbox 381 4775 675 4850; x_wconf 71' lang='lat' dir='ltr'><strong>terpretes,</strong></span> <span class='ocrx_word' id='word_1_702' title='bbox 704 4775 797 4846; x_wconf 69' lang='lat' dir='ltr'><strong>qui</strong></span> <span class='ocrx_word' id='word_1_703' title='bbox 829 4792 989 4832; x_wconf 81' lang='lat' dir='ltr'><strong>voces</strong></span> <span class='ocrx_word' id='word_1_704' title='bbox 1017 4776 1232 4850; x_wconf 70' lang='lat' dir='ltr'><strong>Graecas</strong></span> <span class='ocrx_word' id='word_1_705' title='bbox 1265 4776 1394 4850; x_wconf 61' lang='grc' dir='ltr'><strong>ἕως,</strong></span> <span class='ocrx_word' id='word_1_706' title='bbox 1428 4787 1483 4833; x_wconf 88' lang='lat' dir='ltr'><strong>et</strong></span> <span class='ocrx_word' id='word_1_707' title='bbox 1530 4775 1715 4849; x_wconf 77' lang='grc' dir='ltr'><strong>ἄχρις,</strong></span> <span class='ocrx_word' id='word_1_708' title='bbox 1762 4789 1816 4832; x_wconf 90' lang='lat' dir='ltr'><strong>et</strong></span> <span class='ocrx_word' id='word_1_709' title='bbox 1852 4777 1959 4831; x_wconf 85' lang='lat' dir='ltr'><strong>La-</strong></span> 
     </span>
    </p>
   </div>
   <div class='ocr_carea' id='block_1_96' title="bbox 383 4847 1958 4918">
    <p class='ocr_par' dir='ltr' id='par_1_96' title="bbox 383 4847 1958 4918">
     <span class='ocr_line' id='line_1_96' title="bbox 383 4847 1958 4918; baseline -0.001 -13"><span class='ocrx_word' id='word_1_710' title='bbox 383 4847 532 4905; x_wconf 78' lang='lat' dir='ltr'><strong>tinas</strong></span> <span class='ocrx_word' id='word_1_711' title='bbox 588 4856 752 4901; x_wconf 81' lang='lat' dir='ltr'><strong>donec</strong></span> <span class='ocrx_word' id='word_1_712' title='bbox 806 4859 860 4901; x_wconf 88' lang='lat' dir='ltr'><strong>et</strong></span> <span class='ocrx_word' id='word_1_713' title='bbox 908 4864 1091 4918; x_wconf 80' lang='lat' dir='ltr'><strong>Itaque,</strong></span> <span class='ocrx_word' id='word_1_714' title='bbox 1116 4849 1168 4902; x_wconf 91' lang='lat' dir='ltr'><strong>in</strong></span> <span class='ocrx_word' id='word_1_715' title='bbox 1203 4847 1390 4902; x_wconf 87' lang='lat' dir='ltr'><strong>relatis</strong></span> <span class='ocrx_word' id='word_1_716' title='bbox 1421 4850 1488 4902; x_wconf 89' lang='lat' dir='ltr'><strong>ab</strong></span> <span class='ocrx_word' id='word_1_717' title='bbox 1518 4847 1740 4903; x_wconf 78' lang='lat' dir='ltr'><strong>auctore</strong></span> <span class='ocrx_word' id='word_1_718' title='bbox 1771 4859 1958 4904; x_wconf 89' lang='lat' dir='ltr'><strong>nostro</strong></span> 
     </span>
    </p>
   </div>
   <div class='ocr_carea' id='block_1_97' title="bbox 381 4918 1957 4985">
    <p class='ocr_par' dir='ltr' id='par_1_97' title="bbox 381 4918 1957 4985">
     <span class='ocr_line' id='line_1_97' title="bbox 381 4918 1957 4985; baseline -0.002 -12"><span class='ocrx_word' id='word_1_719' title='bbox 381 4921 544 4982; x_wconf 89' lang='lat' dir='ltr'><strong>locis,</strong></span> <span class='ocrx_word' id='word_1_720' title='bbox 579 4928 634 4972; x_wconf 91' lang='lat' dir='ltr'><strong>et</strong></span> <span class='ocrx_word' id='word_1_721' title='bbox 674 4918 795 4971; x_wconf 86' lang='lat' dir='ltr'><strong>aliis</strong></span> <span class='ocrx_word' id='word_1_722' title='bbox 837 4933 974 4985; x_wconf 87' lang='lat' dir='ltr'><strong>quos</strong></span> <span class='ocrx_word' id='word_1_723' title='bbox 1037 4919 1128 4971; x_wconf 89' lang='lat' dir='ltr'><strong>alii</strong></span> <span class='ocrx_word' id='word_1_724' title='bbox 1179 4924 1386 4980; x_wconf 89' lang='lat' dir='ltr'><strong>notant,</strong></span> <span class='ocrx_word' id='word_1_725' title='bbox 1446 4933 1553 4973; x_wconf 92' lang='lat' dir='ltr'><strong>non</strong></span> <span class='ocrx_word' id='word_1_726' title='bbox 1620 4918 1957 4973; x_wconf 86' lang='lat' dir='ltr'><strong>determina-</strong></span> 
     </span>
    </p>
   </div>
   <div class='ocr_carea' id='block_1_98' title="bbox 382 4987 1962 5057">
    <p class='ocr_par' dir='ltr' id='par_1_98' title="bbox 382 4987 1962 5057">
     <span class='ocr_line' id='line_1_98' title="bbox 382 4987 1962 5057; baseline -0.002 -13"><span class='ocrx_word' id='word_1_727' title='bbox 382 5001 498 5044; x_wconf 81' lang='lat' dir='ltr'><strong>tam</strong></span> <span class='ocrx_word' id='word_1_728' title='bbox 542 4988 742 5042; x_wconf 86' lang='lat' dir='ltr'><strong>habere</strong></span> <span class='ocrx_word' id='word_1_729' title='bbox 770 4990 1029 5056; x_wconf 85' lang='lat' dir='ltr'><strong>temporis</strong></span> <span class='ocrx_word' id='word_1_730' title='bbox 1054 4987 1530 5057; x_wconf 88' lang='lat' dir='ltr'><strong>signilicatiouem,</strong></span> <span class='ocrx_word' id='word_1_731' title='bbox 1567 5002 1742 5057; x_wconf 83' lang='lat' dir='ltr'><strong>neque</strong></span> <span class='ocrx_word' id='word_1_732' title='bbox 1762 5001 1962 5057; x_wconf 86' lang='lat' dir='ltr'><strong>negare</strong></span> 
     </span>
    </p>
   </div>
   <div class='ocr_carea' id='block_1_99' title="bbox 2065 4706 3628 4765">
    <p class='ocr_par' dir='ltr' id='par_1_99' title="bbox 2065 4706 3628 4765">
     <span class='ocr_line' id='line_1_99' title="bbox 2065 4706 3628 4765; baseline 0.001 -2"><span class='ocrx_word' id='word_1_733' title='bbox 2065 4718 2185 4764; x_wconf 89' lang='lat' dir='ltr'><strong>erat</strong></span> <span class='ocrx_word' id='word_1_734' title='bbox 2210 4706 2526 4761; x_wconf 74' lang='lat' dir='ltr'><strong>incertum.</strong></span> <span class='ocrx_word' id='word_1_735' title='bbox 2583 4707 2742 4761; x_wconf 79' lang='lat' dir='ltr'><strong>Hunc</strong></span> <span class='ocrx_word' id='word_1_736' title='bbox 2799 4706 3050 4761; x_wconf 85' lang='lat' dir='ltr'><strong>eumdem</strong></span> <span class='ocrx_word' id='word_1_737' title='bbox 3085 4707 3264 4762; x_wconf 92' lang='lat' dir='ltr'><strong>locum</strong></span> <span class='ocrx_word' id='word_1_738' title='bbox 3301 4706 3460 4763; x_wconf 73' lang='lat' dir='ltr'><strong>atlert</strong></span> <span class='ocrx_word' id='word_1_739' title='bbox 3489 4706 3628 4765; x_wconf 79' lang='lat' dir='ltr'><strong>Cor-</strong></span> 
     </span>
    </p>
   </div>
   <div class='ocr_carea' id='block_1_100' title="bbox 2065 4774 3628 4848">
    <p class='ocr_par' dir='ltr' id='par_1_100' title="bbox 2065 4774 3628 4848">
     <span class='ocr_line' id='line_1_100' title="bbox 2065 4774 3628 4848; baseline 0.001 -16"><span class='ocrx_word' id='word_1_740' title='bbox 2065 4779 2244 4833; x_wconf 89' lang='lat' dir='ltr'><strong>nelius</strong></span> <span class='ocrx_word' id='word_1_741' title='bbox 2279 4777 2331 4830; x_wconf 89' lang='lat' dir='ltr'><strong>in</strong></span> <span class='ocrx_word' id='word_1_742' title='bbox 2370 4791 2488 4845; x_wconf 86' lang='lat' dir='ltr'><strong>cap.</strong></span> <span class='ocrx_word' id='word_1_743' title='bbox 2523 4792 2536 4830; x_wconf 93' lang='grc' dir='ltr'><strong>ι</strong></span> <span class='ocrx_word' id='word_1_744' title='bbox 2592 4775 2783 4848; x_wconf 74' lang='lat' dir='ltr'><strong>Matth.</strong></span> <span class='ocrx_word' id='word_1_745' title='bbox 2836 4777 2975 4831; x_wconf 89' lang='lat' dir='ltr'><strong>idem</strong></span> <span class='ocrx_word' id='word_1_746' title='bbox 3014 4776 3293 4848; x_wconf 75' lang='lat' dir='ltr'><strong>asserens.</strong></span> <span class='ocrx_word' id='word_1_747' title='bbox 3347 4774 3440 4848; x_wconf 9' lang='lat' dir='ltr'><strong>in!</strong></span> <span class='ocrx_word' id='word_1_748' title='bbox 3473 4781 3628 4848; x_wconf 86' lang='lat' dir='ltr'><strong>hujus</strong></span> 
     </span>
    </p>
   </div>
   <div class='ocr_carea' id='block_1_101' title="bbox 2064 4844 3631 4916">
    <p class='ocr_par' dir='ltr' id='par_1_101' title="bbox 2064 4844 3631 4916">
     <span class='ocr_line' id='line_1_101' title="bbox 2064 4844 3631 4916; baseline 0.001 -14"><span class='ocrx_word' id='word_1_749' title='bbox 2064 4858 2353 4916; x_wconf 69' lang='lat' dir='ltr'><strong>postrema:</strong></span> <span class='ocrx_word' id='word_1_750' title='bbox 2378 4844 2516 4916; x_wconf 68' lang='lat' dir='ltr'><strong>uota:</strong></span> <span class='ocrx_word' id='word_1_751' title='bbox 2568 4845 2718 4900; x_wconf 81' lang='lat' dir='ltr'><strong>calce</strong></span> <span class='ocrx_word' id='word_1_752' title='bbox 2745 4847 2967 4916; x_wconf 76' lang='lat' dir='ltr'><strong>adverto</strong></span> <span class='ocrx_word' id='word_1_753' title='bbox 3013 4844 3203 4916; x_wconf 86' lang='lat' dir='ltr'><strong>harum</strong></span> <span class='ocrx_word' id='word_1_754' title='bbox 3251 4846 3498 4916; x_wconf 87' lang='lat' dir='ltr'><strong>undecim</strong></span> <span class='ocrx_word' id='word_1_755' title='bbox 3529 4844 3631 4904; x_wconf 75' lang='lat' dir='ltr'><strong>lio-</strong></span> 
     </span>
    </p>
   </div>
   <div class='ocr_carea' id='block_1_102' title="bbox 2064 4914 3619 4983">
    <p class='ocr_par' dir='ltr' id='par_1_102' title="bbox 2064 4914 3619 4983">
     <span class='ocr_line' id='line_1_102' title="bbox 2064 4914 3619 4983; baseline 0 -11"><span class='ocrx_word' id='word_1_756' title='bbox 2064 4914 2339 4972; x_wconf 84' lang='lat' dir='ltr'><strong>iniliarum</strong></span> <span class='ocrx_word' id='word_1_757' title='bbox 2393 4914 2648 4970; x_wconf 86' lang='lat' dir='ltr'><strong>habuisse</strong></span> <span class='ocrx_word' id='word_1_758' title='bbox 2698 4930 2783 4969; x_wconf 89' lang='lat' dir='ltr'><strong>me</strong></span> <span class='ocrx_word' id='word_1_759' title='bbox 2817 4914 2925 4967; x_wconf 89' lang='lat' dir='ltr'><strong>duo</strong></span> <span class='ocrx_word' id='word_1_760' title='bbox 2977 4914 3331 4980; x_wconf 80' lang='lat' dir='ltr'><strong>exemplaria,</strong></span> <span class='ocrx_word' id='word_1_761' title='bbox 3388 4930 3619 4983; x_wconf 87' lang='lat' dir='ltr'><strong>quormn</strong></span> 
     </span>
    </p>
   </div>
   <div class='ocr_carea' id='block_1_103' title="bbox 2066 4983 3630 5053">
    <p class='ocr_par' dir='ltr' id='par_1_103' title="bbox 2066 4983 3630 5053">
     <span class='ocr_line' id='line_1_103' title="bbox 2066 4983 3630 5053; baseline -0.001 -11"><span class='ocrx_word' id='word_1_762' title='bbox 2066 4988 2296 5042; x_wconf 82' lang='lat' dir='ltr'><strong>alterum</strong></span> <span class='ocrx_word' id='word_1_763' title='bbox 2350 4985 2736 5053; x_wconf 73' lang='lat' dir='ltr'><strong>transcriptum</strong></span> <span class='ocrx_word' id='word_1_764' title='bbox 2771 4998 2837 5038; x_wconf 76' lang='lat' dir='ltr'><strong>ex</strong></span> <span class='ocrx_word' id='word_1_765' title='bbox 2872 4983 3097 5051; x_wconf 89' lang='lat' dir='ltr'><strong>antiquo</strong></span> <span class='ocrx_word' id='word_1_766' title='bbox 3124 4984 3418 5052; x_wconf 80' lang='lat' dir='ltr'><strong>exemplari</strong></span> <span class='ocrx_word' id='word_1_767' title='bbox 3444 4984 3630 5041; x_wconf 71' lang='lat' dir='ltr'><strong>Roma:</strong></span> 
     </span>
    </p>
   </div>
   <div class='ocr_carea' id='block_1_104' title="bbox 383 5052 3626 5127">
    <p class='ocr_par' dir='ltr' id='par_1_104' title="bbox 383 5052 3626 5127">
     <span class='ocr_line' id='line_1_104' title="bbox 383 5052 3626 5127; baseline -0.001 -14"><span class='ocrx_word' id='word_1_768' title='bbox 383 5065 722 5127; x_wconf 80' lang='lat' dir='ltr'><strong>subsequens</strong></span> <span class='ocrx_word' id='word_1_769' title='bbox 768 5052 928 5109; x_wconf 82' lang='lat' dir='ltr'><strong>omne</strong></span> <span class='ocrx_word' id='word_1_770' title='bbox 959 5052 1171 5124; x_wconf 73' lang='lat' dir='ltr'><strong>tempus</strong></span> <span class='ocrx_word' id='word_1_771' title='bbox 1225 5056 1455 5127; x_wconf 89' lang='lat' dir='ltr'><strong>docent;</strong></span> <span class='ocrx_word' id='word_1_772' title='bbox 1499 5052 1591 5110; x_wconf 87' lang='lat' dir='ltr'><strong>sed</strong></span> <span class='ocrx_word' id='word_1_773' title='bbox 1628 5052 1685 5109; x_wconf 85' lang='grc' dir='ltr'><strong>ιιί</strong></span> <span class='ocrx_word' id='word_1_774' title='bbox 1723 5052 1964 5111; x_wconf 57' lang='grc' dir='ltr'><strong>Ιιτεῦἰιρι·</strong></span> <span class='ocrx_word' id='word_1_775' title='bbox 2068 5055 2131 5111; x_wconf 82' lang='grc' dir='ltr'><strong>Ρ.</strong></span> <span class='ocrx_word' id='word_1_776' title='bbox 2176 5055 2358 5111; x_wconf 80' lang='lat' dir='ltr'><strong>Jacobi</strong></span> <span class='ocrx_word' id='word_1_777' title='bbox 2408 5052 2691 5127; x_wconf 79' lang='lat' dir='ltr'><strong>Sirmundi</strong></span> <span class='ocrx_word' id='word_1_778' title='bbox 2737 5067 2921 5127; x_wconf 78' lang='lat' dir='ltr'><strong>manu,</strong></span> <span class='ocrx_word' id='word_1_779' title='bbox 2982 5061 3036 5105; x_wconf 90' lang='lat' dir='ltr'><strong>et</strong></span> <span class='ocrx_word' id='word_1_780' title='bbox 3096 5052 3316 5127; x_wconf 68' lang='lat' dir='ltr'><strong>quidem</strong></span> <span class='ocrx_word' id='word_1_781' title='bbox 3352 5055 3626 5125; x_wconf 81' lang='lat' dir='ltr'><strong>integrqu</strong></span> 
     </span>
    </p>
   </div>
   <div class='ocr_carea' id='block_1_105' title="bbox 382 5126 1957 5199">
    <p class='ocr_par' dir='ltr' id='par_1_105' title="bbox 382 5126 1957 5199">
     <span class='ocr_line' id='line_1_105' title="bbox 382 5126 1957 5199; baseline -0.004 -15"><span class='ocrx_word' id='word_1_782' title='bbox 382 5142 442 5184; x_wconf 85' lang='lat' dir='ltr'><strong>et</strong></span> <span class='ocrx_word' id='word_1_783' title='bbox 494 5126 685 5199; x_wconf 83' lang='lat' dir='ltr'><strong>argute</strong></span> <span class='ocrx_word' id='word_1_784' title='bbox 713 5127 1000 5180; x_wconf 72' lang='lat' dir='ltr'><strong>Mahlonat.</strong></span> <span class='ocrx_word' id='word_1_785' title='bbox 1062 5137 1292 5199; x_wconf 67' lang='lat' dir='ltr'><strong>uoster,</strong></span> <span class='ocrx_word' id='word_1_786' title='bbox 1346 5126 1649 5199; x_wconf 67' lang='lat' dir='ltr'><strong>signiﬁcare</strong></span> <span class='ocrx_word' id='word_1_787' title='bbox 1702 5127 1753 5180; x_wconf 89' lang='lat' dir='ltr'><strong>id</strong></span> <span class='ocrx_word' id='word_1_788' title='bbox 1813 5128 1957 5199; x_wconf 76' lang='lat' dir='ltr'><strong>quod</strong></span> 
     </span>
    </p>
   </div>
   <div class='ocr_carea' id='block_1_106' title="bbox 381 5195 1956 5266">
    <p class='ocr_par' dir='ltr' id='par_1_106' title="bbox 381 5195 1956 5266">
     <span class='ocr_line' id='line_1_106' title="bbox 381 5195 1956 5266; baseline -0.001 -13"><span class='ocrx_word' id='word_1_789' title='bbox 381 5210 472 5253; x_wconf 78' lang='lat' dir='ltr'><strong>est</strong></span> <span class='ocrx_word' id='word_1_790' title='bbox 517 5195 769 5262; x_wconf 79' lang='lat' dir='ltr'><strong>dubium,</strong></span> <span class='ocrx_word' id='word_1_791' title='bbox 796 5204 979 5251; x_wconf 84' lang='lat' dir='ltr'><strong>tacere</strong></span> <span class='ocrx_word' id='word_1_792' title='bbox 1006 5195 1150 5266; x_wconf 91' lang='lat' dir='ltr'><strong>quod</strong></span> <span class='ocrx_word' id='word_1_793' title='bbox 1181 5207 1267 5251; x_wconf 89' lang='lat' dir='ltr'><strong>est</strong></span> <span class='ocrx_word' id='word_1_794' title='bbox 1294 5208 1522 5252; x_wconf 89' lang='lat' dir='ltr'><strong>certum.</strong></span> <span class='ocrx_word' id='word_1_795' title='bbox 1548 5195 1681 5250; x_wconf 84' lang='lat' dir='ltr'><strong>Nam</strong></span> <span class='ocrx_word' id='word_1_796' title='bbox 1710 5206 1778 5266; x_wconf 70' lang='lat' dir='ltr'><strong>ut</strong></span> <span class='ocrx_word' id='word_1_797' title='bbox 1811 5195 1956 5251; x_wconf 87' lang='lat' dir='ltr'><strong>aliud</strong></span> 
     </span>
    </p>
   </div>
   <div class='ocr_carea' id='block_1_107' title="bbox 383 5265 1950 5339">
    <p class='ocr_par' dir='ltr' id='par_1_107' title="bbox 383 5265 1950 5339">
     <span class='ocr_line' id='line_1_107' title="bbox 383 5265 1950 5339; baseline -0.002 -17"><span class='ocrx_word' id='word_1_798' title='bbox 383 5280 655 5339; x_wconf 67' lang='lat' dir='ltr'><strong>praeterea</strong></span> <span class='ocrx_word' id='word_1_799' title='bbox 703 5265 1074 5339; x_wconf 73' lang='lat' dir='ltr'><strong>adiungamus</strong></span> <span class='ocrx_word' id='word_1_800' title='bbox 1107 5266 1411 5339; x_wconf 77' lang='lat' dir='ltr'><strong>exemplum</strong></span> <span class='ocrx_word' id='word_1_801' title='bbox 1466 5267 1531 5339; x_wconf 75' lang='lat' dir='ltr'><strong>iis</strong></span> <span class='ocrx_word' id='word_1_802' title='bbox 1558 5281 1685 5339; x_wconf 79' lang='lat' dir='ltr'><strong>quae</strong></span> <span class='ocrx_word' id='word_1_803' title='bbox 1704 5265 1950 5333; x_wconf 80' lang='lat' dir='ltr'><strong>Theoph.</strong></span> 
     </span>
    </p>
   </div>
   <div class='ocr_carea' id='block_1_108' title="bbox 383 5336 1948 5403">
    <p class='ocr_par' dir='ltr' id='par_1_108' title="bbox 383 5336 1948 5403">
     <span class='ocr_line' id='line_1_108' title="bbox 383 5336 1948 5403; baseline -0.004 -11"><span class='ocrx_word' id='word_1_804' title='bbox 383 5336 479 5392; x_wconf 73' lang='lat' dir='ltr'><strong>hic</strong></span> <span class='ocrx_word' id='word_1_805' title='bbox 530 5336 774 5401; x_wconf 84' lang='lat' dir='ltr'><strong>adducit,</strong></span> <span class='ocrx_word' id='word_1_806' title='bbox 818 5336 982 5403; x_wconf 79' lang='lat' dir='ltr'><strong>hujus</strong></span> <span class='ocrx_word' id='word_1_807' title='bbox 1046 5336 1309 5390; x_wconf 75' lang='lat' dir='ltr'><strong>doctrinae</strong></span> <span class='ocrx_word' id='word_1_808' title='bbox 1353 5337 1737 5390; x_wconf 64' lang='lat' dir='ltr'><strong>conﬁrmandae</strong></span> <span class='ocrx_word' id='word_1_809' title='bbox 1763 5349 1948 5399; x_wconf 82' lang='lat' dir='ltr'><strong>causa,</strong></span> 
     </span>
    </p>
   </div>
   <div class='ocr_carea' id='block_1_109' title="bbox 381 5405 1945 5475">
    <p class='ocr_par' dir='ltr' id='par_1_109' title="bbox 381 5405 1945 5475">
     <span class='ocr_line' id='line_1_109' title="bbox 381 5405 1945 5475; baseline -0.001 -17"><span class='ocrx_word' id='word_1_810' title='bbox 381 5422 506 5475; x_wconf 77' lang='lat' dir='ltr'><strong>qua:</strong></span> <span class='ocrx_word' id='word_1_811' title='bbox 535 5421 640 5460; x_wconf 87' lang='lat' dir='ltr'><strong>nou</strong></span> <span class='ocrx_word' id='word_1_812' title='bbox 694 5405 848 5474; x_wconf 83' lang='lat' dir='ltr'><strong>parvi</strong></span> <span class='ocrx_word' id='word_1_813' title='bbox 900 5405 1158 5475; x_wconf 75' lang='lat' dir='ltr'><strong>momenti</strong></span> <span class='ocrx_word' id='word_1_814' title='bbox 1204 5417 1310 5469; x_wconf 82' lang='lat' dir='ltr'><strong>est,</strong></span> <span class='ocrx_word' id='word_1_815' title='bbox 1341 5412 1408 5458; x_wconf 84' lang='lat' dir='ltr'><strong>ad</strong></span> <span class='ocrx_word' id='word_1_816' title='bbox 1454 5417 1661 5459; x_wconf 87' lang='lat' dir='ltr'><strong>rectum</strong></span> <span class='ocrx_word' id='word_1_817' title='bbox 1698 5408 1945 5460; x_wconf 85' lang='lat' dir='ltr'><strong>locorum</strong></span> 
     </span>
    </p>
   </div>
   <div class='ocr_carea' id='block_1_110' title="bbox 381 5474 1941 5545">
    <p class='ocr_par' dir='ltr' id='par_1_110' title="bbox 381 5474 1941 5545">
     <span class='ocr_line' id='line_1_110' title="bbox 381 5474 1941 5545; baseline -0.003 -14"><span class='ocrx_word' id='word_1_818' title='bbox 381 5474 561 5531; x_wconf 69' lang='lat' dir='ltr'><strong>sacrae</strong></span> <span class='ocrx_word' id='word_1_819' title='bbox 585 5477 881 5545; x_wconf 62' lang='lat' dir='ltr'><strong>scripturae</strong></span> <span class='ocrx_word' id='word_1_820' title='bbox 930 5474 1288 5545; x_wconf 85' lang='lat' dir='ltr'><strong>intellectum,</strong></span> <span class='ocrx_word' id='word_1_821' title='bbox 1324 5490 1445 5530; x_wconf 92' lang='lat' dir='ltr'><strong>cum</strong></span> <span class='ocrx_word' id='word_1_822' title='bbox 1479 5475 1519 5529; x_wconf 93' lang='lat' dir='ltr'><strong>ll</strong></span> <span class='ocrx_word' id='word_1_823' title='bbox 1556 5475 1693 5545; x_wconf 80' lang='lat' dir='ltr'><strong>Reg.</strong></span> <span class='ocrx_word' id='word_1_824' title='bbox 1709 5488 1841 5545; x_wconf 72' lang='lat' dir='ltr'><strong>cap.</strong></span> <span class='ocrx_word' id='word_1_825' title='bbox 1867 5490 1941 5540; x_wconf 76' lang='grc' dir='ltr'><strong>γι,</strong></span> 
     </span>
    </p>
   </div>
   <div class='ocr_carea' id='block_1_111' title="bbox 384 5543 1942 5615">
    <p class='ocr_par' dir='ltr' id='par_1_111' title="bbox 384 5543 1942 5615">
     <span class='ocr_line' id='line_1_111' title="bbox 384 5543 1942 5615; baseline -0.003 -15"><span class='ocrx_word' id='word_1_826' title='bbox 384 5549 608 5600; x_wconf 75' lang='lat' dir='ltr'><strong>dicitur:</strong></span> <span class='ocrx_word' id='word_1_827' title='bbox 635 5543 834 5598; x_wconf 70' lang='lat' dir='ltr'><strong>lichol</strong></span> <span class='ocrx_word' id='word_1_828' title='bbox 878 5544 1011 5615; x_wconf 69' lang='lat' dir='ltr'><strong>ﬁlim</strong></span> <span class='ocrx_word' id='word_1_829' title='bbox 1043 5544 1180 5599; x_wconf 81' lang='lat' dir='ltr'><strong>Saul</strong></span> <span class='ocrx_word' id='word_1_830' title='bbox 1202 5560 1305 5597; x_wconf 79' lang='lat' dir='ltr'><strong>non</strong></span> <span class='ocrx_word' id='word_1_831' title='bbox 1325 5553 1403 5615; x_wconf 63' lang='lat' dir='ltr'><strong>est</strong></span> <span class='ocrx_word' id='word_1_832' title='bbox 1426 5555 1581 5600; x_wconf 82' lang='lat' dir='ltr'><strong>natus</strong></span> <span class='ocrx_word' id='word_1_833' title='bbox 1609 5543 1755 5613; x_wconf 72' lang='lat' dir='ltr'><strong>ﬁlius</strong></span> <span class='ocrx_word' id='word_1_834' title='bbox 1780 5543 1942 5613; x_wconf 66' lang='lat' dir='ltr'><strong>itaque</strong></span> 
     </span>
    </p>
   </div>
   <div class='ocr_carea' id='block_1_112' title="bbox 381 5613 1941 5683">
    <p class='ocr_par' dir='ltr' id='par_1_112' title="bbox 381 5613 1941 5683">
     <span class='ocr_line' id='line_1_112' title="bbox 381 5613 1941 5683; baseline -0.002 -15"><span class='ocrx_word' id='word_1_835' title='bbox 381 5618 599 5668; x_wconf 68' lang='lat' dir='ltr'><strong>indicta</strong></span> <span class='ocrx_word' id='word_1_836' title='bbox 646 5617 831 5667; x_wconf 70' lang='lat' dir='ltr'><strong>mortis</strong></span> <span class='ocrx_word' id='word_1_837' title='bbox 875 5613 1008 5675; x_wconf 66' lang='lat' dir='ltr'><strong>sum,</strong></span> <span class='ocrx_word' id='word_1_838' title='bbox 1050 5630 1156 5668; x_wconf 87' lang='lat' dir='ltr'><strong>non</strong></span> <span class='ocrx_word' id='word_1_839' title='bbox 1184 5613 1455 5683; x_wconf 76' lang='lat' dir='ltr'><strong>signiﬁcat</strong></span> <span class='ocrx_word' id='word_1_840' title='bbox 1492 5629 1611 5668; x_wconf 81' lang='lat' dir='ltr'><strong>eam</strong></span> <span class='ocrx_word' id='word_1_841' title='bbox 1652 5623 1771 5682; x_wconf 85' lang='lat' dir='ltr'><strong>post</strong></span> <span class='ocrx_word' id='word_1_842' title='bbox 1798 5629 1941 5683; x_wconf 39' lang='lat' dir='ltr'><strong>mor:</strong></span> 
     </span>
    </p>
   </div>
   <div class='ocr_carea' id='block_1_113' title="bbox 383 5682 1940 5756">
    <p class='ocr_par' dir='ltr' id='par_1_113' title="bbox 383 5682 1940 5756">
     <span class='ocr_line' id='line_1_113' title="bbox 383 5682 1940 5756; baseline -0.003 -14"><span class='ocrx_word' id='word_1_843' title='bbox 383 5698 497 5742; x_wconf 84' lang='lat' dir='ltr'><strong>tetu</strong></span> <span class='ocrx_word' id='word_1_844' title='bbox 542 5687 835 5756; x_wconf 73' lang='lat' dir='ltr'><strong>peperisse,</strong></span> <span class='ocrx_word' id='word_1_845' title='bbox 865 5689 933 5739; x_wconf 84' lang='lat' dir='ltr'><strong>de</strong></span> <span class='ocrx_word' id='word_1_846' title='bbox 962 5700 1070 5753; x_wconf 83' lang='lat' dir='ltr'><strong>quo</strong></span> <span class='ocrx_word' id='word_1_847' title='bbox 1121 5682 1351 5738; x_wconf 83' lang='lat' dir='ltr'><strong>dubitari</strong></span> <span class='ocrx_word' id='word_1_848' title='bbox 1403 5699 1509 5738; x_wconf 90' lang='lat' dir='ltr'><strong>non</strong></span> <span class='ocrx_word' id='word_1_849' title='bbox 1567 5694 1798 5756; x_wconf 85' lang='lat' dir='ltr'><strong>poterat,</strong></span> <span class='ocrx_word' id='word_1_850' title='bbox 1848 5682 1940 5739; x_wconf 84' lang='lat' dir='ltr'><strong>sed</strong></span> 
     </span>
    </p>
   </div>
   <div class='ocr_carea' id='block_1_114' title="bbox 707 5778 1458 5842">
    <p class='ocr_par' dir='ltr' id='par_1_114' title="bbox 707 5778 1458 5842">
     <span class='ocr_line' id='line_1_114' title="bbox 707 5778 1458 5842; baseline -0.003 -1"><span class='ocrx_word' id='word_1_851' title='bbox 707 5779 979 5842; x_wconf 76' lang='grc' dir='ltr'><strong>ΡΔτιιοι..</strong></span> <span class='ocrx_word' id='word_1_852' title='bbox 1026 5779 1144 5842; x_wconf 77' lang='lat' dir='ltr'><strong>Gs.</strong></span> <span class='ocrx_word' id='word_1_853' title='bbox 1197 5778 1458 5840; x_wconf 82' lang='lat' dir='ltr'><strong>CXXXII</strong></span> 
     </span>
    </p>
   </div>
   <div class='ocr_carea' id='block_1_115' title="bbox 2061 5120 3628 5192">
    <p class='ocr_par' dir='ltr' id='par_1_115' title="bbox 2061 5120 3628 5192">
     <span class='ocr_line' id='line_1_115' title="bbox 2061 5120 3628 5192; baseline -0.001 -10"><span class='ocrx_word' id='word_1_854' title='bbox 2061 5127 2312 5182; x_wconf 87' lang='lat' dir='ltr'><strong>omnibus</strong></span> <span class='ocrx_word' id='word_1_855' title='bbox 2338 5124 2454 5180; x_wconf 88' lang='lat' dir='ltr'><strong>suis</strong></span> <span class='ocrx_word' id='word_1_856' title='bbox 2502 5124 2770 5192; x_wconf 89' lang='lat' dir='ltr'><strong>partibus,</strong></span> <span class='ocrx_word' id='word_1_857' title='bbox 2805 5120 3036 5175; x_wconf 85' lang='lat' dir='ltr'><strong>alterum</strong></span> <span class='ocrx_word' id='word_1_858' title='bbox 3070 5120 3132 5177; x_wconf 70' lang='lat' dir='ltr'><strong>ea</strong></span> <span class='ocrx_word' id='word_1_859' title='bbox 3166 5121 3346 5177; x_wconf 82' lang='lat' dir='ltr'><strong>Sicilia</strong></span> <span class='ocrx_word' id='word_1_860' title='bbox 3374 5142 3388 5178; x_wconf 88' lang='lat'><strong>:</strong></span> <span class='ocrx_word' id='word_1_861' title='bbox 3435 5120 3530 5180; x_wconf 72' lang='lat' dir='ltr'><strong>56d</strong></span> <span class='ocrx_word' id='word_1_862' title='bbox 3561 5128 3628 5181; x_wconf 90' lang='lat' dir='ltr'><strong>ab</strong></span> 
     </span>
    </p>
   </div>
   <div class='ocr_carea' id='block_1_116' title="bbox 2061 5180 3639 5271">
    <p class='ocr_par' dir='ltr' id='par_1_116' title="bbox 2061 5180 3639 5271">
     <span class='ocr_line' id='line_1_116' title="bbox 2061 5180 3639 5271; baseline -0.001 -22"><span class='ocrx_word' id='word_1_863' title='bbox 2061 5180 2249 5271; x_wconf 63' lang='lat' dir='ltr'><strong>eodem</strong></span> <span class='ocrx_word' id='word_1_864' title='bbox 2290 5193 2363 5271; x_wconf 86' lang='lat' dir='ltr'><strong>P._</strong></span> <span class='ocrx_word' id='word_1_865' title='bbox 2391 5180 2686 5271; x_wconf 76' lang='lat' dir='ltr'><strong>Sirtitundo</strong></span> <span class='ocrx_word' id='word_1_866' title='bbox 2728 5180 3089 5271; x_wconf 68' lang='lat' dir='ltr'><strong>recognitum,</strong></span> <span class='ocrx_word' id='word_1_867' title='bbox 3111 5200 3188 5271; x_wconf 62' lang='lat' dir='ltr'><strong>et</strong></span> <span class='ocrx_word' id='word_1_868' title='bbox 3216 5192 3474 5248; x_wconf 89' lang='lat' dir='ltr'><strong>collatum</strong></span> <span class='ocrx_word' id='word_1_869' title='bbox 3504 5180 3639 5271; x_wconf 59' lang='lat' dir='ltr'><strong>cum:</strong></span> 
     </span>
    </p>
   </div>
   <div class='ocr_carea' id='block_1_117' title="bbox 2058 5262 3637 5329">
    <p class='ocr_par' dir='ltr' id='par_1_117' title="bbox 2058 5262 3637 5329">
     <span class='ocr_line' id='line_1_117' title="bbox 2058 5262 3637 5329; baseline -0.001 -11"><span class='ocrx_word' id='word_1_870' title='bbox 2058 5265 2150 5319; x_wconf 89' lang='lat' dir='ltr'><strong>illo</strong></span> <span class='ocrx_word' id='word_1_871' title='bbox 2193 5264 2388 5328; x_wconf 75' lang='lat' dir='ltr'><strong>veteri,</strong></span> <span class='ocrx_word' id='word_1_872' title='bbox 2440 5270 2495 5315; x_wconf 89' lang='lat' dir='ltr'><strong>et</strong></span> <span class='ocrx_word' id='word_1_873' title='bbox 2542 5262 2610 5316; x_wconf 87' lang='lat' dir='ltr'><strong>ad</strong></span> <span class='ocrx_word' id='word_1_874' title='bbox 2661 5264 2958 5329; x_wconf 76' lang='lat' dir='ltr'><strong>marginem</strong></span> <span class='ocrx_word' id='word_1_875' title='bbox 3020 5262 3220 5318; x_wconf 89' lang='lat' dir='ltr'><strong>additis</strong></span> <span class='ocrx_word' id='word_1_876' title='bbox 3273 5272 3329 5317; x_wconf 90' lang='lat' dir='ltr'><strong>et</strong></span> <span class='ocrx_word' id='word_1_877' title='bbox 3367 5262 3637 5329; x_wconf 66' lang='lat' dir='ltr'><strong>correctis}</strong></span> 
     </span>
    </p>
   </div>
   <div class='ocr_carea' id='block_1_118' title="bbox 2054 5309 3639 5403">
    <p class='ocr_par' dir='ltr' id='par_1_118' title="bbox 2054 5309 3639 5403">
     <span class='ocr_line' id='line_1_118' title="bbox 2054 5309 3639 5403; baseline -0.003 -15"><span class='ocrx_word' id='word_1_878' title='bbox 2054 5309 2570 5403; x_wconf 46' lang='lat' dir='ltr'><strong>iiqudavﬁtéerém&#39;</strong></span> <span class='ocrx_word' id='word_1_879' title='bbox 2582 5309 2957 5403; x_wconf 44' lang='lat' dir='ltr'><strong>integram:</strong></span> <span class='ocrx_word' id='word_1_880' title='bbox 2998 5309 3480 5401; x_wconf 55' lang='grc' dir='ltr'><strong>ιίυὶῖὲἷιοῖὼῖιῖἱὲ</strong></span> <span class='ocrx_word' id='word_1_881' title='bbox 3495 5309 3639 5403; x_wconf 56' lang='grc' dir='ltr'><strong>ἰἶΞΣῐ</strong></span> 
     </span>
    </p>
   </div>
   <div class='ocr_carea' id='block_1_119' title="bbox 2054 5400 3637 5459">
    <p class='ocr_par' dir='ltr' id='par_1_119' title="bbox 2054 5400 3637 5459">
     <span class='ocr_line' id='line_1_119' title="bbox 2054 5400 3637 5459; baseline -0.004 0"><span class='ocrx_word' id='word_1_882' title='bbox 2054 5400 2183 5459; x_wconf 58' lang='grc' dir='ltr'><strong>Ιιιιὶ⁷</strong></span> <span class='ocrx_word' id='word_1_883' title='bbox 2212 5404 2299 5458; x_wconf 90' lang='lat' dir='ltr'><strong>hic</strong></span> <span class='ocrx_word' id='word_1_884' title='bbox 2340 5403 2391 5455; x_wconf 93' lang='lat' dir='ltr'><strong>in</strong></span> <span class='ocrx_word' id='word_1_885' title='bbox 2430 5402 2511 5455; x_wconf 88' lang='lat' dir='ltr'><strong>his</strong></span> <span class='ocrx_word' id='word_1_886' title='bbox 2544 5400 2686 5456; x_wconf 89' lang='lat' dir='ltr'><strong>notis</strong></span> <span class='ocrx_word' id='word_1_887' title='bbox 2732 5401 2982 5454; x_wconf 88' lang='lat' dir='ltr'><strong>undecim</strong></span> <span class='ocrx_word' id='word_1_888' title='bbox 3033 5400 3389 5456; x_wconf 42' lang='lat' dir='ltr'><strong>homiliarum&#39;</strong></span> <span class='ocrx_word' id='word_1_889' title='bbox 3438 5401 3637 5457; x_wconf 77' lang='lat' dir='ltr'><strong>varias</strong></span> 
     </span>
    </p>
   </div>
   <div class='ocr_carea' id='block_1_120' title="bbox 2052 5470 3629 5541">
    <p class='ocr_par' dir='ltr' id='par_1_120' title="bbox 2052 5470 3629 5541">
     <span class='ocr_line' id='line_1_120' title="bbox 2052 5470 3629 5541; baseline -0.003 -14"><span class='ocrx_word' id='word_1_890' title='bbox 2052 5484 2241 5529; x_wconf 87' lang='lat' dir='ltr'><strong>notare</strong></span> <span class='ocrx_word' id='word_1_891' title='bbox 2301 5472 2609 5541; x_wconf 73' lang='lat' dir='ltr'><strong>lectiones,</strong></span> <span class='ocrx_word' id='word_1_892' title='bbox 2668 5484 2789 5524; x_wconf 90' lang='lat' dir='ltr'><strong>cum</strong></span> <span class='ocrx_word' id='word_1_893' title='bbox 2855 5470 3029 5524; x_wconf 85' lang='lat' dir='ltr'><strong>nullas</strong></span> <span class='ocrx_word' id='word_1_894' title='bbox 3071 5484 3169 5541; x_wconf 89' lang='lat' dir='ltr'><strong>ego</strong></span> <span class='ocrx_word' id='word_1_895' title='bbox 3215 5487 3331 5526; x_wconf 85' lang='lat' dir='ltr'><strong>mea</strong></span> <span class='ocrx_word' id='word_1_896' title='bbox 3384 5473 3629 5525; x_wconf 76' lang='lat' dir='ltr'><strong>animati-</strong></span> 
     </span>
    </p>
   </div>
   <div class='ocr_carea' id='block_1_121' title="bbox 2050 5539 3623 5613">
    <p class='ocr_par' dir='ltr' id='par_1_121' title="bbox 2050 5539 3623 5613">
     <span class='ocr_line' id='line_1_121' title="bbox 2050 5539 3623 5613; baseline 0 -18"><span class='ocrx_word' id='word_1_897' title='bbox 2050 5546 2304 5599; x_wconf 81' lang='lat' dir='ltr'><strong>versione</strong></span> <span class='ocrx_word' id='word_1_898' title='bbox 2375 5556 2441 5596; x_wconf 82' lang='lat' dir='ltr'><strong>ex</strong></span> <span class='ocrx_word' id='word_1_899' title='bbox 2500 5539 2622 5597; x_wconf 88' lang='lat' dir='ltr'><strong>aliis</strong></span> <span class='ocrx_word' id='word_1_900' title='bbox 2683 5539 3127 5611; x_wconf 60' lang='lat' dir='ltr'><strong>exemplaribus&#39;</strong></span> <span class='ocrx_word' id='word_1_901' title='bbox 3165 5551 3360 5597; x_wconf 80' lang='lat' dir='ltr'><strong>notare</strong></span> <span class='ocrx_word' id='word_1_902' title='bbox 3427 5553 3623 5613; x_wconf 83' lang='lat' dir='ltr'><strong>potue-</strong></span> 
     </span>
    </p>
   </div>
   <div class='ocr_carea' id='block_1_122' title="bbox 2054 5627 2180 5669">
    <p class='ocr_par' dir='ltr' id='par_1_122' title="bbox 2054 5627 2180 5669">
     <span class='ocr_line' id='line_1_122' title="bbox 2054 5627 2180 5669; baseline -0.016 0"><span class='ocrx_word' id='word_1_903' title='bbox 2054 5627 2180 5669; x_wconf 82' lang='lat' dir='ltr'><strong>nm.</strong></span> 
     </span>
    </p>
   </div>
   <div class='ocr_carea' id='block_1_123' title="bbox 3158 5769 3234 5834">
    <p class='ocr_par' dir='ltr' id='par_1_123' title="bbox 3158 5769 3234 5834">
     <span class='ocr_line' id='line_1_123' title="bbox 3158 5769 3234 5834; baseline 0 0"><span class='ocrx_word' id='word_1_904' title='bbox 3158 5769 3234 5834; x_wconf 78' lang='lat'><strong>20</strong></span> 
     </span>
    </p>
   </div>
  </div>
