4018 6206
436 283 534 346 631

1635 279 2122 342 THEOPHANIS
2163 279 2253 338 ΟΕ
2267 278 2357 336 BA
2368 279 2419 337 Μ
2432 278 2504 336 EI

3545 275 3638 340 633

431 392 739 449 stinctionis
767 401 916 455 nota,
942 405 1083 445 novo
1105 389 1258 442 initio
1276 389 1705 460 subiungendum
1738 409 1750 443 :
1785 409 1802 441 ι
1832 389 2002 458 prima

2124 407 2138 439 t
2163 387 2431 450 Ἀναστὰς
2453 389 2480 439 ό
2510 383 2745 455 ιΊησοῦς,
2775 403 2792 436 ι
2836 379 2955 439 εἶτα
2991 384 3372 449 ὑποστίξαντες
3386 383 3531 451 αὖθις
3554 389 3639 438 ἐπ·

432 484 654 539 Sahbati
683 481 931 553 apparuit
962 480 1136 551 primo
1164 479 1345 534 Maria:
1372 481 1718 550 Magdalentp.
1764 499 1782 532 ι
1819 480 2000 546 Neque

431 579 575 632 enim
605 576 672 630 de
719 574 1130 628 resurrectionis
1163 573 1293 627 hora
1337 573 1599 644 loquitur,
1640 573 1733 627 sed
1757 586 1875 627 eam
1904 586 2002 624 ex-

434 668 594 736 plicat
626 668 832 730 horam,
863 680 968 735 qua
1002 663 1330 734 Magdalena:
1361 675 1602 718 aromata
1633 663 1826 718 fcrenti
1857 663 2001 716 visus

432 767 535 822 est,
582 771 698 810 eam
755 757 1012 810 nimirum
1077 757 1464 824 apparitionem
1521 756 1771 818 innuens,
1838 770 1997 823 quam

433 846 652 900 tonitrui
721 845 862 899 (ilius
905 847 1234 916 conscripsit
1287 846 1556 914 apertius,
1615 861 1737 898 cum
1791 845 2002 899 scilicet

433 936 746 1008 Magdalena
776 936 1062 991 Dominum
1094 937 1304 998 videns,
1335 950 1455 991 esse
1485 951 1604 990 eum
1637 935 1783 989 horti
1814 945 2000 990 cosm-

433 1031 555 1084 dem
606 1029 953 1084 existimavit.
1009 1026 1163 1093 Quod
1213 1028 1374 1096 igitur
1419 1025 1656 1082 Joannes
1708 1026 1869 1079 latius
1922 1034 2004 1078 est

437 1133 775 1192 persecutus,
803 1122 906 1176 hcc
935 1119 1148 1175 Marcus
1187 1121 1386 1174 cursim
1422 1119 1700 1188 obiterque
1730 1117 1925 1188 signitic
1945 1132 2003 1170 a-

437 1213 533 1268 vit.
574 1213 692 1267 .lam
745 1227 851 1267 non
908 1214 1066 1267 modo
1110 1213 1197 1266 hic
1243 1213 1604 1282 evangelista,
1654 1210 1746 1265 sed
1787 1219 2008 1264 sanctus

437 1305 600 1358 etiam
624 1303 798 1361 Lucas
820 1305 950 1358 dixit
970 1303 1333 1373 Magdaleuam
1360 1314 1564 1374 septem
1589 1302 1736 1372 prius
1755 1301 2008 1356 habuisse

438 1396 725 1458 danuonia,
759 1411 876 1464 qua:
907 1395 1164 1452 Dominus
1196 1395 1264 1450 ab
1309 1396 1397 1449 illa
1425 1395 1550 1448 olim
1582 1393 1803 1463 cjecerit
1834 1393 1902 1448 δ’.
1931 1391 2009 1446 Ne

440 1487 567 1552 quis
591 1502 718 1541 vero
739 1488 1017 1542 existimet
1047 1498 1248 1556 septem
1280 1488 1612 1542 daemonibus
1643 1487 1756 1557 (95)
1788 1485 2007 1538 Mariam

443 1580 608 1633 fuisse
639 1581 930 1647 detentam,
971 1595 1158 1634 verum
1219 1581 1376 1636 sicuti
1419 1580 1746 1635 charismata
1778 1577 2012 1648 Spiritus

442 1671 612 1723 sancti
658 1681 859 1739 septem
907 1672 1126 1738 spiritus
1177 1671 1384 1728 eodem.
1442 1685 1551 1739 quo
1601 1671 1736 1738 ipse,
1795 1669 2010 1721 nomine

442 1761 796 1827 appellantur,
827 1770 983 1829 prout
1005 1776 1096 1814 eos
1121 1776 1348 1828 magnus
1374 1760 1776 1813 connunteravit
1805 1758 2006 1812 lsaias:

446 1871 462 1897 ι
503 1850 735 1920 Spiritus
759 1852 1040 1920 sapientiae
1088 1861 1141 1905 et
1164 1852 1485 1916 intellectus,
1517 1852 1741 1920 spiritus
1777 1851 2008 1913 consilii,

444 1941 666 2005 spiritus
720 1942 1070 2007 fortitudinis,
1116 1953 1169 1996 et
1209 1943 1468 2008 scientiae,
1503 1954 1556 1998 et
1588 1943 1824 2012 pit-tatis.
1863 1953 1912 1997 et
1947 1945 2012 1994 ti-

447 2034 611 2085 moris
642 2032 851 2086 Domini
890 2035 965 2099 l‘°;
1008 2054 1023 2084 ι
1063 2035 1133 2087 ita
1171 2036 1513 2102 Operationcs
1544 2035 1846 2089 dmmonum
1883 2049 2012 2087 con-

445 2126 608 2178 traria
640 2126 849 2179 ratione
883 2126 1152 2180 daémones
1182 2136 1483 2180 vocantur:
1520 2125 1726 2190 acedia,
1758 2125 2009 2187 avaritia,

441 2218 718 2286 superbia,
780 2217 999 2280 invidia,
1059 2219 1421 2284 mendacium,
1472 2217 1902 2286 intemperantia,
1961 2227 2014 2269 et

444 2323 779 2376 unaquzeque
831 2310 1142 2376 passionum
1195 2324 1314 2363 cum
1349 2324 1534 2363 earum
1565 2309 1808 2378 genitore
1855 2324 2014 2378 syno-

445 2416 603 2470 nyma
659 2409 761 2456 est.
811 2401 909 2466 Qui
960 2401 1124 2470 igitur
1171 2399 1478 2470 huiusmodi
1517 2398 2014 2469 perturbationibus

447 2494 743 2558 detinetur,
779 2507 808 2546 a
841 2493 1170 2547 daemonibus
1196 2500 1508 2560 occupatur.
1559 2489 1674 2544 Non
1721 2499 1804 2544 est
1855 2491 2016 2560 igitur

449 2588 803 2656 improbabile
831 2587 1050 2640 Mariam
1075 2587 1235 2639 etiam
1261 2586 1398 2640 hanc
1419 2584 1783 2655 Magdalcnam
1810 2594 2013 2652 septem

449 2681 770 2749 quibusdam
789 2680 1126 2748 passionihns
1147 2681 1526 2748 mancipatam,
1547 2694 1575 2730 a
1595 2677 2014 2746 quibuslpostca,

449 2768 650 2823 Christi
685 2769 875 2824 eﬂecta
917 2771 1200 2840 disripula.
1238 2772 1462 2828 liberata
1500 2775 1590 2829 sit.
1625 2774 1727 2830 Sed
1777 2775 1920 2828 enim
1952 2791 2014 2827 ea

446 2873 568 2926 qum
598 2868 756 2913 antea
789 2875 817 2913 a
851 2861 1193 2929 passionibus
1225 2863 1384 2918 veluti
1433 2880 1461 2918 a
1488 2867 1817 2922 darmonibus
1841 2868 2014 2934 possi-

448 2949 699 3013 dcbatur,
740 2956 945 3003 tantum
987 2961 1168 3020 postea
1204 2955 1389 3022 gratiae
1423 2954 1674 3020 obtinuit,
1706 2965 1764 3009 ut
1802 2965 2016 3024 aposto-

2102 479 2368 547 ἐνεγκεῖν,
2414 498 2434 530 ι
2469 477 2613 548 πρωῒ
2667 477 2858 549 πρώτῃ
2914 477 3213 534 Σαϐϐάτων
3259 477 3423 548 ἐφάνη
3451 479 3643 549 πρῶτον

2104 571 2294 642 Μαρίᾳ
2327 573 2392 642 τῇ
2422 569 2755 640 Μαγδαληνῇ
2785 586 2800 600 ο
2835 588 2854 622 ι
2886 569 2948 622 οὐ
2972 569 3080 638 γὰρ
3107 567 3204 636 τὴν
3227 568 3371 636 ὥραν
3395 568 3534 636 λέγει
3558 569 3644 639 τῆς

2103 665 2477 728 ἀναστάσεως,
2514 661 2650 715 ἀλλὰ
2677 661 2796 715 καθ’
2824 661 2890 731 ἢν
2915 661 3134 732 ἐωράοη
3167 662 3233 730 τῇ
3264 661 3644 731 ἀρωματοφόρῳ

2105 756 2462 825 Μαγδαληνῇ,
2497 753 2780 824 ὕποδηλῶν
2819 753 2920 822 τὴν
2949 753 3280 823 ἐμφάνειαν,
3329 752 3395 820 ἢν
3424 752 3646 822 ἀριδηλό·

2105 865 2264 919 τερον
2327 849 2356 901 ό
2403 849 2502 916 τῆς
2543 845 2778 917 βροντῆς
2829 846 2943 909 υἱὸς
2977 844 3393 914 συνεγράψατο·
3435 845 3519 896 ὅτε
3565 847 3645 898 τλιν

2106 939 2312 1010 Κύριον
2339 939 2371 1007 ὴ
2398 938 2587 1006 Μαρία
2615 935 2930 1006 θεασαμένη
2962 937 3055 990 τὸν
3083 935 3360 1005 κηπουρὸν
3391 935 3646 987 ὑπετόπα·

2109 1047 2223 1085 σεν.
2255 1030 2434 1098 Ὅπερ
2458 1026 2552 1080 οὖν
2583 1029 2610 1080 ὁ
2639 1026 2900 1096 Ἰωάννης
2937 1025 3278 1096 πλατύτερον
3331 1025 3648 1095 ἀφηγήσατο,

2107 1120 2266 1174 τοῦτο
2289 1119 2516 1189 Μάρκος
2547 1104 2906 1190 ἐπιτροχάδην
2944 1119 3235 1187 ἐδήλωσεν.
3275 1117 3349 1169 Οὐ
3377 1117 3527 1185 μόνον
3555 1118 3600 1170 δὲ
3625 1118 3650 1166 ό

2111 1209 2502 1280 εὖαγγελιστὴς
2548 1205 2724 1276 οὗτος,
2781 1208 2918 1263 ἀλλά
2953 1210 3046 1262 καὶ
3078 1211 3106 1262 ό
3140 1210 3284 1272 θεῖος
3343 1209 3544 1270 Λουκᾶς
3567 1209 3652 1274 τὴν

2111 1305 2478 1376 Μαγδαληνὴν
2520 1299 2641 1358 εἶπε
2699 1305 3104 1375 προεσχηκέναι
3164 1303 3304 1356 έπτά
3350 1303 3655 1372 δαιμόνια,ᾰ

2115 1414 2246 1451 ποτε
2277 1397 2335 1464 ἐξ
2357 1397 2525 1466 αὐτῆς
2553 1396 2808 1450 ἐκὸαλετν
2834 1396 2985 1464 λέγει
3013 1397 3104 1449 τὸν
3139 1395 3370 1466 Κύριον.
3418 1395 3565 1447 Ἀλλὰ
3592 1397 3654 1464 μή

2113 1506 2198 1552 τις
2221 1489 2470 1559 οἰήσεται
2500 1487 2766 1557 δαίμονας
2813 1487 2958 1556 ἔχειν
2982 1486 3080 1556 τὴν
3111 1487 3333 1553 Μαρίαν
3368 1487 3522 1549 ἑπτὰ,
3557 1486 3655 1537 ex»:

2115 1581 2305 1651 ὥσπερ
2330 1578 2399 1632 τὰ
2426 1578 2521 1632 τοῦ
2545 1579 2701 1646 ἀγίου
2734 1577 3054 1648 Πνεῦματος
3083 1579 3406 1649 χαρίσματα
3447 1576 3659 1630 συνωνύο

2121 1689 2236 1740 μως
2290 1671 2430 1724 έπτά
2479 1670 2768 1740 πνεύματα
2834 1669 3097 1737 λέγεται,
3164 1669 3353 1732 καθὼς
3425 1669 3452 1720 ὁ
3511 1668 3661 1737 μέγας

2130 1763 2358 1824 Ἡσαΐας
2389 1761 2663 1833 ἠρίθμησε
2684 1778 2697 1791 ’
2729 1779 2749 1813 ι
2780 1759 3003 1829 Πνεῦμα
3038 1761 3233 1829 σοφίας
3274 1763 3369 1813 καὶ
3400 1761 3662 1822 συνέσεως,

2120 1857 2338 1926 πνεῦμα
2388 1854 2605 1924 βουλῆς,
2660 1854 2881 1923 πνεῦμα
2933 1854 3116 1923 ἰσχύος
3149 1854 3244 1906 καὶ
3283 1851 3553 1922 γνώσεως,
3582 1853 3663 1905 καὶ

2120 1947 2420 2010 εὐσεϐείας,
2478 1947 2572 1998 καὶ
2624 1945 2788 2013 φόϐου
2814 1945 2952 1998 Θεοῦ
2979 1961 2992 1973 ·
3031 1963 3050 1996 ι
3101 1945 3276 2005 οὓτως
3309 1943 3590 2006 ἀντιθέτως
3617 1946 3664 1995 αἱ

2119 2039 2228 2094 τῶν
2258 2039 2528 2109 δαιμόνων
2573 2037 2850 2108 ἐνέργειαι
2878 2036 3135 2106 δαίμονες
3170 2035 3427 2104 λέγονται
3448 2052 3460 2066 ⁸
3485 2038 3514 2104 ἡ
3545 2035 3665 2104 ἀκη-

2119 2132 2229 2196 δία,
2263 2132 2298 2200 ἠ
2326 2128 2604 2199 φειδωλία,
2639 2128 2976 2200 ήάπείθεια,
3007 2129 3035 2181 ό
3069 2127 3284 2196 φθόνος,
3323 2128 3384 2180 τδ
3410 2125 3609 2196 ψεῦδος,
3637 2127 3666 2194 η

2122 2224 2419 2293 ἀπληστία,
2447 2222 2543 2274 καὶ
2571 2220 2682 2272 τῶν
2707 2219 2898 2273 παθῶν
2923 2220 3156 2274 ⁴ἑκαστον
3176 2218 3271 2272 τοῦ
3299 2218 3668 2288 γεγεννηκότος

2122 2315 2242 2369 ἐστὶ
2289 2313 2632 2383 συνώνυμον.
2701 2312 2759 2364 '0
2789 2311 2921 2380 γοῦν
2958 2310 3384 2381 κεκρατημένος
3405 2312 3461 2362 ἐν
3485 2308 3672 2370 τούτοις

2121 2411 2234 2470 τοῖς
2284 2405 2514 2458 πάθεσιν
2569 2403 2675 2458 ὑπὸ
2726 2404 2998 2471 δαιμόνων
3057 2401 3363 2472 ἐνίσχεται.
3413 2399 3570 2454 Οὐδὲν
3591 2395 3670 2452 οὖν

2123 2499 2354 2560 ἀπεικὸς
2403 2497 2495 2550 καὶ
2521 2497 2622 2566 τὴν
2665 2495 2886 2565 Μαρίαν
2919 2493 3126 2563 ταύτην
3155 2493 3524 2563 Μαγδαληνὴν
3553 2491 3674 2544 έπτά

2123 2607 2263 2643 τισιν
2290 2589 2648 2643 δεδουλῶσθαι
2704 2587 2957 2652 πάθεσιν,
3008 2580 3082 2640 ὧν
3109 2584 3420 2653 λελύτρωτο
3468 2585 3674 2652 ὕστερον

2123 2686 2382 2753 γεγονυῖα
2416 2681 2509 2735 τοῦ
2558 2680 2812 2750 Σωτῆρος
2859 2681 3160 2750 μαθήτρια.
3193 2679 3344 2732 Ἀλλ’
3377 2680 3410 2748 ἡ
3444 2677 3672 2745 καθάπερ

2126 2773 2230 2828 ὑπὸ
2255 2771 2527 2842 δαιμόνων
2548 2770 2656 2822 τῶν
2686 2770 2875 2822 παθῶν
2895 2769 3218 2840 ἐνισχομένη
3250 2771 3538 2839 πρότερον,
3567 2784 3677 2819 :0:-

2124 2865 2294 2932 αὐτης
2325 2864 2607 2933 ἀπήλαυσε
2637 2863 2735 2931 τῆς
2769 2863 2992 2932 χάριτος
3029 2861 3281 2932 ὕστερον,
3332 2862 3408 2925 ώς
3441 2860 3676 2929 γενέσθαι

2124 2960 2236 3018 τοῖς
2264 2957 2586 3019 ἀποστόλοις
2616 2955 2937 3018 ἀπόστολον,
2957 2956 3050 3008 καὶ
3073 2955 3207 3023 θῆλυ
3227 2954 3390 3016 οὖσα,
3418 2954 3512 3024 τὴν
3534 2951 3680 3021 φύσιν

453 3039 626 3093 lormn
678 3040 913 3107 apostola
965 3040 1075 3112 (96)
1125 3043 1310 3109 fieret;
1351 3054 1404 3099 et
1447 3061 1570 3099 cum
1607 3055 1748 3100 esset
1799 3047 2015 3111 femina,

2129 3051 2408 3123 παρῆλθεν
2468 3049 2694 3121 ἀνδρείῳ
2743 3049 3076 3121 φρονήματι.
3138 3048 3264 3100 Τῶν
3293 3049 3411 3118 γὰρ
3443 3043 3683 3116 μαθητῶν

455 3139 699 3183 naturam
749 3132 887 3184 virili
939 3132 1130 3202 spiritu
1188 3136 1484 3204 superavit.
1538 3136 1822 3206 Diseipulls
1874 3137 2017 3191 enim

452 3214 1288 3290 delitescentibus,"Judaorum
1349 3237 1540 3294 metu,
1592 3229 1682 3283 illa
1743 3230 1807 3283 ad
1861 3230 2024 3285 vitale

453 3316 761 3384 sepulcrum
800 3315 876 3370 ire
909 3325 964 3370 et
1009 3319 1184 3373 redire
1217 3333 1321 3374 non
1370 3320 1534 3390 226
1565 3320 1790 3387 destitit,
1828 3331 1882 3374 et
1921 3320 2026 3374 Do-

457 3405 586 3458 mini
607 3420 805 3476 corpus
824 3421 1086 3475 quaerere,
1109 3417 1162 3464 et
1181 3407 1408 3464 ferventi
1427 3411 1694 3465 desiderio
1715 3410 2021 3481 lacrymari.

458 3495 610 3550 Unde
639 3497 802 3551 etiam
841 3507 1130 3552 consecuta
1160 3508 1262 3562 est,
1297 3508 1356 3552 ut
1387 3510 1572 3570 optato
1607 3511 1826 3566 aspectu
1855 3501 2025 3569 prima

455 3586 747 3650 frueretur,
784 3595 836 3640 et
866 3586 1077 3642 dulcem
1103 3588 1249 3642 illam
1284 3605 1468 3644 vocem
1501 3593 1731 3659 audiret,
1761 3601 1814 3648 et
1848 3609 2027 3648 resur-

459 3675 716 3730 rectionis
742 3678 1124 3746 evangelistria
1157 3681 1328 3735 ﬁeret.
1359 3681 1464 3736 Sed
1491 3684 1633 3737 enim
1659 3684 2026 3754 apostolorum

458 3777 658 3825 emtum
686 3779 830 3824 tanta
872 3771 1140 3827 hebrtudo
1179 3775 1371 3830 mentis
1409 3775 1726 3841 incesserat,
1754 3787 1814 3832 ut
1849 3779 2028 3833 omnia

459 3857 592 3914 falsa
644 3870 977 3928 reputarent,
1023 3878 1142 3933 quae
1185 3880 1215 3919 a
1263 3863 1432 3920 Maria
1469 3866 1833 3922 dicebantur:
1877 3885 1898 3921 ι
1947 3869 2028 3923 Illi

456 3949 622 4014 enim,
658 3950 853 4021 inquit,
892 3953 1180 4009 audientes
1211 3957 1336 4024 quia
1369 3955 1596 4020 viveret,
1627 3965 1679 4010 et
1711 3956 1860 4012 visus
1885 3967 2030 4014 esset

460 4041 530 4094 ab
567 4057 654 4103 ea.
703 4059 808 4098 non
865 4044 1235 4100 crediderunt.
1287 4047 1412 4102 Post
1457 4049 1571 4103 haec
1607 4049 1814 4104 duobus
1845 4065 1909 4105 ex
1946 4049 2031 4105 his

461 4135 859 4192 ambulantibus
900 4147 1158 4194 ostensus
1199 4149 1284 4194 est
1319 4140 1371 4194 iu
1421 4140 1550 4206 alia,
1590 4141 1760 4211 elligie
1782 4142 2032 4198 euntibus

460 4227 513 4279 in
539 4228 742 4284 villam.
778 4248 796 4280 ι

533 4318 769 4374 Observa
807 4323 963 4391 hujus
1003 4325 1347 4396 evangelista:
1382 4329 1433 4381 in
1479 4329 1752 4382 narrando
1794 4327 2030 4382 studium

2126 3141 2522 3215 κρυπτομένων
2545 3142 2633 3195 διὰ
2662 3141 2752 3194 τὸν
2785 3141 2950 3209 φόϐον
2971 3141 3080 3194 τῶν
3097 3139 3406 3202 Ἰουδαίων,
3425 3139 3484 3191 οὗ
3506 3135 3679 3190 διέλει-

2127 3253 2228 3288 πεν
2259 3232 2400 3301 αὕτη
2427 3233 2520 3286 τὸν
2553 3233 2838 3304 ζωηφόρον
2862 3233 3035 3303 τάφον
3067 3249 3133 3285 πε
3145 3230 3490 3302 ρινοστοῦσα,
3519 3225 3680 3281 καὶτὸ

2129 3325 2457 3380 Δεσποτικδν
2508 3325 2671 3394 σῶμα
2719 3324 2981 3393 ζητοῦσα,
3035 3324 3132 3377 καὶ
3181 3324 3364 3387 ζέοντι
3418 3319 3559 3389 πόθῳ
3598 3319 3682 3371 δαο

2128 3421 2393 3491 κρόουσα.
2417 3417 2508 3472 Διδ
2538 3417 2635 3470 καὶ
2662 3415 2854 3487 πρώτη
2877 3416 2976 3485 τῆς
3005 3415 3352 3485 ποθουμένης
3377 3415 3528 3482 ἔτυχε
3547 3411 3630 3463 θέα
3641 3427 3682 3472 ς,

2129 3513 2224 3566 καὶ
2255 3511 2356 3582 τῆς
2381 3508 2639 3579 γλυκείας
2659 3506 2960 3578 ὴκουτίσθη
2985 3504 3191 3574 φωνῆς,
3215 3505 3311 3558 καὶ
3345 3503 3444 3574 τῆς
3468 3500 3686 3558 ἀναστά-

2131 3621 2265 3665 σεως
2297 3601 2542 3670 ἐγεγόνει
2565 3597 3016 3668 εὐαγγελίστρια.
3061 3597 3202 3650 Ἀλλ’
3222 3592 3293 3667 ἦν
3324 3597 3437 3666 ἄρα
3466 3591 3687 3662 τοσαύτῃ

2131 3692 2332 3762 νωθείᾳ
2366 3689 2776 3761 κεκρατημένος
2833 3687 2942 3741 τῶν
2981 3685 3298 3741 ἀποστόλων
3360 3688 3389 3739 ὁ
3423 3683 3684 3750 σύλλογος,

2129 3785 2204 3847 ὡς
2255 3782 2430 3854 ψευδῆ
2477 3779 2798 3849 λογίσασθαι
2835 3779 3015 3833 πάντα
3046 3779 3114 3832 τά
3169 3778 3324 3848 παρά
3360 3780 3457 3846 τῆς
3485 3775 3687 3844 Μαρίας

2131 3876 2434 3944 λεγόμεναο
2504 3891 2523 3925 ι
2564 3873 2794 3926 Ἐκεῖνοι
2829 3872 2958 3942 γὰρ,
2995 3871 3182 3939 φησιν,
3231 3869 3568 3928 ἀκούσαντες
3612 3867 3688 3919 ὅτι

2133 3968 2222 4038 ζῇ,
2247 3969 2340 4021 καλ⁴
2371 3965 2566 4036 ἐθεάθη
2595 3965 2687 4018 ὑπ’
2711 3963 2900 4033 αὐτῆς,
2922 3963 3258 4033 ἠπίστησαν.
3287 3962 3524 4014 Ἔπειτα
3553 3957 3689 4011 δυσὶν

2134 4057 2190 4122 ἐξ
2221 4056 2398 4108 αὐτῶν
2426 4052 2818 4123 περιπατοῦσιν
2854 4050 3176 4123 ἐφανερώθη
3209 4052 3266 4104 ἐν
3297 4051 3466 4122 ἑτέρα
3495 4048 3692 4121 μορφῇ,

2133 4147 2526 4219 πορευομένοις
2557 4147 2636 4211 εἰς
2661 4147 2850 4217 ἀγρόν.
2895 4164 2914 4197 ι

2209 4323 2350 4392 Ὅρα
2383 4320 2476 4374 τοῦ
2535 4317 2803 4388 παρόντος
2863 4316 3252 4385 εὐαγγελιστοῦ
3311 4316 3374 4368 τὺ
3429 4315 3558 4384 περὶ
3599 4311 3689 4381 τὴν

463 4409 774 4478 brevitatis,
815 4415 896 4467 vel
931 4417 1107 4482 potius
1158 4418 1330 4472 sancti
1379 4419 1611 4487 Spiritus
1653 4420 1882 4490 gratiam
1915 4419 2017 4474 hau

2135 4419 2410 4490 ἀφήγησιν
2442 4415 2830 4486 φιλοσύντομον
2851 4429 2864 4443 ο
2899 4413 3098 4483 μᾶλλον
3128 4413 3186 4466 δέ
3215 4411 3314 4482 τὴν
3345 4411 3495 4464 οὕτω
3523 4405 3690 4461 ταῦτα

536 4549 580 4582 δ’
622 4548 754 4607 Luc.
798 4571 903 4620 xu,
942 4555 999 4608 2.
1074 4556 1120 4588 “
1160 4557 1264 4611 lsa.
1308 4575 1398 4623 xl,
1438 4559 1496 4613 ἓ.

1691 4678 2009 4741 Fraucisci
2051 4677 2253 4742 Scorsi
2286 4684 2472 4739 notae.

540 4824 652 4893 (95)
687 4819 891 4893 Septem
949 4822 1293 4878 dwmouibus.
1349 4821 1520 4877 Unam
1543 4821 1893 4891 eamdemque
1917 4821 2030 4875 Ma-

477 4892 1021 4962 riam'Magdalenatn
1061 4893 1260 4956 fuisse,
1302 4894 1366 4946 de
1396 4907 1499 4960 qua
1541 4901 1767 4960 quatuor
1792 4907 2025 4957 evange-

477 4965 615 5020 lista'
642 4964 976 5031 scripserint,
1000 4966 1338 5018 coununnior
1375 4972 1456 5018 est
1493 4974 1544 5018 et
1583 4963 1780 5016 certior
1801 4965 2028 5031 scripto—

467 5050 586 5092 rum
651 5030 916 5087 sententia
950 5051 966 5100 ;
1005 5035 1148 5102 quod
1174 5045 1352 5088 autem
1383 5049 1412 5086 a
1443 5031 1622 5087 Marco
1649 5033 1846 5086 dicitur
1866 5030 1932 5102 ab
1967 5046 2028 5102 ea

465 5107 636 5169 eiecta
691 5113 892 5168 septem
960 5100 1129 5159 fuisse
1152 5103 1436 5164 dminonia.
1486 5110 1552 5157 de
1611 5114 1814 5169 septem
1883 5100 2032 5154 vitiis

465 5178 854 5238 interpretatur
918 5176 1003 5228 hic
1044 5172 1256 5238 Noster,
1284 5189 1404 5234 uiue
1449 5173 1634 5226 eadem
1665 5171 2033 5239 interpretatio

463 5256 548 5298 est
604 5241 1063 5314 Theophylactiiu
1099 5243 1239 5297 hunc
1298 5243 1511 5305 locum,
1543 5242 1805 5314 idemque
1860 5240 2035 5294 innuit

470 5317 610 5367 Beda
635 5317 684 5367 iu
705 5312 930 5380 Cute—na,
961 5325 1016 5366 et
1046 5315 1116 5366 ita
1142 5315 1475 5366 seutitt-tiam
1524 5312 1808 5366 Cornelius
1829 5319 2032 5365 noster.

472 5385 531 5440 Vi
558 5390 602 5435 Ie
634 5401 793 5450 porro
823 5384 1192 5450 quzedisituus
1219 5383 1368 5436 hom.
1411 5382 1502 5443 17,
1540 5392 1650 5435 uot.
1675 5382 1799 5435 000.

540 5449 650 5520 (‘36)
701 5449 1069 5520 Apostolorum
1122 5454 1375 5519 apostolo.
1438 5452 1682 5507 Insciens
1751 5455 1802 5505 in
1855 5449 2037 5518 lingua

474 5523 661 5578 Lamia
717 5528 830 5578 Ιηιό
892 5525 1123 5577 nominis
1183 5523 1472 5576 declinatio
1522 5531 1577 5575 ut
1627 5522 1694 5575 ab
1747 5522 2034 5585 apostolus,

469 5596 706 5659 uposlola
771 5595 1076 5648 ﬂecteretur
1109 5610 1122 5643 :
1153 5594 1242 5644 sed
1303 5593 1427 5658 quid
1476 5593 1695 5655 mirum,
1718 5601 1916 5646 cumet
1945 5605 2040 5659 uo-

473 5679 622 5734 ιιι-ιιΔ
652 5663 823 5731 ipsum
873 5664 1152 5734 apostolus
1191 5677 1218 5714 a
1251 5662 1453 5734 Graecis
1491 5661 1542 5734 in
1579 5661 1822 5714 Latinam
1860 5658 2036 5713 eccle-

475 5731 746 5788 s.tsticam
810 5731 1014 5788 {luserit
1062 5735 1322 5804 linguam.
1387 5731 1682 5785 l’otuisscm
1731 5744 1860 5785 Sane
1917 5744 2037 5781 eam

2134 4818 2544 4872 declinationem
2592 4814 2899 4877 declinare,
2942 4812 2985 4866 si
3022 4813 3123 4865 hoc
3169 4810 3326 4862 modo
3388 4809 3694 4877 VPrliSSt‘m,

2132 4890 2215 4942 vel
2239 4889 2421 4955 potius
2468 4885 2887 4955 circumlocutus
2920 4879 3290 4955 essempqu‘od
3327 4887 3526 4955 auctor
3577 4876 3698 4955 dicit

2133 4959 2208 5022 ὡς
2239 4946 2250 4955 ’
2289 4956 2540 5024 γενέσθαι
2589 4957 2701 5016 τοῖς
2755 4952 3072 5012 ἀποστόλοις
3124 4947 3533 5024 ἀπόστολοςηειε
3588 4946 3699 5009 qui-

2135 5015 2256 5084 dém
2292 5015 2521 5086 felicius,
2542 5040 2663 5079 cum
2684 5015 2964 5086 utriusque
2992 5020 3205 5089 generis
3234 5020 3302 5072 sit
3331 5021 3472 5085 apud
3495 5015 3698 5070 Grzccos

2133 5113 2331 5153 nomen
2387 5095 2682 5156 ἀπόστολος
2711 5095 2853 5163 quod
2883 5093 2934 5144 iu
2966 5088 3153 5163 Latina
3213 5088 3402 5163 lingua
3438 5102 3544 5139 non
3573 5099 3697 5163 ron-

2140 5169 2294 5236 tiugit
2322 5183 2338 5230 ;
2375 5154 2691 5232 potuissem,
2727 5154 2975 5230 inquam,
3010 5161 3103 5236 sic
3133 5177 3146 5214 :
3181 5168 3238 5210 ut
3262 5154 3403 5236 apud
3435 5154 3698 5236 apostolos

2138 5229 2386 5306 apostoli
2419 5244 2602 5306 partes
2634 5229 2820 5306 ageret
2847 5249 2862 5296 ;
2906 5231 3024 5306 sed
3064 5245 3183 5282 cum
3226 5229 3475 5306 viderem
3495 5232 3699 5306 nostros

2138 5296 2432 5377 scriptores
2470 5306 2519 5358 id
2545 5305 2645 5359 sibi
2671 5296 2918 5377 religioni
2959 5314 3065 5377 non
3087 5308 3315 5359 vertere,
3389 5296 3536 5377 nolani
3588 5305 3700 5377 esse

2142 5361 2265 5432 tam.
2281 5376 2584 5443 religiosus,
2612 5382 2669 5426 ut
2696 5361 2803 5425 hoc
2834 5385 2940 5423 non
2962 5369 3240 5443 auderem,
3267 5361 3698 5443 quodCurm-lius

2140 5429 2353 5507 noster,
2378 5429 2468 5514 qui
2521 5429 2592 5498 ita
2636 5443 2780 5514 loqui
2826 5455 3006 5514 ausus
3041 5440 3092 5491 in
3133 5429 3297 5514 learn;
3323 5451 3444 5504 cap.
3483 5449 3548 5486 xx
3579 5429 3701 5514 :‘EIn

2142 5498 2462 5588 ilugda'leim
2507 5517 2650 5588 hic__a
2696 5498 2917 5588 _Cltrt'sto
2971 5510 3029 5576 ﬁt
3069 5498 3420 5587 apostolorum
3474 5498 3703 5588 apostolg

2141 5598 2187 5640 et
2219 5570 2558 5652 eiungelista.
2587 5581 2629 5634 U
2639 5583 2736 5634 nde
2772 5581 2884 5652 ipso
2913 5570 3026 5647 post
3052 5579 3477 5652 resurrectionem
3510 5570 3702 5652 Christi

2143 5637 2181 5707 ii
2211 5637 2416 5710 Judtiiis
2463 5653 2690 5719 pulsniu
2737 5637 3002 5709 eisilium,
3049 5658 3097 5701 ct
3150 5646 3443 5701 Massiliam
3490 5637 3703 5709 appulsa

2147 5724 2334 5779 ibidem
2365 5724 2652 5779 incolarum
2679 5721 2779 5792 fuit
2804 5719 3062 5788 apostolo.
