4018 6206
439 351 549 416 635
1634 342 2010 406 THEOPHA}

2112 343 2129 400 Ξ
2168 339 2507 401 (ἷῖῖὶᾹΜΕῐ
3545 339 3634 405 636

434 466 684 538 solyma',
713 469 874 532 atque
900 458 1064 514 etiam
1099 457 1354 514 undecim
1402 455 1458 513 in
1485 455 1702 514 Gallia'a
1735 455 2010 526 augustior

2114 450 2408 519 διαφωνίας
2435 450 2673 518 ἔμφασιν
2703 446 2983 518 ζητήσεως
3019 449 3193 513 ἄξιον,
3245 450 3321 501 ὅτι
3353 453 3378 504 6
3405 453 3494 520 μὲν
3518 458 3636 511 Λου.

434 557 578 612 visu.
626 553 758 608 lllnd
799 564 926 605 vero
965 549 1109 619 quod
1148 549 1502 604 dissensionis
1544 549 1778 617 speciem
1825 547 2010 613 habet,

2113 547 2213 608 κᾶς
2243 542 2586 618 ὑποστρέψαι
2616 541 2780 611 φησὶν
2810 541 3007 601 αὐτοὺς
3038 543 3100 592 ὲκ
3135 539 3234 608 τῆς
3270 541 3543 611 Ἐμμαούς,
3563 552 3643 603 καὶ

433 647 655 714 dignum
694 649 800 704 est,
824 640 968 710 quod
1002 640 1377 710 disceptetur:
1409 639 1549 708 quod
1585 638 1759 692 Lucas
1794 638 2009 706 quidem

2113 631 2295 700 εὑρεῖν
2329 627 2823 700 συνηθροισμένους
2872 629 2997 689 τοὺς
3041 627 3258 691 ἕνδεκα,
3295 632 3380 682 καὶ
3408 633 3522 694 τοὺς
3550 635 3641 687 λοι·

434 752 530 789 eos
564 747 810 787 reversos
847 747 912 785 ex
952 731 1212 786 Emmaus
1246 731 1513 785 invenisse
1551 731 1628 784 ait
1657 737 2010 799 congregatos

2114 722 2248 774 ποὺς
2302 721 2582 788 λέγοντας,
2634 737 2653 771 ι
2700 718 2790 780 Ὦς
2819 719 3028 789 ἠγέρθη
3080 720 3109 771 6
3141 720 3358 789 Κύριος,
3390 727 3478 776 καὶ
3515 724 3642 795 ὤφθη

433 823 686 877 undecim
714 827 768 874 et
801 821 1058 889 reliquos,
1096 820 1339 874 dicentes
1370 837 1385 873 :
1423 835 1443 872 ι
1478 820 1617 885 Quia
1650 819 1885 872 surrexit
1912 817 2016 871 Do-

437 915 637 977 minus,
664 922 719 967 et
758 911 1007 981 apparuit
1034 909 1238 966 SitnOni
1269 913 1349 979 l";
1391 931 1410 964 ι
1451 911 1540 965 hic
1572 923 1702 964 vero
1732 909 2014 963 manifeste

434 1012 624 1058 narrat
654 1017 750 1057 eos
785 1017 956 1070 neque
983 1000 1335 1071 Magdalenae,
1379 1015 1479 1056 nec
1515 1000 1725 1054 caeteris
1762 997 2015 1053 habuisse

438 1095 622 1148 iidem.
654 1098 785 1158 Quae
818 1094 985 1161 igitur
1007 1094 1323 1163 apparentis’
1353 1093 1636 1148 discordiae
1663 1090 2011 1146 conciliatio?

435 1203 558 1258 age,
610 1203 722 1242 rem
764 1192 1016 1241 accurate
1055 1194 1477 1257 perscrutemur.
1506 1185 1622 1240 Non
1654 1184 1795 1254 quod
1831 1194 2015 1236 resur-

437 1281 688 1346 rexisset,
740 1279 833 1334 sed
886 1278 1028 1348 quod
1092 1278 1418 1348 Magdalenze
1475 1287 1529 1333 et
1574 1275 1822 1346 CleOpbte
1867 1274 2016 1330 visus

437 1382 604 1436 esset,
642 1385 746 1425 non
775 1370 1059 1426 credidere
1087 1369 1356 1437 discipuli.
1392 1369 1506 1425 Hoc
1556 1373 1736 1422 autem
1777 1375 1831 1420 et
1870 1366 2016 1435 ipse-

443 1471 554 1516 tnet
601 1461 929 1532 erattgelista
966 1462 1312 1531 signiﬁcavit,
1359 1467 1482 1514 cum
1515 1459 1611 1524 ait,
1643 1459 1786 1529 quod
1827 1458 1893 1512 iis
1925 1457 2014 1523 qui

2114 809 2317 878 Σίμωνι
2339 825 2354 842 ο
2385 830 2403 862 ι»
2425 805 2580 873 οὗτος
2604 809 2660 864 δὲ
2683 810 2979 881 διαρρήδην
3003 811 3122 881 βοᾷ.
3141 812 3214 872 ὡς
3231 811 3349 864 οὔτε
3371 816 3431 884 τῇ
3459 817 3645 883 Μαγδα-

2113 903 2270 971 ληνῇ,
2325 898 2449 953 οὕτε
2501 899 2735 962 ἐκείνοις
2787 900 3136 954 ἐπίστευσαν.
3176 901 3274 965 Τίς
3302 899 3390 955 οὖν
3418 905 3646 976 δοκούσης

2112 992 2407 1061 διαφωνίας
2460 991 2750 1057 ἐπίλυσιςς
2805 993 2963 1064 φέρε.
3037 995 3419 1063 σκοπήσιυμεν.
3461 999 3558 1066 Ούχ
3583 1000 3647 1052 ὅτι

2114 1085 2412 1154 ἐγήγερται
2450 1082 2774 1149 διηπίστουν
2800 1083 2849 1134 οἱ
2886 1082 3153 1152 μαθηταὶ,
3179 1083 3296 1137 ἀλλ’
3323 1085 3401 1137 ὅτι
3429 1089 3487 1155 τῇ
3519 1089 3648 1154 Μαγ-

2114 1177 2316 1247 δαληνῇ
2359 1176 2455 1230 καὶ
2487 1176 2600 1239 τοῖς
2637 1175 2766 1245 περὶ⁵
2795 1175 3047 1228 Κλεόπαν
3077 1175 3475 1245 ἔπε’ρανέρωτο.
3507 1177 3650 1232 Τοῦτο

2113 1269 2169 1323 δὲ
2201 1271 2296 1323 καὶ
2323 1271 2349 1322 6
2377 1267 2772 1337 εὐαγγελιστὴς
2795 1268 3204 1338 ἐπεσημήνατο,
3243 1269 3326 1320 ὅτι
3357 1271 3464 1331 τοῖς
3486 1269 3653 1323 Osco:-

2120 1363 2302 1431 μένοις
2325 1359 2489 1414 αὐτὸν
2513 1358 2886 1429 ἐγηγερμένον
2906 1361 2968 1411 ὲκ
2987 1360 3198 1430 νεκρῶν
3217 1360 3318 1412 οὐκ
3342 1361 3650 1417 ἐπίστευσαν.

2128 1449 2360 1514 Ἀτελεῖς
2391 1452 2502 1520 γὰρ
2559 1451 2711 1513 ὄντες
2743 1449 2845 1511 ἑτι,
2888 1451 2984 1502 καὶ
3040 1453 3206 1519 μήπω
3253 1452 3547 1521 δεδεγμένοι
3575 1456 3655 1524 τὴν

2116 1543 2278 1614 χάριν
2306 1541 2400 1594 τοῦ
2434 1539 2772 1608 Πνεύματος.
2804 1539 3118 1609 παράλογον
3145 1541 3394 1611 ’ἡγοῦντο
3438 1545 3524 1596 καὶ
3554 1546 3656 1596 ἀπε-

2120 1655 2265 1703 στον,
2305 1635 2498 1706 Πέτρῳ
2549 1634 2650 1704 μὲν
2699 1634 2795 1687 καὶ
2826 1633 3070 1706 Ἰωάννῃ,
3114 1639 3206 1688 καὶ
3262 1639 3376 1696 τοῖς
3407 1639 3568 1700 ἄλλοις
3597 1641 3658 1708 μὴ

2117 1727 2550 1797 όφθῆναιαύτὸν,
2579 1727 3006 1796 πεφανερῶσθαι
3029 1727 3084 1778 δὲ
3115 1730 3179 1796 τῇ
3215 1729 3535 1798 Μαγδαληνῇ
3580 1731 3656 1782 καὶ

2117 1823 2228 1881 τοῖς
2251 1821 2498 1874 ἐλάττοσι
2530 1819 2821 1888 μαθηταῖς.
2861 1819 2950 1882 Ὠς
2977 1819 3032 1870 δὲ
3085 1813 3292 1891 Πέτρος
3347 1816 3473 1892 ἧκεν
3504 1825 3659 1889 ἀπαγ-

2119 1911 2324 1981 γέλλων
2368 1911 2436 1964 τὰ
2472 1911 2531 1962 ὲν
2575 1909 2653 1978 τῷ
2684 1909 2840 1978 τάφῳ
2873 1910 3142 1976 θεάματα,
3183 1913 3333 1974 ὅπως
3385 1914 3577 1981 ἑώρακε
3604 1914 3658 1966 τὰ

2119 2002 2303 2056 ὀθόνια
2340 2001 2496 2070 μόνα,
2529 1999 2648 2052 τότε
2687 1999 2750 2068 δὴ
2785 2001 2851 2070 τῇ
2892 2000 2985 2052 τοῦ
3029 2002 3239 2071 Πέτρου
3302 2005 3559 2074 μαρτυρίᾳ
3599 2007 3659 2074 μὴ

2119 2097 2334 2166 ἔχοντες
2371 2093 2644 2158 ἀπιστεῖν,
2704 2093 2910 2162 ελεγον,
2961 2095 3044 2147 ὅτι
3083 2115 3101 2147 ι
3159 2097 3402 2168 Ἠγέρθη
3433 2101 3458 2151 ὁ
3485 2099 3662 2170 Κύριος

443 1552 694 1606 viderant
723 1567 847 1606 eum
899 1551 1004 1619 int
1047 1551 1369 1615 redivivum,
1421 1565 1526 1606 non
1571 1547 1920 1604 crediderunt
1943 1547 2014 1600 ".

440 1643 576 1700 Cum
617 1646 762 1699 enim
819 1644 1043 1714 perfecti
1093 1646 1328 1697 nomium
1381 1651 1584 1706 essent,
1632 1651 1734 1696 nec
1783 1639 2017 1709 Spiritus

437 1742 665 1810 gratiam
693 1744 1044 1812 recepissent,
1071 1751 1265 1809 praeter
1298 1739 1560 1793 rationem
1601 1746 1654 1790 et
1701 1735 2016 1790 incredibile

443 1832 834 1886 existimabant
891 1832 1113 1897 factum,
1167 1839 1223 1886 ut
1265 1829 1448 1897 Petro,
1499 1843 1562 1882 ac
1605 1826 1820 1888 Joanni.
1855 1829 2016 1880 caete-

441 1922 627 1990 risque
661 1937 719 1976 se
758 1921 1044 1978 videndum
1089 1938 1192 1977 non
1222 1921 1384 1990 227
1417 1917 1648 1982 dederit,
1692 1915 2017 1985 Magdalente

438 2023 568 2063 vero
605 2010 833 2080 aliisque
879 2012 1178 2068 minoribus
1206 2009 1486 2078 discipulis
1518 2009 1878 2077 apparuisset.
1913 2006 2011 2062 Ubi

439 2116 566 2158 vero
593 2106 737 2158 venit
775 2105 987 2169 Petrus,
1018 2115 1072 2160 et
1099 2103 1400 2174 Spectacula
1434 2102 1521 2156 illa
1557 2100 1787 2169 sepulcri
1819 2116 2013 2155 renun-

433 2193 610 2256 tiavit,
646 2203 704 2248 ut
759 2196 1016 2249 nimirum
1074 2196 1387 2249 linteamina
1433 2193 1546 2246 sola
1603 2191 1848 2256 vidisset,
1887 2201 2016 2246 tune
2117 2189 2308 2249 ὅντως.
2347 2205 2367 2239 ι

433 2285 569 2341 sane
631 2301 750 2340 cum
828 2287 962 2341 nihil
1031 2287 1294 2342 habt-rent
1339 2297 1538 2351 causa,
1606 2283 1953 2352 quamobrem
1998 2277 2308 2336 testimonio
2363 2275 2506 2332 Petri
2563 2290 2668 2330 non
2721 2277 3032 2344 crederent,
3093 2279 3351 2334 dicebant
3402 2300 3414 2335 :

431 2375 668 2428 Surrexit
697 2374 955 2428 Dominus
976 2382 1124 2430 vere.
1155 2394 1174 2428 ι

3473 2301 3490 2333 ι
3536 2281 3666 2346 Quod

516 2485 537 2520 ι
585 2465 888 2524 Novissime
927 2471 1366 2526 recnnubetttihns
1401 2471 1508 2525 illis
1551 2471 1802 2525 undecim
1843 2485 2008 2538 appa-

431 2562 562 2624 ruit,
595 2569 650 2616 et
686 2562 1032 2628 exprobravit
1093 2563 1523 2618 incredulitatem
1559 2575 1746 2617 eorum
1777 2571 1833 2616 et
1860 2562 2011 2616 duri-

436 2652 566 2707 tiat‘n
601 2654 802 2719 cordis,
826 2653 951 2722 quia
984 2654 1067 2708 his
1098 2655 1188 2725 qui
1221 2654 1467 2709 viderant
1491 2668 1614 2709 eum
1643 2653 2008 2708 resurrexisse

435 2759 538 2799 non
574 2744 940 2800 crediderunt.
991 2763 1010 2797 ι
1049 2744 1300 2800 Consona
1356 2753 1540 2800 narrat
1592 2743 1682 2799 hic
1733 2743 1833 2808 iis,
1888 2757 2010 2813 qua

432 2833 588 2889 divus
614 2834 785 2888 Lucas
817 2834 979 2888 habet
1005 2836 1070 2887 ⁸³.
1101 2833 1201 2888 Hic
1223 2835 1366 2889 enim
1400 2839 1684 2903 postquam
1711 2831 2006 2900 Cleopham

2196 2478 2214 2511 ι
2248 2458 2520 2527 ’Ὕστερον
2559 2457 2617 2511 δὲ
2665 2457 3050 2526 ἀνακειμένοις
3102 2458 3293 2520 αὐτοῖς
3349 2461 3456 2520 τοῖς
3499 2459 3664 2512 ἕνδεκα

2114 2549 2460 2621 ἐφανερώθη,
2510 2548 2602 2602 καὶ
2641 2549 2886 2602 ὠνείδισε
2929 2550 3026 2618 τὴν
3065 2551 3331 2602 ἀπιστίαν
3381 2553 3548 2603 αὐτῶν
3587 2556 3665 2604 καὶ

2116 2639 2574 2712 σκληροκαρδίαν,
2615 2640 2699 2693 ὅτι
2721 2643 2832 2702 τοῖς
2857 2641 3222 2709 θεασαμένοις
3265 2643 3427 2695 αὐτὸν
3459 2645 3664 2710 ἐγηγερ-

2116 2733 2277 2802 μένον
2309 2733 2412 2785 οὐκ
2444 2732 2796 2786 ἐπίστευσαν.
2840 2751 2860 2784 ι
2906 2735 3126 2802 Συνῳδα
3170 2737 3408 2789 ἐνταῦθα
3436 2735 3574 2788 λαλεῖ
3601 2735 3666 2804 τῷ

2113 2824 2245 2894 θείῳ
2273 2825 2484 2895 Λουκᾷ·
2514 2825 2608 2877 καὶ
2631 2824 2788 2887 αὐτὸς
2814 2823 2924 2893 γὰρ
2957 2827 3091 2892 μετὰ
3118 2827 3178 2879 τὸ
3213 2828 3390 2880 ἐλθεῖν
3411 2831 3528 2888 τοὺς
3552 2829 3667 2897 περὶ

433 2938 555 2976 cum
579 2925 730 2979 socio
755 2923 1003 2987 rediisse,
1031 2934 1083 2978 et
1109 2933 1302 2979 cmtera
1330 2938 1448 2993 quae
1469 2925 1534 2977 ad
1565 2922 1712 2976 illam
1735 2923 2009 2992 pertinent

2114 2907 2390 2979 Κλεόπαν,
2424 2915 2520 2968 καὶ
2549 2912 2618 2968 τὰ
2658 2918 2756 2984 τῆς
2787 2917 3091 2983 ἐμφανείας
3124 2919 3328 2982 εἰπεῖν,
3364 2919 3501 2972 οὕτω
3531 2921 3665 2986 φησί·

433 3013 848 3082 apparitionem,
892 3013 1142 3081 dixisset,
1177 3015 1351 3083 inquit
1396 3031 1410 3069 :
1448 3033 1466 3066 t
1507 3014 1641 3070 Dum
1679 3024 1856 3068 autem
1891 3013 2006 3068 haec

2119 3026 2138 3058 ι
2177 3007 2362 3060 Ταῦτα
2388 3005 2444 3059 δὲ
2476 3005 2658 3060 αὐτῶν
2691 3006 3021 3069 λαλούντων,
3060 3008 3226 3070 αὐτὸς
3265 3009 3293 3062 ό
3321 3010 3523 3079 Ἰησοῦς
3553 3010 3667 3075 ἔστη

435 3105 746 3172 loquuntur,
790 3104 937 3160 stetit
990 3103 1152 3160 Jesus
1197 3106 1250 3159 in
1300 3105 1478 3160 medio
1513 3120 1722 3161 eorum.
1762 3127 1781 3161 ι
1815 3108 1920 3164 Sed
1964 3111 2009 3166 is

2112 3099 2168 3150 ὲν
2200 3097 2350 3168 μέσῳ
2381 3097 2582 3151 αὐτῶν.
2620 3121 2637 3150 ο
2689 3096 2832 3150 Ἀλλ’
2867 3099 3077 3160 ἐκεῖνος
3139 3098 3243 3167 μὲν
3271 3099 3672 3166 ὲξεταστικὼτε·

430 3196 650 3264 quidem
683 3196 1049 3266 apostolorum
1081 3205 1341 3252 terrorem
1395 3207 1450 3252 et
1496 3197 2005 3255 demonstrationem

2112 3207 2204 3261 ρον
2227 3191 2553 3260 ἀφηγήσατο
2581 3190 2681 3258 τὴν
2710 3188 2821 3242 τῶν
2856 3191 3174 3243 ἀποστόλων
3208 3192 3426 3253 πτοίαν,
3451 3191 3542 3261 τὴν
3570 3191 3674 3243 ἐπίο

439 3285 746 3352 vulnerum,
773 3302 893 3356 qua:
926 3287 980 3342 in
1013 3287 1263 3344 manibus
1309 3301 1374 3342 ac
1398 3287 1627 3358 pedibus
1655 3289 1794 3344 facta
1826 3300 2005 3356 erant,

434 3387 492 3431 et
529 3378 803 3448 quomodo
836 3393 1019 3432 coram
1061 3379 1193 3449 ipsis
1241 3379 1345 3434 mel
1397 3380 1794 3451 obsoniumque
1824 3391 2009 3438 conie-

432 3467 596 3534 derit,
613 3467 932 3535 explicatius
955 3473 1206 3535 enarrat;
1234 3469 1324 3526 hic
1346 3484 1474 3529 vero
1496 3469 1664 3526 multa
1687 3473 2012 3542 praecidens,

435 3555 504 3611 de
573 3556 832 3612 missione
895 3557 1262 3627 apostolorum
1329 3556 1398 3614 ad
1491 3560 1890 3628 praedicandum
1955 3574 2010 3618 et

434 3647 640 3702 Christi
681 3648 732 3703 in
765 3647 958 3705 (“mlum
996 3651 1306 3707 reversione
1343 3651 1506 3707 verba
1547 3651 1697 3709 facit.
1725 3652 1878 3719 Quod
1909 3667 2007 3708 au-

442 3748 548 3794 tem
584 3740 651 3794 de
691 3739 974 3808 discipulis
1013 3742 1142 3796 dicit
1169 3742 1316 3810 quod
1355 3743 1722 3808 recubuerint,
1763 3755 2006 3814 apertam

431 3829 678 3886 continet
710 3831 1215 3900 reprehensionem.
1252 3833 1496 3904 Segnitie
1520 3833 1924 3899 detinebantur,
1955 3843 2010 3891 et

429 3921 593 3990 quasi
647 3920 1028 3991 desperatione
1083 3923 1478 3989 conciderant,
1533 3938 1654 3979 cum
1709 3924 2007 3994 praesertim

429 4009 693 4069 mulieres
729 4023 1004 4084 unguenta
1059 4011 1296 4069 ferentes
1349 4028 1448 4084 per
1485 4023 1652 4071 totam
1693 4023 1904 4070 noctem
1947 4016 2011 4070 Ii-

434 4099 627 4156 benter
683 4101 739 4157 in
797 4103 1044 4172 sepulcro
1107 4113 1476 4161 versarentur.
1529 4103 1598 4160 Et
1657 4103 1796 4160 dixit
1854 4107 1933 4161 eis
1991 4124 2006 4161 :

439 4209 458 4244 t
503 4189 703 4248 Euntes
750 4192 802 4247 in
839 4194 1099 4248 mundum
1148 4195 1462 4250 universum
1510 4197 1797 4266 przedicate
1830 4195 2008 4251 Evan-

429 4283 631 4354 gelium
660 4286 810 4340 omni
846 4288 1196 4344 creaturae".
1238 4306 1259 4341 ι
1291 4287 1408 4344 Non
1443 4290 1734 4345 committit
1769 4290 1874 4345 illis
1907 4291 2007 4347 hoc

432 4373 555 4430 loco
608 4375 850 4431 muneris
896 4378 1177 4446 apostolici
1227 4387 1461 4449 partem,
1508 4395 1686 4450 neque
1726 4392 1913 4451 gentes
1973 4399 2001 4436 a

435 4464 803 4520 Samaritanis
852 4481 919 4522 ac
976 4468 1102 4523 [iiiis
1142 4468 1309 4525 lsrael
1363 4472 1644 4538 discernit,
1700 4485 1761 4529 ut
1797 4475 2016 4535 dixerat

432 4552 584 4624 prius
621 4571 636 4609 :
675 4571 693 4606 ι
735 4552 792 4607 ln
820 4555 961 4608 viam
989 4556 1226 4626 gentium
1258 4573 1326 4614 ne
1353 4560 1630 4628 abieritis;
1659 4572 1715 4617 et
1745 4564 1796 4617 in
1819 4565 2008 4618 civita-

438 4651 545 4697 tem
585 4641 1051 4699 Samaritanorum
1099 4659 1167 4700 ne
1204 4648 1537 4705 intraveritis
1563 4645 1643 4716 ",
1682 4671 1701 4704 ι
1747 4653 1842 4708 sed
1872 4668 2010 4722 quo-

435 4735 580 4789 niam
636 4733 820 4791 mundi
879 4737 1054 4792 victor
1090 4739 1395 4808 exstiterat,
1436 4750 1491 4795 et
1534 4741 1801 4798 universae
1850 4755 2007 4800 terra:

433 4829 832 4895 possessionem
867 4839 1183 4902 acceperat,
1216 4831 1370 4901 juxta
1411 4833 1540 4888 illud
1574 4835 1626 4887 in
1668 4833 1882 4889 Psaltno
1909 4836 2007 4889 de-

435 4929 714 4974 cantatum
751 4935 815 4976 ex
855 4935 1085 4991 persona
1126 4921 1310 4979 Patris
1351 4941 1366 4979 :
1415 4943 1435 4978 ι
1492 4924 1640 4981 Dabo
1676 4925 1769 4979 tibi
1820 4934 2008 4995 gentes

433 5009 810 5066 haereditatem
841 5022 1013 5077 tuam,
1044 5023 1098 5067 et
1126 5013 1528 5084 possessionem
1564 5023 1710 5068 tuam
1747 5016 2009 5071 terminos

431 5107 594 5156 terrae
628 5097 696 5167 “,
734 5119 755 5154 ι
803 5101 856 5156 in
887 5105 1074 5158 orbem
1115 5105 1426 5160 universum
1469 5105 1726 5174 deinceps
1770 5103 2008 5177 Evange—

428 5193 562 5248 lium
613 5193 860 5264 proferre
907 5199 1148 5252 mandat.
1191 5196 1270 5252 Ae
1316 5211 1383 5252 ne
1411 5211 1596 5252 eorum
1647 5197 1740 5268 qui
1782 5198 2007 5253 docendi

432 5293 609 5352 erant,
635 5285 1070 5341 incredulitatem
1095 5288 1514 5357 praetenderent,
1541 5287 1768 5344 salutem
1790 5301 1855 5343 ex
1881 5288 2005 5356 (ide,

431 5387 484 5430 et
512 5377 925 5433 damnationem
963 5393 1030 5434 ex
1067 5379 1385 5436 inﬁdelitate
1413 5389 1832 5436 consecuturam
1867 5394 2006 5450 prat-

426 5471 666 5524 nuntiat.
735 5487 756 5521 ι
807 5470 910 5536 Qui
973 5471 1265 5528 crediderit
1333 5481 1390 5528 et
1453 5473 1758 5544 baptizatus
1817 5471 2003 5536 fuerit,

428 5559 615 5616 salvus
643 5562 778 5631 erit;
807 5562 901 5634 qui
928 5574 1060 5620 vero
1091 5577 1198 5620 non
1225 5563 1522 5620 crediderit
1559 5566 1660 5620 nec
1698 5562 2010 5634 baptizatus

505 5678 571 5805 "8
591 5675 727 5736 Luc.
767 5694 920 5750 xxtv,
957 5681 1052 5739 ‘56.
1159 5681 1207 5715 ⁸¹
1245 5680 1380 5738 Ibid.
1411 5681 1500 5738 l5.

433 5769 506 5821 at,
539 5769 590 5806 δ.

1608 5679 1656 5716 ³⁸
1693 5681 1826 5738 Luc.
1870 5694 1985 5751 xlv,
2026 5677 2116 5736 36.

2106 3278 2272 3344 δειξιν
2291 3280 2400 3333 τῶν
2423 3283 2480 3333 ἐν
2501 3279 2656 3351 χερσὶ
2681 3279 2776 3334 καὶ
2801 3279 2956 3333 ποσὶν
2989 3271 3257 3346 ὠτειλῶν,
3283 3284 3432 3346 ὅπως
3464 3281 3672 3335 ἐνώπιον

2107 3370 2289 3425 αὐτῶν
2319 3371 2671 3442 κατεδηδόκει
2724 3371 2786 3424 τὺ
2835 3370 2960 3442 μέλι
3017 3373 3113 3426 καὶ
3141 3373 3206 3426 τὸ
3238 3373 3488 3444 ὀψάριον.
3522 3366 3672 3435 Οὗτος

2107 3462 2166 3516 δὲ
2219 3461 2290 3518 τὰ
2340 3463 2512 3517 πολλὰ
2544 3464 2856 3531 συντεμὼν,
2894 3463 2996 3534 τὴν
3028 3466 3108 3527 είς
3141 3464 3203 3518 τὺ
3259 3467 3519 3537 κήρυγμα
3545 3466 3675 3532 λέγει

2108 3553 2437 3626 ἀποστολὴν,
2497 3555 2590 3608 καί⁵
2643 3553 2742 3608 τὴν
2768 3557 2846 3616 είς
2879 3555 3148 3621 οὐρανοὺς
3201 3557 3581 3626 ἀναιροίτησιν.
3613 3556 3678 3607 T6

2115 3647 2302 3717 μέντοι
2343 3646 2474 3717 περὶ
2529 3647 2637 3700 τῶν
2689 3647 2953 3717 μαθητῶν
2987 3649 3185 3713 εἰπεῖν,
3237 3649 3316 3712 ὡς
3352 3649 3672 3711 κατέκειντο,

2115 3737 2455 3808 κατηγορίαν
2519 3738 2776 3806 ἐμφαίνει
2813 3739 2959 3808 σαφῆ
2982 3753 2996 3768 °
3045 3735 3184 3808 ἦσαν
3217 3743 3332 3811 γὰρ
3355 3741 3554 3812 νωθεία
3583 3743 3681 3793 ἐνι-

2111 3828 2391 3897 σχυμένοι,
2424 3827 2517 3880 καὶ
2547 3823 2659 3881 οἷον
2690 3829 3158 3895 ἀναπεπτωκότες
3209 3832 3273 3897 ἐξ
3309 3832 3678 3900 ἀπογνώσεως,

2109 3918 2206 3970 καὶ
2238 3917 2410 3970 ταῦτα
2439 3919 2545 3971 τῶν
2583 3918 3082 3988 ἀλαϐαστροφόρων
3133 3923 3423 3989 γυναικῶν
3473 3923 3538 3976 δι’
3567 3923 3681 3990 ὅλης

2110 4008 2303 4070 νυκτὸς
2333 4008 2828 4079 ἐμφιλοχωρονσῶν
2862 4013 2921 4062 ὲν
2949 4011 3028 4080 τῷ
3066 4014 3344 4082 μνήματι.
3401 4015 3510 4066 Καὶ
3541 4009 3680 4064 εἶπεν

2110 4103 2294 4164 αὐτοῖς
2317 4115 2332 4131 ⁸
2367 4118 2386 4154 ‹
2426 4101 2797 4173 Πορευθέντες
2824 4103 2904 4166 είς
2942 4104 3034 4156 τὶν
3075 4105 3289 4173 κόσμον
3331 4104 3568 4170 ἅπαντα,
3597 4121 3684 4171 κη-

2112 4193 2308 4267 ρύξατε
2337 4193 2397 4247 τὸ
2429 4193 2758 4262 Εύαγγέλιον
2785 4195 2934 4266 πάσῃ
2971 4197 3036 4265 τῇ
3066 4196 3282 4249 κτίσει’·
3326 4217 3345 4250 s
3386 4200 3485 4251 ούκ
3520 4201 3682 4266 ὲγχειο

2114 4284 2252 4357 ρίζει
2285 4285 2499 4348 τούτοις
2555 4284 2864 4354 ἀποστολὴν
2923 4287 3184 4355 μερικὴν,
3228 4288 3357 4341 οὐδὲ
3393 4288 3684 4342 διαστέλλει

2107 4377 2234 4438 τοὺς
2271 4376 2518 4440 ὲθνικοὺς
2561 4378 2656 4430 καὶ
2694 4377 3046 4448 Σαμαρείτας
3080 4379 3187 4432 ἀπὸ
3220 4381 3333 4432 τῶν
3363 4383 3423 4446 ἐξ
3457 4382 3679 4452 Ἰσραὴλ,

2108 4469 2181 4530 ὡς
2217 4467 2481 4537 πρότερον
2505 4465 2692 4534 ἔλεγεν
2712 4483 2725 4497 ο
2764 4487 2782 4519 ι
2817 4468 2908 4530 Είς
2938 4468 3058 4520 δδδν
3085 4467 3259 4523 ἐθνῶν
3295 4470 3374 4542 μὴ
3402 4473 3680 4539 ἀπέλθητε,

2107 4560 2204 4611 καὶ
2257 4561 2336 4622 εἰς
2383 4558 2536 4611 πόλιν
2585 4559 2944 4629 Σαμαρειτῶν
3002 4561 3077 4628 μὴ
3132 4562 3449 4632 εἰσέλθητε,
3506 4582 3524 4614 ι
3575 4561 3680 4616 ἀλλ’

2104 4649 2290 4720 ἐπειδὴ
2322 4649 2545 4720 νικητὴς
2573 4647 2730 4719 ῶτρθη
2767 4649 2862 4702 τοῦ
2897 4652 3130 4719 κόσμου,
3162 4652 3261 4705 καὶ
3288 4654 3393 4724 τὴν
3417 4656 3679 4724 κατάσχε-

2105 4761 2189 4797 σιν
2225 4743 2438 4812 εἱλήφει
2492 4744 2672 4812 πάσης
2704 4744 2805 4812 τῆς
2839 4744 2964 4813 γῆς,
3001 4745 3142 4798 κατὰ
3174 4747 3235 4798 τὸ
3270 4749 3609 4817 ὑμνούμενον
3629 4751 3681 4800 ἐν

2105 4833 2379 4902 Ψαλμοῖς,
2410 4833 2484 4898 ὡς
2521 4837 2586 4887 ἐκ
2613 4834 2708 4886 τοῦ
2739 4835 2952 4905 Πατρός
2977 4852 2991 4865 ο
3033 4855 3053 4887 ε
3103 4837 3275 4890 Δώσω
3311 4856 3398 4892 σοι
3424 4839 3548 4909 ἔθνη
3596 4839 3682 4908 τὴν

2107 4923 2477 4993 κληρονομίαν
2508 4939 2626 4987 σου,
2655 4927 2749 4978 καὶ
2770 4925 2870 4994 τὴν
2897 4925 3232 4995 κατάσχεσέν
3255 4944 3358 4982 σου
3383 4930 3452 4984 τὰ
3484 4930 3683 5000 πέρατα

2106 5010 2210 5080 τῆς
2257 5013 2385 5082 γῆς·
2427 5030 2447 5065 ι
2504 5013 2654 5083 πασῃ
2700 5015 2768 5084 τῇ
2795 5013 3094 5088 οἰκουμένῃ
3145 5018 3341 5074 λοιπὸν
3396 5023 3683 5092 προτρέπει

2110 5101 2590 5171 εὐαγγελίσασθαι.
2625 5105 2731 5157 Καὶ
2759 5106 2834 5169 ὠς
2861 5106 2928 5160 ἂν
2960 5105 3034 5178 μὴ
3063 5110 3468 5178 προδάλλοιντο
3499 5116 3556 5166 τὸ
3586 5113 3683 5165 τῶν

2112 5194 2514 5264 διδασκομένων
2561 5197 2814 5267 ἀνήκοον,
2869 5205 3266 5270 προαναερωνεῖ
3325 5205 3429 5274 τὴν
3489 5208 3549 5259 ἐκ
3600 5202 3682 5257 τοῦ

2116 5284 2409 5339 πιστεῦσαι
2442 5288 2737 5361 σωτηρίαν,
2771 5291 2863 5342 καὶ
2893 5290 2992 5360 τὴν
3032 5291 3096 5343 ἐκ
3133 5291 3236 5360 τῆς
3283 5295 3572 5358 ἀπειθείας
3596 5313 3683 5347 κα-

2113 5379 2385 5449 τάκρισιν.
2417 5399 2435 5431 ι
2481 5380 2537 5434 Ὀ
2570 5381 2864 5444 πιστεύσας
2909 5383 3003 5437 καὶ
3057 5385 3390 5453 βαπτισθεὶς
3456 5388 3684 5459 σωθήσει

2112 5485 2238 5523 ται·
2269 5473 2298 5524 ὁ
2353 5471 2410 5524 δὲ
2449 5473 2758 5543 ἀπιστήσας
2789 5474 2884 5526 καὶ
2921 5474 2997 5545 μὴ
3044 5474 3374 5546 βαπτισθεὶς
3429 5496 3683 5548 κατακρι-

2115 5559 2364 5632 θήσεται.
2400 5581 2419 5615 ι
2455 5563 2533 5618 Οὐ
2573 5564 2738 5636 μέχρι
2772 5566 3186 5620 τοῦ-πιστεῦσαι
3221 5570 3318 5622 τὸν
3347 5570 3508 5641 λόγον
3537 5572 3686 5638 ἔπτη-

2219 5679 2267 5712 “
2307 5647 2473 5734 uate.
2514 5696 2624 5749 m,
2668 5680 2752 5736 t5.
2866 5681 2912 5713 ο·
2953 5680 3140 5736 Matth.
3185 5697 3240 5747 κ,
3293 5683 3350 5738 5.
3459 5686 3507 5717 η
3546 5683 3678 5738 Psal.
