4018 6206
383 318 491 383 639

1582 314 1998 375 THEOPIIAN
2009 314 2078 375 IS
2114 314 2463 377 CERAMEI

3525 321 3640 385 640

389 435 606 502 ιιιιιιιηι,
623 447 746 488 eum
764 444 976 486 omnem
1002 443 1225 499 pravam
1248 427 1627 500 cogitationem
1651 446 1680 483 a
1707 430 1962 486 cordibus

2072 449 2232 500 ματα.
2262 432 2486 503 Λίρουσι
2513 434 2570 487 δὲ
2587 435 2681 489 καλ⁵
2707 434 2884 503 ὄφεις.
2919 434 3098 489 πάντα
3118 436 3379 507 λογισμὸν
3400 439 3645 509 πονηρὸν

387 527 597 597 fugant.
625 525 691 579 Et
719 524 764 579 si
791 521 1131 578 mortiferum
1164 522 1293 592 quid
1321 522 1577 585 biberint.
1615 537 1720 576 non
1754 523 1834 577 eis
1869 538 1963 577 no-

388 622 528 676 cebit
553 636 569 685 ;
601 631 765 687 super
794 630 968 687 aegros
1001 630 1193 670 manus
1218 615 1516 684 imponent,
1543 624 1599 668 et
1628 613 1795 684 229
1827 614 1964 669 bene

390 712 685 768 habebunt.
716 709 823 765 Per
864 723 1059 763 manus
1096 709 1350 763 virtutem
1392 708 1626 777 signavit
1669 723 1810 773 eam,
1845 723 1965 778 quas

391 806 444 859 in
475 802 865 860 exercitatione
910 800 1197 866 consistit;
1242 814 1361 869 qua:
1405 800 1619 860 quidem
1664 799 1837 853 media
1872 800 1966 852 do-

393 898 562 951 ctrina
592 894 752 961 agris
782 893 981 948 animis
1008 893 1223 947 admota
1250 892 1612 946 valetudinem
1646 891 1753 947 illis
1784 889 1961 945 παρη.

393 986 632 1040 Adverte
652 985 815 1038 etiam
835 984 999 1051 quod,
1024 982 1279 1051 queniam
1304 982 1419 1036 haec
1442 980 1732 1052 dupliciter
1751 988 1965 1049 oportet

395 1077 666 1145 accipere,
704 1084 757 1129 et
802 1075 978 1144 quoad
1024 1088 1087 1127 ea
1126 1089 1245 1143 qum
1297 1084 1557 1143 apparent
1604 1074 1863 1136 exterius,
1912 1083 1963 1127 et

396 1169 573 1237 quoad
598 1181 661 1220 ea
692 1181 810 1234 qua:
839 1166 1011 1219 solum
1051 1165 1440 1233 intelliguntur,
1476 1165 1596 1219 ideo
1639 1164 1690 1217 in
1729 1164 1966 1233 quinque

393 1262 635 1314 mcmhra
671 1259 1051 1313 miraculorum
1077 1257 1290 1312 clTeCtio
1320 1258 1600 1325 dispertita
1624 1264 1708 1312 est
1740 1273 1755 1311 :
1795 1275 1814 1308 ι
1854 1257 1967 1311 Dte-

392 1350 573 1402 monia
618 1348 859 1419 ejicient,
912 1348 1106 1416 linguis
1150 1349 1440 1415 loquentur
1471 1346 1966 1415 novissserpentes

395 1441 604 1506 tollent,
657 1452 712 1495 et
762 1440 808 1495 si
863 1440 1202 1495 mortiferum
1249 1441 1376 1509 quid
1430 1439 1685 1508 biberint,
1735 1456 1841 1495 non
1887 1443 1967 1496 eis

394 1534 633 1598 nocebit,
682 1549 846 1603 super
892 1549 1067 1605 aegros
1119 1549 1308 1588 manus
1354 1534 1663 1604 imponent,
1721 1542 1776 1587 et
1831 1533 1967 1587 bene

393 1626 684 1692 habebunt,
721 1645 739 1678 ι
781 1626 983 1696 quippe
1008 1641 1130 1680 cum
1168 1636 1223 1680 et
1250 1624 1318 1679 ad
1360 1640 1577 1679 sensum
1617 1623 1968 1680 facultatibus

2065 525 2176 579 ἀπὸ
2212 526 2321 580 τῶν
2350 528 2591 595 καρδιῶν
2623 527 3038 598 φυγαδεύοντες.
3084 529 3201 582 Κᾶν
3251 529 3554 601 θανάσιμόν
3587 549 3645 584 τι

2065 620 2282 684 πίωσιν,
2309 622 2371 673 οὐ
2409 619 2483 690 μὴ
2518 620 2715 683 αὐτοὺς
2752 619 2954 692 βλάψῃο
2984 621 3078 673 ἐπὶ
3109 622 3423 693 ἀρρώστους
3452 625 3647 692 χεῖρας

2065 712 2405 784 ἐπιθήσουσι,
2435 714 2530 767 καὶ
2567 712 2749 776 καλῶς
2782 711 2985 777 ἕξουσι.
3028 714 3141 783 Τὴν
3165 715 3479 785 πρακτικὴν
3512 717 3643 784 άρε-

2063 804 2162 877 τὴν
2201 807 2443 875 ἐσήμανε
2492 803 2584 859 διὰ
2629 806 2740 859 τῶν
2787 806 3010 876 χειρῶν,
3043 806 3165 876 ἥτις
3198 806 3513 861 ὲπιτεθεῖσα
3550 808 3642 861 διά

2064 896 2166 964 τῆς
2197 896 2548 960 διδασκαλίας
2596 899 2717 961 ταῖς
2746 897 3160 969 ἀρῤωστούσαις
3202 897 3425 968 ψυχαῖς,
3459 918 3645 968 παρα-

2067 989 2321 1054 σκευάζει
2343 988 2546 1052 ταύτας
2580 990 2728 1058 ἔχειν
2757 990 2959 1052 καλῶς.
3004 989 3208 1044 Σκόπει
3241 987 3320 1049 δὲ,
3353 990 3430 1050 ὡς
3451 988 3643 1058 ἐπειδὴ

2063 1079 2265 1143 διπλῶς
2302 1080 2477 1134 ταῦτα
2509 1079 2951 1149 ἐκλαμϐάνεσθαι
2985 1082 3111 1149 χρὴ,
3157 1081 3299 1133 κατὰ
3322 1097 3379 1132 τε
3418 1080 3481 1131 τὸ
3510 1098 3645 1147 φαι-

2064 1170 2291 1241 νόμενον
2344 1171 2437 1224 καὶ
2463 1174 2791 1242 νοούμενονῗ,
2828 1171 2916 1225 διὰ
2937 1171 3099 1225 τοῦτο
3131 1172 3378 1240 πανταχῆ
3410 1170 3640 1241 διῄρησε

2064 1262 2163 1331 τὴν
2195 1262 2304 1315 τῶν
2363 1262 2659 1333 θαυμάτων
2708 1263 2993 1334 ἐνέργειαν
3021 1280 3037 1294 ’
3097 1283 3116 1316 ι
3157 1264 3425 1333 Δαιμόνια
3472 1263 3643 1316 ἑκϐα-

2063 1348 2240 1412 λοῦσι,
2287 1349 2561 1418 γλώσσαις
2608 1351 2904 1421 λαλήσουσι
2945 1356 3182 1414 καιναῖς,
3219 1352 3372 1422 ὄφεις
3417 1351 3638 1420 ἀροῦσι,

2066 1440 2169 1494 κᾶν
2206 1439 2506 1511 θανάσιμόν
2532 1459 2584 1496 τι
2617 1442 2834 1505 πίωσιν,
2857 1444 2917 1495 οὖ
2950 1444 3024 1513 μὴ
3054 1444 3253 1505 αὐτοὺς
3297 1442 3517 1512 βλάψῃ*
3543 1443 3643 1494 ἐπὶ

2065 1532 2383 1604 ἀρρώστους
2400 1536 2589 1604 χεῖρας
2614 1534 2960 1604 ἐπιθήσουσι,
2988 1537 3081 1588 καὶ
3123 1535 3302 1598 καλῶς
3333 1533 3573 1598 ἕξουσιν,
3614 1553 3634 1585 ι

2068 1625 2143 1687 ὡς
2184 1625 2593 1695 ἐνεργουμένων
2654 1625 2835 1679 αὐτῶν
2889 1625 2985 1679 καὶ
3013 1626 3154 1680 κατὰ
3181 1625 3279 1696 τὴν
3309 1625 3642 1696 πενταδικὴν

391 1718 631 1788 quinque
684 1720 997 1786 pollentem,
1052 1729 1107 1771 et
1156 1720 1221 1771 ad
1274 1719 1515 1789 quinque
1551 1718 1738 1773 itidem
1798 1716 1964 1772 animi

2072 1716 2350 1786 αἴσθησιν,
2390 1718 2485 1771 καὶ
2530 1718 2673 1773 κατὰ
2705 1718 2804 1781 τὰς
2832 1718 2995 1772 πέντε
3045 1717 3303 1788 δυνάμεις
3334 1718 3434 1788 τῆς
3461 1719 3645 1789 ψυχῆς

393 1811 540 1864 vires
599 1811 953 1880 spiritualiter
1008 1810 1254 1878 operatio
1310 1824 1496 1865 eorum
1554 1811 1960 1865 accommodata

2072 1810 2295 1877 νοητῶς.

468 2009 489 2045 ι
539 1991 604 2046 Et
651 1993 907 2047 Dominus
957 1992 1173 2062 quidem
1225 1991 1385 2048 Jesus
1417 2003 1702 2062 postquam
1745 1994 1962 2050 locntns

395 2091 483 2138 est
514 2084 614 2149 eis,
644 2094 952 2153 assumptus
982 2095 1065 2139 est
1099 2086 1151 2137 in
1188 2084 1403 2146 caelum,
1448 2093 1502 2138 ct
1530 2085 1670 2139 sedit
1696 2103 1723 2138 a
1754 2086 1964 2142 dextris

398 2174 521 2230 Dei.
562 2192 581 2227 ι
614 2174 712 2229 llic
753 2191 941 2229 rursus
970 2186 1023 2229 et
1052 2176 1228 2229 locum
1255 2175 1398 2231 unde
1434 2187 1748 2245 assumptus
1781 2191 1885 2243 est,
1911 2188 1965 2233 et

393 2265 613 2319 modum
660 2279 769 2333 quo
804 2266 855 2320 id
892 2266 1093 2321 iactant
1127 2275 1229 2330 est,
1269 2268 1634 2336 praetermisit,
1674 2282 1796 2337 qua:
1836 2285 1966 2323 sane

393 2351 610 2415 divinos
659 2356 832 2411 Lucas
874 2357 1187 2426 expressius
1228 2359 1591 2413 enarravit".
1649 2358 1782 2415 Cum
1835 2375 1964 2415 vero

394 2447 550 2501 audis
570 2461 692 2500 eum
716 2447 768 2500 in
793 2448 1013 2501 dextera
1046 2448 1136 2502 Dei
1163 2449 1496 2511 consedisse,
1520 2451 1704 2504 sex-lem
1729 2450 1963 2521 aliquam

395 2550 714 2603 corpoream
765 2552 832 2592 ne
873 2538 1182 2609 concipias,
1235 2547 1290 2593 et
1326 2543 1392 2595 ad
1450 2541 1811 2611 cogitationes
1859 2542 1966 2597 Deo

398 2628 592 2697 dignas
622 2630 864 2684 animum
897 2631 1063 2701 erige.
1118 2630 1326 2687 Dicitur
1355 2648 1486 2687 sane
1517 2635 1584 2688 de
1628 2634 1736 2689 Deo
1771 2642 1823 2689 ct
1852 2647 1965 2689 sta-

401 2723 510 2780 tns,
543 2726 597 2769 et
626 2717 821 2772 sessio.
862 2718 1071 2773 Etenim
1112 2720 1370 2787 propheta
1402 2720 1490 2774 ille
1536 2723 1748 2790 pecoris
1784 2732 1967 2779 custos

395 2806 684 2862 Dominum
716 2810 770 2863 in
797 2810 1144 2864 adamantina
1189 2826 1344 2865 nmro
1382 2821 1616 2865 stantem
1661 2814 1873 2879 vidit",
1913 2824 1967 2869 et

397 2897 615 2951 divinus
657 2896 964 2967 Stephanus
997 2897 1201 2965 Spiritu
1233 2907 1420 2954 sancto
1449 2902 1637 2968 plenus
1670 2902 1806 2956 vidit
1849 2904 1967 2973 glo-

394 2988 534 3043 riam
568 2989 684 3054 Dei,
712 3000 765 3044 et
817 2990 1007 3044 Filium
1039 3000 1272 3046 stantem
1331 3008 1360 3046 a
1406 2992 1613 3048 dextris
1632 2995 1697 3047 ⁸⁸.
1755 2994 1967 3050 Marcus

2143 2008 2162 2042 ι
2209 1991 2270 2044 ὐ
2300 1990 2399 2061 μὲν
2425 1988 2518 2042 οῦν
2553 1988 2758 2059 Κύριος
2795 1987 2931 2059 μετὰ
2961 1987 3020 2041 τὸ
3040 1987 3276 2059 λαλῆσαι
3305 1988 3491 2047 αὐτοῖς
3519 1987 3642 2040 ἁνε-

2067 2079 2248 2151 λήφθη
2308 2084 2387 2143 εἰς
2415 2080 2506 2132 τὸν
2564 2080 2817 2149 οὐρανὸν,
2848 2080 2944 2132 καὶ
2969 2078 3225 2133 ἐκάθισεν
3278 2080 3339 2130 ὲν
3363 2078 3515 2149 δεξιᾷ
3549 2079 3646 2131 τοῦ

2066 2170 2226 2224 Θεοῦ.
2259 2189 2278 2221 ι
2307 2169 2472 2224 Πάλιν
2499 2168 2733 2223 ἐνταῦθα
2759 2169 2851 2222 καὶ
2877 2169 2972 2223 τὸν
2994 2168 3159 2221 τόπον
3186 2168 3309 2222 ὅθεν
3338 2168 3645 2237 ἀνελήφθη,

2066 2262 2279 2315 καὶτὸν
2312 2261 2515 2332 τρόπον
2572 2261 2743 2323 ὅπως,
2800 2259 3119 2328 σεσίγηκεν,
3160 2259 3197 2313 ἃ
3251 2257 3317 2329 δὴ
3368 2260 3585 2320 Λουκᾶς
3616 2261 3647 2309 6

2068 2349 2210 2411 θεῖος
2239 2349 2603 2420 άριδηλότατα
2633 2349 3024 2419 σεσαφήνικεν.
3065 2348 3308 2401 Ἀκούων
3331 2348 3387 2401 δὲ
3412 2348 3491 2411 ὡς
3512 2349 3648 2401 ἑκά-

2067 2440 2217 2494 θισεν
2279 2442 2338 2494 ὲν
2392 2440 2548 2512 δεξιᾷ
2581 2440 2677 2495 τοῦ
2728 2440 2886 2504 Θεοῦ,
2943 2439 3170 2511 ἐκστηθι
3199 2439 3298 2511 τὴν
3324 2440 3648 2509 σωματικὴν

2067 2534 2340 2603 καθέδραν
2380 2534 2650 2597 ὑπονοεῖν,
2684 2533 2779 2585 καὶ
2804 2531 2882 2602 τῷ
2929 2531 3179 2602 λογισμῷ
3214 2531 3483 2601 μετάϐηθι
3509 2531 3646 2601 πρὸς

2067 2628 2274 2691 ἐννοίας
2297 2628 2622 2700 θεοπρεπεῐς
2643 2641 2659 2659 ο
2686 2627 2904 2696 λέγεται
2934 2627 3033 2697 μὲν
3063 2626 3171 2698 γάρ
3216 2626 3312 2680 καὶ
3338 2628 3526 2689 στάσις
3552 2628 3648 2679 καλ⁵

2068 2719 2303 2790 καθέδρα
2361 2720 2454 2772 ἐπὶ
2505 2718 2663 2773 Θεοῦ.
2705 2719 2767 2773 Ὀ
2813 2718 3043 2789 μὲνγὰρ
3077 2718 3301 2782 αἰπόλος
3359 2720 3648 2789 προφήτης

2068 2812 2277 2865 ἑστῶτα
2305 2812 2394 2865 τὸν
2429 2811 2562 2865 Θεὸν
2584 2806 2722 2863 εἶδεν
2749 2813 2840 2864 ἐπὶ
2870 2811 3083 2881 τείχους
3112 2811 3475 2881 ἀδαμαντίνου
3504 2825 3518 2837 ·
3552 2810 3648 2862 καὶ

2067 2899 2096 2952 6
2123 2899 2404 2962 θεσπέσιος
2430 2900 2721 2968 Στέφανος,
2748 2899 2954 2971 πλήρης
2977 2900 3292 2971 Πνεῦματος
3318 2902 3475 2970 ἁγίου
3492 2904 3648 2969 γενό-

2074 3008 2255 3061 μενος,
2285 2987 2391 3045 εῑδε
2424 2990 2582 3056 δόξαν
2608 2990 2767 3054 Θεοῦ,
2793 2993 2887 3046 καὶ
2909 2992 2998 3046 τον
3043 2993 3171 3045 Υίδν
3212 2992 3424 3046 ἑστῶτα
3457 2994 3520 3046 ὲκ
3551 2993 3639 3046 δε-

398 3095 528 3135 vero
557 3081 944 3151 diviuiloqnns,
990 3092 1044 3137 et
1089 3098 1318 3153 magnus
1355 3083 1570 3150 Paulus,
1611 3094 1666 3140 et
1710 3098 1836 3141 ante
1867 3088 1964 3142 hos

2075 3083 2203 3149 ξιῶν
2226 3081 2320 3136 τοῦ
2352 3082 2515 3138 Θεοῦ.
2563 3084 2620 3137 '0
2652 3084 2917 3156 θεηγόρος
2947 3084 3003 3138 δὲ
3026 3085 3276 3155 Μάρκος,
3309 3085 3453 3138 καὶὸ
3472 3084 3646 3154 μέγας

396 3174 658 3244 propheta
684 3174 849 3228 David
878 3173 1084 3229 sedisse
1107 3173 1380 3229 Christum
1413 3176 1489 3229 ait
1520 3176 1571 3231 in
1596 3177 1818 3232 dextera
1848 3178 1965 3235 Dei.

395 3267 530 3323 Nam
565 3269 728 3324 David
760 3267 917 3333 dixit,
976 3286 992 3320 ι
1054 3266 1198 3322 Dixit
1247 3267 1507 3323 Dominus
1566 3269 1794 3325 Domino
1826 3288 1967 3341 meo,

399 3360 541 3417 Sede
570 3376 601 3416 a
646 3362 858 3417 dextris
897 3362 1032 3416 meis
1052 3361 1130 3428 “;
1167 3369 1250 3415 ret
1295 3360 1493 3417 Paulus
1546 3378 1562 3419 :
1617 3379 1637 3415 ι
1695 3363 1858 3419 Sedet
1902 3366 1969 3420 ad

396 3454 674 3509 dexteram
701 3453 1001 3522 Majestatis
1048 3454 1098 3507 in
1129 3454 1361 3509 excelsis
1377 3455 1421 3488 “
1452 3472 1467 3510 :
1502 3474 1522 3508 ι
1557 3465 1611 3511 et
1646 3456 1747 3512 hoc
1778 3457 1968 3514 itidem

398 3546 525 3602 loco
552 3546 881 3617 evangelista
912 3562 1037 3601 cum
1072 3547 1155 3602 his
1199 3549 1461 3604 concinit.
1501 3549 1571 3604 At
1601 3565 1702 3604 non
1736 3550 1811 3604 uti
1845 3566 1967 3605 cor-

399 3638 586 3708 poreis
616 3638 669 3692 in
712 3638 894 3702 rebus,
946 3638 1025 3694 sic
1062 3648 1116 3692 et
1168 3638 1237 3693 de
1291 3639 1588 3694 excellente
1647 3641 1736 3695 illa
1774 3649 1967 3695 natura

399 3738 603 3785 statum
635 3736 691 3785 ct
729 3726 1028 3785 sessionem
1075 3730 1314 3801 c0gitare
1349 3729 1431 3786 fas
1466 3741 1549 3786 est
1581 3749 1598 3788 :
1631 3748 1803 3804 neque
1829 3736 1971 3790 enim

402 3822 489 3876 vel
515 3836 637 3877 eum
665 3829 891 3887 statum,
920 3821 1010 3891 qui
1037 3831 1219 3876 erecto
1242 3823 1464 3892 poplite,
1505 3838 1680 3895 neque
1708 3840 1828 3880 eam
1859 3840 1973 3881 ses-

399 3915 631 3980 sionem,
666 3927 786 3983 qna:
818 3913 1009 3982 positis
1051 3914 1112 3970 lit
1144 3915 1556 3984 coxendicihus,
1600 3917 1747 3985 pium
1775 3926 1861 3974 est
1890 3934 1975 3973 re—

402 4014 615 4075 putare.
652 4003 757 4059 Sed
798 4019 895 4075 per
924 4013 1125 4061 statum
1162 4005 1377 4075 quidem
1403 4005 1504 4078 (2),
1535 4007 1889 4065 stabilitatem
1919 4011 1971 4066 in

401 4097 548 4150 omni
588 4098 747 4161 bono,
778 4110 874 4165 per
906 4095 1207 4153 sessionem
1239 4111 1366 4151 vero
1397 4097 1637 4152 divinum
1670 4114 1869 4154 numen
1919 4102 1974 4156 in

404 4187 551 4243 onmi
588 4187 776 4243 itidem
802 4189 945 4242 bono
972 4186 1326 4242 immobilitcr
1356 4187 1703 4251 collocatum.
1728 4199 1783 4247 et
1806 4192 1978 4248 stabi-

403 4281 509 4335 lem
545 4281 597 4335 in
630 4295 694 4336 eo
722 4279 1035 4335 lirinitatem
1060 4280 1311 4336 obtinere
1340 4281 1667 4339 sentiamus.

485 4475 506 4511 ι
552 4455 630 4512 Illi
664 4466 845 4513 autem
879 4455 1111 4528 profecti
1136 4457 1567 4528 praedicaverunt
1601 4461 1817 4532 ubique,
1867 4463 1976 4519 Do-
2010 4448 2060 4509 ί)

410 4552 561 4609 mino
612 4559 957 4620 cooperante,
1014 4559 1071 4606 et
1124 4565 1431 4606 sermonem
1480 4553 1833 4611 conﬁrmante
1886 4571 1976 4612 se-

410 4640 703 4711 quentibus
756 4638 951 4711 signis.
1010 4656 1030 4691 ι
1090 4638 1410 4708 Quanquam
1464 4654 1574 4695 non
1628 4642 1813 4697 statim
1857 4653 1978 4713 post

408 4734 788 4790 ascensionem
850 4733 917 4787 ad
966 4730 1371 4802 praedicandum
1428 4731 1678 4802 discipuli
1753 4734 1981 4803 profecti

411 4836 564 4896 sunt,
587 4826 682 4881 sed
705 4836 991 4895 postquam
1022 4838 1118 4894 per
1142 4823 1331 4895 igneas
1360 4822 1572 4895 linguas
1598 4823 1833 4893 Spiritus
1858 4840 1983 4896 gra-

416 4918 546 4972 tiam
577 4919 938 4988 accepissent,
967 4932 1092 4973 cum
1125 4915 1299 4972 induti
1341 4918 1538 4974 virtute
1568 4918 1733 4990 230
1754 4933 1819 4974 ex
1849 4920 1976 4986 alto,

415 5009 555 5065 alius
612 5009 718 5073 alio
764 5010 1006 5080 gentium
1055 5023 1152 5080 per
1211 5024 1425 5065 omnem
1490 5018 1690 5066 terram
1727 5012 1977 5082 ‘dispersi

484 5147 532 5184 "
548 5148 666 5204 Act.
700 5161 740 5213 ι,
772 5145 860 5201 ii.
934 5145 981 5179 ⁸⁸
1004 5147 1171 5203 Amos
1219 5161 1317 5211 vn,
1346 5147 1401 5202 7.
1532 5145 1578 5181 ⁸⁸
1600 5149 1724 5201 Act.
1750 5160 1868 5212 vni,
1895 5146 1986 5202 55.

2075 3172 2307 3239 Παῦλος,
2343 3175 2437 3227 καλ⁸
2457 3174 2565 3243 πρό
2588 3189 2651 3241 γε
2675 3174 2883 3229 τούτων
2913 3178 2940 3228 6
2967 3177 3254 3246 προφήτης
3287 3175 3458 3229 Δασὶδ
3482 3192 3648 3230 κεκα-

2074 3266 2272 3337 θῆσθαί
2296 3283 2427 3336 φασι
2446 3267 2537 3322 τὸν
2561 3268 2795 3337 Χριστὸν
2818 3270 2876 3323 ὲν
2889 3268 3038 3341 δεξιᾷ
3058 3268 3151 3323 τοῦ
3168 3267 3327 3324 Θεοῦ.
3357 3271 3424 3323 ’0
3448 3286 3507 3323 τε
3537 3270 3645 3339 γὰρ

2073 3361 2237 3416 Δαδίδ
2297 3377 2498 3431 φησιν·
2569 3381 2588 3413 ι
2624 3357 2791 3416 Εἶπεν
2844 3365 2872 3417 6
2920 3362 3123 3430 Κύριος
3156 3362 3234 3433 τῷ
3281 3362 3475 3432 Κυρίῳ
3502 3377 3642 3431 μου·

2076 3454 2262 3508 Κάθου
2290 3455 2357 3507 ὲκ
2380 3452 2570 3517 δεξιῶν
2601 3471 2701 3524 μου
2724 3470 2738 3485 ο
2766 3472 2784 3506 ι
2819 3453 2911 3507 καὶ
2937 3454 2965 3506 6
2990 3452 3316 3515 Ἀπόστολος
3337 3468 3351 3480 ·
3386 3470 3407 3505 ι
3430 3450 3646 3504 Ἐκάθι-

2076 3563 2168 3600 σεν
2199 3547 2257 3599 ἑν
2286 3543 2438 3616 δεξιᾷ
2470 3545 2562 3598 τοῦ
2598 3544 2789 3616 θρόνου
2813 3545 2909 3615 τῆς
2937 3542 3313 3614 μεγαλοσύνης
3337 3542 3431 3596 τοῦ
3452 3540 3639 3595 Θεοῦ·ι

2077 3638 2359 3693 κάνταῦθα
2392 3639 2421 3692 6
2472 3637 2865 3707 εὐαγγελιστὴς
2901 3635 3113 3707 συνῳδὰ
3152 3635 3366 3697 τούτοις
3406 3634 3647 3704 φθέγγε-

2072 3749 2185 3786 ται.
2235 3730 2374 3784 Ἀλλ’
2402 3730 2502 3800 οὐχ
2533 3728 2723 3801 ὥσπερ
2770 3730 2863 3783 ἐπὶ
2898 3728 3005 3781 τῶν
3035 3728 3325 3798 σωμάτων,
3371 3727 3516 3781 οὕτω
3547 3726 3644 3781 καὶ

2075 3823 2167 3877 ἐπὶ
2199 3821 2298 3892 τῆς
2353 3818 2727 3891 ὑπερεχούσης
2768 3820 2985 3888 φύσεως
3043 3819 3144 3888 τὴν
3175 3818 3365 3872 στάσιν
3420 3819 3514 3872 καὶ
3547 3818 3647 3889 τὴν

2077 3914 2348 3986 καθέδραν
2380 3911 2581 3980 εὐαγὲς
2610 3909 2697 3980 εῐη
2725 3910 3040 3979 λογίζεσθαι
3060 3928 3075 3943 ο
3121 3908 3244 3964 οὔτε
3272 3910 3382 3980 γάρ
3403 3911 3503 3981 τὴν
3559 3911 3647 3963 ἐπ’

2077 4008 2320 4078 ἀγκύλης
2360 4007 2575 4073 στάσιν,
2609 4006 2733 4060 οὔτε
2763 4005 2861 4078 τὴν
2902 4006 2989 4059 ἐπ’
3024 4006 3209 4077 ἰσχίων
3244 4006 3514 4077 καθέδραν
3539 4023 3649 4059 πα-

2083 4099 2439 4172 ραληῴόμεθα.
2461 4115 2476 4131 ⁹
2505 4097 2642 4154 ἀλλὰ
2673 4098 2760 4152 διὰ
2786 4098 2884 4169 μὲν
2916 4099 3016 4168 τῆς
3045 4100 3288 4161 στάσεως
3315 4097 3377 4151 τὸ
3401 4099 3460 4152 ὲν
3487 4099 3651 4150 παντὶ

2077 4194 2267 4265 ἀγαθῷ
2307 4193 2592 4262 στάσιμον,
2651 4189 2742 4244 διὰ
2793 4191 2850 4244 δὲ
2878 4190 2975 4257 τῆς
3028 4189 3313 4262 καθέδρας,
3346 4190 3407 4243 τὸ
3443 4192 3653 4260 ἀμετα-

2081 4287 2309 4348 πτώτως
2366 4280 2794 4354 ὲγκαθιδρύσθαι
2833 4281 2976 4335 θεῖον
3019 4282 3076 4334 ὲν
3106 4282 3270 4335 παντὶ⁵
3307 4279 3521 4350 ἀγαθῷ,
3558 4279 3651 4333 καὶ

2083 4375 2363 4445 σταθηράν
2392 4374 2533 4445 ἔχειν
2553 4374 2653 4445 τὴν
2682 4374 2740 4427 ὲν
2769 4371 2847 4442 τῷ
2878 4371 3029 4442 καλῷ
3075 4372 3437 4442 μονιμότητα.

2159 4486 2178 4520 ι
2205 4468 2267 4521 Οἱ
2286 4466 2341 4519 δὲ
2365 4463 2674 4531 ἐξελθόντες
2692 4462 2968 4535 ἐκήρυξαν
2996 4462 3294 4533 πανταχοῦ,
3324 4460 3419 4515 τοῦ
3445 4461 3652 4534 Κυρίου

2086 4556 2497 4628 συνεργοῦντος,
2544 4556 2640 4610 καὶ
2695 4555 2787 4607 τὸν
2839 4554 2998 4623 λόγον
3063 4552 3407 4624 βεϐαιοῦντος
3435 4554 3528 4607 διὰ
3550 4553 3655 4607 τῶν

2082 4646 2595 4702 ἐπακολουθούντων
2627 4644 2921 4717 σημείων.»
2960 4644 3023 4698 Εἰ
3054 4644 3153 4715 μὲν
3186 4644 3286 4697 οὐκ
3320 4643 3485 4706 εὐθὺς
3520 4640 3657 4711 μετὰ

2078 4741 2178 4811 τὴν
2205 4739 2474 4810 ἀνάληψιν
2507 4739 2735 4808 ἐξῆλθον
2764 4739 2813 4791 oi
2849 4737 3091 4809 μαθηταὶ
3113 4736 3250 4807 πρὸς
3268 4734 3331 4789 τὸ
3361 4736 3652 4807 κήρυγμα,

2079 4834 2219 4887 άλλά
2250 4832 2394 4904 μετὰ
2418 4832 2480 4886 τὸ
2508 4831 2764 4897 δέξασθαι
2796 4813 2899 4902 τὴν
2926 4829 3018 4883 διὰ
3056 4827 3164 4881 τῶν
3200 4827 3447 4899 πυρίνων
3477 4827 3653 4895 γλωσ-

2040 4980 2043 4983 η
2082 4925 2191 4980 σῶν
2219 4926 2381 4997 χάριν
2404 4923 2500 4979 τοῦ
2549 4922 2893 4994 Πνεῦματος,
2946 4922 3035 4975 ὅτε
3070 4920 3170 4993 τὴν
3203 4920 3262 4987 ἐξ
3299 4919 3472 4990 ὕψους
3505 4936 3660 4990 περιο

2080 5012 2388 5084 ζωσάμενοι
2439 5011 2690 5082 δύναμιν,
2730 5009 2891 5073 ἄλλος
2954 5007 3170 5079 ἀλλαχῆ
3228 5005 3338 5062 τῶν
3387 5005 3531 5061 κατὰ
3564 5006 3659 5074 τὴν

2100 5148 2142 5181 ⁸¹
2167 5146 2311 5204 Psal.
2353 5163 2465 5213 clx,
2508 5147 2558 5201 l.
2635 5145 2681 5177 "
2704 5142 2868 5200 Hebr.
2900 5158 2938 5210 I,
2961 5144 3018 5200 3.

1634 5282 1962 5347 Francisci
1996 5285 2207 5349 Scorsi
2240 5294 2428 5348 notua.

422 5409 651 5478 hymnos
706 5405 847 5476 apud
903 5403 962 5461 S.
1002 5404 1403 5478 Damascenum
1456 5400 1643 5478 Draco
1694 5409 1751 5478 et
1803 5401 1995 5478 Latine

423 5473 716 5548 impressos
745 5473 806 5533 in
842 5477 973 5533 edit.
1002 5473 1144 5528 Billii
1176 5488 1407 5544 quorum
1446 5473 1536 5527 alii
1569 5473 1866 5542 τριαδικοί,
1902 5473 1993 5528 alii

421 5546 723 5687 ῗῗτξέζκξξά
759 5632 851 5685 per
887 5610 1361 5687 atatum_quidem.
1397 5610 1641 5687 Disputat
1662 5613 1745 5687 de
1788 5614 1893 5687 hac
1937 5627 1997 5668 re

428 5678 708 5756 Nysseuus
756 5678 920 5741 etiam
978 5678 1187 5756 longius
1242 5692 1387 5756 orat.
1436 5678 1609 5756 in"S.
1659 5678 1993 5751 Stephanum

429 5751 745 5813 trotomart.
799 5772 813 5809 :
867 5768 934 5810 ex
982 5768 1088 5825 quo
1136 5753 1250 5808 haec
1281 5752 1470 5807 eadem
1517 5751 1631 5806 fere
1686 5761 1834 5818 sunt,
1875 5765 1997 5821 quae

2093 5404 2306 5459 Noster.
2343 5401 2475 5457 Nam
2508 5402 2624 5457 sive
2653 5401 2742 5472 qui
2779 5411 2948 5468 stare,
2977 5402 3090 5459 sive
3117 5402 3209 5473 qui
3240 5402 3431 5459 sedere
3464 5418 3662 5460 numen

2093 5476 2336 5528 divinum
2379 5474 2582 5536 dicunt,
2615 5473 2748 5527 nihil
2785 5475 2927 5543 quod
2970 5474 3036 5528 ad
3078 5473 3400 5543 sententiam
3446 5476 3665 5539 attinet,

2091 5544 2410 5597 diversitate
2438 5545 2727 5597 verborum
2760 5542 2902 5597 inter
2929 5558 2989 5598 se
3016 5542 3291 5597 diﬂ'erunt.
3323 5542 3404 5596 Illi
3439 5546 3662 5611 quidem

2093 5614 2321 5666 ﬁrmiter
2354 5623 2531 5677 stare,
2565 5614 2615 5666 lii
2652 5627 2780 5666 vero
2815 5612 3161 5667 immoliiliter
3188 5612 3576 5678 constitutum,
3606 5624 3660 5668 et

2093 5685 2147 5753 in
2179 5686 2319 5736 bono
2352 5682 2626 5753 laudatum
2657 5696 2803 5753 esse,
2833 5692 2998 5751 atque
3022 5684 3165 5753 adeo
3198 5682 3315 5753 ejus
3351 5683 3664 5738 immutabi-

2093 5752 2294 5806 litatem
2328 5767 2422 5824 per
2446 5766 2540 5808 eas
2570 5751 2867 5809 locutiones
2891 5750 3224 5822 Signiﬁcant.
