4018 6206
394 275 496 343 6H

1735 273 2069 334 HOMILIA
2106 274 2327 338 XXXI.

3537 282 3647 346 642

395 385 731 457 οἰκουμένην
761 385 931 439 ἐθνῶν
958 384 1354 456 διεσπάρησαν,
1380 382 1718 453 πανταχόθεν
1737 383 1831 435 τὸν
1851 381 1963 435 διά-

2071 384 2311 452 undique
2365 384 2633 440 diabolum
2677 387 2724 440 vi
2761 388 3020 444 doctrina:
3074 404 3446 458 removerunt,
3494 405 3548 449 et
3577 411 3645 450 ex

391 480 550 534 ὕθλον
588 480 679 534 διὰ
711 480 807 548 τῆς
846 478 1194 540 διδασκαλίας
1235 477 1610 548 ἀπείργοντες,
1653 476 1748 528 καὶ
1781 474 1963 543 πάσης

391 574 559 626 αὑτὸν
618 572 718 642 τῆς
775 571 1107 639 οἰκουμένης
1143 568 1582 639 ὑπερορίξοντες,
1614 568 1746 636 ἡμῖν
1784 565 1841 617 δὲ
1866 567 1963 634 τὴν

389 664 501 718 τῶν
523 665 771 734 οὐρανῶν
795 661 1072 733 βασιλείαν
1093 659 1606 730 παρασκευάζοντες
1625 657 1966 711 εὐεπίϐατον·

390 749 460 825 ἦς
485 755 698 822 γένοιτο
720 752 922 814 πάντας
945 752 1092 820 ἡμᾶς
1119 751 1397 818 ἐπιτυχεῖν
1423 749 1608 818 χάριτι
1635 747 1730 800 τοῦ
1763 747 1974 816 Κυρίου

394 847 555 916 ἡμῶν
585 844 770 912 Ἰησοῦ
810 842 1074 912 Χριστοῦ,
1136 842 1257 911 μεθ’
1287 838 1348 894 οὗ
1385 840 1464 910 τῷ
1500 842 1670 910 Πατρὶ
1692 839 1838 904 δόξα,
1874 840 1968 891 καὶ

397 938 476 1007 τῷ
498 937 748 1004 ζωοποιῴ
784 935 1087 1004 Πνεύματι,
1121 933 1216 986 νῦν
1245 935 1335 986 καὶ
1369 935 1448 996 είς
1477 932 1604 995 τοὺς
1629 932 1828 994 αἰῶνας
1853 930 1963 984 τῶν

392 1028 628 1080 αίώνων.
678 1028 732 1078 Ἀ
745 1029 872 1096 μήν.

975 1138 1138 1190 ΟΜΙΛ
1150 1139 1214 1190 ΙΛ
1248 1135 1373 1191 ΛΑ’.

750 1253 852 1317 Είς
880 1250 945 1304 τὸ
987 1250 1266 1317 τέταρτον
1311 1249 1606 1303 Ἔωθινόν.

470 1366 694 1436 Ἐπειδὴ
729 1366 856 1436 περὶ
911 1367 1009 1433 τῆς
1058 1363 1411 1434 ζωοπαρόχου
1446 1363 1683 1435 Χριστοῦ
1726 1365 1963 1419 ἀναστά-

391 1473 532 1519 σεως
589 1457 616 1507 ὁ
650 1454 808 1521 λόγος
865 1455 1028 1523 ἡμῶν
1090 1453 1364 1506 θιασεύειν
1418 1454 1667 1524 βούλεται
1702 1456 1961 1525 σήμερον,

387 1546 564 1609 δεῦτε,
590 1546 682 1598 καὶ
713 1545 910 1614 ἴδωμεν
941 1543 1084 1597 κατὰ
1112 1543 1202 1596 τὸν
1243 1543 1470 1596 Ἡσαΐου
1495 1545 1672 1612 λόγον,
1699 1547 1964 1611 γυναῖκας

387 1637 499 1692 ἀπὸ
529 1637 658 1698 θέας
690 1635 1016 1707 ἐρχομὲνας,
1048 1634 1145 1686 καὶ
1185 1633 1562 1704 κηρυττούσας
1611 1636 1710 1688 ὅσα
1741 1635 1964 1688 τεθέαν-

2073 477 2222 530 omni
2282 487 2548 530 terrarum
2597 479 2733 534 orbe
2791 482 3258 550 exterminarunt;
3312 485 3470 540 nobis
3519 502 3649 542 vero

2074 565 2286 622 facilem
2313 570 2378 621 ad
2407 569 2629 624 caeleste
2665 587 2888 641 regnum
2927 577 3240 629 munierunt
3273 577 3412 630 viam
3439 595 3455 631 :
3487 581 3644 647 cujus

2073 671 2175 711 nos
2222 659 2427 712 utinam
2471 675 2660 715 omnes
2693 675 2971 732 compotes
3007 664 3304 721 elﬁciamur
3333 671 3502 738 gratia
3543 672 3645 724 υο-

2076 748 2206 802 mini
2242 751 2410 804 nostri
2445 748 2571 805 Jesu
2607 753 2831 819 Christi,
2859 771 3088 824 quocum
3139 755 3283 810 Patri
3336 769 3384 810 ct
3418 759 3643 826 Spiritui

2071 839 2365 894 viviﬁcauti
2403 843 2577 912 gloria
2602 854 2686 898 est
2718 861 2878 912 nunc,
2903 856 2956 900 et
2990 847 3040 901 in
3068 849 3263 902 saecula
3298 851 3643 906 smculorum.

2070 929 2244 984 Amen

2597 1135 2874 1192 IIOMILIA
2919 1137 3118 1194 XXXI.

2484 1250 2552 1303 In
2582 1263 2826 1321 quartum
2870 1253 3216 1311 Matutinum.

2140 1356 2406 1424 Quoniam
2449 1363 2514 1417 de
2563 1363 2766 1420 Christi
2812 1368 3209 1422 resurrectione
3264 1370 3428 1423 vitam
3497 1386 3640 1438 pra:-

2071 1448 2232 1503 bente
2260 1453 2414 1507 nobis
2440 1456 2615 1508 oratio
2653 1457 2912 1512 hodierna
2951 1460 3111 1514 debet
3146 1460 3379 1526 institui,
3404 1479 3500 1531 age
3527 1464 3641 1532 jam

2063 1539 2221 1605 juxta
2275 1542 2425 1598 Isaiae
2463 1546 2688 1600 verba“l
2720 1550 2997 1604 videamus
3045 1551 3302 1607 mulieres
3349 1569 3377 1605 a
3427 1565 3644 1622 specta-

2066 1630 2188 1684 culo
2223 1633 2523 1700 venientes,
2544 1645 2600 1689 et
2626 1652 2961 1706 quaecunque
2993 1641 3228 1696 viderint
3257 1645 3639 1711 praedicantes.

385 1743 500 1780 ται.
524 1719 697 1778 Abte;
717 1724 773 1775 δέ
807 1724 948 1775 εἰσιν
974 1723 1028 1774 αἱ
1059 1722 1188 1791 περὶ
1223 1721 1320 1792 τὴν
1344 1721 1710 1792 Μαγδαληνὴν
1740 1721 1961 1792 Μαρίαν

2067 1721 2161 1776 llas
2196 1738 2326 1777 vero
2355 1737 2484 1778 sunt
2515 1727 2828 1794 Magdalena
2859 1730 3088 1798 ejusque
3116 1733 3345 1788 comites
3368 1745 3642 1806 unguenta

391 1815 874 1885 μυροκομίστριαι.
908 1811 1184 1882 Ὀπηνῐκα
1218 1811 1310 1864 τοῦ
1345 1810 1539 1878 φθόνου
1566 1811 1672 1862 τῶν
1693 1810 1961 1880 μισοθέων

399 1907 671 1959 Ἰουδαίων
707 1905 1078 1974 λωφήσαντος,
1117 1903 1212 1955 καὶ
1248 1902 1340 1955 τοῦ
1374 1901 1744 1972 φθονουμένου
1774 1919 1961 1972 σωμα-

388 1998 556 2061 τικῶς
595 2000 654 2049 ἐν
675 1996 752 2067 τῷ
774 1998 933 2067 τάφῳ
963 1995 1413 2059 σαῦϐατίσαντος,
1439 1995 1497 2058 ὃς
1525 1995 1590 2064 δὴ
1625 1995 1780 2065 θεῖκῇ
1812 1996 1964 2062 ἐξουο

387 2091 483 2160 σίίι⁸
508 2091 601 2142 τὸν
630 2089 763 2162 ᾇδην
807 2088 1111 2152 σκυλεύσας
1141 2089 1432 2158 ἐγήγερτο.

467 2291 485 2324 ι
523 2272 604 2342 Τῇ
636 2272 735 2342 μιᾷ
760 2271 870 2324 τῶν
905 2270 1196 2325 Σαϐϐάτων
1229 2270 1430 2342 ὄρθρου
1463 2269 1672 2342 βαθέως
1706 2269 1961 2340 ἔρχονται

386 2363 480 2414 ἐπὶ
519 2362 578 2414 τὸ
605 2363 870 2432 μνημεῖον
896 2361 1161 2432 φέρουσαι
1188 2360 1224 2415 ἂ
1253 2362 1562 2432 ἡτοίμασαν
1605 2361 1898 2434 ἀρώματα.
1936 2381 1955 2414 ι

389 2456 564 2526 Ἀλλη
589 2454 646 2509 δὲ
679 2458 818 2526 αὕτη
860 2455 1155 2509 ἐπιστασία
1185 2455 1294 2507 τῶν
1335 2455 1494 2524 ἱερῶν
1527 2456 1807 2523 γυναικῶν
1845 2456 1962 2509 δια-

387 2550 633 2620 φέρουσα
671 2550 916 2612 ἐκείνων,
943 2548 1071 2618 περὶ
1102 2540 1178 2600 ὧν
1208 2549 1235 2600 ὁ
1258 2548 1557 2613 Ματθαῖος,
1583 2548 1678 2602 καὶ
1709 2548 1959 2618 Μάρκος.

386 2643 489 2695 καὶ
553 2640 806 2711 Ἰωάννης
864 2640 1234 2710 συνέγραψαν,
1298 2639 1373 2701 ὡς
1402 2641 1466 2693 ἐκ
1496 2641 1590 2693 τοῦ
1623 2640 1815 2712 καιροῦ
1868 2641 1963 2694 καὶ

387 2731 486 2784 τοῦ
514 2732 804 2801 προσώπου
841 2730 1259 2798 τεκμαίρεσθαι.
1295 2729 1552 2800 Ἰωάννης
1593 2731 1688 2800 μὲν
1726 2731 1834 2801 γὰρ
1861 2731 1960 2800 μό-

386 2837 492 2891 νην
552 2821 687 2890 φησὶ
742 2819 844 2891 τὴν
895 2819 1256 2890 Μαγδαληνὴν
1294 2821 1468 2873 ἐλθεῖν
1521 2822 1614 2872 ἐπὶ
1668 2823 1730 2875 τὸ
1775 2827 1962 2893 μνῆμα

386 2909 558 2983 πρωῒ,
621 2912 680 2964 ού
742 2910 888 2982 μύρα
921 2911 1276 2980 κομίζουσαν,
1335 2911 1472 2963 ἀλλὰ
1504 2911 1855 2980 βουλομένην,
1885 2912 1962 2974 ὡς

387 3003 558 3066 ἔοικε,
599 3006 666 3073 τῇ
696 3002 796 3072 θέᾳ
825 3003 918 3054 τοῦ
950 3003 1121 3071 τάφου
1164 3002 1423 3071 κουφίσαι
1458 3003 1554 3071 τῆς
1584 3004 1868 3072 συμφορᾶς
1901 3003 1960 3054 τὺ

386 3097 577 3168 βάρος.
601 3094 757 3148 Οὕτω
783 3095 876 3149 καὶ
907 3096 934 3145 ὁ
961 3093 1239 3157 Ματθαῖος
1264 3095 1361 3163 τὴν
1383 3094 1552 3164 αὐτὴν
1572 3093 1958 3165 Μαγδαληνὴν,

385 3191 483 3242 καὶ
515 3186 614 3259 τὴν
657 3185 915 3240 Ἰακώϐου
950 3186 1192 3256 Μαρίαν,
1229 3184 1328 3254 ὀψὲ
1359 3184 1653 3238 Σαϐϐάτων
1684 3186 1833 3254 ἄγων
1866 3188 1962 3238 ιι,πῖ⁹

385 3279 452 3342 τὸ
483 3277 675 3348 μνῆμα
730 3275 808 3346 τῷ
859 3274 1024 3344 λόγῳ,
1079 3275 1178 3327 οὐκ
1212 3272 1484 3345 ἀρώματα
1528 3273 1774 3344 κομίζειν
1807 3273 1961 3327 εἶπεν

387 3371 590 3432 αὐτὰς,
617 3368 731 3425 ἀλλ’
761 3369 854 3421 ἐπὶ
876 3369 935 3421 τὸ
963 3367 1242 3438 θεωρῆσαι
1271 3367 1363 3419 τὸν
1385 3369 1553 3434 τάφον
1585 3368 1779 3429 ἐλθεῖν.
1817 3369 1962 3420 Κου-

387 3461 611 3530 φίζεται
659 3461 770 3531 γὰρ
830 3461 864 3530 ἠ
898 3458 1045 3529 ψυχὴ
1097 3458 1192 3511 τοῦ
1227 3457 1605 3529 ὲπιὸρίθοντος
1639 3458 1737 3529 τῆς
1787 3458 1963 3529 λύπης
2009 3497 2017 3503 .

387 3552 616 3624 βάρους,
640 3551 772 3603 ὅταν
801 3548 895 3602 τοῦ
921 3547 1258 3618 ποθουμένου
1279 3547 1370 3600 τὸν
1389 3546 1615 3617 ἔσχατον
1639 3549 1962 3617 σημαντῆρα

384 3643 484 3694 τὸν
499 3643 669 3710 τάφον
687 3641 808 3711 ὁρᾷ,
835 3655 1098 3691 συνεκκεν
1109 3655 1170 3689 ου
1181 3638 1346 3708 μένης
1368 3640 1432 3708 τῇ
1467 3637 1566 3707 θέα
1585 3637 1682 3707 τῆς
1706 3637 1960 3707 ἀθυμίας,

385 3732 486 3785 καὶ
542 3731 618 3792 ὡς
669 3730 866 3798 νέφους
912 3728 1081 3799 ἀχλὺς
1145 3727 1682 3796 συναποθλιϐομένης
1727 3731 1837 3791 τοῖς
1872 3728 1966 3780 δάι-

387 3840 577 3892 κρυσι.
631 3821 856 3891 Μάρκος
907 3820 964 3872 δέ
1013 3821 1110 3873 καὶ
1158 3819 1374 3881 Λουκᾶς
1427 3818 1962 3888 άρωματοφοροῦντα

384 3912 674 3979 κομίζουσι
700 3912 766 3981 τῇ
799 3909 941 3978 σορῷ
968 3908 1037 3961 τά
1067 3908 1298 3977 γύναια·
1339 3911 1434 3961 καὶ
1465 3909 1493 3960 ὁ
1526 3910 1622 3978 μὲν
1659 3909 1756 3980 τὴν
1781 3909 1962 3963 Σαλώ-

390 4001 654 4072 μην,ὸδὲ
682 4002 782 4072 τὴν
833 4001 1093 4054 Ίωάνναν
1143 4003 1263 4064 ταῖς
1317 4001 1562 4070 Μαρίαις
1613 4002 1958 4073 συναριθμεῖ.

389 4093 536 4162 Πρὸς
558 4093 768 4154 τούτοις
796 4091 850 4143 δὲ
875 4091 1150 4156 Ματθαῖος
1176 4092 1274 4161 μὲν
1304 4093 1398 4144 καὶ
1427 4092 1651 4162 Μάρκος
1673 4093 1765 4147 ἕνα
1795 4093 1963 4165 ὀφθῆ-

385 4201 479 4237 ναι
517 4183 706 4246 αὑταῖς
753 4183 962 4251 ἔφασαν
1003 4182 1093 4235 τὸν
1147 4182 1408 4251 ἄγγελον⁸
1473 4183 1724 4254 Ἰωάννης
1758 4183 1813 4236 δὲ
1866 4185 1960 4236 καὶ

386 4275 608 4336 Λουκᾶς
654 4273 747 4325 δύο
779 4273 1088 4344 εἰρήκασιν.
1151 4274 1217 4326 Ὃ
1255 4274 1319 4345 δὴ
1352 4274 1444 4327 καὶ
1473 4275 1755 4346 ζητήσεως
1789 4275 1975 4344 ἄξιον,

384 4367 481 4420 διὰ
517 4364 572 4417 τί
596 4366 716 4426 ταῖς
753 4364 854 4434 μὲν
887 4360 968 4426 είς
998 4364 1347 4432 ἐπεφαίνετο,
1387 4367 1508 4428 ταῖς
1530 4363 1585 4417 δέ
1627 4365 1721 4418 δύο
1777 4365 1960 4420 ὠπτά-

386 4474 566 4512 νοντο.
595 4457 728 4520 Ταῖς
760 4456 858 4527 μὲν
887 4455 978 4509 οὖν
1001 4456 1278 4526 οἱομέναις
1307 4451 1448 4510 εἶναι
1483 4456 1582 4527 μὲν
1610 4459 1668 4509 ὲν
1707 4457 1784 4528 τῷ
1805 4459 1961 4530 τάφῳ

384 4548 484 4601 τὸν
525 4545 751 4614 Κύριον,
807 4545 888 4598 ἔτι
924 4545 980 4597 δὲ
1022 4544 1119 4598 καὶ
1174 4545 1312 4614 μετὰ
1342 4544 1552 4615 νεκρῶν
1583 4544 1962 4615 λογιζομέναις

389 4639 579 4702 αὐτὸν,
627 4633 709 4699 είς
759 4636 992 4706 ἄγγελος
1028 4635 1356 4704 ἐπεφαίνετο
1402 4635 1643 4707 μηνυτὴς
1676 4637 1775 4707 τῆς
1804 4637 1962 4705 ἐγέρ-

388 4745 552 4791 σεως.
583 4729 716 4791 Ταῖς
744 4745 807 4796 γε
845 4729 950 4798 μὴν
996 4727 1408 4798 διαπορούσαις,
1465 4727 1556 4780 καὶ
1611 4726 1960 4796 νομιζούσαις

387 4820 499 4874 ὑπὸ
521 4819 614 4872 τοῦ
656 4819 926 4889 κλαπῆναι
954 4817 1015 4870 τὸ
1054 4818 1388 4870 Δεσποτικὸν
1423 4816 1601 4887 σῶμα,
1638 4818 1770 4878 δυὰς
1797 4819 1964 4885 ἀγγέ-

387 4914 502 4965 λων
534 4911 792 4980 ἐφίστατο
823 4907 1104 4973 δεικνῦσα,
1161 4908 1234 4970 ὡς
1271 4907 1538 4960 ἀδύνατον
1569 4907 1839 4976 κλαπῆναι
1870 4909 1963 4962 τὸν

388 5001 502 5056 ὑπὸ
527 5000 784 5053 τοιούτων
817 4999 1072 5068 φυλάκων
1111 4998 1542 5070 φρουρούμενον.
1566 4996 1722 5049 Οὕτω
1746 5000 1812 5068 τῇ
1841 4999 1964 5052 Μα-

388 5095 490 5165 ρίᾳ
571 5095 638 5163 τῇ
697 5091 1030 5162 Μαγδαληνῇ
1093 5093 1205 5152 τοῖς
1258 5090 1528 5160 μαθηταῖς
1571 5087 1822 5159 εἰπούσῃ,
1881 5090 1962 5142 ὅτι

398 5204 420 5238 ι
464 5181 650 5255 Ἦραν
680 5185 771 5237 τὸν
804 5181 1007 5252 Κύριον
1030 5183 1095 5234 ἐκ
1127 5180 1221 5234 τοῦ
1260 5180 1551 5248 μνημείου,
1592 5198 1610 5230 ι
1646 5179 1738 5232 δύο
1764 5181 1966 5250 λευχει-

393 5275 687 5348 μονοῦντες
719 5275 1043 5346 ὡράθησαν,
1076 5274 1176 5342 τῆς
1221 5271 1476 5340 τοιαύτης
1503 5271 1673 5341 αὐτὴν
1705 5271 1962 5337 ὑπονοίας

463 5419 636 5473 “lsa.
672 5433 840 5484 xxvii,
879 5419 964 5472 ll.
1039 5414 1230 5470 “Luc.
1255 5427 1409 5478 xxtv,
1434 5414 1460 5468 1
1484 5429 1636 5483 seqq.

2069 1822 2367 1882 portantes.
2429 1813 2720 1886 Postquam
2786 1820 3074 1888 impiorum
3138 1819 3445 1876 Iudaeorum
3501 1840 3638 1879 con-

2065 1904 2305 1976 quiesset
2339 1909 2562 1976 invidia,
2594 1921 2648 1964 et
2680 1910 2792 1973 ille,
2821 1911 2906 1965 cui
2959 1911 3320 1976 invidebatur,
3371 1915 3424 1968 in
3459 1915 3642 1985 sepul-

2065 2013 2160 2052 cro
2210 2014 2441 2070 corpore
2500 2002 2850 2070 requiescens
2913 2001 3208 2058 Sabhatum
3261 2005 3486 2074 egisset,
3547 2007 3641 2077 qui

2065 2091 2282 2158 quidem
2317 2103 2584 2161 poteSIate
2618 2093 2802 2148 divma
2844 2095 3072 2164 direptis
3108 2095 3411 2152 inferorum
3453 2098 3641 2168 spoliis

2063 2183 2358 2240 suscitatus
2388 2193 2472 2239 est
2489 2184 2554 2240 “.

2145 2294 2165 2327 ι
2210 2274 2327 2331 Una
2387 2274 2743 2331 Sabbatorum
2796 2277 2954 2334 valde
2997 2278 3240 2334 diluculo
3291 2281 3519 2336 veniunt
3566 2282 3634 2338 ad

2066 2373 2472 2438 monumentum
2497 2374 2795 2433 portantes,
2815 2381 2934 2434 quae
2955 2378 3300 2437 paraverant,
3323 2380 3591 2428 aromata.
3615 2391 3636 2426 ι

2064 2455 2180 2507 Alia
2232 2456 2344 2510 haec
2375 2465 2724 2519 :sanctarum
2781 2458 3072 2513 mulierum
3123 2461 3198 2531 (5)
3241 2461 3502 2518 sedulitas
3534 2474 3639 2528 est,

2067 2555 2231 2613 atque
2265 2547 2332 2600 ab
2383 2546 2489 2600 illis
2524 2548 2778 2613 diversa,
2834 2553 2900 2602 de
2959 2550 3154 2619 quibus
3205 2551 3531 2618 Matthaeus,
3585 2564 3642 2610 et

2067 2637 2303 2702 Marcus,
2360 2648 2414 2693 et
2471 2637 2712 2695 Joannes
2767 2642 3236 2711 conscripserunt,
3275 2658 3540 2715 quantum
3572 2662 3639 2702 ex

2068 2739 2310 2799 tempore
2361 2733 2427 2799 et;
2459 2746 2524 2784 ex
2571 2747 2800 2801 persona
2838 2734 3034 2801 conjici
3077 2744 3271 2804 potest.
3309 2736 3443 2790 Nam
3472 2735 3642 2794 Joan-

2065 2836 2161 2873 nes
2206 2823 2420 2890 quidem
2477 2821 2645 2878 solam
2677 2824 2890 2879 venisse
2923 2824 3290 2894 Magdalenatn
3335 2827 3513 2898 inquit
3572 2831 3639 2884 ad

2066 2921 2477 2965 monumentum
2512 2928 2693 2979 mane,
2719 2930 2824 2969 non
2849 2926 3122 2986 unguenta
3157 2928 3484 2986 portantem,
3515 2921 3637 2986 sed,

2067 3001 2448 3080 utlverisitnile
2487 3013 2590 3069 est,
2625 3005 2932 3072 cupientem
2987 3015 3206 3074 aspectu
3243 3009 3482 3076 sepulcri.
3510 3024 3641 3080 gra-

2069 3106 2187 3144 vem
2220 3091 2382 3145 animi
2419 3093 2792 3161 mgritudinem
2837 3095 3090 3151 allevare.
3135 3095 3214 3150 Ita
3245 3107 3298 3151 et
3334 3097 3639 3168 Mattheus,

2069 3183 2314 3237 eamdem
2362 3183 2726 3252 Magdalenam
2777 3196 2830 3239 et
2891 3187 3113 3242 Mariam
3168 3187 3355 3245 Jacobi
3419 3204 3641 3260 vespere

2072 3269 2304 3329 Sabbati'
2330 3277 2395 3328 ad
2448 3277 2757 3346 sepulcrum
2796 3293 3049 3334 sermone
3082 3280 3378 3346 deducens,
3413 3297 3517 3336 non
3545 3298 3640 3339 eas

2071 3372 2312 3417 aromata
2339 3363 2524 3418 tulisse
2554 3365 2706 3429 dicit,
2730 3367 2821 3419 sed
2851 3367 3066 3422 venisse
3098 3368 3282 3423 videre
3307 3369 3636 3438 sepulcrum.

2070 3451 2309 3506 chatur
2339 3456 2483 3506 enim
2527 3455 2780 3509 maeroris
2810 3457 3045 3525 pondere
3072 3471 3365 3526 Oppressus
3397 3461 3637 3528 animus,

2071 3561 2190 3598 cum
2224 3544 2485 3599 tumulum
2533 3547 2608 3600 uti
2659 3557 2992 3616 postremum
3041 3551 3206 3606 amati
3242 3552 3524 3624 remigium
3561 3555 3640 3610 vi-

2071 3637 2180 3702 det,
2213 3653 2334 3690 cum
2393 3652 2457 3690 eo
2510 3649 2729 3706 aspecm
2783 3639 2950 3693 animi
2982 3642 3246 3711 aegritudo
3279 3643 3550 3709 dematur,
3583 3652 3640 3700 et

2071 3727 2324 3798 lacrymis
2375 3728 2528 3796 quasi
2603 3728 2811 3782 nebula:
2862 3731 3037 3799 caligo
3092 3731 3443 3786 dissolvuntur.
3496 3731 3641 3787 Mar-

2069 3833 2168 3872 cus
2210 3832 2338 3871 vero
2384 3828 2436 3872 et
2481 3815 2657 3872 Lucas
2696 3819 2949 3872 mulieres
3008 3830 3250 3873 aromata
3301 3821 3539 3875 ferentes
3570 3823 3638 3877 ad

2069 3909 2373 3974 sepulcrum
2421 3908 2659 3972 sisutnt;
2697 3918 2752 3962 et.
2801 3908 2891 3961 ille
2927 3909 3144 3977 quidem
3199 3910 3497 3977 Salomem,
3549 3914 3638 3968 hic

2070 4013 2196 4053 vero
2219 3997 2482 4052 Joannatn
2506 3996 2692 4050 Mariis
2730 3997 3073 4052 adnumerat.
3100 3999 3178 4051 Ad
3207 4000 3323 4055 haec
3350 3999 3636 4059 Matthazus

2070 4089 2283 4160 quidem
2309 4097 2363 4142 et
2387 4087 2596 4142 Marcus
2623 4102 2788 4141 unum
2815 4087 2922 4141 illis
2942 4088 3117 4142 visum
3146 4089 3304 4159 231
3341 4101 3639 4147 memorant

2068 4184 2356 4250 angelum;
2391 4177 2629 4234 Joannes
2663 4193 2794 4234 vero
2821 4189 2871 4232 et
2901 4177 3073 4232 Lucas
3107 4182 3266 4235 duos.
3304 4183 3455 4248 Quod
3506 4200 3638 4238 sane

2069 4271 2285 4342 dignum
2315 4270 2568 4340 estquod
2612 4269 2964 4341 exquiramus
2997 4287 3009 4324 :
3045 4272 3174 4340 quid
3207 4283 3310 4336 est,
3352 4274 3495 4342 quod
3530 4275 3634 4330 illis

2068 4365 2286 4433 quidem
2330 4376 2470 4416 unus
2518 4360 2792 4430 apparuit,
2826 4361 2913 4416 his
2945 4377 3073 4417 vero
3107 4363 3250 4418 duo?
3275 4363 3385 4418 Illis
3413 4366 3634 4435 quidem

2067 4454 2211 4522 quod
2264 4450 2667 4505 arbitrarentur
2715 4448 3004 4505 Dominum
3057 4455 3236 4508 adhuc
3271 4454 3327 4509 in
3390 4456 3638 4525 sepulcro

2069 4558 2189 4598 esse
2218 4551 2272 4596 et
2305 4541 2358 4595 in
2390 4553 2728 4596 mortuorum
2761 4557 2986 4597 numero
3017 4553 3295 4614 putarent,
3321 4561 3461 4602 unus
3490 4547 3636 4601 visus
3703 4616 3711 4622 _

2060 4642 2144 4688 est
2183 4631 2428 4703 angelus,
2454 4631 2547 4702 qui
2596 4621 3048 4688 resurrec‘tionem
3086 4635 3299 4688 duceret
3325 4653 3339 4692 :
3366 4635 3475 4689 illis
3508 4651 3634 4690 vero

2063 4727 2291 4781 incertis
2324 4725 2514 4791 animi,
2547 4735 2602 4779 et
2635 4725 2910 4780 sublatum
2944 4725 3154 4779 Domini
3202 4741 3398 4794 corpus
3439 4727 3630 4779 existi-

2061 4817 2333 4874 mantibus
2363 4818 2469 4872 duo
2501 4816 2792 4872 astiterunt
2827 4817 3028 4887 angeli,
3064 4825 3121 4870 ut
3168 4825 3348 4869 essent
3403 4816 3628 4881 indicio,

2068 4927 2172 4964 non
2210 4911 2448 4979 potuisse
2483 4908 2628 4964 furto
2660 4909 2872 4964 Domini
2909 4924 3108 4977 corpus
3140 4905 3344 4961 auferri
3375 4909 3443 4962 ah
3484 4907 3633 4975 ejus-

2068 5002 2210 5056 modi
2242 5001 2557 5056 custodibus
2587 5013 2946 5056 asservatum.
2972 4999 3043 5053 Ita
3076 4999 3259 5055 Mariae
3282 4999 3631 5070 Magdaleme,

2066 5109 2184 5162 qua:
2230 5095 2508 5163 discipulis
2555 5094 2814 5149 dixerat:
2851 5112 2870 5146 ι
2927 5093 3190 5150 Tulerunt
3247 5093 3531 5150 Dominum
3569 5093 3634 5148 de

2070 5196 2424 5239 monumento
2445 5184 2512 5251 “,
2557 5202 2576 5236 ι
2613 5185 2719 5239 duo
2749 5185 3021 5240 candidati
3058 5187 3159 5242 visi
3202 5196 3348 5252 sunt,
3378 5188 3470 5256 qui
3513 5199 3631 5239 eam

2067 5277 2136 5329 ab
2173 5273 2261 5328 illa
2301 5273 2558 5344 opinione
2599 5274 2953 5343 deducerent,
2997 5286 3053 5332 et
3104 5293 3251 5333 nunc
3301 5278 3464 5332 etiam
3501 5287 3635 5345 quo-

1713 5413 1932 5472 “Joan.
1955 5432 2010 5483 κ,
2035 5419 2090 5474 '2.

1619 5534 1936 5598 Francisci
1972 5533 2182 5599 Scorsi
2222 5539 2406 5597 noue.

459 5659 540 5730 (3)
591 5659 709 5712 Alia
755 5661 862 5714 hac
911 5669 1212 5714 sanctarum
1263 5661 1564 5715 mulierum.
1619 5659 1807 5730 Patres
1855 5660 1946 5728 qui

387 5729 642 5791 ditiersas
666 5731 946 5786 mulierum
973 5731 1332 5802 profectiones
1356 5734 1421 5786 ad
1450 5731 1754 5803 sepulcrum
1781 5729 1950 5788 fuisse

2059 5667 2315 5724 censent,
2360 5657 2412 5711 in
2463 5671 2567 5723 qua
2621 5653 2883 5708 sententia
2933 5650 3129 5708 Noster
3179 5649 3267 5706 hic
3313 5658 3426 5713 est.
3469 5646 3630 5707 retuli

2060 5731 2208 5787 hom.
2235 5729 2326 5798 29,
2363 5737 2477 5785 ιιυι.
2505 5726 2593 5797 8i,
2622 5739 2786 5796 quam
2817 5724 2958 5780 vide.
