4018 6206
391 282 494 345 647

391 493 557 546 verba
587 489 688 542 ista
717 503 732 540 :
766 491 820 536 et
859 497 964 536 non
993 480 1343 535 crediderunt
1404 479 1531 535 illis.
1567 498 1585 532 ι
1644 479 1968 546 Tantopere,

390 596 450 638 ut
491 579 723 640 videtur,
772 584 932 630 erant
982 574 1164 627 animo
1227 573 1563 627 consternati
1609 571 1885 639 discipuli,
1916 579 1974 624 ut

391 686 561 741 nugas
591 673 878 722 censerent
905 665 1115 734 piarum
1173 662 1456 716 mulierum
1494 671 1834 731 argumenta.
1884 658 1971 713 ln-

389 767 548 820 vidize
578 763 788 818 scilicet
813 775 907 814 eos
959 757 1141 828 passio
1203 754 1541 820 stimulabat,
1575 755 1715 824 quod
1752 753 1972 823 postha-

394 859 491 913 biti
538 855 856 910 mulieribus
908 861 1113 905 essent.
1183 867 1201 901 ι
1237 849 1432 903 Petrus
1509 858 1688 901 autem
1749 860 1975 916 surgens

391 951 634 1006 cucurrit
667 948 732 1001 ad
769 951 1274 1007 monumentum,et
1297 941 1657 1010 procumbens
1692 939 1825 992 vidit
1870 939 1973 991 litt-

398 1044 632 1098 teamiua
675 1041 788 1095 sola
843 1037 1039 1109 posita,
1075 1048 1130 1090 et
1166 1034 1302 1088 abiit
1331 1049 1514 1088 secum
1584 1031 1789 1085 mirans
1833 1033 1973 1100 quod

395 1136 594 1190 factum
669 1132 864 1185 fuerat.
906 1149 927 1182 ι
983 1126 1130 1182 Petri
1210 1140 1426 1178 cursum
1491 1133 1541 1177 et
1601 1122 1974 1176 liuteaminum

354 1225 359 1229 ’
397 1228 786 1294 inspectionem
817 1221 980 1274 latius
1009 1215 1271 1285 Theologi
1319 1216 1542 1269 historia
1614 1212 1973 1266 enarravit".

394 1319 555 1373 Certe
611 1317 778 1379 enim,
835 1327 956 1366 cum
1036 1309 1201 1362 Maria
1258 1306 1628 1360 renuntiasset
1702 1303 1975 1358 sublatum

397 1426 517 1464 esse
561 1407 842 1462 Dominum
878 1420 905 1456 a
969 1409 1338 1461 monumento,
1398 1396 1591 1452 Petrus
1640 1406 1694 1450 et
1740 1394 1978 1449 Joannes

397 1513 625 1570 propere
656 1503 1028 1556 accurrerunt,
1063 1502 1116 1546 et
1160 1505 1223 1544 ex
1270 1490 1672 1543 linteaminibus
1721 1496 1777 1541 et
1817 1486 1978 1540 suda-

399 1597 478 1645 rio
525 1591 890 1659 conjecturam
957 1589 1022 1638 de
1077 1584 1478 1637 resurrectione
1537 1588 1813 1649 ceperunt.
1875 1577 1977 1631 Mi-

397 1690 749 1734 raturautem
778 1676 968 1729 Petrus
999 1673 1137 1741 quod
1176 1671 1374 1724 factum
1434 1670 1630 1730 fuerat,
1664 1668 1861 1736 quippe
1886 1669 1978 1734 qui

397 1775 596 1826 scierat
652 1768 965 1824 linteamina
999 1766 1116 1818 aloe
1148 1774 1204 1817 et
1235 1763 1452 1832 myrrha
1485 1762 1560 1830 (9)
1613 1777 1732 1814 ctnn
1765 1759 1977 1814 Domini
2013 1742 2051 1794 Β

397 1877 624 1932 corpore
676 1861 846 1914 fuisse
936 1855 1332 1925 conglutinata,
1385 1863 1444 1907 ut
1504 1851 1740 1906 dilIicilis
1791 1867 1977 1906 earum

396 1951 680 2006 distractio
743 1947 1079 2001 redderetur.
1137 1943 1288 2009 Quod
1355 1942 1402 1996 si
1458 1942 1564 1996 alio
1616 1943 1669 1995 in
1743 1941 1862 1996 loco
1913 1940 1980 1996 de

398 2045 500 2098 hoc
554 2059 582 2095 a
614 2057 700 2095 me
729 2039 931 2094 dictum
1009 2046 1115 2102 est,
1159 2051 1228 2089 ne
1295 2035 1604 2100 miremini;
1658 2049 1777 2103 quae
1835 2033 1978 2087 enim

399 2137 538 2190 bona
566 2142 715 2196 sunt,
752 2145 856 2184 non
889 2126 1146 2181 exhibent
1169 2125 1364 2194 sacpius
1395 2129 1616 2194 repetita
1642 2125 1976 2190 molestiam;

396 2235 452 2280 et
496 2224 693 2291 alioqui
727 2236 788 2274 ea
834 2221 884 2272 in
919 2217 1114 2272 vestris
1162 2216 1431 2270 mentibus
1478 2217 1682 2268 haerere
1712 2215 1869 2284 cupio
1899 2218 1980 2268 itt-

399 2313 673 2369 delehilia.
695 2310 972 2363 Imitemur
987 2317 1044 2360 et
1071 2322 1168 2360 nos
1190 2307 1472 2375 religiosas
1507 2306 1666 2360 hasce
1692 2304 1978 2369 mulieres;

399 2405 716 2460 initialemur
747 2411 800 2455 et
834 2403 1027 2453 bonam
1093 2398 1238 2451 illam
1285 2395 1549 2450 Joannam
1597 2396 1751 2465 cujus
1785 2410 1978 2450 nomen

401 2495 695 2550 columbam
742 2493 1170 2559 interpretatur;
1219 2502 1531 2542 averseuiur
1572 2486 1806 2541 Chusam
1870 2503 1984 2541 ma-

402 2586 586 2647 ritum,
625 2596 835 2635 sensum
864 2579 1069 2633 scilicet
1095 2577 1298 2641 carnis,
1341 2586 1396 2630 et
1435 2593 1530 2631 nos
1559 2577 1613 2631 in
1641 2577 1978 2646 disciplinam

400 2676 603 2732 Christi
660 2676 974 2738 tradamus,
1030 2673 1356 2749 famulantes
1403 2673 1453 2728 ei
1509 2689 1575 2728 ex
1645 2674 1981 2729 naturalibus

401 2769 597 2822 anima:
657 2776 855 2820 nostrae
906 2765 1253 2820 facultatibus
1301 2780 1564 2819 :morum
1631 2763 1980 2834 simplicitate

403 2859 668 2914 columbae
711 2858 918 2912 similes
975 2858 1168 2922 simus,
1228 2867 1287 2911 ut
1358 2856 1619 2911 columba:
1663 2856 1783 2925 ejus
1863 2871 1981 2925 quia

404 2956 672 3008 devolavit
711 2953 765 3008 in
799 2952 1119 3017 Jordanem,
1183 2950 1485 3020 fulgoribus
1537 2948 1871 3004 illustrernur
1925 2950 1978 3003 in

1604 272 2099 335 THEOPHANiS
2139 271 2477 332 CERAMEI
3539 270 3630 328 bis

467 415 489 450 ι
523 395 591 450 Et
647 395 763 448 visa
826 398 953 446 sunt
1026 395 1153 444 ante
1218 388 1342 444 illos
1397 388 1550 458 quasi
1613 388 1970 442 deliramenta
2004 396 2048 448 Α

2153 404 2171 436 ι
2198 387 2307 438 Καὶ
2363 385 2646 456 ἐφάνησαν
2689 384 2921 438 ἐνώπιον
2973 386 3153 440 αὐτῶν
3189 387 3322 440 ὡσεὶ
3375 387 3534 458 λῆρος
3578 392 3634 442 τὰ

2077 477 2298 547 ῥήματα
2328 476 2545 540 αὐτῶν,
2583 477 2677 529 καὶ
2719 477 2984 546 ἠπίστουν
3024 479 3234 532 αὐταῖς.
3271 499 3290 528 ι
3341 477 3430 541 Ὣς
3461 479 3632 544 ἔοικεν,

2077 568 2182 620 ὑπὸ
2211 567 2483 637 τοσαύτης
2530 569 2580 620 οἱ
2614 568 2857 638 μαθηταὶ⁸
2891 569 3132 637 ἀθυμίας
3169 568 3632 632 κατεδαπτίζοντο,

2075 662 2150 724 ὡς
2201 661 2484 731 φλήναφον
2530 660 2850 728 λογίσασθαι
2898 661 3008 714 τῶν
3064 659 3332 728 θεοφιλῶν
3379 661 3637 728 γυναικῶν

2077 752 2147 806 τὰ
2188 752 2504 822 μηνύματα.
2543 753 2857 818 Ζηλότυπον
2889 753 3000 824 γὰρ
3046 753 3247 815 αὐτοὺς
3296 751 3469 815 πάθος
3520 752 3635 806 bni-

2076 843 2261 906 κνιζεν
2291 882 2306 907 ,
2352 843 2435 895 ὃτι
2478 841 2759 910 γυναικῶν
2802 844 3062 910 γεγόνασι
3093 842 3360 912 δεύτεροι.
3425 861 3446 894 ι
3497 841 3549 895 '0
3590 845 3637 896 δὲ

2077 937 2282 1006 Πέτρος
2307 935 2546 998 ἀναστὰς
2573 935 2808 1004 ἔδραμεν
2862 935 2953 986 ἐπὶ
2973 935 3036 987 τὸ
3062 937 3328 1005 μνημεῖον
3348 974 3363 999 ,
3418 934 3512 986 καὶ
3552 953 3618 984 πα

2081 1029 2329 1100 ρακύψας
2359 1028 2544 1098 βλέπει
2568 1027 2637 1080 τὰ
2666 1028 2849 1080 ὀθόνια
2879 1028 3109 1097 κείμενα
3141 1028 3298 1098 μόνα,
3329 1029 3421 1080 καὶ
3448 1027 3642 1095 eam;

2080 1123 2218 1190 πρὸς
2246 1121 2438 1173 ἑαυτὸν
2481 1118 2781 1188 θαυμάζων
2803 1121 2864 1172 τὸ
2906 1119 3156 1187 γεγονός.
3196 1139 3214 1171 ι
3247 1120 3342 1182 Εἰς
3375 1119 3467 1170 τὸν
3490 1120 3642 1185 τάφον

2076 1213 2172 1266 τοῦ
2205 1213 2409 1282 Πέτρου
2468 1211 2670 1281 δρόμον
2763 1212 2856 1264 καὶ
2897 1211 3005 1263 τῶν
3050 1212 3274 1264 ὀθονίων
3321 1211 3421 1280 τὴν
3468 1209 3642 1278 θέανὴ

2080 1306 2363 1374 θεολογικὴ
2392 1303 2688 1374 συγγραφὴ
2725 1303 3066 1373 πλατύτερον
3093 1305 3438 1373 ἀφηγήσατο.
3469 1303 3642 1371 Ὅμως

2079 1398 2179 1466 τῆς
2233 1395 2453 1466 Μαρίας
2498 1394 2942 1463 ἀπαγγειλάσης,
2993 1397 3073 1448 δτι
3133 1391 3278 1465 ἦραν
3323 1395 3411 1446 τὸν
3457 1394 3644 1464 Κύριον

2080 1493 2145 1544 ὲκ
2207 1490 2303 1542 τοῦ
2366 1489 2658 1559 μνημείου,
2712 1489 2916 1558 Πέτρος
2976 1490 3070 1540 καὶ
3141 1487 3399 1556 Ἰωάννης
3456 1488 3645 1556 σπουδῇ

2082 1583 2497 1652 παραγίνονται,
2553 1582 2646 1634 καὶ
2690 1581 2780 1634 διὰ
2840 1580 2948 1634 τῶν
3001 1580 3224 1634 ὀθονίων
3250 1581 3346 1633 καὶ
3380 1580 3474 1633 τοῦ
3539 1596 3650 1632 σου·

2080 1676 2266 1746 δαρίου
2321 1674 2420 1745 τὴν
2470 1675 2770 1729 ἀνάστασιν
2829 1675 3229 1744 ἐτεκμήραντο.
3279 1674 3554 1742 Θαυμάζει
3597 1675 3650 1726 δὲ

2082 1770 2110 1819 ὁ
2132 1767 2335 1835 Πέτρος
2356 1767 2417 1819 τὸ
2439 1765 2687 1834 γεγονὸς,
2717 1767 2812 1820 διτε
2846 1765 3024 1828 εἰδὼς,
3054 1766 3130 1828 ὡς
3160 1766 3289 1834 axon
3325 1767 3418 1818 καὶ
3448 1766 3652 1836 σμύρνῃ

2081 1857 2147 1909 τᾶ
2176 1857 2361 1910 ὀθόνια
2388 1856 2841 1926 ἐγκεκολλημένα
2897 1855 2974 1925 τῷ
3021 1855 3334 1925 δεσποτικῴ
3384 1851 3525 1924 ἦσαν
3553 1856 3652 1908 σώ-

2086 1965 2238 2018 ματι,
2303 1950 2396 2001 καὶ
2449 1943 2515 2018 ἦν
2560 1947 2829 2021 δυσχερὴς
2884 1950 2919 2018 η
2973 1947 3184 2001 τούτων
3237 1948 3538 2010 ἀπόστασις
3596 1948 3654 1999 Ei

2081 2040 2136 2092 δὲ
2191 2039 2284 2092 καὶ
2333 2038 2568 2108 ἀλλαχοῦ
2597 2041 2726 2109 περὶ
2779 2039 2984 2092 τούτων
3010 2056 3099 2109 μοι
3126 2039 3395 2102 λέλεκται,
3435 2041 3507 2109 μὴ
3536 2040 3654 2092 θαυ-

2087 2125 2299 2199 μάζητε
2327 2144 2341 2160 ·
2377 2128 2447 2181 τά
2482 2127 2594 2198 γὰρ
2621 2127 2761 2181 καλά
2812 2129 2911 2180 οὐκ
2934 2128 3060 2198 ἀνιᾷ
3095 2127 3354 2189 πολλάκις
3375 2127 3658 2197 λεγόμενα.

2084 2221 2194 2275 Καὶ
2251 2221 2424 2285 ἄλλως
2474 2221 2529 2273 δὲ
2579 2219 2842 2291 βούλομαι
2873 2223 3057 2292 μένειν
3086 2223 3227 2275 αὑτά
3281 2224 3401 2283 ταῖς
3454 2219 3660 2289 μνείαις

2085 2312 2239 2381 ὑμῶν
2267 2311 2649 2377 ἀνεξάλειπτα.
2680 2312 3073 2382 Μιμησώμεθα
3103 2313 3195 2364 καὶ
3219 2314 3379 2381 ἡμεῖς
3411 2312 3510 2373 τὰς
3546 2310 3660 2364 θεο-

2084 2405 2258 2470 φιλεῖς
2310 2404 2516 2468 ταύτας
2573 2406 2881 2472 γυναῖκας·
2951 2402 3287 2474 ζηλὼσωμεν
3337 2403 3437 2472 τὴν
3494 2403 3660 2474 καλὴν

2096 2495 2371 2560 Ίωάνναν,
2391 2496 2513 2566 ἥτις
2539 2496 2860 2563 περιστερὰ
2883 2495 3246 2566 ἑρμηνεύεται
3274 2509 3286 2522 ·
3318 2493 3662 2564 ἀποστέρξω-

2087 2603 2190 2655 μεν
2233 2587 2323 2639 τὸν
2357 2586 2603 2640 σύνοικον
2643 2586 2860 2652 Κουζῶ,
2884 2587 2941 2650 ὃς
2977 2588 3093 2639 ἐστι
3141 2587 3210 2639 τὸ
3243 2586 3518 2655 φρόνημα
3556 2585 3662 2654 τῆς

2082 2676 2337 2744 σαρκὸς,
2364 2679 2458 2730 καὶ
2498 2677 2932 2748 μαθητευθῶμεν
2963 2678 3040 2749 τῷ
3071 2679 3316 2749 Χριστῷ,
3352 2676 3663 2730 διακονοῦν-

2083 2785 2174 2830 τες
2220 2768 2371 2839 αὐτῷ
2419 2771 2484 2824 ἐκ
2513 2769 2622 2822 τῶν
2651 2771 2882 2823 ἐνόντων
2913 2772 3044 2839 ἡμῖν
3066 2769 3314 2838 φυσικῶν
3341 2769 3621 2838 δυνάμεων
3642 2782 3659 2801 ⁶

2084 2859 2373 2932 γενώμεθα
2409 2863 2756 2932 περιστεραὶ,
2790 2865 2854 2932 τῇ
2886 2862 2993 2914 τῶν
3035 2862 3250 2932 τρόπων
3291 2860 3662 2930 ἁκεραιότητι,

2087 2956 2173 3008 ἵνα
2201 2957 2301 3018 τὰς
2352 2955 2652 3026 ἐλλάμψεις
2678 2956 2963 3026 δεξώμεθα
2991 2958 3090 3026 τῆς
3123 2959 3180 3008 ὲν
3227 2957 3463 3028 Ἰορδάνῃ
3495 2974 3663 3009 κατα-

404 3047 622 3100 Christo
670 3045 795 3100 Jesu
846 3046 1074 3099 Domino
1127 3055 1315 3098 nostro
1375 3057 1536 3112 quem
1598 3043 1754 3096 decet
1806 3040 1982 3095 omnis

2090 3045 2303 3114 πτάσης
2349 3046 2677 3116 περιστερᾶς
2722 3047 2779 3098 ἐν
2838 3047 3061 3116 Χριστῷ
3114 3047 3290 3117 Ἰησοῦ
3341 3047 3418 3117 τῷ
3477 3046 3662 3115 Κυρίῳ

404 3135 573 3206 gloria
626 3151 766 3189 nunc
799 3144 853 3189 et
911 3149 1128 3204 semper
1186 3143 1243 3188 et
1290 3135 1343 3187 in
1393 3131 1586 3186 saecula
1637 3129 1982 3186 sazculorum.

403 3226 596 3282 Amen.

918 3317 1204 3374 HOMILIA
1259 3315 1478 3372 XXXII.

830 3410 896 3464 In
943 3409 1183 3479 quinrunt
1227 3407 1579 3462 Matutinum.

483 3517 500 3552 ι
539 3498 732 3555 Petrus
773 3514 1004 3569 surgens
1075 3497 1317 3552 cucurrit
1352 3499 1417 3550 ad
1467 3507 1897 3564 monumentum,
1934 3507 1986 3552 ct

405 3593 769 3664 procumbens
819 3589 956 3666 vidit
987 3587 1300 3642 linteamina
1344 3588 1458 3642 sola
1501 3588 1696 3656 posita,
1751 3599 1807 3640 et
1856 3589 1987 3641 abiit

407 3699 591 3740 secum
646 3683 853 3736 mirans
909 3681 1052 3750 quod
1088 3678 1291 3733 factum
1365 3683 1561 3732 fuerat.
1611 3679 1678 3733 Et
1725 3693 1854 3733 ecce
1883 3679 1987 3734 duo

406 3791 474 3831 ex
507 3775 613 3829 illis
645 3775 795 3828 ibant
846 3773 962 3844 ipso
1015 3773 1103 3827 die
1147 3773 1199 3825 in
1245 3770 1546 3834 castellum,
1581 3771 1721 3839 quod
1780 3779 1897 3825 erat
1932 3770 1986 3824 in

407 3868 582 3938 spatio
635 3866 934 3921 stadiorum
1003 3863 1283 3932 sexaginta
1341 3861 1408 3916 ab
1437 3859 1740 3916 Jerusalem
1770 3861 1990 3915 nomine

409 3964 668 4019 Emmaus
703 3963 770 4016 ⁸⁸.
813 3980 832 4014 ι
874 3961 1096 4014 Viviﬂca
1172 3957 1374 4012 Christi
1457 3957 1786 4013 resurrectio
1875 3972 1982 4011 non

407 4058 665 4110 continuo
711 4053 898 4109 electis
951 4050 1233 4122 discipulis
1283 4049 1520 4103 indicata
1549 4057 1632 4102 est
1661 4089 1676 4116 ,
1707 4047 1799 4103 sed
1836 4049 1986 4118 prius

409 4149 624 4216 quidem
639 4149 754 4217 ejus
773 4144 936 4216 234
950 4142 1239 4213 spectaculi
1256 4143 1489 4197 consciae
1509 4141 1663 4196 facta:
1681 4153 1805 4196 sunt
1821 4141 1988 4198 disci-

412 4235 548 4301 ptike
587 4235 995 4288 alabastrtt‘erw.
1052 4231 1178 4285 Post
1228 4237 1326 4285 has
1361 4244 1488 4284 vero
1523 4229 1638 4301 (ιο)
1691 4229 1986 4300 discipulo-

483 4377 526 4410 ⁸⁷
571 4374 729 4430 iusin.
772 4389 863 4439 xx,
889 4375 940 4428 5.
1017 4373 1064 4405 ⁸⁸
1115 4373 1246 4428 Luc.
1285 4387 1434 4438 nrv,
1476 4375 1545 4429 l2
1586 4389 1739 4444 seqq.

2087 3133 2266 3204 ἡμῶν,
2325 3128 2368 3203 ᾧ
2402 3135 2601 3204 πρέπει
2637 3138 2788 3189 πᾶσα
2826 3137 2950 3200 δόξα
2985 3137 3103 3199 νῦν,
3157 3139 3252 3190 καὶ
3287 3139 3396 3199 ἀεὶ,
3447 3137 3543 3189 καὶ
3586 3138 3666 3196 si;

2085 3225 2213 3287 τοὺς
2242 3224 2445 3288 αἰῶνας
2469 3226 2577 3278 τῶν
2601 3226 2836 3279 αἰώνων.
2882 3227 3078 3296 Ἀμήν.

2673 3319 2919 3371 ΟΜΙΛῘΑ
2949 3317 3074 3371 ΛΒ’.

2432 3412 2534 3476 Εἰς
2574 3409 2639 3462 τὸ
2679 3408 2956 3477 πέμπτον
3005 3408 3310 3462 Ἐωθινόν.

2161 3523 2180 3556 ι
2229 3505 2286 3556 Ὀ
2321 3504 2528 3572 Πέτρος
2561 3503 2803 3566 ἀναστὰς
2859 3503 3095 3572 ἔδραμεν
3159 3504 3251 3553 ὲπὶ
3281 3501 3341 3553 τὸ
3375 3505 3674 3572 μνημεῖον,

2085 3599 2178 3649 καὶ
2224 3593 2558 3665 παρακύψας
2617 3593 2804 3662 βλέπει
2877 3593 2946 3645 τὰ
2992 3592 3178 3645 ὀθόνια
3222 3591 3451 3662 κείμενα
3508 3595 3676 3662 μόνα,

2085 3687 2179 3738 καὶ
2210 3684 2417 3753 ἀπῆλθε
2451 3683 2586 3752 πρὸς
2623 3683 2817 3736 ἑαυτὸν
2849 3681 3146 3752 θαυμάζων
3184 3683 3243 3735 τὸ
3285 3685 3532 3750 γεγονός.
3561 3683 3682 3736 Καὶ

2091 3775 2200 3827 ίδοὺ
2234 3773 2328 3828 δύο
2361 3772 2418 3839 ἐξ
2473 3771 2650 3825 αὐτῶν
2691 3767 2832 3841 ἦσαν
2888 3771 3246 3840 πορευόμενοι
3297 3771 3354 3823 ὲν
3413 3772 3551 3840 αὐτῇ
3607 3772 3683 3840 τῇ

2088 3866 2273 3936 ἡμέρᾳ
2341 3865 2421 3926 είς
2476 3863 2671 3933 κώμην
2730 3862 3041 3932 ἀπέχουσαν
3100 3863 3352 3924 σταδίους
3408 3863 3688 3933 ἑξήκοντα.

2094 3957 2204 4012 ἀπὸ
2242 3954 2623 4026 Ἰερουσαλὴμ,
2746 3953 2918 4022 ὄνομα
2965 3954 3266 4023 Ἐμμαούς.
3301 3973 3321 4007 ι
3359 3955 3428 4007 Ἥ
3458 3955 3692 4024 ζωηιρό-

2095 4068 2186 4122 ρος
2240 4047 2334 4101 τοῦ
2388 4047 2596 4118 Κυρίου
2648 4045 2940 4110 ἀνάστασις
2975 4047 3076 4100 οὑκ
3118 4047 3341 4101 αὐτόθεν
3399 4047 3688 4100 δέδεικται

2092 4145 2202 4204 τοῖς
2235 4140 2551 4212 προκρίτοις
2598 4139 2709 4192 τῶν
2757 4139 3039 4209 μαθητῶν,
3085 4139 3222 4192 ἀλλὰ
3275 4140 3544 4210 πρότερον
3580 4141 3692 4209 μὲν

2091 4232 2192 4303 τῆς
2251 4232 2381 4296 θέας
2433 4232 2638 4301 ταύτης
2673 4230 2978 4301 ἠξιώθησαν
3040 4232 3096 4284 αἱ
3161 4230 3691 4302 ἀλαϐαστροφόροι.

1645 4497 1971 4560 Francisci
2005 4499 2216 4562 Scorsi
2249 4507 2438 4562 nota).

413 4623 462 4666 et
509 4607 552 4662 Τ
555 4607 737 4680 heclte,
771 4615 831 4680 ut
858 4606 932 4660 ait
964 4605 1022 4680 ὃ.
1064 4606 1455 4677 Hieronymus,
1489 4617 1538 4661 et
1583 4618 1694 4664 tota
1732 4611 1989 4680 baptizati
2022 4613 2064 4666 ι)
2093 4614 2321 4668 carceris
2349 4613 2449 4667 sibi
2480 4611 2799 4678 conciliarit,
2837 4623 2892 4667 ut
2940 4611 3166 4666 Paulum
3211 4621 3385 4680 posset
3423 4613 3694 4680 invisere,

414 4679 602 4734 Leonis
631 4678 819 4750 fabula,
843 4679 1198 4750 continentur,
1229 4680 1529 4750 apocrypha
1557 4684 1681 4746 sint,
1709 4678 1828 4750 quas
1855 4683 1988 4738 Ter-

416 4746 696 4814 tullianus,
725 4759 778 4801 et
810 4748 926 4813 ipse
957 4746 1341 4822 ‘Hieronymus,
1371 4746 1432 4802 et
1453 4749 1700 4804 Gelasius
1727 4746 1897 4822 'papa,
1929 4763 1989 4809 ut

416 4823 617 4874 nullius
659 4819 999 4872 auctoritatis
1041 4819 1372 4884 reiecerunt;
1410 4835 1513 4872 non
1550 4819 1981 4888 omniata'men,

418 4904 536 4957 qua:
577 4893 641 4942 tte
663 4890 719 4942 ὃ.
751 4888 948 4961 Thecla
989 4890 1188 4957 scripta
1225 4893 1800 4961 reperiuntur.readem
1825 4909 1989 4961 opera

416 4961 818 5027 adnumeranda
871 4959 1010 5011 inter
1057 4964 1363 5027 apocrypha
1413 4973 1476 5011 ac
1525 4960 1817 5026 rejicieuda
1864 4959 1992 5017 esse

418 5038 597 5081 monet
628 5026 886 5079 Barouius
915 5029 1103 5081 eodem
1138 5026 1283 5091 loco;
1317 5028 1408 5081 sed
1443 5032 1772 5082 secernenda
1805 5047 1922 5084 esse
1954 5047 1985 5084 a

417 5101 584 5151 certis
615 5100 884 5162 ambigua,
912 5113 942 5149 a
971 5101 1112 5150 veris
1149 5100 1282 5151 lalsa
1317 5115 1329 5150 :
1363 5096 1420 5150 Si
1451 5101 1566 5166 quis
1596 5104 1731 5152 enim
1762 5118 1822 5152 ea
1849 5102 1983 5154 int-e-

415 5172 585 5238 stiget,
617 5167 1074 5238 inquit_ille_,rqute
1104 5178 1210 5219 tum
1261 5170 1400 5234 apud
1436 5168 1665 5231 (ἐνέποι,
1700 5179 1808 5220 tum
1844 5172 1984 5238 apud

416 5233 639 5291 Latinos
685 5237 749 5287 de
791 5233 848 5288 S.
887 5234 1088 5290 Thecla:
1127 5233 1381 5305 martyrio
1408 5246 1637 5301 exstant,
1670 5239 1801 5291 nihil
1834 5233 1887 5291 in
1913 5243 1986 5295 eis

416 5323 655 5374 prorsus.
687 5309 762 5358 t'el
793 5305 1012 5359 docendi
1039 5323 1268 5371 munere,
1298 5319 1386 5359 aut
1420 5310 1725 5374 baptizandi
1753 5311 1984 5363 ministe-

419 5379 498 5432 rio
533 5393 561 5428 a
591 5375 780 5447 Thecla
806 5377 1312 5447 indebiteAusurpato
1328 5390 1370 5429 et
1391 5379 1584 5447 injuste
1605 5379 1888 5443 vindicato,
1914 5381 1990 5434 vel

417 5448 576 5500 etiam
618 5449 681 5499 de
727 5445 982 5513 baptismi
1028 5444 1214 5515 Leonis
1257 5444 1452 5514 fabula
1488 5464 1706 5515 usquam
1742 5449 1986 5503 inueniet.

422 5515 576 5578 Quod
624 5527 795 5569 autem
843 5531 904 5568 ea
961 5516 1021 5569 8.
1073 5513 1663 5581 Ραυίιρηεάὶεαιίοιιε
1716 5520 1784 5570 ad
1831 5520 1988 5585 [idem

420 5585 650 5636 adducta
687 5587 865 5653 fuerit,
899 5585 1136 5654 quodque
1170 5597 1351 5647 sponte
1381 5590 1633 5652 primario
1669 5589 1986 5640 adolescenti

419 5654 658 5716 nuntium
685 5656 962 5718 remiserit,
993 5656 1130 5722 quod
1159 5670 1408 5721 gemmas,
1439 5667 1484 5708 et
1519 5657 1772 5708 mundum
1806 5655 1988 5708 mulie-

419 5735 565 5788 prem
595 5723 893 5792 dissiparit,
925 5735 1210 5794 coactoque
1249 5739 1314 5778 ex
1353 5724 1458 5778 illis
1492 5727 1712 5795 pecunia
1747 5732 1988 5781 custodes

2089 4697 2377 4753 cwteraqne
2406 4699 2522 4754 qua:
2543 4685 2606 4737 de
2625 4684 2738 4751 ejus
2757 4684 3036 4738 certamine
3052 4698 3171 4735 cum
3191 4682 3403 4746 belluis,
3434 4686 3698 4754 aquibus

2089 4755 2251 4823 fuerit
2284 4753 2530 4806 divinitus
2558 4755 2805 4816 liberata,
2839 4762 3191 4816 recensentur,
3228 4754 3409 4805 multis
3450 4753 3698 4806 Patrum

2087 4824 2489 4876 auctoritatibus
2518 4825 2950 4891 comprobantur,
2974 4837 3110 4891 quas
3142 4825 3264 4876 vitle
3297 4824 3436 4891 apud
3469 4824 3698 4891 ipsum.

2090 4894 2167 4947 Er:
2190 4910 2253 4946 eo
2286 4893 2447 4961 igitur
2465 4896 2606 4962 quod
2627 4893 2774 4946 Pauli
2811 4893 2968 4947 fuerit
2998 4893 3260 4944 sectatrix
3296 4893 3354 4946 S.
3387 4893 3596 4946 Thecla
3636 4904 3703 4946 et

2095 4965 2389 5030 apostolica
2423 4966 2634 5017 dicatur
2663 4965 2881 5022 femina,
2907 4973 2961 5016 et
2989 4962 3346 5024 ἰσαπόστολος
3376 4975 3428 5014 et
3458 4978 3708 5016 mucro-

2096 5047 2275 5096 nasse,
2308 5034 2473 5087 fuisse
2504 5036 2665 5085 etiam
2702 5031 2760 5085 S.
2788 5031 2956 5084 Paulo
2992 5032 3319 5099 praedicandi
3355 5035 3693 5085 ministram

2092 5100 2454 5170 Theophanes
2503 5105 2588 5156 hic
2635 5103 2825 5156 saltem
2872 5101 3180 5171 pepularem
3225 5103 3534 5170 opinionem
3590 5118 3700 5154 se-

2089 5187 2265 5240 quens
2293 5173 2440 5236 dicit,
2469 5173 2612 5241 quod
2643 5186 2750 5225 non
2799 5171 3260 5241 inconvenienter,
3293 5187 3394 5225 nec
3432 5171 3704 5224 indeltite

2093 5244 2392 5296 factitatum
2429 5240 2499 5296 ab
2527 5257 2612 5307 eo,
2659 5253 2717 5295 ut
2749 5241 2859 5310 jam
2891 5257 2959 5296 ex
2991 5240 3225 5295 Baronio
3261 5241 3522 5303 diximus,
3554 5243 3698 5292 esi-

2091 5312 2419 5365 stimandum
2455 5322 2554 5366 est.

2164 5381 2237 5450 (9)
2280 5384 2407 5434 Alae
2439 5391 2487 5435 et
2524 5381 2760 5451 myrrha.
2798 5379 2919 5448 Egit
2953 5378 3019 5432 de
3056 5380 3158 5451 hac
3195 5377 3256 5451 re
3293 5387 3486 5432 auctor
3525 5379 3712 5431 hom.

2096 5449 2398 5504 deLazaro
2421 5449 2685 5513 redivivo,
2712 5465 2831 5517 quin
2861 5457 2944 5503 est
2972 5449 3163 5502 ordine
3195 5449 3291 5514 15;
3321 5459 3376 5502 et
3409 5458 3711 5517 praeterea

2098 5521 2248 5574 locus
2280 5519 2385 5572 erit
2417 5520 2630 5574 dicendi
2664 5518 2803 5574 infra
2837 5520 2983 5573 hom.
3008 5518 3080 5572 25
3101 5556 3116 5579 ,
3145 5519 3233 5574 ubi
3268 5519 3390 5570 vide
3420 5533 3542 5587 quae
3582 5521 3717 5569 ad-

2096 5590 2328 5642 notanda
2361 5595 2694 5645 censuimus.

2165 5659 2278 5728 (10)
2334 5657 2462 5714 Post
2505 5661 2600 5713 has
2649 5674 2787 5714 vero.
2825 5657 2989 5728 Atqui
3039 5655 3096 5728 S.
3135 5655 3297 5728 Petro
3347 5663 3722 5726 apparuerat

2095 5726 2374 5799 Christus,
2431 5741 2719 5800 antequam
2777 5726 2983 5786 duobus
3040 5726 3318 5797 discipulis
3371 5727 3718 5797 peregrinis
