4018 6206
474 355 579 418 657

1808 317 2137 428 IlO‘MlLIA
2178 367 2427 435 XXXII.

3621 384 3729 445 658

439 473 462 504 ³
484 470 648 524 Ἀλλά
684 471 987 540 προφθοὶνει
1026 472 1122 545 τὴν
1157 472 1334 529 αὐτῶν
1357 477 1637 549 ταχύτητα
1663 480 1922 553 Χριστὸς,
1954 481 2027 534 κα

2152 496 2268 537 rum
2311 484 2714 541 festinationem
2775 488 3032 545 Dominus
3080 490 3413 554 antevertit,
3446 501 3499 546 et
3519 490 3726 548 Simoni

470 561 547 630 τῷ
571 561 780 630 Σίμωνι
806 563 1190 632 ἐμφανίζεται,
1213 567 1290 637 τῷ
1314 569 1408 622 τοῦ
1445 569 1695 642 μείζονος
1728 573 1838 627 τῶν
1867 574 2043 644 μαθη-

467 652 580 708 τῶν
629 652 905 723 ἀξιώματι
959 657 1088 720 τοὺς
1143 657 1340 724 ἄλλους
1392 663 1777 735 πιστούμενος.
1824 666 2044 740 Ἐπειδὴ

467 743 576 814 γὰρ
599 744 768 814 λῆρον
809 747 1088 818 ἡγήσαντο
1120 751 1197 803 ’τὰ
1239 752 1348 807 τῶν
1391 756 1666 823 γυναικῶν
1722 759 2042 826 εὐαγγέλια,

466 835 544 903 τῷ
596 835 788 906 Πέτρῳ
827 837 1295 896 ἀνακαλύπτεται.
1341 843 1402 896 Εἰ
1425 844 1483 898 δὲ
1514 846 1609 898 καὶ
1640 847 1745 911 ὅτι,
1782 848 1878 902 καὶ
1909 850 2039 920 ὅπη,

467 927 561 980 xci.
591 928 742 990 ὃπως
779 926 940 999 ὤφθη
994 929 1074 1000 τῷ
1115 932 1344 1002 Σίμωνι,
1391 935 1442 988 οἱ
1475 937 1862 1006 εῦαγγελισταὶ
1895 959 2042 994 σεσι-

465 1021 724 1089 γήκασιν.
758 1021 894 1076 ἀλλά
946 1025 1238 1079 πιστοῦται
1283 1028 1382 1098 τὴν
1425 1030 1697 1087 ὀπτασίαν
1751 1035 1906 1106 καὶή
1943 1035 2038 1090 τοῦ

465 1112 703 1180 μεγάλου
759 1114 974 1168 Παύλου
1035 1118 1188 1189 φωνὴ
1238 1120 1511 1189 λέγουσα·
1572 1141 1592 1175 ι
1631 1125 1756 1179 Ὅτι
1805 1128 2042 1197 Χριστὸς

460 1203 740 1257 ἀπέθανεν
780 1205 925 1276 ὑπὲρ
953 1206 1063 1259 τῶν
1089 1209 1378 1280 ἁμαρτιῶν
1406 1214 1584 1284 ἡμῶν,
1607 1217 1700 1271 καὶ⁵
1730 1218 1812 1272 ὅτι
1841 1220 2038 1292 ἐτάφη,

463 1295 552 1346 καὶ
617 1295 920 1366 ἐγήγερται
970 1301 1038 1370 τῇ
1091 1302 1252 1376 τρίτῃ
1311 1306 1530 1379 ἡμέρᾳ,
1596 1311 1691 1364 καὶ
1742 1312 1826 1366 ὅτι
1883 1311 2038 1384 ὤφθη

459 1387 653 1455 Κηφᾷ.
681 1405 700 1438 ι
1615 1431 1617 1433 ,

551 1479 860 1552 τοιγαροῦν
918 1484 1014 1536 καὶ
1076 1484 1263 1557 ἡμεῖς,
1329 1481 1375 1542 ὧ
1428 1493 1678 1560 φιλόθεον
1735 1497 2036 1568 ἄθροισμα,

456 1567 554 1638 τὴν
587 1569 855 1644 ξυνωρίδα
896 1575 1106 1647 ταύτην
1151 1578 1262 1632 τῶν
1304 1582 1565 1652 μαθητῶν
1619 1567 1993 1662 μιμησῶμεθα
2023 1610 2038 1626 ⁸

453 1664 554 1717 καὶ.
601 1665 1032 1735 καταλείψαντες
1077 1671 1179 1743 τὴν
1259 1673 1614 1749 Ἰερουσαλὴμ
1664 1682 1884 1754 ἐκείνην
1938 1686 2038 1757 τὴν

457 1760 901 1828 προφητοκτόνον
973 1764 1075 1834 μὲν
1138 1768 1449 1839 πρότερον,
1522 1774 1924 1842 Χριστοκτόνον
1978 1780 2036 1835 δὲ

456 1847 704 1920 ὕστερον,
739 1851 807 1923 ἦν
845 1853 943 1909 καὶ
972 1855 1139 1920 αὐτὸς
1173 1859 1457 1926 ταλανίζει
1480 1865 1507 1916 ό
1537 1865 1795 1936 Χριστὸς,
1829 1869 1904 1934 ὡς
1927 1871 2035 1927 τῶν

453 1945 752 2013 προφητῶν
783 1946 1133 2018 φονεύτριαν,
1164 1953 1259 2005 καὶ
1283 1955 1392 2008 τῶν
1419 1957 1736 2014 ἀποστόλων
1763 1961 2033 2018 λιθοϐολί-

451 2052 682 2129 στριανο
743 2038 828 2108 εἴη
883 2040 928 2092 δ’
959 2041 1054 2096 οὖν
1103 2043 1241 2115 αὐτὴ
1299 2047 1331 2118 ἠ
1387 2049 1554 2103 κακία
1604 2053 1703 2122 τῆς
1746 2055 1951 2127 ἀρετῆς
1999 2059 2032 2129 ὴ

448 2128 755 2195 ἀντίθετος,
813 2134 848 2202 ή
901 2134 1380 2208 ἁνασταυρώσασα
1439 2142 1541 2213 τῆς
1616 2145 1875 2216 ἀληθείας
1939 2128 2032 2204 τὸν

451 2219 682 2290 Κύριον,
749 2223 876 2288 τοὺς
935 2226 992 2279 δὲ
1051 2234 1429 2302 προφητικοὺς
1483 2237 1579 2290 καὶ
1635 2238 2031 2308 ἀποστολικοὺς

449 2313 646 2380 λόγους
685 2315 1130 2383 ἀπολακτίζουσα
1154 2365 1169 2386 ,
1205 2325 1409 2394 ταύτην
1439 2327 1837 2398 ἀποφυγόντες,
1863 2336 2030 2388 σπεύ-

449 2421 637 2475 σωμεν
681 2407 780 2476 τὴν
815 2409 1011 2481 κώμην
1037 2414 1370 2471 καταλαϐεῖν
1405 2419 1708 2490 Ἐμμαοῦς,
1741 2423 1845 2495 τὴν
1889 2445 2030 2498 πρα-

450 2499 648 2566 κτικὴν
707 2501 911 2573 ἀρετὴν
947 2503 1047 2574 τὴν
1091 2506 1409 2578 ἀπέχουσαν
1451 2512 1703 2578 σταδίους
1733 2515 2026 2586 ἑξήκοντα,

443 2589 734 2659 δηλοῦντος
756 2591 848 2647 τοῦ
872 2595 1108 2666 ἀριθμοῦ
1131 2598 1232 2670 τὴν
1257 2600 1706 2676 δεκαπλουμένην
1731 2609 1894 2675 ἑξάδα
1919 2612 2028 2667 τῶν

445 2682 700 2747 ἐντολῶν,
727 2686 798 2739 δι’
826 2680 901 2741 ὧν
929 2687 1028 2760 τὴν
1048 2689 1144 2744 τοῦ
1177 2692 1312 2747 Θεοῦ
1342 2694 1625 2764 βασιλείαν
1655 2699 2029 2772 κληρονομοῦ·

445 2789 532 2826 σιν
587 2775 634 2827 oi
686 2776 908 2834 δίκαιοι.
946 2781 1380 2855 Δεκαπλουμένη
1430 2785 1540 2858 γὰρ
1595 2788 2026 2866 δι’ὲργασίαςή

444 2872 726 2939 πρακτικὴ
758 2872 954 2942 ἀρετὴ,
996 2874 1336 2946 πληθύνεται
1384 2880 1466 2942 εἰς
1519 2881 1808 2952 ἐξήκοντα,
1842 2885 2027 2950 καθὼς

443 2962 504 3011 ὲν
531 2963 598 3030 τῇ
634 2961 728 3014 τοῦ
770 2963 979 3034 σπόρου
1029 2968 1316 3040 παραϐολῇ
1351 2971 1779 3044 μεμαθήκαμεν.
1804 2977 2026 3049 Ταύτην

439 3050 508 3120 δὴ
559 3051 634 3114 ὡς
677 3051 943 3122 ἑξήκοντα
987 3057 1174 3111 στάδια
1203 3059 1583 3130 διανύσαντες,
1632 3066 1880 3138 ὀψόμεθα
1931 3069 2023 3122 τὸν

2147 592 2205 631 se
2237 577 2524 632 videndum
2558 578 2783 648 praebet,
2825 589 2884 634 ut
2927 581 3249 636 auctoritate
3285 581 3404 651 ejus
3436 584 3526 653 qui
3558 585 3730 654 major

2148 669 2290 722 inter
2342 668 2638 738 discipulos
2667 681 2804 736 erat,
2857 672 3015 726 fidem
3049 671 3255 728 faceret
3305 675 3537 728 caneris.
3575 676 3730 741 Quo-

2144 759 2290 812 niam
2333 761 2475 814 cuim
2508 761 2763 816 mulieres
2794 763 2932 817 bene
2972 764 3289 819 nuntiantes
3318 767 3507 834 nugari
3543 769 3730 822 existi-
3786 800 3788 802 τ

2145 860 2446 915 maverant,
2511 854 2756 923 apparuit
2836 853 3016 910 Petro.
3072 856 3226 922 Quod
3278 857 3321 910 si
3370 859 3608 925 quando,
3669 871 3727 914 et

2144 945 2411 1012 quomodo
2438 945 2645 1000 Simoni
2677 947 2749 1004 sit
2774 947 2944 1013 visus,
2983 949 3333 1018 evangelistae
3367 951 3726 1016 reticuerunt,

2145 1045 2382 1090 attamen
2419 1037 2562 1091 hanc
2619 1038 3010 1106 apparitionem
3075 1039 3367 1094 conﬁrmat
3409 1043 3585 1112 magni
3624 1061 3724 1097 vox

2135 1127 2296 1182 Pauli
2328 1130 2558 1185 dicentis
2587 1147 2607 1186 :
2653 1130 2946 1198 «Quoniam
2975 1131 3223 1187 Christus
3254 1140 3498 1188 mortuus
3526 1145 3605 1188 cst
3631 1152 3728 1202 pro

2143 1219 2380 1288 peccatis
2425 1221 2667 1284 nostris,
2723 1229 2776 1275 et
2843 1222 2966 1291 quia
3029 1221 3273 1291 sepultus
3315 1233 3416 1285 est,
3481 1235 3533 1278 et
3597 1227 3726 1292 qu‘a

2143 1310 2380 1364 surrexit
2411 1301 2572 1366 tertia
2618 1313 2723 1374 die,
2765 1322 2819 1367 et
2875 1314 2999 1382 quia
3045 1314 3197 1370 visus
3233 1323 3315 1370 est
3377 1315 3572 1386 ϐιιριιιο
3600 1316 3665 1368 τ’.
3701 1335 3718 1367 ι

2213 1496 2275 1549 Ει
2299 1512 2398 1552 nos
2450 1495 2634 1567 igitur,
2683 1513 2716 1552 ο
2750 1499 2841 1552 Dei
2869 1500 3162 1554 amantium
3195 1511 3388 1563 emtas.
3429 1503 3530 1556 hoc
3565 1503 3724 1556 tliSt'l-

2140 1586 2386 1655 polorum
2445 1601 2540 1654 par
2569 1586 2862 1651 imitemur,
2907 1600 2962 1642 et
3001 1589 3253 1644 derelicta
3293 1591 3379 1645 illa
3415 1591 3721 1646 Jcrttsalcttt

2137 1694 2258 1749 qua:
2289 1679 2580 1749 prophetas
2640 1681 2899 1748 primum,
2939 1682 3136 1738 deinde
3188 1683 3465 1738 Christum
3497 1687 3720 1750 occidit,

2137 1787 2299 1841 quam
2333 1782 2387 1827 et
2452 1774 2567 1840 ipse
2601 1771 2850 1828 Christus
2915 1777 3173 1843 przcdicat
3225 1777 3515 1842 infelicem,
3579 1781 3722 1846 quod

2141 1865 2432 1936 prophetas
2459 1866 2816 1931 interemerit,
2853 1874 2908 1920 et
2962 1867 3238 1936 apostolos
3264 1869 3532 1937 lapidarit,
3559 1871 3722 1922 adco-

2137 1969 2242 2024 qne
2275 1972 2368 2027 per
2394 1957 2534 2013 hanc
2565 1958 2753 2012 vitium
2803 1958 3100 2028 signiﬁcari
3135 1968 3334 2030 potest,
3377 1961 3561 2012 virtuti
3587 1975 3721 2012 cou-

2137 2050 2384 2115 trarittm,
2431 2051 2682 2118 quodque
2719 2050 3003 2104 Dominum
3036 2051 3284 2106 veritatis
3319 2051 3466 2105 cruci
3500 2049 3718 2113 Sttﬂixit,

2133 2142 2520 2209 prophetarum
2612 2157 2742 2195 vero
2839 2142 3319 2210 apostolorumque
3380 2142 3721 2196 sermonibus

2134 2232 2430 2287 reluctatur
2461 2272 2477 2297 ,
2529 2232 2599 2288 ab
2633 2232 2758 2298 hac,
2808 2232 3048 2303 inquam,
3107 2229 3475 2302 profugientes
3528 2233 3592 2284 ad
3624 2248 3718 2286 ca-

2133 2325 2348 2382 stellum
2405 2325 2663 2380 Emmans
2711 2323 2996 2393 pervenire
3049 2322 3385 2386 Studeamus,
3421 2323 3717 2392 practicam

2130 2418 2253 2472 dico
2286 2418 2544 2472 virtutem
2572 2415 2750 2470 stadia
2785 2413 3068 2484 sexaginta
3115 2413 3430 2468 distantem.
3468 2413 3588 2479 Quo
3619 2429 3720 2466 nu-

2131 2524 2280 2564 mero
2311 2509 2588 2564 senarium
2639 2514 3030 2576 prmceptormu
3086 2506 3270 2561 decies
3305 2505 3720 2574 multiplicatum

2128 2603 2457 2669 ostenditur,
2475 2601 2641 2672 238
2657 2613 2752 2669 per
2767 2614 2884 2669 qua:
2900 2599 3032 2669 justi
3058 2599 3206 2670 regni
3232 2599 3325 2654 Dei
3345 2598 3718 2654 haereditatem

2128 2695 2348 2747 adeunt.
2385 2691 2596 2748 Etenim
2634 2693 2806 2746 virtus
2837 2694 3076 2760 practlea
3113 2706 3210 2762 per
3265 2690 3508 2745 actiones
3532 2689 3720 2744 decies

2129 2784 2482 2854 multiplicata
2511 2784 2811 2854 adaugetur
2860 2782 2928 2837 ad
2979 2783 3285 2852 sexaginta,
3318 2782 3474 2838 sicuti
3536 2782 3588 2836 in
3627 2797 3716 2836 se-

2129 2879 2326 2931 mentis
2368 2874 2625 2947 parabola
2668 2875 2975 2930 didicimus.
3014 2873 3182 2944 Hujus
3213 2873 3379 2944 igitur
3405 2874 3566 2928 veluti
3603 2883 3718 2926 sta-

2125 2970 2335 3023 diorum
2375 2968 2654 3038 sexaginta
2698 2982 2859 3021 cursu
2914 2966 3164 3021 confecto
3198 2966 3501 3021 videbimus
3529 2965 3714 3018 Domi-

2126 3078 2255 3117 num
2323 3062 2603 3116 nobiscum
2664 3075 2767 3113 una
2826 3058 3184 3130 spiritualiter
3241 3056 3609 3112 ambulantem
3660 3067 3715 3110 et

441 3142 674 3213 Κύριον,
707 3140 820 3201 οἷον
855 3147 1260 3218 συμϐαδίζοντα
1302 3153 1436 3224 ἡμῖν
1468 3157 1672 3228 νοερῶς
1717 3160 1812 3212 καὶ
1838 3161 2016 3216 διαλεο

2138 3158 2496 3212 lisserentem.
2553 3151 2820 3206 Virtutem
2860 3150 3001 3206 enim
3074 3147 3420 3219 persequenti
3476 3148 3713 3201 Verbum

441 3239 696 3306 γόμενον.
731 3240 822 3311 Τῷ
850 3241 959 3312 γὰρ
993 3244 1232 3313 μετιόντι
1269 3247 1370 3314 τὴν
1405 3249 1612 3320 ἀρετὴν
1641 3254 2023 3324 συμπαραθέει

439 3332 468 3382 ό
503 3331 698 3398 Λόγος,
731 3332 1023 3420 διανιστῶν
1063 3335 1124 3389 τὸ
1155 3338 1389 3409 νωθρὸν,
1425 3343 1520 3394 καὶ
1551 3343 1650 3414 τὴν
1685 3344 1824 3400 ἰδίαν
1852 3350 2025 3420 παρέ-

441 3439 556 3491 χων
599 3421 791 3494 ῥοπὴν,
844 3418 912 3496 ἧς
959 3426 1090 3481 ἄνευ
1138 3431 1501 3500 κατορθοῦται
1553 3435 1662 3488 τῶν
1715 3438 2025 3510 θεαρέστων

439 3514 622 3583 ἔργων
652 3516 826 3570 οὐδέν.
882 3519 1221 3589 Συμϐιϐἀζει
1257 3523 1314 3576 δὲ
1351 3526 1378 3576 ό
1408 3526 1583 3595 Λόγος
1626 3530 1892 3602 πρότερον
1924 3532 2024 3604 μὲν

441 3608 644 3676 ἰσχνῶς
708 3608 1122 3680 θεωρούμενος,
1185 3612 1414 3686 ὕστερον
1473 3617 1532 3672 δὲ
1588 3621 2024 3696 τηλαυγέστερον

439 3699 875 3772 φανερούμενος.
933 3704 999 3757 Ai
1051 3705 1162 3776 γὰρ
1194 3707 1305 3759 τῶν
1352 3709 1628 3780 ὲναρέτων
1675 3713 1847 3784 ψυχαὶ
1901 3717 2026 3770 ὅσον

437 3788 826 3859 καθαίρονται,
868 3793 1128 3847 τοσοῦτον
1174 3797 1271 3848 καὶ
1320 3797 1415 3853 τὸν
1459 3800 1596 3855 Θεὸν
1640 3803 2024 3872 γινώσκουσιν.

451 3882 929 3938 Ἀποκα).ύπτεται
963 3886 1020 3938 δὲ
1059 3888 1261 3956 μᾶλλον
1307 3892 1497 3956 αὐτοῖς
1531 3893 1590 3946 ἒν
1612 3897 1680 3966 τῇ
1715 3897 1905 3952 κλάσει
1929 3901 2023 3953 τοῦ

435 3973 635 4042 ἄρτου,
667 3975 724 4026 ἒν
745 3977 810 4045 τῇ
847 3977 1149 4048 μεταλήψει
1177 3980 1380 4053 δηλαδὴ
1402 3983 1512 4036 τῶν
1543 3986 1791 4055 φρικτῶν
1815 4006 2025 4061 postq-

439 4065 597 4134 ρίων.
656 4066 718 4118 Εἰ
761 4066 806 4119 δ’
845 4067 966 4138 ἅμα
1009 4072 1344 4142 φανεροῦται
1397 4077 1516 4139 τοῖς
1565 4077 1863 4149 μαθηταῖς,
1927 4085 2024 4136 καλ⁹

436 4159 606 4223 εὐθὺς
638 4161 877 4230 ἄφαντος
909 4162 1144 4230 γίνεται,
1181 4165 1256 4238 μὴ
1281 4166 1575 4242 θαυμάσῃς
1601 4189 1616 4202 ·
1645 4175 1892 4226 τοιοῦτον
1915 4175 2024 4247 γὰρ

434 4253 502 4306 τὸ
549 4253 692 4307 θεῖον
728 4255 926 4320 κάλλος
957 4273 973 4288 θ
1014 4257 1154 4328 όμοῦ
1204 4261 1560 4333 καταλάμπει
1597 4266 1709 4318 τῶν
1741 4267 2020 4340 κεκαθαρ-

437 4346 622 4416 μένων
663 4347 756 4400 τὸν
806 4347 957 4416 νοῦν,
990 4349 1088 4404 καὶ
1134 4351 1211 4414 ὡς
1256 4353 1514 4425 ἀστραπὴ
1558 4358 1698 4428 ταχὺ
1752 4359 2026 4432 ὑποχωρεί

434 4439 727 4508 γινόμενον
758 4440 1024 4510 ἄληπτον,
1059 4442 1136 4507 ὡς
1188 4447 1284 4498 καὶ
1317 4445 1483 4500 πόθον
1529 4441 1779 4518 ἐμποιεῖν
1810 4455 1875 4522 τῇ
1919 4470 2018 4517 κα-

2129 3247 2389 3311 accurrit,
2447 3243 2754 3299 tarditatem
2825 3243 3093 3306 excitans,
3142 3251 3199 3296 et
3260 3257 3416 3296 suum
3467 3241 3713 3309 prtebeus

2130 3338 2444 3407 impulsum,
2477 3335 2597 3390 sine
2629 3348 2734 3402 quo
2765 3332 2968 3386 nullum
2997 3346 3133 3401 opus
3155 3334 3298 3402 qttod
3336 3331 3446 3384 Deo
3475 3330 3710 3399 placeat,

2126 3429 2262 3483 eﬂiri
2306 3436 2452 3483 recte
2501 3435 2696 3496 potest.
2753 3425 3054 3479 Comitatur
3089 3439 3253 3492 porro
3317 3437 3416 3477 nos
3475 3421 3710 3476 Verbum

2127 3523 2279 3592 prius
2319 3519 2537 3591 quidem
2571 3518 2808 3573 tenuiter
2847 3520 3044 3582 visum,
3083 3526 3206 3584 post
3242 3531 3369 3570 vero
3416 3517 3579 3570 etiam
3609 3514 3713 3567 cla-

2127 3616 2245 3670 rius
2277 3627 2570 3684 apparens.
2603 3611 2812 3663 Animae
2861 3610 3059 3678 quippe
3121 3624 3305 3662 cormn
3361 3607 3451 3676 qui
3522 3606 3708 3660 virtuti

2130 3707 2370 3771 Student,
2404 3713 2607 3774 quanto
2658 3710 2953 3772 purgantur
3009 3701 3200 3769 magis,
3231 3715 3298 3754 eo
3332 3701 3494 3754 Deum
3536 3700 3711 3766 magis

2128 3805 2456 3871 agnoscunt.
2491 3796 2596 3850 Sed
2657 3793 2998 3847 manifestius
3042 3793 3123 3846 eis
3155 3793 3208 3846 in
3263 3793 3525 3846 fractione
3557 3793 3711 3861 panis

2128 3892 2388 3960 aperitur,
2413 3891 2518 3944 hoc
2539 3899 2644 3954 est,
2685 3889 2738 3940 in
2765 3885 3029 3940 tremendi
3061 3884 3442 3940 communione
3465 3882 3710 3954 mysterii

2129 3984 2267 4054 (‘24).
2301 3982 2453 4048 Quod
2482 3982 2527 4035 si
2574 3980 2734 4034 simul
2772 3994 2836 4033 ac
2875 3977 3156 4046 discipulis
3193 3992 3250 4030 se
3283 3977 3538 4038 ostendit,
3574 3993 3709 4029 con-

2131 4077 2278 4131 tinuo
2299 4075 2460 4130 etiam
2486 4074 2554 4127 ab
2587 4073 2703 4140 ejus
2731 4071 2904 4125 oculis
2926 4085 2984 4124 se
3010 4069 3282 4130 subducit,
3302 4073 3379 4136 ’ne
3403 4069 3704 4123 admirere:

2129 4169 2247 4224 talis
2295 4168 2438 4221 enim
2494 4173 2578 4218 est
2662 4163 2843 4218 divina
2900 4148 3268 4233 pulchritudo.
3322 4160 3491 4213 Simul
3548 4170 3710 4226 atque

2128 4261 2398 4316 mentibus
2441 4257 2592 4328 puris
2641 4254 2841 4320 elucet,
2889 4253 3136 4324 protinus
3197 4251 3385 4317 etiam,
3411 4261 3467 4304 ut
3531 4250 3711 4320 fulgur

2127 4355 2389 4414 abscedit,
2425 4365 2546 4405 cum
2592 4345 2974 4416 comprehendi
3023 4359 3128 4399 non
3164 4345 3357 4414 possit,
3409 4346 3483 4397 ita
3537 4354 3595 4397 ιιι
3626 4346 3708 4396 itt-

2128 4444 2437 4512 trlligentize
2510 4438 2715 4511 injiciat
2767 4437 3120 4503 desiderium,
3178 4447 3231 4491 et
3280 4438 3346 4490 ad
3416 4437 3710 4504 impensius

434 4532 695 4603 ταλήψει,
731 4534 825 4587 καὶ
863 4534 1001 4606 πρὸς
1028 4535 1090 4588 τὸ
1140 4536 1326 4606 μεῖζον
1375 4513 1628 4606 ἐφέλκειν
1666 4543 1765 4614 τὴν
1808 4513 2021 4615 ἐρῶσαν

2133 4540 2364 4594 stmlium
2417 4542 2689 4587 amantem
2733 4531 3010 4600 pertrahat
3080 4529 3314 4583 animam
3350 4545 3363 4581 :
3403 4529 3547 4581 utad
3578 4544 3708 4582 san-

430 4622 638 4693 ψυχήν.
684 4627 890 4678 ’Λνεῖτε
922 4627 1016 4678 καὶ
1064 4627 1200 4697 πρὸς
1236 4629 1336 4691 τὰς
1369 4629 1522 4695 θείας
1555 4633 1855 4698 ἀναϐάσεις
1885 4638 2020 4690 ἀνά-

431 4715 650 4781 γεσθαι,
708 4718 802 4770 καὶ
851 4717 1133 4788 γλίχεσθαι
1179 4720 1417 4785 διακαῶς
1472 4723 1564 4777 τὸν
1605 4725 1730 4778 ὅλον
1785 4727 2013 4796 ἥμερον.

431 4807 533 4877 τὴν
563 4807 735 4862 ἀΐδιον
769 4808 981 4878 ἔφεσιν,
1009 4811 1110 4882 τὴν
1146 4813 1360 4867 ἑνιαίαν
1390 4815 1578 4889 φύσιν,
1609 4818 1708 4888 τὴν
1736 4818 2016 4890 μακαρίαν

429 4900 675 4970 Θεότητα
709 4918 723 4932 ’
862 4903 1065 4972 πρέπει
1118 4905 1275 4976 τιμὴ,
1338 4907 1434 4960 καὶ
1484 4909 1635 4962 πᾶσα
1691 4909 1857 4977 δόξα,
1923 4913 2020 4967 καὶ

435 4993 696 5062 ὕμνησις,
738 4993 834 5045 καὶ
870 4994 1348 5068 μεγαλοπρέπεια,
1397 4997 1494 5054 νῦν
1518 5000 1613 5053 καὶ
1651 5001 1762 5068 ἀεὶ,
1801 5003 1897 5057 καὶ
1935 5004 2018 5067 είς

428 5082 562 5146 τοὺς
583 5082 789 5147 αἰῶνας
824 5086 934 5140 τῶν
956 5085 1191 5144 αἰώνων.
1235 5088 1430 5160 Ἀμήν.

503 5263 548 5294 ⁷²
579 5263 595 5318 l
637 5264 764 5320 Cor.
798 5281 886 5332 xv,
919 5267 970 5321 4.

2128 4644 2246 4688 etas
2289 4627 2634 4682 ascensiones
2664 4625 2947 4688 evehatur,
2993 4632 3048 4676 et
3081 4623 3337 4675 ardenter
3361 4621 3710 4685 concupiscat

2125 4739 2249 4778 cum
2285 4729 2457 4776 totum
2514 4717 2719 4779 videre,
2769 4715 3135 4776 dulcedinem,
3177 4728 3298 4781 qua:
3347 4711 3547 4763 satiare
3599 4725 3705 4760 non

2126 4824 2325 4886 potest,
2373 4822 2542 4867 totum
2594 4824 2814 4864 suavem
2862 4806 3192 4861 desiderium
3238 4813 3523 4865 arteruum,
3587 4803 3704 4854 sin-

2127 4909 2363 4978 gularem
2399 4914 2670 4968 naturam,
2701 4901 2914 4954 beatam
2965 4896 3326 4957 divinitatem,
3365 4895 3447 4948 cui
3478 4893 3707 4947 debetur

2127 5004 2322 5062 honor,
2362 5008 2417 5052 et
2437 4995 2616 5050 omnis
2646 4994 2837 5063 gloria,
2869 5002 2924 5045 et
2970 4989 3108 5049 laus,
3147 4997 3200 5042 ct
3234 4989 3528 5052 veneratio,
3563 5004 3650 5041 nu;
3674 5004 3707 5041 c

2126 5103 2180 5148 et
2203 5104 2417 5158 semper
2444 5096 2501 5142 et
2559 5085 2614 5139 in
2671 5082 2866 5144 saecula
2911 5079 3256 5136 saeculorum.
3297 5081 3336 5132 Α
3365 5095 3486 5135 νου.

1664 5390 1994 5454 Francisci
2028 5393 2241 5456 Scorsi
2271 5402 2457 5455 nota.

504 5525 562 5600 (f2
577 5526 620 5592 ί)
652 5524 715 5600 In
748 5529 1004 5600 ueniendi
1039 5529 1404 5583 communione
1438 5535 1691 5600 mysterii.
1724 5535 2000 5591 Christum

426 5599 482 5650 in
514 5597 776 5651 fras-tione
805 5599 957 5664 panis
986 5613 1331 5654 consecrasse
1359 5597 1756 5658 Eucliaristiam
1781 5617 2006 5660 censent

427 5667 648 5734 plurimi
687 5666 874 5720 l’atres
919 5669 1072 5721 relati
1109 5685 1136 5721 a
1179 5669 1451 5732 Cornelio,
1486 5674 1574 5736 qui
1635 5675 1772 5727 idem
1820 5677 2002 5729 sentit.

424 5737 717 5811 AperteS.
777 5739 1058 5811 Augustin.
1113 5754 1276 5811 scrin.
1319 5739 1439 5800 140.
1489 5743 1554 5796 de
1589 5753 1817 5811 (corpore
1855 5764 1868 5801 :
1910 5744 2007 5799 Ubi

425 5807 596 5864 uiuit
637 5807 892 5863 Dominus
937 5810 1150 5880 agnosci
1197 5811 1251 5864 in
1297 5811 1557 5881 fractione
1603 5807 1754 5884 panis
1787 5832 1802 5870 :
1836 5819 2007 5871 securi

2111 5555 2317 5603 sumus,
2345 5553 2533 5606 panem
2563 5534 2880 5612 frangimus,
2913 5543 2961 5587 et
3017 5533 3300 5612 Dominum
3332 5532 3696 5612 agnoscinms,

2115 5609 2282 5662 noluit
2315 5604 2694 5682 agnosci,nisi
2718 5606 2790 5658 ibi
2822 5614 3032 5672 propter
3063 5620 3178 5668 nos,
3211 5604 3300 5672 qui
3323 5618 3438 5682 .non
3473 5619 3590 5682 eum
3621 5607 3700 5682 ri-

2114 5681 2224 5731 ειη-ἰ
2274 5674 2485 5732 eramus
2521 5677 2574 5730 in
2625 5691 2808 5744 carne,
2843 5686 2892 5730 et
2945 5684 3124 5728 tamen
3174 5674 3544 5727 mandurmuri
3583 5676 3698 5742 ejus

2114 5766 2350 5804 carnem.
