4018 6206
413 345 516 412 661

1727 353 2058 415 HOMILIA
2095 355 2384 423 XXXI“:

3561 342 3670 424 662

410 462 500 514 διὰ
539 461 650 514 τῶν
703 463 998 534 ίστορικῶς
1054 465 1361 538 γινομένων
1418 467 1556 539 πρὸς
1612 467 1850 539 θεωρίαν
1897 469 1990 523 τὸν

2100 472 2349 528 condunt-
2373 475 2652 531 lristoriam
2689 486 2844 548 gesta
2878 485 3024 542 sunt;
3055 477 3120 532 ad
3142 475 3671 545 contemplationem

409 553 538 605 νοῦν
557 552 922 625 διανίστησιν.
962 555 1027 610 Ἦ
1052 556 1148 612 οὖν
1165 559 1371 629 πρωῖα,
1391 558 1580 631 ιπειδὴ
1605 560 1994 626 ἀνατεταλκὼς

407 638 478 714 ῆν
519 642 598 707 ὡς
647 643 722 708 ἐξ.
755 644 1025 717 ἀνατολῆς
1071 647 1167 702 τοῦ
1219 649 1394 719 τάφου
1439 650 1538 721 τῆς
1588 650 1940 722 δικαιοσύνης
1966 654 1996 708 6

413 734 604 798 Ἤλιος
628 754 644 769 ο
661 737 852 792 σκοτία
873 737 952 801 δὲ,
969 739 1055 792 ὃτι
1075 741 1192 806 τοῖς
1213 742 1528 813 ἀνθρώποις
1551 745 1800 814 ἠγνοεῖτο
1824 745 1904 799 ἔτι
1933 745 1996 800 τὸ

412 827 606 899 θαῦμα
635 828 736 900 τῆς
771 829 1155 897 ἀναστάσεως.
1193 833 1272 887 Οὐ
1300 834 1455 904 λέγει
1493 835 1552 890 δὲ
1580 838 1665 891 δτι
1687 836 1875 909 βλέπει
1901 837 1995 894 τὸν

411 921 562 976 λίθον
585 923 1046 992 ἀποκυλισθέντα,
1074 926 1254 982 καίτοι
1301 927 1479 993 οὕτως
1506 931 1556 984 oi
1583 932 1734 1003 τρεῖς
1762 932 1997 1003 εὐαγγεο

411 1014 596 1070 λιστα).
649 1018 1036 1090 ἀφηγήσαντο.
1100 1019 1244 1074 Ἀλλ’
1281 1024 1310 1076 6
1361 1024 1536 1094 μέγας
1588 1025 1846 1099 Ἰωάννης
1881 1029 1997 1093 τοῖς

411 1110 706 1182 ίστορικῶς
720 1112 1042 1183 γενομένοις
1054 1113 1156 1179 τὰς
1177 1116 1493 1184 θεολογικὰς
1519 1120 1730 1184 ἑννοίας
1748 1121 1996 1194 συνήθως

415 1202 635 1272 μιγνὺς,
663 1203 902 1275 ἀρθῆναι
933 1206 1028 1260 τὸν
1055 1206 1208 1262 λίθον
1242 1209 1417 1280 φησί’
1449 1211 1601 1266 δοκεῖ
1635 1213 1744 1286 γὰρ
1774 1214 1836 1267 ού
1863 1215 1996 1287 περὶ

407 1293 507 1348 τοῦ
535 1295 802 1366 αἰσθητοῦ
834 1296 986 1352 λίθου
1013 1297 1198 1366 λέγειν
1238 1299 1465 1366 ἁπλῶς⁸
1504 1299 1714 1370 ἐκεῖνος
1758 1305 1868 1378 γὰρ
1895 1308 1997 1363 οὐκ

411 1384 555 1455 ῆρθη
581 1386 647 1438 ἔκ
677 1386 772 1440 τοῦ
810 1388 1110 1459 μνημείου,
1136 1391 1276 1445 ἀλλὰ
1303 1390 1406 1464 τῆς
1432 1393 1605 1466 θύρας
1632 1397 1829 1468 μικρὸν
1856 1399 1996 1454 ἄπο-

412 1475 506 1530 θεν
535 1479 877 1535 ἑκεκύλιστοο
917 1481 1055 1537 ἀλλὰ
1082 1484 1177 1539 τοῦ
1221 1480 1624 1556 ἀκρογωνιαίου
1660 1490 1807 1545 λίθου
1856 1493 1998 1563 Χρι-

414 1569 566 1626 στοῦ.
604 1571 959 1643 ’Υπηγάγετο
1006 1575 1065 1630 δέ
1102 1591 1169 1646 με
1212 1579 1354 1649 πρὸς
1399 1580 1609 1651 ταύτην
1646 1571 1746 1653 τὴν
1783 1583 1996 1642 ἔννοιαν

411 1661 442 1712 ὁ
474 1661 640 1724 αὐτὸς
661 1657 819 1728 οὗτος
839 1665 1259 1735 εύαγγελιστὴς,
1278 1670 1374 1725 νῦν
1395 1672 1496 1742 μὲν
1521 1674 1691 1728 εἰπών
1710 1690 1724 1704 ·
1753 1695 1772 1729 ι
1794 1678 1996 1732 Βλέπει

408 1755 504 1807 τὸν
530 1755 676 1810 λίθον
701 1757 947 1827 ἠρμένον
985 1761 1051 1813 ἔκ
1094 1761 1189 1816 τοῦ
1224 1764 1522 1835 μνημείουο
1562 1785 1580 1819 ι
1617 1769 1903 1837 παριστῶν
1939 1770 1997 1824 δὲ

410 1848 681 1916 λέγουσαν
710 1851 810 1923 τὴν
839 1849 1218 1926 Μαγδαληνήν
1243 1872 1257 1887 ο
1299 1868 1326 1909 ι’
1357 1853 1538 1928 Ἥραν
1580 1861 1674 1914 τὸν
1699 1860 1907 1933 Κύριον
1929 1863 1993 1916 ἐκ

410 1941 509 1993 τοῦ
543 1942 839 2013 μνημείου,
875 1963 896 1997 ι
931 1945 1026 2000 καὶ
1068 1947 1158 2002 διὰ
1192 1948 1289 2002 τοῦ
1324 1950 1596 2021 ἑπομένου
1633 1953 1800 2023 ῥητοῦ
1826 1954 1995 2027 ἐφερ-

413 2032 677 2101 μηνεύων
701 2035 762 2088 τὸ
791 2036 1231 2108 προηγούμενον.
1267 2038 1496 2108 Γέγονεν
1534 2039 1645 2111 γὰρ
1675 2039 1752 2105 ὡς
1779 2041 1998 2112 άληθῶς

409 2124 440 2174 6
480 2122 837 2196 Ἐμμανουὴλ
865 2126 1044 2198 πέτρα
1065 2127 1391 2193 σκανδάλου,
1410 2129 1506 2183 καὶ¹
1535 2129 1682 2194 λίθος
1709 2133 1996 2204 προσκόμο

413 2233 607 2285 ματος.
662 2211 836 2283 Οὗτός
890 2221 1040 2274 ἐστιν
1089 2221 1119 2274 6
1162 2221 1313 2286 λίθος
1361 2222 1422 2275 δν
1480 2223 1894 2296 ἀπεδοκίμασαν
1945 2228 1994 2281 oi

410 2309 770 2380 Γραμματεῖς
822 2314 920 2366 καὶ
944 2313 1056 2368 τῶν
1095 2313 1365 2369 Ἰουδαίων
1385 2314 1435 2368 oi
1465 2314 1706 2387 έζαρχοι,
1728 2319 1778 2372 οἱ
1807 2319 1877 2374 τᾶ
1899 2320 1994 2375 τοῦ

408 2401 580 2472 νόμου
607 2402 768 2472 δῆθεν
783 2405 1201 2476 οίκονομοῦντες
1224 2403 1557 2483 ἐντάλματα.
1588 2411 1750 2466 Ἀλλά
1771 2412 1997 2482 γέγονεν

409 2495 496 2558 είς
525 2497 772 2567 κεφαλὴν
805 2499 1033 2566 γωνίας,
1071 2503 1198 2567 τοὺς
1227 2495 1322 2558 δύο
1361 2505 1528 2570 λαοὺς
1564 2506 1645 2570 είς
1666 2505 1863 2560 ἑαυτὸν
1892 2507 1996 2578 ἁρ-

414 2588 750 2659 μοσάμενος.
801 2593 913 2646 Καὶ
968 2595 1112 2666 τάχα
1165 2597 1302 2666 πρὸς
1348 2597 1546 2652 τοῦτον
1598 2599 1692 2652 τὸν
1738 2599 1889 2653 λίθον
1933 2598 1996 2654 τδ

409 2682 746 2752 ἡγεμονικὸν
787 2685 1010 2757 ἐρείσας
1060 2685 1276 2753 Ἰακὼϐ,
1325 2691 1422 2746 καὶ⁸
1453 2691 1714 2756 ὑπνώσας
1743 2693 1852 2748 ἀπὸ
1881 2694 1994 2749 τῶν

410 2771 691 2842 αἰσθητῶν
721 2774 778 2830 ὲν
805 2777 1080 2850 φαντασίᾳ
1113 2777 1214 2848 τῆς
1248 2773 1447 2854 νοητῆς
1475 2783 1667 2852 γέγονε
1700 2784 1990 2856 κλίμακος.

412 2863 619 2918 Τοῦτον
674 2866 768 2921 τὸν
819 2867 969 2925 λίθον
1027 2871 1297 2937 είκύνιζεν
1350 2875 1393 2946 ἡ
1440 2875 1617 2948 πέτρα
1665 2877 1698 2948 ῆ
1754 2875 1833 2950 τῷ
1878 2877 1994 2950 λαῷ

411 2957 692 3027 βλύζουσα
732 2960 972 3031 δαψιλῶς
1017 2964 1109 3018 τὸν
1140 2965 1342 3020 ποτόν⁸
1383 2966 1560 3034 οὕτως
1600 2970 1853 3034 εἰπόντος
1895 2969 1994 3030 τοῧ

413 3051 660 3120 Παύλου,
696 3051 772 3116 ὡς
807 3068 836 3105 ι·
863 3054 1090 3110 Ἐπινον
1122 3059 1186 3111 ὲκ
1247 3062 1632 3133 πνευματικῆς
1664 3065 1994 3123 ἀκολουθού-

2095 568 2257 637 erigit
2292 578 2552 624 mentem.
2589 569 2722 624 Erat
2778 570 2941 641 igitur
2973 585 3152 634 mane,
3182 571 3324 639 quod
3361 571 3674 641 e--sepulcro

2097 659 2190 716 Sol
2217 660 2445 731 iustitia:
2474 661 2618 718 velut
2653 678 2739 718 ετ-
2764 663 2980 718 oriente
3011 677 3071 719 se
3090 663 3408 718 extulerat:
3435 665 3676 720 tenebrae

2097 769 2226 810 vero
2270 754 2381 826 (29)
2409 794 2424 820 ,
2468 756 2612 825 quod
2669 756 2993 823 hominibus,
3031 756 3210 816 adhuc
3254 756 3676 812 resurrectionis

2097 848 2414 919 mysterium
2440 848 2814 919 ignorabatur.
2841 847 2957 903 Non
2988 862 3116 904 vero
3136 846 3268 903 dicit
3291 847 3493 902 vidisse
3520 862 3678 902 revo-

2095 939 2266 994 lutum
2299 940 2563 1011 lapidem;
2595 941 2743 1011 atqui
2773 940 2826 996 id
2857 950 2966 996 tres
2988 939 3338 1012 evangelista:
3361 939 3673 993 narrarunt!

2095 1032 2482 1089 Verumtamen
2524 1050 2753 1103 magnus
2785 1033 2872 1089 ille
2893 1031 3132 1088 Joannes
3162 1032 3401 1087 cumbis
3430 1045 3550 1100 qua:
3581 1045 3674 1086 se-

2097 1128 2335 1182 cundum
2365 1121 2654 1183 historiam
2693 1126 2998 1184 factasunt
3027 1166 3041 1191 ,
3074 1125 3412 1197 tbeologicos
3457 1140 3673 1186 sensus.

2097 1229 2157 1274 ut
2186 1222 2494 1286 consuevit,
2525 1221 2835 1278 admiscens
2865 1221 3140 1278 sublatum
3182 1219 3414 1289 lapidem
3450 1219 3554 1283 ait;
3595 1219 3678 1286 vi;-

2096 1310 2257 1366 detur
2280 1315 2424 1368 enim
2458 1312 2566 1368 non
2613 1315 2679 1368 de
2722 1314 2965 1370 sensibili
3005 1312 3187 1383 lapide
3227 1309 3550 1382 simpliciter
3593 1310 3676 1364 ln-

2096 1402 2188 1472 qni
2235 1402 2350 1477 (30)
2378 1419 2393 1460 :
2422 1404 2510 1460 ille
2535 1405 2679 1460 enim
2723 1406 2827 1458 οὐκ
2857 1404 3022 1476 aper],
3046 1405 3148 1458 hoc
3173 1412 3279 1468 est,
3305 1416 3410 1457 non
3437 1401 3676 1456 elevatus

2099 1507 2128 1547 a
2171 1505 2546 1563 monumento,
2593 1497 2686 1551 sed
2731 1497 2800 1552 ab
2832 1496 3108 1550 ostio'uon
3145 1505 3255 1548 tam
3299 1493 3458 1561 longe
3503 1494 3677 1545 fuerat

2097 1586 2412 1641 revolutus:
2444 1587 2536 1644 sed
2585 1586 2652 1643 de
2682 1586 2925 1657 angulari
2959 1585 3134 1656 lapide
3163 1584 3400 1640 Christo.
3439 1582 3678 1637 Adduxit

2099 1678 2187 1733 me
2221 1693 2351 1733 vero
2383 1689 2442 1733 ut
2493 1677 2571 1733 ita
2621 1678 2980 1748 iutelligerem
3033 1677 3149 1745 ipse
3192 1676 3282 1732 hic
3315 1672 3676 1745 evangelista.

2028 1803 2070 1871 Β
2099 1766 2337 1860 quicum
2383 1772 2485 1826 hoc
2522 1770 2645 1826 loco
2682 1770 2950 1826 dixisset:
2987 1785 3006 1822 ι
3034 1767 3458 1871 γεδειιιιρίξίθηι
3494 1765 3678 1871 subla-

2101 1857 2212 1918 tum
2252 1876 2282 1918 a
2326 1871 2698 1930 monumento,
2743 1879 2766 1915 ι
2819 1862 2993 1930 ipsam
3051 1859 3245 1915 deinde
3305 1857 3688 1927 Magdalenam

2098 1953 2405 2022 loquentem
2469 1952 2634 2008 facit:
2678 1969 2698 2004 ι
2745 1951 3012 2006 Tulerunt
3056 1947 3220 2021 240
3268 1946 3552 2003 Dominum
3609 1944 3679 2002 de

2099 2052 2480 2110 monumento,
2509 2063 2528 2097 ι
2569 2044 2791 2114 perinde
2831 2058 2895 2099 ac
2917 2041 3164 2112 sequenti
3193 2040 3341 2096 dicto
3367 2039 3677 2110 praecedens

2097 2133 2508 2202 interpretetur.
2531 2131 2731 2189 Factus
2756 2133 2900 2188 enim
2926 2145 3112 2187 revera
3144 2142 3227 2185 est
3248 2130 3336 2184 ille
3360 2128 3676 2184 Eruntanucl

2096 2231 2252 2294 petra
2296 2221 2566 2288 scandali,
2595 2230 2650 2278 et
2684 2222 2822 2293 lapis
2852 2219 3172 2277 oﬂ‘ensionis
3195 2219 3264 2274 ⁷⁸.
3284 2218 3382 2274 Hic
3409 2219 3551 2289 lapis
3572 2227 3675 2280 est,

2097 2332 2260 2390 quem
2296 2315 2659 2388 reprobarunt
2694 2314 2902 2372 Scriba;
2950 2322 3004 2371 et
3035 2313 3309 2385 principes
3343 2311 3696 2373 Iudaeoruth

2096 2411 2191 2482 qui
2219 2411 2478 2467 nimirum
2513 2409 2648 2481 legis
2683 2417 2955 2481 praecepta
3007 2406 3436 2462 aedificabant".
3459 2403 3565 2459 Sed
3597 2402 3676 2456 fa-

2096 2513 2216 2560 ctus
2233 2513 2318 2560 est
2340 2503 2394 2558 in
2419 2503 2602 2574 anguli
2632 2511 2816 2574 caput,
2839 2503 2974 2557 duos
2997 2499 3227 2572 pepulos
3249 2500 3302 2554 in
3323 2514 3382 2555 se
3407 2499 3523 2566 ipso
3547 2512 3680 2551 con.

2099 2605 2343 2652 nectens.
2373 2595 2706 2662 Etl‘ortassis
2731 2595 2897 2650 etiam
2923 2596 3026 2649 hoc
3049 2593 3224 2663 lapide
3249 2591 3441 2654 Jacob,
3467 2590 3673 2660 princi-

2096 2703 2223 2761 pem
2266 2689 2463 2744 animze
2503 2698 2715 2759 partem
2745 2687 2999 2752 fulciens,
3037 2683 3356 2762 etsopitus,
3394 2671 3674 2736 abaliena-

2099 2789 2293 2850 tusque
2325 2795 2353 2834 a
2390 2777 2552 2834 rebus
2585 2776 2768 2833 sensui
2801 2776 3058 2846 objectis,
3095 2772 3490 2842 intelligibilem
3527 2771 3676 2825 illam

2097 2873 2299 2930 scalam
2330 2886 2428 2943 per
2451 2872 2686 2943 speciem
2711 2869 2930 2924 vidit".
2959 2869 3112 2923 Hunc
3138 2867 3369 2938 lapidem
3400 2869 3554 2936 petra
3579 2864 3669 2917 illa

2098 2964 2462 3030 adumbravit,
2489 2979 2554 3018 ex
2587 2978 2693 3034 qua
2729 2961 2927 3032 populo
2966 2969 3124 3032 potus
3161 2957 3376 3014 abunde
3414 2957 3679 3020 manavit,

2098 3055 2173 3112 ita
2223 3055 2440 3110 dicente
2478 3053 2680 3117 Paulo,
2725 3053 2870 3123 quod
2931 3068 2950 3104 ‹
2994 3049 3263 3105 Bibebant
3293 3049 3358 3103 de
3402 3046 3687 3118 spiritual'r

413 3144 748 3216 σης’πίτρας
770 3163 786 3178 ο
815 3149 848 3218 ἠ
880 3148 946 3234 δὲΔ
967 3149 1141 3220 πέτρα
1167 3146 1236 3222 ῆν
1267 3153 1297 3205 6
1342 3154 1634 3226 Χριστός.»
1673 3151 1843 3225 Οὗτος
1871 3156 1940 3234 ἦν
1967 3152 1995 3218 6

2100 3155 2470 3216 consequente
2515 3160 2610 3202 eos
2663 3155 2812 3215 petra
2858 3145 3058 3213 :petr‘a
3117 3151 3297 3196 autem
3353 3148 3471 3194 erat
3515 3137 3678 3192 Chri-

413 3235 567 3298 λίθος
587 3236 614 3288 6
649 3237 881 3308 τμηθεὶς
911 3231 1040 3294 ἄνευ
1083 3242 1287 3313 χειρὸς,
1323 3244 1419 3298 καὶ
1460 3247 1762 3320 συντρίψας
1789 3251 1859 3305 τὰ
1887 3227 1996 3308 τῶν

2102 3240 2301 3299 stus".
2329 3259 2348 3293 ι
2381 3235 2482 3293 ilic
2515 3237 2652 3308 lapis
2680 3236 2799 3300 fuit,
2827 3235 2918 3305 qui
2946 3233 3090 3289 nulla
3125 3247 3317 3287 manus
3345 3245 3510 3301 opera
3532 3227 3679 3284 excio

412 3326 689 3397 δαιμόνων
728 3328 1099 3403 βδελύγματα,
1151 3336 1296 3389 κατὰ
1338 3335 1442 3408 τὴν
1479 3337 1578 3393 τοῦ
1616 3343 1818 3416 Δανιὴλ
1863 3345 2001 3418 προς

415 3421 735 3489 αγόρευσιν.

497 3533 514 3564 ι
541 3515 738 3585 Τρέχει
768 3511 884 3583 οὖν,
937 3521 1032 3573 καὶ
1069 3519 1290 3592 ἔρχεται
1326 3522 1463 3594 πρὸς
1504 3526 1726 3598 Σίμωνα
1767 3531 1997 3600 Πέτρον,

416 3608 512 3661 καὶ
548 3609 686 3680 πρὸς
716 3610 809 3664 τὸν
832 3612 996 3668 ἄλλον
1037 3614 1312 3688 μαθητὴν,
1345 3616 1407 3671 ὃν
1435 3618 1630 3689 ⁴Ριγάιιιτα
1663 3623 1692 3676 6
1729 3623 1939 3696 Ἰησοῦς
1972 3647 1990 3681 ι

417 3699 487 3754 Τί
517 3701 757 3771 δήποτε;
793 3703 932 3774 Οὐχὶ
977 3706 1073 3759 καὶ
1100 3708 1216 3770 τοῖς
1247 3705 1458 3774 λοιποῖς
1485 3712 1835 3781 ἀποστόλοις.
1859 3717 2000 3774 ἀλλὰ

417 3791 613 3863 Πέτρῳ
669 3791 764 3847 καὶ
836 3793 1062 3869 Ἰωάννῃ
1131 3796 1316 3866 μόνοις
1393 3797 1568 3855 ταῦτα
1650 3803 1997 3878 μεμήνυκεν;

383 3884 652 3966 ,Ἐπειδὴ
711 3886 763 3939 oi
813 3887 916 3958 μὲν
972 3886 1124 3942 ἄλλοι
1190 3891 1679 3965 κατορῤωδηκὸτες
1727 3897 1830 3968 τὴν
1890 3900 2000 3956 τῶν

389 3969 715 4029 ἷῚουδαίων
789 3976 991 4033 λύτταν
1054 3979 1398 4052 ἐκρύπτοντο
1441 3998 1456 4014 ⁸
1517 3985 1726 4058 Πέτρος
1786 3988 1845 4043 δὲ
1905 3994 2001 4046 καὶ

2099 3345 2196 3388 sus
2223 3329 2664 3386 abominationes
2706 3326 3032 3383 daemonium
3067 3323 3350 3390 contrivit,
3379 3323 3531 3393 juxta
3572 3318 3678 3374 Da-

2101 3425 2260 3482 nielis
2287 3422 2700 3494 praedictionem
2715 3421 2786 3474 ⁷⁸.

2178 3535 2200 3572 ι
2245 3516 2430 3573 Currit
2467 3529 2620 3586 ergo,
2655 3523 2711 3569 et
2762 3511 2910 3568 venit
2939 3511 3008 3566 ad
3044 3511 3324 3565 Simonem
3364 3508 3584 3564 Petrum
3627 3517 3690 3560 ct-

2102 3611 2169 3667 ad
2201 3609 2365 3664 alium
2411 3605 2736 3677 discipulum
2791 3619 2952 3675 quem
2993 3602 3256 3673 diligebat
3291 3598 3468 3656 Jesus.
3500 3617 3521 3652 ι
3543 3597 3681 3665 Quid

2102 3706 2177 3761 ita
2211 3701 2466 3760 tandem?
2499 3697 2620 3756 Non
2645 3699 2858 3754 caeteris
2885 3697 3050 3752 etiam
3084 3692 3386 3764 discipulis,
3421 3691 3515 3746 sed
3549 3689 3698 3745 solis.

2100 3797 2265 3856 Petro
2320 3812 2385 3854 ac
2420 3795 2617 3855 Joanni
2645 3794 2762 3851 haec
2795 3791 3098 3849 indicavit?
3126 3789 3397 3858 Quoniam
3435 3787 3526 3841 alii
3561 3785 3685 3855 qni-

2101 3893 2224 3950 deni
2244 3891 2555 3948 Iudaeorum
2581 3887 2783 3943 rabiem
2805 3885 3161 3942 formidantes
3180 3898 3239 3938 se
3258 3879 3697 3936 abseonderaut..

2101 3984 2299 4041 Petrus
2331 3995 2464 4036 vero
2511 3987 2568 4035 et
2606 3977 2848 4034 Joannes
2875 3975 3236 4032 confidentius
3277 3970 3682 4026 versabantur:

391 4065 690 4149 fluitavqu
724 4064 1045 4136 ἀδεέστερον
1087 4069 1506 4142 ἀνεστρέφοντο.
1549 4074 1611 4129 Ὅ
1653 4075 1752 4147 μὲν
1784 4077 1862 4143 ὡς
1898 4072 1996 4154 ἤδη

2104 4078 2194 4135 ille
2221 4075 2440 4148 quidem
2472 4074 2616 4144 quod
2641 4071 2754 4142 jam
2796 4069 2953 4127 fidem
2997 4079 3193 4123 nactus
3219 4073 3339 4122 erat
3359 4079 3422 4148 ex
3446 4077 3510 4117 eo
3541 4061 3698 4132 quod

387 4159 395 4165 '
418 4157 737 4222 πιστευθεὶς
757 4160 821 4214 ἐκ
843 4159 938 4214 τοῦ
968 4159 1211 4232 ἐνόρκως
1241 4161 1610 4236 ἀρνήσασθαι,
1626 4169 1654 4222 6
1680 4169 1738 4222 δὲ
1760 4172 1996 4239 γνωστὸς

2104 4185 2226 4225 cum
2263 4168 2577 4237 iuramento
2617 4171 2946 4234 negaverat;
2976 4161 3066 4217 hic
3097 4175 3228 4217 vero
3266 4173 3332 4212 eo
3362 4155 3506 4227 quod
3535 4155 3684 4208 Pon-

418 4249 497 4304 ὢν
535 4249 615 4320 τῷ
647 4249 900 4323 ἀρχιερεῖ
934 4253 1054 4306 κατ’
1079 4253 1239 4308 οὐδὲν
1283 4255 1601 4315 ὲδεδίττετο.
1649 4259 1878 4327 Τούτοις
1905 4260 1996 4320 οὖν

2105 4263 2237 4319 tillci
2286 4270 2447 4318 notus
2490 4267 2630 4322 erat,
2665 4256 2800 4311 nihil
2837 4256 3149 4310 verebatur.
3184 4249 3299 4306 Huc
3345 4250 3510 4320 igitur
3552 4260 3688 4301 ιιιωο

418 4341 671 4410 ἀλύουσι,
703 4343 801 4398 καὶ
845 4345 1340 4416 πεφροντισμένως
1379 4353 1751 4422 περιτυχοῦσά
1787 4364 1956 4426 φησιν
1979 4373 1996 4391 ο

2105 4366 2287 4413 rentes
2324 4346 2379 4408 et
2412 4351 2675 4408 sollicitos
2704 4364 2828 4404 cum
2859 4343 3197 4409 offendisset,
3230 4345 3339 4396 ait:
3377 4359 3394 4393 ι
3422 4339 3687 4395 Tuleatmt

423 4453 444 4486 ι
485 4429 672 4506 Ἦραν
693 4435 786 4488 τὸν
823 4436 1026 4508 Κύριον
1072 4439 1138 4492 ἐκ
1175 4438 1268 4492 τοῦ
1301 4440 1595 4511 μνημείου.
1633 4461 1652 4495 ι
1699 4445 1861 4516 ᾯετο
1889 4449 1996 4524 γὰρ

2107 4450 2392 4506 Dominum
2426 4445 2491 4501 de
2531 4449 2908 4498 monumento.
2961 4458 2980 4492 ι
3028 4435 3392 4493 Existimabat
3425 4433 3566 4488 cnim
3615 4447 3682 4486 ex

417 4526 484 4579 ἐκ
512 4526 838 4594 γυναικείας
868 4527 1178 4595 ἀσθενείας,
1221 4529 1299 4592 ὡς
1345 4529 1544 4598 ἔοικεν,
1575 4534 1680 4588 ὑπὸ
1700 4514 1795 4589 τοῦ
1829 4514 1996 4610 μετά.

2109 4542 2360 4601 muliebri
2405 4537 2796 4602 imbecillitate,
2825 4546 2881 4591 ut
2922 4535 3159 4600 videtur,
3209 4550 3236 4585 ιι
3279 4531 3534 4601 qquiam
3569 4528 3687 4597 (5i)

419 4618 784 4689 κουφισθῆναι
840 4621 944 4673 τὸν
979 4619 1205 4692 Κύριον.
1269 4620 1410 4676 Ἀλλ’
1440 4623 1490 4676 οί
1541 4625 1786 4698 μαθηταὶ
1843 4630 1996 4702 ὄντες

2113 4637 2398 4693 l‘ominutn
2431 4640 2678 4687 avectum
2713 4629 2841 4684 inde
2888 4627 3097 4683 fuisse:
3141 4623 3389 4695 discipuli
3427 4639 3557 4675 vero
3587 4621 3683 4672 lir—

421 4708 666 4781 ἑδραιοτέ
678 4727 771 4782 ρου
801 4713 1173 4784 φρονήματος,
1213 4712 1310 4766 καὶ
1339 4714 1407 4768 τὰ
1452 4713 1581 4770 ὄντα
1613 4719 1996 4782 ὑποτοπάσαν-

2111 4729 2283 4784 miore
2307 4740 2469 4782 sensu
2504 4738 2627 4779 cum
2676 4729 2882 4785 essent,
2917 4718 3258 4788 suspicantes
3290 4715 3364 4780 id,
3407 4713 3547 4782 quod
3598 4727 3683 4765 res

489 4853 585 4908 '"l
620 4835 764 4910 Petr.
799 4871 860 4921 tt,
895 4855 948 4909 7.
1023 4856 1070 4888 ⁷⁸
1097 4853 1290 4912 Matth.
1331 4873 1446 4923 im,
1494 4857 1585 4911 42.
1662 4860 1708 4894 ⁷⁸
1747 4860 1887 4918 Gen.
1915 4881 2110 4933 xxvut,
2151 4865 2240 4920 12.
2314 4864 2358 4898 ’⁷
2392 4863 2565 4919 lCor.
2591 4877 2664 4928 tv,
2700 4861 2756 4915 ι.
2832 4860 2878 4892 ⁷⁸
2909 4859 3044 4912 Dan.
3074 4872 3138 4915 ιι.
3170 4853 3263 4908 45.

1655 4995 1982 5062 Francisci
2012 5000 2219 5064 Scorsi
2257 5005 2444 5062 notas.

2103 5139 2263 5178 sensu
2295 5140 2308 5178 :
2340 5121 2597 5192 supponit
2626 5118 2770 5173 cnim
2800 5130 3019 5172 sensum
3050 5112 3336 5192 litteralem
3373 5125 3466 5166 seu
3515 5113 3685 5192 nisto-

2103 5184 2468 5263 ricum,_qnod
2501 5192 2612 5263 ipse
2644 5199 2830 5242 auctor
2855 5186 3193 5263 ρξίηιιιοιιιιίι,
3223 5194 3274 5238 ct
3300 5201 3329 5237 ιι
3359 5199 3484 5238 voce
3510 5184 3682 5263 ὴρμέο

2103 5281 2194 5316 νον
2214 5273 2268 5317 et
2299 5256 2464 5334 ἦραν,
2486 5256 2683 5334 quibus
2714 5274 2840 5313 usus
2871 5257 2929 5310 S.
2958 5256 3216 5334 Joannes,
3247 5269 3362 5334 quae
3391 5265 3446 5334 et
3472 5257 3682 5334 tollere,

2103 5335 2217 5387 sive
2252 5323 2466 5388 elevare
2503 5323 2568 5384 'in
2605 5329 2797 5390 altum,
2834 5338 2887 5380 et
2921 5327 3241 5381 submovere
3273 5323 3540 5392 signiﬁcat
3571 5323 3685 5375 sive

2103 5402 2354 5457 Latinum
2405 5401 2569 5465 tullo;
2631 5412 2845 5452 sensum
2893 5397 3130 5451 extrahit
3179 5395 3338 5450 alium
3396 5394 3684 5465 mysticum

2103 5488 2252 5528 more
2279 5487 2396 5526 suo.
2433 5463 2567 5524 Vide
2596 5472 2660 5524 de
2689 5483 2820 5522 voce
2847 5467 3032 5530 ἁπλῶς
3065 5467 3209 5522 hom.
3243 5465 3329 5528 '12,
3365 5478 3422 5518 n.
3456 5463 3543 5520 18.

2175 5543 2286 5614 (51)
2334 5541 2691 5614 A_quopium._
2715 5537 2772 5591 lu
3008 5537 3236 5614 iiabctur
3280 5535 3388 5614 ἀιπρ
3412 5533 3503 5585 τοῦ
3535 5531 3683 5614 nullo

2101 5604 2288 5677 senisu,
2316 5612 2407 5666 sed
2423 5604 2490 5664 ἰιι
2515 5604 2766 5678 margine
2795 5608 2987 5664 Gallic.
3018 5609 3154 5678 bene
3180 5605 3533 5678 emendatum
3573 5604 3686 5656 ἀπό

2100 5701 2215 5746 του,
2243 5672 2298 5736 ut
2335 5683 2402 5734 sit
2431 5698 2524 5735 του
2555 5672 2861 5735 encliticum
2893 5695 2989 5746 pro
3009 5676 3152 5740 τινός
3186 5677 3382 5742 Attice,
3416 5689 3476 5730 ea
3510 5672 3681 5729 forma

2101 5770 2203 5822 qua
2234 5754 2392 5808 iidem
2426 5751 2586 5807 Attici
2622 5752 2808 5808 dicunt
2841 5753 2891 5805 εἴ
2919 5768 3016 5821 τῳ,
3053 5752 3096 5804 si
3136 5749 3242 5804 cui.

415 5122 706 5192 pusculum
743 5120 1016 5177 communi
1056 5119 1416 5192 appellatione
1438 5191 1441 5192 γ
1463 5121 1692 5187 dixeris;
1726 5135 1848 5176 cum
1882 5140 2002 5180 cre-

415 5191 550 5262 pcra
592 5194 701 5256 lux,
759 5194 808 5245 id
847 5200 930 5246 est
963 5192 1143 5265 _dubia
1197 5191 1324 5265 (hoc
1361 5191 1503 5265 enim
1555 5201 1638 5246 est
1691 5194 1999 5265 crepusculi

417 5261 664 5332 etymon)
697 5267 839 5317 inter
869 5261 1116 5316 umbram
1163 5261 1357 5326 noctis,
1390 5269 1444 5316 et
1475 5262 1646 5316 lucem
1677 5261 2000 5324 exorientis.

417 5334 507 5388 vel
535 5334 831 5388 occidentis
857 5333 1006 5387 solis.

495 5403 607 5474 (99)
644 5404 685 5457 Τ
689 5395 887 5457 enewa
918 5419 1056 5474 pero.
1094 5401 1361 5474 Eamdem
1402 5402 1722 5456 sententiam
1747 5404 2001 5474 Amystiee

424 5463 612 5528 elicuit
647 5481 868 5527 sanctus
913 5473 1103 5544 Petrus
1133 5471 1384 5544 Cbrysol.
1449 5487 1612 5544 serui.
1644 5475 1708 5526 de
1740 5463 1950 5544 past/ia
1980 5488 2000 5526 :

419 5545 744 5610 Iicsurgente
798 5544 1008 5598 Christo
1061 5541 1313 5612 ﬁdelibus
1358 5541 1570 5596 lucescit
1622 5558 1822 5612 vesper.
1881 5543 1999 5598 Dies

417 5615 725 5682 inﬁdelibus
782 5615 1084 5667 tcuebrcscit
1125 5624 1144 5666 .‘
1183 5611 1455 5682 discipulis
1507 5628 1610 5664 n01
1658 5611 1898 5666 mutatur
1943 5616 2000 5666 in

414 5688 580 5738 diem.
641 5683 846 5738 Iuda-is
905 5687 1015 5737 dies
1080 5685 1336 5744 vertitur,
1401 5690 1451 5734 et
1507 5690 1750 5735 mutatur
1801 5685 1852 5737 in
1908 5703 2000 5737 no-

416 5767 551 5809 etem
571 5795 587 5816 ,
623 5765 728 5810 etc.

492 5825 609 5898 (50)
644 5825 968 5897 Simpliciter
990 5822 1401 5897 loqui/Aeliin,
1424 5839 1529 5880 uno
1561 5823 1744 5892 modo,
1769 5823 1851 5882 vel
1893 5840 2000 5879 uno
