4018 6206
373 347 481 410 663

1569 344 2059 404 THEOPHANIS
2096 344 2435 403 CERXMEI

3520 339 3636 425 art

372 474 522 519 erat:
561 476 578 510 ι
612 456 896 516 Exierunt,
931 451 1123 520 inquit,
1150 459 1204 506 et
1229 461 1491 506 venerunt
1521 460 1588 508 ait
1623 468 1942 506 monumen-

2055 469 2158 514 τες,
2194 472 2214 504 ι
2248 453 2528 522 Ἐξῆλθον,
2550 456 2708 521 φησι,
2733 453 2828 506 καὶ
2855 453 3086 523 ἤρχοντο
3113 452 3192 514 είς
3221 448 3282 503 τὸ
3305 452 3630 520 μνημεῖον.»

375 565 510 609 tum.
547 569 565 602 ι
607 548 756 604 Unde
806 545 1090 600 exierunt?
1122 544 1204 598 Ah
1248 560 1308 595 ea
1358 543 1616 598 nimirum
1667 544 1944 614 opinione,

373 646 515 717 quod
547 643 804 698 Dominus
834 639 1132 694 etiamnum
1172 648 1319 692 esset
1349 638 1403 690 in
1441 653 1669 691 numero
1707 649 1947 691 mortuo-

373 754 524 792 rum:
553 745 609 790 et
659 750 725 788 ex
767 732 1046 802 inopinato
1094 732 1284 785 nuntio
1332 732 1486 785 bona:
1530 731 1643 796 Spei
1688 730 1832 798 pleni
1879 729 1944 783 ad

2049 542 2220 595 Πόθεν
2249 543 2506 612 ἐξῆλθον;
2548 543 2684 596 Ἀπὸ
2707 541 2804 595 τοῦ
2835 543 3038 596 οῐεσθαι
3061 540 3256 610 νεκρὸν
3273 538 3356 592 ἐτι
3377 535 3518 592 εἶναι
3540 541 3636 594 τὸν

2051 635 2277 706 Κύριον,
2317 639 2412 690 καὶ⁹
2452 637 2532 705 τῷ
2560 635 2854 706 παραδόξῳ
2896 635 2994 704 τῆς
3030 633 3298 702 ἀγγελίας
3341 634 3636 700 γεγονότες

2051 730 2240 798 μεστοὶ
2278 729 2509 781 ἐλπίδων
2546 727 2822 799 χρηστῶν,
2859 727 3240 796 ἐπιτεταμένῳ
3264 727 3454 796 δρόμῳ
3491 726 3632 794 πρὸς

370 829 676 900 sepulcrum
737 826 962 879 incitato
1019 839 1182 878 cursu
1249 831 1628 892 properarunt.
1677 822 1947 892 Currebat

2055 820 2139 874 τὸν
2168 821 2338 889 τάφον
2377 819 2671 889 ἠπείγοντο
2702 837 2718 854 ·
2751 815 2820 891 ἦν
2854 819 2911 873 δὲ
2942 819 2971 870 6
3001 817 3096 872 τοῦ
3145 819 3396 872 Ἰωάννου
3424 817 3631 888 δρόμος

370 931 550 976 autem
579 918 817 974 Joannes
859 916 1171 987 pernicins,
1209 917 1354 969 unde
1395 915 1616 978 factum,
1650 925 1708 968 ut
1739 915 1947 983 primus

2055 912 2324 983 ὀξύτερος,
2365 913 2444 967 διδ
2487 913 2582 966 καὶ
2615 912 2835 983 πρῶτος
2866 912 2952 975 είς
2985 910 3079 964 τὸν
3111 910 3286 979 τάφον
3317 910 3633 979 ἐφίσταται,

371 1011 680 1082 perveniret
709 1009 774 1062 ad
820 1006 1528 1076 monumentum,quamvis
1572 1005 1826 1060 laudabili
1864 1021 1948 1060 re-

369 1106 610 1160 verentia
637 1103 916 1165 detentus,
943 1115 1046 1154 non
1078 1101 1225 1167 prius
1252 1100 1482 1167 sepulcri
1505 1098 1763 1153 interiora
1788 1114 1945 1153 scru-

373 1207 540 1256 tatur.
578 1197 782 1264 primas
813 1194 1021 1248 scilicet
1048 1192 1300 1247 deferens
1332 1193 1718 1261 prazstantiori.

449 1309 468 1342 ι
511 1288 818 1344 Currebant
852 1296 1033 1340 autem
1066 1288 1172 1339 duo
1218 1284 1416 1350 simul;
1456 1292 1512 1339 et
1543 1285 1632 1338 ille
1667 1285 1804 1338 alius
1835 1285 1948 1337 dis-

369 1379 582 1450 cipulus
633 1375 986 1447 praecucurrit
1037 1374 1195 1428 citius
1245 1373 1422 1426 Petro.
1491 1389 1510 1423 ι
1560 1371 1658 1425 llic
1709 1371 1943 1426 dubitari

367 1486 532 1541 posse
564 1467 778 1522 videtur
809 1465 1082 1535 quomodo
1123 1464 1166 1517 si
1214 1463 1351 1517 alius
1389 1462 1688 1530 discipulus
1738 1477 1947 1531 praecu-

371 1564 543 1617 currit
565 1560 724 1616 simul
759 1557 1074 1613 cucurrisse
1135 1555 1415 1621 licantur;
1450 1553 1616 1608 dictio
1649 1553 1794 1608 enim
1829 1553 1942 1618 illa,

370 1654 550 1717 sintut,
577 1653 790 1706 videtur
816 1665 1012 1713 cursus
1046 1648 1406 1717 :cqualitatem
1439 1647 1744 1702 ostendere.
1773 1646 1946 1701 Simul

369 1747 585 1812 quidem
611 1743 777 1797 animi
812 1739 1238 1812 promptitudine
1259 1737 1415 1808 241
1442 1737 1730 1807 studioque
1757 1751 1946 1792 curre-

368 1839 521 1901 bant,
555 1838 648 1892 sed
682 1835 820 1890 alter
851 1833 1046 1902 pedum
1077 1831 1360 1884 velocitate
1391 1830 1742 1897 praecucurrit
1769 1846 1782 1882 :
1815 1843 1946 1884 con-

371 1931 650 2000 templatio
698 1927 988 1995 siquidem,
1024 1922 1180 1993 cujus
1225 1921 1463 1977 Joannes
1504 1931 1587 1976 est
1622 1921 1944 1991 symbolum,

367 2023 612 2078 velocior
643 2029 726 2075 est
769 2019 986 2073 actione
1042 2032 1203 2086 quant
1263 2015 1536 2086 significat
1586 2014 1798 2069 Petrus.
1851 2015 1946 2069 Illa

367 2117 512 2172 enim
539 2130 634 2183 per
663 2113 861 2167 mentis
892 2111 1127 2166 visiones
1159 2110 1268 2180 (52)
1311 2108 1524 2162 acutius
1544 2178 1546 2180 ν
1566 2122 1813 2171 cernens,
1853 2121 1946 2161 ve-

367 2208 586 2262 ritatem
651 2203 808 2274 longe
871 2201 1134 2257 discernit
1181 2199 1468 2254 subtilibus
1515 2199 1714 2252 mentis
1756 2212 1950 2254 conce-

367 2299 666 2370 ptionibus,
705 2295 940 2350 divinam
993 2291 1453 2363 pulchritudinem
1481 2291 1947 2360 circumspiciens,

369 2406 477 2446 non
514 2399 694 2444 tamen
726 2402 788 2444 ea
826 2387 986 2458 petiri
1021 2387 1140 2442 sine
1177 2385 1392 2439 actione
1431 2393 1629 2453 potest.
1666 2382 1790 2437 l-la2c
1819 2396 1948 2436 vero

368 2482 526 2553 prius
569 2479 785 2548 quidem
821 2493 848 2531 a
884 2475 1342 2546 contemplatione
1395 2476 1742 2537 manuducta,
1782 2472 1946 2528 multa

368 2588 532 2646 opera
577 2588 642 2628 ac
685 2571 867 2626 labore
915 2585 1036 2626 cum
1071 2569 1275 2625 dilecto
1328 2568 1696 2636 coniungitur,
1738 2576 1792 2623 et
1818 2582 1950 2624 con-

368 2663 703 2734 templationi
761 2660 964 2734 gradus
1002 2660 1254 2724 ellicitur,
1299 2674 1461 2728 quam
1507 2658 1575 2713 ab
1607 2657 1696 2712 illa
1739 2658 1952 2726 accepit

368 2757 612 2813 referens
643 2755 895 2827 gratiam.
927 2753 1004 2808 Ita
1055 2753 1218 2808 etiam
1265 2750 1541 2806 Passionis
1581 2759 1824 2815 tempore
1856 2764 1950 2818 per

369 2848 632 2904 Joannem
667 2845 1036 2901 introducitur
1081 2845 1277 2898 Petrus
1305 2844 1356 2896 in
1382 2844 1607 2896 atrium.
1637 2839 1771 2897 Cum
1806 2840 1949 2895 enim

375 2960 394 2992 σ
431 2949 591 2994 notus
625 2945 771 2992 esset
805 2934 1070 3005 pontifici,
1108 2935 1353 2988 introivit
1401 2948 1523 2987 cum
1552 2931 1705 2996 Jesu,
1736 2941 1791 2986 et
1820 2931 1953 2986 dixit

367 3029 626 3092 ostiarite,
666 3035 720 3081 et
751 3025 1047 3081 introduxit
1091 3024 1386 3078 Petrum".
1417 3043 1435 3074 ι
1491 3023 1600 3078 Sed
1644 3037 1751 3092 quo
1793 3029 1953 3092 pacto

2051 1008 2158 1061 κᾶν
2192 1007 2257 1059 δι’
2286 1005 2693 1076 ἐπαινουμένην
2726 1004 3104 1059 εὐλάϐειανςοῦ
3134 1002 3354 1074 πρῶτος
3383 1002 3453 1056 τὰ
3477 1001 3634 1055 ἔνδον

2051 1097 2510 1170 περιεργάζηται,
2563 1096 2643 1166 τῷ
2697 1095 2980 1168 προκρίτῳ
3008 1094 3080 1148 τὰ
3128 1095 3375 1164 πρωτεῖα
3443 1109 3631 1163 παρει-

2051 1192 2266 1262 χωρῶν.

2126 1305 2146 1336 σ
2187 1287 2453 1356 Ἐτρεχον
2475 1285 2532 1337 δὲ
2561 1285 2611 1337 oi
2638 1283 2734 1338 δύο
2761 1283 2899 1353 ὁμοῦ
2929 1298 2944 1312 ·
2991 1283 3086 1336 καὶ
3117 1284 3146 1335 6
3178 1281 3342 1343 ἄλλος
3376 1279 3637 1350 μαθητὴς

2051 1379 2366 1449 προέδραμε
2393 1377 2583 1448 τάχιον
2612 1375 2709 1432 τοῦ
2754 1376 2990 1446 Πέτρου.
3029 1395 3048 1426 ι
3102 1372 3374 1429 Ἐνταῦθα
3420 1374 3636 1443 προσή-

2052 1485 2139 1521 κει
2169 1467 2527 1538 διαπορῆσαι,
2561 1466 2611 1518 εί
2641 1468 2670 1518 6
2705 1465 2964 1536 μαθητὴς
3012 1466 3042 1518 6
3087 1463 3247 1527 ἄλλος
3290 1461 3633 1532 προέδραμε.

2051 1560 2167 1624 πῶς
2216 1559 2354 1628 ὁμοῦ
2405 1558 2623 1629 τρέχειν
2671 1557 2920 1625 λέγονται
2955 1571 2971 1586 '
3025 1559 3059 1628 ὴ
3115 1557 3224 1626 γὰρ
3279 1554 3430 1624 ὁμοῦ
3487 1553 3638 1618 λέξις

2053 1653 2205 1706 δοκεῖ
2232 1651 2294 1705 τὸ
2327 1652 2430 1720 τῆς
2467 1651 2696 1722 πορείας
2737 1651 2853 1704 ἴσον
2887 1649 3111 1719 δηλοῦν.
3153 1648 3322 1719 Ὁμοῦ
3353 1646 3454 1717 μὲν
3477 1646 3640 1716 ἐτρε-

1986 1793 2032 1849 n
2056 1761 2150 1816 χον
2178 1745 2245 1814 τῇ
2275 1742 2558 1814 προθυμίᾳ
2581 1782 2596 1805 ,
2627 1742 2722 1797 καὶ⁵
2750 1745 2818 1814 τῇ
2865 1741 3099 1812 σπουδῇ,
3145 1739 3463 1849 προέδραμε
3502 1737 3560 1790 δὲ
3609 1739 3640 1791 ὀ

2055 1836 2246 1906 ἕτερος
2293 1836 2408 1896 τοῖς
2457 1835 2618 1888 ποσίν
2644 1851 2660 1866 ο
2692 1835 2726 1891 ἡ
2772 1834 2883 1904 γὰρ
2913 1833 3144 1904 θεωρία,
3178 1827 3248 1904 ἧς
3281 1831 3556 1901 σύμϐολον
3607 1829 3640 1881 6

2070 1928 2351 1997 Ἰωάννης,
2391 1928 2544 1982 ἐστὶν
2607 1927 3001 1999 ὁξυωπεστέρα
3026 1927 3124 1995 τῆς
3154 1923 3434 1994 πράξεως,
3488 1925 3557 1994 ἥν
3610 1924 3641 1977 6

2056 2024 2264 2094 Πέτρος
2296 2023 2619 2078 αἰνίττεται.
2663 2024 2729 2077 Ἦ
2764 2025 2864 2093 μὲν
2891 2024 3003 2092 γὰρ
3029 2024 3152 2085 ταῖς
3181 2020 3276 2074 τοῦ
3305 2019 3398 2073 νοῦ
3427 2036 3639 2087 φαντα-

2055 2116 2200 2179 σίαις
2231 2113 2578 2182 ὀξυωποῦσα,
2612 2115 2892 2187 μακρόθεν
2929 2116 3214 2184 ἐπαφᾶται
3241 2115 3339 2183 τῆς
3369 2111 3642 2182 ἀληθείας

2058 2209 2271 2278 ἰσχναῖς
2305 2207 2542 2271 ἐννοίαις
2570 2207 2633 2261 τὸ
2667 2207 2814 2262 θεῖον
2865 2207 3064 2271 κάλλος
3113 2203 3515 2278 περιαθροῦσα.
3573 2203 3639 2256 οὐ

2057 2296 2241 2365 μέντοι
2279 2296 2372 2350 καὶ
2409 2299 2702 2366 μετασχεῖν
2733 2297 3010 2366 δυναμένη
3054 2296 3184 2351 ἄνευ
3227 2296 3327 2366 τῆς
3355 2293 3640 2364 πράξεως.

2067 2385 2205 2440 Ἡδὲ
2225 2384 2445 2456 πρῶτον
2474 2387 2575 2456 μὲν
2597 2386 2704 2440 ὑπὸ
2722 2387 2820 2456 τῆς
2847 2386 3080 2456 θεωρίας
3109 2400 3457 2456 χειραγωγου
3467 2383 3634 2453 μένην

2055 2478 2204 2549 πόνῳ
2251 2478 2347 2532 καὶ
2394 2479 2630 2549 καμάτῳ
2674 2478 2858 2548 πολλῷ
2900 2478 2979 2549 τῷ
3010 2477 3333 2548 ποθουμένῳ
3367 2479 3644 2530 συνάπτε-

2053 2588 2166 2638 ται,
2195 2571 2292 2624 καὶ
2332 2571 2431 2640 τῆς
2478 2571 2711 2643 θεωρίας
2767 2571 3026 2632 ἐπίδοσις
3069 2571 3284 2638 γίνεται
3309 2584 3325 2601 ο
3355 2570 3423 2642 ἠν
3474 2569 3642 2622 ἔλαϐε

2055 2661 2187 2733 παρ’
2218 2663 2435 2735 ἐκείνης
2482 2664 2647 2734 χάριν
2697 2664 3170 2736 ἁντιπαρέχουσα.
3212 2662 3374 2717 Οὕτω
3407 2663 3511 2718 κάν
3555 2662 3642 2732 τῷ

2055 2756 2233 2829 καιρῷ
2263 2757 2358 2810 τοῦ
2387 2756 2604 2820 Πάθους
2636 2757 2728 2812 διὰ
2748 2757 2844 2810 τοῦ
2889 2757 3139 2812 Ἰωάννου
3168 2757 3250 2820 εἰς
3273 2755 3374 2824 τὴν
3409 2755 3581 2825 αὐλὴν
3607 2755 3640 2807 6

2056 2846 2267 2916 Πέτρος
2297 2847 2578 2916 εἰσάγεται
2600 2865 2613 2880 ο
2653 2867 2672 2900 ι
2708 2849 2808 2902 Ὧν
2846 2849 2955 2918 γὰρ
2985 2848 3227 2916 γνωστὸς
3257 2848 3337 2918 τῷ
3358 2849 3638 2917 ἀρχιερεῖ,

2058 2940 2379 3010 συνεισῆλθε
2408 2941 2487 3011 τῷ
2513 2941 2692 3011 Ἰησοῦ
2715 2979 2732 3004 ,
2768 2944 2863 2996 καὶ
2901 2943 2968 3012 τῇ
3001 2940 3240 3011 θυρωρῷ
3271 2935 3396 2994 εἶπε
3427 2939 3637 3009 θυραυ-

2055 3032 2254 3086 λοῦντα
2269 3031 2358 3087 τὸν
2376 3033 2586 3104 Πέτρον
2608 3035 2944 3102 εἰσαγαγεῖν.
2960 3051 2982 3084 ι
3000 3032 3166 3085 Ἀλλὰ
3187 3031 3307 3096 πῶς
3324 3032 3354 3084 6
3376 3031 3637 3101 Ἰωάννης

365 3119 610 3176 Joannes
653 3130 818 3174 nouis
859 3131 982 3172 esse
1009 3117 1221 3187 .Christi
1272 3116 1494 3170 inimico
1531 3125 1585 3170 et
1645 3114 1947 3171 accusatori

2056 3123 2337 3194 γνώριμος
2357 3119 2497 3178 εῖναι
2523 3123 2746 3193 λέγεται
2774 3123 2854 3194 τῷ
2884 3122 3070 3194 ἐχθρῷ
3097 3124 3191 3176 καὶ
3215 3123 3512 3198 κατηγόρῳ
3534 3121 3634 3174 τοῦ

369 3209 872 3267 dicituriNimirum
898 3206 1374 3277 contemplationis
1398 3207 1662 3271 studioso,
1679 3221 1797 3276 qua:
1820 3216 1946 3263 sunt

368 3304 601 3361 invicem
638 3303 911 3360 contraria
950 3302 1060 3374 ('53)
1089 3308 1514 3372 cognoscuntur.
1546 3300 1765 3372 Alioqui
1807 3315 1945 3371 quo-

443 3444 489 3476 "
513 3441 674 3498 Joan.
706 3455 860 3505 xvm,
904 3437 992 3493 16.

2057 3207 2277 3279 Ἰησοῦς
2319 3210 2541 3281 Ἐπειδὴ
2576 3211 2654 3284 τῷ
2703 3211 3026 3282 θεωρητικῷ
3066 3213 3134 3274 τ’,
3166 3213 3422 3284 ἀλλήλοις
3479 3212 3637 3265 ἀντι·

2059 3303 2294 3375 κείμενα
2343 3306 2622 3378 γνώριμα.
2662 3308 2732 3361 Ἦ
2789 3305 2906 3372 πῶς
2934 3305 3168 3361 εἰσέλθοι
3200 3307 3279 3370 είς
3308 3304 3412 3376 τὴν
3434 3302 3633 3374 αὐλὴν,

1604 3537 1927 3600 Francisei
1957 3540 2168 3602 Scorsi
2204 3548 2389 3603 noue.

445 3694 558 3764 (ὖὲ)
593 3694 701 3748 illa
729 3692 861 3764 enim
898 3708 990 3764 per
1030 3692 1214 3764 tuentis
1247 3691 1491 3764 visiones.
1529 3690 1956 3764 Similistroppg

374 3759 513 3837 logia
541 3759 680 3837 sup.
728 3763 872 3837 hom.
900 3759 996 3824 '25,
1045 3761 1112 3837 de
1144 3759 1462 3837 ‘Magdalena
1515 3772 1573 3837 et_
1591 3761 1952 3837 _Martha.__lbi

372 3829 515 3891 enim
553 3853 566 3890 :
598 3835 678 3902 Τῇ
736 3832 846 3900 γὰρ
917 3829 1259 3902 προσκλήσει
1312 3832 1439 3902 τῆς,
1466 3829 1718 3902 πράξεως
1786 3830 1953 3902 ὀξέως

373 3923 404 3974 η
435 3899 992 3976 θεωρίαδεεγείρεται
1017 3901 1351 3976 ευρίσκουσα
1382 3899 1615 3976 ἐξω-τῆς
1642 3899 1835 3976 κώμης
1861 3900 1952 3976 τὸν

374 3969 606 4047 Κύριον.
639 3974 942 4047 Advocante
985 3969 1121 4024 enim
1167 3972 1370 4047 actione
1401 3969 1580 4039 (cujus
1611 3981 1702 4047 est
1740 3969 1951 4047 Martha

373 4040 702 4118 sytiiliolum)
760 4043 1024 4118 ea'cilatur
1049 4050 1096 4094 et
1127 4042 1334 4118 acuitur
1363 4042 1731 4104 contemplatio
1777 4040 1953 4118 (cujus

373 4110 456 4170 est
486 4113 818 4183 Magdalena)
850 4112 1112 4183 inveniens
1148 4111 1424 4183 Dominum
1468 4121 1615 4183 extra
1651 4110 1948 4183 castellani.

376 4188 440 4241 Et
465 4185 550 4240 hic
571 4173 737 4238 ctiam
759 4173 854 4235 3Ἰί
886 4183 995 4250 γὰρ
1013 4175 1328 4251 θεωρία,ἦς
1353 4179 1622 4251 σύμϐολον
1647 4179 1675 4231 6
1696 4173 1951 4251 ’1ωάννής

373 4257 544 4319 ἐστὶν,
576 4249 1088 4320 ὀξυωπεστέραίτῆς
1118 4249 1390 4321 πράξεως,
1420 4251 1491 4321 ἢν
1501 4250 1529 4302 6
1548 4252 1752 4319 Πέτρος
1783 4249 1951 4302 ulvis-

373 4343 547 4379 τεται.
574 4319 959 4389 Contemplatio
984 4321 1262 4387 siquidem,
1287 4319 1690 4391 cujus'Joannes
1714 4331 1787 4391 est
1812 4336 1951 4391 sym-

376 4394 572 4454 bolum,
604 4388 828 4446 velocior
874 4399 950 4443 est
982 4392 1206 4451 actione,
1240 4407 1394 4458 quant
1438 4390 1697 4460 signiﬁcat
1737 4388 1950 4445 Petrus.

375 4463 486 4585 illa
531 4464 666 4585 €88"
715 4478 806 4530 per
845 4461 1032 4512 mentis
1081 4461 1324 4526 risiones,
1371 4459 1499 4512 etc.’
1530 4459 1658 4513 Vide
1694 4469 1950 4528 praeterea

415 4547 522 4585 0m.
640 4575 650 4584 .

378 4535 522 4587 hovn.
562 4533 650 4586 60.

451 4604 561 4673 (35)
595 4604 724 4668 Quae
753 4609 876 4652 sunt
909 4599 1123 4673 invirent
1153 4599 1444 4652 contraria.
1469 4599 1949 4673 contemplatioiiis

375 4669 619 4728 studioso
643 4687 704 4726 ea
729 4686 850 4739 qua:
875 4678 995 4721 sunt
1024 4669 1250 4721 invicem
1289 4671 1558 4739 contraria
1596 4671 1806 4736 cognita
1830 4685 1951 4725 esse

376 4744 506 4797 dicit
549 4743 635 4796 hic
667 4738 887 4804 auctor;
920 4739 1059 4803 quod
1087 4752 1244 4808 quam
1277 4748 1423 4791 recte
1453 4738 1652 4791 dictum
1687 4740 1756 4792 sit
1788 4740 1951 4808 pluri—

377 4814 476 4868 bus
510 4813 924 4867 mntcleandutn.
958 4807 1238 4862 COnti-aria
1279 4815 1434 4860 vocat
1467 4820 1745 4877 externam
1780 4810 1951 4877 philo-

375 4885 643 4951 sophiam,
681 4885 782 4937 hoc
825 4890 908 4933 est
946 4895 1063 4932 eam
1098 4892 1216 4951 qua:
1246 4877 1591 4951 ab‘ethnicis,
1624 4876 1825 4951 Grmcis
1857 4895 1953 4948 po-

376 4946 642 5007 tissintttiii
677 4951 872 5005 tradita
904 4959 1017 5014 est;
1053 4959 1105 5002 et
1134 4946 1521 5011 Christianam,
1548 4962 1667 5000 eain
1698 4946 1950 5004 nimirum

376 5037 498 5092 quae
528 5037 652 5077 cum
682 5022 784 5092 [ide
810 5021 1119 5092 conjuncta,
1146 5027 1200 5071 et
1227 5032 1322 5086 per
1353 5016 1510 5070 [idem
1541 5028 1784 5092 accepta.
1811 5019 1955 5092 Con-

378 5087 546 5146 traria
576 5105 701 5146 vero
749 5091 874 5144 huic
913 5087 1024 5143 dici
1074 5098 1249 5156 potest
1288 5096 1508 5140 externa
1541 5087 1652 5152 illa,
1681 5103 1783 5142 non
1817 5091 1870 5142 in
1897 5105 1954 5145 se

377 5164 718 5217 considerata
746 5169 1015 5228 quatenus
1040 5167 1122 5212 est
1152 5157 1394 5223 quatdant
1423 5157 1659 5228 cognitio
1688 5160 1953 5224 veritatis,

373 5235 448 5286 sic
476 5233 616 5286 enim
660 5227 826 5284 omnis
861 5229 1123 5296 sapientia
1152 5245 1182 5281 a
1213 5228 1434 5280 Domino
1466 5227 1571 5281 Deo
1605 5240 1714 5292 est;
1755 5240 1804 5282 et
1837 5247 1954 5282 cum

375 5304 469 5379 illa
495 5302 608 5379 [uit
626 5316 848 5371 semper,
875 5297 1376 5379 uthIcclesiast'ieus
1401 5300 1544 5368 (cap.
1575 5300 1615 5379 ι)
1674 5300 1832 5379 dicit,
1861 5301 1955 5354 scd

375 5368 744 5437 alia'ratione,
775 5381 828 5424 et
858 5369 1074 5438 quidem
1115 5368 1336 5438 triplici,
1368 5368 1644 5438 contraria
1677 5370 1957 5423 existinm-

375 5452 481 5497 tur.
533 5436 773 5497 Primum
806 5436 1014 5495 ratione
1047 5437 1296 5506 subjecti,
1343 5436 1710 5506 φιλοσοφικῶς
1755 5440 1954 5505 εἰπεῖν,

375 5515 501 5580 φηςι
549 5514 802 5567 nimirum
839 5525 901 5565 ea
951 5517 1159 5580 veteres
1204 5508 1508 5580 philosophi
1560 5523 1664 5580 non
1699 5522 1842 5563 recte
1873 5511 1955 5562 usi

377 5577 522 5652 sunt,
554 5584 644 5636 sed
674 5582 852 5652 potius
884 5577 1038 5634 abusi
1071 5579 1135 5652 ad
1165 5577 1474 5645 superbiam
1506 5579 1803 5652 etinanem
1838 5581 1956 5648 glo-

379 5651 516 5703 riam
543 5648 854 5718 capiéndam
879 5694 895 5718 ,
924 5659 975 5704 et
1006 5649 1128 5717 quia
1159 5662 1278 5700 Clllll
1309 5662 1402 5715 per
1423 5661 1540 5700 eam
1573 5648 1736 5702 Deum
1760 5664 1958 5716 cogno-

381 5722 585 5782 verint,
638 5721 933 5773 secundum
969 5733 1090 5772 eam
1130 5719 1486 5784 cognitionem
1534 5732 1641 5770 non
1685 5719 1952 5784 vixerunt,

384 5804 479 5846 nec
509 5789 642 5847 sicut
666 5788 855 5862 Deum,
873 5799 930 5846 ut
953 5803 1078 5846 cum
1095 5786 1261 5846 Paulo
1281 5785 1470 5857 loquar
1487 5788 1552 5843 ad
1569 5785 1754 5858 110111.,
1774 5803 1892 5860 cap.
1916 5804 1953 5860 t,

2059 3695 2480 3765 gloriﬁcaverunt
2516 3711 2534 3748 :
2568 3696 2657 3749 sed
2703 3695 2972 3749 ceritatem
3018 3695 3116 3748 Dei
3148 3696 3203 3747 in
3245 3695 3460 3764 justitia
3491 3696 3632 3748 deti-

2059 3764 2304 3834 nuerunt.
2340 3764 2612 3831 Secundo,
2644 3767 2916 3819 contraria
2953 3765 3056 3818 dici
3091 3774 3287 3833 potest.
3318 3766 3446 3834 quia
3464 3767 3635 3822 multa

2058 3833 2190 3888 falsa
2223 3848 2346 3889 cum
2382 3835 2524 3888 veris
2566 3835 2793 3888 admista
2844 3836 3156 3888 continebat
3217 3833 3347 3902 quze
3380 3850 3498 3892 eam
3537 3839 3632 3891 de-

2057 3905 2374 3974 pravabant,
2409 3913 2466 3957 ut
2498 3905 2640 3973 quod
2681 3903 2819 3957 Deus
2851 3914 2995 3957 esset
3043 3919 3207 3972 agens
3239 3906 3629 3968 necessarium,

2057 3973 2201 4040 Quod
2235 3975 2468 4029 mundus
2495 3975 2564 4028 ab
2590 3984 2813 4033 aaterno.
2861 3973 3002 4038 quod
3040 3975 3429 4040 providentiam
3475 3976 3633 4029 tolle-

2057 4045 2211 4100 bant.
2249 4043 2458 4110 Tertio,
2481 4046 2604 4114 quia
2635 4044 2726 4114 qui
2757 4044 3056 4114 philosophi
3088 4042 3356 4114 Evangelii
3393 4045 3633 4114 promul—

2056 4115 2289 4185 gationis
2328 4113 2568 4182 tempore
2615 4113 2888 4177 vivebant,
2930 4129 3033 4185 non
3071 4128 3189 4167 eam
3243 4113 3362 4185 ﬁdei
3411 4113 3630 4176 divinrc,

2056 4183 2115 4237 ut
2143 4199 2240 4252 par
2271 4192 2408 4248 erat,
2441 4185 2810 4252 subiecerunt,
2859 4183 2948 4237 sed
2992 4192 3311 4237 evanuerunt
3346 4183 3400 4236 in
3430 4185 3634 4252 cogita-

2057 4241 2285 4308 tionibus
2311 4241 2440 4317 suis,
2471 4264 2524 4309 et
2541 4241 2614 4309 'ea
2637 4269 2759 4324 quae
2790 4241 3242 4324 praedicabantur,
3267 4262 3326 4306 ut
3356 4252 3446 4324 Dei
3471 4241 3634 4309 Verbi

2059 4325 2516 4387 incarnationem.
2547 4322 2881 4387 Passionem,
2917 4322 3384 4376 Resurrectionem
3438 4323 3630 4392 ipsius,

2059 4405 2112 4447 et
2145 4395 2383 4447 omnium
2422 4394 2698 4448 hominum
2743 4404 2995 4462 tanquam
3043 4402 3228 4446 essent
3274 4393 3632 4456 incredibilia,

2061 4463 2396 4534 deridebant.
2447 4465 2518 4518 De
2561 4479 2664 4534 qua
2716 4465 2972 4530 sapientia
3005 4465 3080 4515 sic
3100 4463 3454 4534 considerata
3487 4463 3632 4534 idem

1989 4521 2280 4588 Dsanctus
2346 4533 2540 4589 Paulus
2579 4521 2800 4588 ’ροιιριιὶ
2877 4535 2992 4585 luco
3055 4531 3212 4586 alTert
3286 4532 3412 4583 uqu
3485 4532 3636 4585 Isaia:

2055 4619 2176 4672 cap.
2212 4619 2356 4667 xxxx,
2379 4619 2442 4658 ex
2476 4619 2616 4659 vers.
2653 4619 2753 4657 Lxx
2793 4620 2806 4656 :
2844 4603 3068 4656 Perdam
3085 4603 3396 4672 sgpiemiam
3425 4604 3637 4670 sapien-

2057 4667 2208 4734 tiu'm,
2237 4682 2284 4725 et
2315 4675 2650 4742 prudentiam
2687 4674 3020 4744 prudentium
3053 4667 3360 4744 improbabo,
3396 4667 3535 4736 quod
3555 4682 3635 4744 et,

2057 4746 2100 4798 si
2129 4746 2193 4794 ah
2221 4744 2355 4797 Isaia
2381 4744 2585 4797 dictum
2613 4742 3003 4798 de'Judzeoruni
3039 4742 3308 4811 praecipue
3340 4743 3633 4810 sapientia,

2057 4824 2114 4867 ut
2177 4812 2235 4866 D.
2296 4813 2650 4885 Hieronymus
2706 4813 2970 4885 exolicati,
3027 4823 3229 4885 Iainen_
3263 4812 3514 4865 universe
3566 4814 3636 4864 ad

2056 4899 2270 4937 onmem
2305 4881 2745 4952 philosophorum
2783 4884 3078 4936 doctrinam
3118 4881 3384 4952 prolatum
3434 4898 3552 4952 es“:
3605 4897 3635 4935 τι

2058 4954 2120 5006 D.
2157 4951 2319 5008 Paulo
2365 4951 2606 5008 sentiunt
2658 4955 2828 5006 nostri
2887 4954 3205 5018 interpretes
3251 4951 3533 5004 Cornelius
3584 4960 3640 5003 et

2056 5022 2398 5078 Jttstinianus
2434 5023 2484 5075 in
2521 5024 2666 5077 illuni
2704 5024 2874 5077 locum
2913 5022 2968 5074 S.
3001 5017 3168 5073 Pauli.
3207 5018 3391 5087 Itaque
3421 5017 3650 5087 sapienoj

2060 5095 2129 5147 tia
2181 5087 2621 5162 philosomiorum
2694 5093 3003 5162 humanitus
3077 5093 3342 5156 acquisita
3403 5093 3469 5162 de
3529 5094 3642 5143 lico

2061 5179 2350 5231 rerumque
2395 5160 2606 5226 natura,
2644 5163 2689 5216 si
2736 5178 2828 5230 per
2860 5177 2916 5215 se
2962 5160 3072 5229 ipsa
3107 5170 3401 5231 spectetur,
3431 5161 3632 5212 donum

2058 5245 2140 5288 est
2179 5233 2348 5303 ipsius
2385 5231 2497 5298 Dei,
2527 5234 2670 5303 quod
2710 5235 2848 5303 item
2900 5241 3086 5303 noster
3128 5230 3211 5282 hic
3261 5231 3481 5303 fatetur,
3511 5246 3634 5282 cum

2058 5302 2518 5373 catncptlococpia;
2544 5299 2649 5373 τῆς
2694 5301 2892 5373 ἔξωθεν
2930 5301 3090 5370 χάριν
3119 5299 3518 5373 appellet,_hoc
3555 5309 3641 5354 est

2058 5369 2286 5441 gratiam
2319 5369 2553 5428 externae
2588 5369 2961 5441 philosophiae,
2997 5386 3094 5424 nec
3125 5379 3300 5436 putest
3334 5369 3407 5421 illi
3429 5370 3641 5441 adver-

2059 5439 2166 5495 sari
2200 5459 2320 5495 cum
2353 5443 2441 5495 lux
2475 5445 2544 5498 sit
2581 5439 2648 5496 ab
2680 5443 2770 5496 illo
2819 5439 2968 5493 fonte
3008 5443 3075 5492 lm
3097 5443 3140 5493 is
3168 5441 3381 5491 liamta.
3415 5439 3641 5492 Contra-

2063 5515 2136 5564 t'ln
2170 5528 2296 5567 vero
2341 5513 2539 5568 dicitur
2578 5513 2750 5567 solum
2793 5511 2916 5578 quia
2966 5513 3017 5563 in
3063 5509 3372 5562 hominibus
3406 5525 3468 5561 ac
3516 5513 3637 5563 lidei

2062 5593 2260 5635 nostrae
2291 5583 2580 5638 contrariis
2606 5583 2833 5643 exstitit,
2871 5582 2949 5633 vel
2981 5595 3230 5648 perversa
3257 5593 3335 5632 c5t
3364 5579 3514 5633 falsis
3542 5586 3640 5632 «ιυ-

2062 5654 2279 5724 sinatis,
2311 5655 2470 5708 modo
2496 5653 2604 5724 jam
2639 5652 2908 5724 explicato

2135 5722 2242 5775 Sed
2270 5718 2553 5780 audiamus
2580 5722 2683 5779 SS.
2711 5718 2926 5782 Patres,
2948 5719 3042 5788 qui
3065 5719 3205 5773 hanc
3228 5718 3634 5773 distinctionem

2063 5802 2305 5849 nostram
2339 5793 2508 5865 magis
2544 5793 2816 5866 explicant
2861 5801 2915 5847 et
2951 5804 3048 5848 sua
3079 5788 3405 5847 auctoritate
3431 5793 3630 5847 contir-
