  <div class='ocr_page' id='page_1' title='image "/cluster/home/n/w/nwhite01/storage/ocr_20150623/132/hvd.32044073502361/383.png"; bbox 0 0 4018 6206; ppageno 0'>
   <div class='ocr_carea' id='block_1_1' title="bbox 353 333 459 406">
    <p class='ocr_par' dir='ltr' id='par_1_1' title="bbox 353 333 459 406">
     <span class='ocr_line' id='line_1_1' title="bbox 353 333 459 406; baseline 0.019 -2"><span class='ocrx_word' id='word_1_1' title='bbox 353 333 459 406; x_wconf 83' lang='lat'><strong>667</strong></span> 
     </span>
    </p>
   </div>
   <div class='ocr_carea' id='block_1_2' title="bbox 1560 340 2429 406">
    <p class='ocr_par' dir='ltr' id='par_1_2' title="bbox 1560 340 2429 406">
     <span class='ocr_line' id='line_1_2' title="bbox 1560 340 2429 406; baseline 0 -4"><span class='ocrx_word' id='word_1_2' title='bbox 1560 340 2053 406; x_wconf 75' lang='lat' dir='ltr'><strong>THEOPHANIS</strong></span> <span class='ocrx_word' id='word_1_3' title='bbox 2091 342 2429 404; x_wconf 73' lang='lat' dir='ltr'><strong>CERAMEI</strong></span> 
     </span>
    </p>
   </div>
   <div class='ocr_carea' id='block_1_3' title="bbox 3518 342 3629 405">
    <p class='ocr_par' dir='ltr' id='par_1_3' title="bbox 3518 342 3629 405">
     <span class='ocr_line' id='line_1_3' title="bbox 3518 342 3629 405; baseline 0 0"><span class='ocrx_word' id='word_1_4' title='bbox 3518 342 3629 405; x_wconf 57' lang='lat'><strong>6’8</strong></span> 
     </span>
    </p>
   </div>
   <div class='ocr_carea' id='block_1_4' title="bbox 351 449 1942 526">
    <p class='ocr_par' dir='ltr' id='par_1_4' title="bbox 351 449 1942 523">
     <span class='ocr_line' id='line_1_4' title="bbox 351 449 1942 523; baseline -0.001 -12"><span class='ocrx_word' id='word_1_5' title='bbox 351 461 476 511; x_wconf 88' lang='lat' dir='ltr'><strong>dem</strong></span> <span class='ocrx_word' id='word_1_6' title='bbox 519 452 721 509; x_wconf 84' lang='lat' dir='ltr'><strong>habere</strong></span> <span class='ocrx_word' id='word_1_7' title='bbox 762 460 1044 507; x_wconf 81' lang='lat' dir='ltr'><strong>externam</strong></span> <span class='ocrx_word' id='word_1_8' title='bbox 1091 449 1513 523; x_wconf 71' lang='lat' dir='ltr'><strong>philosophiam,</strong></span> <span class='ocrx_word' id='word_1_9' title='bbox 1560 456 1658 508; x_wconf 90' lang='lat' dir='ltr'><strong>sed</strong></span> <span class='ocrx_word' id='word_1_10' title='bbox 1707 455 1942 509; x_wconf 79' lang='lat' dir='ltr'><strong>amicum</strong></span> 
     </span>
    </p>
   </div>
   <div class='ocr_carea' id='block_1_5' title="bbox 2049 449 3630 526">
    <p class='ocr_par' dir='ltr' id='par_1_5' title="bbox 2051 449 3630 526">
     <span class='ocr_line' id='line_1_5' title="bbox 2051 449 3630 526; baseline 0.001 -19"><span class='ocrx_word' id='word_1_11' title='bbox 2051 454 2151 525; x_wconf 79' lang='grc' dir='ltr'>μὲν</span> <span class='ocrx_word' id='word_1_12' title='bbox 2204 449 2348 508; x_wconf 70' lang='grc' dir='ltr'>εἶναι</span> <span class='ocrx_word' id='word_1_13' title='bbox 2377 456 2445 526; x_wconf 67' lang='grc' dir='ltr'>τῇ</span> <span class='ocrx_word' id='word_1_14' title='bbox 2487 452 2780 524; x_wconf 71' lang='grc' dir='ltr'><strong>φιλοσοφίᾳ</strong></span> <span class='ocrx_word' id='word_1_15' title='bbox 2814 456 2880 524; x_wconf 78' lang='grc' dir='ltr'>τῇ</span> <span class='ocrx_word' id='word_1_16' title='bbox 2935 452 3201 524; x_wconf 73' lang='grc' dir='ltr'>θύραθεν,</span> <span class='ocrx_word' id='word_1_17' title='bbox 3253 452 3411 523; x_wconf 80' lang='grc' dir='ltr'>φῖλον</span> <span class='ocrx_word' id='word_1_18' title='bbox 3453 454 3511 507; x_wconf 80' lang='grc' dir='ltr'>δὲ</span> <span class='ocrx_word' id='word_1_19' title='bbox 3547 456 3630 526; x_wconf 85' lang='grc' dir='ltr'>τῷ</span> 
     </span>
    </p>
   </div>
   <div class='ocr_carea' id='block_1_6' title="bbox 342 541 1936 615">
    <p class='ocr_par' dir='ltr' id='par_1_6' title="bbox 342 541 1936 615">
     <span class='ocr_line' id='line_1_6' title="bbox 342 541 1936 615; baseline -0.003 -11"><span class='ocrx_word' id='word_1_20' title='bbox 342 562 475 605; x_wconf 77' lang='lat' dir='ltr'><strong>esse</strong></span> <span class='ocrx_word' id='word_1_21' title='bbox 506 546 672 602; x_wconf 88' lang='lat' dir='ltr'><strong>verbo</strong></span> <span class='ocrx_word' id='word_1_22' title='bbox 720 544 992 598; x_wconf 84' lang='lat' dir='ltr'><strong>veritatis.</strong></span> <span class='ocrx_word' id='word_1_23' title='bbox 1024 543 1144 596; x_wconf 79' lang='lat' dir='ltr'><strong>Alia</strong></span> <span class='ocrx_word' id='word_1_24' title='bbox 1190 541 1356 597; x_wconf 87' lang='lat' dir='ltr'><strong>etiam</strong></span> <span class='ocrx_word' id='word_1_25' title='bbox 1416 543 1629 599; x_wconf 85' lang='lat' dir='ltr'><strong>ratione</strong></span> <span class='ocrx_word' id='word_1_26' title='bbox 1683 558 1782 615; x_wconf 89' lang='lat' dir='ltr'><strong>per</strong></span> <span class='ocrx_word' id='word_1_27' title='bbox 1837 545 1936 601; x_wconf 86' lang='lat' dir='ltr'><strong>hos</strong></span> 
     </span>
    </p>
   </div>
   <div class='ocr_carea' id='block_1_7' title="bbox 346 635 1938 709">
    <p class='ocr_par' dir='ltr' id='par_1_7' title="bbox 346 635 1938 709">
     <span class='ocr_line' id='line_1_7' title="bbox 346 635 1938 709; baseline -0.001 -13"><span class='ocrx_word' id='word_1_28' title='bbox 346 637 645 708; x_wconf 74' lang='lat' dir='ltr'><strong>discipulos</strong></span> <span class='ocrx_word' id='word_1_29' title='bbox 690 635 1006 690; x_wconf 91' lang='lat' dir='ltr'><strong>indicantur</strong></span> <span class='ocrx_word' id='word_1_30' title='bbox 1056 636 1288 691; x_wconf 75' lang='lat' dir='ltr'><strong>actionis</strong></span> <span class='ocrx_word' id='word_1_31' title='bbox 1348 636 1938 709; x_wconf 58' lang='lat' dir='ltr'><strong>contcn‘tplationisque</strong></span> 
     </span>
    </p>
   </div>
   <div class='ocr_carea' id='block_1_8' title="bbox 348 726 1935 801">
    <p class='ocr_par' dir='ltr' id='par_1_8' title="bbox 348 726 1935 801">
     <span class='ocr_line' id='line_1_8' title="bbox 348 726 1935 801; baseline -0.001 -16"><span class='ocrx_word' id='word_1_32' title='bbox 348 730 733 801; x_wconf 72' lang='lat' dir='ltr'><strong>proprietates.</strong></span> <span class='ocrx_word' id='word_1_33' title='bbox 760 727 975 782; x_wconf 84' lang='lat' dir='ltr'><strong>Etenim</strong></span> <span class='ocrx_word' id='word_1_34' title='bbox 1010 726 1205 783; x_wconf 84' lang='lat' dir='ltr'><strong>Petrus</strong></span> <span class='ocrx_word' id='word_1_35' title='bbox 1224 727 1443 798; x_wconf 93' lang='lat' dir='ltr'><strong>quidem</strong></span> <span class='ocrx_word' id='word_1_36' title='bbox 1470 731 1722 799; x_wconf 85' lang='lat' dir='ltr'><strong>negavit,</strong></span> <span class='ocrx_word' id='word_1_37' title='bbox 1754 729 1935 786; x_wconf 86' lang='lat' dir='ltr'><strong>Joan—</strong></span> 
     </span>
    </p>
   </div>
   <div class='ocr_carea' id='block_1_9' title="bbox 350 816 1936 875">
    <p class='ocr_par' dir='ltr' id='par_1_9' title="bbox 350 816 1936 875">
     <span class='ocr_line' id='line_1_9' title="bbox 350 816 1936 875; baseline 0.001 -1"><span class='ocrx_word' id='word_1_38' title='bbox 350 835 455 875; x_wconf 84' lang='lat' dir='ltr'><strong>nes</strong></span> <span class='ocrx_word' id='word_1_39' title='bbox 509 834 640 873; x_wconf 79' lang='lat' dir='ltr'><strong>vero</strong></span> <span class='ocrx_word' id='word_1_40' title='bbox 700 820 901 873; x_wconf 84' lang='lat' dir='ltr'><strong>mansit</strong></span> <span class='ocrx_word' id='word_1_41' title='bbox 972 818 1253 874; x_wconf 89' lang='lat' dir='ltr'><strong>immotus.</strong></span> <span class='ocrx_word' id='word_1_42' title='bbox 1302 816 1475 872; x_wconf 80' lang='lat' dir='ltr'><strong>Homo</strong></span> <span class='ocrx_word' id='word_1_43' title='bbox 1537 819 1681 874; x_wconf 91' lang='lat' dir='ltr'><strong>enim</strong></span> <span class='ocrx_word' id='word_1_44' title='bbox 1744 820 1936 875; x_wconf 64' lang='lat' dir='ltr'><strong>activa!</strong></span> 
     </span>
    </p>
   </div>
   <div class='ocr_carea' id='block_1_10' title="bbox 346 910 1938 983">
    <p class='ocr_par' dir='ltr' id='par_1_10' title="bbox 346 910 1938 983">
     <span class='ocr_line' id='line_1_10' title="bbox 346 910 1938 983; baseline 0.001 -18"><span class='ocrx_word' id='word_1_45' title='bbox 346 910 567 966; x_wconf 86' lang='lat' dir='ltr'><strong>deditus</strong></span> <span class='ocrx_word' id='word_1_46' title='bbox 598 911 727 966; x_wconf 77' lang='lat' dir='ltr'><strong>vita:</strong></span> <span class='ocrx_word' id='word_1_47' title='bbox 767 919 869 978; x_wconf 87' lang='lat' dir='ltr'><strong>est,</strong></span> <span class='ocrx_word' id='word_1_48' title='bbox 916 924 1039 965; x_wconf 85' lang='lat' dir='ltr'><strong>cum</strong></span> <span class='ocrx_word' id='word_1_49' title='bbox 1082 925 1114 965; x_wconf 85' lang='lat' dir='ltr'><strong>a</strong></span> <span class='ocrx_word' id='word_1_50' title='bbox 1155 922 1305 965; x_wconf 87' lang='lat' dir='ltr'><strong>recto</strong></span> <span class='ocrx_word' id='word_1_51' title='bbox 1334 911 1573 976; x_wconf 84' lang='lat' dir='ltr'><strong>labatur,</strong></span> <span class='ocrx_word' id='word_1_52' title='bbox 1602 912 1684 966; x_wconf 88' lang='lat' dir='ltr'><strong>vel</strong></span> <span class='ocrx_word' id='word_1_53' title='bbox 1718 920 1938 983; x_wconf 79' lang='lat' dir='ltr'><strong>prepter</strong></span> 
     </span>
    </p>
   </div>
   <div class='ocr_carea' id='block_1_11' title="bbox 338 1002 1937 1074">
    <p class='ocr_par' dir='ltr' id='par_1_11' title="bbox 338 1002 1937 1074">
     <span class='ocr_line' id='line_1_11' title="bbox 338 1002 1937 1074; baseline 0.003 -19"><span class='ocrx_word' id='word_1_54' title='bbox 338 1003 596 1071; x_wconf 65' lang='lat' dir='ltr'><strong>rorporis</strong></span> <span class='ocrx_word' id='word_1_55' title='bbox 621 1002 1018 1071; x_wconf 83' lang='lat' dir='ltr'><strong>inﬁrmitatem,</strong></span> <span class='ocrx_word' id='word_1_56' title='bbox 1047 1002 1129 1058; x_wconf 88' lang='lat' dir='ltr'><strong>vel</strong></span> <span class='ocrx_word' id='word_1_57' title='bbox 1152 1002 1291 1058; x_wconf 81' lang='lat' dir='ltr'><strong>forte</strong></span> <span class='ocrx_word' id='word_1_58' title='bbox 1321 1004 1483 1057; x_wconf 86' lang='lat' dir='ltr'><strong>etiam</strong></span> <span class='ocrx_word' id='word_1_59' title='bbox 1516 1012 1937 1074; x_wconf 85' lang='lat' dir='ltr'><strong>proptersuper-</strong></span> 
     </span>
    </p>
   </div>
   <div class='ocr_carea' id='block_1_12' title="bbox 342 1094 1932 1165">
    <p class='ocr_par' dir='ltr' id='par_1_12' title="bbox 342 1094 1932 1165">
     <span class='ocr_line' id='line_1_12' title="bbox 342 1094 1932 1165; baseline 0.003 -17"><span class='ocrx_word' id='word_1_60' title='bbox 342 1096 492 1148; x_wconf 86' lang='lat' dir='ltr'><strong>hiam</strong></span> <span class='ocrx_word' id='word_1_61' title='bbox 518 1096 741 1150; x_wconf 85' lang='lat' dir='ltr'><strong>mentis:</strong></span> <span class='ocrx_word' id='word_1_62' title='bbox 764 1103 819 1148; x_wconf 91' lang='lat' dir='ltr'><strong>et</strong></span> <span class='ocrx_word' id='word_1_63' title='bbox 840 1094 1061 1165; x_wconf 86' lang='lat' dir='ltr'><strong>quidem</strong></span> <span class='ocrx_word' id='word_1_64' title='bbox 1089 1104 1171 1150; x_wconf 87' lang='lat' dir='ltr'><strong>ter</strong></span> <span class='ocrx_word' id='word_1_65' title='bbox 1194 1095 1483 1151; x_wconf 89' lang='lat' dir='ltr'><strong>Dominum</strong></span> <span class='ocrx_word' id='word_1_66' title='bbox 1504 1107 1685 1165; x_wconf 87' lang='lat' dir='ltr'><strong>negat,</strong></span> <span class='ocrx_word' id='word_1_67' title='bbox 1711 1097 1932 1153; x_wconf 85' lang='lat' dir='ltr'><strong>veleum</strong></span> 
     </span>
    </p>
   </div>
   <div class='ocr_carea' id='block_1_13' title="bbox 342 1187 1941 1256">
    <p class='ocr_par' dir='ltr' id='par_1_13' title="bbox 342 1187 1941 1256">
     <span class='ocr_line' id='line_1_13' title="bbox 342 1187 1941 1256; baseline 0.003 -15"><span class='ocrx_word' id='word_1_68' title='bbox 342 1202 604 1241; x_wconf 76' lang='lat' dir='ltr'><strong>sermone</strong></span> <span class='ocrx_word' id='word_1_69' title='bbox 634 1200 1017 1256; x_wconf 87' lang='lat' dir='ltr'><strong>contemnens,</strong></span> <span class='ocrx_word' id='word_1_70' title='bbox 1047 1187 1134 1245; x_wconf 88' lang='lat' dir='ltr'><strong>vel</strong></span> <span class='ocrx_word' id='word_1_71' title='bbox 1180 1189 1260 1244; x_wconf 89' lang='lat' dir='ltr'><strong>ira</strong></span> <span class='ocrx_word' id='word_1_72' title='bbox 1294 1189 1489 1255; x_wconf 85' lang='lat' dir='ltr'><strong>victus,</strong></span> <span class='ocrx_word' id='word_1_73' title='bbox 1521 1190 1603 1245; x_wconf 88' lang='lat' dir='ltr'><strong>vel</strong></span> <span class='ocrx_word' id='word_1_74' title='bbox 1651 1190 1941 1246; x_wconf 78' lang='lat' dir='ltr'><strong>inhonesta</strong></span> 
     </span>
    </p>
   </div>
   <div class='ocr_carea' id='block_1_14' title="bbox 294 1266 1933 1353">
    <p class='ocr_par' dir='ltr' id='par_1_14' title="bbox 294 1266 1933 1353">
     <span class='ocr_line' id='line_1_14' title="bbox 294 1266 1933 1353; baseline 0.002 -22"><span class='ocrx_word' id='word_1_75' title='bbox 294 1266 301 1275; x_wconf 79' lang='grc'><em>’</em></span> <span class='ocrx_word' id='word_1_76' title='bbox 351 1280 535 1350; x_wconf 69' lang='lat' dir='ltr'><strong>ntiqua</strong></span> <span class='ocrx_word' id='word_1_77' title='bbox 565 1281 863 1349; x_wconf 84' lang='lat' dir='ltr'><strong>cupiditate</strong></span> <span class='ocrx_word' id='word_1_78' title='bbox 895 1268 1178 1338; x_wconf 83' lang='lat' dir='ltr'><strong>subactus.</strong></span> <span class='ocrx_word' id='word_1_79' title='bbox 1210 1282 1290 1338; x_wconf 81' lang='lat' dir='ltr'><strong>Ad</strong></span> <span class='ocrx_word' id='word_1_80' title='bbox 1323 1298 1443 1353; x_wconf 65' lang='lat' dir='ltr'><strong>quae</strong></span> <span class='ocrx_word' id='word_1_81' title='bbox 1473 1283 1652 1350; x_wconf 75' lang='lat' dir='ltr'><strong>gallus</strong></span> <span class='ocrx_word' id='word_1_82' title='bbox 1680 1295 1933 1350; x_wconf 71' lang='lat' dir='ltr'><strong>cantans,</strong></span> 
     </span>
    </p>
   </div>
   <div class='ocr_carea' id='block_1_15' title="bbox 346 1375 1934 1444">
    <p class='ocr_par' dir='ltr' id='par_1_15' title="bbox 346 1375 1934 1444">
     <span class='ocr_line' id='line_1_15' title="bbox 346 1375 1934 1444; baseline 0.003 -19"><span class='ocrx_word' id='word_1_83' title='bbox 346 1375 574 1444; x_wconf 79' lang='lat' dir='ltr'><strong>pervigil</strong></span> <span class='ocrx_word' id='word_1_84' title='bbox 604 1375 815 1429; x_wconf 87' lang='lat' dir='ltr'><strong>scilicet</strong></span> <span class='ocrx_word' id='word_1_85' title='bbox 874 1376 1223 1432; x_wconf 74' lang='lat' dir='ltr'><strong>conscientia:</strong></span> <span class='ocrx_word' id='word_1_86' title='bbox 1253 1378 1519 1441; x_wconf 87' lang='lat' dir='ltr'><strong>custodia,</strong></span> <span class='ocrx_word' id='word_1_87' title='bbox 1557 1393 1677 1432; x_wconf 91' lang='lat' dir='ltr'><strong>eum</strong></span> <span class='ocrx_word' id='word_1_88' title='bbox 1713 1380 1934 1443; x_wconf 78' lang='lat' dir='ltr'><strong>excitat,</strong></span> 
     </span>
    </p>
   </div>
   <div class='ocr_carea' id='block_1_16' title="bbox 347 1468 1936 1540">
    <p class='ocr_par' dir='ltr' id='par_1_16' title="bbox 347 1468 1936 1540">
     <span class='ocr_line' id='line_1_16' title="bbox 347 1468 1936 1540; baseline 0.004 -20"><span class='ocrx_word' id='word_1_89' title='bbox 347 1477 407 1520; x_wconf 92' lang='lat' dir='ltr'><strong>ut</strong></span> <span class='ocrx_word' id='word_1_90' title='bbox 430 1468 629 1522; x_wconf 83' lang='lat' dir='ltr'><strong>sentiat</strong></span> <span class='ocrx_word' id='word_1_91' title='bbox 661 1483 782 1537; x_wconf 74' lang='lat' dir='ltr'><strong>qua:</strong></span> <span class='ocrx_word' id='word_1_92' title='bbox 808 1482 1092 1539; x_wconf 89' lang='lat' dir='ltr'><strong>perperam</strong></span> <span class='ocrx_word' id='word_1_93' title='bbox 1134 1469 1277 1523; x_wconf 82' lang='lat' dir='ltr'><strong>facta</strong></span> <span class='ocrx_word' id='word_1_94' title='bbox 1314 1480 1462 1524; x_wconf 81' lang='lat' dir='ltr'><strong>Stlttl.</strong></span> <span class='ocrx_word' id='word_1_95' title='bbox 1504 1469 1617 1536; x_wconf 87' lang='lat' dir='ltr'><strong>Qui-</strong></span> <span class='ocrx_word' id='word_1_96' title='bbox 1648 1486 1775 1526; x_wconf 85' lang='lat' dir='ltr'><strong>vero</strong></span> <span class='ocrx_word' id='word_1_97' title='bbox 1815 1478 1936 1540; x_wconf 86' lang='lat' dir='ltr'><strong>post</strong></span> 
     </span>
    </p>
   </div>
   <div class='ocr_carea' id='block_1_17' title="bbox 347 1562 1934 1635">
    <p class='ocr_par' dir='ltr' id='par_1_17' title="bbox 347 1562 1934 1635">
     <span class='ocr_line' id='line_1_17' title="bbox 347 1562 1934 1635; baseline 0.004 -23"><span class='ocrx_word' id='word_1_98' title='bbox 347 1562 614 1617; x_wconf 85' lang='lat' dir='ltr'><strong>actionem</strong></span> <span class='ocrx_word' id='word_1_99' title='bbox 635 1564 1116 1635; x_wconf 86' lang='lat' dir='ltr'><strong>contemplationis</strong></span> <span class='ocrx_word' id='word_1_100' title='bbox 1138 1564 1258 1619; x_wconf 92' lang='lat' dir='ltr'><strong>luce</strong></span> <span class='ocrx_word' id='word_1_101' title='bbox 1296 1564 1606 1619; x_wconf 72' lang='lat' dir='ltr'><strong>illustratur</strong></span> <span class='ocrx_word' id='word_1_102' title='bbox 1638 1566 1690 1620; x_wconf 93' lang='lat' dir='ltr'><strong>in</strong></span> <span class='ocrx_word' id='word_1_103' title='bbox 1725 1567 1934 1631; x_wconf 87' lang='lat' dir='ltr'><strong>anima,</strong></span> 
     </span>
    </p>
   </div>
   <div class='ocr_carea' id='block_1_18' title="bbox 346 1655 1941 1721">
    <p class='ocr_par' dir='ltr' id='par_1_18' title="bbox 346 1655 1941 1721">
     <span class='ocr_line' id='line_1_18' title="bbox 346 1655 1941 1721; baseline 0.002 -13"><span class='ocrx_word' id='word_1_104' title='bbox 346 1665 401 1708; x_wconf 89' lang='lat' dir='ltr'><strong>et</strong></span> <span class='ocrx_word' id='word_1_105' title='bbox 430 1655 626 1711; x_wconf 61' lang='lat' dir='ltr'><strong>divinae</strong></span> <span class='ocrx_word' id='word_1_106' title='bbox 654 1656 919 1712; x_wconf 68' lang='lat' dir='ltr'><strong>doctrina:</strong></span> <span class='ocrx_word' id='word_1_107' title='bbox 961 1658 1123 1721; x_wconf 83' lang='lat' dir='ltr'><strong>titius,</strong></span> <span class='ocrx_word' id='word_1_108' title='bbox 1159 1657 1319 1712; x_wconf 84' lang='lat' dir='ltr'><strong>sicuti</strong></span> <span class='ocrx_word' id='word_1_109' title='bbox 1366 1656 1508 1711; x_wconf 83' lang='lat' dir='ltr'><strong>ﬁlius</strong></span> <span class='ocrx_word' id='word_1_110' title='bbox 1556 1658 1787 1711; x_wconf 85' lang='lat' dir='ltr'><strong>tonitrui</strong></span> <span class='ocrx_word' id='word_1_111' title='bbox 1817 1657 1941 1711; x_wconf 51' lang='lat' dir='ltr'><strong>em-</strong></span> 
     </span>
    </p>
   </div>
   <div class='ocr_carea' id='block_1_19' title="bbox 345 1747 1935 1821">
    <p class='ocr_par' dir='ltr' id='par_1_19' title="bbox 345 1747 1935 1821">
     <span class='ocr_line' id='line_1_19' title="bbox 345 1747 1935 1821; baseline 0.003 -22"><span class='ocrx_word' id='word_1_112' title='bbox 345 1747 576 1811; x_wconf 74' lang='lat' dir='ltr'><strong>citur“,</strong></span> <span class='ocrx_word' id='word_1_113' title='bbox 610 1764 883 1818; x_wconf 84' lang='lat' dir='ltr'><strong>nunquam</strong></span> <span class='ocrx_word' id='word_1_114' title='bbox 918 1758 1195 1805; x_wconf 85' lang='lat' dir='ltr'><strong>avertetur</strong></span> <span class='ocrx_word' id='word_1_115' title='bbox 1215 1764 1249 1801; x_wconf 64' lang='lat' dir='ltr'><strong>a‘</strong></span> <span class='ocrx_word' id='word_1_116' title='bbox 1276 1759 1426 1804; x_wconf 80' lang='lat' dir='ltr'><strong>recto</strong></span> <span class='ocrx_word' id='word_1_117' title='bbox 1461 1748 1595 1821; x_wconf 83' lang='grc'>(56).</span> <span class='ocrx_word' id='word_1_118' title='bbox 1624 1749 1731 1805; x_wconf 88' lang='lat' dir='ltr'><strong>Sed</strong></span> <span class='ocrx_word' id='word_1_119' title='bbox 1760 1750 1935 1804; x_wconf 77' lang='lat' dir='ltr'><strong>Evan-</strong></span> 
     </span>
    </p>
   </div>
   <div class='ocr_carea' id='block_1_20' title="bbox 340 1840 1307 1907">
    <p class='ocr_par' dir='ltr' id='par_1_20' title="bbox 340 1840 1307 1907">
     <span class='ocr_line' id='line_1_20' title="bbox 340 1840 1307 1907; baseline 0.004 -14"><span class='ocrx_word' id='word_1_120' title='bbox 340 1840 468 1907; x_wconf 77' lang='lat' dir='ltr'><strong>gelii</strong></span> <span class='ocrx_word' id='word_1_121' title='bbox 502 1843 667 1896; x_wconf 84' lang='lat' dir='ltr'><strong>verba</strong></span> <span class='ocrx_word' id='word_1_122' title='bbox 705 1842 906 1897; x_wconf 80' lang='lat' dir='ltr'><strong>iterum</strong></span> <span class='ocrx_word' id='word_1_123' title='bbox 936 1848 1307 1897; x_wconf 83' lang='lat' dir='ltr'><strong>resumamus.</strong></span> 
     </span>
    </p>
   </div>
   <div class='ocr_carea' id='block_1_21' title="bbox 425 2025 1938 2095">
    <p class='ocr_par' dir='ltr' id='par_1_21' title="bbox 425 2025 1938 2095">
     <span class='ocr_line' id='line_1_21' title="bbox 425 2025 1938 2095; baseline -0.002 -15"><span class='ocrx_word' id='word_1_124' title='bbox 425 2045 447 2080; x_wconf 74' lang='grc' dir='ltr'><strong>ι</strong></span> <span class='ocrx_word' id='word_1_125' title='bbox 496 2027 705 2081; x_wconf 82' lang='lat' dir='ltr'><strong>Etcum</strong></span> <span class='ocrx_word' id='word_1_126' title='bbox 739 2040 797 2082; x_wconf 90' lang='lat' dir='ltr'><strong>se</strong></span> <span class='ocrx_word' id='word_1_127' title='bbox 827 2025 1165 2093; x_wconf 84' lang='lat' dir='ltr'><strong>inclinasset,</strong></span> <span class='ocrx_word' id='word_1_128' title='bbox 1198 2026 1333 2079; x_wconf 83' lang='lat' dir='ltr'><strong>vidit</strong></span> <span class='ocrx_word' id='word_1_129' title='bbox 1371 2025 1691 2080; x_wconf 76' lang='lat' dir='ltr'><strong>linteamina</strong></span> <span class='ocrx_word' id='word_1_130' title='bbox 1740 2027 1938 2095; x_wconf 84' lang='lat' dir='ltr'><strong>posita,</strong></span> 
     </span>
    </p>
   </div>
   <div class='ocr_carea' id='block_1_22' title="bbox 338 2115 1935 2189">
    <p class='ocr_par' dir='ltr' id='par_1_22' title="bbox 338 2115 1935 2189">
     <span class='ocr_line' id='line_1_22' title="bbox 338 2115 1935 2189; baseline 0.001 -18"><span class='ocrx_word' id='word_1_131' title='bbox 338 2134 451 2172; x_wconf 78' lang='lat' dir='ltr'><strong>non</strong></span> <span class='ocrx_word' id='word_1_132' title='bbox 500 2128 680 2172; x_wconf 83' lang='lat' dir='ltr'><strong>tamen</strong></span> <span class='ocrx_word' id='word_1_133' title='bbox 736 2117 1076 2172; x_wconf 71' lang='lat' dir='ltr'><strong>introivit“.</strong></span> <span class='ocrx_word' id='word_1_134' title='bbox 1110 2136 1127 2169; x_wconf 77' lang='grc' dir='ltr'><strong>ι</strong></span> <span class='ocrx_word' id='word_1_135' title='bbox 1166 2115 1328 2189; x_wconf 65' lang='grc'><strong>242</strong></span> <span class='ocrx_word' id='word_1_136' title='bbox 1384 2116 1750 2171; x_wconf 66' lang='lat' dir='ltr'><strong>Prmen‘cnrrit</strong></span> <span class='ocrx_word' id='word_1_137' title='bbox 1800 2130 1935 2172; x_wconf 83' lang='lat' dir='ltr'><strong>sane</strong></span> 
     </span>
    </p>
   </div>
   <div class='ocr_carea' id='block_1_23' title="bbox 344 2211 1941 2281">
    <p class='ocr_par' dir='ltr' id='par_1_23' title="bbox 344 2211 1941 2281">
     <span class='ocr_line' id='line_1_23' title="bbox 344 2211 1941 2281; baseline 0 -16"><span class='ocrx_word' id='word_1_138' title='bbox 344 2211 583 2266; x_wconf 68' lang='lat' dir='ltr'><strong>Joannes</strong></span> <span class='ocrx_word' id='word_1_139' title='bbox 632 2212 870 2266; x_wconf 84' lang='lat' dir='ltr'><strong>velocior</strong></span> <span class='ocrx_word' id='word_1_140' title='bbox 920 2212 1185 2281; x_wconf 87' lang='lat' dir='ltr'><strong>pedibus;</strong></span> <span class='ocrx_word' id='word_1_141' title='bbox 1218 2227 1331 2265; x_wconf 90' lang='lat' dir='ltr'><strong>non</strong></span> <span class='ocrx_word' id='word_1_142' title='bbox 1386 2220 1569 2265; x_wconf 82' lang='lat' dir='ltr'><strong>tamen</strong></span> <span class='ocrx_word' id='word_1_143' title='bbox 1625 2226 1747 2280; x_wconf 57' lang='lat' dir='ltr'><strong>quas</strong></span> <span class='ocrx_word' id='word_1_144' title='bbox 1799 2211 1941 2265; x_wconf 83' lang='lat' dir='ltr'><strong>intra</strong></span> 
     </span>
    </p>
   </div>
   <div class='ocr_carea' id='block_1_24' title="bbox 346 2304 1943 2374">
    <p class='ocr_par' dir='ltr' id='par_1_24' title="bbox 346 2304 1943 2374">
     <span class='ocr_line' id='line_1_24' title="bbox 346 2304 1943 2374; baseline 0 -15"><span class='ocrx_word' id='word_1_145' title='bbox 346 2306 658 2372; x_wconf 72' lang='lat' dir='ltr'><strong>Sepulcrum</strong></span> <span class='ocrx_word' id='word_1_146' title='bbox 690 2306 984 2374; x_wconf 88' lang='lat' dir='ltr'><strong>spectanda</strong></span> <span class='ocrx_word' id='word_1_147' title='bbox 1019 2316 1177 2359; x_wconf 86' lang='lat' dir='ltr'><strong>erant</strong></span> <span class='ocrx_word' id='word_1_148' title='bbox 1210 2305 1615 2374; x_wconf 84' lang='lat' dir='ltr'><strong>contemplatus</strong></span> <span class='ocrx_word' id='word_1_149' title='bbox 1655 2314 1758 2359; x_wconf 91' lang='lat' dir='ltr'><strong>est.</strong></span> <span class='ocrx_word' id='word_1_150' title='bbox 1793 2304 1943 2359; x_wconf 84' lang='lat' dir='ltr'><strong>Pone</strong></span> 
     </span>
    </p>
   </div>
   <div class='ocr_carea' id='block_1_25' title="bbox 344 2396 1944 2466">
    <p class='ocr_par' dir='ltr' id='par_1_25' title="bbox 344 2396 1944 2466">
     <span class='ocr_line' id='line_1_25' title="bbox 344 2396 1944 2466; baseline 0.001 -17"><span class='ocrx_word' id='word_1_151' title='bbox 344 2411 478 2450; x_wconf 80' lang='lat' dir='ltr'><strong>vero</strong></span> <span class='ocrx_word' id='word_1_152' title='bbox 521 2413 868 2465; x_wconf 83' lang='lat' dir='ltr'><strong>consequens</strong></span> <span class='ocrx_word' id='word_1_153' title='bbox 917 2396 1135 2462; x_wconf 84' lang='lat' dir='ltr'><strong>Petrus,</strong></span> <span class='ocrx_word' id='word_1_154' title='bbox 1173 2398 1547 2466; x_wconf 82' lang='lat' dir='ltr'><strong>anhelansque</strong></span> <span class='ocrx_word' id='word_1_155' title='bbox 1581 2397 1944 2466; x_wconf 78' lang='lat' dir='ltr'><strong>pervenit;et</strong></span> 
     </span>
    </p>
   </div>
   <div class='ocr_carea' id='block_1_26' title="bbox 348 2490 1942 2561">
    <p class='ocr_par' dir='ltr' id='par_1_26' title="bbox 348 2490 1942 2561">
     <span class='ocr_line' id='line_1_26' title="bbox 348 2490 1942 2561; baseline 0 -19"><span class='ocrx_word' id='word_1_156' title='bbox 348 2492 400 2543; x_wconf 90' lang='lat' dir='ltr'><strong>in</strong></span> <span class='ocrx_word' id='word_1_157' title='bbox 458 2491 694 2561; x_wconf 79' lang='lat' dir='ltr'><strong>sepulcri</strong></span> <span class='ocrx_word' id='word_1_158' title='bbox 759 2492 921 2560; x_wconf 84' lang='lat' dir='ltr'><strong>adyta</strong></span> <span class='ocrx_word' id='word_1_159' title='bbox 979 2492 1371 2561; x_wconf 77' lang='lat' dir='ltr'><strong>introgressus,</strong></span> <span class='ocrx_word' id='word_1_160' title='bbox 1401 2506 1524 2560; x_wconf 63' lang='lat' dir='ltr'><strong>qua:</strong></span> <span class='ocrx_word' id='word_1_161' title='bbox 1577 2490 1710 2545; x_wconf 90' lang='lat' dir='ltr'><strong>inibi</strong></span> <span class='ocrx_word' id='word_1_162' title='bbox 1779 2496 1942 2544; x_wconf 82' lang='lat' dir='ltr'><strong>erant</strong></span> 
     </span>
    </p>
   </div>
   <div class='ocr_carea' id='block_1_27' title="bbox 348 2582 1939 2653">
    <p class='ocr_par' dir='ltr' id='par_1_27' title="bbox 348 2582 1939 2653">
     <span class='ocr_line' id='line_1_27' title="bbox 348 2582 1939 2653; baseline 0.003 -19"><span class='ocrx_word' id='word_1_163' title='bbox 348 2584 630 2653; x_wconf 84' lang='lat' dir='ltr'><strong>mysteria,</strong></span> <span class='ocrx_word' id='word_1_164' title='bbox 676 2585 858 2648; x_wconf 85' lang='lat' dir='ltr'><strong>videt;</strong></span> <span class='ocrx_word' id='word_1_165' title='bbox 915 2595 1038 2653; x_wconf 90' lang='lat' dir='ltr'><strong>post</strong></span> <span class='ocrx_word' id='word_1_166' title='bbox 1096 2585 1244 2639; x_wconf 86' lang='lat' dir='ltr'><strong>hunc</strong></span> <span class='ocrx_word' id='word_1_167' title='bbox 1301 2596 1432 2639; x_wconf 84' lang='lat' dir='ltr'><strong>vero</strong></span> <span class='ocrx_word' id='word_1_168' title='bbox 1471 2584 1637 2638; x_wconf 87' lang='lat' dir='ltr'><strong>etiam</strong></span> <span class='ocrx_word' id='word_1_169' title='bbox 1692 2582 1939 2639; x_wconf 78' lang='lat' dir='ltr'><strong>Joannes</strong></span> 
     </span>
    </p>
   </div>
   <div class='ocr_carea' id='block_1_28' title="bbox 345 2662 1940 2749">
    <p class='ocr_par' dir='ltr' id='par_1_28' title="bbox 345 2662 1940 2749">
     <span class='ocr_line' id='line_1_28' title="bbox 345 2662 1940 2749; baseline 0.003 -22"><span class='ocrx_word' id='word_1_170' title='bbox 345 2676 671 2746; x_wconf 77' lang='lat' dir='ltr'><strong>ingreditur.</strong></span> <span class='ocrx_word' id='word_1_171' title='bbox 712 2677 786 2731; x_wconf 85' lang='lat' dir='ltr'><strong>ita</strong></span> <span class='ocrx_word' id='word_1_172' title='bbox 817 2685 872 2732; x_wconf 87' lang='lat' dir='ltr'><strong>et</strong></span> <span class='ocrx_word' id='word_1_173' title='bbox 900 2677 955 2732; x_wconf 87' lang='lat' dir='ltr'><strong>in</strong></span> <span class='ocrx_word' id='word_1_174' title='bbox 990 2678 1295 2733; x_wconf 84' lang='lat' dir='ltr'><strong>Tiberiadis</strong></span> <span class='ocrx_word' id='word_1_175' title='bbox 1323 2687 1515 2749; x_wconf 83' lang='lat' dir='ltr'><strong>stagno</strong></span> <span class='ocrx_word' id='word_1_176' title='bbox 1539 2678 1691 2747; x_wconf 85' lang='lat' dir='ltr'><strong>prior</strong></span> <span class='ocrx_word' id='word_1_177' title='bbox 1719 2662 1940 2747; x_wconf 86' lang='lat' dir='ltr'><strong>quidem</strong></span> 
     </span>
    </p>
   </div>
   <div class='ocr_carea' id='block_1_29' title="bbox 345 2767 1939 2837">
    <p class='ocr_par' dir='ltr' id='par_1_29' title="bbox 345 2767 1939 2837">
     <span class='ocr_line' id='line_1_29' title="bbox 345 2767 1939 2837; baseline 0.001 -16"><span class='ocrx_word' id='word_1_178' title='bbox 345 2770 570 2837; x_wconf 75' lang='lat' dir='ltr'><strong>agnovit</strong></span> <span class='ocrx_word' id='word_1_179' title='bbox 604 2770 918 2835; x_wconf 80' lang='lat' dir='ltr'><strong>Dominum,</strong></span> <span class='ocrx_word' id='word_1_180' title='bbox 943 2779 1003 2824; x_wconf 84' lang='lat' dir='ltr'><strong>et-</strong></span> <span class='ocrx_word' id='word_1_181' title='bbox 1040 2769 1202 2825; x_wconf 84' lang='lat' dir='ltr'><strong>Petro</strong></span> <span class='ocrx_word' id='word_1_182' title='bbox 1244 2769 1543 2825; x_wconf 87' lang='lat' dir='ltr'><strong>indicavit:</strong></span> <span class='ocrx_word' id='word_1_183' title='bbox 1579 2770 1674 2825; x_wconf 90' lang='lat' dir='ltr'><strong>sed</strong></span> <span class='ocrx_word' id='word_1_184' title='bbox 1721 2767 1939 2835; x_wconf 86' lang='lat' dir='ltr'><strong>Petrus,</strong></span> 
     </span>
    </p>
   </div>
   <div class='ocr_carea' id='block_1_30' title="bbox 351 2862 1685 2933">
    <p class='ocr_par' dir='ltr' id='par_1_30' title="bbox 351 2862 1685 2933">
     <span class='ocr_line' id='line_1_30' title="bbox 351 2862 1685 2933; baseline -0.002 -14"><span class='ocrx_word' id='word_1_185' title='bbox 351 2880 475 2921; x_wconf 85' lang='lat' dir='ltr'><strong>cum</strong></span> <span class='ocrx_word' id='word_1_186' title='bbox 508 2875 811 2930; x_wconf 82' lang='lat' dir='ltr'><strong>enatasset,</strong></span> <span class='ocrx_word' id='word_1_187' title='bbox 843 2865 992 2933; x_wconf 89' lang='lat' dir='ltr'><strong>prior</strong></span> <span class='ocrx_word' id='word_1_188' title='bbox 1018 2864 1307 2919; x_wconf 85' lang='lat' dir='ltr'><strong>Dominum</strong></span> <span class='ocrx_word' id='word_1_189' title='bbox 1335 2862 1588 2918; x_wconf 87' lang='lat' dir='ltr'><strong>convenit</strong></span> <span class='ocrx_word' id='word_1_190' title='bbox 1614 2863 1685 2916; x_wconf 81' lang='grc'><strong>⁸⁸.</strong></span> 
     </span>
    </p>
   </div>
   <div class='ocr_carea' id='block_1_31' title="bbox 425 2954 1936 3026">
    <p class='ocr_par' dir='ltr' id='par_1_31' title="bbox 425 2954 1936 3026">
     <span class='ocr_line' id='line_1_31' title="bbox 425 2954 1936 3026; baseline -0.002 -15"><span class='ocrx_word' id='word_1_191' title='bbox 425 2978 444 3011; x_wconf 79' lang='grc' dir='ltr'><strong>ι</strong></span> <span class='ocrx_word' id='word_1_192' title='bbox 494 2956 807 3026; x_wconf 77' lang='lat' dir='ltr'><strong>Venitergo</strong></span> <span class='ocrx_word' id='word_1_193' title='bbox 839 2956 1028 3011; x_wconf 87' lang='lat' dir='ltr'><strong>Simon</strong></span> <span class='ocrx_word' id='word_1_194' title='bbox 1069 2956 1263 3012; x_wconf 88' lang='lat' dir='ltr'><strong>Petrus</strong></span> <span class='ocrx_word' id='word_1_195' title='bbox 1309 2971 1547 3025; x_wconf 82' lang='lat' dir='ltr'><strong>sequens</strong></span> <span class='ocrx_word' id='word_1_196' title='bbox 1581 2971 1731 3017; x_wconf 75' lang='lat' dir='ltr'><strong>enin,</strong></span> <span class='ocrx_word' id='word_1_197' title='bbox 1769 2954 1936 3009; x_wconf 89' lang='lat' dir='ltr'><strong>etin-</strong></span> 
     </span>
    </p>
   </div>
   <div class='ocr_carea' id='block_1_32' title="bbox 350 3045 1936 3115">
    <p class='ocr_par' dir='ltr' id='par_1_32' title="bbox 350 3045 1936 3115">
     <span class='ocr_line' id='line_1_32' title="bbox 350 3045 1936 3115; baseline 0 -16"><span class='ocrx_word' id='word_1_198' title='bbox 350 3046 535 3101; x_wconf 76' lang='lat' dir='ltr'><strong>treivit</strong></span> <span class='ocrx_word' id='word_1_199' title='bbox 564 3045 617 3098; x_wconf 93' lang='lat' dir='ltr'><strong>in</strong></span> <span class='ocrx_word' id='word_1_200' title='bbox 648 3056 1090 3111; x_wconf 88' lang='lat' dir='ltr'><strong>monumentum,</strong></span> <span class='ocrx_word' id='word_1_201' title='bbox 1124 3053 1178 3100; x_wconf 91' lang='lat' dir='ltr'><strong>et</strong></span> <span class='ocrx_word' id='word_1_202' title='bbox 1207 3045 1343 3100; x_wconf 86' lang='lat' dir='ltr'><strong>vidit</strong></span> <span class='ocrx_word' id='word_1_203' title='bbox 1370 3045 1688 3099; x_wconf 84' lang='lat' dir='ltr'><strong>linteamina</strong></span> <span class='ocrx_word' id='word_1_204' title='bbox 1742 3046 1936 3115; x_wconf 73' lang='lat' dir='ltr'><strong>posita,</strong></span> 
     </span>
    </p>
   </div>
   <div class='ocr_carea' id='block_1_33' title="bbox 348 3136 1938 3207">
    <p class='ocr_par' dir='ltr' id='par_1_33' title="bbox 348 3136 1938 3207">
     <span class='ocr_line' id='line_1_33' title="bbox 348 3136 1938 3207; baseline 0.001 -17"><span class='ocrx_word' id='word_1_205' title='bbox 348 3146 403 3191; x_wconf 81' lang='lat' dir='ltr'><strong>et</strong></span> <span class='ocrx_word' id='word_1_206' title='bbox 451 3136 758 3202; x_wconf 80' lang='lat' dir='ltr'><strong>sudarium,</strong></span> <span class='ocrx_word' id='word_1_207' title='bbox 809 3138 953 3206; x_wconf 85' lang='lat' dir='ltr'><strong>quod</strong></span> <span class='ocrx_word' id='word_1_208' title='bbox 1007 3137 1185 3193; x_wconf 80' lang='lat' dir='ltr'><strong>fuerat</strong></span> <span class='ocrx_word' id='word_1_209' title='bbox 1236 3153 1397 3207; x_wconf 86' lang='lat' dir='ltr'><strong>super</strong></span> <span class='ocrx_word' id='word_1_210' title='bbox 1434 3146 1599 3206; x_wconf 91' lang='lat' dir='ltr'><strong>caput</strong></span> <span class='ocrx_word' id='word_1_211' title='bbox 1640 3137 1780 3206; x_wconf 86' lang='lat' dir='ltr'><strong>ejus,</strong></span> <span class='ocrx_word' id='word_1_212' title='bbox 1834 3153 1938 3191; x_wconf 91' lang='lat' dir='ltr'><strong>non</strong></span> 
     </span>
    </p>
   </div>
   <div class='ocr_carea' id='block_1_34' title="bbox 349 3228 1944 3299">
    <p class='ocr_par' dir='ltr' id='par_1_34' title="bbox 349 3228 1944 3299">
     <span class='ocr_line' id='line_1_34' title="bbox 349 3228 1944 3299; baseline -0.001 -16"><span class='ocrx_word' id='word_1_213' title='bbox 349 3244 471 3283; x_wconf 88' lang='lat' dir='ltr'><strong>cum</strong></span> <span class='ocrx_word' id='word_1_214' title='bbox 503 3229 915 3285; x_wconf 82' lang='lat' dir='ltr'><strong>linteaminibus</strong></span> <span class='ocrx_word' id='word_1_215' title='bbox 959 3228 1223 3299; x_wconf 90' lang='lat' dir='ltr'><strong>positum,</strong></span> <span class='ocrx_word' id='word_1_216' title='bbox 1260 3232 1353 3285; x_wconf 89' lang='lat' dir='ltr'><strong>sed</strong></span> <span class='ocrx_word' id='word_1_217' title='bbox 1391 3229 1684 3296; x_wconf 82' lang='lat' dir='ltr'><strong>separatim</strong></span> <span class='ocrx_word' id='word_1_218' title='bbox 1734 3228 1944 3282; x_wconf 86' lang='lat' dir='ltr'><strong>involu-</strong></span> 
     </span>
    </p>
   </div>
   <div class='ocr_carea' id='block_1_35' title="bbox 350 3321 1941 3389">
    <p class='ocr_par' dir='ltr' id='par_1_35' title="bbox 350 3321 1941 3389">
     <span class='ocr_line' id='line_1_35' title="bbox 350 3321 1941 3389; baseline 0.001 -14"><span class='ocrx_word' id='word_1_219' title='bbox 350 3331 464 3375; x_wconf 86' lang='lat' dir='ltr'><strong>tum</strong></span> <span class='ocrx_word' id='word_1_220' title='bbox 524 3322 577 3375; x_wconf 92' lang='lat' dir='ltr'><strong>in</strong></span> <span class='ocrx_word' id='word_1_221' title='bbox 635 3337 797 3376; x_wconf 87' lang='lat' dir='ltr'><strong>unum</strong></span> <span class='ocrx_word' id='word_1_222' title='bbox 849 3321 1082 3376; x_wconf 64' lang='lat' dir='ltr'><strong>locum.»</strong></span> <span class='ocrx_word' id='word_1_223' title='bbox 1127 3321 1532 3377; x_wconf 86' lang='lat' dir='ltr'><strong>Linteaminum</strong></span> <span class='ocrx_word' id='word_1_224' title='bbox 1571 3321 1941 3389; x_wconf 75' lang='lat' dir='ltr'><strong>spectaculum</strong></span> 
     </span>
    </p>
   </div>
   <div class='ocr_carea' id='block_1_36' title="bbox 350 3413 1939 3485">
    <p class='ocr_par' dir='ltr' id='par_1_36' title="bbox 350 3413 1939 3485">
     <span class='ocr_line' id='line_1_36' title="bbox 350 3413 1939 3485; baseline 0.001 -18"><span class='ocrx_word' id='word_1_225' title='bbox 350 3415 574 3468; x_wconf 83' lang='lat' dir='ltr'><strong>evidens</strong></span> <span class='ocrx_word' id='word_1_226' title='bbox 615 3422 731 3468; x_wconf 86' lang='lat' dir='ltr'><strong>erat</strong></span> <span class='ocrx_word' id='word_1_227' title='bbox 760 3415 1178 3470; x_wconf 86' lang='lat' dir='ltr'><strong>resurrectionis</strong></span> <span class='ocrx_word' id='word_1_228' title='bbox 1208 3414 1469 3469; x_wconf 90' lang='lat' dir='ltr'><strong>indicium</strong></span> <span class='ocrx_word' id='word_1_229' title='bbox 1503 3413 1642 3485; x_wconf 82' lang='lat'><strong>(&#39;57).</strong></span> <span class='ocrx_word' id='word_1_230' title='bbox 1675 3413 1939 3481; x_wconf 87' lang='lat' dir='ltr'><strong>Quoniam</strong></span> 
     </span>
    </p>
   </div>
   <div class='ocr_carea' id='block_1_37' title="bbox 353 3503 1941 3576">
    <p class='ocr_par' dir='ltr' id='par_1_37' title="bbox 353 3503 1941 3576">
     <span class='ocr_line' id='line_1_37' title="bbox 353 3503 1941 3576; baseline 0.001 -19"><span class='ocrx_word' id='word_1_231' title='bbox 353 3507 496 3558; x_wconf 85' lang='lat' dir='ltr'><strong>cnim</strong></span> <span class='ocrx_word' id='word_1_232' title='bbox 550 3505 769 3576; x_wconf 83' lang='lat' dir='ltr'><strong>myrrha</strong></span> <span class='ocrx_word' id='word_1_233' title='bbox 811 3513 867 3560; x_wconf 91' lang='lat' dir='ltr'><strong>et</strong></span> <span class='ocrx_word' id='word_1_234' title='bbox 913 3505 1032 3561; x_wconf 89' lang='lat' dir='ltr'><strong>aloe</strong></span> <span class='ocrx_word' id='word_1_235' title='bbox 1083 3505 1454 3576; x_wconf 78' lang='lat' dir='ltr'><strong>conglutinata</strong></span> <span class='ocrx_word' id='word_1_236' title='bbox 1507 3503 1728 3559; x_wconf 77' lang='lat' dir='ltr'><strong>fuerant</strong></span> <span class='ocrx_word' id='word_1_237' title='bbox 1778 3505 1941 3559; x_wconf 82' lang='lat' dir='ltr'><strong>lintea</strong></span> 
     </span>
    </p>
   </div>
   <div class='ocr_carea' id='block_1_38' title="bbox 354 3597 1943 3672">
    <p class='ocr_par' dir='ltr' id='par_1_38' title="bbox 354 3597 1943 3672">
     <span class='ocr_line' id='line_1_38' title="bbox 354 3597 1943 3672; baseline 0 -19"><span class='ocrx_word' id='word_1_238' title='bbox 354 3614 479 3653; x_wconf 91' lang='lat' dir='ltr'><strong>cum</strong></span> <span class='ocrx_word' id='word_1_239' title='bbox 504 3597 717 3653; x_wconf 91' lang='lat' dir='ltr'><strong>Domini</strong></span> <span class='ocrx_word' id='word_1_240' title='bbox 743 3614 973 3668; x_wconf 89' lang='lat' dir='ltr'><strong>corpore</strong></span> <span class='ocrx_word' id='word_1_241' title='bbox 999 3599 1131 3672; x_wconf 88' lang='lat' dir='ltr'><strong>(vim</strong></span> <span class='ocrx_word' id='word_1_242' title='bbox 1166 3599 1381 3655; x_wconf 87' lang='lat' dir='ltr'><strong>scilicet</strong></span> <span class='ocrx_word' id='word_1_243' title='bbox 1404 3600 1495 3654; x_wconf 91' lang='lat' dir='ltr'><strong>illa</strong></span> <span class='ocrx_word' id='word_1_244' title='bbox 1526 3598 1725 3654; x_wconf 89' lang='lat' dir='ltr'><strong>habent</strong></span> <span class='ocrx_word' id='word_1_245' title='bbox 1755 3599 1943 3653; x_wconf 66' lang='lat' dir='ltr'><strong>adhae-</strong></span> 
     </span>
    </p>
   </div>
   <div class='ocr_carea' id='block_1_39' title="bbox 350 3688 1945 3757">
    <p class='ocr_par' dir='ltr' id='par_1_39' title="bbox 350 3688 1945 3757">
     <span class='ocr_line' id='line_1_39' title="bbox 350 3688 1945 3757; baseline 0.001 -15"><span class='ocrx_word' id='word_1_246' title='bbox 350 3688 628 3752; x_wconf 83' lang='lat' dir='ltr'><strong>rescendi,</strong></span> <span class='ocrx_word' id='word_1_247' title='bbox 664 3702 730 3743; x_wconf 90' lang='lat' dir='ltr'><strong>ae</strong></span> <span class='ocrx_word' id='word_1_248' title='bbox 784 3688 1001 3745; x_wconf 78' lang='lat' dir='ltr'><strong>diﬁicile</strong></span> <span class='ocrx_word' id='word_1_249' title='bbox 1053 3689 1483 3757; x_wconf 87' lang='lat' dir='ltr'><strong>distrahuntur),</strong></span> <span class='ocrx_word' id='word_1_250' title='bbox 1520 3688 1722 3744; x_wconf 69' lang='lat' dir='ltr'><strong>divinae</strong></span> <span class='ocrx_word' id='word_1_251' title='bbox 1774 3688 1945 3744; x_wconf 89' lang='lat' dir='ltr'><strong>solius</strong></span> 
     </span>
    </p>
   </div>
   <div class='ocr_carea' id='block_1_40' title="bbox 353 3779 1942 3851">
    <p class='ocr_par' dir='ltr' id='par_1_40' title="bbox 353 3779 1942 3851">
     <span class='ocr_line' id='line_1_40' title="bbox 353 3779 1942 3851; baseline 0.003 -19"><span class='ocrx_word' id='word_1_252' title='bbox 353 3789 471 3832; x_wconf 80' lang='lat' dir='ltr'><strong>erat</strong></span> <span class='ocrx_word' id='word_1_253' title='bbox 514 3779 735 3835; x_wconf 81' lang='lat' dir='ltr'><strong>virtutis</strong></span> <span class='ocrx_word' id='word_1_254' title='bbox 768 3795 831 3835; x_wconf 90' lang='lat' dir='ltr'><strong>ea</strong></span> <span class='ocrx_word' id='word_1_255' title='bbox 877 3780 1035 3837; x_wconf 81' lang='lat' dir='ltr'><strong>facile</strong></span> <span class='ocrx_word' id='word_1_256' title='bbox 1061 3795 1349 3836; x_wconf 84' lang='lat' dir='ltr'><strong>secernere</strong></span> <span class='ocrx_word' id='word_1_257' title='bbox 1382 3794 1411 3834; x_wconf 89' lang='lat' dir='ltr'><strong>a</strong></span> <span class='ocrx_word' id='word_1_258' title='bbox 1442 3795 1693 3851; x_wconf 89' lang='lat' dir='ltr'><strong>corpore.</strong></span> <span class='ocrx_word' id='word_1_259' title='bbox 1724 3779 1860 3834; x_wconf 85' lang='lat' dir='ltr'><strong>Nam</strong></span> <span class='ocrx_word' id='word_1_260' title='bbox 1895 3781 1942 3836; x_wconf 86' lang='lat' dir='ltr'><strong>si</strong></span> 
     </span>
    </p>
   </div>
   <div class='ocr_carea' id='block_1_41' title="bbox 354 3868 1942 3944">
    <p class='ocr_par' dir='ltr' id='par_1_41' title="bbox 354 3868 1942 3944">
     <span class='ocr_line' id='line_1_41' title="bbox 354 3868 1942 3944; baseline 0.003 -19"><span class='ocrx_word' id='word_1_261' title='bbox 354 3868 505 3925; x_wconf 78' lang='lat' dir='ltr'><strong>fures</strong></span> <span class='ocrx_word' id='word_1_262' title='bbox 531 3871 991 3943; x_wconf 88' lang='lat' dir='ltr'><strong>insidiatoresqne</strong></span> <span class='ocrx_word' id='word_1_263' title='bbox 1043 3873 1296 3928; x_wconf 88' lang='lat' dir='ltr'><strong>nocturni</strong></span> <span class='ocrx_word' id='word_1_264' title='bbox 1321 3887 1518 3944; x_wconf 89' lang='lat' dir='ltr'><strong>corpus</strong></span> <span class='ocrx_word' id='word_1_265' title='bbox 1541 3872 1702 3929; x_wconf 82' lang='lat' dir='ltr'><strong>furati</strong></span> <span class='ocrx_word' id='word_1_266' title='bbox 1736 3884 1942 3941; x_wconf 85' lang='lat' dir='ltr'><strong>essent,</strong></span> 
     </span>
    </p>
   </div>
   <div class='ocr_carea' id='block_1_42' title="bbox 354 3964 1945 4037">
    <p class='ocr_par' dir='ltr' id='par_1_42' title="bbox 354 3964 1945 4037">
     <span class='ocr_line' id='line_1_42' title="bbox 354 3964 1945 4037; baseline 0.005 -21"><span class='ocrx_word' id='word_1_267' title='bbox 354 3978 462 4017; x_wconf 82' lang='lat' dir='ltr'><strong>non</strong></span> <span class='ocrx_word' id='word_1_268' title='bbox 484 3970 690 4018; x_wconf 87' lang='lat' dir='ltr'><strong>tantum</strong></span> <span class='ocrx_word' id='word_1_269' title='bbox 717 3964 1040 4020; x_wconf 79' lang='lat' dir='ltr'><strong>habuissent</strong></span> <span class='ocrx_word' id='word_1_270' title='bbox 1066 3964 1182 4032; x_wconf 90' lang='lat' dir='ltr'><strong>otii,</strong></span> <span class='ocrx_word' id='word_1_271' title='bbox 1210 3974 1270 4020; x_wconf 91' lang='lat' dir='ltr'><strong>ut</strong></span> <span class='ocrx_word' id='word_1_272' title='bbox 1299 3977 1522 4037; x_wconf 87' lang='lat' dir='ltr'><strong>possent</strong></span> <span class='ocrx_word' id='word_1_273' title='bbox 1553 3966 1705 4036; x_wconf 90' lang='lat' dir='ltr'><strong>prius</strong></span> <span class='ocrx_word' id='word_1_274' title='bbox 1737 3966 1945 4024; x_wconf 86' lang='lat' dir='ltr'><strong>nudare</strong></span> 
     </span>
    </p>
   </div>
   <div class='ocr_carea' id='block_1_43' title="bbox 356 4043 1944 4128">
    <p class='ocr_par' dir='ltr' id='par_1_43' title="bbox 356 4043 1944 4128">
     <span class='ocr_line' id='line_1_43' title="bbox 356 4043 1944 4128; baseline 0.004 -19"><span class='ocrx_word' id='word_1_275' title='bbox 356 4056 611 4120; x_wconf 81' lang='lat' dir='ltr'><strong>cadaver,</strong></span> <span class='ocrx_word' id='word_1_276' title='bbox 655 4071 782 4111; x_wconf 85' lang='lat' dir='ltr'><strong>cum</strong></span> <span class='ocrx_word' id='word_1_277' title='bbox 824 4057 1133 4126; x_wconf 74' lang='lat' dir='ltr'><strong>prtesertim</strong></span> <span class='ocrx_word' id='word_1_278' title='bbox 1193 4043 1417 4128; x_wconf 66' lang='lat' dir='ltr'><strong>myrrha</strong></span> <span class='ocrx_word' id='word_1_279' title='bbox 1468 4059 1746 4113; x_wconf 79' lang='lat' dir='ltr'><strong>conditum</strong></span> <span class='ocrx_word' id='word_1_280' title='bbox 1798 4068 1944 4115; x_wconf 77' lang='lat' dir='ltr'><strong>esset</strong></span> 
     </span>
    </p>
   </div>
   <div class='ocr_carea' id='block_1_44' title="bbox 358 4147 1947 4217">
    <p class='ocr_par' dir='ltr' id='par_1_44' title="bbox 358 4147 1947 4217">
     <span class='ocr_line' id='line_1_44' title="bbox 358 4147 1947 4217; baseline 0.006 -22"><span class='ocrx_word' id='word_1_281' title='bbox 358 4152 522 4211; x_wconf 88' lang='lat' dir='ltr'><strong>atque</strong></span> <span class='ocrx_word' id='word_1_282' title='bbox 567 4155 906 4212; x_wconf 85' lang='lat' dir='ltr'><strong>concretum,</strong></span> <span class='ocrx_word' id='word_1_283' title='bbox 944 4156 999 4202; x_wconf 86' lang='lat' dir='ltr'><strong>et</strong></span> <span class='ocrx_word' id='word_1_284' title='bbox 1038 4147 1283 4203; x_wconf 89' lang='lat' dir='ltr'><strong>custodia</strong></span> <span class='ocrx_word' id='word_1_285' title='bbox 1340 4148 1471 4202; x_wconf 91' lang='lat' dir='ltr'><strong>illud</strong></span> <span class='ocrx_word' id='word_1_286' title='bbox 1521 4159 1854 4217; x_wconf 79' lang='lat' dir='ltr'><strong>asservaret,</strong></span> <span class='ocrx_word' id='word_1_287' title='bbox 1890 4159 1947 4205; x_wconf 91' lang='lat' dir='ltr'><strong>et</strong></span> 
     </span>
    </p>
   </div>
   <div class='ocr_carea' id='block_1_45' title="bbox 360 4234 1944 4309">
    <p class='ocr_par' dir='ltr' id='par_1_45' title="bbox 360 4234 1944 4309">
     <span class='ocr_line' id='line_1_45' title="bbox 360 4234 1944 4309; baseline 0.008 -23"><span class='ocrx_word' id='word_1_288' title='bbox 360 4243 470 4287; x_wconf 87' lang='lat' dir='ltr'><strong>tam</strong></span> <span class='ocrx_word' id='word_1_289' title='bbox 504 4234 694 4303; x_wconf 79' lang='lat' dir='ltr'><strong>ingens</strong></span> <span class='ocrx_word' id='word_1_290' title='bbox 738 4253 927 4292; x_wconf 79' lang='lat' dir='ltr'><strong>saxum</strong></span> <span class='ocrx_word' id='word_1_291' title='bbox 976 4249 1392 4295; x_wconf 89' lang='lat' dir='ltr'><strong>monumentum</strong></span> <span class='ocrx_word' id='word_1_292' title='bbox 1426 4240 1759 4297; x_wconf 84' lang='lat' dir='ltr'><strong>Obstrueret.</strong></span> <span class='ocrx_word' id='word_1_293' title='bbox 1791 4242 1944 4309; x_wconf 87' lang='lat' dir='ltr'><strong>Quod</strong></span> 
     </span>
    </p>
   </div>
   <div class='ocr_carea' id='block_1_46' title="bbox 358 4322 1941 4402">
    <p class='ocr_par' dir='ltr' id='par_1_46' title="bbox 358 4322 1941 4402">
     <span class='ocr_line' id='line_1_46' title="bbox 358 4322 1941 4402; baseline 0.007 -25"><span class='ocrx_word' id='word_1_294' title='bbox 358 4322 403 4377; x_wconf 84' lang='lat' dir='ltr'><strong>si</strong></span> <span class='ocrx_word' id='word_1_295' title='bbox 439 4328 814 4393; x_wconf 87' lang='lat' dir='ltr'><strong>sepulcrorum</strong></span> <span class='ocrx_word' id='word_1_296' title='bbox 837 4328 1146 4394; x_wconf 78' lang='lat' dir='ltr'><strong>eii‘ossores,</strong></span> <span class='ocrx_word' id='word_1_297' title='bbox 1170 4330 1254 4386; x_wconf 86' lang='lat' dir='ltr'><strong>vel</strong></span> <span class='ocrx_word' id='word_1_298' title='bbox 1294 4340 1636 4402; x_wconf 83' lang='lat' dir='ltr'><strong>grassatores</strong></span> <span class='ocrx_word' id='word_1_299' title='bbox 1673 4333 1777 4388; x_wconf 91' lang='lat' dir='ltr'><strong>tale</strong></span> <span class='ocrx_word' id='word_1_300' title='bbox 1805 4334 1941 4390; x_wconf 81' lang='lat' dir='ltr'><strong>t‘aci-</strong></span> 
     </span>
    </p>
   </div>
   <div class='ocr_carea' id='block_1_47' title="bbox 2045 544 3632 617">
    <p class='ocr_par' dir='ltr' id='par_1_47' title="bbox 2045 544 3632 617">
     <span class='ocr_line' id='line_1_47' title="bbox 2045 544 3632 617; baseline 0.001 -18"><span class='ocrx_word' id='word_1_301' title='bbox 2045 545 2242 617; x_wconf 81' lang='grc' dir='ltr'>ἁληθετ</span> <span class='ocrx_word' id='word_1_302' title='bbox 2265 545 2410 615; x_wconf 85' lang='grc' dir='ltr'>λόγῳ</span> <span class='ocrx_word' id='word_1_303' title='bbox 2435 544 2537 615; x_wconf 87' lang='grc' dir='ltr'>τῆς</span> <span class='ocrx_word' id='word_1_304' title='bbox 2565 545 2826 609; x_wconf 84' lang='grc' dir='ltr'>πίστεως.</span> <span class='ocrx_word' id='word_1_305' title='bbox 2860 545 2973 598; x_wconf 85' lang='grc' dir='ltr'><strong>Καὶ</strong></span> <span class='ocrx_word' id='word_1_306' title='bbox 3005 544 3181 608; x_wconf 72' lang='grc' dir='ltr'>ἄλλως</span> <span class='ocrx_word' id='word_1_307' title='bbox 3213 545 3270 599; x_wconf 72' lang='grc' dir='ltr'>δὲ</span> <span class='ocrx_word' id='word_1_308' title='bbox 3302 544 3393 599; x_wconf 73' lang='grc' dir='ltr'><strong>διὰ</strong></span> <span class='ocrx_word' id='word_1_309' title='bbox 3418 547 3632 601; x_wconf 86' lang='grc' dir='ltr'>τούτων</span> 
     </span>
    </p>
   </div>
   <div class='ocr_carea' id='block_1_48' title="bbox 2042 636 3634 711">
    <p class='ocr_par' dir='ltr' id='par_1_48' title="bbox 2042 636 3634 711">
     <span class='ocr_line' id='line_1_48' title="bbox 2042 636 3634 711; baseline 0.001 -20"><span class='ocrx_word' id='word_1_310' title='bbox 2042 639 2153 693; x_wconf 86' lang='grc' dir='ltr'><strong>τῶν</strong></span> <span class='ocrx_word' id='word_1_311' title='bbox 2200 638 2461 711; x_wconf 78' lang='grc' dir='ltr'><strong>μαθητῶν</strong></span> <span class='ocrx_word' id='word_1_312' title='bbox 2494 639 2590 691; x_wconf 77' lang='grc' dir='ltr'>καὶ</span> <span class='ocrx_word' id='word_1_313' title='bbox 2636 638 2741 708; x_wconf 82' lang='grc' dir='ltr'>τῆς</span> <span class='ocrx_word' id='word_1_314' title='bbox 2789 636 3046 709; x_wconf 76' lang='grc' dir='ltr'>πράξεως</span> <span class='ocrx_word' id='word_1_315' title='bbox 3096 638 3192 691; x_wconf 76' lang='grc' dir='ltr'>καὶ</span> <span class='ocrx_word' id='word_1_316' title='bbox 3240 638 3345 706; x_wconf 78' lang='grc' dir='ltr'><strong>τῆς</strong></span> <span class='ocrx_word' id='word_1_317' title='bbox 3390 638 3634 709; x_wconf 79' lang='grc' dir='ltr'>θεωρίας</span> 
     </span>
    </p>
   </div>
   <div class='ocr_carea' id='block_1_49' title="bbox 2046 730 3629 803">
    <p class='ocr_par' dir='ltr' id='par_1_49' title="bbox 2046 730 3629 803">
     <span class='ocr_line' id='line_1_49' title="bbox 2046 730 3629 803; baseline 0.001 -20"><span class='ocrx_word' id='word_1_318' title='bbox 2046 731 2312 803; x_wconf 71' lang='grc' dir='ltr'><strong>ἰδιότητες</strong></span> <span class='ocrx_word' id='word_1_319' title='bbox 2337 732 2670 785; x_wconf 76' lang='grc' dir='ltr'><strong>δείκνυνται.</strong></span> <span class='ocrx_word' id='word_1_320' title='bbox 2713 730 2773 785; x_wconf 86' lang='lat'><strong>&#39;0</strong></span> <span class='ocrx_word' id='word_1_321' title='bbox 2808 730 2908 801; x_wconf 72' lang='grc' dir='ltr'>μὲν</span> <span class='ocrx_word' id='word_1_322' title='bbox 2938 730 3049 801; x_wconf 83' lang='grc' dir='ltr'><strong>γὰρ</strong></span> <span class='ocrx_word' id='word_1_323' title='bbox 3083 730 3291 800; x_wconf 77' lang='grc' dir='ltr'>Πέτρος</span> <span class='ocrx_word' id='word_1_324' title='bbox 3323 731 3629 800; x_wconf 72' lang='grc' dir='ltr'>ἠρνήσατο,</span> 
     </span>
    </p>
   </div>
   <div class='ocr_carea' id='block_1_50' title="bbox 2044 818 3634 893">
    <p class='ocr_par' dir='ltr' id='par_1_50' title="bbox 2044 818 3634 893">
     <span class='ocr_line' id='line_1_50' title="bbox 2044 818 3634 893; baseline -0.001 -19"><span class='ocrx_word' id='word_1_325' title='bbox 2044 818 2301 892; x_wconf 73' lang='grc' dir='ltr'>Ἰωάννης</span> <span class='ocrx_word' id='word_1_326' title='bbox 2341 822 2417 891; x_wconf 76' lang='grc' dir='ltr'>δέξ</span> <span class='ocrx_word' id='word_1_327' title='bbox 2447 822 2748 891; x_wconf 82' lang='grc' dir='ltr'>άκλόνητος</span> <span class='ocrx_word' id='word_1_328' title='bbox 2799 822 3043 893; x_wconf 75' lang='grc' dir='ltr'><strong>ἔμεινεν.</strong></span> <span class='ocrx_word' id='word_1_329' title='bbox 3086 821 3148 875; x_wconf 87' lang='lat'><strong>&#39;0</strong></span> <span class='ocrx_word' id='word_1_330' title='bbox 3194 821 3296 890; x_wconf 80' lang='grc' dir='ltr'>μὲν</span> <span class='ocrx_word' id='word_1_331' title='bbox 3327 822 3436 890; x_wconf 85' lang='grc' dir='ltr'>γὰρ</span> <span class='ocrx_word' id='word_1_332' title='bbox 3486 839 3634 890; x_wconf 82' lang='grc' dir='ltr'>πρα-</span> 
     </span>
    </p>
   </div>
   <div class='ocr_carea' id='block_1_51' title="bbox 2042 907 3627 982">
    <p class='ocr_par' dir='ltr' id='par_1_51' title="bbox 2042 907 3627 982">
     <span class='ocr_line' id='line_1_51' title="bbox 2042 907 3627 982; baseline -0.004 -16"><span class='ocrx_word' id='word_1_333' title='bbox 2042 912 2235 977; x_wconf 81' lang='grc' dir='ltr'>κτικὸς</span> <span class='ocrx_word' id='word_1_334' title='bbox 2251 912 2390 982; x_wconf 76' lang='grc' dir='ltr'>ἀνήρ</span> <span class='ocrx_word' id='word_1_335' title='bbox 2413 912 2585 977; x_wconf 87' lang='grc' dir='ltr'>ἐστιν,</span> <span class='ocrx_word' id='word_1_336' title='bbox 2603 911 2693 964; x_wconf 82' lang='grc' dir='ltr'>ὅτε</span> <span class='ocrx_word' id='word_1_337' title='bbox 2719 909 3099 965; x_wconf 85' lang='grc' dir='ltr'>ἀπολισθαίνει</span> <span class='ocrx_word' id='word_1_338' title='bbox 3119 907 3217 962; x_wconf 79' lang='grc' dir='ltr'>τοῦ</span> <span class='ocrx_word' id='word_1_339' title='bbox 3238 908 3473 972; x_wconf 78' lang='grc' dir='ltr'>σίκότος,</span> <span class='ocrx_word' id='word_1_340' title='bbox 3497 907 3530 977; x_wconf 80' lang='grc' dir='ltr'>ἢ</span> <span class='ocrx_word' id='word_1_341' title='bbox 3557 908 3627 961; x_wconf 84' lang='grc' dir='ltr'><strong>δι’</strong></span> 
     </span>
    </p>
   </div>
   <div class='ocr_carea' id='block_1_52' title="bbox 2043 999 3632 1073">
    <p class='ocr_par' dir='ltr' id='par_1_52' title="bbox 2043 999 3632 1073">
     <span class='ocr_line' id='line_1_52' title="bbox 2043 999 3632 1073; baseline -0.005 -15"><span class='ocrx_word' id='word_1_342' title='bbox 2043 1004 2334 1058; x_wconf 80' lang='grc' dir='ltr'>ἀσθένειαν</span> <span class='ocrx_word' id='word_1_343' title='bbox 2381 1003 2659 1073; x_wconf 87' lang='grc' dir='ltr'>σώματος,</span> <span class='ocrx_word' id='word_1_344' title='bbox 2691 1003 2725 1072; x_wconf 81' lang='grc' dir='ltr'>ἢ</span> <span class='ocrx_word' id='word_1_345' title='bbox 2756 1001 2846 1057; x_wconf 84' lang='grc' dir='ltr'>διὰ</span> <span class='ocrx_word' id='word_1_346' title='bbox 2878 1001 3163 1071; x_wconf 83' lang='grc' dir='ltr'><strong>λογισμῶν</strong></span> <span class='ocrx_word' id='word_1_347' title='bbox 3197 1000 3328 1062; x_wconf 79' lang='grc' dir='ltr'>ἴσως</span> <span class='ocrx_word' id='word_1_348' title='bbox 3359 999 3632 1070; x_wconf 83' lang='grc' dir='ltr'>χαυνότη-</span> 
     </span>
    </p>
   </div>
   <div class='ocr_carea' id='block_1_53' title="bbox 2042 1090 3632 1166">
    <p class='ocr_par' dir='ltr' id='par_1_53' title="bbox 2042 1090 3632 1166">
     <span class='ocr_line' id='line_1_53' title="bbox 2042 1090 3632 1166; baseline -0.004 -16"><span class='ocrx_word' id='word_1_349' title='bbox 2042 1114 2112 1150; x_wconf 87' lang='grc' dir='ltr'><strong>τα</strong></span> <span class='ocrx_word' id='word_1_350' title='bbox 2141 1114 2155 1128; x_wconf 78' lang='grc' dir='ltr'><strong><em>ο</em></strong></span> <span class='ocrx_word' id='word_1_351' title='bbox 2189 1097 2284 1150; x_wconf 71' lang='grc' dir='ltr'>καὶ</span> <span class='ocrx_word' id='word_1_352' title='bbox 2309 1096 2432 1166; x_wconf 77' lang='grc' dir='ltr'>τρὶς</span> <span class='ocrx_word' id='word_1_353' title='bbox 2462 1096 2715 1166; x_wconf 79' lang='grc' dir='ltr'><strong>ἀρνεῖται</strong></span> <span class='ocrx_word' id='word_1_354' title='bbox 2743 1095 2839 1149; x_wconf 78' lang='grc' dir='ltr'>τὸν</span> <span class='ocrx_word' id='word_1_355' title='bbox 2862 1093 3094 1163; x_wconf 70' lang='grc' dir='ltr'>Κύριον,</span> <span class='ocrx_word' id='word_1_356' title='bbox 3122 1091 3154 1163; x_wconf 81' lang='grc' dir='ltr'>ἢ</span> <span class='ocrx_word' id='word_1_357' title='bbox 3188 1091 3333 1148; x_wconf 79' lang='grc' dir='ltr'>κατὰ</span> <span class='ocrx_word' id='word_1_358' title='bbox 3357 1090 3449 1144; x_wconf 80' lang='grc' dir='ltr'>τὸν</span> <span class='ocrx_word' id='word_1_359' title='bbox 3472 1090 3632 1158; x_wconf 85' lang='grc' dir='ltr'>λόγον</span> 
     </span>
    </p>
   </div>
   <div class='ocr_carea' id='block_1_54' title="bbox 2043 1182 3635 1259">
    <p class='ocr_par' dir='ltr' id='par_1_54' title="bbox 2043 1182 3635 1259">
     <span class='ocr_line' id='line_1_54' title="bbox 2043 1182 3635 1259; baseline -0.005 -18"><span class='ocrx_word' id='word_1_360' title='bbox 2043 1187 2210 1242; x_wconf 84' lang='grc' dir='ltr'>αύτδν</span> <span class='ocrx_word' id='word_1_361' title='bbox 2246 1187 2544 1258; x_wconf 71' lang='grc' dir='ltr'>ἀθετήσας,</span> <span class='ocrx_word' id='word_1_362' title='bbox 2592 1187 2627 1259; x_wconf 84' lang='grc' dir='ltr'>ἢ</span> <span class='ocrx_word' id='word_1_363' title='bbox 2688 1186 2847 1259; x_wconf 86' lang='grc' dir='ltr'><strong>θυμῷ</strong></span> <span class='ocrx_word' id='word_1_364' title='bbox 2904 1184 3079 1251; x_wconf 76' lang='grc' dir='ltr'>εἴξας,</span> <span class='ocrx_word' id='word_1_365' title='bbox 3124 1186 3157 1254; x_wconf 83' lang='grc' dir='ltr'>ἢ</span> <span class='ocrx_word' id='word_1_366' title='bbox 3209 1183 3478 1254; x_wconf 75' lang='grc' dir='ltr'>ἐπιθυμίᾳ</span> <span class='ocrx_word' id='word_1_367' title='bbox 3521 1182 3635 1235; x_wconf 78' lang='grc' dir='ltr'>τινὶ</span> 
     </span>
    </p>
   </div>
   <div class='ocr_carea' id='block_1_55' title="bbox 2043 1273 3635 1352">
    <p class='ocr_par' dir='ltr' id='par_1_55' title="bbox 2043 1273 3635 1352">
     <span class='ocr_line' id='line_1_55' title="bbox 2043 1273 3635 1352; baseline -0.005 -17"><span class='ocrx_word' id='word_1_368' title='bbox 2043 1283 2287 1352; x_wconf 79' lang='grc' dir='ltr'>ἀπρεπεί</span> <span class='ocrx_word' id='word_1_369' title='bbox 2314 1279 2783 1351; x_wconf 77' lang='grc' dir='ltr'>δουλαγωγηθείς.</span> <span class='ocrx_word' id='word_1_370' title='bbox 2832 1278 2950 1348; x_wconf 76' lang='grc' dir='ltr'><strong>Ἐφ’</strong></span> <span class='ocrx_word' id='word_1_371' title='bbox 2989 1273 3071 1342; x_wconf 81' lang='grc' dir='ltr'>οἶς</span> <span class='ocrx_word' id='word_1_372' title='bbox 3104 1278 3132 1331; x_wconf 80' lang='grc' dir='ltr'><strong>ό</strong></span> <span class='ocrx_word' id='word_1_373' title='bbox 3161 1276 3413 1346; x_wconf 82' lang='grc' dir='ltr'><strong>ἀλέκτωρ</strong></span> <span class='ocrx_word' id='word_1_374' title='bbox 3446 1275 3635 1344; x_wconf 72' lang='grc' dir='ltr'>ςωνή-</span> 
     </span>
    </p>
   </div>
   <div class='ocr_carea' id='block_1_56' title="bbox 2044 1362 3635 1438">
    <p class='ocr_par' dir='ltr' id='par_1_56' title="bbox 2044 1362 3635 1438">
     <span class='ocr_line' id='line_1_56' title="bbox 2044 1362 3635 1438; baseline -0.008 -13"><span class='ocrx_word' id='word_1_375' title='bbox 2044 1389 2164 1435; x_wconf 81' lang='grc' dir='ltr'>σας.</span> <span class='ocrx_word' id='word_1_376' title='bbox 2195 1372 2253 1435; x_wconf 85' lang='grc' dir='ltr'>ὃς</span> <span class='ocrx_word' id='word_1_377' title='bbox 2280 1373 2395 1424; x_wconf 84' lang='grc' dir='ltr'>ἐστι</span> <span class='ocrx_word' id='word_1_378' title='bbox 2428 1370 2523 1424; x_wconf 83' lang='grc' dir='ltr'>τοῦ</span> <span class='ocrx_word' id='word_1_379' title='bbox 2560 1369 2869 1431; x_wconf 78' lang='grc' dir='ltr'><strong>συνειδότος</strong></span> <span class='ocrx_word' id='word_1_380' title='bbox 2898 1370 2927 1423; x_wconf 88' lang='grc' dir='ltr'><strong>ό</strong></span> <span class='ocrx_word' id='word_1_381' title='bbox 2975 1368 3256 1438; x_wconf 80' lang='grc' dir='ltr'>ἄγρυπνος</span> <span class='ocrx_word' id='word_1_382' title='bbox 3302 1362 3503 1433; x_wconf 81' lang='grc' dir='ltr'>φύλαξ,</span> <span class='ocrx_word' id='word_1_383' title='bbox 3548 1363 3635 1424; x_wconf 81' lang='grc' dir='ltr'><strong>είς</strong></span> 
     </span>
    </p>
   </div>
   <div class='ocr_carea' id='block_1_57' title="bbox 2043 1453 3635 1536">
    <p class='ocr_par' dir='ltr' id='par_1_57' title="bbox 2043 1453 3635 1536">
     <span class='ocr_line' id='line_1_57' title="bbox 2043 1453 3635 1536; baseline -0.008 -18"><span class='ocrx_word' id='word_1_384' title='bbox 2043 1462 2299 1536; x_wconf 77' lang='grc' dir='ltr'>αἴσθησιν</span> <span class='ocrx_word' id='word_1_385' title='bbox 2330 1463 2494 1516; x_wconf 73' lang='grc' dir='ltr'>αὐτὸν</span> <span class='ocrx_word' id='word_1_386' title='bbox 2528 1462 2809 1532; x_wconf 77' lang='grc' dir='ltr'><strong>διεγείρει,</strong></span> <span class='ocrx_word' id='word_1_387' title='bbox 2845 1453 2920 1513; x_wconf 82' lang='grc' dir='ltr'>ὧν</span> <span class='ocrx_word' id='word_1_388' title='bbox 2958 1458 3412 1529; x_wconf 82' lang='grc' dir='ltr'>ἐπλημμέλησεν.</span> <span class='ocrx_word' id='word_1_389' title='bbox 3469 1456 3526 1507; x_wconf 90' lang='grc' dir='ltr'>Ὀ</span> <span class='ocrx_word' id='word_1_390' title='bbox 3576 1455 3635 1507; x_wconf 88' lang='grc' dir='ltr'><strong>δέ</strong></span> 
     </span>
    </p>
   </div>
   <div class='ocr_carea' id='block_1_58' title="bbox 2048 1550 3639 1628">
    <p class='ocr_par' dir='ltr' id='par_1_58' title="bbox 2048 1550 3639 1628">
     <span class='ocr_line' id='line_1_58' title="bbox 2048 1550 3639 1628; baseline -0.009 -17"><span class='ocrx_word' id='word_1_391' title='bbox 2048 1557 2187 1628; x_wconf 85' lang='grc' dir='ltr'>μετὰ</span> <span class='ocrx_word' id='word_1_392' title='bbox 2226 1557 2330 1625; x_wconf 71' lang='grc' dir='ltr'>τὴν</span> <span class='ocrx_word' id='word_1_393' title='bbox 2366 1555 2565 1623; x_wconf 78' lang='grc' dir='ltr'>πρᾶξιν</span> <span class='ocrx_word' id='word_1_394' title='bbox 2612 1554 2690 1624; x_wconf 86' lang='grc' dir='ltr'>τῷ</span> <span class='ocrx_word' id='word_1_395' title='bbox 2737 1554 2881 1623; x_wconf 75' lang='grc' dir='ltr'>φωτὶ</span> <span class='ocrx_word' id='word_1_396' title='bbox 2924 1551 3025 1620; x_wconf 82' lang='grc' dir='ltr'>τῆς</span> <span class='ocrx_word' id='word_1_397' title='bbox 3060 1550 3300 1619; x_wconf 77' lang='grc' dir='ltr'><strong>θεωρίας</strong></span> <span class='ocrx_word' id='word_1_398' title='bbox 3352 1562 3639 1608; x_wconf 80' lang='grc' dir='ltr'>καταυγα-</span> 
     </span>
    </p>
   </div>
   <div class='ocr_carea' id='block_1_59' title="bbox 2046 1638 3640 1719">
    <p class='ocr_par' dir='ltr' id='par_1_59' title="bbox 2046 1638 3640 1719">
     <span class='ocr_line' id='line_1_59' title="bbox 2046 1638 3640 1719; baseline -0.001 -17"><span class='ocrx_word' id='word_1_399' title='bbox 2046 1650 2197 1713; x_wconf 70' lang='grc' dir='ltr'>σθεὶς</span> <span class='ocrx_word' id='word_1_400' title='bbox 2251 1649 2357 1719; x_wconf 80' lang='grc' dir='ltr'>τὴν</span> <span class='ocrx_word' id='word_1_401' title='bbox 2408 1648 2609 1719; x_wconf 81' lang='grc' dir='ltr'>ψυχὴν,</span> <span class='ocrx_word' id='word_1_402' title='bbox 2670 1646 2767 1699; x_wconf 82' lang='grc' dir='ltr'>καὶ</span> <span class='ocrx_word' id='word_1_403' title='bbox 2831 1646 2948 1706; x_wconf 81' lang='grc' dir='ltr'>υίὸς</span> <span class='ocrx_word' id='word_1_404' title='bbox 2994 1641 3306 1710; x_wconf 81' lang='grc' dir='ltr'>θεολογίας,</span> <span class='ocrx_word' id='word_1_405' title='bbox 3353 1641 3429 1707; x_wconf 85' lang='grc' dir='ltr'>ὠς</span> <span class='ocrx_word' id='word_1_406' title='bbox 3475 1642 3502 1694; x_wconf 84' lang='grc' dir='ltr'>ὁ</span> <span class='ocrx_word' id='word_1_407' title='bbox 3535 1638 3640 1708; x_wconf 78' lang='grc' dir='ltr'><strong>τῆς</strong></span> 
     </span>
    </p>
   </div>
   <div class='ocr_carea' id='block_1_60' title="bbox 2048 1734 3639 1813">
    <p class='ocr_par' dir='ltr' id='par_1_60' title="bbox 2048 1734 3639 1813">
     <span class='ocr_line' id='line_1_60' title="bbox 2048 1734 3639 1813; baseline -0.008 -17"><span class='ocrx_word' id='word_1_408' title='bbox 2048 1743 2282 1813; x_wconf 77' lang='grc' dir='ltr'>βροντῆς</span> <span class='ocrx_word' id='word_1_409' title='bbox 2318 1741 2433 1804; x_wconf 78' lang='grc' dir='ltr'>υίὸς</span> <span class='ocrx_word' id='word_1_410' title='bbox 2479 1738 2744 1807; x_wconf 85' lang='grc' dir='ltr'>γεγονὼς,</span> <span class='ocrx_word' id='word_1_411' title='bbox 2806 1738 3073 1791; x_wconf 78' lang='grc' dir='ltr'>οὐδέποτε</span> <span class='ocrx_word' id='word_1_412' title='bbox 3099 1734 3196 1789; x_wconf 84' lang='grc' dir='ltr'><strong>τοῦ</strong></span> <span class='ocrx_word' id='word_1_413' title='bbox 3231 1734 3419 1796; x_wconf 65' lang='grc' dir='ltr'>εὐθέος</span> <span class='ocrx_word' id='word_1_414' title='bbox 3451 1750 3639 1801; x_wconf 80' lang='grc' dir='ltr'>παρα-</span> 
     </span>
    </p>
   </div>
   <div class='ocr_carea' id='block_1_61' title="bbox 1972 1821 3640 1903">
    <p class='ocr_par' dir='ltr' id='par_1_61' title="bbox 1972 1821 3640 1903">
     <span class='ocr_line' id='line_1_61' title="bbox 1972 1821 3640 1903; baseline -0.004 -21"><span class='ocrx_word' id='word_1_415' title='bbox 1972 1824 2014 1882; x_wconf 68' lang='lat' dir='ltr'><strong>l3</strong></span> <span class='ocrx_word' id='word_1_416' title='bbox 2045 1835 2418 1903; x_wconf 77' lang='grc' dir='ltr'>τραπήσεται.</span> <span class='ocrx_word' id='word_1_417' title='bbox 2482 1829 2649 1884; x_wconf 74' lang='grc' dir='ltr'>Ἀλλὰ</span> <span class='ocrx_word' id='word_1_418' title='bbox 2699 1828 2798 1898; x_wconf 83' lang='grc' dir='ltr'>τὴν</span> <span class='ocrx_word' id='word_1_419' title='bbox 2866 1824 3236 1896; x_wconf 78' lang='grc' dir='ltr'>εύαγγελικὴν</span> <span class='ocrx_word' id='word_1_420' title='bbox 3282 1822 3432 1889; x_wconf 81' lang='grc' dir='ltr'>λέξιν</span> <span class='ocrx_word' id='word_1_421' title='bbox 3479 1821 3640 1885; x_wconf 78' lang='grc' dir='ltr'>αὖθις</span> 
     </span>
    </p>
   </div>
   <div class='ocr_carea' id='block_1_62' title="bbox 2047 1923 2510 1993">
    <p class='ocr_par' dir='ltr' id='par_1_62' title="bbox 2047 1923 2510 1993">
     <span class='ocr_line' id='line_1_62' title="bbox 2047 1923 2510 1993; baseline -0.009 -15"><span class='ocrx_word' id='word_1_422' title='bbox 2047 1923 2379 1978; x_wconf 80' lang='grc' dir='ltr'>ἐπαναλάὅω</span> <span class='ocrx_word' id='word_1_423' title='bbox 2386 1940 2510 1993; x_wconf 90' lang='grc' dir='ltr'>μεν.</span> 
     </span>
    </p>
   </div>
   <div class='ocr_carea' id='block_1_63' title="bbox 2122 2010 3639 2088">
    <p class='ocr_par' dir='ltr' id='par_1_63' title="bbox 2122 2010 3639 2088">
     <span class='ocr_line' id='line_1_63' title="bbox 2122 2010 3639 2088; baseline -0.005 -19"><span class='ocrx_word' id='word_1_424' title='bbox 2122 2037 2141 2069; x_wconf 77' lang='grc' dir='ltr'><strong>ι</strong></span> <span class='ocrx_word' id='word_1_425' title='bbox 2184 2020 2295 2072; x_wconf 76' lang='grc' dir='ltr'><strong>Καὶ</strong></span> <span class='ocrx_word' id='word_1_426' title='bbox 2322 2015 2662 2088; x_wconf 79' lang='grc' dir='ltr'>παρακύψας</span> <span class='ocrx_word' id='word_1_427' title='bbox 2705 2014 2897 2085; x_wconf 80' lang='grc' dir='ltr'>βλέπει</span> <span class='ocrx_word' id='word_1_428' title='bbox 2924 2013 2999 2067; x_wconf 81' lang='grc' dir='ltr'>τὰ</span> <span class='ocrx_word' id='word_1_429' title='bbox 3042 2011 3229 2068; x_wconf 84' lang='grc' dir='ltr'>ὀθόνια</span> <span class='ocrx_word' id='word_1_430' title='bbox 3275 2011 3527 2081; x_wconf 82' lang='grc' dir='ltr'>κείμενα,</span> <span class='ocrx_word' id='word_1_431' title='bbox 3574 2010 3639 2061; x_wconf 79' lang='grc' dir='ltr'><strong>ού</strong></span> 
     </span>
    </p>
   </div>
   <div class='ocr_carea' id='block_1_64' title="bbox 2048 2100 3639 2180">
    <p class='ocr_par' dir='ltr' id='par_1_64' title="bbox 2048 2100 3639 2180">
     <span class='ocr_line' id='line_1_64' title="bbox 2048 2100 3639 2180; baseline -0.006 -17"><span class='ocrx_word' id='word_1_432' title='bbox 2048 2100 2236 2180; x_wconf 74' lang='grc' dir='ltr'>μέντοι</span> <span class='ocrx_word' id='word_1_433' title='bbox 2267 2109 2538 2179; x_wconf 74' lang='grc' dir='ltr'>εἰσῆλθεν.</span> <span class='ocrx_word' id='word_1_434' title='bbox 2613 2128 2630 2160; x_wconf 76' lang='grc' dir='ltr'><strong>ι</strong></span> <span class='ocrx_word' id='word_1_435' title='bbox 2715 2107 3041 2180; x_wconf 86' lang='grc' dir='ltr'>Προέδραμε</span> <span class='ocrx_word' id='word_1_436' title='bbox 3118 2106 3219 2175; x_wconf 72' lang='grc' dir='ltr'>μὲν</span> <span class='ocrx_word' id='word_1_437' title='bbox 3288 2107 3318 2157; x_wconf 86' lang='grc' dir='ltr'>ὁ</span> <span class='ocrx_word' id='word_1_438' title='bbox 3376 2104 3639 2165; x_wconf 75' lang='grc' dir='ltr'>Ἰωάννης</span> 
     </span>
    </p>
   </div>
   <div class='ocr_carea' id='block_1_65' title="bbox 2044 2196 3643 2274">
    <p class='ocr_par' dir='ltr' id='par_1_65' title="bbox 2044 2196 3643 2274">
     <span class='ocr_line' id='line_1_65' title="bbox 2044 2196 3643 2274; baseline -0.006 -15"><span class='ocrx_word' id='word_1_439' title='bbox 2044 2203 2469 2274; x_wconf 80' lang='grc' dir='ltr'>κραιπνοτέροις</span> <span class='ocrx_word' id='word_1_440' title='bbox 2520 2202 2675 2267; x_wconf 77' lang='grc' dir='ltr'>ποσὶ,</span> <span class='ocrx_word' id='word_1_441' title='bbox 2710 2202 2771 2254; x_wconf 82' lang='grc' dir='ltr'>οὐ</span> <span class='ocrx_word' id='word_1_442' title='bbox 2808 2202 2996 2270; x_wconf 88' lang='grc' dir='ltr'>μέντοι</span> <span class='ocrx_word' id='word_1_443' title='bbox 3021 2198 3132 2253; x_wconf 88' lang='grc' dir='ltr'><strong>τῶν</strong></span> <span class='ocrx_word' id='word_1_444' title='bbox 3160 2197 3309 2251; x_wconf 78' lang='grc' dir='ltr'>ἔνδον</span> <span class='ocrx_word' id='word_1_445' title='bbox 3344 2196 3643 2264; x_wconf 75' lang='grc' dir='ltr'>θεαμάτων</span> 
     </span>
    </p>
   </div>
   <div class='ocr_carea' id='block_1_66' title="bbox 2044 2288 3640 2363">
    <p class='ocr_par' dir='ltr' id='par_1_66' title="bbox 2044 2288 3640 2363">
     <span class='ocr_line' id='line_1_66' title="bbox 2044 2288 3640 2363; baseline -0.008 -16"><span class='ocrx_word' id='word_1_446' title='bbox 2044 2295 2258 2363; x_wconf 77' lang='grc' dir='ltr'>γίνεται</span> <span class='ocrx_word' id='word_1_447' title='bbox 2275 2293 2503 2363; x_wconf 83' lang='grc' dir='ltr'>θεωρός.</span> <span class='ocrx_word' id='word_1_448' title='bbox 2523 2293 2786 2346; x_wconf 87' lang='grc' dir='ltr'>Ὀπισθου</span> <span class='ocrx_word' id='word_1_449' title='bbox 2797 2291 2981 2361; x_wconf 89' lang='grc' dir='ltr'>ραγῶν</span> <span class='ocrx_word' id='word_1_450' title='bbox 2999 2291 3058 2344; x_wconf 75' lang='grc' dir='ltr'>δὲ</span> <span class='ocrx_word' id='word_1_451' title='bbox 3080 2289 3287 2359; x_wconf 80' lang='grc' dir='ltr'>Πέτρος</span> <span class='ocrx_word' id='word_1_452' title='bbox 3316 2288 3640 2357; x_wconf 77' lang='grc' dir='ltr'>ἀσθμαίνων</span> 
     </span>
    </p>
   </div>
   <div class='ocr_carea' id='block_1_67' title="bbox 2045 2376 3639 2470">
    <p class='ocr_par' dir='ltr' id='par_1_67' title="bbox 2045 2376 3639 2470">
     <span class='ocr_line' id='line_1_67' title="bbox 2045 2376 3639 2470; baseline -0.006 -30"><span class='ocrx_word' id='word_1_453' title='bbox 2045 2386 2313 2470; x_wconf 61' lang='grc' dir='ltr'>κατέλαδε</span> <span class='ocrx_word' id='word_1_454' title='bbox 2367 2403 2381 2416; x_wconf 92' lang='grc'><strong>·</strong></span> <span class='ocrx_word' id='word_1_455' title='bbox 2415 2386 2512 2439; x_wconf 79' lang='grc' dir='ltr'>καὶ</span> <span class='ocrx_word' id='word_1_456' title='bbox 2560 2384 2695 2437; x_wconf 77' lang='grc' dir='ltr'>εἵσω</span> <span class='ocrx_word' id='word_1_457' title='bbox 2765 2384 3063 2453; x_wconf 83' lang='grc' dir='ltr'>γενόμενος</span> <span class='ocrx_word' id='word_1_458' title='bbox 3119 2381 3230 2433; x_wconf 87' lang='grc' dir='ltr'><strong>τῶν</strong></span> <span class='ocrx_word' id='word_1_459' title='bbox 3285 2380 3493 2434; x_wconf 81' lang='grc' dir='ltr'>ἀδύτων</span> <span class='ocrx_word' id='word_1_460' title='bbox 3542 2376 3639 2431; x_wconf 82' lang='grc' dir='ltr'><strong>τοῦ</strong></span> 
     </span>
    </p>
   </div>
   <div class='ocr_carea' id='block_1_68' title="bbox 2033 2467 3641 2551">
    <p class='ocr_par' dir='ltr' id='par_1_68' title="bbox 2033 2467 3641 2551">
     <span class='ocr_line' id='line_1_68' title="bbox 2033 2467 3641 2551; baseline -0.006 -23"><span class='ocrx_word' id='word_1_461' title='bbox 2033 2467 2358 2547; x_wconf 54' lang='grc' dir='ltr'>’μνήματὀς,</span> <span class='ocrx_word' id='word_1_462' title='bbox 2389 2475 2493 2545; x_wconf 80' lang='grc' dir='ltr'>ὁρᾷ</span> <span class='ocrx_word' id='word_1_463' title='bbox 2522 2475 2589 2527; x_wconf 82' lang='grc' dir='ltr'><strong>τὰ</strong></span> <span class='ocrx_word' id='word_1_464' title='bbox 2623 2473 2844 2528; x_wconf 82' lang='grc' dir='ltr'>κάκεῖθι</span> <span class='ocrx_word' id='word_1_465' title='bbox 2898 2473 3203 2543; x_wconf 78' lang='grc' dir='ltr'>μυστήρια.</span> <span class='ocrx_word' id='word_1_466' title='bbox 3246 2470 3403 2551; x_wconf 50' lang='lat' dir='ltr'><strong>Merit</strong></span> <span class='ocrx_word' id='word_1_467' title='bbox 3446 2467 3641 2521; x_wconf 83' lang='grc' dir='ltr'>τοῦτον</span> 
     </span>
    </p>
   </div>
   <div class='ocr_carea' id='block_1_69' title="bbox 2042 2552 3637 2637">
    <p class='ocr_par' dir='ltr' id='par_1_69' title="bbox 2042 2552 3637 2637">
     <span class='ocr_line' id='line_1_69' title="bbox 2042 2552 3637 2637; baseline -0.006 -16"><span class='ocrx_word' id='word_1_468' title='bbox 2042 2568 2100 2621; x_wconf 80' lang='grc' dir='ltr'>δὲ</span> <span class='ocrx_word' id='word_1_469' title='bbox 2129 2568 2224 2621; x_wconf 71' lang='grc' dir='ltr'>καὶ</span> <span class='ocrx_word' id='word_1_470' title='bbox 2254 2567 2513 2637; x_wconf 79' lang='grc' dir='ltr'>Ἰωάννης</span> <span class='ocrx_word' id='word_1_471' title='bbox 2538 2565 2876 2637; x_wconf 77' lang='grc' dir='ltr'>εἰσέρχεται.</span> <span class='ocrx_word' id='word_1_472' title='bbox 2907 2564 3067 2619; x_wconf 76' lang='grc' dir='ltr'>Οὕτω</span> <span class='ocrx_word' id='word_1_473' title='bbox 3092 2565 3290 2633; x_wconf 47' lang='grc' dir='ltr'>κᾶνπῇ</span> <span class='ocrx_word' id='word_1_474' title='bbox 3316 2552 3637 2631; x_wconf 56' lang='grc' dir='ltr'>Τιβεριάδος</span> 
     </span>
    </p>
   </div>
   <div class='ocr_carea' id='block_1_70' title="bbox 2045 2653 3639 2730">
    <p class='ocr_par' dir='ltr' id='par_1_70' title="bbox 2045 2653 3639 2730">
     <span class='ocr_line' id='line_1_70' title="bbox 2045 2653 3639 2730; baseline -0.004 -18"><span class='ocrx_word' id='word_1_475' title='bbox 2045 2660 2210 2730; x_wconf 80' lang='grc' dir='ltr'>λίμνῃ</span> <span class='ocrx_word' id='word_1_476' title='bbox 2269 2659 2488 2729; x_wconf 85' lang='grc' dir='ltr'>πρῶτος</span> <span class='ocrx_word' id='word_1_477' title='bbox 2558 2658 2661 2728; x_wconf 80' lang='grc' dir='ltr'>μὲν</span> <span class='ocrx_word' id='word_1_478' title='bbox 2701 2659 2917 2726; x_wconf 80' lang='grc' dir='ltr'><strong>ἐπέγνω</strong></span> <span class='ocrx_word' id='word_1_479' title='bbox 2966 2658 3059 2710; x_wconf 74' lang='grc' dir='ltr'><strong>τὸν</strong></span> <span class='ocrx_word' id='word_1_480' title='bbox 3126 2656 3353 2726; x_wconf 80' lang='grc' dir='ltr'>Κύριον,</span> <span class='ocrx_word' id='word_1_481' title='bbox 3412 2656 3505 2706; x_wconf 62' lang='grc' dir='ltr'>καὶ</span> <span class='ocrx_word' id='word_1_482' title='bbox 3558 2653 3639 2721; x_wconf 81' lang='grc' dir='ltr'>τῷ</span> 
     </span>
    </p>
   </div>
   <div class='ocr_carea' id='block_1_71' title="bbox 2044 2748 3635 2824">
    <p class='ocr_par' dir='ltr' id='par_1_71' title="bbox 2044 2748 3635 2824">
     <span class='ocr_line' id='line_1_71' title="bbox 2044 2748 3635 2824; baseline -0.004 -17"><span class='ocrx_word' id='word_1_483' title='bbox 2044 2754 2239 2823; x_wconf 76' lang='grc' dir='ltr'>Πέτρῳ</span> <span class='ocrx_word' id='word_1_484' title='bbox 2301 2754 2623 2824; x_wconf 79' lang='grc' dir='ltr'>μεμήνυκεν</span> <span class='ocrx_word' id='word_1_485' title='bbox 2679 2768 2693 2783; x_wconf 75' lang='grc' dir='ltr'><strong><em>ο</em></strong></span> <span class='ocrx_word' id='word_1_486' title='bbox 2753 2753 2891 2805; x_wconf 83' lang='grc' dir='ltr'>ἀλλὰ</span> <span class='ocrx_word' id='word_1_487' title='bbox 2941 2753 3153 2822; x_wconf 82' lang='grc' dir='ltr'>Πέτρος</span> <span class='ocrx_word' id='word_1_488' title='bbox 3212 2748 3635 2821; x_wconf 79' lang='grc' dir='ltr'>διανηξάμενος,</span> 
     </span>
    </p>
   </div>
   <div class='ocr_carea' id='block_1_72' title="bbox 2046 2844 2958 2917">
    <p class='ocr_par' dir='ltr' id='par_1_72' title="bbox 2046 2844 2958 2917">
     <span class='ocr_line' id='line_1_72' title="bbox 2046 2844 2958 2917; baseline -0.004 -17"><span class='ocrx_word' id='word_1_489' title='bbox 2046 2846 2267 2915; x_wconf 80' lang='grc' dir='ltr'>πρῶτος</span> <span class='ocrx_word' id='word_1_490' title='bbox 2300 2844 2380 2915; x_wconf 82' lang='grc' dir='ltr'>τῷ</span> <span class='ocrx_word' id='word_1_491' title='bbox 2412 2846 2663 2917; x_wconf 74' lang='grc' dir='ltr'>Δεσπότῃ</span> <span class='ocrx_word' id='word_1_492' title='bbox 2685 2844 2958 2913; x_wconf 83' lang='grc' dir='ltr'>ἐνέτυχεν.</span> 
     </span>
    </p>
   </div>
   <div class='ocr_carea' id='block_1_73' title="bbox 2124 2931 3632 3006">
    <p class='ocr_par' dir='ltr' id='par_1_73' title="bbox 2124 2931 3632 3006">
     <span class='ocr_line' id='line_1_73' title="bbox 2124 2931 3632 3006; baseline -0.002 -18"><span class='ocrx_word' id='word_1_493' title='bbox 2124 2956 2143 2988; x_wconf 70' lang='grc' dir='ltr'><strong>ι</strong></span> <span class='ocrx_word' id='word_1_494' title='bbox 2186 2938 2451 3006; x_wconf 83' lang='grc' dir='ltr'>Ἔρχεται</span> <span class='ocrx_word' id='word_1_495' title='bbox 2482 2936 2578 2991; x_wconf 70' lang='grc' dir='ltr'><strong>οὖν</strong></span> <span class='ocrx_word' id='word_1_496' title='bbox 2628 2936 2815 3005; x_wconf 72' lang='grc' dir='ltr'>Σίμων</span> <span class='ocrx_word' id='word_1_497' title='bbox 2860 2938 3072 3006; x_wconf 82' lang='grc' dir='ltr'>Πέτρος</span> <span class='ocrx_word' id='word_1_498' title='bbox 3098 2933 3411 2988; x_wconf 72' lang='grc' dir='ltr'>ἀκολουθῶν</span> <span class='ocrx_word' id='word_1_499' title='bbox 3459 2931 3632 3002; x_wconf 83' lang='grc' dir='ltr'>αύτῷ.</span> 
     </span>
    </p>
   </div>
   <div class='ocr_carea' id='block_1_74' title="bbox 2046 3023 3636 3097">
    <p class='ocr_par' dir='ltr' id='par_1_74' title="bbox 2046 3023 3636 3097">
     <span class='ocr_line' id='line_1_74' title="bbox 2046 3023 3636 3097; baseline -0.005 -15"><span class='ocrx_word' id='word_1_500' title='bbox 2046 3028 2144 3082; x_wconf 74' lang='grc' dir='ltr'>καὶ</span> <span class='ocrx_word' id='word_1_501' title='bbox 2168 3026 2423 3097; x_wconf 80' lang='grc' dir='ltr'>εἰσῆλθεν</span> <span class='ocrx_word' id='word_1_502' title='bbox 2449 3028 2528 3090; x_wconf 81' lang='grc' dir='ltr'><strong>είς</strong></span> <span class='ocrx_word' id='word_1_503' title='bbox 2551 3028 2613 3080; x_wconf 76' lang='grc' dir='ltr'>τὸ</span> <span class='ocrx_word' id='word_1_504' title='bbox 2648 3026 2940 3097; x_wconf 60' lang='grc' dir='ltr'>μνημεῖρν,</span> <span class='ocrx_word' id='word_1_505' title='bbox 2986 3028 3084 3079; x_wconf 62' lang='grc' dir='ltr'><strong>κοιλ⁵</strong></span> <span class='ocrx_word' id='word_1_506' title='bbox 3122 3025 3326 3096; x_wconf 83' lang='grc' dir='ltr'>θεωρεῖ</span> <span class='ocrx_word' id='word_1_507' title='bbox 3351 3024 3420 3078; x_wconf 80' lang='grc' dir='ltr'><strong>τὰ</strong></span> <span class='ocrx_word' id='word_1_508' title='bbox 3450 3023 3636 3077; x_wconf 78' lang='grc' dir='ltr'>ὀθόνια</span> 
     </span>
    </p>
   </div>
   <div class='ocr_carea' id='block_1_75' title="bbox 2047 3114 3639 3190">
    <p class='ocr_par' dir='ltr' id='par_1_75' title="bbox 2047 3114 3639 3190">
     <span class='ocr_line' id='line_1_75' title="bbox 2047 3114 3639 3190; baseline -0.004 -14"><span class='ocrx_word' id='word_1_509' title='bbox 2047 3120 2298 3190; x_wconf 83' lang='grc' dir='ltr'>κείμενα,</span> <span class='ocrx_word' id='word_1_510' title='bbox 2329 3119 2518 3173; x_wconf 77' lang='grc' dir='ltr'>καὶτὸ</span> <span class='ocrx_word' id='word_1_511' title='bbox 2548 3120 2836 3190; x_wconf 79' lang='grc' dir='ltr'>σουδάριον</span> <span class='ocrx_word' id='word_1_512' title='bbox 2857 3160 2870 3181; x_wconf 92' lang='grc'><strong>,</strong></span> <span class='ocrx_word' id='word_1_513' title='bbox 2909 3119 2937 3172; x_wconf 84' lang='grc' dir='ltr'><strong>ὃ</strong></span> <span class='ocrx_word' id='word_1_514' title='bbox 2970 3115 3040 3190; x_wconf 80' lang='grc' dir='ltr'>ἦν</span> <span class='ocrx_word' id='word_1_515' title='bbox 3088 3119 3183 3171; x_wconf 66' lang='grc' dir='ltr'>ἐπὶ</span> <span class='ocrx_word' id='word_1_516' title='bbox 3228 3122 3328 3189; x_wconf 86' lang='grc' dir='ltr'>τῆς</span> <span class='ocrx_word' id='word_1_517' title='bbox 3385 3114 3639 3186; x_wconf 78' lang='grc' dir='ltr'>κεφαλῆς</span> 
     </span>
    </p>
   </div>
   <div class='ocr_carea' id='block_1_76' title="bbox 2045 3210 3639 3285">
    <p class='ocr_par' dir='ltr' id='par_1_76' title="bbox 2045 3210 3639 3285">
     <span class='ocr_line' id='line_1_76' title="bbox 2045 3210 3639 3285; baseline -0.001 -17"><span class='ocrx_word' id='word_1_518' title='bbox 2045 3213 2235 3280; x_wconf 80' lang='grc' dir='ltr'>αὐτοῦ,</span> <span class='ocrx_word' id='word_1_519' title='bbox 2268 3214 2329 3267; x_wconf 84' lang='grc' dir='ltr'>οὐ</span> <span class='ocrx_word' id='word_1_520' title='bbox 2359 3214 2499 3285; x_wconf 85' lang='grc' dir='ltr'>μετὰ</span> <span class='ocrx_word' id='word_1_521' title='bbox 2527 3214 2637 3267; x_wconf 88' lang='grc' dir='ltr'><strong>τῶν</strong></span> <span class='ocrx_word' id='word_1_522' title='bbox 2682 3213 2910 3267; x_wconf 79' lang='grc' dir='ltr'>ὀθονίων</span> <span class='ocrx_word' id='word_1_523' title='bbox 2963 3211 3239 3283; x_wconf 86' lang='grc' dir='ltr'>κείμενον,</span> <span class='ocrx_word' id='word_1_524' title='bbox 3273 3211 3413 3266; x_wconf 77' lang='grc' dir='ltr'>ἀλλὰ</span> <span class='ocrx_word' id='word_1_525' title='bbox 3463 3210 3639 3281; x_wconf 74' lang='grc' dir='ltr'>χωρὶς</span> 
     </span>
    </p>
   </div>
   <div class='ocr_carea' id='block_1_77' title="bbox 2045 3304 3638 3377">
    <p class='ocr_par' dir='ltr' id='par_1_77' title="bbox 2045 3304 3638 3377">
     <span class='ocr_line' id='line_1_77' title="bbox 2045 3304 3638 3377; baseline -0.003 -16"><span class='ocrx_word' id='word_1_526' title='bbox 2045 3307 2502 3377; x_wconf 72' lang='grc' dir='ltr'>ἐντετυλιγμένον</span> <span class='ocrx_word' id='word_1_527' title='bbox 2559 3308 2644 3370; x_wconf 83' lang='grc' dir='ltr'><strong>εἰς</strong></span> <span class='ocrx_word' id='word_1_528' title='bbox 2692 3307 2791 3360; x_wconf 73' lang='grc' dir='ltr'>ἕνα</span> <span class='ocrx_word' id='word_1_529' title='bbox 2822 3306 3010 3360; x_wconf 87' lang='grc' dir='ltr'>τόπον.</span> <span class='ocrx_word' id='word_1_530' title='bbox 3050 3325 3068 3358; x_wconf 77' lang='grc' dir='ltr'><strong>ι</strong></span> <span class='ocrx_word' id='word_1_531' title='bbox 3127 3306 3193 3358; x_wconf 83' lang='grc' dir='ltr'><em>Ἢ</em></span> <span class='ocrx_word' id='word_1_532' title='bbox 3248 3307 3359 3358; x_wconf 88' lang='grc' dir='ltr'><strong>τῶν</strong></span> <span class='ocrx_word' id='word_1_533' title='bbox 3414 3304 3638 3357; x_wconf 76' lang='grc' dir='ltr'>ὀθονίων</span> 
     </span>
    </p>
   </div>
   <div class='ocr_carea' id='block_1_78' title="bbox 2045 3392 3638 3471">
    <p class='ocr_par' dir='ltr' id='par_1_78' title="bbox 2045 3392 3638 3471">
     <span class='ocr_line' id='line_1_78' title="bbox 2045 3392 3638 3471; baseline -0.005 -18"><span class='ocrx_word' id='word_1_534' title='bbox 2045 3398 2143 3453; x_wconf 88' lang='grc' dir='ltr'><strong>θέα</strong></span> <span class='ocrx_word' id='word_1_535' title='bbox 2178 3398 2421 3471; x_wconf 81' lang='grc' dir='ltr'>ἐναργὴς</span> <span class='ocrx_word' id='word_1_536' title='bbox 2467 3392 2537 3469; x_wconf 79' lang='grc' dir='ltr'>ἦν</span> <span class='ocrx_word' id='word_1_537' title='bbox 2569 3398 2671 3469; x_wconf 86' lang='grc' dir='ltr'>τῆς</span> <span class='ocrx_word' id='word_1_538' title='bbox 2720 3396 3081 3459; x_wconf 81' lang='grc' dir='ltr'>ἀναστάσεως</span> <span class='ocrx_word' id='word_1_539' title='bbox 3121 3394 3370 3460; x_wconf 74' lang='grc' dir='ltr'>ἔνδειξις.</span> <span class='ocrx_word' id='word_1_540' title='bbox 3419 3393 3638 3462; x_wconf 82' lang='grc' dir='ltr'>Ἐπειδὴ</span> 
     </span>
    </p>
   </div>
   <div class='ocr_carea' id='block_1_79' title="bbox 2043 3482 3639 3564">
    <p class='ocr_par' dir='ltr' id='par_1_79' title="bbox 2043 3482 3639 3564">
     <span class='ocr_line' id='line_1_79' title="bbox 2043 3482 3639 3564; baseline -0.004 -19"><span class='ocrx_word' id='word_1_541' title='bbox 2043 3493 2155 3564; x_wconf 88' lang='grc' dir='ltr'>γὰρ</span> <span class='ocrx_word' id='word_1_542' title='bbox 2211 3491 2427 3563; x_wconf 82' lang='grc' dir='ltr'>σμύρνῃ</span> <span class='ocrx_word' id='word_1_543' title='bbox 2487 3491 2584 3545; x_wconf 75' lang='grc' dir='ltr'>καὶ</span> <span class='ocrx_word' id='word_1_544' title='bbox 2641 3489 2776 3560; x_wconf 77' lang='grc' dir='ltr'>ἀλόῃ</span> <span class='ocrx_word' id='word_1_545' title='bbox 2841 3487 3296 3558; x_wconf 73' lang='grc' dir='ltr'>ἐγκεκολλημένα</span> <span class='ocrx_word' id='word_1_546' title='bbox 3367 3482 3510 3558; x_wconf 82' lang='grc' dir='ltr'>ἦσαν</span> <span class='ocrx_word' id='word_1_547' title='bbox 3557 3484 3639 3554; x_wconf 86' lang='grc' dir='ltr'><strong>τῷ</strong></span> 
     </span>
    </p>
   </div>
   <div class='ocr_carea' id='block_1_80' title="bbox 2044 3577 3638 3653">
    <p class='ocr_par' dir='ltr' id='par_1_80' title="bbox 2044 3577 3638 3653">
     <span class='ocr_line' id='line_1_80' title="bbox 2044 3577 3638 3653; baseline -0.005 -16"><span class='ocrx_word' id='word_1_548' title='bbox 2044 3583 2369 3653; x_wconf 87' lang='grc' dir='ltr'>Δεσποτικῷ</span> <span class='ocrx_word' id='word_1_549' title='bbox 2402 3581 2621 3653; x_wconf 83' lang='grc' dir='ltr'>σώματι</span> <span class='ocrx_word' id='word_1_550' title='bbox 2647 3581 2718 3636; x_wconf 81' lang='grc' dir='ltr'><strong>τὰ</strong></span> <span class='ocrx_word' id='word_1_551' title='bbox 2748 3580 2933 3635; x_wconf 84' lang='grc' dir='ltr'>ὀθόνια</span> <span class='ocrx_word' id='word_1_552' title='bbox 2975 3579 3302 3653; x_wconf 71' lang='grc' dir='ltr'>[κολλητικὰ</span> <span class='ocrx_word' id='word_1_553' title='bbox 3355 3579 3412 3633; x_wconf 84' lang='grc' dir='ltr'>δὲ</span> <span class='ocrx_word' id='word_1_554' title='bbox 3456 3577 3638 3631; x_wconf 77' lang='grc' dir='ltr'>ταῦτα</span> 
     </span>
    </p>
   </div>
   <div class='ocr_carea' id='block_1_81' title="bbox 2046 3664 3641 3747">
    <p class='ocr_par' dir='ltr' id='par_1_81' title="bbox 2046 3664 3641 3747">
     <span class='ocr_line' id='line_1_81' title="bbox 2046 3664 3641 3747; baseline -0.006 -16"><span class='ocrx_word' id='word_1_555' title='bbox 2046 3677 2142 3731; x_wconf 73' lang='lat' dir='ltr'><strong>nati.</strong></span> <span class='ocrx_word' id='word_1_556' title='bbox 2196 3673 2632 3747; x_wconf 86' lang='grc' dir='ltr'>δυσαπόστατα],</span> <span class='ocrx_word' id='word_1_557' title='bbox 2671 3674 2826 3739; x_wconf 83' lang='grc' dir='ltr'>θείας</span> <span class='ocrx_word' id='word_1_558' title='bbox 2885 3673 3174 3745; x_wconf 88' lang='grc' dir='ltr'>δυνάμεως</span> <span class='ocrx_word' id='word_1_559' title='bbox 3234 3672 3405 3743; x_wconf 86' lang='grc' dir='ltr'>μόνης</span> <span class='ocrx_word' id='word_1_560' title='bbox 3457 3664 3526 3743; x_wconf 68' lang='grc' dir='ltr'>ἦν</span> <span class='ocrx_word' id='word_1_561' title='bbox 3578 3669 3641 3721; x_wconf 82' lang='grc' dir='ltr'>τὸ</span> 
     </span>
    </p>
   </div>
   <div class='ocr_carea' id='block_1_82' title="bbox 2045 3766 3639 3842">
    <p class='ocr_par' dir='ltr' id='par_1_82' title="bbox 2045 3766 3639 3842">
     <span class='ocr_line' id='line_1_82' title="bbox 2045 3766 3639 3842; baseline -0.003 -18"><span class='ocrx_word' id='word_1_562' title='bbox 2045 3769 2294 3824; x_wconf 81' lang='grc' dir='ltr'>τοιοῦτον</span> <span class='ocrx_word' id='word_1_563' title='bbox 2331 3769 2531 3842; x_wconf 77' lang='grc' dir='ltr'>ῥαδίως</span> <span class='ocrx_word' id='word_1_564' title='bbox 2565 3768 2709 3822; x_wconf 85' lang='grc' dir='ltr'>αὐτὰ</span> <span class='ocrx_word' id='word_1_565' title='bbox 2735 3767 2831 3823; x_wconf 82' lang='grc' dir='ltr'><strong>τοῦ</strong></span> <span class='ocrx_word' id='word_1_566' title='bbox 2864 3767 3126 3839; x_wconf 86' lang='grc' dir='ltr'>σώματος</span> <span class='ocrx_word' id='word_1_567' title='bbox 3158 3767 3387 3833; x_wconf 80' lang='grc' dir='ltr'>ἐξελεῖν.</span> <span class='ocrx_word' id='word_1_568' title='bbox 3435 3767 3497 3819; x_wconf 82' lang='lat' dir='ltr'><strong>Et</strong></span> <span class='ocrx_word' id='word_1_569' title='bbox 3528 3766 3639 3837; x_wconf 79' lang='grc' dir='ltr'>γὰρ</span> 
     </span>
    </p>
   </div>
   <div class='ocr_carea' id='block_1_83' title="bbox 2049 3860 3639 3935">
    <p class='ocr_par' dir='ltr' id='par_1_83' title="bbox 2049 3860 3639 3935">
     <span class='ocr_line' id='line_1_83' title="bbox 2049 3860 3639 3935; baseline -0.003 -18"><span class='ocrx_word' id='word_1_570' title='bbox 2049 3863 2232 3935; x_wconf 80' lang='grc' dir='ltr'>φῶρες</span> <span class='ocrx_word' id='word_1_571' title='bbox 2251 3862 2346 3917; x_wconf 82' lang='grc' dir='ltr'>καὶ</span> <span class='ocrx_word' id='word_1_572' title='bbox 2361 3861 2681 3934; x_wconf 85' lang='grc' dir='ltr'>νυκτολόχοι</span> <span class='ocrx_word' id='word_1_573' title='bbox 2704 3861 2767 3916; x_wconf 84' lang='grc' dir='ltr'><strong>τδ</strong></span> <span class='ocrx_word' id='word_1_574' title='bbox 2788 3863 2951 3932; x_wconf 90' lang='grc' dir='ltr'>σῶμα</span> <span class='ocrx_word' id='word_1_575' title='bbox 2970 3861 3264 3934; x_wconf 89' lang='grc' dir='ltr'>ἐσύλησαν,</span> <span class='ocrx_word' id='word_1_576' title='bbox 3283 3862 3346 3915; x_wconf 86' lang='grc' dir='ltr'><strong>ού</strong></span> <span class='ocrx_word' id='word_1_577' title='bbox 3366 3860 3639 3928; x_wconf 81' lang='grc' dir='ltr'>τοσαύτην</span> 
     </span>
    </p>
   </div>
   <div class='ocr_carea' id='block_1_84' title="bbox 2048 3951 3638 4027">
    <p class='ocr_par' dir='ltr' id='par_1_84' title="bbox 2048 3951 3638 4027">
     <span class='ocr_line' id='line_1_84' title="bbox 2048 3951 3638 4027; baseline -0.003 -18"><span class='ocrx_word' id='word_1_578' title='bbox 2048 3951 2196 4025; x_wconf 71' lang='grc' dir='ltr'>εἶχον</span> <span class='ocrx_word' id='word_1_579' title='bbox 2225 3953 2447 4026; x_wconf 79' lang='grc' dir='ltr'>σχολὴν,</span> <span class='ocrx_word' id='word_1_580' title='bbox 2480 3953 2557 4018; x_wconf 86' lang='grc' dir='ltr'><strong>ῶς</strong></span> <span class='ocrx_word' id='word_1_581' title='bbox 2580 3951 2937 4025; x_wconf 79' lang='grc' dir='ltr'>ἀπογυμνοῦν</span> <span class='ocrx_word' id='word_1_582' title='bbox 2970 3954 3242 4027; x_wconf 87' lang='grc' dir='ltr'>πρότερον</span> <span class='ocrx_word' id='word_1_583' title='bbox 3283 3953 3379 4007; x_wconf 71' lang='grc' dir='ltr'><strong>τὸν</strong></span> <span class='ocrx_word' id='word_1_584' title='bbox 3420 3952 3638 4024; x_wconf 70' lang='grc' dir='ltr'>νεκρὸν,</span> 
     </span>
    </p>
   </div>
   <div class='ocr_carea' id='block_1_85' title="bbox 2048 4044 3640 4120">
    <p class='ocr_par' dir='ltr' id='par_1_85' title="bbox 2048 4044 3640 4120">
     <span class='ocr_line' id='line_1_85' title="bbox 2048 4044 3640 4120; baseline -0.003 -17"><span class='ocrx_word' id='word_1_585' title='bbox 2048 4048 2355 4103; x_wconf 72' lang='grc' dir='ltr'>καὶταῦτα</span> <span class='ocrx_word' id='word_1_586' title='bbox 2401 4047 2852 4120; x_wconf 76' lang='grc' dir='ltr'>ἐσμυρνισμένον</span> <span class='ocrx_word' id='word_1_587' title='bbox 2903 4045 3000 4102; x_wconf 78' lang='grc' dir='ltr'>τοῦ</span> <span class='ocrx_word' id='word_1_588' title='bbox 3050 4046 3330 4119; x_wconf 78' lang='grc' dir='ltr'>σώματος,</span> <span class='ocrx_word' id='word_1_589' title='bbox 3388 4047 3484 4100; x_wconf 78' lang='grc' dir='ltr'>καὶ</span> <span class='ocrx_word' id='word_1_590' title='bbox 3538 4044 3640 4114; x_wconf 84' lang='grc' dir='ltr'>τῆς</span> 
     </span>
    </p>
   </div>
   <div class='ocr_carea' id='block_1_86' title="bbox 2047 4137 3638 4213">
    <p class='ocr_par' dir='ltr' id='par_1_86' title="bbox 2047 4137 3638 4213">
     <span class='ocr_line' id='line_1_86' title="bbox 2047 4137 3638 4213; baseline -0.003 -18"><span class='ocrx_word' id='word_1_591' title='bbox 2047 4141 2390 4205; x_wconf 82' lang='grc' dir='ltr'>κουστωδίας</span> <span class='ocrx_word' id='word_1_592' title='bbox 2446 4139 2824 4213; x_wconf 85' lang='grc' dir='ltr'>φρουρούσης,</span> <span class='ocrx_word' id='word_1_593' title='bbox 2877 4140 2974 4195; x_wconf 72' lang='grc' dir='ltr'>καὶ</span> <span class='ocrx_word' id='word_1_594' title='bbox 3025 4138 3121 4194; x_wconf 83' lang='grc' dir='ltr'><strong>τοῦ</strong></span> <span class='ocrx_word' id='word_1_595' title='bbox 3175 4140 3327 4194; x_wconf 77' lang='grc' dir='ltr'>λίθου</span> <span class='ocrx_word' id='word_1_596' title='bbox 3382 4137 3638 4193; x_wconf 87' lang='grc' dir='ltr'>τοσούτου</span> 
     </span>
    </p>
   </div>
   <div class='ocr_carea' id='block_1_87' title="bbox 2046 4231 3636 4306">
    <p class='ocr_par' dir='ltr' id='par_1_87' title="bbox 2046 4231 3636 4306">
     <span class='ocr_line' id='line_1_87' title="bbox 2046 4231 3636 4306; baseline -0.003 -18"><span class='ocrx_word' id='word_1_597' title='bbox 2046 4233 2404 4305; x_wconf 74' lang='grc' dir='ltr'>ἐπικειμένου</span> <span class='ocrx_word' id='word_1_598' title='bbox 2433 4232 2514 4306; x_wconf 83' lang='grc' dir='ltr'><strong>τῷ</strong></span> <span class='ocrx_word' id='word_1_599' title='bbox 2548 4234 2814 4305; x_wconf 83' lang='grc' dir='ltr'>μνήματι.</span> <span class='ocrx_word' id='word_1_600' title='bbox 2849 4232 2914 4288; x_wconf 86' lang='lat' dir='ltr'><strong>Ei</strong></span> <span class='ocrx_word' id='word_1_601' title='bbox 2946 4232 3003 4286; x_wconf 78' lang='grc' dir='ltr'>δὲ</span> <span class='ocrx_word' id='word_1_602' title='bbox 3027 4231 3418 4303; x_wconf 77' lang='grc' dir='ltr'>τυμϐωρύχοι,</span> <span class='ocrx_word' id='word_1_603' title='bbox 3465 4233 3498 4302; x_wconf 77' lang='grc' dir='ltr'><strong>ἢ</strong></span> <span class='ocrx_word' id='word_1_604' title='bbox 3526 4231 3636 4284; x_wconf 85' lang='grc' dir='ltr'>λω-</span> 
     </span>
    </p>
   </div>
   <div class='ocr_carea' id='block_1_88' title="bbox 2048 4323 3641 4397">
    <p class='ocr_par' dir='ltr' id='par_1_88' title="bbox 2048 4323 3641 4397">
     <span class='ocr_line' id='line_1_88' title="bbox 2048 4323 3641 4397; baseline -0.002 -18"><span class='ocrx_word' id='word_1_605' title='bbox 2048 4326 2279 4381; x_wconf 82' lang='grc' dir='ltr'>ποδύται</span> <span class='ocrx_word' id='word_1_606' title='bbox 2295 4326 2357 4380; x_wconf 85' lang='grc' dir='ltr'>τὸ</span> <span class='ocrx_word' id='word_1_607' title='bbox 2372 4325 2616 4380; x_wconf 83' lang='grc' dir='ltr'>τοιοῦτον</span> <span class='ocrx_word' id='word_1_608' title='bbox 2634 4325 2969 4397; x_wconf 71' lang='grc' dir='ltr'>εἰργάσαντο</span> <span class='ocrx_word' id='word_1_609' title='bbox 2992 4326 3274 4397; x_wconf 88' lang='grc' dir='ltr'>τόλμημα,</span> <span class='ocrx_word' id='word_1_610' title='bbox 3309 4323 3641 4394; x_wconf 79' lang='grc' dir='ltr'>μεταθέντες</span> 
     </span>
    </p>
   </div>
   <div class='ocr_carea' id='block_1_89' title="bbox 359 4417 1942 4506">
    <p class='ocr_par' dir='ltr' id='par_1_89' title="bbox 359 4421 1941 4496">
     <span class='ocr_line' id='line_1_89' title="bbox 359 4421 1941 4496; baseline 0.007 -27"><span class='ocrx_word' id='word_1_611' title='bbox 359 4431 466 4471; x_wconf 89' lang='lat' dir='ltr'><strong>nus</strong></span> <span class='ocrx_word' id='word_1_612' title='bbox 520 4421 638 4472; x_wconf 87' lang='lat' dir='ltr'><strong>ausi</strong></span> <span class='ocrx_word' id='word_1_613' title='bbox 693 4431 901 4483; x_wconf 88' lang='lat' dir='ltr'><strong>essent,</strong></span> <span class='ocrx_word' id='word_1_614' title='bbox 967 4424 1175 4478; x_wconf 89' lang='lat' dir='ltr'><strong>omisso</strong></span> <span class='ocrx_word' id='word_1_615' title='bbox 1233 4438 1464 4495; x_wconf 86' lang='lat' dir='ltr'><strong>corpore</strong></span> <span class='ocrx_word' id='word_1_616' title='bbox 1521 4425 1835 4496; x_wconf 87' lang='lat' dir='ltr'><strong>rapuissent</strong></span> <span class='ocrx_word' id='word_1_617' title='bbox 1880 4441 1941 4480; x_wconf 88' lang='lat' dir='ltr'><strong>ea</strong></span> 
     </span>
    </p>
   </div>
   <div class='ocr_carea' id='block_1_90' title="bbox 2049 4417 3641 4506">
    <p class='ocr_par' dir='ltr' id='par_1_90' title="bbox 2049 4417 3641 4493">
     <span class='ocr_line' id='line_1_90' title="bbox 2049 4417 3641 4493; baseline -0.003 -19"><span class='ocrx_word' id='word_1_618' title='bbox 2049 4420 2116 4475; x_wconf 78' lang='grc' dir='ltr'><strong>ἃν</strong></span> <span class='ocrx_word' id='word_1_619' title='bbox 2144 4420 2206 4474; x_wconf 82' lang='grc' dir='ltr'><strong>τὺ</strong></span> <span class='ocrx_word' id='word_1_620' title='bbox 2237 4421 2421 4490; x_wconf 84' lang='grc' dir='ltr'>σῶμα,</span> <span class='ocrx_word' id='word_1_621' title='bbox 2462 4421 2725 4493; x_wconf 78' lang='grc' dir='ltr'>ἥρπασαν</span> <span class='ocrx_word' id='word_1_622' title='bbox 2778 4420 3016 4492; x_wconf 85' lang='grc' dir='ltr'>μάλιστα</span> <span class='ocrx_word' id='word_1_623' title='bbox 3057 4419 3126 4475; x_wconf 82' lang='grc' dir='ltr'>τὰ</span> <span class='ocrx_word' id='word_1_624' title='bbox 3162 4419 3419 4489; x_wconf 78' lang='grc' dir='ltr'>ἐντάφια.</span> <span class='ocrx_word' id='word_1_625' title='bbox 3455 4419 3531 4470; x_wconf 86' lang='grc' dir='ltr'>Τὸ</span> <span class='ocrx_word' id='word_1_626' title='bbox 3580 4417 3641 4471; x_wconf 77' lang='grc' dir='ltr'>δὲ</span> 
     </span>
    </p>
   </div>
   <div class='ocr_carea' id='block_1_91' title="bbox 359 4505 1940 4586">
    <p class='ocr_par' dir='ltr' id='par_1_91' title="bbox 359 4505 1940 4586">
     <span class='ocr_line' id='line_1_91' title="bbox 359 4505 1940 4586; baseline 0.01 -30"><span class='ocrx_word' id='word_1_627' title='bbox 359 4505 596 4560; x_wconf 76' lang='lat' dir='ltr'><strong>maxime</strong></span> <span class='ocrx_word' id='word_1_628' title='bbox 627 4523 748 4578; x_wconf 67' lang='lat' dir='ltr'><strong>qua:</strong></span> <span class='ocrx_word' id='word_1_629' title='bbox 779 4510 831 4563; x_wconf 90' lang='lat' dir='ltr'><strong>in</strong></span> <span class='ocrx_word' id='word_1_630' title='bbox 873 4510 1124 4578; x_wconf 87' lang='lat' dir='ltr'><strong>sepulcro</strong></span> <span class='ocrx_word' id='word_1_631' title='bbox 1151 4522 1331 4568; x_wconf 88' lang='lat' dir='ltr'><strong>erant.</strong></span> <span class='ocrx_word' id='word_1_632' title='bbox 1362 4512 1437 4568; x_wconf 87' lang='lat' dir='ltr'><strong>Ea</strong></span> <span class='ocrx_word' id='word_1_633' title='bbox 1474 4530 1603 4568; x_wconf 85' lang='lat' dir='ltr'><strong>vero</strong></span> <span class='ocrx_word' id='word_1_634' title='bbox 1632 4514 1940 4586; x_wconf 88' lang='lat' dir='ltr'><strong>relinquere</strong></span> 
     </span>
    </p>
   </div>
   <div class='ocr_carea' id='block_1_92' title="bbox 362 4595 1941 4669">
    <p class='ocr_par' dir='ltr' id='par_1_92' title="bbox 362 4595 1941 4669">
     <span class='ocr_line' id='line_1_92' title="bbox 362 4595 1941 4669; baseline 0.007 -22"><span class='ocrx_word' id='word_1_635' title='bbox 362 4603 469 4648; x_wconf 85' lang='lat' dir='ltr'><strong>tam</strong></span> <span class='ocrx_word' id='word_1_636' title='bbox 500 4595 758 4652; x_wconf 85' lang='lat' dir='ltr'><strong>decenter</strong></span> <span class='ocrx_word' id='word_1_637' title='bbox 793 4599 1122 4669; x_wconf 83' lang='lat' dir='ltr'><strong>composita,</strong></span> <span class='ocrx_word' id='word_1_638' title='bbox 1149 4609 1205 4655; x_wconf 90' lang='lat' dir='ltr'><strong>et</strong></span> <span class='ocrx_word' id='word_1_639' title='bbox 1233 4612 1264 4654; x_wconf 85' lang='lat' dir='ltr'><strong>a</strong></span> <span class='ocrx_word' id='word_1_640' title='bbox 1292 4602 1508 4657; x_wconf 74' lang='lat' dir='ltr'><strong>caeteris</strong></span> <span class='ocrx_word' id='word_1_641' title='bbox 1556 4602 1738 4658; x_wconf 87' lang='lat' dir='ltr'><strong>linteis</strong></span> <span class='ocrx_word' id='word_1_642' title='bbox 1778 4604 1941 4659; x_wconf 66' lang='lat' dir='ltr'><strong>suda~</strong></span> 
     </span>
    </p>
   </div>
   <div class='ocr_carea' id='block_1_93' title="bbox 362 4689 1942 4761">
    <p class='ocr_par' dir='ltr' id='par_1_93' title="bbox 362 4689 1942 4761">
     <span class='ocr_line' id='line_1_93' title="bbox 362 4689 1942 4761; baseline 0.008 -22"><span class='ocrx_word' id='word_1_643' title='bbox 362 4689 505 4740; x_wconf 89' lang='lat' dir='ltr'><strong>rium</strong></span> <span class='ocrx_word' id='word_1_644' title='bbox 550 4690 878 4759; x_wconf 82' lang='lat' dir='ltr'><strong>sejungere,</strong></span> <span class='ocrx_word' id='word_1_645' title='bbox 932 4690 1097 4761; x_wconf 85' lang='lat' dir='ltr'><strong>idque</strong></span> <span class='ocrx_word' id='word_1_646' title='bbox 1146 4692 1453 4747; x_wconf 88' lang='lat' dir='ltr'><strong>involutum</strong></span> <span class='ocrx_word' id='word_1_647' title='bbox 1512 4703 1664 4749; x_wconf 88' lang='lat' dir='ltr'><strong>certo</strong></span> <span class='ocrx_word' id='word_1_648' title='bbox 1712 4694 1764 4748; x_wconf 92' lang='lat' dir='ltr'><strong>in</strong></span> <span class='ocrx_word' id='word_1_649' title='bbox 1820 4695 1942 4752; x_wconf 86' lang='lat' dir='ltr'><strong>loco</strong></span> 
     </span>
    </p>
   </div>
   <div class='ocr_carea' id='block_1_94' title="bbox 358 4783 1941 4855">
    <p class='ocr_par' dir='ltr' id='par_1_94' title="bbox 358 4783 1941 4855">
     <span class='ocr_line' id='line_1_94' title="bbox 358 4783 1941 4855; baseline 0.003 -23"><span class='ocrx_word' id='word_1_650' title='bbox 358 4793 644 4854; x_wconf 73' lang='lat' dir='ltr'><strong>seponere,</strong></span> <span class='ocrx_word' id='word_1_651' title='bbox 679 4784 805 4853; x_wconf 84' lang='lat' dir='ltr'><strong>quis</strong></span> <span class='ocrx_word' id='word_1_652' title='bbox 849 4783 1150 4839; x_wconf 86' lang='lat' dir='ltr'><strong>arbitretur</strong></span> <span class='ocrx_word' id='word_1_653' title='bbox 1196 4800 1382 4840; x_wconf 88' lang='lat' dir='ltr'><strong>eorum</strong></span> <span class='ocrx_word' id='word_1_654' title='bbox 1436 4783 1604 4841; x_wconf 79' lang='lat' dir='ltr'><strong>fuisse</strong></span> <span class='ocrx_word' id='word_1_655' title='bbox 1643 4786 1941 4855; x_wconf 79' lang='lat' dir='ltr'><strong>negotium,</strong></span> 
     </span>
    </p>
   </div>
   <div class='ocr_carea' id='block_1_95' title="bbox 2048 4508 3643 4586">
    <p class='ocr_par' dir='ltr' id='par_1_95' title="bbox 2048 4508 3643 4586">
     <span class='ocr_line' id='line_1_95' title="bbox 2048 4508 3643 4586; baseline 0 -21"><span class='ocrx_word' id='word_1_656' title='bbox 2048 4511 2193 4567; x_wconf 76' lang='grc' dir='ltr'>οὕτω</span> <span class='ocrx_word' id='word_1_657' title='bbox 2224 4513 2366 4567; x_wconf 75' lang='grc' dir='ltr'>κατὰ</span> <span class='ocrx_word' id='word_1_658' title='bbox 2398 4512 2606 4586; x_wconf 86' lang='grc' dir='ltr'>κόσμον</span> <span class='ocrx_word' id='word_1_659' title='bbox 2650 4514 2818 4569; x_wconf 80' lang='grc' dir='ltr'>ἐᾶσαι</span> <span class='ocrx_word' id='word_1_660' title='bbox 2851 4513 2990 4568; x_wconf 82' lang='grc' dir='ltr'>αὐτὰ</span> <span class='ocrx_word' id='word_1_661' title='bbox 3012 4554 3027 4580; x_wconf 91' lang='grc'><strong>,</strong></span> <span class='ocrx_word' id='word_1_662' title='bbox 3066 4511 3266 4567; x_wconf 87' lang='grc' dir='ltr'>διελεῖν</span> <span class='ocrx_word' id='word_1_663' title='bbox 3293 4529 3354 4566; x_wconf 83' lang='grc' dir='ltr'><strong>τε</strong></span> <span class='ocrx_word' id='word_1_664' title='bbox 3383 4512 3491 4565; x_wconf 77' lang='grc' dir='ltr'>ἀπὸ</span> <span class='ocrx_word' id='word_1_665' title='bbox 3528 4508 3643 4565; x_wconf 86' lang='grc' dir='ltr'><strong>τῶν</strong></span> 
     </span>
    </p>
   </div>
   <div class='ocr_carea' id='block_1_96' title="bbox 2052 4604 3641 4680">
    <p class='ocr_par' dir='ltr' id='par_1_96' title="bbox 2052 4604 3641 4680">
     <span class='ocr_line' id='line_1_96' title="bbox 2052 4604 3641 4680; baseline -0.001 -21"><span class='ocrx_word' id='word_1_666' title='bbox 2052 4606 2264 4659; x_wconf 81' lang='grc' dir='ltr'>λοιπῶν</span> <span class='ocrx_word' id='word_1_667' title='bbox 2308 4604 2372 4659; x_wconf 84' lang='grc' dir='ltr'>τὸ</span> <span class='ocrx_word' id='word_1_668' title='bbox 2427 4606 2735 4680; x_wconf 83' lang='grc' dir='ltr'>σουδάριον,</span> <span class='ocrx_word' id='word_1_669' title='bbox 2790 4608 2887 4660; x_wconf 75' lang='grc' dir='ltr'>καὶ</span> <span class='ocrx_word' id='word_1_670' title='bbox 2942 4604 3394 4676; x_wconf 72' lang='grc' dir='ltr'>ἐντετυλιγμένον</span> <span class='ocrx_word' id='word_1_671' title='bbox 3448 4607 3503 4659; x_wconf 77' lang='grc' dir='ltr'><strong>ἐν</strong></span> <span class='ocrx_word' id='word_1_672' title='bbox 3553 4604 3641 4657; x_wconf 80' lang='grc' dir='ltr'>ἐνὶ</span> 
     </span>
    </p>
   </div>
   <div class='ocr_carea' id='block_1_97' title="bbox 2054 4696 3637 4771">
    <p class='ocr_par' dir='ltr' id='par_1_97' title="bbox 2054 4696 3637 4771">
     <span class='ocr_line' id='line_1_97' title="bbox 2054 4696 3637 4771; baseline -0.001 -19"><span class='ocrx_word' id='word_1_673' title='bbox 2054 4696 2232 4752; x_wconf 82' lang='grc' dir='ltr'>θεῖναι</span> <span class='ocrx_word' id='word_1_674' title='bbox 2265 4697 2452 4769; x_wconf 85' lang='grc' dir='ltr'>τόπῳ,</span> <span class='ocrx_word' id='word_1_675' title='bbox 2497 4697 2583 4762; x_wconf 84' lang='grc' dir='ltr'><strong>τίς</strong></span> <span class='ocrx_word' id='word_1_676' title='bbox 2631 4698 2699 4752; x_wconf 85' lang='grc' dir='ltr'><strong>ἃν</strong></span> <span class='ocrx_word' id='word_1_677' title='bbox 2747 4698 3092 4771; x_wconf 88' lang='grc' dir='ltr'>νεκροσύλων</span> <span class='ocrx_word' id='word_1_678' title='bbox 3138 4698 3301 4771; x_wconf 79' lang='grc' dir='ltr'>ἔργον</span> <span class='ocrx_word' id='word_1_679' title='bbox 3332 4699 3637 4768; x_wconf 57' lang='lat' dir='ltr'><strong>inﬂatum;</strong></span> 
     </span>
    </p>
   </div>
   <div class='ocr_carea' id='block_1_98' title="bbox 2058 4789 3562 4864">
    <p class='ocr_par' dir='ltr' id='par_1_98' title="bbox 2058 4789 3562 4864">
     <span class='ocr_line' id='line_1_98' title="bbox 2058 4789 3562 4864; baseline 0.001 -21"><span class='ocrx_word' id='word_1_680' title='bbox 2058 4791 2123 4843; x_wconf 79' lang='grc' dir='ltr'><strong>Ἀ</strong></span> <span class='ocrx_word' id='word_1_681' title='bbox 2159 4789 2224 4857; x_wconf 77' lang='grc' dir='ltr'>δὴ</span> <span class='ocrx_word' id='word_1_682' title='bbox 2257 4790 2437 4846; x_wconf 80' lang='grc' dir='ltr'>πάντα</span> <span class='ocrx_word' id='word_1_683' title='bbox 2457 4792 2509 4844; x_wconf 78' lang='grc' dir='ltr'>οἱ</span> <span class='ocrx_word' id='word_1_684' title='bbox 2536 4791 2782 4864; x_wconf 67' lang='grc' dir='ltr'>μαθηταὶ</span> <span class='ocrx_word' id='word_1_685' title='bbox 2815 4791 3170 4863; x_wconf 82' lang='grc' dir='ltr'>λογισάμενοι</span> <span class='ocrx_word' id='word_1_686' title='bbox 3208 4791 3562 4845; x_wconf 83' lang='grc' dir='ltr'>ἐπίστευσαν.</span> 
     </span>
    </p>
   </div>
   <div class='ocr_carea' id='block_1_99' title="bbox 358 4880 3222 4960">
    <p class='ocr_par' dir='ltr' id='par_1_99' title="bbox 358 4880 3222 4960">
     <span class='ocr_line' id='line_1_99' title="bbox 358 4880 3222 4960; baseline 0.006 -30"><span class='ocrx_word' id='word_1_687' title='bbox 358 4880 453 4946; x_wconf 76' lang='lat' dir='ltr'><strong>qui</strong></span> <span class='ocrx_word' id='word_1_688' title='bbox 490 4894 700 4936; x_wconf 78' lang='lat' dir='ltr'><strong>rnortua</strong></span> <span class='ocrx_word' id='word_1_689' title='bbox 733 4898 963 4952; x_wconf 88' lang='lat' dir='ltr'><strong>corpora</strong></span> <span class='ocrx_word' id='word_1_690' title='bbox 1001 4897 1196 4954; x_wconf 87' lang='lat' dir='ltr'><strong>rapere</strong></span> <span class='ocrx_word' id='word_1_691' title='bbox 1218 4883 1620 4939; x_wconf 84' lang='lat' dir='ltr'><strong>consuessent?</strong></span> <span class='ocrx_word' id='word_1_692' title='bbox 1650 4883 1783 4950; x_wconf 62' lang='lat' dir='ltr'><strong>Quae</strong></span> <span class='ocrx_word' id='word_1_693' title='bbox 1812 4898 1946 4941; x_wconf 89' lang='lat' dir='ltr'><strong>sane</strong></span> <span class='ocrx_word' id='word_1_694' title='bbox 1984 4888 2168 4941; x_wconf 89' lang='lat' dir='ltr'><strong>omnia</strong></span> <span class='ocrx_word' id='word_1_695' title='bbox 2203 4897 2524 4956; x_wconf 84' lang='lat' dir='ltr'><strong>reputantes</strong></span> <span class='ocrx_word' id='word_1_696' title='bbox 2558 4889 2811 4960; x_wconf 88' lang='lat' dir='ltr'><strong>discipuli</strong></span> <span class='ocrx_word' id='word_1_697' title='bbox 2852 4889 3222 4946; x_wconf 88' lang='lat' dir='ltr'><strong>crediderunt.</strong></span> 
     </span>
    </p>
   </div>
   <div class='ocr_carea' id='block_1_100' title="bbox 431 5019 2060 5093">
    <p class='ocr_par' dir='ltr' id='par_1_100' title="bbox 431 5019 2060 5093">
     <span class='ocr_line' id='line_1_100' title="bbox 431 5019 2060 5093; baseline 0.006 -20"><span class='ocrx_word' id='word_1_698' title='bbox 431 5020 479 5053; x_wconf 78' lang='grc' dir='ltr'><strong>⁸ο</strong></span> <span class='ocrx_word' id='word_1_699' title='bbox 518 5019 686 5077; x_wconf 75' lang='lat' dir='ltr'><strong>Marc.</strong></span> <span class='ocrx_word' id='word_1_700' title='bbox 724 5039 806 5087; x_wconf 84' lang='grc' dir='ltr'>ιιι,</span> <span class='ocrx_word' id='word_1_701' title='bbox 842 5024 927 5078; x_wconf 81' lang='lat' dir='ltr'><strong>i7.</strong></span> <span class='ocrx_word' id='word_1_702' title='bbox 1006 5023 1051 5057; x_wconf 86' lang='grc'><strong>⁸¹</strong></span> <span class='ocrx_word' id='word_1_703' title='bbox 1081 5023 1244 5080; x_wconf 76' lang='lat' dir='ltr'><strong>Joan.</strong></span> <span class='ocrx_word' id='word_1_704' title='bbox 1277 5040 1371 5093; x_wconf 72' lang='lat' dir='ltr'><strong>xx,</strong></span> <span class='ocrx_word' id='word_1_705' title='bbox 1395 5024 1451 5080; x_wconf 84' lang='lat'><strong>5.</strong></span> <span class='ocrx_word' id='word_1_706' title='bbox 1527 5023 1573 5058; x_wconf 84' lang='grc'><strong>⁸⁸</strong></span> <span class='ocrx_word' id='word_1_707' title='bbox 1598 5023 1758 5081; x_wconf 82' lang='lat' dir='ltr'><strong>Joan.</strong></span> <span class='ocrx_word' id='word_1_708' title='bbox 1788 5042 1898 5092; x_wconf 68' lang='grc' dir='ltr'>χιι,</span> <span class='ocrx_word' id='word_1_709' title='bbox 1929 5026 1982 5091; x_wconf 83' lang='lat'><strong>7,</strong></span> <span class='ocrx_word' id='word_1_710' title='bbox 2007 5026 2060 5082; x_wconf 89' lang='lat'><strong>8.</strong></span> 
     </span>
    </p>
   </div>
   <div class='ocr_carea' id='block_1_101' title="bbox 1596 5142 2397 5207">
    <p class='ocr_par' dir='ltr' id='par_1_101' title="bbox 1596 5142 2397 5207">
     <span class='ocr_line' id='line_1_101' title="bbox 1596 5142 2397 5207; baseline 0.006 -5"><span class='ocrx_word' id='word_1_711' title='bbox 1596 5142 1925 5206; x_wconf 85' lang='lat' dir='ltr'><strong>Francisci</strong></span> <span class='ocrx_word' id='word_1_712' title='bbox 1969 5144 2179 5207; x_wconf 91' lang='lat' dir='ltr'><strong>Scorsi</strong></span> <span class='ocrx_word' id='word_1_713' title='bbox 2212 5152 2397 5207; x_wconf 78' lang='lat' dir='ltr'><strong>notte.</strong></span> 
     </span>
    </p>
   </div>
   <div class='ocr_carea' id='block_1_102' title="bbox 436 5243 1939 5313">
    <p class='ocr_par' dir='ltr' id='par_1_102' title="bbox 436 5243 1939 5313">
     <span class='ocr_line' id='line_1_102' title="bbox 436 5243 1939 5313; baseline 0 -14"><span class='ocrx_word' id='word_1_714' title='bbox 436 5244 548 5311; x_wconf 77' lang='lat'><strong>(36)</strong></span> <span class='ocrx_word' id='word_1_715' title='bbox 595 5243 893 5313; x_wconf 83' lang='lat' dir='ltr'><strong>Nunquam</strong></span> <span class='ocrx_word' id='word_1_716' title='bbox 930 5255 1197 5300; x_wconf 77' lang='lat' dir='ltr'><strong>evertetur</strong></span> <span class='ocrx_word' id='word_1_717' title='bbox 1246 5262 1282 5299; x_wconf 83' lang='grc' dir='ltr'><strong>α</strong></span> <span class='ocrx_word' id='word_1_718' title='bbox 1336 5256 1498 5300; x_wconf 86' lang='lat' dir='ltr'><strong>recto.</strong></span> <span class='ocrx_word' id='word_1_719' title='bbox 1550 5243 1656 5299; x_wconf 82' lang='lat' dir='ltr'><strong>Per</strong></span> <span class='ocrx_word' id='word_1_720' title='bbox 1696 5245 1939 5300; x_wconf 77' lang='lat' dir='ltr'><strong>auxesim</strong></span> 
     </span>
    </p>
   </div>
   <div class='ocr_carea' id='block_1_103' title="bbox 361 5314 1939 5387">
    <p class='ocr_par' dir='ltr' id='par_1_103' title="bbox 361 5314 1939 5387">
     <span class='ocr_line' id='line_1_103' title="bbox 361 5314 1939 5387; baseline 0.001 -19"><span class='ocrx_word' id='word_1_721' title='bbox 361 5317 665 5369; x_wconf 77' lang='lat' dir='ltr'><strong>oratoriam</strong></span> <span class='ocrx_word' id='word_1_722' title='bbox 689 5314 895 5369; x_wconf 84' lang='lat' dir='ltr'><strong>dictum</strong></span> <span class='ocrx_word' id='word_1_723' title='bbox 932 5317 1193 5387; x_wconf 71' lang='lat' dir='ltr'><strong>intelligo,</strong></span> <span class='ocrx_word' id='word_1_724' title='bbox 1238 5316 1521 5387; x_wconf 88' lang='lat' dir='ltr'><strong>nimirum,</strong></span> <span class='ocrx_word' id='word_1_725' title='bbox 1554 5325 1615 5369; x_wconf 89' lang='lat' dir='ltr'><strong>ut</strong></span> <span class='ocrx_word' id='word_1_726' title='bbox 1642 5315 1939 5383; x_wconf 86' lang='lat' dir='ltr'><strong>plurimum</strong></span> 
     </span>
    </p>
   </div>
   <div class='ocr_carea' id='block_1_104' title="bbox 361 5386 1941 5455">
    <p class='ocr_par' dir='ltr' id='par_1_104' title="bbox 361 5386 1941 5455">
     <span class='ocr_line' id='line_1_104' title="bbox 361 5386 1941 5455; baseline 0 -17"><span class='ocrx_word' id='word_1_727' title='bbox 361 5387 633 5448; x_wconf 86' lang='lat' dir='ltr'><strong>usuvenit,</strong></span> <span class='ocrx_word' id='word_1_728' title='bbox 684 5397 740 5439; x_wconf 88' lang='lat' dir='ltr'><strong>ut</strong></span> <span class='ocrx_word' id='word_1_729' title='bbox 771 5387 862 5455; x_wconf 86' lang='lat' dir='ltr'><strong>qui</strong></span> <span class='ocrx_word' id='word_1_730' title='bbox 898 5386 1347 5455; x_wconf 88' lang='lat' dir='ltr'><strong>contemplationi</strong></span> <span class='ocrx_word' id='word_1_731' title='bbox 1396 5386 1664 5440; x_wconf 89' lang='lat' dir='ltr'><strong>intentum</strong></span> <span class='ocrx_word' id='word_1_732' title='bbox 1699 5387 1941 5441; x_wconf 85' lang='lat' dir='ltr'><strong>animum</strong></span> 
     </span>
    </p>
   </div>
   <div class='ocr_carea' id='block_1_105' title="bbox 363 5456 1944 5526">
    <p class='ocr_par' dir='ltr' id='par_1_105' title="bbox 363 5456 1944 5526">
     <span class='ocr_line' id='line_1_105' title="bbox 363 5456 1944 5526; baseline 0.002 -20"><span class='ocrx_word' id='word_1_733' title='bbox 363 5460 522 5524; x_wconf 70' lang='lat' dir='ltr'><strong>get-it.</strong></span> <span class='ocrx_word' id='word_1_734' title='bbox 556 5456 826 5514; x_wconf 62' lang='lat' dir='ltr'><strong>dimi-ilius</strong></span> <span class='ocrx_word' id='word_1_735' title='bbox 864 5458 1033 5510; x_wconf 92' lang='lat' dir='ltr'><strong>multo</strong></span> <span class='ocrx_word' id='word_1_736' title='bbox 1066 5458 1280 5511; x_wconf 87' lang='lat' dir='ltr'><strong>labatur</strong></span> <span class='ocrx_word' id='word_1_737' title='bbox 1316 5459 1368 5511; x_wconf 88' lang='lat' dir='ltr'><strong>in</strong></span> <span class='ocrx_word' id='word_1_738' title='bbox 1418 5468 1732 5526; x_wconf 85' lang='lat' dir='ltr'><strong>peccatum,</strong></span> <span class='ocrx_word' id='word_1_739' title='bbox 1780 5471 1944 5525; x_wconf 82' lang='lat' dir='ltr'><strong>quam</strong></span> 
     </span>
    </p>
   </div>
   <div class='ocr_carea' id='block_1_106' title="bbox 364 5527 1949 5596">
    <p class='ocr_par' dir='ltr' id='par_1_106' title="bbox 364 5527 1949 5596">
     <span class='ocr_line' id='line_1_106' title="bbox 364 5527 1949 5596; baseline 0.003 -20"><span class='ocrx_word' id='word_1_740' title='bbox 364 5528 453 5593; x_wconf 80' lang='lat' dir='ltr'><strong>qui</strong></span> <span class='ocrx_word' id='word_1_741' title='bbox 490 5529 784 5582; x_wconf 74' lang='lat' dir='ltr'><strong>distraetus</strong></span> <span class='ocrx_word' id='word_1_742' title='bbox 811 5529 987 5585; x_wconf 88' lang='lat' dir='ltr'><strong>solum</strong></span> <span class='ocrx_word' id='word_1_743' title='bbox 1043 5529 1098 5583; x_wconf 89' lang='lat' dir='ltr'><strong>in</strong></span> <span class='ocrx_word' id='word_1_744' title='bbox 1156 5529 1416 5596; x_wconf 84' lang='lat' dir='ltr'><strong>agendo:</strong></span> <span class='ocrx_word' id='word_1_745' title='bbox 1464 5527 1583 5596; x_wconf 83' lang='lat' dir='ltr'><strong>ejus</strong></span> <span class='ocrx_word' id='word_1_746' title='bbox 1607 5530 1751 5582; x_wconf 91' lang='lat' dir='ltr'><strong>enim</strong></span> <span class='ocrx_word' id='word_1_747' title='bbox 1818 5535 1949 5582; x_wconf 83' lang='lat' dir='ltr'><strong>sunt</strong></span> 
     </span>
    </p>
   </div>
   <div class='ocr_carea' id='block_1_107' title="bbox 366 5598 949 5669">
    <p class='ocr_par' dir='ltr' id='par_1_107' title="bbox 366 5598 949 5669">
     <span class='ocr_line' id='line_1_107' title="bbox 366 5598 949 5669; baseline 0.017 -25"><span class='ocrx_word' id='word_1_748' title='bbox 366 5598 721 5669; x_wconf 45' lang='lat' dir='ltr'><strong>proclivior-5</strong></span> <span class='ocrx_word' id='word_1_749' title='bbox 748 5601 949 5669; x_wconf 85' lang='lat' dir='ltr'><strong>lapsus.</strong></span> 
     </span>
    </p>
   </div>
   <div class='ocr_carea' id='block_1_108' title="bbox 438 5667 1940 5732">
    <p class='ocr_par' dir='ltr' id='par_1_108' title="bbox 438 5667 1940 5732">
     <span class='ocr_line' id='line_1_108' title="bbox 438 5667 1940 5732; baseline 0.001 -13"><span class='ocrx_word' id='word_1_750' title='bbox 438 5667 552 5732; x_wconf 63' lang='lat'><strong>(57)</strong></span> <span class='ocrx_word' id='word_1_751' title='bbox 600 5667 823 5722; x_wconf 64' lang='lat' dir='ltr'><strong>tit-idene</strong></span> <span class='ocrx_word' id='word_1_752' title='bbox 876 5682 988 5725; x_wconf 88' lang='lat' dir='ltr'><strong>erat</strong></span> <span class='ocrx_word' id='word_1_753' title='bbox 1025 5670 1424 5724; x_wconf 74' lang='lat' dir='ltr'><strong>resurrectionis</strong></span> <span class='ocrx_word' id='word_1_754' title='bbox 1477 5669 1756 5722; x_wconf 80' lang='lat' dir='ltr'><strong>indicium.</strong></span> <span class='ocrx_word' id='word_1_755' title='bbox 1800 5667 1940 5723; x_wconf 81' lang='lat' dir='ltr'><strong>Tuta</strong></span> 
     </span>
    </p>
   </div>
   <div class='ocr_carea' id='block_1_109' title="bbox 364 5737 1943 5810">
    <p class='ocr_par' dir='ltr' id='par_1_109' title="bbox 364 5737 1943 5810">
     <span class='ocr_line' id='line_1_109' title="bbox 364 5737 1943 5810; baseline 0.002 -20"><span class='ocrx_word' id='word_1_756' title='bbox 364 5737 482 5790; x_wconf 76' lang='lat' dir='ltr'><strong>luce</strong></span> <span class='ocrx_word' id='word_1_757' title='bbox 512 5738 856 5810; x_wconf 48' lang='lat' dir='ltr'><strong>ratiocinatio</strong></span> <span class='ocrx_word' id='word_1_758' title='bbox 884 5742 1171 5807; x_wconf 80' lang='lat' dir='ltr'><strong>desumpta</strong></span> <span class='ocrx_word' id='word_1_759' title='bbox 1198 5749 1283 5792; x_wconf 77' lang='lat' dir='ltr'><strong>est</strong></span> <span class='ocrx_word' id='word_1_760' title='bbox 1309 5753 1338 5791; x_wconf 92' lang='lat' dir='ltr'><strong>e</strong></span> <span class='ocrx_word' id='word_1_761' title='bbox 1382 5739 1645 5810; x_wconf 78' lang='lat' dir='ltr'><strong>Gregorio</strong></span> <span class='ocrx_word' id='word_1_762' title='bbox 1679 5740 1943 5810; x_wconf 78' lang='lat' dir='ltr'><strong>Nysseno,</strong></span> 
     </span>
    </p>
   </div>
   <div class='ocr_carea' id='block_1_110' title="bbox 366 5804 1942 5879">
    <p class='ocr_par' dir='ltr' id='par_1_110' title="bbox 366 5804 1942 5879">
     <span class='ocr_line' id='line_1_110' title="bbox 366 5804 1942 5879; baseline 0.003 -18"><span class='ocrx_word' id='word_1_763' title='bbox 366 5822 401 5861; x_wconf 86' lang='grc' dir='ltr'><strong>ο</strong></span> <span class='ocrx_word' id='word_1_764' title='bbox 435 5817 512 5860; x_wconf 87' lang='lat' dir='ltr'><strong>at.</strong></span> <span class='ocrx_word' id='word_1_765' title='bbox 560 5805 614 5871; x_wconf 76' lang='grc'>2,</span> <span class='ocrx_word' id='word_1_766' title='bbox 655 5804 726 5860; x_wconf 86' lang='lat' dir='ltr'><strong>De</strong></span> <span class='ocrx_word' id='word_1_767' title='bbox 782 5807 994 5866; x_wconf 79' lang='lat' dir='ltr'><strong>Resurr.</strong></span> <span class='ocrx_word' id='word_1_768' title='bbox 1061 5804 1362 5879; x_wconf 76' lang='lat' dir='ltr'><strong>eademch</strong></span> <span class='ocrx_word' id='word_1_769' title='bbox 1410 5804 1782 5879; x_wconf 63' lang='lat' dir='ltr'><strong>Chrysostouri</strong></span> <span class='ocrx_word' id='word_1_770' title='bbox 1838 5818 1942 5876; x_wconf 81' lang='lat' dir='ltr'><strong>est,</strong></span> 
     </span>
    </p>
   </div>
   <div class='ocr_carea' id='block_1_111' title="bbox 2050 5247 3722 5315">
    <p class='ocr_par' dir='ltr' id='par_1_111' title="bbox 2050 5247 3722 5315">
     <span class='ocr_line' id='line_1_111' title="bbox 2050 5247 3722 5315; baseline 0 -14"><span class='ocrx_word' id='word_1_771' title='bbox 2050 5247 2212 5315; x_wconf 83' lang='lat' dir='ltr'><strong>enjns</strong></span> <span class='ocrx_word' id='word_1_772' title='bbox 2244 5248 2358 5301; x_wconf 68' lang='lat' dir='ltr'><strong>haec</strong></span> <span class='ocrx_word' id='word_1_773' title='bbox 2392 5248 2553 5299; x_wconf 90' lang='lat' dir='ltr'><strong>verha</strong></span> <span class='ocrx_word' id='word_1_774' title='bbox 2583 5247 2652 5302; x_wconf 89' lang='lat' dir='ltr'><strong>de</strong></span> <span class='ocrx_word' id='word_1_775' title='bbox 2682 5248 2922 5303; x_wconf 89' lang='lat' dir='ltr'><strong>inventis</strong></span> <span class='ocrx_word' id='word_1_776' title='bbox 2958 5248 3371 5304; x_wconf 83' lang='lat' dir='ltr'><strong>linteaminibus</strong></span> <span class='ocrx_word' id='word_1_777' title='bbox 3402 5250 3635 5304; x_wconf 83' lang='lat' dir='ltr'><strong>seorsim</strong></span> <span class='ocrx_word' id='word_1_778' title='bbox 3696 5278 3722 5301; x_wconf 62' lang='grc' dir='ltr'>χ</span> 
     </span>
    </p>
   </div>
   <div class='ocr_carea' id='block_1_112' title="bbox 2052 5315 3637 5387">
    <p class='ocr_par' dir='ltr' id='par_1_112' title="bbox 2052 5315 3637 5387">
     <span class='ocr_line' id='line_1_112' title="bbox 2052 5315 3637 5387; baseline 0.003 -18"><span class='ocrx_word' id='word_1_779' title='bbox 2052 5318 2246 5387; x_wconf 86' lang='lat' dir='ltr'><strong>positis</strong></span> <span class='ocrx_word' id='word_1_780' title='bbox 2284 5337 2296 5371; x_wconf 87' lang='lat'><strong>:</strong></span> <span class='ocrx_word' id='word_1_781' title='bbox 2334 5315 2553 5385; x_wconf 83' lang='lat' dir='ltr'><strong>Signum</strong></span> <span class='ocrx_word' id='word_1_782' title='bbox 2600 5319 2697 5371; x_wconf 82' lang='lat' dir='ltr'><strong>hoc</strong></span> <span class='ocrx_word' id='word_1_783' title='bbox 2743 5320 3147 5373; x_wconf 71' lang='lat' dir='ltr'><strong>resurrectionis</strong></span> <span class='ocrx_word' id='word_1_784' title='bbox 3177 5331 3327 5382; x_wconf 79' lang='lat' dir='ltr'><strong>erat:</strong></span> <span class='ocrx_word' id='word_1_785' title='bbox 3359 5338 3467 5375; x_wconf 85' lang='lat' dir='ltr'><strong>non</strong></span> <span class='ocrx_word' id='word_1_786' title='bbox 3497 5326 3637 5374; x_wconf 84' lang='lat' dir='ltr'><strong>enim</strong></span> 
     </span>
    </p>
   </div>
   <div class='ocr_carea' id='block_1_113' title="bbox 2052 5388 3634 5457">
    <p class='ocr_par' dir='ltr' id='par_1_113' title="bbox 2052 5388 3634 5457">
     <span class='ocr_line' id='line_1_113' title="bbox 2052 5388 3634 5457; baseline 0.001 -16"><span class='ocrx_word' id='word_1_787' title='bbox 2052 5388 2098 5441; x_wconf 77' lang='lat' dir='ltr'><strong>si</strong></span> <span class='ocrx_word' id='word_1_788' title='bbox 2131 5389 2523 5441; x_wconf 73' lang='lat' dir='ltr'><strong>transtulissent</strong></span> <span class='ocrx_word' id='word_1_789' title='bbox 2558 5405 2789 5457; x_wconf 84' lang='lat' dir='ltr'><strong>corpus,</strong></span> <span class='ocrx_word' id='word_1_790' title='bbox 2841 5390 3167 5453; x_wconf 75' lang='lat' dir='ltr'><strong>nudassent,</strong></span> <span class='ocrx_word' id='word_1_791' title='bbox 3215 5408 3308 5444; x_wconf 77' lang='lat' dir='ltr'><strong>nec</strong></span> <span class='ocrx_word' id='word_1_792' title='bbox 3363 5393 3412 5445; x_wconf 80' lang='lat' dir='ltr'><strong>si</strong></span> <span class='ocrx_word' id='word_1_793' title='bbox 3460 5403 3634 5445; x_wconf 82' lang='lat' dir='ltr'><strong>essent</strong></span> 
     </span>
    </p>
   </div>
   <div class='ocr_carea' id='block_1_114' title="bbox 2053 5458 3635 5527">
    <p class='ocr_par' dir='ltr' id='par_1_114' title="bbox 2053 5458 3635 5527">
     <span class='ocr_line' id='line_1_114' title="bbox 2053 5458 3635 5527; baseline 0.004 -18"><span class='ocrx_word' id='word_1_794' title='bbox 2053 5461 2240 5527; x_wconf 67' lang='lat' dir='ltr'><strong>furati,</strong></span> <span class='ocrx_word' id='word_1_795' title='bbox 2269 5461 2333 5511; x_wconf 83' lang='lat' dir='ltr'><strong>de</strong></span> <span class='ocrx_word' id='word_1_796' title='bbox 2365 5458 2462 5512; x_wconf 82' lang='lat' dir='ltr'><strong>hoc</strong></span> <span class='ocrx_word' id='word_1_797' title='bbox 2493 5460 2714 5526; x_wconf 73' lang='lat' dir='ltr'><strong>fuissent</strong></span> <span class='ocrx_word' id='word_1_798' title='bbox 2747 5461 2998 5524; x_wconf 78' lang='lat' dir='ltr'><strong>solliciti,</strong></span> <span class='ocrx_word' id='word_1_799' title='bbox 3050 5473 3104 5513; x_wconf 85' lang='lat' dir='ltr'><strong>ut</strong></span> <span class='ocrx_word' id='word_1_800' title='bbox 3146 5464 3429 5515; x_wconf 79' lang='lat' dir='ltr'><strong>sudarium</strong></span> <span class='ocrx_word' id='word_1_801' title='bbox 3458 5462 3635 5515; x_wconf 78' lang='lat' dir='ltr'><strong>invol-</strong></span> 
     </span>
    </p>
   </div>
   <div class='ocr_carea' id='block_1_115' title="bbox 2052 5531 3637 5598">
    <p class='ocr_par' dir='ltr' id='par_1_115' title="bbox 2052 5531 3637 5598">
     <span class='ocr_line' id='line_1_115' title="bbox 2052 5531 3637 5598; baseline 0.002 -16"><span class='ocrx_word' id='word_1_802' title='bbox 2052 5540 2249 5591; x_wconf 87' lang='lat' dir='ltr'><strong>verent,</strong></span> <span class='ocrx_word' id='word_1_803' title='bbox 2287 5539 2335 5582; x_wconf 94' lang='lat' dir='ltr'><strong>et</strong></span> <span class='ocrx_word' id='word_1_804' title='bbox 2365 5532 2585 5582; x_wconf 79' lang='lat' dir='ltr'><strong>seorsim</strong></span> <span class='ocrx_word' id='word_1_805' title='bbox 2616 5542 2865 5596; x_wconf 81' lang='lat' dir='ltr'><strong>ponerent</strong></span> <span class='ocrx_word' id='word_1_806' title='bbox 2899 5547 2920 5584; x_wconf 89' lang='lat'><strong><em>:</em></strong></span> <span class='ocrx_word' id='word_1_807' title='bbox 2968 5531 3085 5584; x_wconf 84' lang='lat' dir='ltr'><strong>ideo</strong></span> <span class='ocrx_word' id='word_1_808' title='bbox 3116 5531 3354 5586; x_wconf 79' lang='lat' dir='ltr'><strong>Joannes</strong></span> <span class='ocrx_word' id='word_1_809' title='bbox 3378 5533 3637 5598; x_wconf 73' lang='lat' dir='ltr'><strong>prmmisit</strong></span> 
     </span>
    </p>
   </div>
   <div class='ocr_carea' id='block_1_116' title="bbox 2051 5601 3637 5670">
    <p class='ocr_par' dir='ltr' id='par_1_116' title="bbox 2051 5601 3637 5670">
     <span class='ocr_line' id='line_1_116' title="bbox 2051 5601 3637 5670; baseline 0.003 -19"><span class='ocrx_word' id='word_1_810' title='bbox 2051 5603 2314 5661; x_wconf 85' lang='lat' dir='ltr'><strong>sepultum</strong></span> <span class='ocrx_word' id='word_1_811' title='bbox 2354 5616 2473 5652; x_wconf 84' lang='lat' dir='ltr'><strong>cum</strong></span> <span class='ocrx_word' id='word_1_812' title='bbox 2504 5601 2745 5669; x_wconf 79' lang='lat' dir='ltr'><strong>myrrha,</strong></span> <span class='ocrx_word' id='word_1_813' title='bbox 2786 5617 2903 5670; x_wconf 76' lang='lat' dir='ltr'><strong>qua:</strong></span> <span class='ocrx_word' id='word_1_814' title='bbox 2930 5602 3259 5669; x_wconf 77' lang='lat' dir='ltr'><strong>conglutinet</strong></span> <span class='ocrx_word' id='word_1_815' title='bbox 3291 5604 3501 5666; x_wconf 71' lang='lat' dir='ltr'><strong>corpori</strong></span> <span class='ocrx_word' id='word_1_816' title='bbox 3528 5603 3637 5656; x_wconf 80' lang='lat' dir='ltr'><strong>lin-</strong></span> 
     </span>
    </p>
   </div>
   <div class='ocr_carea' id='block_1_117' title="bbox 2052 5671 3635 5736">
    <p class='ocr_par' dir='ltr' id='par_1_117' title="bbox 2052 5671 3635 5736">
     <span class='ocr_line' id='line_1_117' title="bbox 2052 5671 3635 5736; baseline 0.003 -15"><span class='ocrx_word' id='word_1_817' title='bbox 2052 5671 2308 5733; x_wconf 82' lang='lat' dir='ltr'><strong>teamina,</strong></span> <span class='ocrx_word' id='word_1_818' title='bbox 2341 5680 2397 5722; x_wconf 89' lang='lat' dir='ltr'><strong>ut</strong></span> <span class='ocrx_word' id='word_1_819' title='bbox 2433 5688 2494 5724; x_wconf 88' lang='lat' dir='ltr'><strong>ne</strong></span> <span class='ocrx_word' id='word_1_820' title='bbox 2524 5671 2833 5736; x_wconf 80' lang='lat' dir='ltr'><strong>decipereris</strong></span> <span class='ocrx_word' id='word_1_821' title='bbox 2868 5690 2899 5725; x_wconf 92' lang='lat' dir='ltr'><strong><em>a</em></strong></span> <span class='ocrx_word' id='word_1_822' title='bbox 2931 5672 3224 5726; x_wconf 78' lang='lat' dir='ltr'><strong>dicentibus</strong></span> <span class='ocrx_word' id='word_1_823' title='bbox 3261 5672 3407 5735; x_wconf 75' lang='lat' dir='ltr'><strong>furto</strong></span> <span class='ocrx_word' id='word_1_824' title='bbox 3446 5674 3635 5726; x_wconf 77' lang='lat' dir='ltr'><strong>subla-</strong></span> 
     </span>
    </p>
   </div>
   <div class='ocr_carea' id='block_1_118' title="bbox 2050 5741 3637 5862">
    <p class='ocr_par' dir='ltr' id='par_1_118' title="bbox 2050 5741 3637 5862">
     <span class='ocr_line' id='line_1_118' title="bbox 2050 5741 3637 5862; baseline 0.004 -71"><span class='ocrx_word' id='word_1_825' title='bbox 2050 5748 2158 5862; x_wconf 52' lang='grc' dir='ltr'>Ξιιῖι</span> <span class='ocrx_word' id='word_1_826' title='bbox 2200 5741 2362 5846; x_wconf 59' lang='lat' dir='ltr'><strong>:qui:</strong></span> <span class='ocrx_word' id='word_1_827' title='bbox 2406 5742 2542 5794; x_wconf 81' lang='lat' dir='ltr'><strong>enim</strong></span> <span class='ocrx_word' id='word_1_828' title='bbox 2590 5741 2676 5810; x_wconf 76' lang='lat' dir='ltr'><strong>fur</strong></span> <span class='ocrx_word' id='word_1_829' title='bbox 2731 5744 2872 5797; x_wconf 74' lang='lat' dir='ltr'><strong>circa</strong></span> <span class='ocrx_word' id='word_1_830' title='bbox 2904 5760 3008 5797; x_wconf 81' lang='lat' dir='ltr'><strong>rem</strong></span> <span class='ocrx_word' id='word_1_831' title='bbox 3062 5742 3390 5812; x_wconf 78' lang='lat' dir='ltr'><strong>super/luam</strong></span> <span class='ocrx_word' id='word_1_832' title='bbox 3426 5753 3637 5797; x_wconf 79' lang='lat' dir='ltr'><strong>tantum</strong></span> 
     </span>
     <span class='ocr_line' id='line_1_119' title="bbox 2071 5822 2350 5862; baseline 0 0"><span class='ocrx_word' id='word_1_833' title='bbox 2071 5826 2102 5862; x_wconf 88' lang='lat' dir='ltr'><strong><em>a</em></strong></span> <span class='ocrx_word' id='word_1_834' title='bbox 2142 5822 2350 5862; x_wconf 86' lang='lat' dir='ltr'><strong>oraret.</strong></span> 
     </span>
    </p>
   </div>
   <div class='ocr_carea' id='block_1_119' title="bbox 2071 5822 2350 5866">
    <p class='ocr_par' dir='ltr' id='par_1_119' title="bbox 2071 5822 2350 5866">
     <span class='ocr_line' id='line_1_120' title="bbox 2071 5822 2350 5866; baseline 0.014 -4"><span class='ocrx_word' id='word_1_835' title='bbox 2071 5822 2350 5866; x_wconf 65' lang='lat' dir='ltr'><strong>avorareté</strong></span> 
     </span>
    </p>
   </div>
  </div>
