4018 6206
407 262 513 326 6ῖ3

1728 251 2058 313 HOMILIA
2119 253 2382 317 XXXIV.

3567 261 3679 325 674

405 369 866 448 ἐμφιλοχωρούσα
878 369 957 442 τῷ
976 370 1243 442 μνήματι,
1262 368 1357 424 καὶ
1374 366 1715 438 περιενόστει
1730 365 1895 421 ἀλύου
1904 384 1993 432 σα,

2100 367 2244 420 circa
2278 367 2408 421 illud
2461 366 2693 424 libenter
2746 368 3032 426 inmorata
3081 372 3448 441 perlustrahat
3491 381 3674 432 mnuia

404 467 502 521 καὶ
525 464 753 526 λιϐάδας
779 462 1034 530 δακρύων
1062 462 1421 527 ἐνστάζουσα,
1451 462 1518 531 τῇ
1542 458 1789 531 ἐπιμόνῳ
1816 476 1989 530 προσ-

407 554 563 628 εδρίᾳ
606 552 947 625 ὑψηλότερόν
987 571 1042 606 τι
1090 552 1474 624 καραδοκοῦσα
1532 550 1749 622 μαθεῖν.
1803 549 1893 614 Ὠς
1932 550 1991 604 δὲ

402 645 882 719 παραθαρρύνασα
934 644 1159 718 ἑαυτὴν,
1216 643 1348 699 εἵσω
1379 643 1473 700 τοῦ
1511 644 1759 714 θεοδόχου
1813 643 1994 715 παρέ-

404 743 544 812 κυψε
586 734 892 811 μνήματος,
925 738 1465 813 ἀγγελικὴοόπτασία
1489 736 1779 791 ἐπιπίπτει
1804 735 1990 799 εὐθύς.

402 835 513 887 Δύο
543 833 652 905 γὰρ
683 833 822 904 αὐτῇ
856 830 1342 903 λευχειμονοῦντες
1371 829 1653 899 ἐφάνησαν
1677 826 1901 896 ἄγγελοι
1932 827 1991 879 ἐν

403 924 558 998 αύτῷ
588 926 667 997 τῷ
706 924 859 996 τόπῳ
893 925 1024 978 ἔνθα
1052 924 1115 978 τὸ
1145 922 1289 977 θεῖον
1331 923 1512 977 ἔκειτο
1543 920 1704 992 σῶμα
1748 919 1841 974 τοῦ
1884 917 1993 990 ἰη-

405 1015 535 1070 σοῦ.
592 1015 702 1067 Καὶ
742 1012 933 1085 ἐπειδὴ
984 1012 1044 1066 τὸ
1089 1013 1377 1084 σουδάριον
1408 1010 1519 1066 τῶν
1549 1010 1755 1066 λοιπῶν
1781 1008 1992 1081 ἐκεχώ-

404 1125 584 1180 ριςτο,
616 1108 813 1180 ἅτερος
846 1109 945 1178 μὲν
972 1108 1294 1178 ἐμφανίζων
1321 1109 1459 1179 πρός
1488 1106 1588 1177 τὴν
1623 1103 1873 1175 κεφαλὴν
1896 1104 1994 1157 καὶ

399 1200 587 1272 τηρῶν
619 1202 679 1254 τὸ
710 1200 1015 1273 σουδάριον,
1042 1200 1235 1270 ἅτερος
1260 1200 1319 1254 δὲ
1345 1202 1480 1272 πρὸς
1506 1201 1619 1263 τοῖς
1649 1198 1798 1264 ποσὶ,
1822 1215 1994 1269 φρου-

405 1292 519 1361 ρῶν
550 1292 619 1344 τὰ
659 1290 867 1345 ὀθόνια.
904 1290 1076 1345 Τοῦτο
1115 1290 1172 1344 δὲ
1217 1286 1283 1361 ἦν
1314 1290 1422 1361 ἄρα
1464 1288 1734 1360 σύμϐολον
1764 1289 1874 1343 τῶν
1900 1287 1995 1340 ἐπὶ

403 1383 647 1455 Χριστοῦ
693 1382 788 1435 δύο
836 1381 1089 1452 φύσεωνο
1133 1380 1367 1446 εἰκόνιζε
1414 1380 1521 1451 γὰρ
1560 1381 1592 1450 ἡ
1648 1378 1748 1451 μὲν
1782 1378 1994 1449 κεφαλὴ

403 1474 504 1544 τὴν
559 1473 819 1546 θεότητα,
872 1474 923 1527 oi
971 1473 1028 1528 δὲ
1104 1474 1266 1539 πόδες
1310 1460 1372 1526 τὸ
1420 1471 1782 1544 πρόσλημμα.
1820 1471 1995 1526 Ἐπεὶ

402 1565 537 1633 γοῦν
564 1567 933 1620 κατατεθείσα
957 1567 993 1635 ἡ
1021 1564 1115 1619 τού
1143 1566 1318 1634 Λόγου
1354 1564 1493 1635 σὰρξ
1536 1567 1595 1619 ἐν
1632 1564 1708 1636 τῷ
1748 1565 1994 1635 μνήματι

402 1657 514 1711 τῶν
544 1657 645 1727 τῆς
695 1657 953 1726 θεότητος
989 1657 1326 1729 αὐχημάτων
1359 1658 1610 1729 ὑπῆρχεν
1657 1654 1991 1729 ἀχώριστος,

2096 474 2334 515 intercus
2363 473 2413 514 et
2448 460 2707 532 lacrymis
2755 479 3018 527 manans,
3058 465 3440 536 constantique
3490 484 3677 537 perse-

2104 554 2353 607 verantia
2386 553 2514 606 dum
2546 554 2833 609 sublimius
2865 556 3067 626 aliquid
3104 568 3478 628 cognosceret,
3513 576 3678 630 oppe-

2092 644 2353 709 riebatur.
2395 643 2495 699 Ubi
2528 659 2658 700 vero
2692 645 2795 700 sibi
2836 645 2936 716 ipsi
2975 647 3188 702 animos
3232 649 3438 707 addens
3471 651 3523 705 in
3557 668 3676 705 mo-

2094 746 2411 790 numentum
2437 736 2568 791 illud
2594 735 2902 794 divinitatis
2921 739 3217 808 hospitium
3244 742 3588 811 introspexit,
3622 746 3676 799 in

2094 825 2410 896 angelorum
2444 837 2792 897 conspectum
2824 829 3005 884 subito
3036 829 3249 884 incidit.
3287 832 3400 885 Duo
3424 834 3569 887 enim
3601 833 3680 887 illi

2101 916 2376 971 candidati
2412 916 2512 972 visi
2541 927 2666 970 sunt
2697 916 2871 986 angeli
2904 919 3092 974 eodem
3132 919 3182 974 in
3226 919 3375 987 loco,
3408 922 3499 977 ubi
3534 925 3682 992 posi-

2097 1017 2207 1062 tum
2252 1005 2429 1063 fuerat
2462 1022 2662 1078 corpus
2692 1007 2841 1063 Jesu.
2898 1008 2965 1063 Et
3009 1010 3264 1079 quoniam
3319 1011 3597 1066 sudarium
3650 1031 3679 1067 a

2094 1101 2315 1155 caneris
2358 1101 2770 1155 linteaminibus
2798 1100 3104 1169 sejunetum
3136 1113 3276 1166 erat,
3305 1102 3440 1156 alter
3463 1105 3681 1173 quidem

2096 1195 2162 1244 ad
2215 1198 2379 1260 caput
2435 1188 2584 1245 visus
2623 1189 2908 1244 sudarium
2942 1204 3168 1245 servans
3192 1230 3208 1256 ,
3252 1190 3392 1245 alter
3420 1193 3485 1245 ad
3519 1194 3683 1261 pedes

2097 1287 2410 1342 custodiens
2440 1285 2773 1340 linteamina.
2816 1283 2928 1342 Hoc
2951 1302 3080 1342 vero
3115 1287 3345 1343 fortasse
3370 1288 3598 1344 duarum
3625 1290 3682 1345 in

2096 1377 2313 1433 Christo
2346 1388 2667 1431 naturarum
2695 1378 2997 1450 symbolum
3031 1390 3182 1445 erat;
3219 1395 3341 1433 nam
3376 1390 3534 1450 caput
3562 1384 3686 1451 qui-

2097 1468 2217 1524 dem
2260 1468 2627 1535 divinitatem,
2663 1472 2826 1538 pedes
2868 1485 2999 1525 vero
3046 1480 3377 1540 assutrptam
3407 1471 3684 1542 signiﬁca-

2098 1561 2229 1617 bant
2254 1577 2498 1617 carnem.
2532 1562 2798 1628 Quoniam
2834 1562 2998 1633 igitur
3040 1563 3093 1617 iu
3137 1573 3492 1619 momnueuto
3518 1565 3687 1635 depo-

2099 1654 2200 1709 sita
2230 1651 2392 1710 Verbi
2439 1670 2568 1709 caro
2618 1670 2647 1709 a
2699 1654 3223 1733 gluriaqdivittitatis
3271 1656 3517 1725 sejttncta
3574 1673 3682 1712 nott

404 1747 500 1801 τοῦ
537 1751 814 1804 Δεσπότου
844 1750 936 1804 τὸν
970 1753 1135 1805 τόπον
1159 1746 1247 1806 οἷα
1270 1751 1519 1805 παστάδα
1559 1748 1994 1821 περιεφρούρουν

2100 1746 2414 1810 exsistebat,
2448 1745 2515 1799 ad
2543 1746 2751 1800 Domini
2796 1747 2997 1811 locum,
3044 1746 3210 1800 veluti
3257 1748 3325 1801 ad
3384 1747 3682 1801 thalamum

403 1839 455 1890 οί
502 1837 752 1907 ἄγγελοι,
804 1837 1119 1902 δεικνύντες
1166 1840 1234 1909 τῇ
1278 1837 1599 1909 μυροφόρῳ,
1642 1836 1725 1890 ὅτι
1753 1835 1828 1907 μὴ
1862 1835 1996 1908 ψιλὴ

406 1930 549 2002 σὰρξ
604 1933 662 1983 ἐν
696 1929 773 2001 τῷ
818 1929 977 2002 τάφῳ
1028 1928 1320 1998 ἐτέθαπτο,
1368 1926 1673 1997 ὑποστῆναι
1718 1926 1994 1999 δυναμένη

404 2023 638 2094 κλοπήν.
670 2023 781 2077 Καί
811 2041 902 2093 μοι
932 2020 1027 2076 τοῦ
1063 2023 1394 2094 πράγματος
1425 2020 1700 2091 ἀγάσθητι
1728 2019 1791 2073 τὸ
1815 2019 2001 2091 παρά·-

403 2113 558 2180 δοξον
583 2131 597 2145 ⁸
640 2115 757 2180 πῶς
787 2116 979 2189 Πέτρῳ
1016 2115 1115 2187 μὲν
1149 2115 1243 2167 καὶ
1281 2114 1507 2186 Ἰωάννῃ
1543 2113 1666 2165 κατ’
1702 2110 1870 2182 αὐτὴν
1899 2111 1997 2182 τὴν

404 2204 560 2276 ὥραν
612 2209 977 2276 προεφιστᾶσι
1031 2206 1171 2276 μόνα
1218 2202 1515 2275 ὡράθησαν
1560 2199 1627 2254 τὰ
1685 2200 1889 2265 ὀθόνια,
1924 2200 1999 2265 ὡς

406 2297 607 2363 ἐδόκει,
639 2298 771 2369 παρ’
802 2296 1014 2361 οὐδενὸς
1041 2296 1460 2368 φυλαττόμενας
1485 2295 1548 2348 Οί
1572 2292 1681 2363 γὰρ
1697 2290 1835 2364 ἱεροὶ
1857 2293 1997 2358 νόες,

407 2391 591 2444 καίτοι
647 2390 938 2469 παρόντες,
1015 2385 1158 2460 ἦσαν
1212 2388 1487 2444 ἀθέατοι·
1528 2388 1601 2461 ,τῇ
1661 2386 1718 2439 δὲ
1775 2388 2001 2456 γυναικὶ

406 2483 606 2551 γέγονε
640 2486 708 2535 τα
732 2483 831 2553 τῆς
860 2482 1130 2546 ὀπτασίας
1163 2481 1522 2551 ἀντίστροφα.
1562 2479 1641 2534 Τά
1675 2480 1783 2551 γὰρ
1810 2478 1998 2533 ὀθόνια

407 2575 827 2646 ύπεκρύὸψαν,
865 2576 914 2628 οί
946 2574 1003 2628 δὲ
1047 2574 1269 2644 ἄγγελοι
1312 2572 1598 2646 ὤφθησαν.
1632 2573 1831 2639 Διατί;
1878 2573 2001 2631 Ὅτι

404 2667 525 2727 τοῖς
560 2664 661 2736 μὲν
687 2665 958 2735 μαθηταῖς
990 2664 1241 2735 μείζονος
1268 2660 1389 2717 οὖσι
1442 2664 1800 2735 φρονήματος
1837 2662 2000 2736 ἱκανὴ

407 2760 551 2831 πρὸς
600 2758 981 2831 πληροφορίαν
1023 2753 1091 2829 ἦν
1136 2757 1246 2810 τῶν
1297 2756 1526 2811 ὀθονίων
1564 2758 1594 2827 ἡ
1646 2755 1770 2809 θέα·
1807 2755 1906 2824 τῆς
1946 2754 2004 2809 δὲ

407 2851 674 2922 γυναικὸς
735 2852 832 2923 τὴν
895 2848 1189 2905 ἀσθένειαν
1259 2848 1415 2920 μόλις
1482 2846 1548 2902 ἂν
1610 2847 1831 2900 ἔπεισεν
1882 2844 2006 2917 ὄψις

411 2943 707 3015 ἁγγελικὴ,
742 2942 839 2996 καὶ⁸
861 2941 1002 3013 αὐτὴ
1023 2940 1117 2994 τοῦ
1155 2940 1330 3012 Ἰησοῦ
1363 2942 1395 3011 ἡ
1436 2937 1731 3010 ἐμφάνεια.
1766 2938 1926 3001 Ἴσως
1948 2937 2006 2991 δὲ

408 3036 510 3089 καὶ
547 3035 599 3088 οί
648 3034 922 3106 μαθηταὶ,
966 3035 1015 3086 εί
1066 3033 1166 3104 τὴν
1217 3032 1551 3103 προσεδρίαν
1593 3034 1694 3102 τῆς
1741 3030 2004 3099 γυναικὸς

406 3129 778 3199 ἐμιμήσαντο,
807 3126 904 3196 τῆς
925 3125 1049 3194 ἴσης
1082 3124 1149 3179 ἃν
1175 3124 1576 3194 ἀποκαλύψεως
1607 3122 1824 3195 ἔτυχον.

2098 1841 2442 1894 excubabant
2489 1838 2699 1908 angeli;
2737 1848 2796 1893 ut
2832 1839 3088 1894 nimirum
3134 1839 3344 1895 mulieri
3395 1842 3687 1912 unguenti-

2101 1929 2227 1987 fera3
2258 1928 2586 1991 iudicarint,
2636 1946 2743 1985 non
2785 1930 2982 1986 nudam
3029 1947 3249 1987 carnem
3299 1932 3350 1985 in
3383 1949 3447 1987 eo
3480 1934 3688 1988 tumulo

2101 2021 2269 2077 fuisse
2303 2022 2595 2093 sepultam,
2649 2022 2720 2076 ita
2755 2030 2813 2075 ut
2842 2022 3105 2093 rapientis
3138 2023 3406 2079 violentia:
3434 2025 3688 2097 subjace-

2103 2123 2204 2169 ret.
2233 2113 2299 2168 Et
2327 2129 2455 2170 vero
2488 2114 2617 2168 illud
2662 2114 2714 2168 in
2751 2113 2854 2169 hoc
2899 2114 3042 2169 facto
3075 2115 3453 2170 admirandum
3507 2117 3689 2173 censi-

2102 2205 2226 2259 dera
2262 2222 2275 2259 :
2306 2205 2396 2274 qui
2428 2205 2573 2259 enim
2603 2203 2765 2259 Petro
2815 2220 2880 2260 ac
2940 2202 3142 2259 Joanni
3169 2245 3184 2270 ,
3220 2211 3309 2276 qui
3345 2207 3534 2264 eadem
3571 2209 3687 2278 ipsa

2103 2299 2233 2352 hora
2267 2301 2335 2352 ad
2364 2298 2673 2368 sepulcrum
2704 2294 3013 2362 adfuerant,
3048 2298 3167 2353 sola
3194 2298 3360 2353 lintea
3386 2300 3500 2354 visa
3535 2310 3687 2366 sunt,

2103 2406 2133 2445 a
2175 2389 2411 2455 nemine,
2441 2400 2499 2444 ut
2530 2389 2839 2455 videbatur,
2864 2390 3188 2446 asservata?
3228 2391 3444 2448 Sauctze
3478 2393 3691 2448 scilicet

2106 2493 2315 2536 tuentes
2343 2483 2593 2550 quamvis
2623 2491 2925 2552 praesentes
2957 2491 3133 2546 erant,
3166 2482 3340 2538 oculis
3378 2496 3688 2539 tamennon

2103 2572 2502 2640 olijiciebantur
2531 2590 2546 2627 :
2595 2584 2651 2627 at
2677 2589 2805 2629 vero
2828 2572 3040 2629 mulieri
3085 2574 3310 2630 visionis
3339 2575 3481 2630 ratio
3511 2577 3691 2632 omnis

2105 2679 2185 2722 eat
2213 2675 2572 2720 commutata.
2602 2665 2680 2720 illi
2715 2664 2860 2719 enim
2887 2665 3208 2721 linteamina
3237 2667 3455 2737 quidem
3489 2668 3689 2731 invisa,

2106 2760 2281 2828 angeli
2308 2772 2438 2813 vero
2467 2758 2568 2812 visi
2609 2757 2853 2814 fuerunt.
2891 2756 3031 2824 Quid
3067 2757 3203 2813 hoc?
3236 2755 3507 2812 Nimirum
3546 2758 3690 2828 quod

2107 2847 2388 2918 discipulis
2415 2857 2603 2918 utpote
2626 2846 3054 2917 sapientioribus
3080 2847 3217 2904 satis
3248 2847 3316 2904 ad
3340 2859 3546 2905 certam
3576 2849 3682 2920 ple.

2109 2954 2345 3009 namque
2378 2938 2804 2997 resurrectionis
2856 2939 3015 2996 fidem
3048 2939 3356 2998 faciendam
3405 2950 3524 2995 erat
3567 2954 3695 3009 spe-

2109 3041 2286 3088 classe
2317 3031 2664 3101 linteamina;
2699 3032 3007 3088 infirmitati
3045 3048 3175 3089 vero
3198 3034 3444 3092 mulieris
3473 3033 3563 3092 vix
3590 3048 3696 3092 an-

2031 3116 2075 3175 C
2108 3124 2350 3197 gelormu
2372 3125 2536 3191 viSio,
2570 3134 2626 3181 et
2646 3126 2761 3195 ipsa
2794 3123 2924 3181 Jesu
2952 3126 3330 3198 apparitioad
3351 3131 3691 3205 suadendum

408 3224 569 3277 satis.
597 3220 760 3293 245
792 3219 1051 3275 Fortasse
1074 3233 1202 3300 vero
1226 3218 1390 3275 etiam
1413 3217 1664 3289 discipuli
1717 3219 1762 3274 si
1829 3216 2074 3275 mulieris
2108 3221 2569 3290 perseverantiam
2602 3219 2798 3274 imitati
2832 3217 3087 3287 fuissent,
3110 3216 3349 3289 ejusdem
3371 3221 3537 3278 etiam
3567 3238 3692 3294 par-

409 3315 605 3383 ticipes
638 3314 865 3369 visionis
892 3312 1141 3369 fuissent.

491 3407 557 3460 'H
586 3406 688 3477 μὲν
714 3404 809 3459 οὖν
840 3405 1051 3478 Μαρία,
1078 3405 1422 3473 ἐκπλαγεῖσα
1450 3408 1517 3480 τῇ
1558 3409 1739 3480 μορφῇ
1770 3406 1880 3461 τῶν
1905 3406 2007 3477 ἀγ-

406 3500 586 3569 γέλων
632 3500 725 3553 καὶ
776 3494 909 3577 αὖος
958 3501 1242 3568 γεγονυῖα,
1304 3498 1384 3568 τῷ
1423 3497 1717 3570 παραδόξῳ
1769 3497 2003 3567 θεάματι

409 3592 721 3663 ὑπότρομος
751 3591 960 3645 ἵστατο·
992 3591 1041 3644 oi
1071 3590 1129 3646 δὲ
1166 3590 1413 3661 ἄγγελοι,
1445 3589 1666 3654 λύοντες
1693 3588 1865 3660 αὐτὴν
1895 3586 2000 3660 τῆς

407 3685 692 3753 ἀγωνίας,
746 3684 1170 3755 φιλοπευστοῦσι
1229 3684 1389 3756 δῆθεν
1447 3686 1549 3756 τὴν
1584 3684 1694 3737 τῶν
1745 3682 2001 3753 δακρύων

408 3778 596 3831 αἰτίαν
635 3777 851 3847 μαθεῖν,
903 3775 990 3830 διὰ
1038 3777 1137 3847 τῆς
1183 3776 1487 3848 ἐμφανείας
1537 3774 1632 3829 καὶ
1679 3773 1780 3844 τῆς
1812 3773 1998 3845 φωνῆς

2174 3405 2342 3460 Maria
2366 3406 2532 3477 igitur
2562 3404 2882 3476 angelorum
2916 3408 3098 3480 specie
3126 3409 3451 3481 stupefacta,
3484 3422 3539 3468 et
3570 3412 3689 3467 ino-

2102 3495 2288 3566 pinato
2322 3494 2414 3551 illo
2443 3496 2779 3567 spectaculo,
2833 3497 3062 3556 horrore
3117 3514 3182 3556 ac
3213 3502 3470 3570 [tremore
3525 3518 3692 3557 occu-

2101 3597 2226 3659 pata
2265 3587 2466 3645 stabat.
2489 3589 2562 3644 At
2586 3603 2714 3645 vero
2738 3591 2936 3660 angeli,
2964 3600 3024 3648 ut
3052 3608 3172 3648 eam
3206 3593 3275 3648 ab
3300 3593 3389 3649 illa
3414 3592 3690 3651 anxietate

2101 3679 2421 3747 liberarent,
2454 3680 2808 3737 sciscitantur
2861 3682 3026 3739 veluti
3080 3685 3264 3757 cupidi
3317 3689 3689 3759 cognoscendi

2100 3770 2169 3826 de
2189 3786 2352 3828 causa
2376 3772 2742 3846 lacrymarum
2770 3792 2784 3829 :
2814 3784 2870 3829 ut
2892 3783 3119 3845 aspectu
3139 3776 3301 3833 simul
3348 3794 3413 3835 ac
3436 3794 3690 3836 sermone

408 3869 720 3936 ἀπάγοντες
752 3868 924 3938 αὐτὴν
953 3865 1050 3921 τοῦ
1072 3866 1286 3922 οῐεσθαι
1320 3865 1597 3936 κλαπῆναι
1635 3864 1728 3918 τὸν
1756 3863 1962 3934 Κύριον
1983 3902 1997 3919 .

2102 3865 2171 3922 ab
2200 3880 2263 3921 ea
2296 3866 2442 3922 illam
2474 3865 2731 3937 opinione
2760 3868 3110 3935 deducerent,
3163 3871 3307 3942 quod
3350 3872 3502 3927 illinc
3545 3884 3693 3930 esset

413 3980 434 4014 ι
468 3960 660 4025 Γύναι,
700 3960 754 4013 τί
778 3960 1028 4027 κλαίεις;
1067 3978 1085 4011 ι
1125 3959 1191 4012 Τί
1218 3956 1467 4030 νομίζεις
1515 3956 1724 4029 κλοπὴν
1760 3956 1997 4027 ὑποστῆ-

2102 3957 2249 4014 furto
2278 3957 2526 4014 sublatus
2576 3957 2863 4015 Dominus.
2915 3979 2934 4012 ι
2971 3958 3188 4027 Mulier,
3238 3962 3364 4032 quid
3404 3962 3634 4032 ploras?
3663 3983 3685 4017 ι

407 4069 503 4107 ναι
530 4055 624 4113 τον
658 4051 764 4104 ὑπὸ
780 4052 1043 4106 τοιούτων
1061 4050 1321 4122 φυλάκων
1354 4049 1795 4123 φρουρούμενονς
1829 4051 1997 4122 ’ῡρᾷς

2104 4045 2243 4114 Quid
2305 4048 2447 4103 reris
2496 4047 2792 4103 obnoxium
2844 4047 2992 4104 furto
3046 4048 3216 4106 fuisse
3259 4065 3422 4118 eum,
3477 4053 3569 4122 qui
3620 4054 3691 4108 ab

409 4145 683 4214 ἀγγέλους
739 4142 1125 4215 ἐφεζομένους,
1175 4143 1271 4196 ἕνα
1332 4142 1470 4213 πρὸς
1514 4145 1581 4214 τῇ
1629 4141 1864 4214 κεφαλῇ,
1906 4142 1997 4196 καὶ

2107 4139 2420 4209 hujusmodi
2453 4139 2868 4195 excubitoribus
2897 4140 3243 4196 custodituri
3285 4140 3440 4199 vides
3465 4146 3690 4214 angelos

408 4236 509 4289 ἕνα
539 4236 677 4306 πρὸς
701 4240 813 4301 τοῖς
844 4237 996 4302 ποσὶ,
1031 4234 1127 4289 καὶ
1167 4234 1469 4306 συληθῆναι
1493 4234 1736 4305 νομίζεις
1756 4220 1853 4289 τὸν
1893 4233 1997 4305 θη-

2112 4248 2277 4287 unum
2317 4232 2382 4286 ad
2414 4240 2600 4301 caput,
2636 4232 2702 4286 ad
2740 4232 2903 4302 pedes
2929 4233 3163 4288 alterum
3208 4234 3579 4301 considentes,
3631 4243 3688 4293 et

412 4328 652 4399 οαυρόνς
692 4312 806 4381 Καὶ
853 4328 936 4391 τίς
975 4319 1131 4389 οὗτος
1161 4326 1499 4398 νεκροσύλης
1530 4327 1772 4398 ἀναιδὴς,
1807 4325 1997 4397 ῆτυμ-

2112 4323 2384 4381 Sublatum
2413 4322 2727 4377 thesaurum
2760 4323 3087 4380 existimas?
3113 4324 3248 4391 Quis
3273 4340 3402 4381 vero
3441 4334 3549 4382 tam
3581 4326 3689 4381 im-

410 4416 667 4488 6ωρύχος
724 4416 965 4488 θρασὺς,
1012 4416 1089 4481 ὡς
1141 4412 1373 4487 βασιλέα
1433 4416 1631 4487 κλέψαι
1690 4415 1997 4488 παρατάξει

2110 4417 2318 4487 pudens
2353 4429 2687 4469 mortuormn
2717 4425 2921 4487 raptor,
2954 4427 3008 4473 et
3060 4418 3390 4475 tumulorum
3437 4418 3686 4484 eﬂ‘ossor.

410 4511 687 4581 ἀγγελικῇ
714 4509 1118 4583 φυλαττόμενον
1141 4527 1156 4578 ;
1211 4509 1354 4565 Ἀλλ’
1377 4504 1447 4582 ἦν
1477 4509 1636 4581 ἄραὴ
1666 4510 1997 4581 Μαγδαληνὴ

2111 4513 2169 4560 ιιι
2226 4520 2407 4577 regem
2462 4514 2676 4576 raperet
2731 4507 3047 4578 angelorum
3092 4509 3211 4565 acie
3250 4512 3691 4567 communitum?

409 4603 670 4656 τοσοῦτον
700 4604 926 4674 ἠλίθιος,
957 4602 1033 4669 ὡς
1060 4603 1233 4675 μηδέν
1258 4620 1314 4657 τι
1341 4603 1451 4656 τῶν
1490 4601 1662 4656 ὅντων
1699 4603 1765 4657 ἐκ
1807 4601 1997 4656 τούτου

2100 4599 2205 4654 Sed
2229 4610 2348 4653 erat
2382 4599 2568 4668 utique
2593 4610 2699 4654 tam
2726 4600 2892 4656 hebes
2933 4592 3270 4674 Nlagdalena,
3303 4614 3357 4658 ut
3408 4604 3541 4658 nihil
3571 4604 3690 4673 ejus

412 4695 965 4765 καταστοχάσασθαυ
995 4744 999 4747 .
1025 4695 1107 4748 ἐτι
1153 4696 1264 4765 γάρ
1310 4696 1411 4766 τῆς
1465 4695 1639 4766 αὐτῆς
1677 4693 1997 4766 ὑπολήψεως

2103 4692 2246 4762 quod
2272 4705 2359 4745 res
2387 4701 2525 4757 erat,
2553 4707 2645 4764 ex,
2673 4690 2775 4747 hoc
2822 4702 3045 4762 caperet
3092 4693 3420 4763 argumenti.
3477 4693 3531 4746 lu
3586 4709 3685 4748 sua

412 4788 616 4857 εἴχετο,
647 4786 741 4839 καί
769 4803 903 4858 φησι
938 4801 952 4817 ⁸
999 4805 1020 4838 ι
1058 4781 1244 4859 Ἦραν
1275 4786 1366 4841 τὸν
1398 4786 1603 4858 Κύριόν
1642 4804 1769 4858 μου,
1795 4788 1887 4842 καὶ
1901 4788 1997 4842 οὐκ

2103 4782 2247 4838 enim
2270 4782 2527 4853 opinione
2548 4783 2845 4839 etiamnum
2872 4783 3222 4854 persistebat,
3252 4795 3307 4840 et
3347 4803 3365 4836 ι
3401 4784 3681 4851 Tulerunt,

411 4874 533 4930 οἶδα
566 4877 671 4931 πού
698 4876 905 4950 ἔθηκαν
943 4876 1129 4934 αὐτόν.
1166 4896 1187 4931 ι
1240 4877 1307 4931 Ὀ
1341 4878 1611 4950 πρότερον
1640 4874 1766 4932 εἶπε
1809 4879 1997 4951 Πέτρῳ

2107 4872 2308 4942 inquit,
2365 4872 2650 4928 Dominum
2697 4889 2899 4937 meum.
2948 4883 3001 4929 et
3033 4873 3218 4929 nescio
3262 4875 3351 4929 ubi
3389 4888 3686 4944 posuerunt

414 4973 511 5025 καὶ
566 4971 806 5043 Ἰωάννῃ,
840 4970 998 5026 τοῦτο
1027 4973 1122 5027 καὶ
1160 4975 1275 5037 τοῖς
1318 4971 1576 5042 ἀγγέλοις
1625 4970 1796 5026 λαλεῖ.
1835 4972 1997 5040 ’Δλλ’,

2107 4981 2255 5023 eum.
2315 4984 2336 5020 ι
2396 4965 2549 5035 Quod
2595 4976 2752 5023 antea
2800 4966 2963 5022 Petro
3009 4981 3075 5021 ac
3099 4964 3320 5034 Joanui,
3353 4967 3495 5024 idem
3541 4985 3686 5026 nunc

413 5061 459 5116 ὣ
488 5062 585 5132 τῆς
598 5046 785 5133 κκαλῆς
816 5064 1148 5135 καρτερίαςξι
1179 5062 1226 5118 ὥ
1264 5065 1361 5134 τῆς
1385 5062 1997 5136 ἐπαινετῆςὶπολυπρα-

2109 5066 2314 5135 angelis
2339 5065 2494 5122 dicit.
2527 5064 2755 5131 Verum,
2802 5077 2837 5121 ο
2881 5062 3197 5133 ρτωοιαηηι
3225 5068 3608 5133 constantiam,
3651 5083 3686 5123 o

412 5155 727 5225 γμοσύνηςί
770 5156 834 5209 ού
888 5159 1149 5227 παρεῖδεν
1201 5154 1376 5229 αὐτὴν
1418 5158 1448 5210 ό
1487 5153 1830 5226 ποθούμενος
1857 5171 1873 5187 ο
1902 5157 1997 5209 οὐκ

2112 5155 2437 5212 laudabilem
2471 5152 2877 5211 curiositatem!
2916 5167 3020 5209 non
3061 5167 3182 5210 eam
3228 5156 3462 5229 neglexit
3506 5160 3551 5213 is
3592 5161 3684 5229 qui

1648 5292 1973 5357 Francisci
2010 5294 2222 5358 Scorsi
2258 5302 2443 5356 nota.

412 5435 532 5491 lam
564 5451 692 5491 vero
721 5435 764 5488 si
797 5432 935 5505 quid
956 5447 1022 5505 ex
1055 5430 1300 5505 profanis
1334 5431 1576 5505 fontibus
1605 5431 1672 5486 ad
1707 5432 1847 5505 hanc
1881 5447 1992 5487 rem
2100 5432 2349 5505 Enunclt.
2392 5432 2503 5488 Rea:
2528 5443 2577 5487 te
2600 5448 2721 5505 ergo
2752 5434 2805 5488 in
2840 5434 3058 5505 oculis!
3083 5430 3234 5505 Qrat.
3258 5448 3355 5505 pro
3390 5433 3580 5489 Planc.
3613 5433 3685 5489 de

415 5502 892 5566 lmnriendtttmet
926 5503 1026 5575 ipsi
1057 5504 1310 5575 dicebant
1355 5502 1561 5575 amicos
1604 5517 1734 5575 suos
1767 5502 1911 5575 ferre
1942 5505 1995 5575 in
2102 5505 2170 5557 iis
2212 5504 2308 5575 qui
2340 5505 2508 5575 amari
2543 5502 2753 5568 volunt,
2792 5505 2927 5559 dixit
2975 5503 3047 5559 Μ.
3086 5502 3298 5561 Tullius
3331 5505 3495 5567 idem,
3530 5505 3685 5557 habi-

411 5578 609 5647 oeulis.
662 5577 713 5629 in
750 5590 813 5647 se
862 5571 958 5628 sici
984 5573 1199 5647 locutus
1244 5572 1313 5647 ρ.
1361 5572 1554 5647 Cicero
1598 5572 1652 5647 in
1710 5572 1875 5647 epist.
1929 5571 2000 5647 ad
2102 5571 2310 5647 tare't'n
2340 5574 2509 5628 oculis
2560 5589 2763 5641 eorum,
2804 5591 2935 5647 quos
2974 5576 3032 5629 in
3074 5592 3304 5631 amorem
3350 5576 3430 5630 sui
3475 5575 3684 5630 trahere

413 5645 673 5699 Ttt'ottem
700 5663 716 5699 :
747 5643 836 5710 Te,
874 5652 929 5696 ut
960 5644 1095 5706 dixi,
1129 5641 1241 5710 fera
1273 5643 1330 5695 in
1360 5642 1547 5695 oculis.
1595 5639 1667 5694 Μ.
1703 5641 1896 5710 Cicero
1929 5643 1995 5695 ad

2103 5644 2305 5697 volunt.

415 5720 594 5785 ipsum
617 5708 933 5786 Quinctium,
951 5708 1178 5768 Balbum
1197 5714 1250 5767 in
1270 5713 1439 5767 oculis
1462 5712 1597 5782 (ero,
1619 5719 1675 5767 et
1693 5708 1847 5783 Ter.,
1867 5721 2002 5779 etc.,
