4018 6206
396 297 504 362 δ’ῖὸ

1605 287 2100 350 THEOPHANIS
2141 288 2229 347 CE
2240 287 2397 347 ΒΑΜ
2406 287 2482 346 ΕΙ

3560 281 3669 345 676

398 421 520 466 t't'ttl.
557 427 609 465 ιιι
667 408 976 473 desiderio;
1029 418 1128 459 nec
1176 403 1428 474 permisit
1472 402 1527 457 i-n
1582 402 1973 458 incredulitatis

2086 403 2269 474 ἀφῆκε
2299 404 2365 473 τῇ
2396 400 2625 473 ἀπιστίᾳ
2672 398 2994 471 βυθίζεσθαι
3035 399 3063 452 ὁ
3108 398 3441 471 ζητούμενος
3470 417 3484 430 ’
3530 402 3672 455 sm

398 508 507 558 imo
540 501 775 570 demergi
811 502 857 553 is
886 499 974 567 qui
1007 505 1126 552 erat
1163 496 1214 550 in
1248 495 1568 566 quastione,
1592 496 1683 549 sed
1710 495 1975 548 fervidum

397 594 723 652 desiderium
756 592 943 645 videns
965 589 1105 644 ultro
1128 588 1204 643 illi
1229 590 1408 644 adest.
1465 608 1481 641 ι
1512 587 1785 643 Conversa
1835 589 1977 642 enim

394 698 566 751 retro,
618 683 763 737 videt
806 680 994 737 Iesum
1045 688 1315 736 stantem:
1348 690 1404 736 et
1454 694 1561 734 non
1598 680 1805 735 sciebat
1852 680 1979 748 quia

395 779 554 832 Jesus
607 785 711 831 est.
750 794 769 827 ι
827 773 968 840 Quid
1025 790 1153 830 vero
1191 774 1334 829 illam
1394 771 1637 839 adduxit,
1685 782 1743 827 ut
1787 775 1977 827 initum

394 884 519 922 cum
568 866 774 935 angelis
808 865 1135 934 colloquium
1173 864 1544 927 intercideret,
1573 872 1628 918 et
1678 872 1977 918 retrorsum

396 974 517 1015 sese
574 956 956 1012 converteret?
1004 955 1081 1010 Ex
1135 955 1251 1026 ipso
1285 962 1505 1023 aspectu
1548 952 1842 1023 habituque
1872 968 1969 1005 an-

394 1052 640 1122 gelorum
676 1049 964 1119 quemdam
1020 1047 1124 1102 sibi
1188 1046 1351 1101 dorso
1380 1045 1750 1099 imminentem
1786 1043 1976 1099 sensit.

392 1144 701 1198 Accedente
723 1142 867 1196 enim
892 1141 1117 1195 Domino
1136 1139 1309 1211 angeli
1332 1138 1512 1193 statim
1539 1145 1977 1202 assurrexerunt,

396 1235 703 1289 indicantes
765 1244 1018 1304 aspectus
1076 1233 1409 1297 mutatione,
1467 1228 1592 1301 quis
1649 1230 1976 1283 advenisset.

395 1327 516 1395 Quo
544 1341 675 1382 sane
704 1326 820 1381 viso
853 1324 1019 1379 Maria
1052 1334 1105 1379 et
1134 1324 1250 1393 ipsa
1278 1326 1550 1377 convertit
1580 1322 1849 1385 obtutum,
1881 1332 1980 1373 nec

400 1436 533 1477 vero
583 1418 823 1489 agnovit,
856 1418 979 1488 quis
1027 1424 1192 1482 esset,
1248 1416 1340 1486 qui
1394 1430 1512 1469 eam
1572 1412 1976 1480 interrogabat:

401 1530 421 1563 ο
460 1509 674 1575 Mulier,
708 1509 838 1579 quid
876 1508 1091 1580 ploras?
1130 1522 1291 1578 quem
1338 1506 1579 1575 quaeris?
1610 1525 1633 1557 ι
1670 1506 1763 1559 Vel
1810 1504 1982 1559 nimio

394 1602 501 1657 diei
551 1602 857 1672 splendore,
900 1599 985 1655 vel
1013 1598 1305 1655 liuentibus
1333 1597 1540 1651 affatim
1581 1598 1845 1669 'lacrymis
1885 1594 1983 1651 ob.

398 1704 515 1749 tusa
550 1693 830 1748 oculorum
862 1693 1012 1757 acie;
1065 1706 1163 1746 seu
1193 1690 1377 1761 potius
1407 1688 1608 1744 factum
1658 1690 1710 1743 id
1763 1699 1848 1744 est
1899 1688 1980 1742 di-

2080 495 2170 547 τὸν
2234 494 2424 557 ζέοντα
2486 492 2650 546 πόθον
2728 491 2890 557 tam,
2954 491 3282 561 αὐτομάτως
3354 491 3668 558 ἐφίσταται.

2086 604 2104 636 ι
2143 584 2453 656 Στέσαφεῖσα
2485 584 2594 654 γὰρ
2620 582 2820 647 ὀπίσω,
2849 583 3035 653 βλέπει
3063 583 3155 636 τὸν
3187 581 3399 654 Ἰησοῦν
3428 582 3670 647 ἑστῶτα.

2081 680 2176 730 καὶ
2207 678 2306 729 οὐκ
2334 676 2449 748 ᾔδει
2474 678 2557 730 ὅτι
2601 676 2810 748 Ἰησοῦς
2837 679 2975 730 ἐστι.
3006 695 3025 727 ι
3063 676 3129 729 Τί
3167 676 3224 730 δὲ
3246 675 3308 729 τὸ
3345 678 3540 729 πεῖσαν
3570 677 3675 729 αύ-

2080 769 2178 839 τὴν
2230 768 2557 838 καταλεῖψαι
2611 768 2710 841 τὴν
2764 768 2882 840 μετ’
2941 768 3194 837 ἀγγέλων
3239 767 3516 836 διάλεξιν,
3572 772 3672 823 καὶ

2082 861 2429 933 ὑποστρέψαι
2475 864 2555 926 εἰς
2592 863 2659 916 τὰ
2705 863 2912 927 ὀπίσω;
2962 863 3059 915 Ἐκ
3122 865 3221 933 τῆς
3264 862 3373 915 τῶν
3412 863 3670 930 ἀγγέλων

2081 949 2257 1017 ὅψεως
2297 950 2393 1004 κα¹ι¹
2423 949 2518 1004 τοῦ
2559 952 2839 1022 σχήματος
2873 951 3074 1022 ᾔσθετό
3114 970 3262 1014 τινος
3306 953 3671 1005 ἐπισκιάσαν-

2081 1059 2170 1105 τος
2210 1043 2347 1114 αὐτῇ
2385 1043 2447 1096 τὸ
2491 1042 2855 1113 μετάφρενον.
2893 1041 3250 1108 Ἐπιστάνττος
3290 1044 3398 1114 γάρ
3426 1042 3522 1096 τοῦ
3558 1045 3676 1098 Κυ-

2084 1134 2225 1206 ρίου,
2263 1136 2317 1187 οἱ
2357 1136 2579 1203 ἄγγελοι
2613 1135 2775 1199 εὐθὺς
2830 1136 2929 1207 τῆς
2960 1135 3233 1205 καθέδρας
3282 1136 3567 1207 ἀνέθορον,
3598 1139 3671 1208 τῇ

2087 1227 2371 1300 μεταϐολῇ
2407 1231 2507 1299 τῆς
2541 1228 2718 1298 ὅψεως
2747 1229 2840 1283 τὸν
2873 1228 3175 1282 ἐπιστάντα
3202 1227 3568 1298 δηλώσαντες.
3599 1230 3670 1283 Ὃ

2081 1320 2146 1390 δὴ
2180 1320 2372 1391 Μαρία
2419 1320 2738 1392 θεασαμένη
2776 1320 2878 1392 τὴν
2905 1320 3028 1391 ὄψιν
3064 1320 3406 1391 ὑπέστρεψεν
3435 1337 3449 1350 ·
3472 1321 3533 1373 ού
3562 1319 3677 1392 μὴν

2082 1410 2317 1478 ἐπέγνω,
2349 1411 2431 1475 τίς
2464 1406 2534 1483 ἦν
2575 1414 2604 1464 ὁ
2637 1410 2953 1482 πυθόμενος
2979 1426 2993 1441 ’
3039 1430 3059 1464 ι
3111 1409 3297 1476 Γύναι,
3329 1410 3673 1476 τίοκλαίειςς

2082 1504 2207 1557 τίνα
2264 1503 2478 1575 ζητεῖςς
2520 1524 2539 1556 ι
2574 1505 2689 1574 Τῆς
2740 1522 2801 1559 τε
2839 1505 3055 1576 ἡμέρας
3102 1502 3536 1576 διαυγαζούσης,
3577 1506 3679 1557 καὶ

2083 1595 2185 1664 τῆς
2236 1595 2416 1666 ὅψεως
2468 1599 2534 1668 τῇ
2594 1598 2693 1668 ῥοῇ
2741 1597 2851 1649 τῶν
2910 1596 3169 1666 δακρύων
3222 1595 3676 1667 ἁμὸλυνομένης,

2088 1686 2291 1757 μᾶλλον
2337 1687 2394 1741 δὲ
2449 1687 2551 1758 τῆς
2597 1688 2750 1751 θείας
2801 1688 3087 1759 δυνάμεως
3144 1687 3305 1742 τοῦτο
3362 1688 3676 1758 οἰκονομία.

394 1786 534 1840 vina:
584 1784 840 1854 potentiae
864 1780 1243 1852 dispositione.
1282 1798 1301 1833 ι
1342 1779 1561 1846 Mulier,
1592 1779 1719 1850 quid
1761 1779 1973 1849 ploras!

2091 1796 2111 1830 ι
2142 1777 2330 1842 Γύναι,
2363 1777 2417 1830 τί
2468 1776 2719 1845 κλαίεις;
2760 1777 2883 1830 τίνα
2927 1777 3145 1848 huic;
3179 1796 3197 1829 ι
3248 1777 3678 1849 ἐπιπλήττοντος

394 1892 556 1945 quem
588 1878 788 1947 quazris
807 1875 861 1927 τι
892 1872 1345 1944 reprehendentis
1363 1873 1525 1928 verba
1549 1883 1695 1940 sunt,
1724 1884 1778 1928 et
1809 1874 1981 1928 incre-

394 1968 676 2022 dulitatem
706 1965 1088 2035 exprobrantis
1117 1981 1131 2017 :
1172 1965 1251 2019 sic
1290 1964 1435 2020 enim
1470 1964 1619 2019 visus
1648 1972 1733 2018 est
1759 1964 1977 2019 dicere:

394 2056 531 2112 Cum
576 2074 661 2125 me
691 2071 794 2109 una
824 2071 945 2109 cum
986 2054 1091 2107 alia
1120 2052 1290 2108 Maria
1339 2053 1541 2109 videris
1570 2051 1700 2124 (40),
1730 2066 1783 2108 et
1813 2055 1980 2123 pedes

392 2148 567 2205 fueris
593 2148 921 2219 amplexata,
949 2147 1114 2204 etiam
1149 2161 1290 2200 nunc
1320 2147 1372 2201 in
1411 2146 1667 2217 ambiguo
1696 2144 1982 2201 versaris?

396 2238 504 2295 Sed
564 2254 740 2310 neque
791 2238 1269 2307 reprehensionem
1304 2236 1506 2304 sensit,
1555 2250 1655 2290 nec
1689 2234 1862 2305 ipsum
1902 2234 1982 2291 lo-

393 2342 648 2403 quentem
682 2333 944 2401 agnovit;
980 2329 1304 2385 existimans
1334 2343 1464 2384 vero
1496 2328 1641 2383 illius
1674 2329 1817 2383 horti
1859 2342 1980 2384 esse

394 2425 560 2498 25.6
589 2434 921 2490 curatorem,
972 2422 1049 2475 ait
1097 2421 1218 2477 illi:
1271 2439 1292 2474 ι
1334 2420 1391 2476 Si
1420 2430 1477 2475 tu
1507 2420 1775 2477 sustulisti
1826 2434 1977 2486 eum,

395 2522 562 2573 dicito
615 2517 765 2583 Inibi,
820 2516 906 2569 ubi
959 2514 1189 2584 posuisti
1228 2528 1387 2578 eum,
1442 2522 1496 2567 et
1551 2526 1652 2583 ego
1695 2527 1818 2566 eum
1877 2511 1980 2568 tol—

392 2611 522 2665 iam.
557 2628 575 2661 ι
610 2609 756 2664 Bene
786 2609 961 2679 ipsum
1000 2606 1267 2677 reputavit
1294 2606 1436 2662 horti
1468 2605 1732 2661 cultorem
1765 2619 1977 2660 :novus

394 2701 593 2773 quippe
638 2707 759 2755 erat
789 2700 982 2766 Adam,
1028 2700 1121 2769 qui
1158 2698 1391 2769 primum
1427 2698 1574 2753 illum
1608 2698 1751 2752 horti
1801 2698 1976 2753 culto-

396 2810 532 2859 rem,
592 2804 754 2863 atquc
808 2793 1089 2847 custodem
1127 2792 1292 2855 illius,
1346 2792 1592 2861 inquam,
1625 2790 1769 2845 horti
1806 2784 1971 2845 Edent

399 2896 570 2942 totum
623 2890 674 2939 in
716 2903 772 2939 se
802 2894 1116 2956 receperat:
1167 2895 1223 2940 et
1272 2885 1323 2938 in
1352 2884 1513 2939 horto
1548 2884 1777 2938 traditus
1807 2894 1861 2939 et
1917 2884 1972 2937 in

393 2980 553 3033 horto
583 2978 825 3049 sepultus
859 2978 1055 3043 fuerat,
1086 2986 1144 3029 ut
1171 2977 1428 3031 nimirum
1466 2976 1701 3047 paradisi
1755 2978 1969 3031 hortum

396 3068 594 3123 iterum
628 3068 834 3122 Adamo
884 3068 1193 3139 largiretur.
1255 3085 1272 3119 ι
1308 3066 1366 3122 Si
1412 3079 1465 3121 tu
1497 3067 1766 3123 sustulisti
1822 3084 1969 3134 eum,

396 3163 564 3217 dicito
595 3162 747 3226 mihi,
791 3162 879 3215 ubi
929 3160 1157 3231 posuisti
1213 3176 1360 3215 eum.
1423 3178 1442 3211 ι
1483 3159 1621 3226 Quid
1677 3170 1971 3226 mortuum,

398 3256 610 3325 inquit,
684 3255 808 3309 hinc
866 3253 1232 3308 transtulisti?
1284 3268 1351 3307 an
1421 3252 1725 3307 abhorrens
1774 3253 1972 3323 ipsum,

390 3362 496 3402 nec
549 3348 600 3400 in
649 3356 739 3401 tuo
774 3346 922 3399 illum
966 3345 1124 3399 horto
1166 3345 1354 3415 jacere
1408 3342 1571 3398 facile
1602 3358 1818 3412 passus,
1882 3357 1977 3410 per

390 3452 777 3514 contemptum
824 3449 879 3496 et
936 3440 1201 3495 incuriam
1252 3456 1374 3494 eum
1433 3438 1683 3508 abjecisti
1736 3439 1977 3508 insepul-

390 3533 550 3589 tum?
604 3533 691 3588 die
754 3532 885 3587 mihi
950 3546 1058 3601 quo
1113 3546 1236 3587 eum
1284 3529 1690 3599 transposuisti,
1742 3540 1799 3584 ut
1837 3545 1974 3584 onus

392 3628 518 3693 hoc,
552 3627 693 3697 quod
724 3624 883 3679 facile
911 3623 1194 3694 complecti
1246 3624 1403 3689 ulnisi
1431 3634 1485 3678 et
1510 3632 1725 3693 gestare
1763 3632 1972 3692 potero,

394 3732 505 3788 quo
538 3717 757 3772 voluero
793 3716 911 3785 ipsa
945 3725 1241 3785 reportent.
1294 3714 1434 3781 Quid
1485 3716 1647 3785 igitur
1685 3713 1976 3768 Salvator?

395 3807 567 3864 Tanta
618 3824 737 3863 eam
776 3808 973 3862 mentis
1004 3807 1261 3862 tarditate
1295 3806 1490 3871 teneri,
1542 3821 1643 3860 nec
1672 3807 1971 3876 quidquam

392 3905 461 3958 de
518 3904 919 3958 resurrectione
970 3903 1210 3973 cogitare
1267 3901 1476 3965 videns,
1527 3901 1642 3955 sola
1690 3899 1975 3969 compella-

395 4000 538 4051 tione
573 4012 691 4050 eam
735 3997 941 4050 excitat
970 3998 1036 4049 ad
1091 3996 1227 4049 bene
1255 3994 1617 4049 sentiendum.
1660 4012 1679 4045 ι
1714 3992 1905 4058 Maria,
1942 4012 1961 4045 ι

395 4104 659 4144 conversa
697 4103 915 4143 suavem
950 4087 1094 4143 illam
1124 4103 1307 4141 vocem
1341 4088 1581 4158 agnovit,
1617 4096 1671 4141 et
1713 4087 1970 4158 omnibus

391 4181 665 4236 cumulata
699 4179 898 4235 laetitiis
931 4180 1227 4250 respondit,
1267 4198 1283 4231 ι
1320 4179 1595 4248 Magister.
1631 4198 1649 4231 ι
1680 4177 1813 4234 Cum
1850 4177 1968 4247 pri-

395 4288 545 4326 mum
597 4282 911 4326 consuetam
971 4278 1189 4342 agnovit
1250 4273 1659 4334 salutationem.
1711 4273 1970 4327 continuo

393 4358 770 4430 imrnaculatos
838 4358 958 4415 illos
1020 4360 1180 4429 pedes
1232 4369 1415 4415 tenere
1486 4360 1796 4424 festinavit,
1873 4363 1968 4417 sed

2086 1871 2202 1924 ἐστι
2233 1871 2295 1924 τὸ
2341 1870 2525 1942 ῥῆμα,
2559 1871 2655 1925 καὶ
2696 1871 2795 1943 τὴν
2849 1872 3113 1925 ἀπιστίαν
3162 1872 3629 1937 κατονειδίζοντος
3656 1891 3672 1904 ·

2084 1960 2231 2017 ἔοικε
2262 1962 2373 2033 γὰρ
2416 1960 2576 2015 τοῦτο
2628 1962 2813 2016 λαλεῖν
2845 1981 2860 1994 ο
2909 1964 3068 2018 Μετὰ
3111 1967 3210 2035 τῆς
3241 1963 3407 2036 ἄλλης
3450 1965 3677 2037 Μαρίες

2086 2052 2408 2124 θεασαμένη
2472 2071 2565 2125 με,
2628 2054 2725 2107 καὶ
2783 2055 2910 2118 τοὺς
2965 2056 3133 2119 πόδας
3181 2056 3529 2128 κρατήσασα,
3590 2056 3676 2112 ἔτι

2086 2142 2274 2214 μένεις
2330 2144 2665 2215 άμφίὸολος;
2754 2145 2899 2199 Ἀλλ’
2970 2146 3095 2200 οὕτε
3163 2147 3265 2218 τῆς
3325 2149 3676 2219 ἐπι-πλήξεως

2072 2234 2299 2315 ᾔσθετο,
2356 2234 2480 2290 οὔτε
2548 2236 2711 2292 αὐτὸν
2769 2239 2986 2308 ἐπέγνω
3049 2239 3140 2292 τὸν
3200 2241 3431 2310 λέγοντα
3470 2258 3486 2275 ·
3547 2244 3674 2314 οίηο

2082 2328 2238 2382 θεῖσα
2269 2329 2327 2383 δὲ
2372 2328 2467 2385 τὸν
2522 2330 2615 2384 τοῦ
2673 2332 2852 2385 ἐκεῖσε
2904 2333 3086 2403 κήπου
3148 2331 3289 2389 εἶναι
3340 2334 3672 2406 μελεδωνὸν,

2081 2420 2235 2491 λέγει
2303 2422 2455 2495 αύτῷ
2510 2437 2525 2454 ο
2577 2443 2596 2475 ι
2656 2424 2719 2477 El
2789 2426 2856 2479 σὺ
2907 2424 3218 2492 ἐϐάστασας
3273 2430 3481 2494 αὑτὸν,
3542 2430 3675 2484 είπὲ

2088 2533 2179 2585 μοι
2250 2514 2350 2569 ποῦ
2438 2515 2641 2588 ἔθηκας
2712 2519 2917 2584 αὑτὸν,
2997 2514 3155 2590 κάγὼ
3225 2523 3389 2576 αὑτὸν
3459 2522 3602 2594 άρῶ.
3644 2541 3666 2575 ι

2083 2604 2285 2668 Καλῶς
2333 2606 2498 2659 αὐτὸν
2545 2608 2827 2679 κηπουρὸν
2876 2610 3221 2666 ὑπετόπασεν
3248 2628 3262 2642 °
3296 2614 3413 2678 νέος
3448 2613 3559 2685 γὰρ
3598 2607 3672 2685 ἦν

2093 2697 2286 2769 Ἀδὰμ,
2335 2698 2428 2752 τὸν
2462 2701 2683 2769 πρῶτον
2712 2702 2994 2773 κηπουρὸν
3044 2703 3141 2758 καὶ
3171 2702 3413 2772 φύλακα,
3442 2704 3537 2758 τὸν
3563 2705 3670 2775 τῆς

2091 2792 2253 2861 Ἐδέμ
2289 2791 2468 2863 κήπου
2515 2791 2636 2846 ὅλον
2683 2793 3087 2863 ἀναδεξάμενος
3108 2811 3121 2825 ο
3149 2796 3246 2849 καὶ
3280 2796 3338 2848 ἐν
3374 2798 3537 2867 κήπῳ
3562 2804 3673 2848 πα.

2083 2883 2353 2954 ραδοθεὶς,
2386 2884 2483 2938 καὶ
2530 2885 2588 2937 ἐν
2625 2886 2790 2956 κήπῳ
2846 2888 3192 2956 κατατεθεὶς,
3240 2889 3327 2942 ἴνα
3360 2889 3453 2942 τὸν
3487 2891 3671 2960 κῆπον

2073 2976 2169 3030 τοῦ
2198 2977 2532 3048 παραδείσου
2565 2978 2643 3050 τῷ
2687 2978 2866 3050 Ἀδάμ
2897 2979 3056 3044 αὖθις
3086 2981 3409 3054 χαρίσηται.
3440 3002 3461 3035 ι
3500 2984 3564 3036 Ei
3597 2988 3667 3040 σὺ

2076 3069 2387 3133 ἐϐάστασας
2418 3071 2604 3139 αὐτὸν,
2636 3072 2759 3125 εἰπέ
2786 3090 2900 3143 μοι,
2938 3074 3043 3127 ποῦ
3069 3074 3277 3145 ἔθηκας
3297 3077 3491 3131 αὐτόν.
3531 3096 3550 3130 ι
3597 3078 3667 3130 Τί

2082 3160 2419 3234 μετέθηκας,
2456 3165 2610 3235 φησὶ,
2643 3165 2736 3218 τὸν
2768 3167 2995 3238 νεκρόν;
3043 3160 3469 3242 βδελυττόμενος
3505 3169 3665 3237 ἴσως,

2078 3254 2174 3308 καὶ
2206 3257 2282 3327 μὴ
2312 3256 2484 3310 θέλων
2514 3260 2573 3310 ὲν
2604 3255 2680 3326 τῷ
2726 3258 2891 3327 κήπῳ
2922 3276 3016 3312 σου
3069 3260 3291 3315 κεῖσθαι
3340 3260 3668 3327 αὐτὸν,⁹καὶ

2079 3348 2363 3420 ὀλιγώρως
2413 3351 2509 3402 καὶ
2560 3350 2777 3420 άκηδῶς
2826 3350 3059 3423 ἔρριψας
3106 3352 3348 3422 άταφον;
3387 3354 3509 3407 εἰπέ
3546 3372 3664 3423 μοι,

2078 3443 2182 3496 ποῦ
2206 3441 2395 3495 τοῦτον
2430 3440 2761 3513 μετέθηκας,
2791 3442 2877 3496 ἵνα
2902 3442 3043 3513 αὑτὴ
3076 3443 3137 3496 τδ
3169 3445 3477 3512 εὐάγκαλον
3497 3448 3665 3501 τοῦτο

2078 3529 2299 3602 φορτίον
2332 3529 2677 3601 βαστάσασα,
2704 3531 3070 3601 μετακομίσω
3115 3531 3245 3587 ἔνθα
3271 3534 3335 3604 δὴ
3372 3534 3663 3605 βούλομαι.

2077 3624 2141 3676 Τί
2194 3623 2287 3677 οὖν
2339 3625 2367 3676 ὁ
2417 3622 2649 3694 Σωτήρ;
2709 3622 2964 3697 Τοσαύτη
3037 3625 3240 3697 mea;
3292 3628 3665 3700 ἐνισχυμένην

2075 3719 2242 3791 ὁρῶν,
2286 3719 2380 3772 καὶ
2415 3718 2620 3788 μηδένα
2666 3717 2926 3790 λογισμὸν
2968 3720 3068 3791 τῆς
3117 3721 3472 3787 ἀναστάσεως
3504 3724 3666 3795 ἐχου-

2077 3826 2198 3875 σαν,
2241 3811 2330 3863 διά
2386 3810 2558 3880 μόνης
2605 3809 2710 3880 τῆς
2756 3810 3003 3881 κλήσεως
3052 3814 3321 3883 ἐπανάγει
3372 3817 3546 3886 αὐτὴν
3581 3819 3665 3881 είς

2078 3901 2455 3974 συναίσθησιν.
2513 3920 2532 3955 ί
2579 3901 2811 3974 Μαρία·
2859 3922 2881 3956 ι
2939 3907 3244 3976 στραφεῖσα
3296 3908 3511 3976 ἐπέγνω
3561 3911 3661 3982 τήν

2075 3994 2335 4064 γλυκεῖαν
2385 3992 2594 4064 φωνὴν,
2647 3994 2739 4046 καὶ
2778 3995 2844 4047 ἐκ
2879 3996 3209 4066 περιχαρίας
3249 3997 3403 4066 μάλα
3457 3999 3663 4069 πολλῆς

2073 4085 2349 4157 ἀπεκρίθη
2375 4101 2388 4113 ·
2446 4103 2464 4137 ι
2500 4082 2801 4139 Διδάσκαλε
2834 4103 2849 4117 ’
2884 4105 2906 4140 ι
2961 4087 3264 4157 ἐπιγνοῦσα
3308 4090 3371 4143 τὸ
3427 4090 3662 4163 σύνηθες

2075 4178 2395 4250 πρόσρημα,
2440 4177 2534 4232 καὶ
2579 4177 2697 4249 ἅμα
2729 4179 2962 4251 ὥρμησε
3016 4181 3127 4235 τῶν
3171 4183 3464 4253 άχράντων
3490 4184 3657 4237 αὑτοῦ

2073 4267 2337 4322 λαϐέσθαι
2367 4268 2547 4322 ποδῶν
2574 4288 2589 4302 υ
2624 4270 2763 4323 ἀλλὰ
2813 4268 2913 4340 τῆς
2964 4274 3337 4344 ἐγχειρήσεως
3381 4274 3659 4346 εἴργεται,

2076 4362 2171 4415 καὶ
2218 4361 2412 4415 ἀκούει
2441 4378 2455 4391 ο
2504 4381 2526 4414 ι
2564 4362 2657 4433 Μή
2697 4378 2797 4434 μου
2830 4363 3031 4422 ἅπτου.
3071 4384 3090 4417 ι
3132 4359 3227 4438 Μὴ
3254 4369 3658 4441 προσεγγίσῃς,

393 4451 465 4501 ab
531 4448 623 4502 illo
678 4456 873 4503 conatu
936 4449 1274 4518 prohibetur,
1326 4460 1379 4505 et
1431 4452 1622 4505 audit:
1686 4470 1704 4503 ι
1736 4451 1852 4505 Noli
1888 4469 1973 4509 me

2079 4454 2236 4523 φησι,
2275 4454 2411 4525 μηδὲ
2464 4454 2707 4524 ἅψασθαι
2739 4459 3011 4530 πειραθῇς
3035 4473 3051 4489 ο
3106 4458 3167 4512 οὐ
3189 4460 3298 4529 γάρ
3328 4459 3412 4515 ἔτι
3454 4463 3661 4533 σαρκὸς

392 4548 635 4606 tangere,
678 4557 697 4590 ι
768 4534 845 4593 Ne
916 4541 1339 4609 appropinques,
1411 4542 1604 4611 inquit,
1660 4556 1834 4612 neque
1887 4559 1974 4599 me

391 4638 616 4703 tangere
666 4639 945 4702 attentes;
1000 4647 1112 4689 non
1168 4635 1311 4689 enim
1360 4634 1523 4690 etiam
1583 4652 1728 4691 nunc
1783 4637 1966 4692 carnis

2070 4546 2320 4617 ἐπιφέρω
2350 4546 2668 4618 παχύτητα,
2704 4546 2781 4612 ὡς
2813 4539 2977 4618 ἁφαῖς
3007 4551 3336 4605 ὑποκεῖσθαι
3358 4554 3479 4618 ταῖς
3510 4556 3655 4619 σαῖς.

2068 4634 2190 4693 Κᾶν
2210 4637 2401 4710 τρόπῳ
2439 4640 2911 4709 συγκαταόάσεως
2942 4642 3049 4714 πρὸ
3081 4634 3283 4716 μικροῦ
3310 4644 3438 4709 τοὺς
3480 4646 3655 4716 ἐμοὺς

1626 4788 1949 4851 Francisci
1982 4790 2189 4854 Sc‘orsi
2222 4798 2413 4854 notas.

461 4908 579 4981 (40)
624 4907 758 4981 Cum
796 4924 897 4981 me,
932 4925 1040 4981 ung
1086 4914 1205 4963 cum
1254 4911 1365 4965 alia
1400 4908 1580 4965 Maria
1633 4912 1840 4968 videris.
1896 4913 1971 4967 ita

389 4978 680 5050 distinguit
706 4979 823 5034 haec
854 4980 969 5035 visa
1000 4978 1384 5050 Theophanes,
1417 4996 1527 5034 non
1572 4981 1692 5035 sine
1740 4982 1971 5037 aliorum

389 5061 647 5121 veterum
668 5048 886 5104 Patrum
913 5048 1279 5117 auctoritate;
1320 5052 1385 5106 de
1431 5054 1641 5121 quibus,
1672 5051 1795 5106 vide
1828 5056 1972 5107 dicta

394 5119 678 5185 liomJ29,
707 5130 820 5191 um.
849 5121 907 5191 ‘2,
939 5121 992 5184 5,
1026 5133 1082 5174 ιιι
1117 5119 1577 5191 censeatMni-iam
1598 5120 1969 5191 Magdalenam

391 5205 499 5261 una
524 5203 647 5243 cum
671 5190 841 5242 altera
866 5188 1037 5261 Maria
1065 5206 1289 5260 vespere
1319 5190 1545 5246 Sabbati
1569 5188 1747 5261 primo
1771 5192 1969 5259 exisse,

391 5260 566 5329 iisque
611 5260 960 5329 redeuntibus
1001 5259 1281 5315 Christum
1335 5259 1581 5317 oblatum
1628 5263 1679 5314 in
1736 5262 1843 5315 via.
1896 5261 1973 5317 De

390 5328 496 5398 qua
540 5330 747 5399 visione
778 5328 970 5382 Matth.
1002 5344 1121 5399 cap.
1162 5332 1258 5384 ult.
1297 5331 1498 5385 Deinde
1532 5331 1746 5387 venisse
1779 5347 1964 5399 mane,

390 5410 448 5454 ut
501 5403 576 5454 ait
622 5398 780 5455 Joan.
830 5413 951 5467 cap.
994 5398 1086 5461 xx,
1136 5409 1193 5455 et
1239 5413 1365 5456 tunc
1412 5403 1477 5454 ad
1534 5398 1965 5467 monumentum,

390 5470 633 5541 secundo
674 5472 845 5523 visum
897 5473 966 5523 ab
998 5484 1059 5522 ea
1095 5470 1372 5541 Christum
1428 5472 1765 5537 redivivum,
1804 5483 1967 5541 atque

392 5538 462 5612 ita
497 5542 740 5612 procedit
777 5541 1051 5612 setrtentia
1092 5540 1257 5612 hujus
1302 5541 1427 5605 loci,
1477 5557 1583 5610 quo
1623 5538 1965 5612 objurgatatu

393 5608 480 5660 his
514 5611 689 5663 verbis
739 5626 766 5663 a
821 5607 1042 5663 Christo
1090 5607 1459 5677 Magdalenam
1493 5607 1632 5665 dicit
1666 5607 1847 5665 :vCu'm
1885 5627 1967 5664 me

392 5693 499 5749 rma
545 5695 661 5730 cum
701 5682 807 5732 alia
861 5679 1037 5732 Maria
1071 5679 1285 5745 videris,
1328 5690 1436 5734 etc.
1485 5681 1679 5733 Verum
1706 5682 1963 5749 probabi-

393 5745 497 5800 lius
553 5749 785 5816 videtur,
834 5751 975 5818 quod
1020 5760 1245 5805 censent
1300 5752 1388 5803 alii
1440 5745 1807 5820 Magdalenam
1858 5764 1963 5804 una

2071 4929 2197 4971 cum
2249 4917 2464 4973 ceteris
2515 4916 2835 4991 mulieribus
2873 4921 3088 4977 venisse
3132 4921 3369 4991 primum
3416 4923 3484 4978 ad
3533 4938 3652 4978 mo-

2075 4994 2434 5063 numentum,
2472 4998 2528 5043 et
2570 4989 2793 5063 invento
2845 5002 3017 5063 vacuo
3054 4989 3351 5063 sepulcro,
3410 4994 3651 5063 visisque

2073 5057 2280 5130 angelis
2307 5060 2550 5130 rediisse,
2582 5062 2888 5114 nuntiatum
2931 5057 3217 5130 discipulis
3243 5078 3364 5130 qua:
3402 5057 3651 5117 viderant

2072 5135 2126 5177 et
2161 5126 2444 5181 audierant
2476 5144 2491 5181 :
2525 5129 2716 5183 deinde
2744 5146 2870 5184 cum
2917 5126 3084 5186 Petro
3105 5141 3163 5187 et
3204 5126 3413 5188 Joanne
3441 5148 3537 5187 eas
3567 5149 3651 5188 re-

2073 5209 2257 5267 versas
2279 5200 2517 5251 secundo
2539 5200 2603 5251 ad
2642 5206 3073 5267 mnuumentum,
3094 5212 3149 5257 et
3174 5216 3297 5255 cum
3328 5204 3459 5258 visis
3492 5205 3650 5258 modo

2073 5263 2482 5346 linteaminibus
2517 5283 2784 5346 regressa:
2816 5271 2937 5325 alite
2966 5263 3088 5325 cum
3122 5272 3405 5346 discipulis
3440 5284 3648 5346 essent,

2067 5337 2339 5408 restitisse
2377 5337 2767 5407 Magdalenam,
2802 5351 2862 5395 ut
2898 5351 3086 5395 rrarrat
3118 5337 3381 5408 Joannes,
3446 5342 3647 5397 vidisse

2066 5407 2297 5474 primam
2354 5410 2595 5460 omnium
2659 5409 2981 5475 Cltrtstum,
3045 5421 3101 5465 et
3153 5414 3425 5467 concitato
3474 5416 3645 5479 gradi

2065 5485 2373 5528 assecutum
2427 5489 2652 5533 caeteras
2698 5480 2751 5532 in
2805 5486 2888 5535 via
2937 5482 3145 5535 tardius
3199 5484 3537 5544 incedentes,
3588 5493 3644 5537 et

2066 5548 2308 5623 secundo
2340 5562 2599 5623 una_cum
2630 5552 2844 5605 cmteris
2874 5553 3074 5605 vidisse
3102 5551 3375 5605 Christum
3409 5556 3649 5623 etAAt‘ete

2064 5618 2133 5686 ab
2164 5615 2256 5667 itlo
2285 5619 2584 5686 accepisse.
2629 5631 2683 5673 et
2736 5632 2956 5684 caetera,
3006 5622 3083 5676 uti
3114 5634 3302 5675 narrat
3336 5621 3645 5676 Mattharns.

2065 5681 2242 5763 A_tqu_e
2293 5681 2638 5743 limc'brevis
2686 5704 2897 5763 summa
2944 5681 3113 5758 hujus
3167 5696 3411 5746 historiae
3478 5710 3645 5761 quam

2064 5754 2280 5821 plenius
2317 5768 2716 5827 persequuntur
2750 5754 3095 5831 interpretes,
3128 5778 3264 5832 quos
3295 5764 3437 5818 vide.
