4018 6206
397 288 500 350 679

1601 287 2096 348 THEOPHANIS
2134 289 2470 350 CERAMEI

3537 293 3641 358 (80

393 404 549 458 tubis
585 401 996 457 accommodare
1027 398 1234 466 volens,
1286 413 1437 455 meos
1479 398 1642 470 pedes
1687 415 1791 453 una
1846 415 1964 454 cum

2081 401 2237 454 Ἐπεὶ
2262 396 2356 455 οὖν
2389 401 2480 454 καὶ
2511 399 2812 470 ὀφθαλμοῖς
2871 400 3082 464 ἰδοῦσα,
3117 401 3214 455 καὶ
3260 404 3446 473 φωνῆς
3478 402 3638 456 ἀκου-

395 497 499 551 alia
533 495 701 549 Maria
737 492 1000 558 tenueris,
1051 493 1145 547 sed
1197 493 1327 546 illud
1379 491 1780 562 dispensatione
1837 505 1967 561 qua-

397 591 558 651 dam,
617 595 670 640 et
734 587 800 638 ad
866 584 1298 638 continuandam
1366 583 1818 637 resurrectionem
1885 591 1969 636 est

343 694 362 753 .5
396 679 619 734 iactmn.
683 677 947 742 Quoniam
1005 676 1171 746 igitur
1225 691 1347 730 cum
1410 673 1582 728 oculis
1639 675 1861 739 videris,
1913 684 1968 727 et

348 769 632 840 .andieris
685 769 931 832 auribus,
984 778 1037 823 et
1085 767 1334 822 manibus
1395 766 1736 830 tractaveris,
1793 765 1968 820 adhuc

391 861 599 914 incerta
632 873 711 924 es,
743 867 796 912 et
843 857 997 927 quasi
1043 867 1316 911 mortuum
1351 872 1567 910 reversa
1618 856 1838 925 quaeris,
1899 870 1968 910 ne

345 939 351 984 ἶ
394 966 481 1004 me
505 960 717 1020 tangas,
748 957 898 1002 tanto
924 947 1318 1002 incredulitatis
1345 947 1458 1017 (43)
1485 947 1715 1016 caligine
1737 947 1968 1000 circurn-

394 1044 551 1108 tusa;
590 1042 673 1096 vel
703 1040 954 1096 fortassis
985 1041 1113 1094 illud
1153 1057 1165 1092 :
1208 1059 1226 1091 ι
1259 1037 1378 1094 Noli
1416 1055 1501 1094 me
1534 1049 1755 1108 tangere
1789 1055 1808 1088 ι
1855 1037 1968 1105 spi-

393 1135 645 1188 ritualem
673 1131 945 1202 significat
975 1141 1171 1186 tactum
1195 1149 1210 1198 ;
1233 1131 1448 1186 volebat
1472 1131 1614 1184 enim
1645 1129 1967 1199 investigare

394 1240 500 1294 qua
542 1224 753 1278 ratione
784 1221 1193 1277 resurrectionis
1220 1221 1537 1291 mysterium
1570 1229 1713 1275 esset
1737 1218 1969 1288 disposi-

394 1327 530 1370 tum.
577 1317 742 1385 Igitur
789 1329 908 1368 eam
939 1315 1007 1370 ab
1046 1313 1351 1382 hnjusmodi
1382 1313 1768 1382 quaestionibus
1800 1312 1966 1365 attin-

393 1407 586 1480 gendis
615 1406 880 1469 retrahit,
913 1414 1076 1474 atque
1131 1406 1248 1459 ait:
1301 1404 1378 1458 Ne
1424 1404 1588 1474 igitur
1637 1419 1754 1472 (ιιιοο
1805 1418 1966 1472 supra

400 1509 455 1552 te
511 1505 637 1549 sunt
707 1495 974 1548 curiosius
1027 1510 1168 1548 nunc
1221 1493 1480 1562 inquiras.
1525 1492 1772 1548 Nondum
1823 1495 1966 1546 enim

394 1587 703 1657 linjusmodi
740 1586 983 1656 mysterii
1037 1586 1336 1639 doctrinam
1372 1599 1568 1653 capere
1601 1597 1786 1653 potes;
1833 1599 1969 1653 quo-

391 1681 543 1738 niam
585 1697 603 1728 ι
637 1676 881 1731 Nondum
916 1676 1138 1731 ascentli
1173 1677 1238 1730 ad
1263 1675 1480 1730 Patrem
1515 1692 1716 1742 meum,
1759 1695 1776 1726 ι
1819 1686 1875 1730 ut
1901 1677 1965 1729 ad

2065 494 2335 558 τισθεῖσα,
2383 493 2480 546 καὶ
2519 495 2678 563 χερσὶ
2734 495 3107 564 κατασχοῦσα,
3157 494 3238 547 ἔτι
3285 494 3471 565 μένεις
3511 495 3642 547 ἁϐέο

2067 584 2244 650 ϐαιος,
2292 587 2388 640 καὶ
2433 586 2508 650 ὡς
2557 585 2749 656 νεκρὸν
2799 588 3068 640 νοστοῦσα
3125 586 3330 658 ζητεῖς,
3378 607 3397 639 ι
3435 591 3510 660 μή
3543 607 3642 658 μου

2068 678 2280 743 ἅπτου,
2330 696 2348 728 ι
2396 677 2670 746 τοσαύτης
2719 677 2982 741 ἀπιστίας
3031 678 3398 750 περικειμένη
3452 680 3643 750 ἀχλύν.

2071 771 2146 825 Ἦ
2193 770 2336 840 τάχα
2366 771 2450 834 τὸ,
2501 788 2519 820 ι
2559 769 2649 840 Μή
2690 787 2793 839 μου
2831 771 3027 835 ἆπτου,
3062 787 3081 821 ι
3117 771 3212 824 καὶ
3258 771 3459 841 νοητὴν
3494 757 3648 840 δηλοῖ

2067 861 2284 932 ἐπαφήν
2313 876 2328 892 ο
2357 859 2611 914 ἐϐούλετο
2664 861 2773 931 γὰρ
2812 861 3110 931 ἐρευνῆσαι
3161 862 3277 920 πῶς
3324 861 3649 932 ᾠκονόμητο

2067 953 2170 1022 τῆς
2221 952 2573 1016 ἀναστάσεως
2615 953 2676 1005 τὸ
2718 954 3042 1023 μυστήριον.
3107 953 3464 1006 Ἀποσπεύδει
3511 955 3646 1018 γοῦν

2069 1041 2236 1112 αὐτὴν
2267 1041 2528 1094 τοιούτων
2557 1041 2930 1112 ἐρωτημάτων
2956 1043 3318 1112 ἐφάπτεσθαι,
3352 1044 3446 1096 καί
3471 1060 3608 1110 φησι
3629 1058 3644 1071 ·

2067 1135 2160 1206 Μὴ
2192 1136 2645 1207 πολυπραγμόνει
2687 1135 2758 1188 τὰ
2797 1135 2944 1206 ὑπὲρ
2986 1136 3068 1200 σὲ,
3110 1135 3266 1188 οὔπω
3313 1136 3424 1204 γάρ
3453 1135 3648 1202 ἐφικέ-

2071 1229 2195 1282 σθαι
2220 1229 2448 1283 δύνασαι
2482 1227 2872 1297 μυσταγωγίας
2894 1227 3152 1298 τοιαύτης
3177 1245 3188 1259 ·
3215 1227 3404 1297 ἐπειδὴ
3433 1246 3452 1279 ι
3476 1228 3647 1281 Οὔπω

2069 1320 2388 1390 ἀναϐέϐηκα
2407 1320 2543 1390 πρὸς
2558 1320 2650 1372 τὸν
2679 1315 2893 1388 Πατέρα
2913 1335 3036 1388 μου,
3062 1338 3081 1372 ι
3113 1317 3254 1371 ὥστε
3281 1321 3420 1388 πρὸς
3447 1319 3648 1388 ὑψηλο-

2068 1413 2232 1481 τέρας
2257 1411 2488 1481 θεωρίας
2519 1410 2746 1464 ἐκλῦσαι
2783 1410 2924 1480 ὑμᾶς
2965 1409 3055 1462 διὰ
3081 1411 3178 1481 τῆς
3209 1410 3302 1463 τοῦ
3351 1409 3651 1480 Παρακλή-

2067 1520 2162 1555 του
2185 1502 2512 1569 ἀποστολῆς.
2545 1503 2655 1554 Καὶ
2686 1503 2830 1570 τάχα
2855 1502 2992 1569 πρὸς
3016 1501 3176 1553 τοῦτο
3204 1500 3434 1571 ἐφέρετο
3463 1501 3492 1553 ὃ
3512 1502 3648 1572 πρό-

2068 1610 2226 1665 τερον
2254 1592 2440 1660 ἔλεγεν
2471 1608 2484 1623 ο
2528 1612 2545 1643 ι
2571 1593 2740 1647 Ὅταν
2773 1591 2995 1661 ὑψωθῶ,
3023 1592 3233 1656 πάντας
3265 1591 3482 1645 ἑλκύσω
3507 1594 3651 1661 πρὸς

2070 1688 2306 1759 ἐμαυτόν
2347 1705 2360 1718 ι
2407 1707 2423 1738 ι
2491 1687 2699 1758 ὕψωσιν
2747 1687 2926 1754 λέγων
2975 1687 3077 1756 τὴν
3114 1688 3252 1757 πρὸς
3279 1685 3371 1741 τδν
3423 1686 3652 1756 Πατέρα

389 1774 609 1828 altiores
658 1770 1152 1839 contemplationes
1186 1769 1351 1823 misso
1397 1767 1598 1837 Spiritu
1649 1778 1836 1822 sancto
1876 1783 1966 1822 vos

2080 1780 2352 1835 ἀνάϐασιν.
2399 1780 2541 1849 Ἐγὼ
2593 1780 2692 1850 μὲν
2717 1778 2833 1846 οὖν,
2876 1780 3032 1849 φησὶ,
3068 1779 3343 1834 ἀναϐαίνω
3389 1778 3526 1849 πρὸς
3552 1778 3651 1830 τὸν

390 1863 623 1916 traham.
678 1862 744 1914 Et
799 1859 1034 1914 fortasse
1090 1860 1255 1912 etiam
1303 1858 1410 1912 huc
1467 1858 1768 1926 spectabat,
1825 1860 1968 1926 quod

391 1963 516 2004 ante
546 1953 756 2005 dixerat
785 1965 798 1999 :
833 1967 852 2000 ‹
891 1950 1027 2003 Cum
1052 1947 1323 2002 exaltatus
1355 1947 1529 2012 luero,
1545 1948 1725 2001 omnia
1757 1950 1967 2001 traham

388 2045 458 2098 ad
507 2058 590 2098 me
644 2045 818 2112 ipsum
849 2041 918 2107 ⁸⁸,
976 2039 1360 2095 exaltationem
1428 2055 1627 2094 vocans
1690 2040 1970 2096 ascensio-

390 2151 516 2190 nem
539 2136 606 2190 ad
639 2133 874 2189 Patrem.
899 2131 1062 2203 247
1082 2130 1196 2200 Ego
1220 2130 1406 2200 igitur,
1434 2130 1626 2199 inquit,
1649 2130 1881 2185 ascendo
1903 2132 1970 2184 ad

388 2226 606 2281 Patrem
634 2241 835 2291 meum,
865 2226 1026 2278 etiam
1060 2237 1187 2278 cum
1215 2235 1443 2291 corpore
1473 2237 1591 2275 cum
1619 2221 1708 2275 illo
1735 2220 1968 2276 futurus.

389 2318 470 2371 'l‘o
505 2332 631 2391 vero
654 2317 765 2381 abi,
790 2327 839 2370 et
868 2319 1005 2369 hanc
1028 2313 1402 2369 ascensionem
1431 2313 1711 2382 discipulis
1743 2313 1927 2366 nuntia
1953 2330 1967 2366 :

399 2430 418 2462 ι
456 2409 702 2466 Ascendo
737 2410 804 2463 ad
846 2409 1062 2462 Patrem
1100 2421 1284 2462 meum
1325 2416 1378 2462 et
1435 2405 1652 2461 Patrem
1703 2417 1968 2473 vestrum,

397 2503 568 2556 Deum
608 2518 784 2555 meum
823 2511 878 2554 et
907 2501 1072 2554 Deum
1098 2510 1360 2554 vestrum.
1394 2518 1413 2550 ι
1453 2499 1566 2553 Non
1602 2508 1813 2569 oportet
1844 2513 1973 2553 vero

391 2591 596 2646 offendi
628 2606 744 2654 eos,
789 2590 880 2660 qni
917 2605 1105 2644 sacras
1133 2589 1369 2644 Litteras
1403 2590 1602 2658 sciunt,
1643 2590 1686 2644 si
1710 2589 1972 2659 quidquid

395 2684 540 2752 quod
581 2684 786 2738 homini
817 2685 1128 2747 conveniat,
1155 2692 1376 2752 propter
1412 2693 1745 2751 assumptam
1784 2683 1975 2736 human

393 2778 618 2830 nitatem
645 2777 912 2844 loquatur.
936 2773 1109 2830 Deum
1131 2777 1274 2831 enim
1307 2791 1464 2830 suum
1498 2777 1710 2830 vocavit
1735 2777 1973 2841 Patrem,

398 2879 454 2920 ut
483 2869 573 2936 qui
607 2879 857 2921 naturam
879 2878 1116 2921 creatam
1142 2877 1514 2937 assumpserat
1534 2867 1821 2922 :‘eumdem
1846 2881 1976 2920 vero

396 2959 947 3024 nominavitPatrem,
966 2968 1023 3012 ut
1044 2959 1132 3028 qui
1158 2959 1396 3028 ejusdem
1415 2969 1532 3013 erat
1551 2960 1798 3014 essentia:
1818 2968 1978 3012 etua-

399 3063 551 3103 tnrae.
589 3049 686 3103 Est
719 3052 878 3118 igitur
894 3048 1038 3118 ejus,
1058 3051 1353 3103 secundum
1390 3050 1626 3103 divinam
1659 3050 1974 3115 essentiam,

2071 1873 2316 1944 Πατέρα,
2343 1873 2704 1942 συνεσόμενος
2745 1873 2919 1942 αὐτῷ,
2948 1873 3042 1925 καὶ
3075 1871 3214 1942 μετὰ
3246 1871 3339 1924 τοῦ
3370 1871 3652 1942 σώματος.

2070 1965 2142 2018 Σὺ
2187 1963 2244 2017 δὲ
2291 1963 2470 2029 ἄπιθι,
2514 1966 2610 2016 καὶ
2663 1963 3024 2032 εὐαγγελίζου
3075 1966 3186 2026 τοῖς
3254 1963 3524 2034 μαθηταῖς
3546 1964 3653 2033 τὴν

2071 2055 2337 2126 ἀνάληψιν
2363 2072 2376 2086 ·
2416 2074 2435 2108 ‹
2481 2054 2784 2108 Ἀναϐαίνω
2815 2055 2953 2125 πρὸς
2981 2055 3075 2108 τὸν
3112 2055 3332 2126 Πατέρα
3373 2072 3502 2123 μου,
3543 2054 3654 2108 καὶ

2073 2147 2293 2216 Πατέρα
2319 2146 2498 2216 ὑμῶν,
2529 2147 2625 2199 καὶ
2653 2147 2786 2199 Θεόν
2824 2163 2948 2217 μου,
2982 2147 3076 2200 καὶ
3114 2146 3249 2200 Θεὸν
3281 2145 3460 2216 ὑμῶν.
3500 2172 3518 2197 ι
3557 2147 3656 2197 Δεῖ

2070 2238 2126 2292 δὲ
2149 2239 2224 2309 μὴ
2243 2237 2692 2303 σκανδαλίζεσθαι
2715 2240 2840 2304 τοὺς
2862 2239 2972 2292 τῶν
2994 2237 3152 2291 θείων
3169 2237 3208 2289 Γ
3212 2237 3401 2308 ραφῶν
3424 2237 3657 2308 ἐπιστή-

2076 2347 2268 2400 μονας,
2291 2331 2344 2382 ei
2364 2347 2416 2382 τι
2441 2330 2548 2382 τῶν
2574 2329 3062 2400 άνθρωποπρεπῶν
3093 2329 3182 2383 διὰ
3208 2328 3306 2398 τὴν
3335 2328 3658 2397 οἰκονομίαν

2072 2421 2222 2491 λέγει
2259 2422 2525 2492 Χριστός.
2556 2421 2688 2474 Θεὸν
2717 2422 2816 2492 μὲν
2853 2422 2964 2490 γὰρ
2983 2422 3078 2474 τὸν
3116 2421 3336 2490 Πατέρα
3365 2421 3656 2484 ἐκάλεσεν,

2073 2511 2150 2575 ὡς
2177 2510 2277 2583 τὴν
2312 2509 2540 2580 κτιστὴν
2572 2511 2734 2581 φύσιν
2765 2510 3052 2565 ἀναλαϐών
3078 2529 3092 2543 ο
3125 2511 3215 2564 τὸν
3241 2510 3403 2565 αὐτὸν
3447 2510 3507 2562 δὲ
3537 2513 3656 2564 Πα-

2074 2603 2208 2672 τέρα
2254 2601 2564 2672 ὠνόμασεν,
2599 2601 2676 2666 ὡς
2718 2601 2819 2672 τῆς
2858 2601 3030 2673 αὐτῆς
3063 2601 3138 2656 ὢν
3178 2601 3368 2664 οὐσίας
3417 2602 3516 2656 καὶ
3545 2601 3654 2671 φύ-

2075 2713 2235 2758 σεως.
2257 2695 2415 2750 Ἔστι
2441 2696 2538 2764 μὲν
2555 2690 2650 2748 οὖν
2669 2694 2902 2760 ἐκείνου,
2929 2694 3071 2748 κατὰ
3092 2694 3192 2764 τὴν
3218 2691 3406 2764 θεῖκὴν
3432 2694 3652 2756 οὐσίαν,

2076 2787 2238 2856 φύσει
2293 2785 2505 2856 Πατὴρ,
2539 2784 2698 2856 ἡμῶν
2747 2784 2802 2837 δὲ
2862 2784 3046 2855 χάριτι
3106 2783 3297 2856 Πατὴρ
3341 2784 3410 2838 δι’
3452 2783 3632 2837 αὑτοῦ

2077 2875 2188 2948 Οῖῳ
2211 2877 2267 2930 δὲ
2297 2876 2484 2948 τρόπῳ
2510 2876 2693 2945 φαμὲν
2721 2875 2977 2944 γενέσθαι
3004 2875 3096 2929 τὸν
3123 2875 3360 2947 Χριστὸν
3393 2876 3529 2945 μετὰ
3550 2876 3656 2949 τὴν

2076 2969 2379 3023 ἀνάστασιν
2431 2967 2801 3038 ἀνθρωπίναις
2838 2968 3006 3036 ἁφαῖς
3041 2967 3102 3020 οὐ
3132 2966 3361 3037 ληπτὸν,
3405 2967 3659 3037 ἀνιχνεύ·

2081 3076 2290 3127 σωμεν,
2333 3060 2410 3122 ὡς
2455 3058 2523 3113 ἂν
2579 3059 2906 3128 δυνηθῶμεν
2968 3060 3109 3129 μετά
3167 3059 3381 3113 Παύλου
3431 3061 3654 3113 εἰπεῖν·

397 3141 720 3194 naturaliter
742 3140 935 3206 Pater;
978 3150 1163 3195 noster
1184 3155 1310 3194 vero
1343 3155 1438 3209 per
1477 3142 1650 3209 ipsum
1676 3142 1969 3196 secundum

2083 3170 2102 3204 ι
2143 3120 2209 3206 Iit
2245 3120 2340 3204 καὶ
2368 3120 2869 3224 ὲ-γνώκαμεναατά
2892 3120 3073 3220 σάρκα
3102 3151 3361 3222 Χριστὸν,
3393 3152 3528 3206 ἀλλά
3554 3153 3658 3206 νῦν

387 3229 648 3299 gratiam.
664 3229 782 3294 Quo
799 3243 923 3283 vero
937 3230 1094 3284 modo
1110 3230 1350 3285 dicamus
1365 3230 1642 3285 Christum
1659 3241 1781 3300 post
1797 3246 1975 3288 resur-

401 3320 695 3373 rectionem
717 3334 827 3373 non
853 3322 1090 3388 petuisse
1117 3320 1320 3390 percipi
1340 3321 1452 3391 (44)
1477 3322 1711 3377 humano
1724 3331 1974 3380 contactu

401 3409 810 3478 im'estigemns,
845 3421 901 3462 nt
928 3412 1111 3466 dicere
1133 3426 1254 3465 cum
1294 3412 1456 3466 Paulo
1477 3413 1777 3482 possimus:
1803 3432 1822 3466 ι
1849 3415 1976 3471 Etsi

401 3500 646 3553 novimus
674 3501 970 3555 secundum
1002 3516 1220 3556 carnem
1248 3501 1523 3558 Christum
1543 3504 1681 3574 (45),
1709 3506 1804 3560 sed
1835 3521 1979 3562 nunc

383 3588 412 3659 j
437 3606 504 3642 ιιιι
521 3605 623 3644 ιιοιι
649 3592 898 3646 novimus
912 3592 1011 3647 ⁸⁸.»
1031 3592 1162 3648 Cum
1181 3593 1338 3662 primi
1363 3595 1977 3667 parentistransgressio

399 3682 706 3736 crassitiem
731 3685 911 3739 carnis
939 3686 1098 3738 nobis
1129 3685 1399 3739 induxerit
1429 3684 1565 3756 (46),
1589 3700 1753 3755 quam
1791 3702 1974 3743 sermo

474 3816 521 3848 ⁸⁸
547 3815 704 3872 Joan.
738 3833 838 3885 xu,
873 3819 965 3876 3'2.
1040 3821 1086 3853 ⁸⁸
1115 3819 1159 3876 ll
1189 3820 1317 3876 Cor.
1357 3837 1410 3888 ν,
1438 3821 1528 3876 l6.

2079 3241 2181 3295 οὐκ
2219 3240 2300 3294 ἔτι
2332 3233 2680 3313 γινώσκομεν
2718 3258 2730 3272 ·
2771 3260 2790 3292 ι
2830 3243 2931 3311 τῆς
2961 3240 3057 3295 τοῦ
3091 3242 3442 3313 προπάτορος
3472 3260 3658 3313 παρα-

2080 3332 2295 3396 ϐάσεως
2322 3332 2383 3385 τὸ
2416 3333 2590 3402 πάχος
2614 3334 2674 3386 τὸ
2702 3332 2803 3404 τῆς
2833 3333 3036 3405 σαρκὸς
3061 3332 3472 3406 προξενησάσης
3496 3337 3658 3406 ἡμῖν,

2079 3424 2218 3496 ὅπερ
2255 3425 2288 3496 ἡ
2319 3424 2571 3494 θεολογία
2622 3424 2984 3497 δερματίνους
3028 3426 3269 3496 χιτῶνας
3299 3428 3579 3492 ἐκάλεσεν,
3628 3431 3659 3481 ὁ

2079 3509 2248 3563 ἐλθὼν
2289 3509 2384 3562 ἐπὶ
2419 3511 2482 3562 τδ
2519 3508 2620 3579 τὴν
2677 3510 2844 3578 φύσιν
2904 3511 3411 3582 ἐπανορθώσασθαι,
3458 3512 3661 3581 γέγονε

2082 3597 2183 3668 μὲν
2215 3599 2354 3670 ὅπερ
2381 3594 2448 3670 ἦν
2481 3601 2511 3652 ὁ
2557 3599 2728 3670 Ἀδὰμ
2762 3601 2901 3671 μετά
2934 3601 3032 3670 τὴν
3060 3601 3372 3672 παράϐασιν
3401 3619 3418 3635 ο
3461 3603 3662 3656 παθὼν

2078 3688 2136 3741 δὲ
2182 3692 2276 3743 καὶ
2307 3690 2567 3759 ἀναστάς,
2607 3691 3057 3762 μετεστοιχείωσε
3096 3694 3194 3760 τὴν
3222 3693 3385 3762 φύσιν
3413 3697 3494 3758 εἰς
3517 3697 3664 3767 ὅπερ

1627 3945 1955 4008 Francisei
1991 3949 2203 4011 Scorsi
2231 3959 2419 4012 notae.

399 4065 708 4140 necessitate
753 4076 982 4140 natum,
1016 4080 1065 4120 et
1116 4069 1316 4140 alioqui
1360 4071 1516 4124 habet
1563 4071 1736 4126 dotem
1779 4077 1982 4130 subtili-

401 4139 526 4188 tatis
557 4151 575 4188 :
638 4140 775 4189 unde
809 4137 989 4215 ﬁt‘ut,
1028 4142 1072 4193 si
1115 4137 1260 4215 uelit,
1310 4143 1481 4215 possit
1519 4145 1975 4215 resistereIactui,

401 4221 563 4282 neque
613 4220 721 4282 per_
765 4207 1048 4282 qualitates
1084 4210 1429 4264 elcmentares
1468 4212 1600 4264 illud
1671 4207 1976 4282 immutare,

398 4289 449 4328 et
510 4277 722 4349 ideasi
766 4278 1012 4349 noluerit,
1078 4295 1179 4332 non
1230 4283 1416 4343 poterit
1479 4285 1712 4349 palpari.
1779 4277 1978 4340 Deinde

398 4352 562 4411 potest
599 4346 645 4397 si
703 4345 824 4397 velit
870 4363 969 4399 sua
1007 4352 1305 4416 quantitate
1380 4345 1621 4405 resistere
1679 4353 1836 4408 alteri
1861 4373 1977 4408 coro

401 4429 514 4476 porr
550 4430 654 4466 non
691 4423 880 4467 utendo
907 4417 1044 4493 (itote
1075 4419 1406 4493 subtilitatis,
1452 4437 1541 4474 nec
1575 4439 1630 4476 se
1649 4428 1970 4493 penetrantia

399 4498 521 4534 cum
562 4498 643 4544 eo,
691 4500 854 4552 neque
898 4487 973 4537 illi
1023 4488 1253 4541 cedendo
1293 4503 1311 4550 ;

405 4553 620 4631 cereuitt
658 4553 807 4631 aliud
861 4569 1084 4631 corpus,
1143 4574 1307 4631 neque
1366 4576 1458 4629 per
1509 4578 1636 4615 suas
1681 4553 1975 4631 qualitaies

407 4621 612 4698 tactiles
667 4623 801 4698 illud
840 4621 1593 4698 immutantlofautspeciem
1643 4621 1974 4689 intentiona-

399 4694 503 4744 lem
538 4694 904 4760 imprimendo,
946 4696 1070 4764 quia
1099 4699 1207 4748 Ittrc
1256 4694 1419 4760 actio,
1453 4713 1504 4752 ut
1545 4702 1676 4759 dixi.
1703 4714 1776 4756 est
1804 4707 1974 4759 libera

400 4765 607 4839 corpori
633 4764 887 4839 glorioso,
931 4778 976 4817 et
1007 4777 1198 4818 nonest
1232 4772 1524 4839 necessario
1551 4775 1832 4839 conjuncta
1853 4792 1970 4828 cum

399 4837 598 4913 priore
627 4835 921 4913 resistentia
950 4851 969 4899 ;
1018 4845 1173 4901 atque
1227 4837 1345 4913 hoc.
1380 4844 1532 4913 modo
1563 4835 1730 4907 potest
1783 4861 1973 4913 corpus

398 4900 692 4976 gloriosum
744 4905 1007 4970 resistere,
1043 4900 1094 4958 et
1121 4923 1222 4958 nou
1257 4909 1469 4976 palpari
1495 4900 1573 4961 att.
1599 4928 1716 4964 eum
1760 4900 1972 4966 modum

405 4985 506 5039 quo
538 4973 590 5020 id
633 4984 801 5038 posset
846 4977 1143 5047 contingere
1171 4979 1220 5028 in
1251 4973 1465 5047 corpore
1504 4981 1714 5036 caelesti.
1795 4983 1972 5036 Potest

405 5051 581 5092 culem
639 5057 826 5109 corpus
869 5046 1155 5112 gloriosum
1202 5063 1296 5099 suo
1341 5046 1511 5101 etiam
1573 5051 1789 5105 arbitrio
1840 5056 1976 5106 resi-

401 5120 542 5189 {lere
567 5113 763 5189 (actui,
787 5114 1118 5168 immutantlo
1162 5116 1293 5168 illud
1325 5135 1415 5185 per
1438 5121 1726 5189 qualitates
1751 5123 1976 5176 sensibi-

401 5181 500 5260 (ιε,
546 5194 708 5260 atque
745 5182 838 5234 hoc
895 5190 1076 5260 modo‘
1107 5196 1272 5260 potest
1299 5181 1543 5260 palptirt‘.
1588 5189 1684 5242 Est
1737 5209 1858 5259 ergo
1918 5202 1972 5245 ut

402 5253 722 5326 ita‘ttt'cam,
780 5267 966 5319 corpus
1024 5255 1314 5323 gloriosum
1364 5253 1628 5326 palpabile
1684 5253 1977 5316 voluptarie

404 5329 454 5372 ιι
502 5319 684 5387 libere,
721 5338 824 5374 non
868 5339 932 5375 ea:
983 5319 1309 5380 necessitate.
1364 5319 1489 5380 "nat-
1529 5346 1594 5382 ex
1651 5328 1846 5387 Soario
1885 5350 1980 5386 ex-

403 5391 632 5458 scripsi,
681 5401 744 5468 _nt
793 5396 1258 5468 animaduerteres
1288 5412 1445 5465 qnam
1499 5397 1825 5468 θεολογικῶς
1875 5420 1975 5457 no-

405 5468 515 5534 ster
540 5463 725 5534 paucis
766 5464 946 5534 verbis
976 5467 1115 5518 idem
1142 5463 1489 5534 expresserit,
1515 5485 1635 5522 cum
1665 5463 1676 5468 ⁷
1698 5474 1862 5525 dicit:
1893 5475 1966 5526 Οὐ

405 5529 516 5610 γὰρ
536 5531 624 5610 ἔτι
653 5533 858 5610 σαρκὸς
906 5536 1154 5610 ἐπιςέριρ
1217 5529 1506 5610 παχύτητα
1537 5538 1611 5602 ὡς
1643 5543 1809 5610 ἀραῖς
1843 5547 1974 5596 ὐπο-

405 5599 625 5677 κείσθαι
679 5599 800 5666 ταῖς
862 5599 1026 5666 σαῑςέ
1079 5599 1209 5658 Non
1257 5599 1394 5659 enim
1423 5599 1607 5662 'etiam'
1637 5599 1773 5664 nunc
1791 5599 1973 5666 carnis

407 5682 703 5751 frasstttem
745 5677 980 5751 profero,
1009 5692 1250 5751 apteque
1278 5681 1656 5751 contuetui‘tuo
1679 5681 1972 5748 subjaceat.

406 5737 476 5793 Et
510 5737 753 5809 idipsum'
802 5737 975 5812 paulo
1008 5737 1324 5803 infra'cum
1374 5747 1640 5824 ait:-Per
1694 5737 1972 5807 dispensa-

2084 4079 2281 4132 tionem
2331 4079 2554 4148 fuctum,
2591 4088 2716 4132 uta
2772 4079 3080 4132 mulieribus
3143 4077 3272 4132 aliis
3325 4087 3664 4149 tangentur.

2082 4149 2348 4203 Nimirum
2372 4149 2497 4217 quia
2537 4153 2610 4202 ita
2653 4149 2820 4203 voluit
2852 4152 2918 4203 ad
2943 4149 3372 4209 conﬁrmandum
3411 4166 3668 4209 resurre-

2079 4219 2280 4274 ctionis
2310 4219 2661 4289 mysterium.

2153 4289 2262 4358 (45)
2299 4287 2722 4343 Ιηένράαιὶιαεὶδ.
2775 4289 2910 4343 Tres
2951 4289 3258 4360 explicandi
3285 4289 3495 4355 modos,
3517 4307 3666 4360 quos

2080 4357 2237 4412 alfert
2271 4360 2357 4413 hic
2387 4368 2576 4412 auctor
2605 4361 2750 4412 circa
2797 4360 2884 4414 illa
2911 4357 3076 4415 verba
3106 4377 3121 4413 :
3153 4358 3279 4413 Noli
3315 4375 3396 4411 me
3419 4357 3664 4430 tangere,

2080 4443 2200 4496 qua:
2250 4429 2584 4482 multimodis
2638 4432 2706 4483 ab
2737 4430 3122 4499 interpretibus
3168 4439 3221 4484 et
3279 4430 3530 4484 Patribns
3555 4429 3655 4487 deé

1367 4500 1414 4542 et
1463 4503 1638 4544 tamen
1679 4495 1969 4570 nihilefﬁ-
2006 4497 2049 4553 D
2080 4495 2380 4563 clarantur,
2446 4501 2679 4567 primum
2711 4503 2780 4554 ob
2833 4495 3185 4554 subtilitatem
3235 4500 3483 4568 corporis
3541 4503 3670 4570 glo-

2086 4570 2238 4633 riosi,
2292 4572 2586 4622 secundum
2638 4571 2706 4624 ob
2769 4571 3008 4624 mulieris
3055 4570 3518 4634 incredulitatem,
3549 4585 3672 4626 ter-

2083 4639 2215 4707 tium
2250 4637 2316 4691 de
2347 4639 2580 4707 spiritali
2615 4649 2785 4701 tactn,
2835 4640 3069 4693 alierum
3118 4640 3372 4707 etiamS.
3405 4637 3667 4697 Justinus

2086 4706 2296 4777 Martyr
2345 4706 2538 4778 quaest.
2588 4709 2657 4764 ad
2715 4711 3004 4764 orthodox.
3053 4708 3143 4774 48,
3179 4720 3234 4763 et
3266 4706 3357 4778 δη
3401 4708 3666 4778 Cyrillus,

2086 4779 2178 4850 lib.
2208 4792 2282 4831 Ml
2317 4777 2371 4831 iri
2410 4779 2572 4850 .lpan.
2601 4797 2619 4844 ;
2654 4778 3010 4850 S.Chty505t.
3038 4780 3196 4850 (hom.
3239 4777 3302 4850 de
3449 4777 3669 4835 Joanne

2086 4847 2378 4916 Baptista;
2436 4848 2496 4903 S.
2545 4851 2798 4904 Ambros.
2836 4847 3001 4904 Serm.
3034 4849 3101 4904 58
3129 4864 3146 4914 ;
3177 4859 3232 4902 et
3268 4849 3320 4901 in
3347 4847 3490 4902 Psal.
3529 4865 3666 4915 ην,

2085 4927 2139 4970 et
2186 4921 2282 4988 lib.
2334 4920 2547 4973 Comm.
2584 4920 2637 4972 in
2677 4919 2808 4973 Luc.
2846 4935 2918 4984 x;
2965 4918 3024 4972 S.
3083 4917 3400 4988 Hieronym.
3460 4931 3667 4988 quaest.

2085 4991 2139 5059 (δ’,
2185 4985 2507 5059 Hebidiam;
2569 4989 2626 5041 S.
2657 4989 2881 5058 August.
2942 4991 3101 5056 epist.
3133 4989 3200 5042 58
3231 4985 3355 5059 ίςὸ.
3422 4985 3662 5059 Gicgor.

2083 5054 2241 5178 Nyss.
2272 5068 2414 5112 orat.
2447 5058 2502 5121 2,
2550 5063 2612 5112 de
2642 5054 2944 5114 liesiu'rect.
2981 5054 3134 5114 citati
3171 5073 3200 5111 a
3239 5054 3562 5112 Maldouato
3605 5077 3666 5112 ω

2124 5143 2246 5178 utut.
2290 5144 2408 5178 can.
2445 5143 2537 5178 xx.
3394 5176 3398 5178 .

2124 5143 2246 5179 Utttt.
2290 5144 2408 5196 cap.
2445 5143 2537 5182 xx.
3389 5176 3399 5190 .

2156 5198 2265 5265 (44)
2291 5194 2412 5250 Νόη
2436 5199 2663 5265 potuisse
2680 5199 2897 5268 percipi.
2919 5197 2996 5251 Ex
3021 5198 3346 5254 necessitate
3365 5198 3569 5254 scilicet
3605 5209 3670 5254 ut

2087 5267 2139 5319 in
2180 5283 2410 5336 corpore
2462 5269 2641 5324 adhuc
2681 5267 2900 5324 mortali
2953 5274 3226 5334 usuvenit,
3284 5274 3426 5338 quod
3481 5271 3669 5337 posito

2089 5347 2338 5390 contactu
2397 5338 2623 5394 alterius
2681 5345 2926 5408 corporis
2979 5341 3289 5394 necessario
3319 5357 3479 5394 sensu
3535 5357 3672 5406 per-

2085 5409 2411 5478 cipitur,__nt
2449 5412 2780 5478 resplicatum
2831 5422 2915 5466 est
2947 5420 3059 5464 not.
3123 5425 3370 5478 proxrma
3400 5410 3434 5462 4
3464 5411 3580 5464 et5.

2158 5477 2270 5548 (45)
2303 5475 2374 5532 Et
2408 5477 2456 5529 si
2493 5475 2728 5532 novimus
2790 5481 3078 5534 secundum
3117 5475 3331 5534 carnem
3367 5480 3664 5535 Christum.

2087 5545 2263 5620 Sensu
2308 5549 2419 5620 jam
2456 5552 2720 5620 explicato
2763 5553 2924 5620 paulo
2947 5567 3110 5617 supra
3143 5566 3252 5603 not.
3286 5552 3376 5605 42.

2161 5617 2272 5688 (415)
2305 5619 2610 5672 Crassittem
2642 5617 2786 5674 nobts
2819 5624 3107 5674 induxerit.
3166 5620 3319 5685 Eam,
3371 5637 3488 5690 qua:
3517 5621 3668 5675 dicta

2091 5699 2178 5811 rcus):
2226 5703 2390 5813 sggra
2453 5696 2566 5760 not.
2635 5691 2723 5756 4‘2,
2793 5703 2845 5747 ct
2899 5693 3198 5761 [lla'SCl‘lllll
3249 5697 3311 5747 ad
3358 5697 3501 5748 Ιιυιι..
3561 5693 3668 5756 54,

2083 5767 2198 5812 not.
2260 5767 2348 5812 59.
