4018 6206
397 295 503 361 (~81
1713 292 1878 352 HOM
1893 293 1907 349 l
1920 290 2047 352 LIA
2087 288 2320 350 XXXV.
3552 282 3665 347 68?.

394 409 463 484 ἦν
496 416 525 465 ὁ
556 408 843 480 ἄνθρωπος
873 408 978 478 πρὸ
1003 407 1100 475 τῆς
1127 404 1517 475 παραϐάσεως,
1545 401 1671 464 τοὺς
1704 406 1977 471 προῦφαιν-

2091 399 2303 453 diviuus
2336 394 2589 466 pelliceas
2625 391 2857 463 appellat
2883 391 3092 447 tunicas
3113 389 3252 463 (47),
3302 393 3394 464 qui
3428 393 3495 449 ad
3553 410 3670 450 na-

394 504 592 562 Οέντας
642 498 884 569 χιτῶνας
938 494 1416 564 ἀπεκδυσάμενος.
1482 492 1807 556 Ἀνάστασις
1868 493 1975 561 γάρ

2091 500 2265 544 turam
2294 495 2539 543 nostram
2575 484 2967 542 restituendam
2999 484 3169 548 venit,
3222 484 3395 541 factus
3434 496 3521 541 est
3547 488 3671 557 qui-

392 594 544 644 ὲστιν
600 590 635 660 ἡ
680 589 762 651 είς
810 586 874 639 τὸ
925 588 1155 657 ἀρχαῖον
1186 578 1652 645 ’ἀποκατάστασις
1695 596 1709 610 ⁸
1769 582 1838 652 ἥν
1883 583 1977 635 καὶ

2091 583 2210 637 dem
2260 579 2404 649 quod
2447 577 2619 632 Adam
2650 586 2769 647 post
2800 576 3290 645 transgressionem
3322 577 3436 650 (48)
3469 595 3484 633 :
3520 590 3663 649 post-

393 680 558 750 ἡμεῖς
589 673 1009 746 ἀπεκδεχόμεθα
1041 677 1098 727 ὲν
1122 677 1189 745 τῇ
1225 672 1621 743 παλιγγενεσία
1644 671 1854 736 λαϐεῖν,
1879 672 1977 742 χά-

2091 686 2246 740 quam
2281 682 2474 735 passus
2503 674 2608 732 est,
2643 674 2698 720 ct
2727 666 3032 721 resurrexit
3063 665 3377 721 reformavit
3418 677 3666 723 naturam

394 788 506 837 ριτι
542 767 639 822 τοῦ
668 765 1264 838 μεταστοιχειώσαντος
1294 766 1365 820 δι’
1396 764 1592 819 ἑαυτοῦ
1636 763 1733 817 καὶ
1758 763 1977 833 ἀφθαρ-

2091 762 2202 834 (49)
2233 763 2300 815 ad
2332 761 2406 827 id,
2457 761 2601 829 quod
2635 769 2754 815 erat
2801 758 2964 814 homo
3002 767 3131 814 ante
3179 760 3667 830 transgressionem

356 862 648 933 ‘eiaavm;
680 860 781 931 τὴν
830 859 996 929 φύσιν
1025 859 1206 930 ἡμῶν,
1246 856 1343 911 τοῦ
1398 857 1632 929 Κυρίου,
1678 854 1773 909 καὶ
1815 854 1975 921 Θεοῦ,

2091 868 2291 909 exuens
2314 852 2526 906 tunicas
2554 851 2696 917 ﬂante
2726 860 3029 905 contextus.
3054 849 3402 905 Resurrectio
3431 851 3577 905 enim
3610 852 3667 904 in
3723 913 3733 921 ,

358 954 494 1025 ικαὶ
537 954 791 1023 Σωτῆρος
821 952 984 1021 ἡμῶν
1029 950 1205 1021 Ἰησοῦ
1251 947 1518 1019 Χριστοῦ,
1570 942 1615 1015 ᾧ
1656 949 1691 1018 ἡ
1732 946 1863 1014 δόξα
1893 947 1976 1011 εἰς

2091 945 2375 1014 pristinum
2401 950 2606 998 statum
2633 952 2717 997 est
2742 941 3016 998 restitutio
3047 961 3061 997 :
3088 957 3248 1012 quam
3271 954 3328 999 et
3352 943 3406 998 in
3438 959 3669 1016 regene-

349 1032 522 1114 ξτοὺς
560 1045 767 1108 αἰῶνας
796 1044 906 1096 τῶν
932 1042 1169 1098 αἰώνων.
1214 1042 1411 1112 Ἀμήν.

2091 1035 2296 1091 ratione
2322 1034 2579 1104 consequi
2602 1044 3001 1103 exspectamus,
3032 1034 3203 1104 gratia
3220 1035 3336 1100 eius
3364 1037 3456 1105 qui
3486 1052 3581 1104 per
3608 1052 3671 1091 se

389 1139 568 1205 ipsum
609 1137 948 1202 reformavit,
985 1144 1043 1191 et.
1089 1136 1494 1205 incorruptione
1556 1133 1778 1189 donavit
1817 1140 2069 1187 naturam
2124 1139 2388 1199 nostram,
2433 1128 2671 1194 Domini,
2720 1137 2775 1183 et
2834 1127 2928 1182 Dei
2969 1127 3270 1185 Salvatoris
3323 1131 3499 1186 nostri
3535 1129 3669 1188 Iesu

353 1291 357 1294 ,
388 1232 619 1300 Christi,
661 1232 751 1289 cui
783 1230 954 1302 gloria
993 1232 1044 1286 in
1071 1231 1268 1287 szccula
1299 1230 1645 1288 saeculorum.
1684 1229 1878 1285 Amen.

975 1346 1216 1401 OMlAIA
1254 1343 1379 1400 AE'.

783 1465 889 1528 Εῑς
923 1460 985 1515 τὸ
1025 1460 1284 1514 ἔννατον
1315 1458 1584 1512 ἑωθινόν.

468 1600 489 1632 1
527 1578 706 1646 Οὔσης
721 1577 888 1646 ὀψίας
917 1579 983 1647 τῇ
1022 1575 1209 1648 ἡμέρα
1242 1575 1447 1646 ἐκείνῃ,
1477 1576 1544 1644 τῇ
1574 1574 1673 1644 μιᾷ
1702 1572 1810 1628 τῶν
1839 1571 1980 1626 Σαϐ-

386 1674 604 1738 εάτων,
636 1672 730 1723 καὶ
759 1670 867 1723 τῶν
898 1668 1080 1740 θυρῶν
1112 1667 1557 1736 κεκλεισμένων,
1591 1666 1727 1719 ὅπου
1760 1660 1900 1737 ἦσαν
1930 1665 1981 1717 οἱ

2601 1338 2887 1397 HOMILIA
2927 1338 3146 1396 XXXV.

2536 1454 2602 1510 In
2635 1472 2828 1510 nonum
2864 1458 3213 1511 matutinum.

2152 1592 2175 1625 ‹
2224 1574 2354 1629 Cum
2394 1587 2519 1628 sero
2553 1581 2700 1626 esset
2726 1571 2813 1626 die
2847 1570 2938 1624 illa
2964 1610 2978 1636 ,
3037 1586 3146 1626 una
3181 1572 3584 1642 Sablialorum,
3611 1587 3671 1633 ct

2087 1669 2236 1725 fores
2292 1676 2477 1724 essent
2526 1667 2768 1729 clausae,
2821 1667 2912 1721 ubi
2944 1678 3102 1722 erant
3137 1668 3386 1738 discipuli
3436 1685 3668 1743 congre-

389 1764 638 1835 μαθηταὶ
670 1760 1024 1833 συνηγμένοι.
1057 1779 1076 1811 ›
1113 1758 1383 1829 Ζητητέον
1414 1760 1527 1821 τοῖς
1555 1756 1663 1810 τῶν
1692 1756 1855 1828 ἱερῶν
1874 1757 1977 1811 Λο-

2091 1762 2196 1831 gati
2232 1762 2301 1815 ⁸⁷.
2341 1779 2359 1813 ι
2400 1760 2767 1827 Quaerendum
2818 1760 3034 1815 videtur
3064 1760 3133 1816 iis
3184 1762 3278 1831 qui
3324 1777 3483 1819 sacra
3517 1780 3672 1820 scru-

390 1858 529 1924 γίων
556 1856 890 1921 ὲξετασταῐς,
916 1853 1004 1907 διὰ
1030 1853 1083 1906 τί
1114 1855 1232 1914 ταῖς
1262 1851 1361 1922 μὲν
1390 1851 1625 1921 γυναιξὶ,
1658 1849 1977 1904 ἀνατείλαν-

389 1968 486 2013 τος
525 1951 618 2003 τοῦ
665 1948 854 2019 ἡλίου,
903 1946 1000 2002 καὶ
1047 1945 1248 2017 δρθρου
1300 1944 1491 2015 βαθέος
1537 1943 1694 2013 ὤφθη
1742 1941 1979 2014 Χριστὸς

387 2041 535 2112 μετὰ
560 2040 659 2111 τὴν
685 2039 1002 2104 ἀνάστασιν,
1048 2038 1162 2098 τοῖς
1207 2035 1264 2089 δὲ
1314 2034 1606 2105 μαθηταῖς,
1650 2032 1830 2103 πέρας
1876 2030 1978 2099 ήδη

382 2132 648 2195 λαϐόντος
686 2132 779 2184 τοῦ
818 2126 1081 2201 ἡμερινοῦ
1120 2126 1510 2197 διαστήματος.
1549 2124 1660 2177 Καὶ
1697 2125 1839 2176 κατὰ
1879 2120 1980 2192 μὲν

388 2226 456 2279 τὸ
486 2226 585 2295 τῆς
622 2224 863 2295 ἱστορίας
901 2219 1214 2285 ἀκόλουθον,
1252 2217 1549 2289 ἐπειδήπερ
1580 2215 1723 2276 sine:
1755 2210 1823 2285 ἦν
1854 2213 1981 2275 τοὺς

390 2316 669 2385 μαθητὰς,
702 2315 913 2389 ἡμέρας
951 2313 1053 2384 μὲν
1085 2312 1243 2367 ἄλλον
1273 2309 1510 2380 ἀλλαχοῦ
1544 2305 1978 2367 διασκίδνασθαι,

386 2408 466 2472 ὡς
486 2407 603 2461 ἐστι
629 2406 1031 2479 τεκμαίρεσθαι
1060 2405 1168 2458 ἀπὸ
1197 2403 1306 2458 τῶν
1338 2400 1716 2473 πορευθέντων
1738 2401 1817 2463 εἰς
1847 2399 1981 2468 Ἐμ-

393 2500 568 2570 μαούς
594 2514 608 2529 ⁸
649 2502 728 2562 εἰς
761 2498 820 2551 ἓν
866 2498 923 2552 δὲ
959 2497 1158 2561 αὐτοὺς
1192 2495 1427 2565 συνῆγεν
1461 2497 1495 2566 ἡ
1532 2493 1627 2559 νύξ
1652 2510 1666 2523 ·
1701 2493 1790 2546 διὰ
1821 2491 1981 2545 τοῦτο

384 2594 556 2664 ἀμίας
589 2593 772 2654 αὐτοῖς
806 2591 1173 2659 ἐπιφαίνεται.
1206 2587 1421 2651 Νυκτὸς
1452 2588 1562 2657 γὰρ
1597 2585 1982 2656 συνηγείροντο

387 2688 450 2740 ἐν
480 2690 546 2758 τῇ
583 2685 731 2758 οἰκίᾳ
762 2685 933 2749 Σιὼν,
966 2684 1061 2738 καὶ
1095 2685 1161 2755 τῇ
1196 2684 1324 2754 περὶ
1352 2679 1445 2733 τοῦ
1468 2678 1800 2733 (διδασκάλου
1835 2676 1979 2748 λύπῃ

388 2779 786 2849 ἀσχάλλοντες,
818 2778 912 2832 καὶ
945 2775 1023 2846 τῷ
1055 2775 1164 2830 τῶν
1205 2773 1473 2829 Ἰουδαίων
1508 2770 1659 2842 φόϐῳ
1694 2771 1978 2834 ἀλύοντες,

390 2875 475 2938 εἰς
518 2873 579 2926 ἓν
614 2871 886 2934 συνιόντες
926 2867 1303 2924 ἀνεκοινοῦντο
1334 2867 1395 2922 τὸ
1439 2865 1645 2929 πάθος,
1681 2866 1802 2927 ταῖς
1841 2880 1982 2933 χρη-

392 2965 553 3024 σταῖς
585 2960 680 3013 τοῦ
721 2961 974 3031 Σωτῆρος
1013 2957 1365 3028 ἐπαγγελίαις
1414 2956 1509 3018 τὰς
1546 2954 1727 3026 ψυχὰς
1771 2953 1983 3025 ῥιπιζὸ-

388 3072 572 3127 μενοι.
610 3054 925 3124 Ἐιρίσταται
976 3053 1108 3122 γοῦν
1155 3051 1315 3122 ὀψίας
1364 3051 1570 3115 αὐτοῖς,
1617 3049 1713 3102 καὶ
1765 3048 1982 3101 ἵσταται

2093 1860 2277 1908 tantur
2309 1850 2536 1919 Eloquia
2564 1890 2579 1916 ,
2617 1850 2750 1920 quid
2786 1850 2859 1903 sit
2887 1851 3029 1919 quod
3065 1850 3386 1908 mulieribus
3409 1865 3532 1910 orto
3556 1858 3668 1924 iam

2088 1945 2234 2009 sole,
2266 1954 2318 2001 el
2350 1943 2514 2000 valde
2569 1943 2807 1998 diluculo
2838 1953 2958 2012 post
2999 1947 3456 2002 resurrectionem
3505 1964 3675 2020 appe-

2091 2040 2264 2094 ruerit
2292 2037 2572 2103 Dominus,
2605 2035 2890 2104 discipulis
2920 2050 3073 2099 vero,
3108 2052 3232 2092 cum
3259 2037 3520 2095 diumnm
3544 2057 3671 2112 sps-

2092 2132 2226 2186 tium
2258 2130 2371 2201 jatn
2403 2139 2626 2200 caperet
2675 2129 2858 2183 ﬁnem.
2897 2128 2963 2183 Et
3004 2130 3230 2200 quidem
3266 2126 3313 2186 si
3340 2134 3497 2200 juxta
3537 2149 3673 2190 con-

2093 2234 2381 2294 gruentem
2412 2221 2656 2275 historiae
2710 2235 2932 2275 sensum
2971 2222 3022 2276 id
3054 2222 3464 2280 consideremus
3485 2266 3502 2290 ,
3537 2241 3674 2296 quo-

2090 2315 2235 2369 niam
2299 2313 2599 2369 verisimile
2653 2321 2759 2378 est,
2807 2313 3039 2368 interdiu
3088 2314 3374 2372 alio-alios
3424 2318 3670 2389 dilapsos

2088 2420 2230 2471 esse,
2272 2406 2593 2477 discipulos,
2624 2414 2684 2460 ut
2731 2421 2797 2461 ex
2843 2405 3167 2462 abeuntibus
3200 2407 3256 2464 in
3290 2407 3669 2467 Emmauntem

2089 2500 2364 2571 conjicere
2434 2508 2544 2557 est.
2603 2500 2678 2554 At
2727 2514 2855 2556 vero
2913 2499 3080 2571 248
3129 2502 3183 2556 in
3223 2517 3391 2558 unum
3428 2520 3533 2561 nox
3577 2521 3673 2563 eos

2090 2593 2316 2665 cogebat
2368 2611 2385 2647 :
2432 2593 2552 2647 ideo
2625 2607 2749 2647 cum
2810 2607 2936 2648 sero
2996 2601 3177 2658 esset,
3256 2594 3364 2650 illis
3426 2609 3671 2668 apparet.

2090 2686 2228 2740 Cum
2266 2693 2672 2751 vesperasceret
2702 2682 2847 2737 enim
2891 2681 2947 2737 in
2985 2683 3204 2738 domum
3234 2682 3416 2743 Sionis
3440 2702 3670 2759 ωηερε-

2091 2778 2402 2845 gabantur;
2455 2784 2512 2831 et
2539 2775 2608 2830 de
2662 2774 2908 2847 Magistri
2975 2788 3105 2829 casu
3157 2776 3345 2832 dolore
3373 2778 3586 2847 amicti,
3618 2794 3675 2836 et

2097 2863 2408 2919 intimorum
2439 2874 2584 2919 metu
2638 2865 2934 2919 exanimati
2992 2866 3047 2920 in
3083 2881 3249 2921 unum
3290 2870 3675 2927 convenientes

2093 2956 2349 3012 allectum
2388 2957 2591 3019 animi,
2637 2956 2779 3011 alter
2815 2972 2939 3012 cum
2972 2958 3148 3011 altero
3176 2961 3673 3027 communicabant,

2093 3057 2146 3101 et
2176 3047 2333 3102 bonis
2358 3044 2660 3101 Salvatoris
2684 3044 3137 3115 promissionibus
3178 3048 3486 3104 animorum
3531 3051 3674 3120 igni-

394 3113 586 3219 ptéaov,
621 3113 709 3200 ι’νᾶ
741 3146 968 3216 γένηται
988 3113 1135 3200 ’πᾶσι
1171 3113 1510 3215 καταφανής.
1530 3113 1892 3212 ήὙψηλοτέρῳ
1926 3139 1977 3192 δὲ

2091 3141 2244 3196 culos
2274 3140 2613 3195 excitabant.
2664 3113 2801 3194 Sero
2856 3138 3022 3209 igitur
3058 3138 3167 3194 illis
3213 3142 3409 3208 adest,
3458 3153 3511 3198 et
3543 3113 3674 3199 Et»...

387 3242 618 3313 τρόπῳ,
651 3240 781 3311 ὀψία
813 3236 881 3312 ἦν
910 3242 1022 3304 τοῖς
1060 3239 1332 3311 μαθηταῖς
1357 3255 1370 3269 ·
1402 3233 1546 3310 ἦσαν
1579 3234 1691 3308 γὰρ
1718 3237 1783 3307 τῇ
1820 3234 1982 3305 ἀχλύῖ

471 3396 520 3429 ⁸⁷
547 3395 704 3454 Joan.
741 3414 806 3453 xx
831 3436 848 3462 ,
888 3395 955 3452 l9
988 3410 1142 3465 seqq.

2090 3234 2234 3289 sistit
2257 3233 2313 3288 in
2342 3233 2542 3299 medio,
2562 3242 2622 3287 ut
2640 3233 2894 3290 omnibus
2920 3233 3248 3305 conspicuus
3276 3244 3442 3291 esset.
3468 3236 3676 3294 Altiore

1632 3508 1961 3572 Francisci
1998 3511 2207 3574 Scorsi
2239 3517 2425 3573 notae.

470 3655 588 3725 (l7)
629 3653 889 3725 Pelliccas
921 3654 1149 3708 tunicas.
1177 3652 1384 3725 alludit
1422 3652 1488 3725 ad
1544 3651 1672 3706 illttd
1705 3652 1841 3709 Gen.
1876 3669 1973 3708 lli:

402 3722 811 3795 Fecitquoque
861 3724 1120 3795 Dominus
1172 3722 1498 3795 DensAdtr,
1536 3731 1594 3795 _et
1646 3724 1801 3795 uxori
1866 3726 1980 3793 ejus

393 3792 906 3865 tutticas'pelliceas.
960 3794 1135 3850 Graio.
1188 3793 1370 3849 LXX:
1416 3792 1672 3857 Χιτῶνας
1718 3793 1981 3865 δερματί-

394 3885 550 3932 νους,
603 3880 742 3934 quas
781 3865 842 3919 S.
874 3864 1172 3935 Gregorius
1228 3865 1493 3919 Nazianz.
1520 3879 1681 3933 quem
1706 3864 1898 3935 noster
1922 3875 1984 3921 ut

398 3952 548 4005 stupe
594 3938 647 3990 itt
699 3936 784 3990 his
832 3934 1140 3991 assectatur
1197 3951 1294 4005 pro
1325 3937 1578 3990 crassitie
1633 3934 1717 3989 vel
1779 3946 1983 3990 morta-

398 4009 561 4061 litate
608 4007 861 4069 cortvoris
903 4005 1294 4075 interpretatur
1326 4017 1467 4061 orat.
1516 4005 1615 4075 58,
1654 4014 1812 4069 prout
1867 4007 1981 4062 dis-

402 4087 611 4133 sertunt
649 4085 733 4129 est
760 4076 973 4143 longius
1009 4079 1074 4130 ad
1098 4079 1245 4130 hom.
1281 4075 1373 4141 25,
1402 4088 1516 4132 not.
1560 4074 1651 4130 00.
1674 4074 1740 4129 Et
1760 4076 1979 4146 quidem

399 4151 639 4216 mystica
687 4146 954 4202 Nazianz.
998 4149 1375 4216 interpretatio
1434 4147 1773 4216 accipienda,
1831 4148 1984 4201 salvo

402 4215 572 4271 sensu
630 4217 847 4272 litterati
902 4228 955 4271 et
989 4217 1271 4281 historico,
1332 4218 1475 4286 quod
1510 4216 1743 4271 Jacobus
1792 4215 1982 4286 Dillius

402 4287 517 4340 alio
568 4288 621 4341 in
684 4288 802 4341 loco
850 4287 1094 4356 ejusdem
1153 4298 1295 4342 orat.
1352 4285 1780 4344 animadvertit.
1842 4285 1984 4355 Lege

402 4356 705 4421 Pererium,
736 4358 831 4412 lib.
884 4355 937 4414 iv
980 4355 1264 4412 Commen.
1305 4358 1356 4411 itt
1389 4356 1551 4422 Gem,
1581 4360 1671 4426 qui
1717 4357 1982 4411 Nazianz.

407 4441 512 4496 pro
547 4443 614 4482 ea
638 4428 909 4482 sententia
967 4426 1173 4493 laudat,
1229 4444 1349 4498 quae
1385 4443 1542 4482 veras
1580 4428 1792 4481 tunicas
1811 4426 1983 4482 fuisse

2086 3654 2448 3727 ἀνθρῳπίνης
2502 3653 2722 3727 (ptio-ato;
2781 3654 3076 3727 ἰδιώματα,
3120 3657 3249 3711 τάτε
3296 3657 3526 3726 φυσικὶ,
3577 3662 3673 3714 καὶ

2086 3724 2411 3798 ἀδιάϐλητα
2435 3724 2588 3797 παθη
2616 3741 2629 3798 j
2666 3724 2810 3780 Nam
2859 3724 2971 3795 ipse
3002 3734 3206 3781 tantum
3239 3724 3501 3783 hominem
3536 3747 3669 3794 pro-

2083 3808 2200 3867 pter
2261 3796 2500 3851 nostram
2544 3796 2768 3851 salutent
2814 3799 3124 3866 assumpsit,
3174 3798 3415 3852 animam
3472 3801 3671 3854 scilicet

2084 3867 2488 3941 intellectioam,
2524 3878 2571 3922 et
2621 3883 2836 3941 corpus,
2892 3878 2940 3941 et
2974 3870 3225 3923 humana:
3279 3882 3489 3923 natura:
3540 3887 3670 3941 pro-

2084 3940 2361 4008 prietates,
2412 3950 2458 3992 et
2509 3939 2802 4003 naturales,
2840 3948 2887 3990 et
2919 3939 3191 4008 innocuas.
3209 3941 3501 4007 passiones.
3542 3939 3549 3941 “
3601 4003 3606 4008 ι

2160 4007 2274 4078 (49)
2310 4005 2639 4076 Reformaeit
2691 4018 2961 4062 naturam.
2988 4007 3191 4062 Natura
3210 4005 3452 4063 humana
3487 4005 3668 4067 adhuc

2088 4079 2359 4134 innocens
2413 4092 2512 4133 nec
2555 4086 2778 4144 experta
2835 4087 3142 4146 peccatum,
3194 4087 3392 4143 morte,
3443 4089 3499 4133 et
3545 4094 3669 4134 cor-

2087 4148 2361 4218 ruptione,
2416 4159 2470 4202 et
2499 4147 2713 4201 cmteris
2757 4147 2987 4218 morbis,
3036 4157 3090 4202 et
3122 4149 3471 4218 past-tionibus
3493 4150 3670 4207 dimo-

2092 4217 2349 4273 ventiltus
2384 4232 2505 4271 cum
2559 4232 2588 4269 a
2632 4217 2864 4287 naturali
2905 4217 3263 4287 dispositione
3304 4229 3424 4271 erat
3470 4220 3671 4274 immu-

2094 4290 2218 4356 nis;
2270 4288 2323 4342 id
2388 4287 2529 4357 quod
2582 4285 2822 4342 habebat
2876 4285 3142 4343 beneﬁcio
3205 4287 3336 4353 ligni
3373 4289 3519 4353 vitm,
3585 4292 3669 4346 vel

2093 4360 2276 4428 aliquo
2318 4357 2425 4411 alio
2470 4358 2612 4411 dono
2649 4358 3025 4426 superaddito,
3069 4364 3126 4411 ut
3179 4360 3454 4427 explicant
3512 4361 3668 4416 theo-

2093 4427 2222 4499 logi,
2272 4443 2571 4499 eorumque
2607 4429 2926 4499 coryphaeus
2976 4429 3033 4483 S.
3062 4427 3322 4492 Thomas,
3356 4432 3661 4497 praesertim

401 4511 599 4551 censet
627 4514 742 4563 eas,
776 4500 970 4566 quibus
1011 4500 1149 4553 Deus
1177 4500 1383 4566 primos
1414 4498 1653 4569 amicivit
1682 4507 1980 4567 parentes;
2019 4502 2061 4558 Β
2093 4516 2145 4569 p.
2182 4517 2223 4566 ι,
2273 4507 2469 4569 quiest.
2505 4498 2593 4562 97,
2639 4498 2876 4567 incorp.
2913 4501 3074 4568 idque
3107 4513 3204 4568 pro
3246 4509 3392 4553 statu
3428 4501 3576 4556 vitae.
3613 4511 3670 4556 et

407 4569 464 4621 in
536 4569 892 4637 eamdemque
953 4571 1278 4624 sententiam
1358 4568 1710 4622 adducendus
1774 4580 1979 4633 noster,

406 4637 682 4706 Gregorii,
716 4648 773 4691 ut
809 4640 946 4704 dixi,
982 4638 1209 4693 assecla.
1248 4639 1308 4693 S.
1340 4639 1697 4701 Athanasius,
1730 4637 1803 4690 De
1825 4638 1976 4692 l’sal.

406 4718 459 4760 ct
521 4707 714 4770 Crure,
786 4720 1079 4777 utrumque
1130 4724 1351 4762 sensum
1434 4719 1488 4763 et
1559 4709 1876 4770 Iittcralent,
1929 4716 1985 4763 et

407 4782 703 4848 mysticum
752 4794 1012 4847 expresse
1063 4779 1266 4834 docuit.
1301 4779 1355 4832 Id
1388 4795 1510 4833 cum
1543 4777 1788 4833 facturus
1814 4788 1978 4842 esset,

404 4852 646 4923 exuebat
670 4921 678 4923 _
703 4854 1024 4923 vestimenta
1081 4864 1216 4923 sua;
1256 4850 1483 4923 decebat
1533 4849 1679 4902 enim
1719 4865 1852 4923 cum
1882 4849 1979 4903 lto.

410 4917 615 4972 t'ninem
669 4921 1037 4975 introduceret
1080 4919 1132 4971 in
1168 4917 1480 4988 paradisum
1512 4933 1716 4973 exuere
1743 4921 1977 4985 tunicas,

405 5004 549 5057 quas
578 4991 750 5044 Adam
777 5000 1080 5058 acceperat,
1118 5005 1240 5042 cum
1283 5005 1314 5043 ι
1372 4990 1627 5058 paradiso
1662 4989 1974 5058 ejiceretur.

403 5062 545 5114 Gum
610 5061 755 5114 enim
814 5061 900 5115 ille
958 5068 1257 5127 peccasset,
1309 5074 1375 5113 ac
1430 5060 1625 5112 deinde
1679 5060 1978 5113 moriturus

404 5139 576 5193 esset,
632 5133 842 5201 accepit
873 5131 1123 5201 pelliceas
1194 5131 1402 5182 tunicas
1436 5143 1503 5183 ex
1547 5128 1982 5201 morticinisani-

406 5201 634 5254 mullum
684 5198 1142 5270 factus'iusigue,
1203 5210 1500 5273 notamque
1533 5198 1882 5273 mortalitatis
1907 5201 1977 5254 ob

446 5280 690 5324 eccatotn
738 5273 841 5326 sibi
892 5267 1132 5326 inﬂictae.
1194 5267 1460 5324 Caeterum
1518 5270 1561 5324 si
1619 5270 1712 5339 qui
1756 5270 1847 5323 alii
1909 5286 1975 5324 ex

446 5287 690 5324 νοεειιυιιι
738 5287 841 5326 ειυι
892 5287 1132 5326 mtuetae.
1194 5287 1460 5324 Laterum
1518 5287 1561 5324 st
1619 5287 1712 5339 qui
1756 5287 1847 5323 aut
1909 5287 1975 5324 ex

402 5287 685 5408 f‘atribus,
712 5344 805 5412 qui
840 5346 995 5413 pauci
1045 5349 1193 5405 sunt,
1243 5356 1338 5394 eas
1372 5342 1598 5409 ligurate
1617 5350 1673 5403 et
1700 5342 1981 5410 metapho-a

404 5412 522 5465 rice
549 5412 1492 5485 tantumintelligendasopinentur,
1538 5429 1649 5485 tum
1704 5419 1830 5466 sunt
1887 5429 1977 5467 se-

401 5481 633 5550 quvndi,
669 5492 727 5536 ut
757 5483 899 5538 idem
942 5481 1192 5538 l‘ererius
1222 5484 1298 5534 ait
1341 5482 1458 5535 loco
1500 5484 1595 5537 cit.

479 5553 594 5622 (48)
632 5551 782 5617 Quod
817 5554 989 5623 Adam
1020 5565 1136 5623 post
1171 5552 1660 5621 transgressionem.
1710 5550 1787 5605 Eo
1816 5552 1979 5607 modo

405 5625 799 5694 quoespltcuit
826 5622 885 5678 S.
909 5622 1298 5688 Damascenus,
1324 5626 1415 5678 lib.
1443 5638 1459 5676 ι
1487 5623 1560 5676 De
1582 5624 1705 5690 ﬁde,
1726 5636 1847 5692 cap.
1875 5624 1973 5678 M:

402 5693 582 5758 Αὐτὸς
607 5695 716 5762 γὰρ
732 5697 913 5767 πάντα
951 5696 1044 5767 τὸν
1074 5694 1364 5767 ἄνθρωπον
1387 5694 1487 5767 τὴν
1505 5694 1780 5767 ἡμετέραν
1800 5710 1977 5767 σωτη-

398 5768 531 5845 ρίαν
562 5766 851 5832 ἀνεδέξατο
872 5766 1053 5837 ψυχὴν
1073 5764 1288 5835 γοερὰν,
1316 5769 1411 5819 καὶ
1432 5764 1615 5834 σῶμα,
1641 5765 1735 5818 καὶ⁸
1778 5764 1846 5817 τὰ
1878 5766 1974 5835 τῆς

724 5862 1001 5924 Parion.
1044 5863 1159 5923 Gn.
1200 5858 1490 5921 CXXXII.

2092 4568 2265 4642 usque
2316 4571 2384 4622 ad
2430 4568 2884 4642 delcrtuinatum‘
2913 4579 3143 4642 tempus,
3180 4569 3509 4642 obtinebat;
3562 4588 3670 4642 qtto

2092 4641 2246 4695 linito
2291 4642 2454 4694 homo
2512 4639 2812 4694 translatus
2858 4638 3053 4695 fuisset
3082 4641 3149 4692 ad
3183 4640 3527 4710 spiritualem
3580 4638 3659 4694 ’νίς

2090 4720 2224 4778 tam,
2285 4711 2431 4780 sive
2464 4711 2531 4764 ad
2583 4720 2788 4765 statum
2841 4711 3047 4780 gloria.
3100 4711 3175 4765 De
3230 4719 3459 4780 utroque
3502 4711 3671 4778 igitur

2090 4792 2258 4844 Statu,
2312 4778 2661 4848 perfectaque
2711 4778 3095 4835 relorinatione
3123 4778 3535 4849 intelligendum
3559 4792 3664 4847 est,

2089 4852 2231 4919 quod
2256 4852 2335 4905 ait
2376 4850 2759 4919 Theophanes,
2793 4850 3068 4905 Christum
3101 4863 3197 4902 sua
3258 4851 3666 4904 resurrectione

2090 4923 2397 4977 restituisse
2428 4930 2676 4973 uatttratn
2708 4922 2774 4974 ad
2809 4921 2859 4973 id
2890 4920 3035 4989 quod
3057 4928 3329 4989 eratante
3357 4928 3661 4988 peccatum:

2090 4993 2348 5047 nimirum
2403 4990 2469 5044 ad
2518 4988 3008 5054 immortalitatem,
3056 4999 3111 5042 et
3168 4988 3665 5057 incorruptionem,

2084 5074 2140 5117 et
2192 5064 2259 5117 ad
2289 5076 2352 5116 ea
2383 5062 2604 5129 insuper
2638 5075 2760 5129 quae
2811 5068 2940 5115 sunt
2968 5058 3186 5129 propria
3227 5057 3370 5115 beati
3401 5062 3657 5125 corporis

2086 5136 2230 5204 quod
2286 5133 2339 5185 in
2394 5127 2831 5204 regeneratione,
2874 5140 2932 5185 ut
2970 5127 3115 5204 infra
3164 5131 3241 5184 ait
3293 5130 3433 5204 idem
3480 5130 3663 5204 Theo-

2087 5200 2318 5285 phanes,
2349 5201 2953 5285 “obtineresperamus.
3014 5200 3281 5285 Cgeterum
3317 5200 3460 5253 enim
3482 5200 3666 5282 dill'crt

2087 5270 2473 5328 immortalitas
2505 5271 2713 5340 gloriae,
2742 5285 2862 5338 qua:
2894 5270 3234 5340 promittitur
3258 5271 3313 5324 in
3347 5271 3662 5337 praemium,

2087 5344 2264 5413 inquit
2317 5343 2375 5398 S.
2408 5341 2911 5413 Thomas,gquacst.
2948 5341 3234 5413 dictatad
3287 5354 3364 5413 tv,
3428 5340 3500 5392 ab
3560 5344 3667 5413 im-

2087 5409 2420 5467 mortalitate
2463 5426 2582 5480 qua:
2620 5409 2722 5464 fuit
2802 5412 3008 5466 homini
3062 5410 3255 5466 collata
3306 5411 3371 5463 in.
3403 5418 3548 5465 statu
3566 5409 3667 5480 rin-

2084 5485 2352 5538 nocentite
2382 5479 2493 5547 ;et’
2523 5482 2776 5536 similiter
2807 5483 2912 5536 alia
2961 5491 3081 5536 erat
3131 5481 3489 5547 incorruptio,
3528 5479 3667 5533 alia-

2080 5568 2186 5622 que
2217 5551 2590 5622 impatibilitas
2639 5561 2800 5622 atque
2839 5552 2911 5607 ab
2969 5552 3076 5607 alia
3124 5565 3293 5605 causa
3325 5547 3568 5622 profecta
3603 5561 3667 5605 et

2082 5620 2187 5678 non
2223 5620 2308 5678 ea'
2338 5637 2460 5691 qua:
2511 5636 2578 5676 ex
2629 5620 2850 5680 dotibus
2902 5624 3043 5680 beati
3072 5622 3342 5688 corporis,
3376 5632 3431 5677 et
3481 5620 3654 5692 gloria

2085 5694 2262 5749 allecti
2296 5692 2741 5763 proﬁciscuntur.

3181 5856 3261 5916 22
