4018 6206
383 193 492 256 683

1603 192 2099 254 τΗΕοΡΗΑΝΙς
2136 192 2479 252 CERAMEI

3549 189 3656 254 (.Si

387 323 520 364 vero
552 322 714 364 sensu
738 320 934 376 vesrcr
963 299 1241 373 discipulis
1272 309 1386 357 crat
1410 319 1425 369 ;
1449 312 1605 357 erant
1633 305 1776 358 eni-u
1811 320 1966 358 men-

2083 304 2167 374 τῆς
2202 304 2377 372 λύπης
2409 300 2746 372 ὲζονρωμένοι
2779 298 2871 353 τὸν
2896 297 3181 371 λογισμὸν,
3213 298 3382 370 ᾤοντο
3411 300 3521 372 γὰρ
3552 303 3662 353 ὑπὸ

387 410 473 456 tes
506 415 695 456 eorum
738 396 990 451 ttttBroris
1016 393 1294 449 otiuscata:
1327 394 1583 465 caligine,
1614 397 1814 466 quippe
1843 414 1962 450 t‘tltll

389 492 568 548 adhuc
596 490 698 545 sub
751 497 895 543 terra
930 486 1112 542 Solem
1162 487 1390 556 justitite
1437 486 1814 540 absconditum
1843 501 1967 542 cs~e

387 583 788 636 existimarent.
841 575 999 630 Venit
1045 575 1210 646 igitur
1257 583 1309 629 et
1357 573 1538 627 divina
1575 588 1707 628 usus
1743 576 1964 635 virtute,

319 711 334 726 ρ
388 673 574 744 jauuis
606 671 814 725 clausis
847 667 1173 739 ingreditur,
1205 675 1264 719 nt
1305 666 1404 719 hoc
1451 667 1624 734 ipsum
1660 665 1860 719 indicio
1890 663 1969 717 fa-

391 774 538 821 cet-ct
559 806 575 831 ,
611 779 677 818 ue
708 761 1008 817 secundum
1042 774 1260 813 carnem
1295 757 1364 813 de
1391 758 1508 828 ejus
1540 765 1732 812 natura
1766 757 1969 812 intelli-

390 865 609 930 gerent,
642 870 761 925 qua?
785 853 1086 926 perfectius
1115 853 1388 922 particeps
1415 861 1562 906 esset
1598 851 1804 921 glorize,
1830 851 1971 905 divi-

393 947 582 1004 nitatis
627 947 741 1018 jam
791 943 1205 1013 incorruptione
1256 945 1476 996 donata.
1515 942 1765 998 Ostendit
1807 945 1970 997 t’tiztttt

397 1044 590 1100 eodem
637 1042 799 1096 modo
853 1056 913 1095 se
959 1040 1027 1094 de
1061 1050 1214 1093 utcrn
1264 1039 1535 1094 exsiliisse
1560 1038 1800 1108 virgineo
1835 1039 1970 1108 (δυ),

399 1152 454 1192 et
484 1149 547 1188 ex
583 1134 868 1201 obsignato
896 1131 1233 1185 monumenti
1257 1130 1436 1198 lapide
1461 1145 1579 1184 esse
1606 1145 1970 1202 progressum.

397 1228 585 1297 Neque
631 1227 778 1281 enim
830 1225 1072 1294 virginea
1127 1223 1360 1277 claustra
1392 1263 1408 1288 ,
1458 1238 1578 1276 cum
1631 1235 1972 1288 nasceretur,

396 1336 572 1391 neque
619 1335 742 1375 cum
777 1318 1167 1380 revivisceret,
1216 1316 1451 1385 sepulcri
1500 1316 1676 1384 sigilla
1711 1316 1972 1382 violavit;

395 1429 576 1484 neque
625 1412 841 1483 aperuit
888 1408 1088 1479 januas
1134 1423 1256 1463 cum
1294 1407 1576 1477 discipulis
1620 1418 1905 1478 appareret
1959 1425 1972 1462 :

401 1528 420 1559 ι
461 1505 643 1560 Gavisi
690 1513 814 1558 sunt
865 1515 995 1572 ergo
1044 1499 1321 1568 discipuli,
1365 1501 1482 1554 viso
1515 1498 1767 1554 Domino.
1807 1520 1824 1551 ι
1865 1499 1978 1556 Hoc

397 1598 533 1653 illud
566 1597 801 1650 fortasse
826 1593 1086 1664 gaudium
1117 1589 1240 1653 fuit,
1275 1592 1340 1644 de
1364 1604 1472 1660 quo
1505 1599 1628 1644 ante
1656 1589 1974 1646 l’assiouem

2072 396 2178 466 γῆν
2212 396 2288 449 ἔτι
2313 394 2621 468 κεκρύφθαι
2655 395 2752 464 τῆς
2787 392 3137 461 δικαιοσύνης
3171 392 3262 447 τὸν
3282 392 3494 446 Ἥλιον.
3526 393 3665 462 Ἔρο

2071 505 2228 559 χεται
2273 484 2388 552 οὖν,
2437 489 2530 540 καὶ
2583 487 2812 539 εἴσεισιν
2855 486 2996 555 ἀλκῇ
3045 485 3199 554 θεῖκῇ
3256 485 3671 554 κεκλεισμένων

2070 582 2178 634 τῶν
2210 580 2418 649 θυρῶν,
2455 582 2679 648 σημεῖον
2708 578 2864 630 τοῦτο
2900 575 3104 640 τιθεὶς,
3144 575 3338 646 μηκέτι
3368 577 3470 645 τὴν
3497 575 3668 628 αὑτοῦ

2045 672 2236 740 ,φύσιν
2267 671 2409 725 κατὰ
2438 671 2619 740 σάρκα
2641 673 2785 722 νοεῖν
2808 712 2822 733 ,
2846 669 2954 721 τῶν
2980 667 3181 721 θεῖκῶν
3207 667 3546 738 αὐχημάτων
3574 684 3670 718 1;-

2073 764 2338 834 λεώτερον
2372 761 2749 833 μετασχοῦσαν
2783 762 2849 830 τῇ
2890 758 3194 830 ἀφθαρσίᾳ.
3229 759 3483 812 Δείκνυσι
3518 759 3561 810 δ’
3582 760 3673 811 ὅτι

2075 855 2169 909 καὶ
2205 855 2392 925 τρόπῳ
2424 853 2654 924 τοιούτῳ
2688 853 2786 922 τῆς
2824 851 3162 922 παρθενικῆς
3195 851 3388 920 νηδύος
3421 852 3672 918 ἐξέθορε,

2076 951 2170 1002 καὶ
2201 947 2293 1000 τοῦ
2330 945 2817 1016 ὲνσεσημασμ.ἐνου
2847 945 2996 996 λίθον
3031 942 3128 996 τοῦ
3167 944 3450 1015 μνήματος
3483 942 3682 1013 ἐξελή-

2077 1040 2257 1094 λυθεν.
2303 1038 2443 1094 Οὔτε
2485 1041 2595 1108 γὰρ
2632 1038 2733 1099 τὰς
2777 1038 3120 1108 παρθενικὰς
3166 1036 3316 1099 κλεῖς
3361 1035 3682 1105 ἐλυμήνατο

2081 1131 2387 1202 γεννηθεὶς,
2413 1128 2540 1182 οὔτε
2565 1129 2664 1192 τὰς
2693 1128 2996 1198 σφραγῖδας
3021 1127 3116 1180 τοῦ
3144 1127 3318 1195 τάφοι»
3344 1126 3680 1192 ἐξαναστὰς,

2077 1221 2203 1276 οὔτε
2251 1221 2348 1284 τὰς
2409 1219 2577 1290 θύρας
2635 1219 3004 1288 ἀνέῳξειτοῖς
3058 1217 3386 1280 ἀποστόλοις
3460 1217 3679 1286 ὀφθείς.

2087 1332 2104 1364 ι
2149 1311 2459 1382 Ἐχάρησαν
2488 1310 2582 1364 οὖν
2615 1312 2665 1363 οἱ
2709 1309 2980 1380 ptumi-cat,
3015 1309 3215 1372 ἰδόντες
3250 1310 3344 1362 τὸν
3382 1309 3611 1379 Κύριον.
3656 1329 3678 1361 ι

2080 1399 2237 1469 Τάχα
2269 1395 2336 1471 ἦν
2373 1401 2411 1470 ἡ
2450 1397 2617 1470 χαρὰ,
2653 1399 2721 1468 ἢν
2755 1397 2864 1469 πρὸ
2894 1397 2990 1451 τοῦ
3027 1398 3237 1461 πάθους
3274 1394 3431 1452 εἶπεν
3468 1401 3684 1464 αὐτοῖς,

2079 1489 2154 1551 ὡς
2188 1508 2207 1541 t
2244 1490 2414 1544 Πάλιν
2446 1488 2644 1557 ὂψεσθέ
2683 1504 2782 1557 με,
2815 1488 2910 1541 καὶ
2941 1488 3250 1559 χαρήσεται
3284 1488 3440 1557 ὑμῶν
3471 1489 3504 1558 ἡ
3539 1505 3683 1558 καρ-

2081 1582 2191 1635 δία.
2233 1599 2252 1633 ι
2294 1581 2599 1652 Ἐχαρησαν
2638 1577 2732 1634 οὖν
2773 1582 3086 1636 ἀναστάντα
3127 1580 3454 1643 τεθεακότες
3493 1581 3685 1643 αὑτὸν,

396 1693 611 1745 dixerat
653 1688 781 1751 illis,
816 1684 988 1757 quod,
1030 1702 1050 1735 ι
1089 1683 1284 1736 Iterum
1319 1699 1403 1737 me
1433 1682 1708 1747 videbitis,
1750 1695 1804 1736 et
1848 1699 1974 1752 gau-

2083 1675 2178 1728 καὶ
2223 1674 2320 1746 τὴν
2369 1674 2705 1742 ἐπαγγελίαν
2748 1675 3160 1744 πληρώσαντα’
3205 1674 3306 1726 καὶ
3350 1673 3542 1744 ὥσπερ
3584 1677 3688 1744 τῆς

398 1776 551 1833 debit
575 1791 672 1832 eor
695 1784 939 1829 vestrum
971 1772 1040 1826 ⁸⁸.
1078 1789 1098 1823 ι
1125 1769 1310 1824 Gavisi
1343 1780 1469 1825 sont
1502 1772 1664 1841 igitur
1699 1788 1821 1826 cum
1853 1788 1976 1828 eum

393 1867 742 1930 redivivum,
797 1873 852 1918 et
907 1863 1174 1933 promissa
1224 1870 1572 1932 prmstantcm
1606 1863 1888 1917 viderent:
1927 1873 1982 1917 et

399 1959 564 2016 sicuti
595 1968 910 2027 emergente
943 1956 1090 2022 sole,
1144 1956 1318 2010 noctis
1356 1955 1593 2012 teuebm
1623 1956 1979 2026 dissipantur,

396 2053 478 2110 sic
509 2051 787 2121 iucundus
828 2049 1045 2105 Domini
1090 2048 1180 2102 ille
1225 2060 1550 2114 conSpectus
1583 2050 1834 2106 muneris
1882 2065 1979 2104 ne-

396 2146 556 2202 bulas
580 2146 650 2200 ab
673 2145 873 2200 animis
893 2141 1289 2212 discipulorqu
1313 2143 1532 2196 exemit.
1557 2139 1709 2207 Quod
1739 2141 1784 2196 si
1809 2140 1984 2195 Lucas

397 2238 545 2293 itane
587 2237 984 2307 apparitiouem
1040 2247 1276 2289 narrans
1304 2234 1380 2287 ait
1414 2247 1510 2287 eos
1546 2232 1712 2287 fuisse
1763 2244 1984 2288 contur-

399 2332 561 2388 batos
585 2371 602 2398 ,
640 2339 694 2385 ct
734 2329 985 2398 spiritum
1038 2326 1142 2381 sibi
1170 2325 1356 2380 videre
1384 2325 1531 2379 visos
1559 2325 1638 2390 ⁸⁸,
1685 2325 1773 2379 hic
1802 2337 1978 2379 autem

396 2422 618 2490 gavisos
657 2420 819 2483 dicit,
859 2434 967 2472 non
997 2418 1099 2472 hoc
1137 2417 1280 2471 inter
1318 2431 1377 2471 se
1438 2415 1754 2484 discrepare
1797 2417 1986 2470 existi—

401 2514 662 2570 mandum
693 2520 798 2568 est.
826 2510 985 2566 Credi
1011 2510 1156 2564 enim
1192 2523 1291 2577 par
1314 2517 1398 2562 est
1435 2522 1530 2562 eos
1560 2508 1728 2563 fuisse
1758 2519 1982 2563 contur-

399 2606 560 2661 batos
584 2618 708 2658 cum
733 2603 969 2673 primum
987 2599 1175 2671 janttis
1197 2599 1400 2655 clausis
1427 2614 1551 2654 eum
1584 2615 1645 2655 se
1682 2602 1984 2656 insinuasse

397 2696 690 2759 vidissent,
722 2704 910 2765 postea
955 2708 1082 2747 vero
1115 2692 1330 2762 gavisos
1351 2731 1366 2755 ,
1412 2691 1502 2746 ubi
1531 2706 1654 2746 eum
1684 2708 1749 2746 ex
1785 2694 1986 2746 saluta-

399 2788 585 2852 tione,
620 2795 675 2838 et
723 2784 1011 2854 plagarum
1069 2781 1384 2836 ostensione
1438 2782 1807 2851 agnovissent.
1861 2783 1984 2836 ideo

398 2876 544 2935 enim
575 2877 741 2932 etiam
772 2875 1045 2945 duplicent
1078 2873 1186 2927 illis
1215 2873 1430 2927 nuntiat
1464 2889 1652 2942 pacem
1679 2912 1698 2941 ,
1735 2883 1790 2926 et
1825 2883 1981 2926 ante-

2089 1769 2286 1830 ννκτδς
2317 1766 2556 1835 ζοφῶδες
2577 1767 2932 1820 σκεδάννυται
2957 1766 3113 1835 ἡλίου
3143 1766 3480 1836 ἀνίσχοντος,
3510 1765 3689 1830 οὕτως

2083 1859 2119 1928 ἡ
2148 1858 2377 1927 γλυκεῖα
2404 1857 2499 1910 τοῦ
2539 1859 2746 1928 Κυρίου
2784 1859 3055 1927 ὲμφὰνεια
3085 1858 3145 1912 τὸ
3176 1859 3274 1926 τῆς
3307 1857 3486 1928 λύπης
3523 1859 3689 1926 νέφος

2084 1952 2313 2022 περιῇρε
2358 1950 2467 2002 τῶν
2519 1949 2798 2020 μαθητῶν.
2851 1951 2911 2003 Ei
2960 1949 3019 2003 δὲ
3066 1951 3164 2003 καὶ
3211 1952 3432 2014 Λουκᾶς
3480 1951 3691 2016 ταύτην

2083 2040 2465 2111 ἀφηγούμενος
2494 2043 2593 2111 τὴν
2623 2043 2949 2112 ἐμφάνειαν,
2981 2043 3318 2114 τεταράχθαι
3350 2044 3553 2106 αύτούς
3585 2060 3687 2113 φη-

2086 2150 2192 2198 σιν,
2217 2135 2308 2186 καὶ
2332 2133 2481 2199 δόξαι
2511 2134 2731 2204 πνεῦμα
2758 2135 2913 2204 ὁρᾷν,
2947 2136 3109 2199 αὐτὸς
3137 2136 3196 2188 δέ
3230 2153 3420 2206 φησιν,
3450 2137 3535 2189 ὅτι
3564 2138 3680 2206 ὲχὰο

2086 2241 2296 2298 ρησαν,
2341 2227 2403 2279 οὐ
2448 2226 2555 2298 χρὴ
2595 2226 2755 2282 τοῦτο
2797 2227 3100 2296 διαφωνίαν
3123 2229 3478 2298 λογίζεσθαι.
3528 2229 3693 2292 Εἰκὸς

2083 2320 2193 2388 γὰρ
2222 2320 2488 2390 πρότερον
2517 2319 2618 2390 μὲν
2643 2321 3074 2392 διαταραχθῆναι
3110 2325 3252 2390 σφᾶς
3281 2321 3524 2393 ὁρῶντας
3557 2323 3698 2374 εἴσω

2085 2411 2454 2481 παρεισδύντα
2489 2414 2899 2483 κεκλεισμένων
2937 2415 3047 2467 τῶν
3089 2414 3270 2485 θυρῶν
3297 2433 3311 2446 ο
3355 2416 3596 2486 χαρῆναι
3633 2416 3694 2468 δὲ

2086 2502 2312 2574 ὕστερον
2353 2505 2678 2571 ἐπιγνόντας
2722 2505 2886 2559 αὑτὸν
2939 2509 3002 2559 ὲκ
3045 2507 3145 2578 τῆς
3185 2507 3551 2578 προρρήσεως
3594 2509 3696 2559 καὶ

2085 2595 2184 2666 τῆς
2210 2597 2320 2649 τῶν
2350 2597 2526 2667 μελῶν
2557 2597 2896 2664 ἐπιδείξεως.
2923 2600 3022 2653 Διὰ
3049 2600 3209 2653 τοῦτο
3235 2602 3344 2672 γὰρ
3378 2602 3469 2654 καὶ
3499 2601 3695 2670 διττὴν

2086 2690 2314 2761 εἰρήνην
2339 2690 2528 2753 αὐτοῖς
2561 2693 2850 2761 ἐπιφωνεῑ,
2881 2694 2988 2764 πρὸ
3017 2693 3117 2764 τῆς
3144 2693 3255 2746 τῶν
3284 2693 3530 2747 ὼτειλῶν
3563 2697 3695 2746 ἐπι-

2086 2780 2337 2847 δείξεως,
2369 2783 2463 2836 atat
2500 2785 2638 2852 μετὰ
2665 2785 2764 2853 τὴν
2793 2785 3090 2851 ἐπίδειξιν,
3120 2785 3207 2839 ἴνα
3237 2786 3335 2840 καὶ
3362 2789 3462 2856 τῆς
3494 2786 3692 2856 διττῆς

2096 2873 2340 2940 ἀγωνίας
2370 2873 2657 2947 ἀπαλλάξῃ
2682 2875 2880 2939 αύτούς
2901 2891 2919 2910 ο
2951 2877 3106 2930 τοῦτε
3141 2877 3248 2931 τῶν
3283 2877 3550 2931 Ἰουδαίων
3585 2878 3695 2946 φά-

399 2986 562 3042 quam
597 2969 823 3024 vulnera
871 2966 1209 3032 ostenderet,
1232 2975 1287 3020 et
1310 2965 1374 3019 iis
1411 2967 1648 3020 ostensis
1670 3005 1686 3029 ,
1711 2976 1847 3022 utet
1879 2968 1977 3021 du-

2090 2967 2207 3028 60u,
2238 2966 2332 3018 καὶ
2359 2964 2454 3018 τοῦ
2484 2965 2694 3021 οἴεσθαι
2727 2968 2949 3039 πνεῦμα
2979 2970 3226 3038 θεωρεῖν,
3254 2971 3609 3039 ἐπισημαίνοι
3636 2970 3695 3021 δ’

399 3063 453 3132 pl
481 3063 527 3116 ci
557 3075 656 3116 eos
681 3058 963 3113 anxietate
995 3057 1277 3122 liberaret,
1301 3065 1353 3110 et
1384 3056 1502 3125 ejus
1524 3073 1643 3126 qua:
1668 3057 1978 3112 Judteoruttt

396 3168 462 3206 ex
500 3161 669 3217 metu,
693 3160 747 3204 et
779 3149 896 3226 eius
924 3163 1048 3218 qua:
1069 3163 1133 3202 ex
1163 3147 1250 3202 illa
1284 3147 1540 3217 opinione
1573 3151 1814 3218 profecta
1839 3164 1979 3216 erat,

397 3245 541 3312 quod
587 3243 841 3314 spiritutn
903 3241 1169 3294 viderent.
1234 3237 1556 3310 Significare
1603 3240 1766 3294 eti.uu
1835 3239 1980 3296 aliud

401 3333 661 3405 quiddam
691 3340 874 3404 posset
919 3330 1118 3401 duplex
1163 3331 1388 3384 nuntius
1429 3331 1598 3399 pacis.
1637 3328 1756 3385 Non
1803 3332 1977 3386 solum

400 3425 549 3481 enim
597 3439 662 3480 ea
722 3439 841 3494 quae
891 3423 945 3476 in
1004 3420 1186 3484 terris,
1237 3419 1334 3474 sed
1377 3420 1539 3474 etiam
1589 3435 1712 3490 qua:
1743 3421 1794 3475 in
1825 3422 1980 3477 cretis

2085 3058 2153 3112 ἂν
2193 3059 2286 3112 καὶ
2326 3058 2517 3130 ἕτερον
2549 3061 2584 3132 ἠ
2625 3061 2790 3132 διπλῆ
2829 3063 2929 3131 τῆς
2973 3064 3197 3134 εἰρήνης
3240 3064 3416 3134 φωνή.
3456 3063 3530 3116 ού
3572 3063 3696 3132 γὰρ

2089 3148 2228 3215 μόνα
2253 3147 2323 3200 τὰ
2355 3151 2446 3202 ἐπὶ
2472 3150 2596 3221 γῆς,
2623 3151 2759 3204 ἀλλὰ
2790 3154 2884 3204 καὶ
2911 3153 2978 3204 τὰ
3008 3154 3066 3204 ὲν
3093 3155 3348 3223 οὐρανοῖς
3375 3152 3698 3224 εἰρηνοποι-

2085 3257 2217 3310 ησεν
2259 3243 2287 3296 ὁ
2325 3243 2598 3311 Χριστός.
2641 3245 2748 3298 Καὶ
2787 3245 2948 3298 τοῦτο
2997 3247 3034 3315 ἡ
3079 3246 3418 3314 ἂποστολικὴ
3465 3245 3696 3312 γλῶττα

2084 3330 2365 3402 διατρανοῖ
2385 3351 2398 3364 ·
2435 3353 2453 3386 ι
2489 3335 2927 3406 Είρηνοποιήσας
2952 3338 3035 3390 διὰ
3060 3337 3154 3390 τοῦ
3182 3340 3411 3410 αἵματος
3435 3339 3526 3391 τοῦ
3552 3336 3696 3390 Υξοῦ

2084 3423 2252 3477 αὑτοῦ
2283 3424 2354 3479 τὰ
2381 3427 2440 3479 ὲν
2469 3427 2685 3499 ούρανῷ
2713 3429 2806 3482 καὶ
2835 3429 2904 3482 τὰ
2933 3431 2989 3482 ἐν
3018 3433 3084 3501 τῇ
3118 3433 3213 3501 γῇ.
3252 3450 3271 3482 ι

399 3529 567 3587 sunt,
619 3520 929 3574 conciliavit
984 3517 1259 3574 Christus.
1323 3517 1502 3586 Atque
1564 3517 1666 3573 hoc
1730 3518 1971 3586 Apostoli
2012 3535 2199 3577 sermo
2239 3522 2500 3590 declarat,
2547 3540 2670 3580 cum
2723 3527 2799 3580 ait
2840 3543 2855 3582 :
2901 3545 2920 3580 ι
2957 3525 3264 3584 Pacilicaus
3298 3544 3398 3600 per
3452 3530 3642 3601 sangui
3675 3560 3690 3571 ο

401 3630 522 3671 nem
558 3615 724 3688 249
761 3613 881 3669 Filii
914 3618 997 3668 sui
1025 3655 1042 3678 ,
1087 3629 1207 3682 qua:
1259 3615 1314 3668 in
1344 3613 1502 3668 caelis
1527 3653 1546 3680 ,
1573 3622 1629 3668 et
1673 3629 1792 3682 qua:
1822 3614 1874 3668 in
1904 3625 2048 3670 terra
2083 3626 2212 3672 sunt
2239 3617 2306 3670 '°.
2349 3636 2368 3670 ι

475 3727 497 3764 ι
546 3710 612 3765 Et
645 3725 769 3766 eum
811 3709 923 3763 haec
964 3705 1226 3770 dixisset,
1287 3705 1528 3761 ostendit
1571 3706 1653 3762 eis
1696 3721 1889 3762 ruamus
1931 3719 1985 3762 et

400 3806 592 3860 latus.»
629 3803 879 3859 Ostendit
904 3817 932 3855 a
959 3801 1130 3855 clavis
1167 3799 1307 3854 facta
1341 3797 1635 3866 foramina,
1667 3801 1832 3856 etiam
1871 3811 1982 3856 tmn

403 3899 455 3952 in
507 3896 768 3952 ntembris
827 3897 1184 3965 apparentia,
1231 3907 1289 3952 ut
1338 3914 1406 3953 ex
1459 3898 1592 3968 ipsis
1639 3898 1984 3955 cicatricibus

404 3991 771 4044 edocerentur
804 4003 911 4042 non
945 3989 1092 4042 aliud
1126 3989 1387 4044 revixisse
1431 4005 1634 4060 corpus
1662 4031 1677 4055 ,
1718 3993 1811 4045 sed
1839 3991 1980 4046 idem

404 4081 551 4152 quod
604 4095 821 4151 passum
871 4089 1009 4134 erat.
1057 4079 1249 4134 Manus
1286 4081 1556 4146 ostendit,
1605 4083 1801 4150 quibus
1834 4084 1984 4152 prius

409 4175 641 4226 tinxerat
673 4171 889 4238 Adam;
927 4183 981 4227 et
1014 4173 1222 4244 lapsum
1255 4185 1438 4245 postea
1487 4175 1776 4230 refecerat.
1814 4176 1980 4233 Latus

405 4263 690 4329 ostendit,
743 4277 807 4316 ex
840 4276 946 4330 qua
995 4263 1100 4316 Eva
1149 4278 1214 4318 ex
1264 4265 1434 4319 latere
1489 4263 1769 4319 ell‘ormata
1813 4267 1977 4319 vitam

2163 3727 2183 3760 ι
2224 3709 2330 3763 Καὶ
2357 3709 2518 3764 τοῦτο
2547 3713 2741 3776 εἰπὼν,
2773 3713 2975 3781 ἔδειξεν
3027 3719 3212 3783 αὐτοῖς
3239 3721 3340 3784 τὰς
3370 3723 3562 3793 χεῖρας
3587 3721 3700 3777 καὶ

2085 3799 2184 3870 τὴν
2213 3799 2478 3891 πλευράν.
2521 3822 2541 3854 ι
2575 3805 2830 3859 Δείκνυσι
2860 3809 2955 3872 τὰς
2986 3812 3050 3864 ὲκ
3079 3811 3187 3866 τῶν
3215 3813 3365 3885 ἥλων
3389 3818 3694 3891 ἀντιτορή-

2086 3907 2201 3954 σεις
2247 3890 2328 3945 ἐτι
2378 3893 2714 3964 φαινομένας
2756 3899 2867 3960 τοῖς
2922 3900 3176 3968 μέλεσιν,
3225 3904 3301 3967 ὼς
3343 3904 3412 3959 ἂν
3457 3908 3524 3959 ὲκ
3572 3890 3694 3963 τῶν

2083 3981 2324 4036 ὡτειλῶν
2362 3984 2705 4056 διδαχθῶσιν,
2748 3989 2830 4042 ὅτι
2874 3991 2950 4062 μὴ
2988 3992 3119 4046 ἄλλο
3157 3995 3316 4064 σῶμα
3355 3997 3689 4070 ἐγήγερται,

2083 4074 2199 4128 ἀλλ’
2221 4075 2352 4128 αὐτὸ
2377 4076 2438 4129 τὸ
2469 4077 2643 4142 παθόν
2664 4095 2678 4110 ο
2708 4080 2951 4136 δείκνυσι
2980 4085 3077 4148 τὰς
3109 4088 3321 4156 χεῖρας,
3347 4087 3416 4141 δι’
3439 4084 3515 4144 ὧν
3545 4092 3694 4162 πρό-

2082 4182 2241 4236 τερον
2292 4167 2498 4222 ἐπλασε
2547 4171 2639 4223 τὸν
2675 4170 2870 4242 Ἀδὰμ,
2918 4176 3012 4228 καὶ
3062 4178 3298 4232 πεσόντα
3347 4181 3509 4235 πάλιν
3553 4185 3692 4237 ἀνέ-

2084 4259 2283 4314 πλασε.
2319 4262 2572 4315 Δείκνυσι
2605 4265 2706 4332 τὴν
2745 4266 3004 4338 πλευρὰν,
3044 4269 3102 4334 ἐξ
3140 4266 3209 4342 ἦς
3251 4273 3283 4343 ἠ
3326 4274 3390 4326 ὲκ
3435 4275 3687 4346 πλευρᾶς

405 4353 618 4421 accepit
667 4353 895 4406 liberata
961 4369 1057 4420 per
1104 4355 1460 4421 sanguinem,
1521 4366 1573 4408 et
1617 4357 1830 4425 expiata
1886 4370 1977 4425 per

2090 4353 2394 4406 πλασθεῖσα
2431 4352 2544 4408 Εὗα
2580 4355 2778 4426 εὖρατο
2811 4359 2909 4429 τὴν
2944 4359 3090 4432 ζωὴν
3120 4363 3552 4435 ὲλευθερωθεῖσα
3587 4369 3681 4423 δια

405 4459 627 4512 aquam.
663 4440 916 4496 Ostendit
942 4443 1022 4496 eis
1063 4459 1256 4498 manus
1287 4454 1341 4498 et
1379 4445 1540 4511 latus,
1577 4455 1632 4498 ut
1661 4447 1884 4515 mystice
1915 4444 1982 4499 de

405 4535 749 4608 perfectione
783 4549 876 4590 eos
914 4535 1261 4591 institueret:
1290 4537 1562 4592 virtutem
1595 4553 1736 4603 eam,
1775 4553 1894 4607 qua:
1928 4540 1982 4593 iu

399 4626 806 4684 exercitatione
845 4626 1019 4694 posita
1074 4635 1193 4692 est,
1249 4642 1344 4696 per
1390 4642 1614 4693 manus;
1663 4630 1820 4681 tidem
1855 4644 1983 4683 vero

404 4718 678 4791 perlatus
710 4717 1049 4783 ostendens,
1098 4731 1162 4771 ex
1213 4731 1318 4787 quo
1369 4716 1596 4786 duplicis
1646 4718 1984 4788 baptismatis

402 4825 563 4885 typus
598 4812 859 4868 manavit.

489 5013 510 5047 ι
555 4994 624 5049 Ει
653 5011 775 5050 cum
803 4997 903 5052 hoc
933 4995 1200 5061 dixisset,
1237 4993 1528 5048 iusnﬂlavit
1554 5032 1568 5058 ,
1611 5003 1664 5047 et
1693 4993 1826 5047 dixit
1856 4994 1932 5047 eis
1959 5013 1971 5049 :

409 5087 680 5156 «Accipite
727 5085 985 5156 Spiritum
1041 5095 1314 5140 sanctum.
1349 5103 1366 5136 ι
1407 5084 1508 5138 Per
1561 5082 1976 5138 insumutioneut

403 5193 652 5238 naturam
687 5179 969 5244 reformat,
999 5180 1280 5249 antiquum
1327 5177 1454 5232 illud
1486 5176 1753 5231 charisma
1784 5177 1982 5246 imper-

475 5322 521 5355 ⁸⁸
549 5322 709 5382 Joan.
757 5339 864 5390 xu,
899 5322 991 5378 37.
1065 5321 1112 5354 θ’
1143 5319 1276 5376 Luc.
1311 5337 1471 5388 xxtv,
1503 5321 1590 5375 57.
1667 5321 1714 5352 ⁹⁰
1761 5321 1974 5377 Coloss.
2020 5339 2069 5386 I,
2119 5322 2209 5376 20.

2082 4446 2177 4499 τοῦ
2207 4448 2459 4517 αἵματος,
2486 4449 2580 4502 καὶ
2606 4451 2954 4523 καθαρθεῖσαι
2983 4455 3071 4508 διὰ
3094 4457 3186 4510 τοῦ
3215 4457 3428 4522 ὓδατος.
3457 4461 3683 4514 Δείκνυ-

2084 4552 2170 4588 σιν
2203 4538 2386 4601 αὐτοῖς
2418 4540 2514 4602 τὰς
2551 4542 2741 4610 χεῖρας
2780 4544 2874 4595 καὶ
2904 4544 3000 4614 τὴν
3033 4545 3310 4616 πλευρὰν,
3343 4552 3442 4619 τὴν
3471 4551 3680 4605 τελειᾶ-

2082 4643 2222 4696 τητα
2267 4629 2547 4696 μυστικῶς
2581 4631 2850 4687 διδάσκων
2887 4636 3086 4699 αύτούς
3111 4654 3123 4666 ·
3163 4638 3262 4709 τὴν
3302 4641 3400 4710 μὲν
3438 4659 3683 4712 πρακτι-

2086 4719 2188 4789 κὴν
2225 4720 2426 4792 ἀρετὴν
2463 4721 2550 4775 διὰ
2589 4722 2695 4776 τῶν
2737 4727 2959 4797 χειρῶν,
3003 4727 3099 4796 τὴν
3143 4729 3198 4782 δὲ
3244 4731 3429 4784 πίστιν
3469 4735 3533 4785 ὲκ
3572 4737 3679 4804 τῆς

2084 4810 2348 4880 πλευρᾶς,
2393 4811 2454 4878 ἐξ
2500 4809 2568 4885 ἧς
2615 4817 2643 4868 ὁ
2685 4816 2780 4869 τοῦ
2828 4817 3014 4872 δισσοῡ
3067 4821 3449 4894 βαπτίσματος
3496 4825 3675 4889 τύπος

2086 4903 2372 4958 ἁνέὸλυσε.

2163 5013 2180 5046 ι
2217 4996 2326 5048 Καὶ
2347 4995 2502 5050 τοῦτο
2527 4999 2718 5065 εἰπὼν,
2745 4996 3082 5072 ἐνεφύσησεν
3107 5008 3313 5074 αὐτοῖς,
3338 5009 3436 5061 καὶ
3480 5010 3630 5080 λέγει
3650 5029 3664 5044 ε

2087 5086 2292 5140 Λάϐετε
2330 5089 2553 5160 Πνεῦμα
2587 5090 2760 5160 ἅγιον.
2799 5111 2817 5145 ι
2852 5095 2950 5147 Δια
2977 5095 3070 5148 τοῦ
3106 5098 3502 5169 ὲμφυσήματος
3535 5106 3668 5156 ἁνας

2091 5183 2347 5250 στοιχειοί
2384 5179 2483 5251 τὴν
2521 5181 2707 5251 φύσιν,
2752 5185 3068 5253 μεταδιδοὺς
3114 5189 3253 5261 αὐτῇ
3295 5193 3390 5245 τοῦ
3435 5194 3664 5267 ἀρχαίου

1631 5439 1954 5501 Francisci
1989 5439 2197 5502 Scorsi
2234 5450 2424 5505 none.

476 5559 860 5648 (aO)pe_ut¢r?
878 5556 1425 5648 ιπθὶίὶξξπι-υξῂρξιιςς.
1459 5557 1533 5612 litt
1575 5559 1631 5614 S.
1670 5559 2044 5632 Citrysoslouti
2085 5562 2232 5618 Itom.
2291 5565 2356 5620 de
2393 5563 2616 5624 Thorae
2656 5567 3035 5627 incredulitate
3067 5614 3081 5644 ,
3118 5582 3174 5638 et
3213 5574 3273 5631 S.
3318 5577 3548 5648 August.
3602 5579 3655 5638 in

407 5639 573 5685 tract.
610 5632 702 5684 121
734 5636 788 5686 in
813 5631 974 5687 Jouu.
1007 5629 1098 5695 IX,
1130 5639 1181 5686 et
1215 5629 1417 5685 caeteri.
