4018 6206
325 404 439 467 685

1667 403 1829 464 HOM
1840 403 1999 464 ILlA
2037 405 2264 466 XXXV.

3482 407 3590 472 686

326 516 703 588 χαρίσματος,
735 505 796 567 οὗ
829 510 918 567 διὰ
948 512 1048 582 τῆς
1084 512 1368 583 παρακοῆς
1404 513 1764 584 ἀπεστέρητο.
1798 514 1913 567 Πα-

2041 516 2158 572 ieus
2188 517 2324 588 (51),
2372 533 2480 588 quo
2529 521 2737 588 privata
2788 535 2884 590 per
2918 521 3336 580 inobcdientiam
3389 525 3543 583 fuera
3578 569 3594 584 .

331 603 592 676 ραγιγὼν
624 606 734 676 γὰρ
770 603 1013 677 ἀρχῆθεν
1046 604 1137 660 τὸν
1171 606 1482 677 ἄνθρωπον,
1518 609 1582 677 τῇ
1621 607 1908 676 μεταδόσει

324 699 423 754 τοῦ
462 699 781 770 Πνεῦματος
813 699 977 752 αὐτὸν
1013 699 1436 766 κατεκὰλλυνεν,
1471 701 1796 770 ἐμφυσήσεις
1831 701 1911 761 είς

324 793 492 846 αὐτὸν
526 792 695 863 πνοὴν
727 791 877 862 ζωῆς
894 833 906 854 ι
939 793 1080 864 ὅπερ
1108 787 1177 864 ἦν
1206 793 1300 846 τοῦ
1333 794 1490 862 ἁγίου
1525 793 1847 863 Πνεὺματος
1877 794 1910 864 ἡ

327 884 892 956 μετάδοσις.·Τσιύτης
924 880 1018 938 οὖν
1050 885 1422 958 ἀμὸλυθείσης
1455 885 1562 938 ὑπὸ
1592 888 1691 956 τῆς
1727 886 1911 955 ἁμαρ-

323 977 470 1040 τίας,
515 977 681 1030 πάλιν
725 977 895 1046 αὐτὴν
935 976 1024 1029 διὰ
1066 978 1162 1030 τοῦ
1204 979 1597 1048 ἐμφυσήματος
1640 978 1909 1046 νεουργεῖ,

325 1070 584 1138 καθάπερ
608 1068 716 1122 ἀπὸ
742 1068 926 1138 πηγῆς
949 1067 1044 1120 τοῦ
1073 1068 1203 1121 ίδίου
1235 1069 1598 1140 πληρώματος
1623 1068 1912 1139 ἐμπλήσας

274 1156 286 1180 ⁸
325 1160 455 1223 τοὺς
503 1161 780 1231 μαθητὰς,
823 1162 914 1213 καὶ
958 1161 1391 1233 δεκτικωτέρους
1436 1161 1634 1224 αὐτοῦς
1678 1162 1912 1231 ποιήσας

326 1254 548 1308 πάντων
564 1253 674 1306 τῶν
702 1253 1066 1324 χαρισμάτων
1091 1255 1184 1306 τοῦ
1217 1255 1553 1324 Πνεύματος,
1586 1248 1662 1308 ὧν
1689 1254 1913 1324 ἔμελλον

325 1347 614 1415 ὑποδοχάς
654 1347 912 1415 γενέσθαι
945 1349 1012 1417 τῇ
1049 1347 1210 1416 ἑορτῇ
1244 1346 1346 1416 τῆς
1382 1347 1785 1417 Πεντηκοστῆς.
1817 1347 1914 1400 Ἓν

325 1440 438 1509 γὰρ
479 1439 640 1510 μόνον
673 1437 730 1491 ἑν
763 1454 827 1506 γε
861 1437 939 1508 τῷ
971 1439 1109 1502 τέως
1140 1438 1228 1492 διὰ
1263 1438 1356 1493 τοῦ
1393 1439 1794 1510 ἐμφυσήματος
1829 1439 1910 1492 δέ-

321 1531 503 1584 δωκεν
527 1527 667 1592 εἶδος
688 1529 1053 1600 χαρίσματος,
1072 1530 1133 1583 τὸ
1152 1531 1372 1600 ἀφιέναι
1395 1531 1696 1601 ἁμαρτίας.
1723 1550 1740 1582 ι
1769 1531 1916 1583 Καθε-

323 1621 406 1686 ὼς
440 1621 760 1676 ἀπέσταλκέ
805 1637 871 1690 με
913 1621 941 1672 ὁ
985 1619 1208 1692 Πατὴρ,
1246 1620 1403 1689 κάγὼ
1438 1621 1643 1692 πέμπω
1680 1623 1845 1692 ὑμᾶς.
1889 1639 1908 1672 ι

323 1715 405 1768 Οὐ
441 1713 586 1768 κατά
613 1713 712 1783 τὴν
740 1711 898 1778 ἀξίαν
930 1712 1054 1784 ἴσην
1083 1707 1224 1765 εἷναί
1260 1729 1392 1783 φησι
1411 1751 1424 1774 ,
1455 1713 1553 1782 τὴν
1582 1713 1854 1785 ἀποστολὴ
1867 1731 1916 1768 ν.

339 1807 404 1860 ’0
440 1807 540 1878 μὲν
569 1806 679 1875 γὰρ
713 1805 935 1874 Πατὴρ,
965 1805 1043 1868 ὡς
1076 1805 1366 1874 ὁμοούσιον
1398 1807 1492 1860 κα).
1521 1807 1784 1876 ὁμότιμον
1814 1805 1913 1858 ne.

2015 609 2146 663 Cum
2173 611 2316 664 enim
2349 628 2377 664 a
2430 612 2696 683 principio
2727 613 3003 671 hominem
3036 619 3400 686 produxisset,
3439 637 3590 678 c0m-

2017 703 2273 756 munione
2330 701 2566 773 Spiritus
2634 706 2810 775 ipsum
2871 709 3116 775 ornavit,
3160 726 3226 768 ac
3301 715 3588 784 pulchrum

2014 791 2227 860 elfeeit,
2282 796 2558 866 inspirans
2617 799 2668 853 in
2714 814 2838 854 eum
2881 802 3215 871 Spiraeulutn
3258 807 3420 874 vitze,
3451 812 3594 878 quod

2013 896 2134 939 erat
2168 883 2405 955 Spiritus
2437 890 2615 945 sancti
2655 894 3094 950 communicatio.
3130 897 3262 952 Ctnn
3287 899 3400 956 haec
3432 901 3595 972 igitur

2017 973 2209 1030 fuisset
2259 993 2354 1044 per
2400 983 3041 1050 peccatumldeformala
3068 1027 3085 1052 ,
3121 1003 3240 1042 eam
3287 991 3355 1046 de
3389 993 3598 1064 integro

2018 1085 2115 1140 per
2146 1069 2562 1127 insutl’lationem
2614 1074 2924 1141 instaurat,
2964 1077 3129 1133 veluti
3178 1095 3206 1132 a
3249 1081 3399 1137 fonte
3430 1086 3598 1152 pleni-

2020 1163 2222 1217 tudinis
2269 1181 2380 1219 sum
2408 1166 2706 1238 discipulos
2758 1167 3024 1240 implens;
3060 1183 3112 1227 et
3152 1175 3324 1244 magis
3357 1191 3451 1232 eos
3481 1179 3600 1234 ido-

2020 1263 2152 1303 neos
2194 1251 2428 1306 reddens
2455 1254 2522 1308 ad
2573 1253 2808 1324 Spiritus
2862 1258 2948 1312 illa
2985 1262 3312 1318 charismata
3342 1305 3357 1330 ,
3390 1282 3511 1336 quae
3544 1269 3599 1324 in

2021 1341 2158 1397 festo
2193 1344 2542 1402 Pentecostes
2573 1349 2660 1404 dic
2691 1353 2966 1421 accepturi
2993 1364 3171 1410 erant.
3214 1357 3423 1414 «Unam
3454 1363 3598 1416 enim

2022 1437 2237 1491 interim
2268 1439 2438 1493 solam
2472 1441 2820 1499 eharismatis
2859 1446 3098 1515 speciem
3138 1465 3234 1519 per
3281 1451 3602 1510 insulliatio-

2020 1528 2221 1582 tionem
2255 1530 2558 1600 impertiit,
2598 1535 2906 1592 remittendi
2942 1550 3164 1609 peccata
3200 1542 3334 1614 (52).
3393 1565 3412 1597 s
3452 1545 3604 1603 Sicut

2021 1621 2168 1674 misit
2199 1637 2285 1678 me
2315 1621 2500 1688 Pater,
2537 1635 2589 1680 et
2620 1641 2721 1696 ego
2751 1630 2910 1684 mitto
2941 1646 3058 1688 vos.
3100 1652 3119 1686 ›
3153 1632 3274 1691 Νοιι
3301 1641 3599 1694 secundum

2019 1713 2340 1784 dignitatem
2391 1719 2653 1786 aequalem
2701 1736 2823 1777 esse
2875 1723 3190 1782 missionem
3237 1729 3386 1786 dicit.
3442 1731 3605 1789 Pater

2022 1805 2202 1870 enim,
2235 1814 2296 1860 ut
2327 1809 2850 1866 consubstantialem
2887 1823 2941 1867 et
2974 1815 3179 1872 honore
3223 1821 3484 1888 aequalem
3517 1823 3604 1878 Fi-

328 1917 518 1970 πομιρε
544 1900 638 1952 τὸν
671 1898 798 1952 Υίόν
819 1914 836 1930 ο
867 1901 897 1952 ὁ
930 1898 1168 1968 Χριστὸς
1195 1898 1253 1951 δὲ
1283 1900 1408 1962 τοὺς
1440 1899 1772 1962 ἀποστόλους
1794 1939 1809 1961 ,
1839 1897 1914 1964 ὡς

2043 1899 2149 1953 ium
2181 1901 2368 1967 misit;
2400 1902 2649 1958 Christus
2678 1920 2806 1960 vero
2842 1907 2918 1961 ttti
2953 1922 3170 1976 servos,
3221 1922 3275 1967 et
3307 1917 3606 1986 discipulos

320 1993 550 2056 δούλους
578 1992 788 2062 πέμπει
817 1993 912 2045 καὶ
946 1991 1219 2062 μαθητάς.
1257 1989 1396 2044 Ἀλλ’
1421 1991 1450 2045 ὃ
1478 1991 1648 2060 λέγει,
1676 1991 1916 2044 τοιοῦτόν

329 2089 450 2140 ἐστι
469 2103 486 2120 ο
515 2086 717 2149 Καθὼς
743 2085 844 2156 ἐμὲ
870 2083 1216 2138 ἀπέσταλκεν
1239 2084 1268 2137 ὁ
1293 2084 1486 2155 Πατὴρ
1514 2085 1600 2138 ἐπ’
1625 2083 1919 2154 εὐεργεσίᾳ

331 2183 430 2250 τῆς
453 2179 565 2232 τῶν
591 2177 896 2249 ἀνθρώπων
922 2176 1158 2245 φύσεως,
1183 2175 1328 2229 οὕτω
1352 2175 1508 2244 κάγὼ
1535 2175 1742 2246 πέμπω
1773 2176 1919 2246 ὑμᾶς

332 2272 431 2345 τὴν
463 2271 741 2343 σωτηρίαν
772 2272 886 2334 τοῖς
916 2268 1226 2339 ἀνθρώποις
1257 2269 1743 2336 εὐαγγελίσασθαι.
1778 2267 1918 2322 Τού-

333 2384 446 2430 τοις
475 2365 571 2420 οὖν
599 2365 797 2428 αὐτοὺς
835 2363 1282 2432 πιστωσάμενος,
1319 2362 1661 2433 παραχρῆμα
1694 2361 1921 2430 γέγονεν

333 2457 570 2526 ἀφανὴς,
613 2455 828 2519 δεικνὺς
873 2453 1172 2509 κάντεῦθεν
1214 2452 1314 2524 τὴν
1359 2456 1438 2517 εις
1482 2453 1544 2506 τὸ
1590 2453 1924 2525 ὑψηλότερον

331 2551 427 2605 sui
462 2551 715 2620 σώματος
746 2548 1180 2618 μετακόσμησιν.

411 2663 430 2696 ι
465 2643 670 2713 Stupri;
695 2642 754 2695 δὲ
783 2635 865 2704 εἷς
892 2639 1002 2694 τῶν
1028 2639 1260 2702 δώδεκα,
1288 2639 1316 2691 ὁ
1346 2637 1640 2708 λεγόμενος
1669 2637 1923 2708 Δίδυμος,

335 2739 435 2792 aiax
464 2732 533 2808 ἦν
569 2733 689 2808 μετ’
714 2734 915 2799 αὐτῶν,
946 2735 1034 2786 ὅτε
1069 2728 1234 2804 ἦλθεν
1264 2733 1293 2784 ὁ
1329 2731 1552 2803 Κύριος.
1588 2749 1607 2783 s
1647 2727 1739 2785 Ἐκ
1773 2731 1926 2796 θείας

336 2831 654 2900 οἰκονομίας
692 2823 761 2898 ἦν
795 2825 890 2879 τοῦ
931 2825 1106 2896 Θωμᾰ
1144 2827 1178 2896 ὴ
1219 2825 1506 2895 ἀπόλειψις
1529 2840 1544 2855 °
1582 2823 1668 2876 ἵνα
1708 2824 1798 2878 διὰ
1829 2823 1927 2893 τῆς

335 2925 842 2992 ἐξεταστικωτέρας
876 2919 1135 2991 ἐρεύνης,
1173 2917 1531 2989 ἐκδηλότερον
1565 2915 1925 2987 ἀνακαλυφθῇ

339 3021 437 3090 τῆς
481 3017 834 3078 ἀναστάσεως
872 3013 934 3066 τὺ
977 3012 1300 3083 μυστήριον.
1341 3012 1540 3064 Σκόπει
1579 3010 1636 3064 δὲ
1676 3009 1795 3074 πῶς
1837 3012 1930 3062 καὶ

341 3113 438 3182 τὴν
464 3111 659 3181 κλῆσιν
685 3103 799 3179 εἶχε
826 3106 919 3160 τοῦ
947 3106 1150 3178 τρόπου
1179 3105 1536 3176 κατάλληλον.
1565 3104 1766 3174 Θωμᾶς
1795 3102 1925 3174 γὰρ,

2023 1988 2193 2044 mittit
2239 1991 2534 2060 apostolos.
2574 1992 2687 2050 Huc
2719 2007 2903 2051 autem
2953 2015 3050 2068 per
3083 2001 3198 2057 haec
3231 2007 3396 2061 verba
3430 2007 3604 2077 signi-

2026 2081 2151 2136 ﬁcat
2179 2084 2405 2153 :_Sicuti
2435 2101 2520 2140 me
2549 2084 2711 2142 Pater
2745 2090 2812 2144 ad
2853 2091 3104 2150 humana
3147 2107 3356 2153 natura:
3401 2100 3605 2158 beneﬁ-

2023 2175 2168 2230 cium
2203 2175 2372 2239 misit,
2402 2176 2481 2231 sic
2512 2184 2567 2231 et
2595 2193 2695 2247 ego
2730 2195 2824 2235 vos
2861 2184 3038 2248 mitto,
3075 2193 3132 2239 ut
3163 2187 3393 2244 salutem
3425 2193 3607 2248 homi-

2035 2269 2194 2324 nibus
2223 2268 2549 2338 prazdicetis.
2589 2270 2685 2326 llis
2714 2271 2879 2341 igitur
2908 2275 2994 2330 ubi
3029 2291 3126 2332 eos
3172 2279 3226 2333 in
3262 2280 3366 2337 ﬁde
3411 2285 3609 2339 contir-

2030 2360 2238 2428 mavit,
2270 2361 2454 2416 statim
2503 2363 2573 2416 ab
2619 2363 2792 2419 oculis
2843 2380 3032 2422 eorum
3085 2374 3346 2438 evanuit,
3388 2385 3446 2431 ut
3484 2378 3611 2432 hinc

2028 2453 2191 2509 etiam
2223 2455 2577 2521 ostenderet,
2612 2455 2676 2510 ad
2707 2455 2953 2514 altiorem
2980 2469 3185 2518 statum
3225 2478 3424 2536 corpus
3449 2484 3609 2524 suum

2031 2541 2200 2598 fuisse
2238 2554 2580 2598 renovatum.

2108 2653 2127 2685 ι
2168 2635 2410 2690 Thomas
2441 2646 2622 2691 autem
2671 2653 2809 2696 untts
2839 2655 2904 2696 ex
2934 2641 3244 2712 duodecim,
3274 2649 3365 2717 qui
3410 2651 3610 2706 dicitur

2031 2725 2293 2798 Didymus
2315 2769 2332 2794 ,
2366 2743 2472 2782 non
2504 2738 2622 2783 erat
2651 2744 2773 2784 cmn
2811 2732 2891 2787 eis
2922 2736 3140 2802 quando
3189 2740 3338 2794 venit
3366 2739 3546 2798 Jesus.
3581 2764 3602 2796 ι

2030 2819 2222 2874 Divina
2256 2821 2663 2890 dispensatione
2695 2821 2898 2879 factum
2928 2838 3014 2882 est
3038 2866 3054 2891 ,
3097 2838 3153 2883 ut
3185 2828 3425 2889 Thomas
3455 2835 3612 2892 abes-

2029 2924 2111 2968 set
2135 2955 2148 2980 ,
2181 2924 2242 2968 ut
2273 2930 2336 2969 eo
2369 2914 2621 2970 subtilius
2657 2915 2984 2986 inquirente,
3026 2919 3460 2979 Resurreetionis
3491 2943 3610 3000 my—

2032 3011 2258 3062 sterium
2287 3008 2442 3061 fieret
2472 3008 2835 3063 manifestius.
2861 3008 3158 3068 Considera
3180 3030 3308 3072 vero
3337 3018 3524 3086 etiam,
3554 3031 3614 3076 ut

2033 3116 2232 3156 nomen
2259 3100 2502 3156 moribus
2533 3104 2866 3170 respondens
2900 3103 3172 3160 habuerit.
3209 3107 3446 3167 Thomas
3465 3115 3616 3171 enim

326 3164 616 3280 ‘d'sévcobc
652 3164 1032 3270 xatnbldvycc
1067 3164 1458 3268 ἑρμηνεύεται,
1488 3198 1606 3267 ἦτοι
1642 3164 1922 3248 btet—uicti;

2036 3189 2280 3261 abyssum
2316 3188 2454 3261 (53),
2488 3199 2542 3245 et
2589 3164 2874 3261 Didymum
2901 3233 2916 3260 ,
2959 3194 3071 3251 sive
3120 3196 3285 3269 250

337 3301 438 3363 κός
457 3315 472 3329 ·
499 3296 693 3368 ἔμελλε
718 3298 829 3366 γὰρ
852 3294 1106 3348 διστάσαι
1134 3295 1262 3364 περὶ
1285 3292 1384 3364 τὴν
1408 3291 1646 3346 Musam
1667 3288 1765 3360 τῆς
1793 3289 1924 3343 ἀνα-

340 3394 608 3455 στάσεως.

2035 3295 2230 3352 sonat;
2272 3284 2560 3354 ambiguus
2595 3285 2794 3355 quippe
2825 3285 2892 3340 de
2941 3285 3378 3350 Resurrectionis
3416 3295 3614 3370 abysso

2037 3377 2250 3434 futurus
2283 3386 2425 3434 erat.

1583 3541 1907 3604 Francisci
1939 3539 2148 3605 Scorsi
2185 3545 2371 3600 notae.

415 3697 856 3821 (Slz’Antiquum
886 3693 1024 3749 ξιικά
1057 3695 1666 3763 charismaimpertieus.
1695 3695 1772 3749 Ita
1797 3711 1930 3750 non-

415 3773 479 3821 ηιΙί
561 3780 708 3821 atres
737 3767 1012 3821 acciniuut
1053 3766 1182 3818 illud
1214 3765 1351 3820 Gen.
1384 3781 1396 3815 :
1449 3763 1512 3816 Et
1551 3766 1826 3821 inspiravit
1872 3769 1929 3820 in

343 3763 479 3827 nulli
518 3763 716 3821 Patres
737 3767 1012 3832 accipiunt
1053 3766 1182 3818 illud
1214 3765 1351 3820 Gen.
1384 3781 1396 3815 :
1449 3763 1512 3816 Et
1551 3766 1826 3833 inspiravit
1872 3769 1929 3820 in

346 3844 540 3904 [aciem
592 3837 707 3905 ejus
747 3837 1076 3904 spiraculum
1111 3839 1250 3905 vitw.
1295 3838 1354 3892 8.
1396 3833 1632 3905 Cyrillns
1662 3837 1815 3888 Alex.
1873 3838 1929 3889 in

337 3912 511 3966 Jama.
557 3903 649 3962 liti.
691 3903 787 3970 xtt,
818 3921 938 3974 cap.
998 3905 1066 3960 56
1098 3921 1112 3957 :
1155 3904 1294 3960 Deus
1323 3903 1466 3960 enim
1500 3903 1664 3959 Pater
1694 3921 1786 3972 per
1805 3923 1928 3972 pro-

344 3983 524 4049 prium
582 3978 793 4032 verbum
832 3979 910 4049 de
935 3977 1058 4029 limo
1083 3985 1261 4038 terras,
1287 3986 1343 4030 ut
1370 3976 1636 4049 scribitur,
1661 3975 1928 4049 ltomiaem

341 4046 620 4120 formavit.
667 4049 849 4101 anima
879 4048 1165 4120 decorauit,
1195 4057 1242 4120 et
1267 4049 1364 4120 sui
1382 4046 1609 4120 spiritus
1633 4047 1928 4120 participa-

341 4115 495 4174 iione
547 4122 806 4172 muniuit:
878 4136 896 4166 ι
932 4115 1227 4186 lasuﬁiarit
1278 4117 1419 4171 enim
1467 4117 1522 4167 in
1582 4117 1772 4184 faciem
1818 4115 1933 4182 eius

341 4191 680 4258 spiraculum
729 4191 864 4242 νέην.
901 4205 920 4239 s
981 4185 1168 4240 Verum
1219 4188 1469 4258 quoniam
1493 4187 1548 4239 in
1582 4197 1826 4243 mortem.
1869 4202 1934 4258 ea:

344 4256 705 4316 iitobedieutia
739 4259 949 4320 recidit,
981 4267 1029 4308 et
1079 4259 1314 4321 priscum
1350 4256 1508 4309 decus
1543 4259 1697 4310 homo
1728 4256 1932 4320 amisit,

342 4331 814 4404 formauitipsum
868 4343 1054 4404 rursus
1110 4326 1252 4380 Deus
1295 4326 1456 4404 Pater
1482 4342 1515 4404 ,'_
1547 4338 1593 4379 et
1627 4327 1701 4404 _iu
1746 4343 1935 4404 uocans

347 4396 567 4458 reduxit
589 4401 776 4463 vitam,
803 4413 896 4466 per
931 4396 1134 4451 Filium
1173 4413 1347 4450 suum.
1387 4397 1446 4450 8.
1477 4397 1736 4467 Cyprian.
1764 4396 1933 4464 Epist.

347 4477 420 4528 ad
473 4471 665 4540 anp.
719 4467 984 4540 fratrem:
1041 4467 1210 4540 Porro
1243 4478 1420 4540 autem
1462 4483 1566 4540 nou
1610 4483 1710 4540 per
1745 4483 1935 4540 manus

347 4536 746 4609 impositique»:
777 4539 895 4609 quis
917 4538 1178 4604 nascitur,
1203 4539 1418 4609 quaudo
1447 4536 1645 4609 accipit
1672 4536 1936 4605 Spiritum

347 4606 623 4675 suactum,
654 4613 743 4665 sed
790 4606 845 4662 ira
878 4608 1158 4674 baptismo,
1213 4606 1268 4661 ut
1312 4606 1571 4676 Spiritum
1617 4607 1736 4675 jam
1785 4617 1942 4661 natus

347 4684 607 4751 accipiat,
643 4683 780 4751 sicut
813 4682 864 4733 in
918 4680 1090 4748 primo
1135 4677 1341 4751 homine
1369 4677 1544 4730 Adam
1603 4679 1940 4751 factuntdest.

349 4747 488 4808 Ante
527 4756 666 4806 enim
722 4750 860 4804 Deus
912 4764 1028 4803 eum
1069 4749 1372 4814 plasmauit,
1434 4758 1482 4799 et
1513 4760 1636 4801 tunc
1661 4747 1941 4818 insuﬂlavit

347 4825 410 4878 iu
457 4823 647 4891 faciem
679 4825 793 4889 ejus
827 4822 1012 4891 ﬂatum
1043 4820 1208 4882 vita;
1256 4833 1349 4891 uec
1399 4819 1534 4891 enim
1570 4827 1738 4891 potest
1773 4820 1943 4886 accipi

348 4887 593 4960 spiritus,
634 4887 740 4946 nisi
775 4887 926 4959 prius
980 4889 1162 4957 fuerit,
1207 4889 1296 4959 qui
1339 4888 1592 4960 accipiat.
1622 4887 1682 4942 S.
1710 4889 1944 4943 Basilius

349 4959 454 5018 lib.
497 4963 573 5017 De
617 4962 824 5032 Spiritu
851 4970 1065 5032 sancto,
1119 4975 1235 5028 cap.
1264 4959 1362 5032 16:
1404 4959 1661 5032 Dominus
1696 4960 1831 5011 enim
1850 4960 1944 5030 qui

349 5030 969 5094 renouabathominem,
1019 5031 1169 5096 eique
1214 5031 1462 5084 reddebat
1496 5030 1749 5098 gratiam,
1785 5045 1943 5098 quam

347 5120 424 5158 ex
454 5104 638 5174 αῃιαω
678 5102 776 5156 Dei
814 5110 1092 5174 acceptant
1118 5102 1392 5174 amiserat,
1433 5100 1725 5174 inspiravit
1748 5101 1827 5174 in,
1862 5101 1946 5167 fa-

347 5167 948 5243 ciem'aiscipulorum,
979 5171 1170 5243 quibus
1207 5173 1332 5243 ait:
1363 5189 1382 5222 ι
1423 5167 1946 5243 Αςεειῄισδρὶνὶιιιηι

347 5253 623 5309 sanctum,
656 5238 684 5296 ἰ
719 5251 826 5296 etc.
884 5238 1030 5294 Idem
1086 5241 1144 5296 8.
1177 5241 1432 5295 Ambros.
1477 5253 1507 5292 a
1559 5238 1761 5294 Basilio
1792 5255 1946 5295 acce-

352 5327 538 5382 plum,
587 5316 664 5368 uti
717 5311 1203 5376 netatComelius,
1243 5314 1443 5366 citatus
1478 5309 1942 5382 ejusdemBasitii

356 5378 576 5466 ipensa
705 5383 1004 5466 Francisco
1030 5383 1216 5466 Arias,
1248 5391 1410 5436 tract.
1439 5396 1490 5433 vt
1526 5380 1604 5466 De
1639 5378 1945 5466 Imitatioae

358 5455 585 5522 Christi,
607 5452 756 5524 'cap.
826 5455 879 5517 i,
925 5467 989 5506 ex
1031 5452 1170 5521 psal.
1211 5467 1402 5515 vaut,
1445 5453 1540 5524 sed
1616 5467 1722 5522 non
1752 5453 1837 5524 ibi
1879 5456 1945 5506 de

353 5529 536 5594 gratia
591 5525 654 5580 S.
688 5523 950 5595 Spiritus,
1001 5523 1564 5595 seti_sttpertiaturali,
1594 5526 1688 5595 sed
1732 5523 1798 5595 de
1835 5539 1945 5595 nn-

283 5607 301 5623 '
361 5592 548 5662 iurali,
587 5599 688 5652 hoc
721 5592 808 5650 est
845 5595 936 5648 Dei
990 5592 1344 5647 similitudine
1363 5606 1584 5660 accepta
1615 5593 1761 5661 loqui
1795 5594 1946 5646 vide-

357 5678 470 5719 tur.
508 5667 708 5722 LOCtItIl
757 5679 916 5734 quem
951 5665 1062 5732 jam
1110 5678 1455 5734 paraveram,
1492 5679 1560 5715 ne
1621 5663 1829 5734 longius
1891 5664 1942 5717 itt

359 5739 467 5792 hac
501 5736 636 5791 Nota
682 5731 995 5797 excurrant,
1051 5733 1325 5788 ascribere
1361 5735 1576 5786 omitto.
1637 5731 1834 5785 Verum
1883 5733 1942 5787 8.

357 5819 594 5870 August.
636 5807 729 5860 lib.
768 5820 868 5858 χιιι
927 5803 1003 5856 De
1051 5803 1208 5856 Civit.
1255 5819 1376 5872 cap.
1422 5803 1519 5864 ‘24,
1548 5804 1601 5855 in
1643 5801 1744 5854 alia
1765 5805 1944 5856 omnia

363 5880 521 5947 abit;
558 5880 750 5934 refellit
780 5876 926 5931 enim
973 5885 1085 5930 toto
1113 5889 1178 5928 eo
1237 5877 1415 5943 capite
1470 5887 1565 5929 eos
1597 5873 1686 5943 qui
1753 5881 1949 5942 putant

2036 3696 2178 3750 idem
2211 3693 2410 3748 factum
2445 3693 2510 3767 iu
2559 3693 2742 3767 prima
2801 3694 3182 3762 inspiratione,
3222 3699 3366 3767 quod
3426 3701 3478 3756 in
3528 3718 3620 3759 se-

2033 3767 2250 3832 cunda;
2292 3779 2356 3817 ac
2431 3763 2665 3834 primum
2731 3765 3147 3835 inspirationem
3192 3763 3317 3822 vita:
3359 3775 3616 3828 animalis

2038 3835 2449 3909 intelligendum
2495 3835 2766 3909 plurimus
2800 3836 3014 3909 probat
3056 3854 3122 3892 ex
3156 3838 3246 3892 illo
3283 3837 3300 3890 Ι
3337 3840 3464 3898 Cor.
3523 3860 3617 3909 xv,
3673 3875 3694 3893 .

2034 3906 2139 3960 45:
2179 3903 2378 3958 Factus
2425 3903 2509 3977 est
2531 3906 2737 3977 primus
2775 3905 2948 3977 Adam
2984 3908 3038 3960 in
3067 3909 3304 3960 animam
3337 3903 3616 3977 uiuentem,

2037 3977 2350 4030 novissimus
2400 3974 2571 4029 Adam
2595 3976 2650 4026 in
2689 3974 2948 4042 Spiritum
2983 3978 3377 4043 viviﬁcantem;
3421 3990 3477 4034 et
3510 3974 3616 4036 ea};

2037 4047 2170 4100 teris
2224 4059 2348 4113 qua:
2377 4053 2705 4114 sequuntur.
2768 4043 2926 4114 Unde
2975 4062 3082 4100 non
3137 4049 3257 4102 sine
3303 4064 3469 4114 causa
3527 4054 3624 4105 ad-

2040 4119 2211 4168 miror
2263 4129 2385 4168 enm
2423 4113 2731 4167 Mnldonato
2765 4113 2818 4166 in
2859 4116 3002 4168 hunc
3031 4115 3258 4171 Joannis
3289 4113 3467 4173 locum
3495 4136 3523 4176 ι
3557 4121 3618 4177 8.

2041 4184 2350 4261 Philastrio
2401 4185 2659 4261 episcopo
2695 4184 2962 4261 Brixiepsi
3004 4185 3145 4261 inter
3184 4187 3442 4261 haereses
3494 4194 3623 4261 poni

2041 4271 2164 4328 eam
2200 4255 2627 4328 explicationem
2649 4255 3129 4328 quaespiraeulum
3150 4257 3266 4311 vita:
3303 4274 3412 4328 pro
3439 4255 3621 4316 anima

2042 4326 2315 4394 accipiat;
2381 4326 2660 4395 contendit
2709 4326 2856 4379 enim
2915 4325 3180 4395 Spiritum
3233 4325 3485 4383 sanctum
3549 4333 3622 4386 ibi

2043 4396 2480 4466 intelligendum.
2530 4394 2634 4449 Sed
2673 4395 2865 4467 melius
2922 4394 2980 4451 S.
3020 4397 3358 4467 Epiphanius
3409 4399 3486 4453 De
3514 4404 3627 4456 Ιιαν..

2043 4464 2248 4540 [εδξριιέ
2279 4467 2523 4540 scripsit,
2564 4467 2739 4540 inquit
2762 4464 3298 4540 Bellurtnittusattno
3331 4469 3438 4524 380
3460 4488 3624 4540 quam

1975 4559 2019 4614 θ
2047 4535 2408 4614 PhilasttjusA;
2430 4550 2598 4614 quare
2633 4538 2849 4614 videtur
2871 4539 3096 4614 omnino
3132 4535 3624 4614 proltahilior'sen-

2052 4608 2222 4662 tentia
2263 4607 2322 4661 S.
2367 4605 2678 4674 Augustini,
2737 4622 2899 4674 quam
2941 4609 3108 4664 etiam
3133 4605 3431 4664 Cornelius
3486 4613 3626 4666 idem

2049 4686 2238 4731 noster
2295 4676 2348 4730 in
2380 4691 2502 4744 cap.
2550 4690 2608 4730 ιιι
2647 4677 2783 4732 Gen.
2843 4679 3012 4733 solam
3079 4681 3341 4741 admittit,
3391 4681 3518 4735 licet
3571 4683 3625 4735 in

2045 4747 2358 4801 Comment.
2399 4745 2464 4818 in
2512 4745 2718 4816 Evang.
2769 4749 2961 4802 ultimo
3005 4751 3224 4818 scriptis
3275 4760 3500 4804 censeat
3561 4753 3629 4805 de

2048 4828 2283 4890 utroque
2318 4816 2530 4890 ,spiritu
2561 4833 2721 4890 posse
2763 4818 2944 4873 locum
2997 4816 3145 4874 illum
3196 4819 3398 4872 Cenes.
3451 4819 3629 4890 expli-

2047 4888 2184 4960 cari,
2212 4898 2266 4941 et
2288 4889 2364 4960 de
2388 4889 2626 4960 naturali
2646 4899 2701 4942 et
2741 4891 2807 4942 de
2857 4890 3258 4958 supernaturali
3286 4906 3300 4940 :
3329 4888 3627 4960 utrumque

2048 4958 2260 5029 scilicet
2287 4958 2576 5028 inspiravit
2606 4958 2770 5024 Deus,
2801 4962 3039 5012 animam
3075 4962 3220 5013 enim
3253 4960 3428 5029 gratia
3450 4958 3627 5016 sancti

2049 5028 2287 5099 Spiritus
2336 5039 2586 5082 ornatam
2626 5031 2854 5094 creavit,
2905 5030 3067 5098 idque
3126 5028 3350 5099 propter
3379 5033 3625 5085 auctori-

2051 5109 2218 5152 tatem
2243 5097 2485 5170 Patrum,
2512 5113 2650 5169 quos
2681 5100 2861 5162 retuli,
2891 5097 3143 5170 qnesque
3165 5097 3388 5160 secutus
3415 5110 3500 5156 est
3531 5117 3627 5156 uo-

2047 5177 2180 5231 ster,
2220 5169 2347 5222 mihi
2385 5171 2620 5222 maxime
2654 5172 2936 5237 probatur.

2120 5239 2235 5310 (ὅῖ)
2270 5237 2586 5313 Remitteudi
2619 5251 2854 5313 peccata.
2898 5237 2977 5296 lla
2999 5238 3070 5313 8.
3104 5240 3390 5313 Chryso_st.
3419 5241 3629 5299 etalter

2048 5309 2238 5383 itidem
2295 5310 2756 5383 aurei_sermonis
2777 5309 2951 5383 fater
2979 5309 3260 5383 Chrysoll,
3295 5310 3626 5382 Theopuyi.,

2050 5381 2304 5451 Euthym.
2350 5390 2405 5433 et
2442 5377 2740 5448 Rupertus.
2777 5380 2843 5434 Et
2873 5377 3408 5452 longius'Cornelius
3441 5377 3631 5437 tioéter

2049 5453 2195 5505 hunc
2237 5452 2414 5504 locum
2450 5459 2606 5517 urget
2635 5452 2900 5506 adversus
2953 5454 3264 5516 haereticos,
3322 5471 3385 5508 ex
3451 5469 3626 5521 eoque

2052 5522 2248 5595 probat
2305 5521 2732 5595 institutionem,
2797 5534 2852 5577 et
2900 5534 3234 5595 praeceptum
3301 5525 3630 5580 sacramenti

2051 5589 2412 5662 paenitentiae,
2455 5606 2613 5659 quem
2647 5591 2791 5646 vide.

2122 5662 2237 5730 (55)
2278 5657 2505 5740 Thomas
2536 5663 2675 5740 enim
2705 5664 2976 5740 abyssum.
3022 5663 3325 5740 Utramque
3391 5665 3631 5740 notatio-

2051 5749 2173 5807 nem
2211 5732 2444 5785 nominis
2467 5732 2562 5784 τοῦ
2617 5732 2847 5802 'l‘honia,
2901 5737 2989 5807 hic
3023 5732 3410 5807 complectitur
3448 5739 3632 5794 Theo-

2051 5806 2300 5871 phanes:
2337 5816 2570 5872 eamque
2600 5819 2699 5858 nos
2756 5806 2918 5860 simul
2977 5806 3320 5867 ostendimus
3357 5824 3423 5866 ex
3481 5810 3633 5864 fonte

2052 5873 2320 5927 llebraico
2346 5871 2413 5927 ad
2445 5871 2591 5930 hom.
2625 5873 2714 5942 55,
2758 5887 2870 5934 not.
2902 5877 2994 5934 27.
