4018 6206
491 226 590 290 ϐθῙ

1007 343 1288 399 HOMILIA
1330 343 1570 401 XXXVI.

917 438 982 491 In
1016 436 1272 491 decimum
1301 439 1642 492 matutinum.

571 532 649 586 Ad
709 527 1014 585 Tiberiadis
1066 538 1312 598 stagnum
1364 545 1487 586 cum
1540 530 1743 587 sanctis
1793 531 2068 602 discipulis

497 637 596 676 nos
623 619 787 674 etiam
837 619 996 674 hodie
1046 634 1296 676 sermone
1345 621 1695 676 accedamus.
1746 622 1941 678 Petrus
1986 624 2067 679 si-

494 720 712 790 quidem
744 719 833 775 ille
880 720 1199 790 Coryphmus
1237 721 1382 776 omni
1429 722 1638 791 abiecta
1679 737 1774 792 spe
1807 739 1928 779 cum
1968 725 2067 778 Do-

496 810 664 875 mino,
695 819 755 865 ut
783 816 943 876 ante,
977 812 1255 876 versandi,
1277 822 1597 866 consuetum
1627 814 1824 883 repetit
1855 815 2068 869 institu-

498 910 637 966 tum,
672 902 1068 973 consiliumque
1098 919 1254 958 suum
1286 919 1406 958 cum
1454 903 1682 975 Didyme
1733 904 1940 959 'l‘homa
1968 943 1984 969 ,
2016 914 2072 959 et

493 993 738 1050 Zebedaei
774 994 919 1060 ﬁliis,
951 1002 1007 1049 et
1035 994 1244 1051 duobus
1269 996 1392 1050 aliis
1418 1011 1485 1051 ex
1516 997 1794 1067 discipulis
1819 1012 2067 1053 commu-

495 1086 664 1150 nicat,
705 1095 760 1140 et
791 1086 902 1140 ait:
939 1105 956 1140 ι
990 1084 1140 1140 Vado
1174 1087 1479 1157 piscari)“:
1512 1087 1594 1143 Illi
1629 1104 1756 1144 vero
1789 1091 2070 1147 charitatis

493 1177 715 1232 vinculo
745 1177 1026 1248 colligati,
1064 1187 1120 1234 et
1161 1179 1549 1250 discipulorum
1602 1181 1854 1251 prmcipui
1903 1182 2065 1237 disci-

494 1269 640 1324 dium
675 1284 778 1324 non
817 1271 1152 1325 sustinentes
1186 1271 1342 1342 (satis
1369 1273 1513 1327 enim
1549 1274 1800 1328 maeroris
1830 1272 2070 1344 Magistri

496 1362 735 1431 privatio
785 1361 894 1418 illis
967 1363 1244 1434 attulerat)

493 1638 630 1693 Nam
685 1640 750 1694 ad
807 1639 1122 1710 piscandum
1173 1641 1260 1695 alii
1317 1655 1424 1696 non
1480 1642 1614 1697 satis
1661 1651 1818 1697 erant
1869 1642 2068 1698 idonei.

492 1730 780 1788 Mattbaaus
835 1733 1104 1802 siquidem
1159 1734 1484 1803 publicanus
1537 1745 1690 1800 erat,
1743 1745 1797 1792 et
1859 1735 2070 1791 mariti-

500 1841 712 1882 morum
748 1825 994 1881 laborum
1053 1827 1280 1880 omnino
1309 1825 1490 1892 rudis,
1521 1825 1712 1895 reliqui
1773 1841 1903 1882 vero
1966 1841 2072 1881 me-

495 1916 837 1982 diterranei,
897 1931 997 1972 nec
1052 1917 1330 1972 maritima
1377 1917 1494 1972 loca
1544 1917 1894 1984 incolebant;
1949 1917 2069 1972 ideo

493 2006 667 2061 solum
704 2004 925 2061 Petrum
959 2007 1291 2062 comitamur
1318 2007 1416 2062 soli
1447 2007 1687 2077 piscandi
1720 2007 1854 2061 artis
1889 2005 2067 2076 periti.

494 2097 784 2169 Navigium
814 2098 958 2154 enim
984 2140 1001 2166 ,
1033 2106 1087 2153 et
1116 2098 1251 2154 remi
1306 2107 1361 2154 et
1391 2099 1546 2164 retia,
1595 2107 1650 2153 et
1675 2113 1796 2169 quae
1849 2100 1952 2153 hoc
1982 2099 2066 2153 in-

491 2199 798 2246 strumento
844 2191 1136 2259 capiuntur
1186 2205 1290 2246 non
1333 2191 1467 2245 satis
1512 2199 1817 2259 congruunt
1863 2189 1931 2244 iis
1977 2189 2069 2259 qui

493 2280 890 2335 mediterranea
923 2279 1161 2345 habent,
1210 2280 1304 2336 sed
1333 2280 1532 2350 quibus
1571 2281 1624 2334 in
1679 2281 1814 2334 mari
1859 2281 2070 2335 exerci-

494 2371 649 2438 tatio,
681 2380 737 2428 et
768 2371 943 2426 victus
972 2372 1245 2440 quaerendi
1295 2371 1436 2426 ratio
1469 2372 1520 2425 in
1573 2371 1862 2426 venatione
1907 2369 2072 2425 mari-

495 2466 628 2530 tima
658 2463 830 2534 posita
858 2473 962 2518 est.
995 2461 1292 2518 Considera
1336 2463 1499 2518 etiam
1530 2476 1721 2517 omnes
1764 2459 1930 2516 fuisse
1959 2460 2070 2516 Ga-

492 2553 666 2609 lilmOs
723 2553 1038 2619 ﬁnitimum,
1072 2553 1581 2623 conterminumque
1626 2553 1928 2608 Tiberiadis
1959 2563 2072 2609 sta-

495 2658 661 2712 gnum
698 2642 986 2698 habentes.
1026 2639 1180 2698 Unde
1205 2644 1312 2698 duo
1337 2642 1410 2698 illi
1445 2644 1536 2712 qui
1562 2657 1668 2698 non
1694 2643 2066 2710 nominantur,

499 2735 747 2790 Andreas
775 2743 830 2789 et
877 2735 1158 2804 Philippus
1189 2735 1328 2808 (57),
1359 2750 1476 2790 mea
1521 2735 1742 2806 quidem
1777 2737 2067 2804 sententia,

499 2835 689 2893 erant,
733 2841 857 2882 cum
909 2825 1009 2896 ipsi
1061 2826 1248 2882 itidem
1279 2826 1528 2891 Galilazi,
1581 2835 1637 2881 et
1662 2842 1728 2882 ex
1781 2825 2070 2882 Bethsaida

493 2928 698 2974 essent.
751 2918 993 2984 Quorum
1040 2919 1176 2974 alter
1207 2918 1439 2988 {quidem
1487 2917 1712 2973 fratrem
1767 2932 1922 2973 suum
1968 2916 2072 2972 Pe-

1318 1364 1580 1420 voluntati
1669 1375 2072 1435 assequuntur,

492 1463 570 1518 et,
616 1453 926 1520 «Venimus,
964 1470 985 1506 ι
1020 1454 1204 1509 dicunt
1235 1495 1251 1520 ,
1287 1472 1308 1506 ι
1340 1464 1394 1511 et
1451 1471 1552 1512 nos
1602 1466 1800 1512 tecum.
1839 1477 1858 1511 ι
1893 1458 2074 1524 Quare

493 1553 674 1601 autem
733 1556 788 1601 et
835 1545 1019 1602 caeteri
1086 1547 1334 1617 discipuli
1396 1563 1502 1604 non
1566 1558 1694 1604 sunt
1757 1551 2076 1606 consecuti?

2097 1696 2145 1757 Β

1659 231 1761 290 ΤΗ
1772 231 2149 293 EOPHANIS
2189 235 2378 295 CERA
2388 238 2525 298 MEI
3021 280 3030 289 -
3601 253 3694 316 692

2748 356 2990 409 OMIMA
3028 355 3166 422 Αςῖν.

2557 449 2651 514 Εἷς
2692 448 2758 501 τὸ
2797 449 3052 503 δέκατον
3083 449 3346 509 ἑωθινόν.

2251 541 2376 594 Ἐπὶ
2418 541 2517 611 τὴν
2559 541 2873 609 Τιϐεριάδος
2919 539 3118 612 λίμνην
3162 541 3399 613 σήμερον
3438 545 3526 598 καὶ
3564 546 3704 617 ἡμεῖς

2166 633 2245 702 τῷ
2271 633 2414 704 λόγῳ
2437 635 2551 696 τοῖς
2582 634 2745 704 ίεροῖς
2778 633 3051 703 μαθηταῖς
3081 633 3514 704 συμϐαδίσωμεν.
3542 634 3596 688 ’0
3617 640 3707 710 γὰρ

2168 727 2464 796 κορυφαῖος
2498 725 2702 796 Πέτρος
2729 723 2809 795 τῷ
2842 723 3161 778 συνέσεσθαι
3185 723 3263 794 τῷ
3289 724 3595 798 διδασκάλῳ,
3621 745 3706 782 κα-

2170 817 2278 880 θὼς
2307 817 2605 888 πρότερον,
2639 817 2992 871 παντάπασιν
3019 816 3292 886 ἀπογνοὺς
3311 856 3327 881 ,
3357 818 3708 890 ἐπαναλαμϐά-

2170 927 2252 961 νει
2280 909 2341 961 ea
2376 907 2606 979 σύνηθες
2641 909 3014 979 ἐπιτήδευμα,
3047 909 3143 962 καλ⁸
3172 907 3249 978 τῷ
3278 909 3490 979 Διδύμῳ
3526 911 3705 981 Θωμᾷ,

2171 1001 2266 1054 καὶ
2295 1004 2406 1063 τοῖς
2430 1000 2725 1055 Ζεϐεδαίου
2751 1000 2963 1066 παισὶν,
2990 1000 3172 1064 ἄλλοις
3201 1017 3261 1054 τε
3292 1001 3440 1055 δυσὶν
3464 1002 3565 1056 τῶν
3593 1020 3710 1074 συμο

2174 1091 2448 1163 φοιτητῶν
2489 1092 2874 1146 ἀνακοινοῦται
2917 1091 2979 1144 τὸ
3032 1090 3330 1161 βούλευμα,
3382 1092 3475 1145 καί
3522 1109 3666 1162 φησιν
3692 1108 3707 1125 ο

2177 1203 2196 1238 ι
2217 1183 2452 1253 Ὑπάγω
2482 1182 2774 1238 ἁλιεύειν.ι
2814 1184 2878 1236 Οἱ
2903 1183 2960 1238 δὲ
2991 1183 3068 1254 τῷ
3095 1186 3197 1255 τῆς
3218 1183 3442 1254 ἀγάπης
3459 1185 3708 1257 συνδέσμῳ

2173 1277 2546 1350 συνδούμενοι,
2591 1277 2688 1331 καὶ
2731 1276 2810 1348 τῷ
2861 1275 3126 1348 χωρισμῷ
3181 1275 3277 1330 τοῦ
3333 1277 3610 1348 προκρίτου
3645 1279 3708 1350 μὴ

2175 1370 2464 1440 στέγοντες
2495 1369 2722 1441 (ἱκανῶς
2756 1369 2866 1440 γὰρ
2895 1368 3096 1433 αὐτοὺς
3131 1366 3321 1422 ἐλύπει
3350 1367 3443 1421 τοῦ
3469 1368 3708 1423 meum.

2172 1464 2268 1518 λου
2299 1465 2333 1536 ἠ
2364 1462 2642 1535 στέρησις)
2692 1464 2994 1531 ἐφέπονται
3026 1460 3104 1531 τῷ
3137 1460 3486 1532 βουλεύματι,
3512 1461 3596 1514 καί
3621 1479 3709 1528 φάο

2175 1572 2261 1610 σιν
2284 1571 2299 1586 ·
2324 1572 2344 1606 ι
2383 1547 2691 1624 Ἐρχόμεθα
2721 1553 2816 1607 καὶ
2850 1553 3010 1623 ἡμεῖς
3043 1551 3141 1605 σύν
3165 1568 3274 1605 σοι.
3310 1569 3330 1603 ι
3359 1549 3453 1604 Διὰ
3479 1549 3530 1604 τί
3557 1550 3606 1604 δὲ
3631 1551 3708 1604 καὶ

2174 1649 2224 1701 oi
2253 1646 2434 1721 λοιποὶ
2487 1645 2727 1716 μαθηταὶ
2743 1644 2857 1698 -οὒκ
2889 1642 3312 1715 ⁴1γ>ιολοι3θησαν;
3347 1643 3467 1696 Ὀτι
3511 1660 3588 1696 τοι
3623 1644 3707 1696 οὐκ

2173 1737 2499 1808 ἐπιτηδείως
2525 1731 2674 1807 εἶχον
2697 1738 2777 1800 εἰς
2804 1737 2862 1790 τὸ
2884 1734 3128 1791 ἁλιεύειν
3163 1734 3215 1788 οἱ
3239 1733 3438 1805 ἐτεροι.
3471 1732 3708 1796 Ματθαῖος

2173 1829 2273 1900 μὲν
2301 1828 2409 1899 γὰρ
2439 1826 2680 1897 τελώνης
2698 1823 2788 1897 ῆν,
2819 1825 2915 1878 καὶ
2937 1825 3046 1878 τῶν
3080 1822 3391 1877 θαλασσίων
3415 1821 3580 1875 πόνων
3597 1837 3708 1873 παν-

2169 1922 2410 1976 τάπασιν
2451 1919 2618 1989 ἀδαής
2647 1934 2663 1952 ο
2704 1919 2755 1972 oi
2805 1918 2983 1971 λοιποὶ
3018 1915 3078 1970 δὲ
3126 1914 3460 1986 ὴπειρῶται,
3506 1913 3596 1966 καὶ
3625 1911 3708 1966 οὐκ

2170 2007 2428 2078 ἀγχίαλον
2451 2005 2707 2076 λαχόντες
2737 2004 2835 2075 τὴν
2869 2002 3088 2072 οἴκησιν
3115 2017 3130 2034 ο
3180 2002 3270 2056 διὰ
3297 1999 3456 2054 τοῦτο
3485 2001 3618 2072 μόνοι
3645 1998 3708 2070 τῷ

2171 2102 2365 2172 Πέτρῳ
2400 2100 2694 2169 ἐφέπονται
2719 2097 2768 2150 oi
2799 2096 2897 2165 τῆς
2935 2095 3260 2165 ἁλιευτικῆς
3301 2094 3491 2166 τέχνης
3521 2093 3708 2162 εἰδήμο-

2179 2211 2365 2264 μονες.
2415 2191 2604 2245 Πλοῖον
2629 2192 2762 2260 γάρ,
2795 2190 2888 2243 καὶ
2936 2187 3148 2254 κῶπαι,
3178 2188 3278 2241 καὶ
3321 2187 3527 2251 δίκτυα,
3550 2185 3632 2240 καὶ
3652 2184 3709 2238 τὰ

2170 2286 2262 2340 διὰ
2305 2285 2511 2338 τούτων
2561 2283 2877 2354 θηρώμενα,
2913 2280 3115 2350 πρέποι
3156 2281 3226 2334 ἂν
3271 2279 3371 2333 οὐκ
3409 2278 3708 2348 ἢπειρὼταις

2171 2377 2401 2447 ἀνδράσι
2439 2373 2664 2444 μᾶλλον,
2703 2373 2819 2426 ἀλλ’
2848 2369 2930 2435 οἷς
2953 2371 3020 2425 ἂν
3042 2371 3130 2441 εῐη
3160 2370 3225 2424 τὸ
3261 2369 3605 2440 ἐπιτήδευμα,
3631 2367 3710 2422 καὶ

2170 2473 2198 2526 ὁ
2227 2469 2323 2523 τοῦ
2369 2468 2484 2538 βίου
2519 2465 2718 2528 σκοπὸς
2752 2465 3022 2531 Θάλασσα,
3059 2464 3156 2518 καὶ
3185 2463 3259 2518 τὰ
3291 2464 3349 2516 ἐν
3380 2463 3534 2532 αὐτῇ.
3589 2461 3709 2530 Ὅρα

2171 2563 2228 2616 δέ
2252 2563 2332 2617 ὅτι
2365 2561 2461 2615 καὶ
2485 2559 2759 2613 Γαλιλαῖοι
2787 2558 2992 2621 πάντες
3019 2557 3352 2628 ἐτύγχανον,
3369 2555 3560 2626 ὅμορον
3581 2553 3708 2624 έχον-

2170 2672 2261 2716 τες
2287 2653 2385 2726 τὴν
2412 2653 2609 2722 λίμνην
2637 2650 2977 2722 Τιϐεριάδος,
3003 2651 3094 2702 καί
3113 2648 3511 2719 άγχιτέρμονα.
3544 2643 3709 2698 Ἔνθεν

2169 2763 2253 2801 τοι
2287 2745 2380 2798 καὶ
2409 2745 2458 2796 οἱ
2511 2743 2605 2796 δύο
2662 2740 2942 2810 ἀνώνυμοι
2997 2741 3272 2811 μαθηταὶ,
3321 2739 3397 2802 ὡς
3444 2739 3520 2807 ἐτ’
3562 2730 3709 2807 ᾧμαι,

2183 2836 2441 2909 Ἀνδρέας
2486 2837 2733 2906 ὑπῆρχον
2783 2835 2879 2888 καὶ
2921 2834 3216 2898 Φίλιππος,
3271 2832 3540 2886 Γαλιλαῖοι
3581 2829 3711 2891 ὄντες

2165 2933 2265 2986 καὶ
2291 2929 2465 2996 αὐτοὶ,
2503 2930 2597 2983 καὶ
2629 2927 3006 2998 Βηθσαῖδῖται.
3046 2919 3150 2981 Ὧν
3181 2929 3211 2982 ὁ
3246 2926 3348 2998 μὲν
3382 2923 3456 2995 τῷ
3475 2920 3708 2993 ὁμαίμονι

497 3021 638 3065 trum
660 3051 675 3076 ,
700 3009 979 3080 Philippus
1003 3025 1131 3067 vero
1151 3009 1539 3066 Nathanaelem
1563 3011 1798 3065 amicum
1827 3019 2060 3065 veterem

2171 3024 2362 3092 Πέτρῳ
2390 3022 2672 3090 ἐφείπετο,
2702 3021 2967 3084 Φίλιππος
2991 3019 3048 3073 δέ
3075 3019 3154 3091 τῷ
3199 3018 3443 3091 ἀρχῆθεν
3469 3015 3595 3088 φίλῳ
3617 3013 3713 3068 Na-

495 3105 879 3159 comitabatur.
903 3104 1172 3160 Caeterum
1197 3105 1357 3186 retia,
1385 3113 1439 3160 et
1469 3103 1769 3174 navigium,
1800 3113 1855 3159 et
1887 3119 2068 3159 susce-

495 3206 620 3265 ptus
649 3212 743 3267 per
772 3204 941 3252 totam
980 3207 1192 3252 noctem
1219 3191 1372 3252 labor
1401 3196 1603 3252 frustra
1629 3195 1886 3251 fuerunt:
1925 3214 1944 3246 ι
1973 3195 2066 3249 Illa

495 3291 640 3344 enim
693 3301 888 3357 nocte,
942 3291 1156 3360 inquit,
1195 3289 1328 3344 nihil
1374 3289 1799 3359 prendiderunt:
1840 3306 1859 3340 ι
1907 3303 2068 3342 mane

495 3391 672 3437 autem
717 3383 893 3448 facto,
928 3399 1049 3438 cum
1092 3382 1298 3438 scilicet
1350 3382 1574 3450 iustitia:
1616 3380 1707 3436 Sol
1754 3396 1785 3437 e
1811 3379 2062 3450 sepulcro

477 3485 757 3545 tanquam
813 3476 882 3529 ab
931 3475 1142 3530 oriente
1196 3488 1256 3530 se
1307 3473 1540 3530 ell‘erens
1600 3473 2067 3536 attulerat'diem,

495 3568 647 3622 venit
678 3567 862 3620 suavis
891 3565 998 3630 ille,
1031 3565 1200 3620 Dator
1241 3565 1329 3620 ille
1360 3566 1531 3630 lucis,
1569 3575 1623 3620 et
1656 3566 1920 3620 accedens
1960 3577 2066 3618 non

499 3658 806 3727 ingreditur
861 3671 1048 3721 mare,
1095 3671 1200 3712 nec
1226 3657 1390 3726 pedes
1421 3671 1585 3726 super
1617 3656 1790 3711 undas
1827 3655 2066 3721 incedit;

497 3749 640 3817 quod
675 3749 993 3803 miraculum
1024 3755 1149 3802 ante
1170 3745 1482 3803 Passionem
1510 3748 1784 3812 eﬁecerat,
1805 3763 1924 3802 cum
1949 3746 2070 3814 ejus

495 3840 695 3912 plantis
727 3839 1214 3910 aquaﬁsuperiicies
1231 3839 1389 3910 253
1413 3838 1585 3894 instar
1607 3848 1766 3893 terrae
1793 3847 2069 3894 constrata

501 3935 796 3998 videretur,
845 3941 900 3987 et
940 3946 1130 3986 secura
1162 3932 1361 3986 duritie
1392 3929 1574 3986 divina
1622 3932 1848 4002 vestigia
1881 3928 2069 3986 suﬁnlo

497 4026 670 4090 ciret,
703 4026 798 4078 sed
839 4038 906 4078 eo
971 4023 1058 4077 ubi
1095 4023 1260 4088 venit,
1296 4023 1447 4077 stetit
1478 4023 1534 4076 in
1560 4023 1780 4090 littore,
1827 4023 1931 4078 hoc
1960 4023 2070 4078 for-

499 4128 647 4171 tasse
675 4127 732 4171 ut
762 4116 1096 4180 ostenderet,
1129 4124 1468 4184 assumptum
1507 4129 1726 4170 carnem
1762 4129 1859 4185 per
1892 4131 2070 4171 resur-

497 4207 792 4261 rectionem
853 4205 966 4274 jam
1017 4205 1425 4260 immortalitate
1479 4203 1735 4259 donatam
1790 4221 1855 4259 ex
1910 4205 2070 4276 hujus

2173 3114 2402 3185 θαναήλ.
2424 3113 2506 3166 Τὰ
2530 3113 2660 3182 γοῦν
2688 3111 2941 3166 ἐντεῦθεν
2969 3112 3164 3166 δίκτυα
3192 3111 3295 3166 καὶ
3321 3111 3523 3176 πλοῖον,
3553 3106 3634 3160 καὶ
3653 3101 3712 3158 δι’

2170 3210 2300 3278 ὅλης
2327 3209 2427 3272 τῆς
2458 3206 2650 3270 νυκτὸς
2672 3207 2842 3271 κόπος
2866 3207 3159 3276 ἀνήνυτος.
3201 3224 3219 3255 t
3261 3203 3355 3258 Ἑν
3395 3201 3572 3272 ἐκείνη
3594 3198 3707 3267 γὰρ,

2173 3303 2328 3372 φησι,
2361 3302 2428 3371 τῇ
2454 3301 2611 3353 νυκτὶ
2632 3299 2873 3352 ἐπίασαν
2899 3298 3078 3352 οὐδέν.
3115 3315 3135 3349 ι
3179 3297 3409 3369 Πρωῖας
3441 3294 3496 3348 δέ
3517 3288 3716 3362 γενομέά

2170 3407 2289 3460 νης,
2323 3391 2411 3444 ὅτε
2445 3389 2546 3460 τῆς
2572 3388 2926 3458 δικαιοσύνης
2951 3391 2979 3442 ὁ
3007 3387 3230 3454 ’Ἤλιος,
3260 3387 3339 3451 ὡς
3371 3385 3432 3452 ἐξ
3460 3381 3714 3450 ἀνατολῆς,

2169 3482 2265 3537 τοῦ
2304 3484 2482 3553 τάφου
2537 3483 2827 3546 ἀνατείλας
2873 3481 3090 3553 πρωῖαν
3141 3480 3463 3552 εἰργάσατο,
3513 3471 3717 3548 ἦλθενὸ

2170 3575 2400 3644 γλυκὺς,
2431 3574 2606 3644 ἐφάνη
2636 3575 2664 3627 ὁ
2694 3573 2932 3643 πάροχος
2953 3571 3050 3626 τοῦ
3076 3572 3284 3640 φωτὸς,
3315 3572 3412 3626 καὶ
3444 3567 3607 3625 ἐλθὼν
3632 3565 3718 3618 οὐκ

2171 3666 2397 3721 εἴσεισιν
2430 3665 2512 3728 εἰς
2558 3665 2657 3734 τὴν
2697 3663 3000 3725 θάλασσαν,
3035 3663 3162 3716 οὐδὲ
3205 3661 3437 3729 πεζεύει
3481 3658 3614 3712 κατὰ
3636 3674 3720 3709 κυ-

2173 3759 2381 3830 μάτων,
2407 3757 2434 3811 δ
2467 3755 2575 3826 πρὸ
2592 3755 2688 3810 τοῦ
2713 3755 2920 3819 πάθους
2945 3755 3494 3826 ἐθαυματούργησεν,
3514 3753 3724 3819 ἁποχερ-

2172 3852 2444 3922 σωθείσης
2477 3855 2543 3923 τῇ
2583 3851 2738 3922 βάσει
2783 3850 2885 3920 τῆς
2915 3849 3227 3919 ἐμφανείας
3269 3847 3368 3901 τοῦ
3412 3840 3722 3908 ὓδατος,καὶ

2170 3944 2261 3999 διὰ
2283 3945 2382 4014 τῆς
2413 3943 2691 4012 ἀσφαλοῦς
2727 3941 3051 4004 ἀντιτυπίας
3081 3939 3142 3992 τὸ
3176 3938 3325 3992 θεῖον
3357 3938 3502 4008 ίχνος
3533 3937 3724 4002 ἐπερει-

2170 4037 2391 4108 δούσης.
2450 4036 2591 4091 Ἀλλ’
2622 4034 2794 4089 ἐλθὼν
2845 4034 2978 4104 ἔστη
3029 4035 3112 4096 εἰς
3158 4032 3252 4086 τὸν
3286 4027 3551 4098 αἰγιαλὸν,
3600 4021 3722 4090 τάχα

2172 4124 2330 4180 τοῦτο
2368 4124 2606 4189 δεικνὺς,
2644 4123 2720 4186 ὡς
2751 4121 3188 4177 ἀποθανατισθέν
3222 4119 3327 4191 ἥδη
3366 4117 3428 4170 τὸ
3466 4111 3725 4187 πρόσλημ-

2176 4238 2251 4291 μα
2282 4220 2371 4273 διὰ
2398 4218 2499 4287 τῆς
2519 4217 2896 4281 ἀναστάσεως,
2924 4213 3028 4279 ἐξω
3047 4215 3146 4285 τῆς
3177 4209 3445 4284 βιωτικῆς
3475 4206 3726 4272 θαλάσσης

496 4301 618 4354 vita:
646 4301 783 4354 mari
813 4299 1074 4362 evasisse,
1107 4312 1206 4352 nec
1243 4286 1475 4367 amplius
1508 4296 1915 4351 inﬁrmitatibus
1945 4312 2067 4352 car-

2173 4286 2409 4380 ἐγένετο,
2454 4286 2640 4364 οὐκέτι
2697 4311 2819 4371 ταῖς
2870 4307 2971 4377 τῆς
3029 4305 3233 4376 σαρκὸς
3291 4301 3618 4363 ἀσθενείαις.
3659 4295 3725 4359 ὡς

498 4391 583 4446 nis
631 4390 776 4444 velut
821 4389 980 4443 undis
1015 4389 1346 4454 obnoxiam,
1403 4389 1498 4442 sed
1527 4387 1582 4441 in
1638 4387 2064 4458 incorruptionis

2176 4374 2799 4468 nugtaat'auvsxdpevov,
2824 4374 2938 4448 m‘
2965 4395 3022 4447 ἐν
3049 4374 3128 4465 τῷ
3149 4394 3389 4464 αίγιαλῷ
3412 4392 3510 4462 τῆς
3528 4387 3724 4458 άφθσρ·

494 4486 680 4540 littore
707 4482 1083 4537 constitutam.

588 4601 606 4634 ο
637 4577 782 4632 Dixit
811 4588 940 4643 ergo
971 4574 1051 4630 eis
1080 4573 1238 4629 Jesus
1276 4573 1499 4640 :Pueri,
1525 4574 1790 4644 numquid
1825 4573 2070 4644 pulmen-

497 4673 694 4727 tarium
747 4666 1001 4724 habetis?
1037 4684 1055 4718 ι
1103 4663 1432 4734 Simpliciter
1476 4665 1692 4734 quidem
1746 4679 1841 4722 eos
1897 4665 2070 4719 inter-

497 4778 689 4836 rogare
716 4761 950 4824 videtur,
980 4758 1074 4814 sed
1123 4757 1342 4827 oblique
1385 4767 1564 4812 tamen
1597 4757 2065 4827 imperfectionem

494 4873 706 4921 eorum,
767 4863 823 4910 et
881 4853 1134 4924 pusillum
1169 4853 1671 4920 inconstantemque
1695 4851 1933 4906 animum
1969 4867 2067 4905 ex-

496 4949 715 5023 probrat
752 4966 766 5002 :
809 4967 829 4999 ι
866 4947 1050 5014 Pueri,
1102 4946 1366 5016 numquid
1421 4944 1846 5016 pulmentarium
1907 4945 2070 5000 habe-

573 5095 618 5126 "
644 5094 799 5149 Joan.
832 5109 922 5148 xxi
944 5135 961 5162 ,
1006 5095 1039 5148 5
1069 5108 1223 5164 seqq.

2179 4489 2300 4552 σίας
2333 4490 2642 4558 ἱστάμενον.

2254 4597 2272 4628 ι
2307 4578 2468 4646 Λέγει
2495 4573 2589 4630 οὖν
2620 4576 2802 4640 αὐτοῖς
2826 4579 2853 4629 ὁ
2896 4574 3105 4646 Ἰησοῦς
3136 4592 3150 4608 ⁸
3171 4573 3397 4638 Παιδία,
3419 4575 3547 4644 μήτι
3573 4585 3726 4642 προσ-

2177 4671 2371 4740 φάγιον
2430 4668 2624 4738 ﬁxere;
2698 4687 2719 4720 ›
2788 4667 3091 4730 Ἀπλοῖκῶς
3142 4667 3241 4736 μὲν
3301 4666 3384 4738 τῷ
3447 4682 3511 4736 γε
3567 4662 3727 4717 δοκεῖν

2175 4763 2322 4814 ποιεῖ
2366 4761 2463 4832 τὴν
2509 4758 2803 4832 ἐρώτησιν,
2857 4758 3193 4814 καθάπτεται
3222 4775 3289 4827 γε
3338 4758 3451 4829 μὴν
3504 4753 3728 4823 πλαγίως

2176 4857 2237 4909 τὸ
2262 4855 2459 4918 ἀτελὲς-
2476 4854 2658 4907 αὐτῶν
2679 4853 2977 4917 ὁνειδὲζων,
3001 4852 3097 4906 καὶ
3121 4850 3407 4918 ἀϐέϐαιον,
3440 4849 3536 4905 καὶ
3557 4861 3728 4916 νηπιο·

2177 4946 2408 5018 πρεπές.
2455 4944 2705 5010 «Παιδία,
2749 4945 2882 5016 μήτι
2914 4944 3257 5016 προσφάγιον
3293 4942 3450 5015 ἔχετε
3479 4959 3495 5010 ;
3529 4959 3550 4994 ι
3602 4940 3727 5008 Ὅρα

1726 5186 2046 5250 Francisci
2081 5188 2289 5249 Scorsi
2328 5191 2516 5248 notas.

575 5329 686 5403 (57)
718 5330 959 5403 Andreas
1002 5328 1358 5403 «Philippus.
1411 5328 1710 5384 Probabilis
1764 5342 1894 5403 sane
1923 5342 2056 5382 con-

496 5399 735 5466 iectura,
768 5401 822 5453 in
847 5415 1007 5468 Quam
1040 5400 1201 5452 etiam
1225 5400 1558 5454 Maldouattrs
1595 5410 1780 5453 noster
1801 5399 2056 5468 indui-tus

499 5488 564 5526 ex
594 5487 659 5525 eo
688 5471 830 5540 quod
868 5467 1177 5540 Bcthsaidze
1231 5471 1430 5540 nterim
1483 5473 1862 5540 Amtreas,‘et
1927 5467 2054 5540 ίξιιί-

501 5537 790 5608 Ιίριηιεξοι
823 5541 973 5594 locus
1006 5539 1094 5590 ubi
1116 5547 1238 5592 tiinc
1272 5539 1324 5593 hi
1355 5540 1602 5608 discipuli
1637 5539 1703 5592 ad
1735 5537 2054 5608 piscantium

463 5607 726 5678 .prOfecti
775 5618 932 5664 erant
985 5609 1315 5664 Bethsaida:
1379 5610 1448 5663 ibi
1496 5607 1649 5662 enim
1712 5607 2054 5676 piscatoriam

501 5678 848 5736 exercebant.
882 5678 1050 5737 Favet
1101 5680 1264 5734 etiam
1317 5689 1554 5743 etvmntn
1611 5678 1911 5734 Bcthsaidac
1952 5685 2057 5736 ιη’-..ι

2161 5335 2299 5384 τινες
2352 5324 2546 5378 Domus
2619 5324 2929 5386 venationis,
2987 5321 3244 5377 nimirum
3301 5315 3723 5390 piscatoriae,‘sic

2164 5399 2307 5449 enim
2363 5394 2684 5463 Euthytnius
2736 5412 2750 5446 :

2164 5479 2236 5518 est
2291 5466 2378 5518 ubi
2433 5461 2612 5518 venari
2675 5464 2909 5516 solebant
2962 5465 3150 5528 pisces,
3209 5463 3389 5529 sicque
3424 5474 3600 5515 vocata
3652 5461 3722 5508 est

2165 5538 2338 5600 pun-ia
2378 5535 2521 5590 Petri
2562 5545 2608 5589 et
2631 5533 2854 5588 Andreae
2876 5543 3072 5600 ;.eraut
3109 5534 3243 5588 enim
3279 5531 3355 5588 ibi
3381 5533 3531 5587 multi
3559 5529 3720 5599 pisca-

2167 5616 2325 5661 ιυτεδ.

2816 5393 3039 5446 Domum
3071 5387 3407 5462 piscatiouis,
3444 5391 3616 5454 vertit,
3639 5387 3723 5462 hoc
