4018 6206
353 252 460 316 62-3

1652 255 1980 314 liOMlLlA
2023 257 2286 320 XXXVI.

3503 265 3610 329 69$

357 366 472 424 πῶς
542 365 980 434 κεκαλυμμένως
1050 366 1408 437 ἐπιπλήττει,
1475 367 1664 419 παιδία
1736 366 1930 427 καλῶν,

2049 367 2147 421 tis?
2189 389 2205 420 ι
2256 369 2386 425 Vide
2417 389 2578 442 quam
2612 385 2755 430 recte
2815 379 3195 448 reprehendat,
3232 394 3355 434 cum
3408 393 3609 448 pueros

353 457 542 526 ἑπῖιδὴ
595 456 830 526 παιδικῷ
890 459 1229 528 ποιχοῦντες
1289 459 1623 529 φρονήματι,
1662 456 1804 511 οὕτω
1833 458 1932 525 τῆς

352 549 697 617 Δεσποτικῆς
723 549 1076 614 διδασκαλίας
1119 552 1526 623 ἐπιλαθόμενοι,
1571 551 1666 604 ἐπὶ
1714 550 1775 604 τὸ
1807 549 1932 601 σύν-

349 639 478 708 ηθες
528 640 962 711 ἐπαλινόστησαν
1015 642 1374 715 ἐπιτήδευμα.
1425 643 1489 696 Τί
1546 645 1692 714 γάρ,
1746 647 1931 713 (msh),

351 732 648 784 ἁπὼνασθε
701 733 802 802 τῆς
858 735 1100 804 ματαίας
1134 737 1373 806 σπουδῆς
1399 757 1413 804 ;
1439 738 1530 808 Μὴ
1561 739 1670 806 γάρ
1706 738 1936 807 ἐκερδή-

351 821 484 875 σατέ
515 839 567 875 τι
602 826 1148 897 ματαιοπονήσαντες
1185 827 1253 880 δι’
1297 828 1423 896 ὅλης
1457 828 1690 894 νυκτός;
1740 829 1804 880 Τί
1841 825 1933 880 οὗν

347 917 400 966 οἰ
440 915 722 983 μαθηταίς
785 916 1140 986 Ὀμολογοῦσι
1186 919 1247 973 τὸ
1295 919 1514 990 ἀληθὲς,
1553 921 1647 973 καὶ
1699 921 1757 974 τὸ
1789 921 1932 989 ἔχειν

347 1024 400 1059 τι
472 1009 743 1076 άγρευθὲν
813 1010 1227 1065 άπαναίνονται.
1300 1013 1636 1083 Ἀναμνῆσαι
1683 1013 1778 1067 οὖν
1845 1014 1932 1066 τὸν

349 1099 560 1168 Πέτρον
611 1100 956 1172 βουλόμενος,
1010 1103 1086 1166 ὡς
1123 1103 1288 1168 αὐτὸς
1320 1107 1406 1174 εἴη
1441 1108 1468 1159 ὁ
1513 1107 1769 1176 άπαρχῆς
1833 1107 1932 1176 τῆς

351 1191 671 1258 μαθήσεως,
709 1193 790 1254 εἰς
821 1194 880 1246 τδ
925 1195 1113 1248 πλοῖον
1149 1197 1316 1252 αὐτοῦ
1371 1197 1652 1262 εἰσελθὼν,
1706 1200 1797 1252 καὶ
1847 1217 1936 1252 κε-

347 1279 550 1346 λεύσας
607 1286 979 1354 ἐπαναγαγεῖν
1010 1288 1074 1342 ἐκ
1107 1290 1205 1358 τῆς
1248 1289 1376 1358 γῆς,
1435 1291 1529 1344 καὶ
1585 1292 1820 1362 χαλάσαι
1871 1293 1933 1346 τδ

345 1374 588 1435 δίκτυον,
619 1375 715 1428 καὶ
747 1377 1038 1430 συλλαϐεῖν
1077 1379 1279 1448 πλῆθος
1335 1381 1533 1452 ἰχθύων
1576 1382 1711 1436 πολύ
1739 1399 1754 1412 ·
1805 1384 1933 1436 ἐπι-

344 1467 536 1520 τάττει
571 1469 792 1536 βάλλειν
831 1470 924 1521 ἐπὶ
979 1472 1048 1526 τά
1099 1471 1251 1538 δεξιά
1296 1474 1436 1546 μέρη
1481 1474 1576 1528 τοῦ
1635 1476 1820 1529 πλοίου
1873 1476 1934 1528 τὸ

342 1557 568 1611 δίκτυον
593 1576 607 1590 ·
639 1560 737 1629 οὐχ
767 1563 849 1614 ὅτι
877 1563 1122 1631 ἐπέγνων
1143 1565 1226 1627 τίς
1244 1560 1310 1637 ἦν
1342 1567 1370 1619 ὁ
1399 1568 1700 1623 ἐπιτάττων
1727 1571 1930 1635 αὐτοῖς,

345 1650 468 1703 ἀλλ’
511 1651 594 1704 ὅτι
627 1651 746 1705 θεία
771 1670 854 1716 τις
882 1653 1111 1725 δύναμις
1143 1659 1259 1720 τοῖς
1307 1657 1404 1711 τοῦ
1439 1659 1696 1731 Σωτῆρος
1752 1661 1932 1729 λόγοις

346 1742 609 1809 ἐφείπετο
634 1745 838 1814 ἔρωτα,
890 1748 983 1800 καλ⁸
1010 1748 1184 1802 πειθὼ
1230 1751 1352 1815 ταῖς
1396 1751 1630 1820 ἀγαθαῖς
1659 1753 1932 1808 ἐντιθεῖσα

345 1832 574 1902 ψυχαῖς.
637 1855 655 1888 ι
693 1837 960 1892 Ἐϐαλλον
1013 1837 1108 1892 οὖν
1146 1840 1227 1904 εἰς
1283 1842 1353 1896 τὰ
1407 1843 1557 1908 δεξιὰ
1610 1845 1774 1915 μέρη,
1835 1846 1932 1900 καὶ

346 1928 534 1980 οὐκέτι
566 1929 699 1983 αὐτὸ
731 1930 964 1986 ὲλκῦσαι
1005 1934 1233 2004 ἴσχυσαν
1264 1935 1373 1990 άπὸ
1400 1936 1496 1991 τοῦ
1534 1937 1774 2009 πλήθους
1819 1940 1930 1993 τῶν

348 2017 571 2087 ἰχθύων.
612 2039 632 2072 ι
679 2021 742 2073 Ὤ
784 2020 877 2075 τοῦ
903 2021 1183 2094 θαύματος
1216 2025 1440 2098 καὶτῆς
1487 2028 1718 2098 ἀπείρου
1771 2029 1931 2084 δυνά-

347 2127 502 2179 μεως
540 2112 636 2165 τοῦ
668 2113 1028 2179 κελεύσαντος
1056 2117 1070 2171 l
1127 2119 1176 2171 οξ
1221 2117 1291 2172 δι’
1325 2117 1454 2189 ὅλης
1484 2121 1584 2190 τῆς
1613 2121 1807 2185 νυκτὸς
1836 2140 1931 2177 κου

346 2204 668 2268 πιάσαντες,
729 2207 826 2260 καὶ
874 2208 1042 2278 μηδὲν
1088 2209 1148 2263 τὸ
1202 2213 1470 2284 παράπαν
1537 2215 1930 2287 ἀγρεύσαντες,

342 2295 462 2350 οὐδ’
490 2297 720 2352 mam
748 2299 810 2353 τὸ
835 2300 1054 2355 δίκτυον
1076 2304 1142 2357 ἐκ
1175 2303 1271 2358 τοῦ
1307 2304 1549 2376 πλήθους
1584 2307 1695 2363 τῶν
1726 2310 1930 2380 ἀγρευ-

344 2387 554 2443 θέντων
607 2392 878 2462 ἐξίσχυον.
923 2395 1097 2449 Τοῦτο
1157 2397 1218 2450 τὸ
1264 2397 1458 2466 μέλλον
1501 2401 1786 2470 ᾐνίττετο,
1833 2405 1930 2458 καὶ

343 2477 414 2530 τὰ
463 2479 699 2549 ἐσόμενα
729 2484 1109 2552 προεικὸνιζεο
1147 2485 1394 2540 θάλασσα
1438 2488 1538 2559 μὲν
1590 2489 1699 2562 γάρ
1752 2493 1780 2546 ὀ
1817 2491 1933 2562 βίος

343 2565 502 2632 οὗτός
545 2574 714 2637 ἐστιν,
768 2577 796 2628 ὁ
829 2579 942 2639 τοῖς
989 2576 1418 2648 άλλεπαλλήλοις
1451 2587 1779 2654 πειρασμοῖς
1835 2603 1933 2639 κυ-

344 2663 690 2732 ματούμενος
718 2682 733 2697 ο
789 2667 886 2733 νὺξ
942 2667 1022 2732 δέ,
1073 2670 1194 2722 καθ’
1228 2669 1297 2740 ἢν
1335 2672 1610 2741 ἄπρακτοι
1641 2675 1934 2742 γεγόνασιν

345 2753 709 2822 ἀγρεύοντες,
769 2759 797 2809 ὁ
855 2758 961 2828 πρὸ
1015 2759 1112 2828 τῆς
1172 2761 1470 2830 ἐπιδημίας
1528 2762 1624 2817 τοῦ
1677 2766 1934 2836 Σωτῆρος

346 2845 562 2916 καιρὸς.
623 2849 744 2900 καθ’
791 2849 859 2918 ἢν
916 2849 1088 2904 πολλὰ
1142 2852 1414 2916 κοπιάσας
1468 2853 1577 2907 τῶν
1631 2858 1930 2925 προφητῶν

339 2939 369 2987 ὁ
402 2939 728 3006 κατάλογος,
764 2939 859 2993 καὶ⁸
890 2941 982 2994 τὸν
1014 2943 1114 3012 τῆς
1153 2941 1507 3008 διδασκαλίας
1551 2944 1697 3000 λίνον
1725 2947 1936 3016 χαλῶνς

2043 473 2214 524 vocet,
2256 465 2512 534 quoniam
2548 469 2738 536 puerili
2769 471 3001 538 quodam
3046 486 3210 525 sensu
3258 471 3404 526 ducti
3436 486 3609 540 usque

2035 553 2174 608 adeo
2203 555 2463 610 doctrina:
2494 557 2704 613 Domini
2737 560 2886 616 obliti
2924 560 3159 627 fuerant,
3201 571 3261 617 ut
3290 574 3608 618 consuetum

2035 647 2273 701 studium
2309 656 2361 702 et
2384 650 2830 707 exercitationem
2882 665 3202 724 repeterent.
3244 656 3382 722 Quid
3439 659 3607 720 enim,

2038 738 2232 806 inquit,
2260 755 2324 794 ex
2359 757 2497 795 vano
2528 745 2628 800 hoc
2680 746 2860 800 studio
2903 736 3246 816 proflat-istis?
3277 749 3357 800 An
3405 748 3608 816 aliquid

2039 831 2172 886 lucri
2233 846 2298 886 ex
2333 832 2490 888 irrito
2515 837 2688 891 noctis
2725 839 2893 892 totius
2952 839 3137 894 labore
3183 839 3429 894 fecistis?
3472 840 3610 907 Quid

2034 923 2203 991 igitur
2234 926 2522 996 discipuli?
2556 927 2612 982 id
2649 929 2790 998 quod
2821 945 2908 984 res
2930 941 3068 996 erat,
3119 931 3391 996 fatentur;
3427 944 3480 987 et
3513 932 3612 984 ali-

2036 1015 2165 1083 quid
2202 1031 2322 1070 csse
2347 1032 2405 1071 se
2435 1019 2746 1088 expiscatos
2774 1031 2994 1090 negant.
3030 1021 3199 1090 Igitur
3229 1033 3287 1076 ut
3318 1023 3368 1075 in
3402 1038 3610 1076 memo-

2041 1107 2176 1159 riam
2206 1107 2366 1162 Petro
2424 1123 2727 1176 revocaret,
2758 1127 2878 1168 esse
2904 1129 2962 1169 se
3011 1113 3158 1167 illum
3190 1115 3462 1176 euuulem,
3516 1114 3608 1183 qui

2029 1197 2140 1267 jam
2199 1197 2266 1252 ab
2315 1199 2493 1266 initio,
2534 1218 2657 1256 cum
2701 1205 2995 1274 discipulos
3050 1205 3329 1275 elegisset,
3381 1205 3433 1258 in
3491 1205 3610 1271 ejus

2037 1291 2340 1346 naviculam
2372 1304 2516 1348 esset
2543 1297 2841 1366 ingressus,
2877 1307 2930 1352 et
2965 1308 3108 1352 terra
3156 1299 3436 1360 reducere,
3469 1308 3524 1352 et
3556 1300 3608 1352 in

2035 1394 2316 1453 capturam
2354 1387 2492 1441 retia
2539 1387 2726 1444 laxare
2765 1388 3043 1458 jussisset,
3079 1400 3244 1460 atque
3291 1390 3362 1444 ita
3399 1391 3611 1460 ct-[isse

2002 1484 2006 1488 '
2035 1491 2130 1530 eos
2162 1478 2390 1546 piscium
2425 1479 2824 1535 multitudinem
2858 1484 3158 1552 copiosam,
3195 1483 3450 1552 prmccpit
3481 1482 3608 1534 mit-

2038 1577 2148 1621 tere
2207 1569 2261 1622 iu
2313 1570 2593 1624 dexteram
2662 1573 2859 1642 navigii
2907 1582 3055 1639 rete;
3109 1588 3216 1627 nou
3271 1574 3438 1643 quod,
3489 1572 3611 1642 quis

2036 1666 2202 1723 esset,
2260 1659 2351 1726 qui
2407 1660 2456 1714 id
2500 1660 2817 1730 prmciperet
2861 1665 3260 1734 cognovissent,
3318 1664 3414 1718 sed
3467 1662 3609 1732 quod

2037 1750 2219 1806 divina
2247 1752 2497 1822 quaedam
2527 1753 2578 1808 in
2611 1752 2824 1808 Domini
2860 1769 3114 1810 sermone
3145 1756 3226 1811 vis
3260 1755 3459 1821 iuerat,
3488 1771 3612 1825 qua:

2035 1859 2276 1899 amorem
2304 1843 2466 1898 simul
2498 1854 2551 1900 et
2603 1847 3009 1916 persuasionem
3053 1847 3212 1902 bonis
3255 1848 3452 1902 animis
3487 1849 3612 1916 inji-

2034 1937 2210 1992 ciebat
2253 1955 2266 1992 :
2311 1956 2329 1989 ι
2371 1937 2633 1992 Miseruut
2662 1953 2792 2008 ergo
2825 1939 2875 1992 in
2924 1939 3205 1994 dexteram
3251 1941 3475 2010 navigii,
3513 1954 3612 2007 not;

2031 2027 2140 2097 jam
2209 2013 2458 2084 valebant
2503 2030 2635 2086 illud
2692 2032 2910 2086 trahere
2963 2047 3073 2102 prae
3128 2031 3476 2087 multitudine
3531 2031 3614 2099 pi-

2032 2119 2229 2172 scium.
2269 2137 2287 2170 ι
2322 2119 2367 2174 0
2397 2120 2742 2184 miraculum,
2765 2133 2799 2176 ο
2827 2123 3072 2191 iubentis
3101 2123 3307 2178 inﬁnita
3332 2123 3608 2192 potentia!

2033 2209 2126 2278 qui
2173 2224 2294 2263 cum
2363 2219 2473 2264 tota
2529 2221 2686 2268 nocte
2730 2227 2787 2268 se
2815 2213 3156 2282 fatigassent,
3199 2213 3336 2268 nihil
3387 2213 3612 2268 omnino

2033 2299 2298 2369 piscando
2349 2313 2632 2371 ceperant,
2673 2321 2740 2358 ne
2791 2306 3010 2360 trahere
3061 2304 3281 2374 quidem
3334 2314 3450 2359 rete
3501 2317 3614 2372 pra:

2034 2403 2315 2460 captorum
2371 2395 2600 2463 piscium
2635 2397 2979 2452 multitudine
3009 2397 3283 2453 valebant.
3315 2395 3428 2451 Hoc
3474 2395 3614 2451 aani-

2034 2494 2215 2554 gmate
2262 2487 2743 2558 praesigiiiflcalum
2781 2499 2888 2553 est,
2925 2490 3068 2558 quod
3095 2497 3329 2544 venturo
3371 2497 3615 2558 tempere

2035 2575 2275 2632 futurum
2316 2590 2456 2634 erat.
2501 2579 2648 2636 Mare
2683 2582 2825 2636 enim
2873 2582 2988 2637 haec
3023 2581 3128 2634 vita
3176 2579 3298 2635 aliis
3329 2590 3452 2650 post
3481 2580 3620 2633 alias

2036 2672 2399 2726 tentationum
2453 2671 2712 2728 fluctibus
2769 2673 3009 2744 agitata;
3057 2689 3159 2727 nox
3216 2688 3368 2739 vero,
3422 2672 3620 2741 inqua

2034 2765 2345 2832 piscatores
2400 2766 2611 2821 irritam
2661 2782 2885 2837 operam
2940 2769 3330 2834 contulerunt,
3403 2777 3625 2838 tempus

2035 2853 2336 2912 Salvatoris
2377 2859 2672 2914 adventum
2730 2861 3065 2931 praecedens,
3095 2861 3147 2914 in
3175 2877 3278 2932 qua
3327 2877 3448 2916 cum
3477 2861 3617 2915 mul-

2039 2959 2151 3000 tum
2185 2947 2495 3004 laborasset
2543 2951 2933 3022 pr0phetarum
2970 2951 3379 3006 succedentium
3419 2952 3625 3019 series,L

339 3032 539 3084 οὐδένα
605 3029 752 3103 εἶχεν
811 3035 1161 3105 πειθόμενον.
1230 3037 1369 3108 ’Ἤδη
1427 3037 1486 3090 δὲ
1556 3042 1657 3110 τῆς
1715 3042 1929 3111 πρωτας

2036 3052 2091 3096 et
2121 3041 2383 3096 doctrinae
2414 3045 2545 3097 retia
2595 3043 2925 3106 demisisset,
2971 3043 3182 3099 fidelem
3231 3044 3470 3099 habuere
3519 3059 3620 3098 ne-

343 3124 638 3193 ἐνστάσης,
671 3126 760 3178 ὅτε
787 3127 919 3195 ἡμῖν
949 3128 1197 3200 ἐπεφάνη
1223 3128 1298 3192 ὡς
1328 3129 1387 3194 ἐξ
1435 3130 1704 3202 ἀνατολῆς
1750 3133 1926 3202 τάφου

343 3216 586 3286 ἀνίσχων
621 3217 720 3286 τῆς
775 3219 1130 3291 δικαιοσύνης
1163 3223 1190 3274 ὸ
1231 3221 1447 3288 Ἥλιος,
1479 3222 1543 3277 τὸ
1571 3225 1934 3294 εὖαγγελικὸν

339 3315 561 3394 δίκτυον
593 3316 643 3368 οἰ
686 3315 930 3386 μαθηταὶ
968 3316 1424 3385 ύφαπλώσαντες.
1455 3320 1554 3391 τὴν
1604 3323 1932 3394 οἰκουμένην

342 3384 527 3461 nisa;
561 3384 962 3478 ἐσαγήνευσαν,
989 3411 1057 3480 ῆν
1086 3411 1116 3463 ὁ
1149 3411 1386 3482 ἀριθμὸς
1410 3384 1522 3466 τῶν
1553 3384 1934 3484 ἀγρευθέντων

345 3502 550 3570 ἰχθύων
585 3502 911 3568 αἰνίττεται,
969 3505 1050 3566 εἰς
1097 3504 1224 3573 τρία
1275 3505 1370 3558 καὶ
1431 3507 1790 3578 πεντήκοντα,
1841 3509 1934 3562 καὶ

341 3596 541 3648 ἑκατὸν
595 3597 1032 3666 κορυφούμενος.
1075 3596 1136 3651 '0
1166 3597 1276 3668 γάρ
1311 3598 1510 3653 ἐκατδν
1547 3600 1803 3672 ἀριθμὸς,
1840 3605 1938 3658 καὶ

339 3689 692 3757 τετράγωνος
721 3687 821 3755 ῶν,
857 3693 952 3741 καὶ
1003 3688 1408 3760 πληρέστατος,
1459 3691 1535 3755 ὡς
1579 3693 1680 3762 τῆς
1709 3694 1936 3758 δεκάδος

341 3781 425 3838 είς
477 3778 650 3850 αὐτὴν
701 3779 1103 3851 κυκλουμένης.
1159 3780 1220 3834 τὸ
1269 3781 1549 3854 πλήρωμα
1599 3783 1710 3837 τῶν
1763 3785 1934 3840 ἐθνῶν

338 3871 408 3924 τὸ
458 3873 524 3924 ἐκ
575 3872 862 3944 τεσσάρων
909 3873 1013 3944 τῆς
1073 3873 1405 3945 οἰκουμένης
1466 3877 1722 3948 περάτων
1770 3897 1934 3932 πεπι-

341 3964 574 4027 στευκδς
607 3964 1009 4036 προῦπέφαινε.
1054 3965 1137 4017 Τά
1179 3965 1236 4017 δὲ
1295 3966 1662 4036 πεντήκοντα,
1711 3971 1838 4032 τοὺς
1870 3970 1934 4023 ἐκ

344 4057 657 4127 περιτομῆς
689 4056 1092 4120 πιστεύσαντας
1121 4058 1520 4128 προεικόνιζεν,
1564 4059 1642 4122 ὡς
1683 4062 1782 4130 τὴν
1828 4079 1933 4130 φυ-

339 4148 520 4218 λακην
561 4149 658 4219 τὴν
712 4150 866 4203 θείαν
911 4149 1144 4214 Δεκάδος
1198 4149 1308 4203 τῶν
1364 4151 1596 4206 ἐντολῶν
1658 4155 1934 4224 αἰσθητῶς

341 4240 816 4309 ἐκλαμϐάνοντας.
873 4242 1304 4313 Δεκαπλουμένη
1355 4244 1468 4314 γάρ
1527 4247 1558 4314 ὴ
1610 4248 1832 4312 πεντάς,
1898 4249 1931 4318 ἢ

344 4331 800 4401 πενταπλουμένη
853 4331 1125 4386 ἀνάπαλιν
1173 4334 1208 4403 ἡ
1261 4334 1424 4397 δεκάς
1469 4337 1637 4407 γεννᾷ
1674 4336 1766 4389 τὸν
1802 4355 1931 4391 πεν-

2038 3133 2238 3187 minem
2286 3132 2424 3203 (58).
2472 3132 2738 3189 Matutino
2807 3137 2901 3191 sed
2957 3138 3102 3191 enim
3155 3147 3398 3208 tempore
3449 3142 3619 3194 adve-

2037 3227 2240 3289 niente,
2275 3241 2397 3279 cum
2433 3241 2464 3282 e
2495 3227 2700 3282 tumulo
2723 3227 2869 3283 velut
2903 3244 2968 3284 cx
3013 3229 3228 3284 oriente
3267 3229 3490 3298 justitize
3525 3229 3624 3288 Sol

2034 3326 2258 3370 exortus
2297 3317 2454 3371 nobis
2481 3319 2752 3387 apparuit,
2781 3319 3033 3390 discipuli
3080 3331 3194 3377 rete
3238 3322 3618 3393 evangelicum

2034 3409 2393 3476 explicantes,
2445 3425 2661 3465 omnem
2708 3422 2906 3466 terram
2956 3429 3152 3483 sagena
3210 3423 3622 3482 pertraxerunt,

2035 3518 2197 3571 quam
2221 3501 2388 3574 254
2416 3517 2549 3558 sane
2575 3513 2858 3572 captorum
2887 3506 3114 3575 piscium
3145 3522 3429 3571 numerus,
3462 3506 3620 3575 quasi

2035 3593 2269 3662 quodam
2309 3595 2557 3665 symbolo
2598 3594 2860 3662 insinuat,
2894 3599 2959 3651 ad
3014 3597 3177 3652 trium
3231 3607 3285 3653 et
3333 3598 3622 3669 quinqua-

2035 3685 2184 3756 ginta
2208 3702 2371 3756 supra
2400 3696 2618 3742 centmn
2642 3703 2912 3742 summam
2945 3693 3227 3745 redactus.
3258 3689 3621 3746 Ccutcnarius

2036 3781 2180 3834 enim
2238 3795 2500 3834 numerus
2548 3797 2672 3836 cum
2710 3792 2766 3835 et
2807 3791 3126 3852 tctragonus
3169 3792 3225 3836 et
3273 3782 3624 3852 plenissimus

2036 3875 2107 3928 sit
2139 3873 2273 3943 (59),
2330 3883 2518 3943 utpote
2550 3889 2714 3944 quem
2773 3877 2935 3930 ducas
2964 3875 3020 3930 in
3074 3891 3132 3931 se
3183 3876 3351 3946 ipsam
3384 3876 3638 3932 circum

2034 3965 2214 4021 Voluta
2245 3966 2521 4033 conficiat,
2558 3967 2798 4033 gentimn
2853 3967 3242 4036 plenitudinem
3285 3983 3350 4023 ex
3387 3977 3628 4039 quatuor-

2039 4065 2195 4110 terrze
2234 4057 2399 4110 totius
2435 4056 2630 4110 finibus
2685 4057 2750 4112 ad
2807 4057 2964 4111 fidem
3012 4059 3300 4112 adductam
3352 4074 3632 4128 prmmons

2036 4146 2252 4200 stravit.
2285 4146 2799 4216 Quinquageuarius
2826 4160 2957 4201 vero
2985 4161 3079 4201 eos
3105 4147 3196 4216 qui
3228 4162 3298 4202 ex
3325 4145 3636 4203 οἰωνοῖσί-ι

2038 4239 2192 4294 sione
2223 4239 2594 4304 crediderunt,
2653 4240 3044 4308 prmilguravit,
3090 4239 3180 4308 qui
3222 4247 3619 4309 praceptorum

2041 4329 2288 4397 Decalogi
2346 4328 2646 4383 custodiam
2703 4344 2730 4382 a
2802 4329 2911 4383 Deo
2963 4329 3315 4385 commissam
3372 4325 3622 4382 sensibili

339 4425 607 4494 τήκοντα,
637 4424 976 4492 σημαίνοντα
1024 4426 1125 4495 τὴν
1165 4427 1402 4480 πεντάδα
1454 4427 1562 4480 τῶν
1589 4428 1922 4500 αἰσθήσεων,

2039 4420 2200 4474 modo
2235 4428 2587 4489 acceperunt.
2640 4418 2892 4488 Quinque
2943 4420 3090 4474 enim
3151 4418 3336 4473 decies
3367 4415 3628 4486 multipli-

341 4514 442 4567 καὶ
473 4515 572 4582 τὴν
609 4514 811 4568 δεκάδα
854 4515 966 4569 τῶν
1005 4515 1258 4571 ἐντολῶν.
1300 4517 1382 4570 Τὰ
1419 4517 1546 4587 τρία
1586 4517 1665 4583 δὲ,
1711 4519 1812 4590 τὴν
1845 4521 1926 4583 είς

340 4606 446 4675 τὴν
492 4605 703 4671 Τριάδα
767 4607 953 4660 πίστιν
1006 4607 1196 4676 δηλοῖ,
1253 4609 1378 4679 ἣτις
1437 4610 1804 4682 ἐνοποιήσασα
1860 4610 1930 4666 τὰ

339 4698 630 4761 διεστῶτα,
673 4698 754 4761 είς
786 4697 917 4767 μίαν
955 4697 1285 4769 Ἐκκλησίαν
1337 4699 1548 4764 πάντας
1598 4703 1929 4770 συνήγαγεν.

342 4787 469 4838 Ὀτι
521 4785 578 4838 δὲ
631 4786 659 4837 ὁ
719 4784 954 4853 ἀριθμὸς
1010 4786 1120 4839 τῶν
1156 4788 1537 4854 άγρευθέντων
1589 4789 1790 4860 ἰχθύων
1835 4791 1929 4844 τον

341 4877 465 4930 ὅλον
515 4876 616 4945 τῆς
660 4875 992 4945 Ἐκκλησίας
1047 4877 1368 4946 πληθυσμὺν
1431 4883 1770 4951 προεμήνυε,
1832 4883 1926 4935 καὶ

340 4970 410 5021 ἐκ
449 4969 548 5040 τῆς
579 4969 722 5024 κατά
751 4969 852 5040 τὴν
912 4969 1214 5023 Ῥεϐέκκαν
1267 4971 1512 5042 ἱστορίας
1557 4972 1674 5026 ἔστι
1706 4975 1924 5043 μαθεῖν,

2037 4517 2168 4580 cati,
2195 4525 2250 4568 et
2280 4529 2488 4568 rursum
2525 4513 2710 4567 decem
2755 4512 3071 4582 quinquies,
3101 4510 3496 4582 quinquaginta
3539 4511 3636 4582 gi;

2037 4616 2230 4676 guunt,
2281 4605 2372 4674 qui
2417 4619 2676 4659 numerus
2711 4603 2908 4674 quinos
2939 4619 3153 4670 sensus,
3203 4611 3258 4658 et
3290 4604 3428 4658 dena
3483 4617 3620 4670 pra:-

2037 4707 2189 4766 cepta
2222 4695 2513 4760 significat.
2541 4694 2837 4750 Teruarius
2868 4710 2995 4750 vero
3029 4695 3188 4749 Iidem
3211 4695 3264 4748 in
3292 4691 3617 4747 Trinitatem

2037 4789 2296 4851 ostendit,
2331 4803 2452 4857 quae
2481 4802 2612 4842 sane
2634 4787 2824 4842 dissita
2854 4787 2906 4840 in
2932 4801 3098 4840 unum
3128 4799 3350 4853 cogens,
3374 4783 3428 4836 in
3451 4797 3629 4836 unam

2037 4897 2228 4935 omnes
2259 4879 2959 4950 Ecclesiam_cougregavil.
3007 4877 3160 4944 Quod
3193 4890 3322 4932 vero
3370 4876 3459 4930 hic
3523 4889 3626 4930 ca-.

2035 4985 2252 5044 ptorum
2315 4971 2542 5041 piscium
2605 4984 2864 5026 numerus
2919 4965 3324 5022 multitudinem
3354 4964 3630 5024 Ecclesia

1582 5088 1911 5150 Francisci
1946 5088 2158 5151 Scorsi
2194 5094 2381 5150 notua.

413 5216 530 5286 (58)
562 5213 819 5286 Fidelem,
846 5213 1093 5286 habuere,
1122 5215 1396 5270 neminem.
1437 5215 1686 5282 Quamvis
1734 5217 1872 5270 enim
1901 5258 1917 5280 ,

341 5285 523 5355 inquit
542 5285 984 5356 Tlteopltylactus
1005 5285 1058 5337 iu
1085 5285 1222 5338 hunc
1240 5286 1436 5348 locum,
1463 5303 1526 5340 ex
1541 5303 1647 5356 quo
1669 5289 1917 5342 eamdem

336 5359 495 5413 elisit
534 5357 647 5424 ipse
678 5355 1013 5424 allegoriam,
1060 5370 1126 5409 ac
1160 5356 1352 5408 mirum
1383 5357 1436 5411 ni
1470 5373 1496 5412 a
1530 5355 1736 5424 nostro,
1772 5358 1923 5421 cuius

341 5444 478 5483 n-ss.
516 5426 658 5496 apud
694 5441 753 5480 se
789 5426 1068 5497 habuerit,
1101 5427 1458 5495 desumptam,
1499 5443 1620 5483 eum
1652 5430 1922 5497 posterius

338 5515 365 5553 s
406 5495 658 5562 ripsei-it,
723 5503 781 5550 ut
840 5511 905 5549 ex
974 5495 1208 5551 Proteui.
1273 5511 1324 5558 v,
1359 5497 1560 5564 disput.
1619 5495 1850 5551 constat.
1908 5519 1921 5553 ε

340 5574 368 5630 ι
394 5568 599 5620 uamvis
620 5566 802 5633 igitur,
829 5582 984 5619 unam
1009 5576 1209 5636 gentem
1233 5567 1585 5620 Israeliticam
1603 5568 1922 5622 conclusisse

337 5641 394 5692 in
449 5648 644 5704 sugena
692 5637 1024 5708 ridebantur,
1062 5649 1235 5691 tamen
1277 5638 1401 5708 quia
1445 5646 1494 5689 et
1542 5637 1652 5690 [nec
1696 5638 1918 5691 subinde

340 5711 414 5762 ad
472 5707 834 5762 idololatrian:
891 5707 1131 5774 redibat,
1183 5706 1316 5763 nihil
1371 5706 1507 5768 forte
1555 5711 1914 5772 apprehende-

2027 5226 2171 5272 runt.

2102 5289 2217 5358 (59)
2258 5289 2392 5344 Cum
2426 5297 2475 5342 et
2525 5295 2864 5356 tetragonus,
2903 5293 2953 5339 et
2989 5284 3328 5358 plenissimus
3371 5284 3460 5338 sit.
3501 5282 3628 5348 Qua-

2033 5356 2242 5414 ratione
2272 5359 2623 5436 centenarius
2650 5371 2908 5436 numerus
2943 5365 3254 5436 leti-agentis
3269 5356 3620 5436 illigatur-fa-

2039 5429 2387 5484 tiocinatione
2419 5427 2636 5504 colliges
2663 5442 2726 5481 ex
2781 5427 2926 5480 hom.
2970 5424 3062 5504 εξ..
3088 5423 3220 5504 not:
3265 5423 3392 5504 Q00,
3430 5423 3518 5478 ubi
3549 5423 3620 5504 de

2035 5514 2262 5552 numero
2287 5499 2504 5575 senario
2533 5498 2778 5575 egimus;
2813 5512 2909 5564 par
2931 5496 3073 5575 enim
3097 5494 3260 5575 estin
3289 5494 3390 5575 hac
3412 5494 3620 5575 conati:

2033 5570 2230 5622 tuemla
2266 5569 2455 5644 ﬁgura
2502 5563 2641 5622 ratio
2689 5563 3045 5644 centenarii,
3081 5573 3145 5644 et_
3192 5565 3244 5617 in
3290 5563 3435 5644 [tunc
3471 5564 3618 5644 cadit

2028 5639 2215 5692 eadem
2248 5639 2517 5708 definitio,
2545 5652 2706 5710 quam
2741 5653 2806 5694 ex
2839 5635 3101 5704 Euclidis,
3132 5634 3167 5692 Ι.
3199 5649 3294 5701 vn,
3329 5632 3403 5690 ibi
3434 5634 3628 5706 posui—-

2026 5723 2167 5764 tuus.
