3974 6220
369 269 472 336 701

1682 279 2013 342 l-IOMlLlA
2050 269 2322 346 xxxvt.

3535 283 3636 346 '70?

372 387 560 457 μάτων
610 384 999 452 μεταχωρῆσαι
1045 384 1123 445 εἰς
1152 383 1314 452 φύσιν
1347 383 1636 455 θεότητοςο
1668 387 1786 440 ἀλλ’
1837 388 1941 439 ἔστι

2059 390 2227 462 lingat
2267 390 2483 460 corpori
2524 391 2588 445 de
2632 402 2771 446 terra
2803 400 3039 457 sumpto,
3083 402 3137 447 et
3164 392 3423 463 quidquid
3470 394 3635 450 etiam

370 481 470 551 μὲν
490 481 658 543 θεῖον,
691 478 879 549 ἐπειδὴ
907 477 1043 530 Θεοῦ
1071 479 1229 548 σῶμά
1256 482 1426 532 ἐστιν·
1447 481 1505 534 οὗ
1529 483 1638 550 μὴν
1664 482 1763 552 τὴν
1791 483 1954 551 φύσιν

370 572 697 642 μετέϐαλεν.
733 571 936 641 Ἰχθύος
963 572 1018 624 δὲ
1043 573 1242 642 τρόπον
1273 575 1330 624 ἐν
1355 576 1420 644 τῇ
1448 574 1540 626 τοῦ
1566 575 1682 645 βίου
1708 577 1952 646 θαλάσσῃ

364 665 758 718 ἐπολιτεύσατο
820 667 922 735 τῆς
995 666 1248 736 ἁλμυρᾶς
1323 668 1600 737 ἁμαρτίας
1667 669 1954 737 διαμεῖναν

362 757 654 826 ἀμέτοχον.
727 755 817 808 Ἑν
869 755 1050 826 καιρῷ
1104 757 1161 808 δὲ
1215 756 1311 810 τοῦ
1389 758 1601 820 πάθους
1665 759 1954 828 δεχόμενος

358 850 427 900 τά
460 847 630 918 μύρια
663 845 782 912 εἴδη
814 847 926 899 τῶν
959 847 1196 918 ὕϐρεων,
1230 851 1443 917 ἄφωνος
1473 845 1562 920 ἦν,
1593 851 1693 903 οὐκ
1732 851 1949 919 ἐρίζων,

356 936 471 988 οὐδ’
502 935 822 1001 ἀντιλέγων,
850 935 959 987 οὐδ’
1006 937 1370 1005 ἀμυνόμενος,
1410 939 1530 991 οὐδὲ
1560 940 1729 1001 ἀνείς.
1767 939 1952 991 ’Ἑτοι-

361 1044 468 1097 μος
498 1027 686 1098 ἄρτος.
719 1026 779 1079 ὃν
805 1025 928 1078 οὔτε
961 1028 1176 1096 ἄροσις,
1211 1027 1336 1082 οὔτε
1377 1030 1555 1101 σπορὰ
1585 1029 1901 1100 ἐγειῦργησε
1935 1045 1949 1060 ·

361 1121 512 1188 μόνῳ
541 1118 596 1170 δὲ
649 1117 908 1188 παρήχθη
951 1117 1028 1187 τῷ
1058 1119 1152 1170 τοῦ
1187 1120 1449 1184 τάξαντος
1490 1119 1743 1189 νεύματι.
1781 1121 1953 1173 Αὐτὸν

358 1212 574 1263 ἐκεῖνον
603 1210 796 1274 ἐδήλου
822 1210 918 1263 τὸν
965 1211 1220 1280 οὐράνιον
1265 1214 1450 1284 ἄρτον,
1487 1214 1578 1266 τὸν
1605 1213 1817 1268 ἄνωθεν
1852 1214 1952 1284 μὲν

356 1300 719 1361 κατελθόντα,
774 1301 834 1353 ὲν
883 1304 948 1372 τῇ
980 1305 1048 1373 γῇ
1081 1302 1137 1356 δὲ
1177 1307 1496 1372 γενόμενον,
1537 1305 1655 1376 ὃνή
1693 1306 1952 1376 ἀσπόρως

359 1391 462 1445 καὶ
485 1392 753 1461 ἀνήροτος
792 1392 893 1461 τῆς
916 1391 1198 1462 Παρθένου
1221 1395 1385 1464 νηδὺς
1411 1395 1770 1467 ἀγεώργητος
1800 1397 1951 1450 ἐϐλά·

355 1499 583 1552 στησεν.
614 1481 774 1536 υῦτω
806 1483 906 1552 μὲν
931 1478 1024 1536 οὖν
1059 1483 1222 1536 αὐτὸν
1249 1485 1458 1538 ἐκεῖνον
1490 1486 1558 1540 τὰ
1596 1487 1951 1557 παραχθέντα

353 1573 648 1636 είκόνιζον.
697 1573 836 1626 Καθ’
877 1573 1066 1644 ἕτερον
1097 1574 1153 1628 δὲ
1177 1575 1335 1643 λόγον
1360 1594 1374 1608 ·
1423 1577 1612 1647 ἐπειδὴ
1659 1578 1950 1646 ἐξαγαγεῖν

354 1667 557 1730 αὐτοὺς
591 1664 848 1718 ἐϐούλετο
882 1665 1018 1734 πρὸς
1057 1665 1118 1718 τὸ
1146 1669 1433 1737 κήρυγμα,
1464 1668 1532 1720 τὰ
1558 1668 1659 1736 τῆς
1691 1668 1947 1722 διδασκα-

353 1759 480 1822 λίας
521 1759 710 1820 αὐτοῖς
754 1757 1000 1810 δείκνυσι
1037 1758 1304 1827 σύμϐολα.
1344 1759 1404 1813 Ὀ
1431 1759 1541 1830 γὰρ
1587 1760 1948 1827 εὐαγγελικὺς

353 1849 536 1918 λόγος,
568 1852 684 1912 τοῖς
717 1848 815 1919 μὲν
847 1849 1060 1917 γίνεται
1107 1849 1218 1919 πῦρ
1239 1866 1253 1883 ο
1290 1851 1426 1919 φησι
1453 1849 1563 1922 γὰρ
1621 1854 1649 1906 ὁ
1700 1851 1906 1922 Κύριος
1929 1869 1943 1882 ο

361 1959 380 1992 ι
421 1940 542 2009 Πῦρ
597 1935 763 2011 ἦλθον
793 1938 1012 2008 βάλλειν
1041 1940 1136 1992 ἐπὶ
1162 1939 1262 2008 τῆς
1285 1940 1388 2011 γῆς
1417 1956 1433 1973 ο
1475 1960 1494 1994 ι
1527 1943 1641 2006 τοῖς
1670 1942 1726 1995 δὲ
1760 1942 1948 2014 ἄρτος,

351 2035 466 2096 τοῖς
495 2032 552 2084 δὲ
588 2032 762 2101 ἰχθὺς,
792 2031 869 2102 τῷ
900 2031 1171 2084 πολυειδεῖ
1195 2035 1291 2102 τῆς
1325 2035 1618 2102 ποιότητος
1666 2037 1808 2089 κατὰ
1848 2035 1949 2097 τὰς

349 2123 465 2176 τῶν
492 2122 801 2192 δεχομένων
841 2122 1322 2193 ὲπιτηδειότητας,
1358 2124 1813 2190 συνεξαλλάσσων
1845 2125 1946 2196 τὴν

349 2214 603 2285 δύναμιν’
633 2215 708 2276 ὡς
745 2215 844 2283 μὲν
871 2211 964 2268 οὖν
1003 2215 1114 2284 πῦρ
1173 2216 1270 2278 τὰς
1299 2216 1575 2286 ἁμαρτίας
1611 2219 1940 2290 ἀποτεφροῖ,

349 2309 429 2371 ὡς
462 2307 627 2377 ἄρτος
657 2309 847 2376 τρέφει
875 2308 976 2367 τὰς
1034 2306 1144 2360 τῶν
1183 2307 1489 2378 δεχομένων
1526 2308 1705 2378 ψυχάς
1734 2325 1749 2340 ⁸
1785 2310 1859 2373 ὡς
1885 2310 1942 2364 δὲ

348 2401 602 2470 ὀψάριον,
625 2401 739 2462 τοῖς
772 2399 998 2462 ἁπαλοῖς
1027 2399 1109 2452 ἔτι
1143 2399 1346 2453 δίδοται
1377 2400 1471 2453 καὶ
1501 2401 1668 2471 μήπω
1701 2401 1942 2470 φθάσασι

348 2493 491 2561 πρὸς
542 2491 603 2543 τὸ
657 2492 886 2555 τέλειον,
943 2491 1020 2554 ὡς
1066 2491 1310 2545 διδάσκει
1369 2494 1397 2545 ὁ
1454 2493 1617 2557 καλὸς
1667 2494 1937 2565 ἑστιάτωρ

350 2584 567 2646 Παῦλος
613 2586 642 2636 ό
684 2584 826 2647 θεῖος
871 2583 1195 2647 ἀπόστολος,
1233 2586 1261 2636 ό
1287 2585 1401 2647 τοῖς
1429 2585 1786 2656 τελειοτέροις
1839 2586 1938 2654 μὲν

351 2677 740 2747 στερεώτερον,
790 2677 886 2729 καὶ
918 2677 1130 2746 κρεώδη
1171 2676 1371 2745 βρῶσιν
1400 2678 1491 2729 τὸν
1537 2677 1693 2746 λόγον
1743 2678 1934 2732 ποιῶν.

349 2770 577 2838 Λάχανα
611 2767 670 2821 es
702 2770 813 2831 τοῖς
839 2768 1279 2840 ἀσθενεστέροις,
1315 2769 1411 2822 καὶ
1436 2768 1576 2837 γάλα
1599 2771 1712 2832 τοῖς
1735 2770 1937 2840 νηπιά-

350 2875 532 2922 ςουσι.

2059 492 2300 536 creatum
2331 493 2411 538 est
2443 483 2559 537 fieri
2591 484 2776 537 itidem
2827 499 2932 538 non
2967 492 3165 553 potest,
3204 495 3261 538 ut
3287 487 3338 539 in
3385 495 3634 540 naturam

2059 576 2356 630 divinitatis
2385 584 2647 630 transeat.
2682 575 2789 630 Sed
2822 577 3068 631 divinum
3111 587 3214 642 est,
3247 580 3506 646 quoniam
3543 579 3635 635 Dei

2057 683 2254 735 corpus
2307 678 2424 733 est;
2489 678 2737 722 naturam
2789 682 2919 723 vero
2967 684 3070 724 non
3131 672 3390 736 mulavit;
3473 683 3635 740 atque

2059 760 2232 812 instar
2287 759 2449 828 piscis
2479 759 2591 831 (66)
2625 761 2675 814 in
2741 760 2896 828 hujus
2945 764 3068 815 vita:
3121 762 3255 816 mari
3310 764 3635 818 versabatur

2056 851 2352 920 salsugine,
2380 854 2586 922 peccati
2633 867 2858 908 manens
2894 853 3173 906 immunis.
3205 849 3479 907 Passionis
3508 868 3637 907 vero

2058 951 2298 1011 tempore
2347 959 2468 998 cum
2524 955 2781 998 sexcenta
2831 943 3246 1013 opprobriorum
3300 959 3496 1013 genera
3541 959 3635 999 ac-

2055 1036 2308 1103 cepisset,
2343 1035 2516 1089 instar
2543 1036 2728 1104 piscis,
2761 1044 2944 1088 mutus
2989 1036 3112 1099 fuit,
3139 1047 3244 1088 non
3275 1036 3634 1099 contendens,

2056 1141 2230 1196 neque
2280 1128 2629 1195 redarguens,
2681 1141 2856 1195 neque
2905 1126 3197 1189 ulciscens,
3231 1141 3403 1192 neque
3446 1127 3635 1181 remit-

2058 1229 2199 1275 tens.
2246 1217 2474 1272 Paratus
2521 1219 2695 1286 panis,
2738 1233 2899 1288 quem
2948 1231 3124 1286 neque
3174 1218 3371 1283 aratio,
3418 1231 3519 1272 nec
3548 1232 3630 1273 se-

2054 1308 2254 1362 mentis
2286 1307 2602 1371 elaboravil,
2635 1309 2728 1362 sed
2782 1307 2900 1362 solo
2951 1307 3270 1376 imperantis
3316 1317 3450 1360 nutu
3504 1323 3634 1378 pro-

2053 1401 2270 1454 ductus.
2303 1400 2457 1454 lllum
2508 1401 2688 1469 ipsum
2721 1399 3007 1455 caelestem
3041 1415 3236 1469 panem
3287 1399 3633 1470 signiﬁcavit,

2053 1491 2142 1558 qui
2173 1491 2449 1546 descendit
2470 1493 2690 1562 quidem
2721 1507 2752 1546 e
2783 1491 2944 1556 cmlo,
2978 1491 3032 1544 in
3056 1500 3201 1546 terra
3229 1505 3358 1545 vero
3403 1491 3634 1558 exstitit,

2052 1596 2209 1651 quem
2246 1583 2481 1653 Virginis
2503 1593 2689 1639 uterus
2715 1584 2858 1637 nulla
2910 1583 3180 1648 aratione,
3213 1583 3298 1638 vel
3333 1593 3454 1637 satu
3507 1583 3632 1637 sub-

2052 1682 2208 1729 actus
2264 1675 2421 1745 quasi
2449 1690 2670 1744 germen
2703 1674 2903 1729 emisit.
2933 1675 3024 1730 Sic
3047 1674 3212 1744 igitur
3245 1674 3393 1728 illum
3421 1673 3630 1745 ipsum,

2049 1779 2168 1833 quae
2198 1774 2500 1834 praeparata
2557 1764 2625 1818 ab
2678 1777 2742 1818 eo
2776 1760 3014 1829 fuerant,
3067 1763 3470 1834 signiﬁcabant.
3515 1762 3626 1817 Sed

2046 1853 2340 1908 secundum
2387 1853 2544 1908 aliam
2583 1853 2866 1920 rationem,
2907 1854 3160 1923 quoniam
3185 1871 3279 1909 eos
3326 1857 3391 1909 ad
3430 1855 3631 1923 praedi-

2044 1945 2278 1998 candum
2333 1943 2610 1998 missurus
2672 1952 2812 2008 erat,
2867 1942 3188 2012 quilmsdam
3223 1943 3485 2012 symbolis
3543 1957 3630 1997 ra-

2052 2038 2251 2090 tionem
2308 2035 2575 2090 doctrinze
2645 2036 3002 2090 demonstrat.
3059 2033 3420 2107 Evangelicus
3481 2035 3626 2090 enim

2043 2141 2224 2181 sermo
2248 2125 2372 2180 aliis
2406 2125 2624 2196 quidem
2657 2125 2801 2196 ignis
2828 2125 3066 2180 efﬁcitur
3093 2143 3108 2193 ;
3161 2127 3239 2180 ait
3290 2127 3490 2196 quippe
3517 2127 3628 2181 Do-

2042 2217 2226 2272 minus
2259 2235 2273 2273 :
2311 2237 2329 2270 ι
2368 2217 2553 2288 Ignem
2583 2217 2703 2272 veni
2737 2218 2954 2272 mittere
2987 2218 3041 2271 in
3095 2229 3294 2272 terram
3316 2218 3400 2278 9';
3440 2236 3460 2269 ι
3508 2219 3628 2274 aliis

2044 2323 2178 2364 vero
2208 2309 2384 2379 panis,
2418 2308 2542 2362 aliis
2577 2307 2766 2374 piscis,
2796 2306 3081 2375 multiplici
3121 2305 3400 2375 qualitatis
3430 2320 3628 2376 genere

2039 2403 2146 2454 vim
2199 2416 2351 2456 suam
2407 2400 2724 2463 immutans,
2753 2407 2808 2454 et
2839 2399 2905 2452 ad
2937 2414 3126 2453 eorum
3182 2398 3273 2466 qui
3307 2412 3431 2452 eum
3478 2396 3626 2452 acci-

2041 2494 2192 2564 piunt
2226 2493 2601 2559 aptitudinem,
2647 2501 2699 2546 et
2722 2499 2936 2559 captum
2990 2488 3627 2560 accummodans.lgitur

2043 2594 2101 2638 ut
2131 2584 2270 2653 ignis
2320 2595 2539 2653 peccata
2572 2583 2878 2649 consumit,
2941 2593 2996 2635 ut
3027 2582 3181 2652 panis
3227 2582 3436 2636 animas
3485 2579 3626 2635 acci-

2040 2679 2302 2748 pientium
2336 2677 2524 2739 nutrit,
2554 2684 2610 2729 ut
2645 2675 3064 2742 pulmentarium
3100 2674 3297 2728 teneris
3327 2673 3625 2727 etiamnum

2041 2773 2222 2832 datur,
2275 2768 2366 2836 qui
2429 2767 2666 2821 nondum
2724 2766 3113 2834 perfectionem
3173 2764 3413 2820 assecuti
3471 2773 3623 2830 sunt,

2042 2861 2196 2916 sicuti
2239 2862 2399 2916 docet
2431 2863 2726 2931 prmclarus
2757 2859 2846 2914 ille
2888 2859 3250 2924 convivator,
3302 2865 3358 2912 et
3408 2857 3626 2912 divinus

350 2957 630 3025 apostolus
690 2955 803 3027 (67)
864 2954 1084 3019 Paulus,
1145 2956 1235 3025 qui
1299 2956 1722 3026 perfectiorihus
1778 2958 1993 3025 quidem
2032 2961 2256 3014 solidius
2285 2969 2340 3013 et
2391 2974 2454 3014 ex
2528 2972 2695 3013 carne
2744 2956 3050 3013 coniectura
3096 2957 3366 3011 ministrat
3403 2955 3624 3010 alimen-

348 3060 464 3104 tum
497 3050 563 3115 ⁸³,
630 3049 775 3104 olera
825 3063 955 3103 vero
1015 3050 1440 3118 infirmioribus,
1502 3062 1556 3107 et
1606 3053 1692 3108 lac
1741 3053 2126 3112 infantibus”.

421 3145 545 3207 Πῶς
571 3142 684 3208 οὖν,
721 3142 855 3213 φαίη
895 3159 1002 3208 τις,
1049 3146 1482 3214 παρασκευάσας
1511 3149 1623 3210 τοῖς
1655 3146 1926 3218 μαθηταῖς

2103 3151 2214 3216 Qua
2247 3166 2374 3206 vero
2406 3164 2593 3214 causa,
2642 3147 2842 3202 dixerit
2888 3145 3174 3216 quispiam,
3208 3144 3254 3198 is
3288 3143 3378 3214 qui
3426 3143 3625 3214 mysti-

347 3235 412 3287 τὸ
461 3236 722 3306 μυστικὸν
765 3235 928 3289 τοῦτο
985 3235 1228 3305 ἄριστον,
1263 3237 1324 3290 ού
1374 3240 1698 3309 παρήγαγεν
1750 3239 1935 3302 αὐτοῖς

349 3328 448 3378 καὶ
490 3325 690 3388 ποτόν;
729 3325 874 3379 κατά
931 3327 1030 3395 μὲν
1069 3327 1130 3380 τὸ
1161 3328 1261 3396 τῆς
1316 3329 1561 3400 ἱστορίας
1615 3329 1938 3399 σωματικὼ·⁸

346 3435 530 3488 τερον,
589 3420 670 3472 ὅτι
716 3419 898 3488 παρῆν
948 3421 1134 3483 αὐτοῖς
1181 3421 1434 3491 ήλίμνη,
1487 3423 1652 3474 ποτὸν
1701 3422 1935 3494 ἄφθονον

348 3515 465 3576 τοῖς
538 3509 886 3583 βουλομένοις
950 3513 1293 3582 παρέχουσα.
1347 3508 1459 3566 Ἦν
1519 3509 1612 3567 οὖν
1670 3513 1936 3584 περιττῆς

346 3603 666 3675 φιλοτιμίας
720 3606 780 3658 ἐν
831 3606 943 3666 τοῖς
985 3604 1059 3674 μὴ
1109 3605 1428 3673 ἀναγκαίοις
1465 3606 1931 3675 θαυματουργεῖν.

347 3699 462 3751 Καὶ
517 3697 626 3767 γάρ
681 3695 731 3749 oi
786 3695 846 3748 έν
894 3697 960 3766 τῇ
1018 3697 1211 3767 ἐρήμῳ
1267 3695 1516 3766 δαψιλῶς
1566 3697 1936 3768 εὐωχηθέντες

344 3787 809 3857 πεντακισχίλιοι,
871 3789 969 3842 καὶ
1021 3785 1180 3851 αὖθις
1238 3787 1692 3858 τετρακισχίλιοι,
1747 3786 1934 3860 ἄρτοις

345 3882 450 3951 μὲν
472 3883 566 3934 καὶ.
594 3879 806 3950 ἰχθύσιν
833 3880 1174 3951 ἐτράφησαν,
1206 3880 1266 3932 οὐ
1303 3881 1410 3950 μὴν
1432 3883 1529 3934 καὶ
1554 3880 1718 3934 ποτὸν
1749 3879 1934 3944 αὐτοῖς

343 3973 701 4043 παραχθῆναι
761 3973 1068 4043 ἱστόρηται.
1127 3972 1381 4026 Διδάσκει
1430 3973 1486 4026 δὲ
1521 3974 1618 4027 καὶ
1646 3973 1857 4042 νοητῶς
1905 3975 1932 4027 ὁ

343 4065 529 4131 λόγος,
554 4063 627 4126 ὡς
650 4063 838 4133 ἐπειδὴ
867 4062 1129 4133 βρῶσιςή
1163 4063 1443 4135 πρακτικὴ
1478 4063 1698 4132 λέγεται
1733 4062 1929 4134 ἀρετὴ,

340 4157 436 4209 διὰ
467 4157 532 4208 τὸ
574 4155 811 4226 σκληρὸν
853 4155 948 4208 καὶ
999 4156 1624 4226 δυσκατεργαστότερον,
1686 4157 1845 4220 πόσις
1874 4156 1932 4209 δὲ

344 4249 382 4318 ἡ
439 4246 642 4317 θεωρία
693 4250 787 4301 καὶ
841 4248 874 4316 ἡ
925 4247 1224 4311 ἄπταιστος
1263 4248 1486 4316 γνῶσις,
1538 4247 1776 4302 ἐνταῦθα
1833 4246 1932 4318 μὲν

344 4340 711 4411 κατορθοῦται
747 4341 880 4411 ἡμῖν
911 4342 942 4409 ἡ
979 4339 1068 4395 διά
1102 4339 1210 4394 τῶν
1248 4339 1424 4410 ἔργων
1453 4340 1650 4412 τροφὴ,
1686 4342 1744 4393 ὲν
1773 4340 1828 4393 δὲ
1855 4340 1932 4411 τῷ

347 4434 600 4503 μέλλοντι
650 4433 854 4486 δίδοται
899 4431 962 4485 τὸ
1002 4432 1152 4500 πόμα
1202 4432 1302 4502 τῆς
1332 4431 1610 4500 γνώσεως.
1643 4430 1933 4502 Λαϐούσης

342 4490 454 4598 γᾶρ
504 4525 684 4596 πέρας
728 4523 962 4578 ἐνταῦθα
1006 4490 1104 4594 τῆς
1156 4490 1486 4595 πρακτικῆς,
1532 4490 1585 4595 ἡ⁷
1619 4490 1928 4595 θεωρητιιίή
1961 4490 2008 4546 D

347 4623 489 4692 μόνη
538 4620 632 4672 ἐπὶ
659 4619 753 4672 τοῦ
787 4617 1078 4686 μέλλοντος
1111 4618 1480 4684 πολιτεύεται,
1533 4619 1699 4690 ἡνίκα
1751 4617 1929 4672 πίνειν

417 4764 463 4795 ⁸⁷
494 4761 631 4818 Luc.
669 4776 766 4829 ιιι,
795 4759 890 4816 49.
966 4759 1062 4814 ’⁸1
1105 4759 1230 4816 Cor.
1266 4775 1351 4826 ιιι,
1397 4759 1453 4816 2.
1528 4760 1572 4794 ⁸⁸
1617 4757 1782 4815 Hebr.
1819 4774 1907 4824 xv,
1951 4759 2039 4816 13.

2040 3256 2161 3296 cum
2199 3241 2300 3295 hoc
2337 3241 2620 3310 prandium
2659 3237 2940 3307 discipulis
2969 3235 3271 3305 apparavit,
3312 3248 3418 3288 non
3450 3233 3622 3288 etiam

2037 3332 2319 3404 proposuit
2351 3331 2577 3401 potum?
2627 3330 2790 3395 Sane,
2833 3329 2988 3397 juxta
3033 3328 3204 3397 magis
3244 3337 3489 3396 apertam
3537 3342 3622 3382 ra-

2041 3425 2237 3478 tionem
2267 3424 2332 3477 ab
2367 3423 2590 3476 historia
2627 3422 2870 3487 ductam,
2903 3421 3063 3492 257
3098 3421 3148 3475 id
3182 3435 3247 3475 eo
3269 3419 3470 3475 factum
3505 3427 3614 3483 est,

2036 3515 2179 3585 quod
2213 3524 2406 3584 pra-sto
2465 3514 2570 3568 illis
2597 3513 3054 3582 stagtntmpquod
3087 3521 3271 3582 patum
3299 3510 3612 3580 petentibus

2037 3609 2246 3663 abunde
2282 3608 2671 3676 suppeditaret.
2706 3605 3022 3660 Miraculurn
3065 3619 3220 3671 vero,
3255 3604 3342 3659 ubi
3379 3603 3624 3658 necessi-

2038 3711 2120 3755 tas
2168 3714 2276 3755 non
2331 3699 2383 3754 id
2441 3697 2699 3769 postulat,
2747 3697 2957 3763 moliri,
2993 3696 3307 3753 ambitionis
3372 3694 3618 3765 majoris,

2035 3806 2194 3862 quam
2247 3807 2344 3862 par
2376 3799 2481 3854 est,
2513 3804 2636 3846 esse
2675 3790 2912 3844 videtur.
2964 3787 3099 3843 Nam
3133 3797 3186 3845 et
3238 3787 3329 3842 illa
3381 3786 3622 3857 quinque

2036 3885 2313 3941 hominum
2392 3883 2556 3938 millia
2601 3923 2616 3949 ,
2703 3897 2824 3953 quas
2906 3883 2959 3936 in
3040 3880 3332 3937 solitudine
3413 3879 3619 3935 aﬂ‘atim

2035 3976 2226 4029 satiata
2257 3981 2384 4029 sunt
2409 3975 2448 4035 ',
2479 3983 2534 4028 et
2554 3971 2660 4026 alia
2690 3985 2874 4025 rursus
2902 3977 3140 4039 quatuor
3168 3969 3335 4024 millia
3369 3969 3618 4038 panibus,

2034 4066 2380 4134 piscibusque
2406 4073 2532 4117 sunt
2558 4063 2739 4128 alta';
2779 4078 2884 4116 non
2926 4077 3055 4116 vero
3087 4070 3269 4130 potum
3302 4060 3408 4113 illis
3436 4059 3619 4114 datum

2036 4167 2308 4212 narratur.
2355 4155 2608 4210 Doctrina
2665 4167 2793 4208 vero
2840 4154 3003 4208 etiam
3059 4162 3112 4208 et
3177 4150 3478 4222 Spiritualis
3531 4150 3619 4204 hic

2034 4251 2174 4304 ratio
2207 4249 2349 4303 inest
2385 4265 2399 4301 :
2435 4247 2576 4316 quod
2604 4246 2864 4316 quoniam
2905 4245 3080 4302 virtus
3123 4247 3176 4299 in
3227 4242 3627 4299 exercitatione

2035 4341 2209 4412 p0sita
2261 4340 2460 4394 dicitur
2506 4338 2686 4402 cibus,
2740 4340 2884 4407 quod
2917 4337 3051 4392 dura
3099 4337 3193 4399 sit,
3243 4347 3300 4391 et
3329 4333 3628 4390 dilﬁculter

2036 4442 2374 4501 exerceatur,
2456 4431 2662 4486 theoria
2723 4445 2889 4496 vero,
2943 4439 2998 4485 et
3059 4428 3326 4485 inoll‘ensa
3389 4427 3616 4483 scientia

2041 4530 2228 4590 potus;
2263 4521 2314 4574 in
2362 4521 2461 4573 hac
2496 4517 2740 4590 profecto
2772 4518 2883 4574 vita
2962 4528 3251 4589 praestatur
3320 4518 3476 4574 nobis
3524 4531 3630 4588 per

2040 4629 2206 4686 opera
2261 4613 2444 4679 cibus;
2495 4613 2548 4667 in
2587 4610 2768 4668 futura
2815 4627 2944 4668 vero
2989 4612 3315 4685 cognitionis
3348 4611 3626 4683 poculum

2117 4757 2135 4788 ¹
2164 4755 2322 4812 Joan.
2362 4770 2434 4822 ιιι,
2471 4754 2559 4810 ιο.
2636 4757 2657 4788 ³
2693 4754 2859 4810 Marc.
2887 4772 3008 4822 vm,
3040 4757 3093 4811 9.

1577 4875 1900 4938 Francisci
1933 4873 2146 4936 Scorsi
2182 4881 2365 4936 notze.

415 5005 528 5077 (66)
559 5005 723 5075 Atque
769 5006 939 5058 instar
967 5004 1146 5077 piscis.
1178 5005 1313 5077 "me
1337 5003 1442 5056 duo
1475 5006 1714 5077 symbola
1754 5003 1920 5077 piscis

341 5091 394 5132 ct
423 5073 781 5148 'panis,'qua>,
825 5085 1009 5148 noster
1042 5075 1202 5148 latius
1249 5073 1526 5148 aliquanto
1562 5073 1817 5148 explicat,
1857 5073 1916 5128 S.

339 5144 676 5218 Augustinus
727 5146 961 5218 brevius,
1019 5155 1070 5199 et
1095 5145 1394 5218 elegantius
1444 5144 1779 5218 _eomp|exus
1838 5153 1922 5196 est

339 5215 502 5274 tract.
534 5231 702 5272 cum
733 5232 745 5269 :
790 5217 960 5269 Piscis
985 5231 1156 5275 auus,
1191 5217 1285 5276 ait,
1317 5226 1389 5268 es!
1431 5215 1666 5268 Christus
1689 5229 1876 5277 passus
1903 5227 1922 5266 :

342 5292 457 5357 ipse
505 5298 579 5341 est
625 5286 801 5355 panis,
832 5288 921 5353 qui
950 5287 1012 5339 de
1037 5285 1162 5338 caelo
1188 5284 1471 5357 descendit.
1502 5285 1644 5338 Idem
1676 5285 1818 5336 Beda
1853 5298 1920 5336 ex

339 5355 533 5482 «iurgii:
665 5357 968 5425 Augustino
1016 5365 1314 5424 sumptum.
1353 5355 1494 5409 Idem
1524 5364 1578 5409 et
1621 5368 1922 5424 anouymus

339 5433 394 5482 il:
476 5438 543 5479 :tl.
635 5442 793 5479 mea.

293 5453 298 5456 ·
339 5433 394 5483 in:
426 5427 543 5482 Cal.
581 5427 793 5482 Grmra.

417 5498 529 5565 (67)
568 5497 632 5550 Et
677 5497 882 5551 divinus
937 5495 1159 5549 Paulus.
1197 5494 1278 5548 Ad
1311 5495 1446 5549 duos
1487 5495 1548 5549 ι).
1601 5493 1748 5548 Pauli
1777 5491 1922 5565 locos
1986 5546 1988 5549 .

339 5570 433 5623 hic
457 5567 820 5633 Theophanes
851 5567 1088 5633 respicit,
1109 5566 1336 5620 alterum
1374 5580 1388 5617 ι
1421 5565 1544 5618 Cor.
1567 5580 1616 5618 ε.
1640 5580 1696 5617 ιιι
1732 5581 1744 5616 :
1778 5564 1921 5615 Γάλα

288 5647 294 5654 ’
337 5639 490 5704 ὑμᾶς
518 5638 875 5698 ἐπότισα,κιὶ
898 5638 958 5690 οὑ
991 5637 1188 5706 βρῶμα
1213 5654 1227 5669 ο
1256 5633 1363 5706 Luc
1398 5634 1538 5687 vobis
1558 5644 1737 5706 potum
1778 5634 1920 5706 dedi,

339 5703 447 5764 aen
507 5725 715 5774 escam;
763 5717 820 5763 et
877 5703 1123 5763 alterunt
1152 5709 1220 5764 ad
1261 5704 1538 5772 Hebraeos,
1592 5705 1699 5759 Kal
1747 5703 1921 5772 γεγύ-

2025 5021 2152 5058 νατε
2209 5002 2401 5073 χρεέαν
2454 5000 2670 5073 ἔχοντες
2733 4997 3026 5073 γάλακτος,
3074 4995 3170 5048 καὶ
3249 4993 3313 5073 ού
3383 4991 3614 5062 στερεᾶς
3684 4991 3696 5008 ⁷·

2023 5065 2279 5140 τροφῆς”·
2312 5077 2379 5126 Et
2400 5065 2527 5139 facti
2555 5073 2702 5130 estis,
2735 5065 2919 5138 quibus
2947 5068 3081 5140 lacte
3114 5083 3243 5140 opus
3266 5065 3359 5127 sit,
3392 5079 3494 5140 nou
3520 5078 3618 5114 so-

2025 5134 2146 5197 ιιὶιιί
2171 5134 2304 5196 cibo.
2333 5134 2538 5207 Quibus
2563 5141 2692 5192 locis
2721 5134 2820 5192 tria
2849 5136 3305 5207 ροιιὶιΑροειοΙιιε
3353 5134 3608 5207 nomina:

2027 5214 2189 5280 γάλα,
2250 5203 2465 5282 βριτὶμα,
2523 5211 2752 5282 στερεάν
2810 5203 3205 5282 τροφήν-,ηυδε
3244 5203 3615 5282 Theophanes

2028 5273 2116 5338 hic
2165 5273 2420 5350 explicat.
2452 5273 2459 5276 ’
2490 5290 2544 5335 ει
2599 5273 2881 5350 distinguit
2925 5273 3164 5332 ordine:
3204 5285 3261 5350 ut
3300 5273 3442 5350 γάλα
3474 5286 3612 5325 cou-

2029 5354 2208 5407 veniat
2239 5341 2581 5412 'infautibus,
2618 5341 2862 5422 βρῶμα,
2898 5362 3158 5422 prodquo
3222 5341 3613 5422 ipse__ldzatva.

2031 5423 2130 5476 huc
2164 5433 2247 5476 est
2301 5423 2448 5475 olera
2479 5416 2688 5491 posuit,
2721 5416 3148 5488 proﬁcientibus,
3211 5416 3467 5491 etuulliuc
3501 5416 3608 5491 imo

2031 5485 2953 5562 ΙιεεὶΙΙὶιιτὶιιυῊ-ζστερεὰπροερεῖ),
3034 5503 3194 5557 quam
3267 5485 3380 5562 ipse
3442 5485 3617 5562 etiarn

2032 5562 2269 5632 κρεώδη,
2319 5553 2716 5632 ³ιιιι)ςθ¹¹ε¹ι,’1ιοι;
2749 5553 2832 5616 εει
2861 5553 3125 5617 ειίεοτιιο
3157 5553 3461 5615 confectum
3500 5553 3611 5607 ali-

2033 5630 2292 5696 ruentum,
2321 5630 2593 5701 perfectis.
