3974 6220
361 352 465 417 ῗθὸ

1668 355 1834 415 110M
1841 356 2003 415 ILIA
2042 357 2339 420 XXXVII.
2376 384 2383 391 ν

3506 369 3613 432 ’706

359 470 467 519 τῶν
498 462 732 532 λογικῶν
770 462 1083 533 προϐάτων,
1119 463 1213 516 καὶ
1252 465 1494 534 κρηπῖδα
1528 464 1639 519 τῶν
1674 466 1934 537 μαθητῶν

2042 482 2189 522 nere.
2219 467 2347 523 Tria
2375 468 2538 539 igitur
2561 473 2864 541 priestamla
2894 486 2992 541 per
3013 472 3129 527 haec
3156 472 3320 529 verba
3353 474 3614 548 disponit-

358 555 550 619 αὑτοῦ,
610 554 774 608 αὐτὸν
824 556 1033 606 ἐκεῖνον
1071 554 1458 625 προϐάλλεται.
1514 557 1655 626 Τρία
1701 553 1795 608 οὖν
1845 557 1935 610 διὰ

357 646 563 699 τούτων
617 647 916 713 οἰκονομεῖ.
984 644 1230 713 Ἀγιάζει
1288 644 1383 699 τοῦ
1431 647 1641 717 Πέτρου
1698 647 1785 698 διὰ
1833 646 1934 715 τῆς

355 738 648 807 ὁμολογίας
705 736 806 805 τὴν
864 735 1133 803 γλῶτταν,
1181 737 1249 805 ἢν
1297 738 1330 806 ἡ
1388 736 1617 806 ἄρνησις
1680 734 1932 807 ἔκρανεν,

355 826 745 893 ἀνακαθαίρων
771 826 945 894 αὐτὴν
973 824 1069 877 τοῦ
1132 826 1474 893 ἐγκλήματος
1500 841 1515 855 ⁸
1570 825 1779 895 βεϐαῐοι
1810 829 1934 890 τοὺς

354 916 577 977 λοιποὺς
599 914 708 967 τῶν
740 915 1025 985 μαθητῶν,
1055 914 1130 977 ὡς
1156 917 1258 968 οὐκ
1292 915 1548 981 ἐξέπεσεν
1578 918 1606 969 ὁ
1640 920 1935 988 κορυφαῖος

354 1006 454 1077 τῆς
505 1008 872 1077 ἀποστολικῆς
947 1008 1107 1072 ἀξίας
1164 1008 1259 1060 καὶ
1308 1008 1517 1072 τάξεως
1548 1027 1564 1042 .
1625 1010 1828 1081 πληροῖ
1873 1010 1935 1063 τὸ

355 1096 708 1168 ἐπάγγελμα,
759 1099 899 1169 ὅπερ
948 1098 1099 1168 αὐτῷ
1127 1100 1497 1169 ἐπηγγείλατο
1521 1117 1537 1131 ·
1577 1120 1595 1153 ι
1635 1101 1803 1155 Δώσω
1850 1119 1933 1155 σοι

2045 558 2306 630 Linguam
2344 559 2527 624 Petri,
2584 578 2743 629 quam
2779 566 2993 633 negatio
3039 569 3470 635 contamitmrat,
3517 587 3616 640 per

2044 650 2441 706 confessionem
2469 653 2794 721 sanctiﬁcat,
2845 665 3006 724 atque
3035 671 3064 710 a
3098 658 3326 713 crimine
3377 674 3610 731 purgat;

2046 744 2259 795 ea’teris
2297 742 2577 811 discipulis
2613 746 2770 797 tidem
2817 744 3048 801 allirmat
3074 749 3139 802 de
3181 765 3281 805 suo
3324 762 3465 806 statu
3507 768 3611 808 non

2044 831 2310 884 decidisse
2334 834 2677 901 coryphaeum
2718 834 2864 888 illum
2896 837 3207 904 apostolica:
3253 840 3529 908 dignitatis
3561 850 3616 894 ιι

2041 918 2279 983 ordinis;
2305 918 2581 975 factamilli
2607 923 3029 990 promissionem
3059 926 3275 994 implet:
3310 927 3488 983 «Dabo
3515 929 3609 983 libi

2042 1009 2224 1065 claves
2255 1013 2402 1081 regni
2435 1012 2693 1066 caelorum
2731 1032 2743 1068 :
2774 1026 2825 1067 et
2855 1017 3211 1084 quodcunque
3240 1017 3492 1086 ligaveris
3523 1000 3614 1073 su:-

2042 1118 2138 1174 per
2178 1114 2397 1168 terram,
2428 1104 2531 1157 erit
2562 1104 2784 1173 ligatum
2818 1117 2872 1159 et
2907 1108 2957 1159 in
2989 1108 3141 1161 caelis
3162 1107 3202 1160 ⁸.
3234 1125 3254 1159 ι

352 1188 455 1255 τὰς
487 1193 637 1254 κλεῖς
687 1190 786 1261 τῆς
848 1193 1127 1261 βασιλείας
1179 1193 1287 1247 τῶν
1330 1195 1574 1265 οὐρανῶν
1600 1211 1614 1225 ⁶
1667 1198 1759 1250 καὶ
1805 1198 1834 1250 ὃ
1862 1200 1959 1252 ἐὰν
2007 1198 2173 1271 δήσῃς
2209 1199 2301 1251 ἐπὶ
2338 1200 2436 1268 τῆς
2488 1197 2615 1267 γῆς,
2661 1198 2815 1251 ἔσται
2837 1200 3122 1270 δεδεμένον
3150 1204 3206 1253 ἐν
3233 1202 3311 1274 τῷ
3340 1203 3553 1274 οὖραλῷ
3590 1227 3606 1257 ι

430 1303 450 1334 ι
484 1284 668 1353 Σέμων
706 1284 886 1348 Ἰωνᾶ,
916 1286 1138 1354 ἀγαπᾷς
1166 1304 1233 1356 με
1260 1304 1309 1352 ;ι
1334 1287 1548 1356 Ἐπειδὴ
1582 1289 1641 1340 ἐν
1664 1292 1779 1353 τοῖς
1809 1307 1935 1344 συν-

351 1378 675 1448 τακτηρίοις
705 1377 908 1446 λόγοις,
957 1379 1130 1432 πολλὰ
1162 1380 1294 1449 περὶ
1350 1381 1571 1449 ἀγάπης
1609 1383 1797 1444 αὐτοῖς
1844 1382 1929 1434 svo

354 1470 631 1533 ετείλατο,
688 1469 769 1523 ὅτι
830 1470 929 1540 τῆς
963 1470 1175 1533 τελείας
1201 1471 1357 1524 τοῦτό
1382 1473 1498 1524 ἐστι
1542 1473 1850 1543 γνώρισμα,
1875 1472 1936 1527 τὸ

354 1561 534 1615 θεῖναι
556 1559 653 1631 τὴν
676 1560 854 1632 ψυχὴν
882 1560 1050 1614 αὑτοῦ
1080 1562 1218 1633 ὑπὲρ
1238 1561 1350 1615 τῶν
1377 1563 1548 1630 φίλων
1580 1563 1767 1630 αὑτοῦ,
1797 1565 1934 1636 ὅπερ

354 1651 596 1721 Χριστὸς
634 1653 732 1722 μὲν
784 1652 1106 1724 ἐπλήρωσεν
1134 1691 1150 1718 ,
1204 1654 1233 1706 ὁ
1268 1654 1474 1724 Πέτρος
1529 1653 1585 1707 δὲ
1623 1654 1934 1726 ὑποτρέσας

351 1744 655 1814 ἠρνήσατο,
691 1743 782 1796 διὰ
814 1747 974 1797 τοῦτο
1022 1746 1240 1815 εὐφυῶς
1275 1747 1369 1799 τοῦ
1406 1747 1614 1820 Πέτρου
1665 1742 1774 1800 οἷον
1808 1765 1936 1801 κατ-

353 1834 732 1903 ειρωνεύεται·
764 1835 840 1900 ὼς
862 1837 922 1889 τὸ
943 1837 1043 1906 τῆς
1073 1839 1290 1909 ἀγάπης
1313 1830 1445 1893 ’ἴδιον
1478 1841 1551 1911 μὴ
1575 1840 1929 1909 φυλάξαντος.

351 1931 454 1982 Διὰ
481 1929 539 1982 δὲ
570 1928 664 1982 τοῦ
699 1932 876 1982 εἰπεῖν
899 1946 914 1960 ·
954 1948 973 1981 ι
1008 1930 1197 1983 Πλεῖον
1223 1928 1449 1997 τούτων,
1483 1950 1500 1982 ι
1542 1932 1785 2000 πλαγίως
1816 1948 1934 1997 πως

353 2021 771 2091 ἀναμιμνήσκει
824 2021 987 2075 αὑτὸν
1048 2021 1151 2091 τῆς
1179 2021 1441 2093 θρασείας
1471 2022 1689 2091 ἐκείνης
1720 2023 1929 2093 φωνῆςο

353 2112 422 2183 ἢν
461 2114 603 2167 κατὰ
625 2115 716 2166 τὸν
746 2113 844 2167 τοῦ
876 2114 1083 2177 πάθους
1108 2114 1302 2185 καιρὸν
1328 2115 1674 2185 ἐκαυχήσατο
1705 2131 1721 2147 ·
1758 2133 1776 2166 ι
1814 2115 1931 2170 Κᾶν

348 2220 500 2267 τινες
531 2205 1113 2277 σκανδαλισθήσονται,
1156 2206 1272 2260 ἀλλ’
1316 2206 1428 2274 ἐγὼ
1467 2205 1566 2276 τὴν
1597 2206 1777 2277 ψυχήν
1826 2225 1929 2273 μου

350 2296 501 2367 ὑπὲρ
537 2295 633 2349 σοῦ
662 2296 834 2369 θήσω.
869 2317 888 2351 ι
924 2293 1071 2369 Ἆρα
1104 2296 1217 2364 οὖν,
1254 2298 1412 2368 φησὶ,
1455 2296 1680 2367 θαρσεῖς
1712 2298 1807 2352 καί⁸
1836 2298 1929 2352 νῦν

356 2389 839 2459 ἑγκαυχήσασθαι,
889 2390 964 2452 ὡς
1028 2409 1046 2441 ι
1090 2390 1279 2443 Πλεῖον
1315 2388 1423 2442 τῶν
1481 2388 1658 2443 ἄλλων
1712 2391 1930 2459 ἀγαπᾷς

350 2482 421 2550 ira
451 2495 470 2546 ;
509 2499 528 2532 ι
593 2482 659 2534 Τί
722 2478 815 2537 οὖν
845 2483 874 2536 ὁ
903 2481 1148 2553 Πέτρος;
1185 2481 1310 2536 οὔτ⁸
1356 2480 1636 2536 ἀναίνεται
1685 2484 1926 2553 ἀγαπᾷν,

344 2573 477 2627 οὔτε
509 2573 755 2643 θρασέως
787 2572 1066 2644 ὁμολογεῖ,
1093 2573 1230 2626 ἀλλὰ
1258 2576 1323 2642 τῇ
1375 2574 1538 2642 φύσει
1584 2575 1781 2646 μετρεῖ
1829 2574 1928 2645 τὴν

345 2667 670 2736 ἀπόκρισιν,
704 2666 799 2719 καί
843 2682 977 2737 φησι
1006 2683 1021 2698 ο
1070 2684 1090 2718 ι
1133 2666 1263 2732 Ναὶ,
1294 2665 1488 2736 Κύριε,
1527 2668 1592 2721 σὺ
1623 2664 1793 2731 οἶδας,
1845 2670 1928 2723 ὃτι

347 2757 493 2827 φιλῶ
529 2773 610 2810 σε.
645 2776 663 2808 ι
706 2755 894 2819 Οὕτως
948 2755 1010 2820 ἐξ
1065 2750 1140 2810 ὧν
1194 2756 1419 2822 ἔπαθεν,
1468 2757 1673 2829 ἔμαθεν
1701 2774 1718 2791 ο
1754 2757 1929 2825 οὕτως

347 2850 515 2903 αὑτὸν
544 2851 579 2919 ἡ
607 2844 749 2921 ἧττα
790 2848 1060 2918 πεποίηκε
1095 2848 1342 2919 δόκιμον,
1376 2848 1516 2901 ὥστε
1562 2849 1638 2921 μὴ
1670 2850 1833 2903 παντὶ
1860 2852 1925 2920 τῇ

345 2942 452 3008 τῆς
478 2940 657 3011 ψυχῆς
683 2940 965 3012 προθυμίᾳ
1003 2940 1244 3013 θαρρεῖν,
1286 2939 1404 2993 ἀλλ’
1442 2941 1791 2996 εὐλαϐεῖσθαι
1827 2943 1927 3011 τῆς

346 3033 567 3102 φύσεως
588 3030 687 3103 τὴν
712 3032 998 3085 ἀσθένειαν
1022 3047 1037 3061 '
1077 3048 1095 3080 ι
1130 3030 1203 3083 Τὸ
1230 3030 1337 3101 γὰρ
1373 3030 1593 3102 πνεῦμα
1624 3031 1925 3103 πρόθυμον,
1953 3053 1997 3114 c

340 3128 382 3196 ἡ
434 3125 493 3179 δὲ
550 3123 688 3195 σὰρξ
734 3118 988 3194 ἀσθενής.
1030 3140 1049 3174 ι
1085 3123 1358 3194 Μάρτυρα
1383 3122 1440 3177 δὲ
1473 3123 1568 3177 τοῦ
1627 3123 1785 3193 λόγου
1840 3125 1923 3179 ὅτι

346 3214 498 3282 φιλεῖ
532 3215 695 3267 αὖτὶν
744 3216 951 3266 ἐκεῖνον
985 3212 1320 3284 παρίστησν
1357 3231 1376 3265 ι
1410 3212 1603 3283 Κύριε,
1655 3215 1719 3269 σὺ
1777 3211 1924 3279 οἶδας

344 3307 431 3360 ὅτι
487 3306 627 3375 φιλῶ
668 3323 749 3360 σε.
785 3325 802 3358 ι
843 3307 1030 3360 Ἐοικε
1075 3306 1133 3360 δέ
1182 3323 1300 3370 πως
1334 3307 1710 3378 ἀσυνάρτητος
1759 3309 1794 3379 ή
1830 3307 1923 3361 τοῦ

344 3400 561 3473 Πέτρου
595 3399 891 3473 ἀπόκρισις
915 3400 1054 3471 πρὸς
1094 3398 1192 3470 τὴν
1240 3397 1337 3452 τοῦ
1377 3398 1581 3470 Κυρίου
1629 3399 1921 3471 ἐρώτησιν.

357 3490 422 3543 'U
457 3492 555 3560 μὲν
586 3490 782 3561 ἡρετοο
823 3509 840 3541 ι
874 3489 1058 3557 Σίμων
1097 3489 1274 3554 Ἰωνᾶ,
1306 3489 1526 3560 ἀγαπᾷς
1560 3506 1627 3559 με
1659 3506 1674 3557 ;
1710 3508 1728 3541 ι
1783 3489 1845 3542 Ὀ
1871 3489 1929 3542 δὲ

342 3581 410 3636 οὐ
440 3581 613 3650 λέγει,
649 3581 720 3634 Σὺ
759 3576 926 3644 οἶδας,
957 3580 1034 3643 ὡς
1076 3579 1276 3645 ἀγαπῶ
1306 3595 1387 3645 σε,
1432 3579 1603 3640 ἀλλ’,ι
1634 3580 1756 3632 Ὅτι
1788 3578 1927 3648 φιλῶ

345 3688 435 3726 σε.
505 3690 526 3724 ι
586 3670 809 3740 Ἐπειδὴ
852 3671 1036 3740 φιλίας
1083 3672 1180 3726 καὶ
1225 3670 1447 3740 ἀγάπης
1500 3668 1766 3740 διαφορὰν
1809 3671 1926 3742 ᾔδει

344 3763 579 3837 πολλήν.
623 3763 689 3818 Ἦ
721 3764 822 3835 μὲν
849 3766 957 3836 γάρ
980 3763 1124 3836 ἀρχὴ
1152 3764 1236 3828 τίς
1274 3765 1390 3818 ἐστι
1432 3763 1528 3817 καὶ
1560 3763 1677 3827 ὁδός
1701 3779 1714 3792 ·
1756 3765 1788 3834 ή
1843 3764 1923 3828 δὲ,

346 3858 679 3931 περιεκτικὴ
710 3857 821 3910 τῶν
865 3857 1070 3912 καλῶν.
1132 3855 1278 3911 ’Δλλ’
1301 3857 1376 3920 ὡς
1423 3855 1757 3926 σαφέστερον
1862 3855 1924 3909 τὸ

340 3948 643 4020 λεγόμενον
666 3989 682 4016 ,
759 3950 1154 4021 τεχνικώτερον
1221 3947 1318 4002 τοῦ
1392 3947 1552 4016 λόγου
1631 3945 1918 4016 ἁψώμεθα.

420 4112 443 4141 ⁸
469 4109 661 4165 Matth.
695 4123 808 4178 xvr,
834 4108 921 4167 l9.

2116 1308 2135 1340 ι
2164 1288 2345 1343 Simon
2376 1287 2619 1355 Joannis,
2647 1290 2823 1360 diligis
2850 1292 3002 1345 me?»
3038 1294 3300 1358 Quoniam
3335 1296 3385 1348 in
3412 1310 3475 1348 eo
3499 1314 3613 1351 ser'

2042 1397 2222 1447 mone,
2263 1397 2370 1452 quo
2405 1393 2675 1452 postrema
2710 1385 2958 1439 mandata
3004 1389 3269 1452 deierat,
3326 1388 3491 1441 multa
3546 1389 3614 1459 de

2040 1474 2306 1528 charitate
2335 1474 2464 1543 ipsis
2494 1484 2854 1544 praeceperat,
2891 1478 3032 1546 quod
3055 1479 3303 1533 videlicet
3336 1479 3459 1533 hinc
3492 1492 3615 1547 per-

2042 1565 2181 1618 fecta
2213 1580 2333 1618 esse
2368 1576 2785 1634 cognosceretur
2807 1604 2821 1629 ,
2873 1568 2915 1621 si
2950 1568 3235 1637 quisquam
3285 1586 3382 1640 pro
3421 1552 3614 1626 amicis

2039 1660 2152 1713 Suis
2169 1661 2404 1714 animam
2422 1672 2664 1730 poneret,
2681 1664 2821 1729 quod
2843 1680 2970 1719 sane
2989 1667 3314 1734 praestiterat
3328 1667 3578 1722 Christus
3595 1705 3611 1732 ,

2037 1749 2233 1806 Petrus
2264 1767 2400 1806 vero
2424 1767 2625 1821 pavore
2652 1755 2828 1810 vietus
2862 1766 3185 1825 negaverat:
3223 1758 3340 1812 ideo
3373 1759 3610 1814 dexteri-

2037 1849 2145 1896 tate
2170 1842 2399 1911 quadam
2419 1857 2545 1897 usus
2572 1841 2790 1900 Petrum
2842 1845 3006 1901 veluti
3056 1847 3217 1914 ridet,
3242 1859 3301 1902 ut
3328 1849 3442 1918 qui,
3469 1848 3610 1915 quod

2033 1943 2151 1986 erat
2178 1932 2464 1989 eharitatis
2493 1934 2766 2004 proprium
2796 1974 2811 2001 ,
2860 1949 2965 1990 non
2996 1946 3258 1994 servarat.
3303 1938 3438 1994 Cum
3485 1953 3613 1993 vero

2032 2024 2195 2077 etiam
2225 2026 2341 2079 ait:
2376 2043 2395 2076 ι
2420 2023 2552 2080 Plus
2582 2025 2687 2090 his,
2714 2044 2733 2078 ι
2775 2026 3008 2083 latenter
3059 2028 3135 2082 illi
3191 2028 3244 2082 in
3292 2030 3610 2105 memoriam

2034 2115 2274 2170 insinuat
2327 2131 2514 2171 vocem
2570 2118 2712 2172 illam
2754 2119 3095 2174 conﬁdentiae
3127 2121 3337 2190 plenam
3363 2137 3466 2190 qua
3510 2122 3610 2177 sub

2033 2203 2205 2273 ipsum
2235 2203 2512 2261 Passionis
2539 2218 2749 2276 tempus
2773 2206 3039 2278 gloriatus
3067 2209 3244 2263 fuerat
3269 2226 3284 2263 :
3324 2208 3422 2263 «Et
3450 2211 3491 2263 si
3516 2210 3604 2264 alii

2031 2296 2380 2350 scandalizati
2413 2295 2638 2361 fuerint,
2665 2313 2763 2369 ego
2789 2309 2965 2353 tamen
2997 2301 3232 2354 animam
3270 2315 3441 2354 meam
3469 2300 3609 2370 pono

2030 2402 2128 2457 pro
2169 2388 2285 2443 ιε’.
2318 2406 2337 2441 ι
2404 2388 2482 2443 An
2523 2389 2719 2458 igitur,
2773 2391 2980 2461 inquit,
3039 2393 3201 2445 etiam
3238 2407 3422 2456 mine,
3465 2392 3608 2461 quod

2030 2475 2153 2544 plus
2186 2476 2269 2531 his
2300 2492 2386 2532 me
2413 2477 2627 2548 diligas,
2653 2478 2871 2549 gloriari
2902 2478 3112 2535 audes?
3136 2478 3276 2545 Quid
3311 2480 3475 2550 igitur
3508 2482 3610 2535 Pe-

2034 2566 2195 2621 trus?
2230 2567 2414 2637 Neque
2441 2569 2666 2641 diligere
2696 2584 2756 2623 se
2784 2581 2962 2639 negat,
3000 2586 3176 2640 neque
3208 2569 3407 2626 fatetur
3442 2575 3610 2627 auda-

2031 2669 2182 2724 cter;
2221 2659 2313 2713 sed
2355 2669 2562 2715 natura:
2598 2661 2955 2716 imbecillitati
3003 2666 3467 2718 aceowmodatam
3516 2679 3606 2719 re-

2031 2749 2378 2819 sponsionem
2410 2747 2565 2803 al'l‘ert
2610 2759 2665 2804 et
2694 2751 2770 2802 ait
2797 2767 2811 2803 :
2847 2769 2867 2802 ι
2889 2749 3086 2815 Etiam,
3122 2753 3364 2816 Domine,
3415 2764 3466 2805 tu
3498 2754 3609 2808 sris

2030 2845 2153 2915 quia
2185 2861 2309 2899 amo
2339 2853 2412 2899 te.
2443 2863 2462 2896 ι
2502 2844 2579 2899 Ita
2612 2861 2675 2900 ex
2712 2846 2818 2909 his,
2862 2861 2985 2915 quae
3014 2863 3213 2917 passus
3248 2849 3443 2913 fuerat,
3467 2848 3608 2903 didi-

2030 2937 2104 2992 cit
2139 2953 2153 2989 :
2189 2936 2260 2990 ita
2302 2937 2452 2990 illum
2487 2939 2858 3008 experientem
2907 2938 3089 2993 clades
3140 2954 3236 2993 sua
3280 2941 3605 3006 reddiderat,

2032 3043 2136 3081 non
2170 3041 2290 3083 esse
2321 3028 2533 3083 scilicet
2557 3030 2860 3098 cuicunque
2893 3028 3058 3083 animi
3088 3032 3455 3099 prepensinni,
3495 3032 3608 3085 fer-

2034 3121 2269 3188 vorique
2311 3120 2716 3185 conﬁdendum,
2753 3123 2846 3177 sed
2892 3122 3265 3179 infirmitatem
3307 3133 3513 3177 natura:
3541 3125 3609 3178 ti-

2034 3212 2284 3267 mendam
2314 3231 2329 3269 :
2364 3231 2384 3264 ι
2407 3213 2639 3283 Spiritus
2665 3213 2810 3269 enim
2833 3225 3113 3284 promptus
3138 3224 3243 3279 est,
3266 3229 3395 3270 caro
3424 3225 3603 3270 autem

2033 3302 2248 3357 inﬁrma
2279 3301 2323 3357 '.
2355 3320 2377 3354 ι
2409 3302 2624 3358 Testem
2673 3318 2803 3359 vero
2837 3303 2985 3358 illum
3020 3304 3193 3373 ipsum
3239 3302 3370 3358 facit
3401 3305 3605 3361 autoris

2030 3393 2084 3446 in
2117 3409 2241 3447 eum
2275 3394 2356 3447 sui
2389 3409 2405 3447 :
2444 3412 2463 3445 ι
2496 3393 2741 3459 Domine,
2794 3403 2847 3448 tu
2887 3394 2998 3449 scis
3027 3394 3155 3463 quia
3186 3408 3309 3448 amo
3342 3403 3413 3449 te.
3445 3410 3465 3445 ι
3499 3394 3605 3448 Sed

2035 3484 2454 3554 interrogationi
2480 3483 2715 3548 Domini,
2746 3500 2852 3539 non
2888 3485 3106 3540 videtur
3141 3483 3284 3538 Petri
3327 3486 3605 3553 responsio

2031 3574 2433 3644 quodammodo
2458 3575 2772 3629 convenire.
2793 3574 2882 3629 ille
2901 3575 3117 3645 quidem
3139 3573 3428 3642 quarsierat
3449 3589 3463 3626 :
3489 3590 3509 3623 ι
3523 3571 3607 3625 Sl-

2030 3681 2155 3721 mon
2182 3665 2429 3733 Joannis,
2454 3665 2637 3736 diligis
2667 3668 2785 3721 me?
2813 3684 2833 3718 ι
2859 3665 2956 3720 llic
2975 3675 3152 3720 autem
3180 3680 3285 3721 non
3318 3664 3448 3720 dicit
3480 3681 3493 3717 :
3523 3663 3605 3717 Tu

2025 3756 2135 3813 scis
2163 3757 2289 3827 quia
2332 3755 2496 3826 diligo
2543 3765 2628 3823 te,
2682 3758 2801 3822 sed,
2854 3753 3026 3824 «Quia
3055 3769 3175 3810 amo
3216 3764 3290 3808 te.
3319 3773 3340 3808 ι
3372 3754 3604 3808 Multum

2026 3849 2224 3919 quippe
2249 3846 2361 3919 (69)
2406 3848 2551 3904 inter
2574 3863 2837 3913 amorem,
2863 3848 3316 3915 dilectionemque
3344 3846 3606 3899 interesse

2025 3943 2252 4001 sciebat.
2278 3942 2375 3998 llle
2405 3944 2547 4000 enim
2572 3925 2895 4013 principium
2927 3940 3041 4012 (70)
3063 3949 3119 3996 et
3147 3938 3234 3995 via
3261 3939 3503 4008 quaedam
3525 3945 3605 3992 est

1021 4110 1044 4142 '
1076 4109 1271 4166 Matth.
1307 4123 1462 4175 xxvi,
1484 4109 1586 4175 5'5;
1608 4107 1763 4165 Joan.
1795 4121 1915 4175 xm,
1946 4106 2038 4162 ‘57.
2112 4104 2136 4136 '
2162 4101 2354 4157 Matth.
2384 4115 2535 4164 xxvi,
2560 4100 2649 4154 41.

1573 4244 1903 4310 Francisci
1931 4243 2140 4307 Scorsi
2182 4248 2369 4304 notas.

415 4371 530 4444 (69)
583 4370 730 4444 Inter
775 4386 1003 4444 amarent
1053 4370 1508 4444 dilectionemque.
1584 4371 1808 4444 Auctor
1840 4369 1929 4424 hic

2036 4366 2327 4420 honestiore
2367 4360 2637 4423 vocabulo,
2675 4360 3006 4415 dilectionem
3039 4373 3127 4413 seu
3166 4356 3476 4413 cltaritalem
3509 4376 3602 4427 (ιμ’

334 4427 620 4502 subtiliter
684 4442 826 4497 inter
880 4441 1062 4509 φιλίαν
1123 4440 1219 4493 καὶ
1272 4427 1517 4510 ἀγάπην,
1568 4439 1927 4503 discriminat,
1963 4447 2008 4502 ι)
2034 4436 2278 4510 petiuere.
2319 4434 2410 4510 Sic
2443 4432 2554 4510 ille.
2605 4431 2686 4510 ᾼιΙ
2720 4446 2880 4510 quam
2925 4430 3249 4510 sententiam
3286 4427 3602 4510 itrniandant

326 4528 464 4586 «qua!
503 4526 604 4567 nos
654 4511 987 4586 discriminis
1021 4510 1185 4565 etiam
1233 4509 1395 4586 causa
1445 4509 1635 4586 Latine
1664 4510 1926 4564 vertimus

338 4579 577 4638 timorem
605 4590 655 4635 et
680 4580 1012 4636 dilectionem
1039 4596 1057 4635 :
1083 4594 1180 4634 nec
1229 4579 1348 4633 sine
1378 4581 1701 4633 auctoritate
1732 4594 1887 4632 sacra
1908 4606 1923 4620 -

335 4668 466 4708 rum
524 4650 854 4705 Litterarum
895 4660 950 4705 et
973 4650 1344 4720 profanarum,
1376 4660 1436 4704 ut
1477 4648 1588 4720 jam
1620 4648 1922 4720 ostendam.

338 4723 451 4777 Sed
502 4736 653 4784 vero,
705 4720 749 4774 si
798 4717 989 4773 harnui
1044 4719 1344 4773 dictionum
1419 4717 1600 4787 φιλίας
1627 4728 1678 4771 et
1703 4718 1924 4788 ἀγάπης

337 4795 445 4854 vis,
487 4800 541 4843 et
610 4803 739 4843 usus
792 4790 937 4842 inter
989 4790 1284 4858 scriptores
1304 4787 1522 4843 ϐιαιως
1556 4787 1922 4856 disquiratur,

335 4864 431 4914 vix
490 4859 765 4914 distinctio
819 4860 1236 4929 ιιὶεζιιοιιοθιιιιξρι
1268 4860 1362 4929 sed
1423 4859 1602 4926 potius
1635 4866 1928 4925 utrumque

341 4930 655 4999 ἀδιαφόρως
687 4927 1001 4999 usurpatum
1027 4944 1043 4996 ;
1072 4928 1203 4997 quin
1240 4927 1405 4982 etiam
1437 4943 1631 4999 nomen
1662 4929 1924 4999 ἀγάπης,

332 4996 495 5070 quod
519 4996 605 5053 hic
631 5013 728 5070 pro
755 4996 1153 5070 perfectissimo
1180 5012 1365 5052 amore
1409 4997 1522 5051 vult
1547 4996 1731 5070 accipi
1753 4997 1928 5070 Cera-

338 5066 518 5133 nitens,
573 5068 747 5121 lenius
786 5067 1076 5137 aliquando
1111 5082 1254 5133 esse,
1286 5082 1447 5137 quam
1482 5066 1636 5136 φιλία
1678 5067 1927 5121 animad-

334 5140 481 5193 verti
528 5147 707 5208 potest
758 5151 825 5191 οι
880 5136 1057 5208 Arist.
1091 5138 1185 5192 lib.
1218 5153 1311 5192 vin
1345 5136 1540 5191 Morel.
1591 5150 1713 5208 cap.
1744 5136 1801 5198 5,
1837 5138 1923 5190 ubi

332 5207 726 5262 etiam'verbo
770 5207 1032 5274 ἀγαπῶσι
1080 5210 1146 5261 de
1194 5207 1483 5262 levioribus
1515 5207 1703 5261 amicis
1732 5208 1922 5259 utitur.

337 5280 494 5344 Quod
532 5290 712 5332 autem
735 5280 969 5346 pertinet
997 5277 1064 5330 ad
1094 5292 1247 5346 nsum
1269 5291 1545 5332 sacrarum
1574 5276 1920 5346 Litterarum,

332 5356 497 5402 notat
548 5344 766 5415 Origen.
791 5349 936 5400 liom.
971 5348 996 5401 1
1043 5349 1097 5403 in
1124 5344 1304 5409 Cant.,
1338 5362 1457 5416 qua:
1485 5347 1639 5400 aliter
1666 5345 1926 5411 Prologus

334 5420 394 5473 in
447 5432 532 5482 ea,
582 5420 916 5482 inscribitur,
975 5418 1148 5485 magis
1203 5419 1397 5471 usitata
1442 5431 1562 5471 esse
1596 5417 1922 5478 dilectionis,

336 5499 394 5542 et
421 5488 708 5541 cluat-italis
764 5490 981 5541 nomina
1005 5504 1065 5541 ea
1091 5490 1158 5542 de
1185 5503 1368 5548 causa,
1405 5501 1565 5554 quam
1620 5486 1735 5555 ipse
1768 5485 1925 5539 aﬂ‘ert

335 5558 423 5611 bis
447 5558 626 5611 verbis
653 5574 670 5612 :
710 5554 932 5611 Videtur
963 5569 1136 5611 autem
1161 5557 1288 5609 milii
1309 5557 1486 5609 divina
1507 5554 1808 5623 Scriptura,
1833 5571 1925 5608 vo-

334 5628 451 5680 lens
483 5643 686 5687 cavere,
712 5644 776 5680 ne
823 5630 1009 5697 lapsus
1034 5627 1231 5697 aliquis
1265 5626 1563 5697 legentibus,
1589 5625 1684 5678 sub
1724 5625 1922 5679 amoris

335 5699 551 5750 nomine
571 5708 891 5759 nasceretur,
919 5714 1011 5762 pro
1045 5696 1426 5760 inﬁrmioribus
1477 5696 1766 5764 quibusque
1804 5710 1920 5747 eum

334 5768 431 5830 qui
461 5770 603 5829 apud
634 5769 895 5824 sapientes
921 5767 1105 5824 amuli
1131 5768 1343 5825 cuoido.
1371 5782 1459 5820 seu
1511 5782 1660 5819 amor
1703 5765 1921 5827 dicitur,

2015 4497 2198 4559 inulta
2235 4501 2484 4573 producit
2513 4497 2819 4573 testimonia
2856 4500 3053 4573 veteris
3104 4497 3480 4573 Instrumenti,
3514 4500 3601 4553 ubi

2028 4569 2582 4629 immen'dilectionis
2622 4580 2676 4625 et
2732 4569 3017 4625 charitatis
3064 4570 3294 4635 positum
3346 4578 3430 4623 est
3491 4584 3595 4634 pro

2028 4658 2231 4698 amore.
2278 4644 2356 4696 Ac
2416 4643 2632 4696 demum
2670 4640 2967 4702 concludit,
3027 4640 3272 4707 quamvis
3314 4637 3601 4693 charitatis

2027 4730 2224 4769 nomen
2282 4713 2350 4767 sit
2412 4712 2831 4782 gravissimum,
2864 4714 2921 4761 ut
2968 4706 3131 4782 etiam
3153 4706 3278 4782 Deo
3323 4720 3463 4782 sarpe
3500 4710 3595 4761 tri-

2030 4785 2247 4850 buatur,
2307 4792 2360 4836 et
2404 4776 2711 4837 dilectionis
2742 4780 2944 4850 itidem,
2968 4777 3342 4850 quajnbemur
3371 4776 3597 4850 diligere

2028 4843 2323 4921 proximos.
2355 4867 2452 4906 nec
2474 4850 2608 4905 satis
2638 4864 2780 4904 recte
2800 4848 2867 4901 de
2887 4843 3152 4921 pecunize,
3198 4843 3282 4897 vel
3309 4845 3595 4911 voluptatis

2028 4918 2234 4985 amore,
2304 4921 2628 4976 eltaritatem
2679 4920 2804 4987 quis
2847 4918 3066 4987 dixerit,
3095 4925 3272 4987 tamen
3336 4928 3443 4966 non
3481 4930 3601 4970 esse

2027 4981 2317 5062 piaculum,
2353 5006 2450 5043 nec
2477 4981 2712 5062 multum
2727 4990 3007 5049 interesse,
3028 4986 3072 5036 si
3092 4983 3210 5050 quis
3228 4981 3396 5036 Deum
3419 4996 3601 5062 ornare

2026 5052 2086 5115 se
2110 5063 2276 5127 dicat,
2302 5052 2370 5115 vet
2395 5063 2558 5115 Deum
2589 5061 2761 5126 ipsum
2781 5064 2931 5109 vocet
2951 5067 3220 5127 __atrLoreiti
3260 5065 3441 5127 suum.
3467 5052 3601 5127 San-

2026 5141 2144 5185 etus
2173 5120 2357 5185 autem
2387 5120 2677 5201 Augustin.
2704 5127 2798 5179 lib.
2826 5128 2920 5178 ειν
2941 5122 3014 5176 De
3048 5120 3207 5176 Civil.
3237 5120 3434 5201 eam].
3465 5124 3600 5201 und-

2028 5204 2095 5253 tis
2127 5216 2191 5255 ex
2227 5201 2359 5254 locis
2414 5191 2652 5252 osiendit
2700 5207 2804 5248 tam
2864 5208 3062 5257 amare,
3110 5205 3273 5259 quam
3310 5191 3527 5260 diligere
3549 5194 3600 5244 in

2020 5271 2223 5324 bonam
2291 5281 2520 5338 partem,
2576 5277 2631 5319 et
2676 5267 2730 5341 in
2780 5264 2990 5341 _malam_
3042 5263 3242 5341 accipi,
3309 5261 3599 5341 necullum

2026 5341 2171 5394 inter
2236 5330 2305 5394 ea"
2354 5339 2646 5392 discrimen
2692 5333 2842 5396 laeit,
2902 5333 3032 5401 quin
3056 5333 3309 5386 etiame:
3350 5330 3455 5384 hoc
3480 5330 3600 5451 lipso

3500 5414 3600 5451 0C"

3500 5414 3601 5454 000

2099 5480 2212 5550 (70)
2247 5478 2343 5532 Ille
2386 5477 2522 5550 enim
2555 5473 2899 5550 principium,
2944 5471 3211 5550 _etc:Di_cit
3246 5469 3345 5540 τὴν
3414 5468 3600 5550 ςςιλίαν

2024 5540 2144 5607 esse
2166 5540 2304 5603 viam
2341 5559 2393 5603 et
2429 5540 2760 5621 principium
2787 5547 2874 5621 _ad
2906 5543 3021 5621 τὴν.
3036 5541 3280 5621 ἀγάπην,
3304 5540 3467 5620 ιιιιοίι⁸
3494 5555 3600 5607 quo

2025 5629 2187 5692 pacto
2243 5613 2702 5692 interpretandum
2738 5615 2827 5692 sit
2881 5630 2945 5668 ex
3010 5613 3600 5692 ipsius”distinctione,

2024 5680 2186 5762 quam
2206 5691 2285 5762 _de
2316 5680 2512 5762 triplici
2547 5685 2798 5741 οιιιίςιιὶιιι
2822 5700 3018 5756 genere
3054 5682 3236 5746 tradit,
3270 5680 3598 5746 intelligetur

2026 5759 2169 5818 notis
2204 5760 2267 5811 Ἠ
2298 5759 2439 5815 et72
2479 5794 2496 5811 .
3586 5786 3591 5791 -
