3974 6220
300 365 408 431 7Ῑῖ

1584 358 1912 428 HUMILIA
1956 357 2252 419 XXXVII.

3448 356 3557 416 ’ῑιι

299 482 455 553 αὐτῷ
477 478 539 533 τὸ
565 479 771 549 τρίτον,
826 496 843 529 ι
882 476 1060 539 Φιλεῖς
1099 492 1165 546 με
1199 491 1214 540 ;
1254 495 1271 526 ι
1310 475 1383 527 τὸ
1414 476 1609 528 πεῖσαν
1653 474 1746 527 τον
1778 473 1879 525 Πέ-

1988 472 2065 524 xit
2085 472 2134 525 ei
2165 472 2357 525 tertio:
2384 470 2547 523 Amas
2579 469 2697 522 me?
2726 488 2744 520 ι
2773 469 2922 534 Quod
2944 469 3158 523 Petrum
3188 469 3254 524 ad
3284 471 3556 527 tristitiam

295 592 426 646 τρον
477 571 813 641 λυπηθῆναι,
866 570 899 641 ἡ
944 572 1010 623 ἐκ
1041 569 1227 639 τρίτου
1262 569 1493 639 ἄρνησις
1531 563 1622 639 ἦν,
1676 567 1773 620 καὶ
1820 567 1882 618 τὸ

296 662 761 737 παρηλλαγμένον
795 662 898 731 τῆς
945 661 1292 730 ἐρωτήσεως.
1326 661 1426 712 Διὰ
1468 659 1579 729 γὰρ
1613 657 1708 711 τοῦ
1745 658 1884 728 ὲρω-

293 760 550 830 τηθῆναι,
584 758 665 819 εἰς
698 755 1007 824 ἀνάμνησιν
1028 754 1127 824 τῆς
1157 753 1348 824 τρίτης
1377 748 1542 823 ἦλθεν
1573 750 1879 820 ἀρνήσεως.

293 853 395 906 Διὶ
422 852 478 904 δὲ
505 849 600 903 τοῦ
635 849 854 920 πρῶτον
905 846 1006 915 μὲν
1049 846 1143 899 καὶ
1191 843 1446 914 δεύτερον
1492 842 1788 911 ὲτασθῆναι
1831 843 1883 894 εἰ

291 942 557 1014 ἀγαπῴη,
590 941 652 994 τὸ
685 940 868 1011 τρίτον
899 938 956 991 δὲ
1006 938 1058 990 εἰ
1107 937 1318 1006 φιλοίη,
1368 938 1507 1006 ὅπερ
1531 939 1631 1004 τῆς
1662 934 1883 1004 ἀγάπης

292 1034 520 1085 ἔλαττον
551 1027 637 1101 ἦν,
668 1029 913 1098 ἐλυπήθη
943 1043 957 1056 ·
992 1027 1316 1097 θορυϐηθεὶς
1346 1026 1445 1096 μὲν
1470 1026 1542 1095 μή
1575 1043 1693 1087 πως
1718 1023 1883 1087 αὐτὸς

290 1127 470 1177 οἴεται
513 1122 714 1191 φιλεῖν,
750 1118 947 1189 καιροῦ
976 1118 1033 1170 δὲ
1064 1120 1157 1169 καὶ
1190 1117 1536 1187 πραγμάτων
1561 1116 1885 1186 περίστασις

291 1216 508 1283 ἐλέγξει
532 1214 745 1277 τοῦτον,
773 1211 849 1274 ὡς
876 1212 938 1263 οὐ
965 1210 1131 1277 φιλεῖ.
1177 1209 1523 1279 ’Δνατίθησιν
1548 1203 1640 1261 οὖν
1666 1207 1885 1261 ἅπαντα

292 1303 447 1372 οὐτῴ
475 1302 555 1372 τῷ
589 1300 758 1353 εἰδότι
788 1298 858 1351 τὰ
884 1298 1118 1368 κρύφια,
1153 1297 1249 1349 καί
1279 1313 1462 1366 φησι·
1524 1315 1542 1348 ι
1577 1296 1774 1368 Κύριε,
1817 1297 1883 1349 σὺ

291 1384 478 1443 πάντα
502 1385 675 1454 οἶδας,
703 1391 769 1442 σὺ
796 1389 1092 1456 γινώσκεις
1114 1389 1195 1441 ὅτι
1219 1387 1360 1456 φιλῶ
1395 1404 1478 1441 σε.
1509 1407 1528 1439 ι
1562 1388 1657 1450 Σὺ,
1691 1390 1881 1458 φησιν,

289 1474 338 1534 ὦ
375 1480 644 1543 Δέσποτα,
679 1479 878 1549 ἐπίσης
920 1478 1000 1548 τῷ
1035 1478 1394 1549 παρῳχηκότι
1429 1478 1491 1531 τὸ
1529 1480 1722 1549 μέλλον
1764 1480 1886 1532 ὲπί-

293 1590 525 1637 στασαι,
564 1573 630 1625 σὺ
668 1572 769 1625 οὐκ
800 1573 1018 1639 ἀγνοεῖς
1056 1572 1157 1642 τῆς
1185 1573 1428 1635 διανοίας
1466 1573 1526 1625 τὸ
1552 1571 1837 1643 πρόθυμον
1868 1589 1882 1607 ·

288 1663 414 1717 ἀλλ’
448 1661 619 1729 οἶδας,
658 1663 733 1727 ὡς
766 1664 894 1717 ὅσον
945 1665 1028 1728 εἰς
1079 1665 1233 1735 ἰσχὺν
1271 1659 1412 1737 ἧκεν
1456 1664 1599 1735 ἐμὴν
1650 1665 1751 1735 τῆς
1784 1665 1884 1735 σῆς

290 1754 485 1822 φιλίας
538 1754 850 1826 ἑξήρτημαι
877 1771 892 1787 ο
931 1756 981 1807 εἰ
1018 1754 1065 1808 δ’
1096 1755 1178 1808 ἐτι
1230 1755 1395 1810 πάλιν
1445 1758 1543 1808 καὶ
1603 1754 1882 1826 σύμφυτος

1988 563 2229 625 adduxit,
2270 563 2409 616 trina
2456 561 2670 628 negatio
2697 571 2753 615 et
2786 565 2997 619 variata.
3033 562 3381 630 interrogatio
3415 563 3558 624 fuit;

1984 667 2080 721 per
2112 651 2586 720 interregationem
2612 652 2806 721 quippe
2831 653 2881 705 in
2915 653 3218 721 negationis
3243 656 3558 710 memoriam

1986 756 2273 801 revocatus
2319 754 2421 800 est.
2450 746 2603 811 Quod
2641 761 2768 798 vero
2802 746 2977 813 primo
3032 754 3086 800 et
3131 749 3371 801 secundo
3413 748 3556 811 loco,

1986 846 2163 890 utrum
2205 836 2475 905 diligeret,
2527 836 2685 889 tertio
2736 851 2895 898 vero,
2928 847 3107 889 utrum
3147 847 3375 903 amaret,
3416 841 3560 905 quod

1983 936 2069 983 est
2097 928 2387 983 dilectione
2427 928 2607 982 minus
2642 926 2778 996 (76),
2808 929 3060 981 subtilius
3082 928 3150 982 ab
3180 940 3244 983 eo
3274 931 3558 999 quaesitum

1984 1029 2087 1085 est,
2124 1035 2244 1075 eum
2272 1033 2506 1073 maerore
2535 1017 2750 1086 affecit;
2774 1034 2949 1087 eoque
2972 1018 3329 1073 conturbatus
3354 1030 3458 1085 est,
3494 1037 3561 1075 ne

1985 1116 2162 1183 aliqua
2207 1117 2416 1168 ratione
2451 1116 2563 1182 ipse
2593 1128 2776 1168 amare
2814 1125 3116 1182 putaretur,
3145 1115 3404 1183 temporis
3433 1131 3560 1170 vero

1987 1207 2099 1277 (Π)
2125 1222 2414 1276 rerumque
2462 1207 2882 1260 circumstantes
2914 1221 3074 1260 casus
3103 1217 3411 1273 arguerent,
3435 1223 3557 1262 eum

1986 1316 2016 1353 a
2050 1300 2320 1369 diligendo
2355 1299 2607 1352 deiicere.
2639 1296 2911 1351 Permittit
2948 1298 3110 1366 igitur
3142 1297 3217 1351 illi
3240 1298 3442 1363 omnia,
3467 1298 3561 1367 qui

1984 1393 2194 1447 occulta
2222 1390 2507 1460 pernovit,
2535 1400 2588 1445 et
2619 1389 2696 1442 ait
2721 1405 2734 1440 :
2774 1407 2793 1440 ι
2831 1389 3074 1453 Domine,
3103 1396 3159 1442 tu
3183 1390 3365 1443 omnia
3395 1390 3558 1456 nosti,

1987 1492 2042 1536 ttt
2072 1482 2181 1537 scis
2215 1483 2339 1551 quia
2368 1497 2490 1535 amo
2512 1491 2585 1534 te.
2619 1498 2638 1531 ι
2678 1477 2780 1543 'I'u,
2822 1481 3015 1547 inquit,
3047 1481 3292 1545 Domine,
3328 1497 3448 1548 qua:
3480 1481 3564 1534 fu-

1988 1585 2105 1627 tttra
2152 1583 2280 1628 sunt
2314 1587 2466 1642 aeque
2510 1571 2622 1626 scis
2665 1588 2726 1624 ac
2762 1571 3051 1639 praeterita,
3089 1580 3143 1624 tu
3185 1572 3563 1640 promptitudi-

1987 1680 2108 1718 nem
2138 1665 2304 1719 animi
2335 1680 2440 1718 non
2465 1665 2703 1735 ignoras,
2728 1663 2826 1717 sed
2863 1679 2990 1717 vero
3016 1666 3177 1717 etiam
3218 1664 3357 1721 nosti
3391 1665 3557 1733 quod,

1989 1764 2250 1824 quantum
2290 1770 2419 1809 mea:
2448 1756 2593 1808 vires
2639 1754 2900 1818 tulerunt,
2948 1753 3022 1806 tui
3063 1770 3250 1808 amore
3275 1755 3562 1810 devinctus

278 1817 555 1911 νάσθὲνεια
582 1817 595 1820 ν
621 1817 1100 1918 -περικραδανθῇ,
1158 1847 1258 1901 καλ⁵
1329 1846 1490 1901 τοῦτό
1567 1864 1648 1900 σοι
1676 1817 1688 1826 .
1730 1817 1879 1918 μόνῳ

1989 1849 2082 1902 fni.
2133 1849 2285 1915 Quod
2329 1850 2375 1904 si
2424 1848 2619 1901 iterum
2678 1847 2861 1901 innata
2904 1847 3194 1902 infirmitas
3256 1863 3377 1902 mea
3425 1863 3563 1904 con-

285 1939 557 2008 γνωστόν.

373 2141 393 2174 ι
430 2122 597 2191 Λέγει
630 2120 777 2191 αὑτῷ
798 2122 827 2172 ὁ
862 2120 1105 2191 Ἰησοῦς·
1140 2141 1159 2173 ι
1203 2120 1395 2191 Ἀμὴν,
1429 2119 1577 2189 ἀμὴν
1603 2119 1748 2186 λέγω
1777 2136 1880 2180 σοι,

285 2216 386 2267 ὅτε
414 2209 482 2284 ἧς
512 2212 800 2284 νεώτερος,
834 2211 1102 2275 ἐζώννυες
1136 2211 1382 2271 σεαυτὸν,
1407 2212 1499 2263 καὶ
1529 2212 1885 2279 περιεπάτεις

286 2310 429 2361 ὅπου
462 2304 654 2377 ἤθελες
679 2321 695 2335 ο
737 2306 867 2359 ὅταν
895 2303 951 2357 δὲ
977 2305 1250 2376 γηράσῃς,
1287 2305 1526 2367 ἐκτενεῖς
1555 2304 1652 2366 τὰς
1693 2304 1883 2374 χεῖράς

288 2415 419 2461 σου,
451 2398 547 2451 καὶ
587 2397 744 2460 ἄλλος
778 2413 836 2449 σε
875 2395 1062 2460 ζώσει.
1100 2413 1121 2447 ι
1180 2396 1508 2449 Ἀνακτᾶται
1554 2395 1655 2464 τῆς
1702 2395 1883 2466 λύπης

286 2492 393 2544 καὶ
427 2489 625 2552 πτοίας
650 2490 742 2542 τὸν
781 2488 1057 2559 μαθητὴν,
1086 2487 1183 2543 καὶ
1210 2491 1599 2559 προαναφωνεῖ
1619 2489 1766 2559 αὐτῷ
1792 2490 1881 2543 τὸν

289 2583 560 2652 σταυρθιν,
616 2583 710 2635 καὶ
755 2581 1015 2652 προλέγει
1047 2580 1139 2634 τὸν
1185 2581 1439 2636 θάνατον.
1482 2583 1550 2635 Ὃ
1579 2582 1688 2650 γάρ
1735 2576 1879 2646 εἶπε,

285 2673 542 2726 τοιοῦτόν
592 2674 753 2726 ἐστι·
810 2672 901 2744 Μὴ
958 2672 1126 2747 φόϐου
1172 2672 1268 2725 καὶ
1325 2671 1553 2742 θορύϐου
1606 2673 1878 2743 πλησθῇς,

287 2762 487 2825 δεδιὼς
525 2763 599 2833 μὴ
629 2762 739 2833 ἄρα
767 2765 940 2832 φανῇς
973 2763 1032 2815 οὐ
1060 2760 1251 2829 φιλῶν.
1296 2761 1393 2824 Εἰς
1422 2760 1675 2815 τοσοῦτον
1702 2764 1810 2831 γὰρ
1846 2765 1878 2832 ἡ

291 2858 381 2916 εἰς
412 2854 512 2924 ἐμέ
541 2871 632 2906 σου
667 2853 856 2923 ἀγάπη
895 2853 1286 2923 ἑκταθήσεται,
1323 2852 1400 2915 ὡς
1430 2853 1761 2922 κοινωνῆσαί
1788 2869 1879 2921 μοι

291 2947 395 3000 τοῦ
428 2946 653 3010 πάθους,
691 2947 788 2998 καὶ
810 2945 909 3009 τὰς
944 2947 1135 3015 χεῖρας
1168 2945 1434 3012 ἐκτεῖναι,
1470 2945 1565 2999 καὶ
1589 2945 1881 2998 ἀνασκολο-

295 3037 565 3107 πισθῆναι
597 3035 837 3107 σταυρῷ.
871 3054 889 3086 ι
918 3036 1050 3089 Ὅτε
1082 3030 1149 3107 ἦς
1177 3034 1466 3105 νεώτερος,
1499 3035 1763 3100 ἐζώννυες
1791 3052 1880 3088 σε-

1985 1939 2236 1993 eutienda
2296 1954 2360 1993 ac
2396 1938 2767 1994 labefactanda
2823 1940 2928 2005 sit,
2986 1939 3085 1994 tibi
3134 1943 3298 1996 etiam
3349 1941 3400 1995 id
3458 1958 3562 1996 no-

1989 2043 2101 2085 Illi“
2134 2041 2236 2085 88!.

2067 2142 2086 2175 ι
2119 2122 2210 2177 Ait
2242 2123 2319 2177 illi
2340 2122 2497 2178 Jesus
2522 2139 2535 2176 :
2559 2124 2752 2189 Amen,
2782 2138 2938 2178 amen
2963 2123 3085 2180 dico
3122 2125 3234 2191 tibi,
3263 2140 3386 2180 cum
3411 2140 3565 2181 esses

1981 2215 2188 2284 junior,
2222 2216 2476 2285 cingebas
2511 2225 2562 2271 te
2603 2224 2658 2270 ct
2685 2217 3001 2271 ambulabas
3035 2218 3123 2271 ubi
3157 2218 3408 2286 volebas;
3437 2234 3560 2273 cum

1993 2320 2175 2364 autem
2209 2309 2474 2371 sentietis,
2508 2309 2767 2363 extendes
2800 2322 2992 2361 manus
3024 2317 3164 2371 tuas,
3205 2318 3255 2362 et
3284 2307 3424 2362 alius
3449 2309 3565 2361 ciu-

1985 2412 2074 2469 εει
2113 2407 2186 2452 te.
2214 2418 2233 2450 ι
2273 2400 2312 2451 A
2346 2414 2578 2452 interere
2609 2413 2674 2453 ae
2712 2408 2854 2451 metu
2889 2397 3208 2466 discipulum
3246 2404 3481 2461 revocat,
3507 2410 3564 2453 et

1985 2501 2203 2540 crucem
2263 2487 2336 2540 illi
2404 2498 2740 2554 mortemque
2790 2487 3138 2554 prtenuntiat.
3209 2487 3359 2553 Quod
3413 2489 3560 2556 enim

1985 2580 2136 2639 dixit,
2183 2579 2290 2633 tale
2335 2587 2461 2633 est:
2499 2579 2573 2632 Ne
2606 2579 2799 2632 timore
2829 2594 2893 2632 ac
2932 2579 3220 2634 formidine
3261 2580 3560 2648 itnplearis,

1987 2683 2234 2725 metuens
2282 2685 2351 2725 ne
2403 2671 2693 2739 aliquando
2737 2670 2918 2724 minus
2963 2685 3153 2726 amans
3188 2671 3440 2726 videaris.
3481 2671 3560 2733 Eo

1983 2763 2125 2816 enim
2172 2772 2260 2815 tua
2293 2762 2344 2815 in
2402 2777 2488 2815 me
2531 2762 2771 2816 Charitas
2812 2773 3126 2828 excresret,
3175 2773 3233 2815 ttt
3282 2762 3562 2818 Passionis

1983 2870 2118 2908 mea:
2152 2855 2332 2908 socius
2376 2865 2431 2907 et
2466 2854 2735 2923 particeps
2764 2854 2840 2907 sis
2872 2853 3104 2918 futurus,
3139 2863 3192 2908 et
3224 2870 3418 2909 manus
3458 2873 3560 2913 es-

1985 2957 2255 3011 tensztrus,
2291 2956 2349 3000 ut
2378 2948 2524 2999 cruri
2557 2935 2918 3015 configantur.
2955 2963 2973 2997 ι
3011 2945 3144 2999 Cum
3177 2962 3328 3003 esses
3351 2947 3559 3017 juniur,

1981 3044 2239 3107 cingebas
2291 3051 2377 3107 te,
2430 3050 2486 3095 et
2536 3042 2853 3096 :nnbnlabas
2886 3043 2974 3095 ubi
3020 3042 3256 3097 volebas.
3305 3062 3323 3094 ι
3361 3044 3436 3099 Ex
3473 3045 3560 3100 his

295 3128 492 3190 αυτὸν,
546 3130 639 3182 καὶ
686 3129 1047 3197 περιεπάτεις
1097 3128 1233 3181 ὅπου
1259 3128 1492 3201 ἤθελες·
1532 3146 1552 3179 ι
1610 3128 1757 3181 ἐστιν
1810 3130 1875 3180 ἐκ

1986 3134 2163 3189 verbis
2216 3133 2484 3201 conjicere
2543 3133 2704 3198 licet,
2756 3149 2933 3203 neque
2982 3144 3111 3189 tunc
3162 3135 3560 3192 adulescentem

291 3219 507 3273 τούτων
531 3219 935 3291 τεκμήρασθαι,
969 3219 1048 3283 ὡς
1076 3219 1203 3273 οὕτε
1247 3219 1369 3282 νέος
1408 3216 1477 3291 ἦν
1509 3220 1630 3274 καθ’
1664 3219 1879 3291 ἡλικίαν

291 3308 424 3364 τότε
452 3311 480 3363 ὁ
507 3310 736 3378 Πέτρος,
767 3306 892 3361 οὔτε
919 3306 1274 3379 γεγηρακὼς,
1300 3307 1416 3361 ἀλλ’
1447 3308 1754 3378 ὑπηνήτης,
1787 3306 1883 3359 καὶ

292 3401 431 3473 περὶ
459 3400 522 3454 τὸ
562 3403 662 3473 τῆς
699 3399 841 3471 ἥόης
879 3399 1231 3469 μεσαίτατον.
1284 3398 1427 3451 Ἀλλ’
1473 3400 1606 3470 ἡμῖν
1657 3414 1720 3466 γε
1768 3401 1883 3461 τοῖς

293 3494 562 3567 κεχηνόσι
607 3492 810 3562 μᾶλλον
858 3492 994 3563 πρὸς
1029 3492 1089 3545 τὸ
1110 3492 1205 3546 τοῦ
1237 3492 1397 3562 λόγου
1429 3491 1882 3562 πνευματικώτε-

293 3603 396 3657 ρον
428 3586 659 3657 ἐροῦμεν
692 3585 753 3637 τὸ
790 3582 1221 3657 μυστικώτερον.

371 3677 657 3750 Νεώτερον
691 3678 856 3733 αὐτὸν
899 3675 1042 3731 εἶναι
1072 3678 1248 3746 λέγει,
1293 3677 1383 3730 ὅτε
1416 3676 1514 3747 τὴν
1542 3675 1686 3730 κατὰ
1718 3675 1881 3745 νόμον

292 3772 399 3841 ἔζη
426 3770 599 3841 ζωὴν,
628 3772 687 3824 ὲν
716 3772 831 3834 τοῖς
855 3772 1105 3839 νομικοῖς
1129 3768 1392 3840 ἡϐάσκων
1417 3768 1711 3838 παρατηρή
1724 3783 1877 3835 μασι.

292 3860 438 3916 Τότε
471 3863 580 3933 γὰρ
615 3861 882 3926 ἐζώννυεν
917 3861 1081 3915 αὐτὸν
1106 3862 1207 3930 τὴν
1248 3859 1426 3930 ζώνην
1456 3859 1565 3911 τῶν
1608 3858 1839 3912 ἐντολῶν
1862 3872 1878 3888 ·

291 3954 478 4025 γῆρας
515 3955 570 4007 δὲ
611 3955 768 4009 καλεί
810 3953 910 4021 τὴν
956 3952 1331 4022 Εὑσιγγελικὴν
1373 3951 1713 4021 τελειότητα,
1756 3950 1879 4004 καθ’

290 4049 367 4118 ἦν
393 4047 604 4117 πλήρης
636 4046 818 4100 καλῶν
855 4045 1080 4117 ἡμερῶν
1123 4048 1151 4098 ὁ
1202 4047 1411 4115 Πέτρος
1440 4046 1753 4114 γενόμενος,
1782 4046 1880 4098 αὖ·

289 4142 393 4202 τος
432 4138 530 4208 μὲν
560 4142 659 4209 τῆς
685 4139 1001 4209 πρακτικῆς
1024 4139 1228 4208 ἀρετῆς
1258 4138 1356 4201 τὰς
1381 4140 1570 4209 χεῖρας
1593 4136 1878 4201 ἐξέτεινεν,

289 4232 460 4293 ἄλλος
492 4231 547 4283 δὲ
595 4231 757 4283 αὐτὸν
792 4229 1017 4293 ἔζωσεν,
1061 4231 1087 4282 ὁ
1139 4229 1500 4298 Παράκλητος
1541 4228 1767 4297 δηλαδὴ,
1809 4229 1876 4297 τῇ

290 4323 411 4375 τῶν
433 4323 791 4393 χαρισμάτων
810 4321 1040 4391 δυνάμει
1065 4322 1378 4392 περιζώσας
1399 4320 1564 4373 αὑτοῦ
1587 4320 1685 4389 τὴν
1706 4320 1878 4387 ὀσφὺν

293 4415 403 4480 τῆς
431 4413 632 4484 ψυχῆς,
666 4411 810 4465 ὥστε
835 4412 926 4466 τὸν
955 4414 1053 4480 τῆς
1077 4411 1385 4480 ἀποστολῆς
1418 4412 1617 4481 δρόμον
1644 4411 1876 4483 δραμεῖν

1987 3235 2148 3281 a'tate
2180 3225 2399 3280 Petrum
2431 3224 2617 3287 fuisse,
2671 3240 2770 3279 nec
2798 3240 3008 3291 senem,
3042 3228 3135 3280 sed
3179 3225 3401 3281 barbam
3426 3229 3564 3281 emi-

1986 3318 2122 3373 sisse
2159 3318 2302 3388 jam,
2352 3329 2408 3373 et
2446 3319 2680 3371 mediam
2716 3318 2782 3370 ad
2817 3328 3033 3373 artatetn
3079 3330 3413 3386 provectum.
3453 3319 3560 3373 Sed

1984 3408 2125 3462 enim
2161 3408 2315 3462 vobis
2361 3418 2530 3471 certe,
2583 3408 2674 3477 qni
2714 3408 2779 3461 ad
2817 3409 2990 3477 magis
3025 3409 3335 3476 spirituales
3367 3426 3560 3467 sensus

1985 3502 2222 3554 maxime
2283 3499 2539 3566 initiatis,
2588 3500 2920 3554 reconditum
2976 3502 3228 3570 quiddam
3286 3514 3339 3558 et
3389 3505 3561 3573 magis

1985 3594 2274 3664 mysticum
2308 3591 2601 3663 proferam.

2053 3684 2327 3739 Jnn'toretn
2349 3699 2472 3740 eum
2500 3684 2656 3755 261
2679 3683 2845 3740 fuisse
2864 3685 3012 3750 dicit,
3034 3701 3161 3742 tunc
3181 3702 3300 3742 cum
3326 3690 3447 3743 vita:
3471 3706 3560 3744 ra-

1983 3777 2184 3832 tionem
2220 3791 2284 3831 ex
2320 3776 2456 3846 legis
2500 3779 2824 3846 praescripto
2855 3778 3193 3844 instituerat,
3227 3782 3468 3847 adeoque
3505 3782 3557 3834 in

1982 3866 2451 3922 observationibus
2482 3865 2743 3933 legalibus
2782 3864 3190 3931 juvenescebat.
3226 3867 3380 3922 Tunc
3409 3870 3555 3923 enim

1982 3969 2374 4029 prtem-piorum
2407 3972 2468 4013 se
2520 3971 2658 4010 zona
2706 3957 2975 4023 cingebat.
3034 3957 3378 4013 Senectutem
3428 3975 3558 4014 vero

1984 4050 2368 4120 perfectionem
2400 4048 2764 4117 evangelicam
2787 4058 2964 4111 vocat,
2989 4048 3140 4116 juxta
3173 4063 3334 4116 quam
3367 4048 3560 4104 Petrus

1983 4144 2246 4197 bonorum
2271 4137 2383 4208 jam
2430 4139 2622 4209 plenus
2642 4138 2877 4204 dierum,
2928 4139 3042 4207 ipse
3081 4141 3296 4209 quidem
3335 4144 3403 4194 ad
3434 4157 3559 4210 pra-

1980 4236 2134 4290 cticaz
2197 4231 2423 4285 virtutis
2483 4230 2926 4285 exercitationem
2975 4232 3131 4302 quasi
3195 4248 3389 4288 manus
3440 4250 3562 4303 por-

1980 4329 2141 4385 rexit.
2156 4326 2295 4379 alius
2313 4339 2438 4378 vero
2453 4322 2602 4376 illutn
2618 4323 2809 4387 cinxit,
2826 4322 3135 4379 Paracletus
3149 4325 3405 4383 nimirum
3422 4326 3530 4379 lum
3546 4352 3561 4367 -

1983 4421 2077 4472 bos
2093 4417 2210 4485 eius
2228 4415 2621 4470 charismatum
2643 4416 2840 4469 virtute
2871 4418 3213 4484 succingens,
3251 4425 3309 4469 ut
3337 4426 3543 4484 aposto-

291 4503 600 4570 εὐσταλῶς,
636 4503 731 4556 καὶ
762 4502 915 4567 τέλος
968 4506 1210 4557 ἐκτεῖναι
1252 4505 1349 4565 τὰς
1389 4507 1598 4574 χεῖρας,
1634 4504 1727 4556 καὶ
1770 4503 1875 4556 ὑπὸ

1986 4511 2120 4564 latus
2133 4524 2353 4564 cursum
2372 4523 2590 4562 currere
2607 4508 2856 4578 expedite
2871 4516 3074 4574 posset,
3092 4518 3143 4563 et
3166 4509 3231 4562 ad
3253 4518 3553 4564 extremum

292 4597 479 4652 ἄλλων
529 4596 591 4649 τὸ
645 4595 838 4665 ζῶσμα
886 4597 948 4649 τὸ
975 4597 1032 4648 ὲν
1058 4595 1137 4666 τῷ
1173 4595 1395 4668 σταυρῷ
1446 4596 1871 4660 καταδέξασθαι.

296 4690 428 4742 Ὀτι
452 4688 561 4758 γὰρ
589 4687 681 4740 τὸν
704 4686 793 4740 διὰ
828 4686 1064 4756 σταυροῦ
1090 4686 1313 4759 ᾐνίξατο
1346 4688 1592 4753 θάνατον,
1628 4692 1685 4741 ὲν
1710 4682 1755 4757 ᾧ
1784 4705 1877 4756 γε-

294 4779 528 4847 νόμενος
554 4780 583 4831 ό
613 4778 820 4848 Πέτρος
856 4777 1077 4842 ὲδόξασε
1117 4778 1208 4831 τὸν
1250 4777 1405 4842 Θεὸν,
1442 4779 1696 4842 κοινωνὸς
1725 4779 1875 4849 αὐτῷ

294 4871 394 4924 τοῦ
427 4872 633 4933 πάθους
660 4871 976 4940 γενόμενος,
1009 4869 1197 4938 σαφῶς
1244 4870 1378 4939 ἡμῖν
1423 4871 1451 4923 ὁ
1485 4870 1878 4941 εὐαγγελιστὴς

296 4961 597 5032 ἐρμηνεύει
628 4962 689 5014 τὸ
712 4962 941 5032 αῐνιγμα
969 4978 982 4993 ’
1026 4981 1043 5013 ι
1074 4960 1245 5014 Τοῦτο
1270 4961 1377 5032 γὰρ
1414 4957 1558 5026 εἷπε,
1588 4964 1747 5032 φησὶ.
1781 4980 1879 5034 ση-

302 5061 517 5130 μαίνων
550 5060 692 5131 ποίῳ
729 5060 944 5129 θανάτῳ
967 5060 1180 5124 δοξάσει
1210 5060 1299 5112 τὸν
1329 5060 1483 5115 Θεόν.
1515 5080 1534 5112 ι
1570 5060 1728 5114 Οὕτω
1768 5063 1877 5132 γὰρ

296 5151 395 5205 τοῦ
426 5149 823 5220 εὐαγγελιστοῦ
874 5151 935 5204 τὸ
983 5150 1147 5221 ῥητὸν
1203 5149 1660 5221 ἑρμηνεύσαντος,
1699 5136 1877 5219 θρασῧ

1984 4618 2175 4657 manus
2202 4601 2514 4664 extendere,
2542 4611 2596 4652 et
2622 4603 2688 4654 ab
2712 4600 2832 4654 aliis
2857 4601 3304 4671 vincula,quibus
3323 4602 3376 4654 in
3395 4616 3559 4657 cruce

1983 4693 2334 4761 deligaretur,
2366 4692 2634 4760 accipere.
2670 4689 2820 4756 Quod
2852 4694 2996 4746 enim
3022 4706 3170 4745 mors
3210 4705 3305 4757 per
3341 4706 3555 4743 crucem

1986 4785 2265 4840 subeunda
2285 4784 2369 4837 his
2402 4783 2582 4838 verbis
2602 4782 2904 4853 significata
2938 4782 3031 4848 sit,
3065 4782 3118 4835 in
3139 4797 3298 4849 quam
3319 4778 3558 4833 sublatus

1988 4878 2179 4932 Petrus
2204 4876 2371 4947 gloria
2403 4876 2569 4930 Deum
2598 4875 2769 4936 anxit,
2801 4875 3103 4943 passionem
3130 4889 3251 4928 cum
3289 4871 3376 4925 illo
3407 4886 3558 4927 com-

1990 4985 2203 5024 munem
2238 4970 2463 5031 habens,
2485 4977 2670 5036 aperte
2699 4967 2853 5020 nobis
2877 4965 3265 5034 interpretatur
3287 4967 3560 5030 evangeli-

1982 5075 2081 5125 sua,
2107 5063 2247 5132 quod
2269 5062 2546 5115 iuvolucro
2565 5060 2652 5113 illo
2673 5060 2954 5112 verborum
2974 5055 3353 5110 continebatur
3374 5073 3387 5110 :
3411 5075 3428 5105 ι
3446 5054 3555 5110 lluc

1977 5155 2120 5208 enim
2150 5150 2421 5219 dixit,a'it,
2442 5153 2775 5218 significans,
2813 5164 2917 5218 qua
2942 5161 3114 5203 morte
3156 5148 3551 5204 clariﬁcaturus

1532 5263 1851 5326 Francisoi
1881 5265 2089 5327 Scorsi
2133 5282 2318 5328 uetas.

375 5391 490 5463 (76)
537 5389 690 5463 Quod
727 5398 810 5463 est
842 5388 1117 5443 dilectione
1146 5393 1338 5446 minus.
1385 5390 1520 5463 Vide
1549 5401 1664 5447 not.
1700 5392 1790 5459 72,
1826 5395 1878 5447 in

1977 5391 2263 5463 Theophil.
2315 5392 2455 5460 apud
2506 5389 2819 5463 Cornelium
2856 5406 2869 5441 ε
2900 5388 3258 5443 Coalristatus
3306 5396 3419 5463 est,
3465 5386 3546 5463 in-

298 5458 405 5532 quit
435 5458 480 5515 θ’
502 5461 661 5532 nobis
691 5458 974 5532 ertplicata
998 5471 1079 5513 est
1122 5470 1277 5515 mens
1310 5462 1549 5516 auctoris
1579 5466 1725 5517 circa
1761 5465 1877 5519 haec
1973 5458 2194 5531 quium,
2223 5458 2415 5515 Petrus
2450 5462 2571 5532 quia
2599 5476 2662 5513 ex
2686 5470 2766 5511 ter
2797 5460 2990 5513 iterata
3022 5460 3428 5524 interrogatione
3453 5459 3553 5532 sibi

301 5529 525 5588 nomina
564 5531 742 5602 “(prlio
806 5529 902 5582 καὶ
936 5530 1170 5602 -ἁγάπη,
1208 5547 1329 5598 qua:
1390 5547 1527 5602 sane
1584 5535 1876 5602 explicatio

301 5611 530 5671 apparet
562 5599 766 5671 liquido
818 5616 881 5653 ex
935 5599 1019 5653 bis
1074 5602 1273 5663 verbis,
1307 5601 1398 5655 ulti
1443 5604 1518 5655 ait
1546 5599 1722 5670 φιλεῖν
1755 5621 1874 5659 esse

302 5665 497 5727 nisi...»
527 5665 620 5723 τοῦ
652 5672 892 5739 ἀγαπᾷν,
923 5672 1067 5736 quod
1097 5675 1159 5722 de
1187 5672 1372 5724 eadem
1404 5665 1673 5726 οὶιιιιυιὶιιιε
1702 5675 1875 5727 mino-

304 5760 360 5797 re
387 5760 450 5796 ιιι*
486 5741 713 5809 majore,
746 5741 1058 5808 imperfecta
1099 5741 1448 5809 petfectaqne
1474 5742 1865 5808 accipiendum.

376 5813 486 5883 (77)
531 5809 798 5878 Temporis
845 5826 983 5873 vero,
1037 5821 1141 5863 etc.
1186 5809 1259 5864 Ita
1292 5811 1548 5868 Leontius
1578 5812 1777 5882 Chrys.
1815 5824 1869 5868 et

628 5905 900 5965 PATROL.
935 5901 1052 5964 Gn.
1080 5903 1373 5968 CXXXII.

1975 5529 2247 5585 ridebatur
2289 5532 2499 5587 Christo
2528 5531 2592 5583 de
2630 5545 2810 5583 amore
2834 5538 3124 5595 suspectus,
3169 5539 3261 5579 aut
3305 5539 3441 5580 certe
3476 5529 3551 5579 ti-

1974 5605 2166 5657 mebat.
2199 5617 2260 5653 ne
2291 5602 2391 5654 sibi
2426 5603 2768 5669 contingeret.
2797 5602 2934 5669 quod
2976 5602 3028 5651 in
3059 5598 3342 5659 Passieno,
3376 5606 3424 5648 et
3451 5602 3551 5650 sic-

1970 5681 2026 5724 ut
2075 5682 2184 5724 tum
2228 5672 2455 5743 negavit,
2498 5675 2571 5724 sic
2610 5688 2655 5725 et
2695 5672 2981 5742 aliquando
3020 5684 3123 5721 non
3157 5678 3357 5720 amaret
3386 5670 3549 5722 thri-

1964 5751 2127 5795 stum.

3164 5902 3241 5964 23
