3974 6220
359 238 469 301 729

1627 236 1954 298 HOMILIA
1992 239 2325 306 XXXVIII.

3515 256 3623 319 730

360 350 559 403 ἑαυτὸν
589 350 880 423 δφιδρύσαι
905 352 1315 409 κατακλιθέντα
1343 361 1424 420 είς
1453 357 1577 426 γῆν,
1602 357 1699 410 καὶ
1726 357 1786 410 τὸ
1813 357 1935 428 πρὸς

2051 360 2367 416 inclinatum
2414 362 2562 418 bumi
2588 379 2664 421 .se
2703 365 3103 435 composuisse,
3140 380 3239 425 nec
3277 371 3461 426 sedem
3504 383 3622 427 stu-

359 442 636 514 καθέδραν
656 446 1106 516 ἀνεπιτήδευτοψ
1142 449 1174 517 ή
1214 449 1400 515 μέντοι
1427 448 1529 519 τῆς
1560 447 1709 519 ὧρας
1730 450 1941 519 ὑποση-

361 534 593 602 μείωσις
627 535 688 588 τὸ
720 537 850 607 περὶ
880 537 982 605 τὴν
1014 538 1222 608 τροφὴν
1244 538 1618 610 ιπαρέστησεν
1648 540 1938 609 ἑγκρατές.

359 627 511 690 Ἕως
535 628 649 697 γάρ
671 629 805 683 αὐτὸ
830 629 891 682 τὺ
915 631 1014 701 τῆς
1039 630 1251 701 ἡμέρας
1280 632 1606 700 μεσαίτατον
1631 632 1815 693 ἄσιτος
1846 627 1937 702 ἦν,

360 720 459 771 καὶ
495 719 670 773 ταῦτα
727 719 1070 790 πεζοπορῶν,
1104 723 1201 773 καὶ
1234 722 1370 793 ἡλίῳ
1399 722 1757 792 θερμόμενος.
1792 721 1940 790 Πλὴν

358 812 460 866 καὶ
492 813 622 868 ἄλλο
648 831 701 867 τι
742 814 992 883 βούλεται
1020 814 1420 885 ὑποσημαίνειν
1452 817 1552 884 τῆς
1595 815 1745 886 ὥρας
1777 817 1805 885 ἡ
1840 815 1939 882 δή-

356 901 525 968 λωσις
550 921 565 936 ο
598 905 722 959 καθ’
753 905 821 977 ἢν
850 909 959 977 γάρ
993 905 1144 977 ὥραν
1189 908 1220 977 ἡ
1274 906 1387 960 Εὕα
1430 905 1707 960 ἐπεπώκει
1739 906 1800 958 τὸ
1839 907 1940 972 τῆς

357 999 648 1069 παρακοῆς
675 997 1024 1069 δηλητήριον,
1070 999 1191 1052 κατ’
1222 998 1393 1070 αὐτὴν
1436 999 1469 1067 ή
1500 999 1600 1068 τῆς
1631 996 1775 1060 Εὔας
1806 996 1942 1050 ἀπό-

357 1105 518 1158 γονος
551 1091 765 1159 εἰλήφει
788 1091 851 1143 τὸ
877 1093 977 1161 τῆς
1008 1090 1291 1161 ἁμαρτίας
1322 1091 1601 1162 λυτήριον.

434 1200 454 1233 ι
500 1182 764 1252 Ἔρχεται
817 1182 957 1252 γυνὴ
1015 1184 1079 1236 ὲκ
1134 1183 1236 1254 τῆς
1294 1184 1611 1254 Σαμαρείας
1674 1185 1940 1253 ἀντλῆσαι

356 1270 526 1343 ὕδωρ.
575 1293 594 1326 ι
638 1274 831 1344 Ἀθρει
858 1274 922 1344 δὴ
972 1273 1089 1338 πῶς
1141 1274 1211 1328 τὰ
1242 1275 1448 1327 παλαιά
1472 1277 1583 1338 τοῖς
1624 1275 1766 1339 νέοις
1802 1293 1942 1344 συμ-

356 1364 679 1432 φῦέγγεται,
703 1365 864 1418 τύποι
899 1366 1008 1418 τῶν
1041 1365 1230 1419 τύπων
1276 1367 1626 1437 δεικνύμενα.
1692 1370 1801 1424 Καὶ
1832 1371 1939 1440 γὰρ

359 1459 456 1508 καὶ
512 1458 546 1527 ἠ
593 1457 731 1524 πρὸς
785 1458 878 1512 τὸν
920 1459 1106 1512 Ἰσαὰκ
1156 1459 1255 1527 τῆς
1316 1458 1614 1524 Ῥεὖέκκας
1650 1462 1937 1532 συνάφεια,

357 1549 482 1616 ἥτις
509 1548 607 1619 τὴν
641 1549 970 1620 Ἐκκλησίαν
1004 1552 1259 1617 είκόνιζε,
1285 1554 1383 1623 τὴν
1421 1555 1596 1626 ἀρχὴν
1631 1555 1851 1624 εἴληφεν
1880 1557 1939 1607 ὲν

354 1639 438 1709 τῷ
464 1641 698 1709 φρέατι·
745 1642 1025 1697 κάνταῦθα
1078 1647 1173 1698 καὶ
1211 1646 1245 1716 ἡ
1302 1645 1411 1699 τῶν
1445 1649 1801 1716 Σαμαρειτῶν
1828 1667 1936 1702 σω-

352 1730 523 1800 τηρία
551 1730 639 1784 διά
672 1732 772 1801 τῆς
826 1734 1083 1801 γυναικὸς
1130 1736 1196 1786 ἐκ
1233 1734 1324 1787 τοῦ
1373 1737 1607 1806 φρέατος
1663 1736 1930 1805 πρόεισιν,

367 1821 515 1872 Ἀλλ’
545 1822 662 1875 ἐκεῖ
701 1824 801 1891 μὲν
831 1824 1050 1893 οἰκέτης
1088 1819 1156 1894 ἦν
1184 1826 1212 1877 6
1251 1829 1624 1897 προμνήστωρ
1653 1843 1667 1858 ’
1699 1828 1935 1882 ἐνταῦθα

353 1912 413 1963 δὲ
444 1914 607 1976 αὐτὸς
631 1916 659 1967 6
680 1917 913 1983 νυμφίος
934 1915 1023 1968 διὰ
1051 1917 1150 1986 τῆς
1184 1918 1577 1988 Σαμαρείτιδος
1602 1919 1808 1992 ταύτης
1838 1922 1937 1991 τὴν

352 2006 487 2077 ὃλην
525 2007 689 2076 φύσιν
716 2008 1150 2078 diapasmatqu
1181 2009 1256 2076 τῷ
1287 2009 1652 2077 βαπτίσματι.

434 2116 455 2151 ι
490 2100 654 2166 Λέγει
693 2101 829 2171 αὐτῇ
857 2102 885 2152 6
935 2098 1142 2169 Ἰησοῦς
1166 2116 1182 2131 ’
1223 2101 1322 2161 Δός
1354 2118 1447 2170 μοι
1487 2099 1631 2165 ὕδωρ
1665 2103 1833 2153 πιεῖν.
1871 2102 1936 2154 Oi

354 2191 470 2259 γάρ
529 2191 770 2261 ι.διαθητοιλ⁵
826 2189 998 2244 αὑτοῦ
1034 2189 1444 2261 ἀπεληλύθασιν
1492 2194 1571 2256 εἰς
1628 2192 1725 2264 τὴν
1757 2193 1934 2257 πόλιν,

359 2281 447 2333 ἵνα
466 2280 676 2351 τροφὰς
720 2281 1090 2352 ἀγοράσωσιν.
1124 2299 1143 2333 ι
1177 2283 1241 2334 Ὢ
1272 2283 1370 2353 τῆς
1412 2283 1790 2353 ἁνεκφράστου
1841 2283 1937 2337 τοῦ

355 2375 495 2427 Θεοῦ
527 2375 703 2442 Λόγου
759 2373 1242 2442 συγκαταϐἀσεωςί
1294 2374 1352 2427 Ὀ
1394 2376 1576 2427 πᾶσαν
1625 2375 1724 2446 τὴν
1757 2377 1937 2429 κτίσιν

355 2465 680 2535 περιφέρων
712 2466 855 2535 μόνῳ
894 2464 973 2536 τῷ
1020 2464 1273 2533 νεύματι,
1308 2468 1436 2535 περὶ
1467 2462 1580 2538 οῦή
1622 2470 1935 2540 προφητικὴ

356 2558 696 2627 ἔκφαντορία
729 2557 923 2626 φησιν’
958 2577 977 2609 ι
1030 2557 1092 2610 '0
1121 2557 1254 2621 Θεὸς
1281 2560 1309 2611 ὀ
1339 2558 1666 2629 προαιὼνιος
1720 2561 1783 2613 οὐ
1818 2579 1938 2614 πει-

355 2650 539 2715 νάσει,
573 2650 692 2702 οὐδὲ
727 2649 1002 2716 κοπιάσει,
1045 2668 1065 2702 ι
1111 2644 1264 2712 οὗτος
1300 2649 1591 2719 ὁδοιπορεῖ,
1621 2652 1716 2705 καὶ
1745 2654 1934 2723 κοπιᾷ,

357 2743 457 2796 καὶ
483 2743 738 2812 ἀνέχεται
794 2743 987 2813 πείνης
1017 2744 1113 2797 καὶ⁵
1151 2742 1334 2813 δίψης,
1365 2744 1460 2795 καὶ
1489 2746 1643 2814 παρά
1673 2746 1938 2813 γυναικὸς

358 2834 509 2904 ὕδωρ
565 2834 726 2888 σίτεῖ.
785 2834 998 2904 Ὠσπερ
1042 2836 1150 2905 γάρ
1198 2834 1499 2888 συνεσθίειν
1558 2835 1818 2900 τελώναις
1875 2837 1936 2889 οὐ

355 2929 740 2997 παρῃτήσατο,
775 2926 949 2990 οὕτως
977 2925 1099 2978 οὐδὲ
1140 2926 1313 2998 πόρνῃ
1352 2926 1696 2995 διαλέγεσθαι
1724 2928 1938 2998 ἀπηνῄ-

354 3036 491 3073 νατο
548 3019 689 3072 κατά
743 3018 874 3081 τοὺς
905 3019 1162 3088 ἀρίστους
1194 3020 1302 3071 τῶν
1355 3020 1579 3088 ἰατρῶν,
1610 3018 1659 3071 οἳ
1698 3018 1938 3089 συνεχῶς
1967 3054 2011 3110 C

354 3112 820 3181 ὲπισκεπτόμενοι
846 3111 971 3173 τοὺς
1000 3111 1388 3177 πυρέττοντας,
1416 3112 1617 3181 ἥκιστα
1650 3112 1749 3180 τῆς
1779 3112 1938 3165 νόσου

356 3205 865 3276 μεταλαμϐάνουσι.
928 3205 1180 3257 Δείκνυσι
1233 3203 1289 3256 δὲ
1352 3206 1461 3256 καί
1492 3205 1557 3256 ὲκ
1593 3204 1691 3273 τῆς
1719 3204 1941 3275 πρώτης

352 3298 522 3362 εὐθὺς
570 3297 861 3362 διαλέξεως
896 3297 972 3359 ὡς
1002 3297 1102 3365 τὴν
1141 3294 1424 3365 ἡμετέραν
1472 3296 1754 3365 σωτηρίαν
1787 3296 1937 3365 διψᾷ,

354 3393 455 3444 καὶ
492 3388 651 3445 τοῦτο
676 3391 830 3461 ζητεῖ
853 3391 986 3459 παρ’
1008 3388 1187 3458 ἡμῶν.
1225 3388 1720 3456 Περισπουδάστως
1756 3387 1813 3440 δὲ
1844 3389 1938 3440 καὶ

350 3488 384 3540 6
422 3484 818 3555 εὐαγγελιστὴς
849 3482 1104 3553 ἐπιφέρει
1145 3482 1243 3551 τὴν
1275 3480 1586 3549 ἀποδημίαν
1614 3479 1723 3532 τῶν
1757 3478 1935 3549 μαθη-

350 3581 488 3636 τῶν.
522 3580 587 3631 Ei.
617 3578 726 3649 γάρ
752 3578 1006 3647 παρῆσαν
1043 3575 1223 3639 αὐτοὶ,
1251 3574 1345 3626 καὶ
1376 3572 1436 3624 τὸ
1469 3570 1611 3639 ὕδωρ
1643 3570 1708 3625 ἄν
1741 3568 1937 3640 ἐζήτη-

355 3693 479 3730 σαν.
532 3673 672 3727 Ἀλλ’
698 3675 726 3726 6
747 3672 809 3727 τὸ
840 3668 1098 3741 ἐσόμενον
1117 3667 1407 3740 προειδὼς,
1440 3670 1645 3730 πάντας
1680 3666 1937 3720 ἀποστεί-

352 3768 479 3832 λας,
513 3767 674 3836 μόνος
702 3766 840 3836 μόνῃ
870 3760 1363 3830 συγκαταϐατικῶς
1387 3758 1719 3825 διαλέγεται.

437 3877 457 3910 ι
499 3860 663 3927 Λέγει
690 3856 840 3928 αὐτῷ
878 3857 911 3925 ἡ
940 3855 1129 3923 γυνὴὴ
1165 3854 1515 3922 Σαμαρεῖτιςο
1549 3849 1672 3914 Πῶς
1704 3849 1768 3902 σὺ
1798 3850 1933 3902 Ἰου-

351 3956 504 4017 δαῖος
545 3951 619 4005 ὢν
678 3951 808 4022 παρ’
850 3947 986 4020 ἐμοῦ
1020 3949 1165 4000 πιεῖν
1201 3945 1409 4015 ζητεῖς,
1461 3943 1629 4014 οῡσης
1671 3940 1933 4011 γυναικὸς

352 4044 785 4118 Σαμαρείτιδος;
834 4061 852 4094 ι
900 4039 1167 4113 Ἐκστηθι
1200 4039 1302 4108 τῆς
1331 4038 1616 4105 δυνάμεως
1647 4036 1748 4107 τὴν
1780 4035 1934 4105 ἐνέρ-

351 4154 515 4206 γειαν
539 4152 552 4165 ·
576 4134 635 4202 ἐξ
659 4132 832 4202 αὐτῆς
853 4131 961 4201 γὰρ
981 4131 1078 4200 τῆς
1103 4127 1327 4200 πρώτης
1351 4126 1533 4195 φωνῆς
1560 4124 1932 4194 ὲλλαμφθεῖσα

350 4228 449 4279 τὸν
481 4223 606 4277 νοῦν
639 4225 671 4292 ἠ
724 4222 885 4293 γυνὴ,
918 4221 1017 4290 τῆς
1048 4217 1267 4289 φύσεως
1302 4216 1534 4285 κρείττω
1587 4216 1796 4284 φρονεῖ,
1838 4213 1933 4266 καὶ

352 4316 513 4389 ζητεῖ
536 4332 585 4367 τι
618 4313 726 4366 τῶν
753 4309 1138 4380 ἀγνοουμένων
1171 4308 1362 4379 μαθεῖν
1386 4324 1398 4336 °
1430 4305 1556 4359 οὕτε
1591 4307 1700 4375 γὰρ
1729 4303 1930 4357 δέδωκε

2045 453 2197 507 diose
2241 456 2524 523 quaesisse.
2558 454 2716 512 Horae
2759 469 2940 514 autem
2989 459 3198 514 notatio
3237 462 3620 519 abstinentiam

2043 541 2151 598 cibi
2198 547 2488 615 signiﬁcat.
2520 548 2657 604 Nam
2702 565 2870 620 usque
2921 551 2986 604 ad
3036 551 3205 620 ipsam
3258 567 3461 621 partem
3509 558 3614 611 diei

2044 636 2279 689 mediam
2329 637 2533 692 nullum
2589 650 2898 709 sumpserat
2933 642 3151 704 cibum,
3206 644 3440 698 maxime
3492 663 3613 699 cum

2046 728 2208 796 pedes
2242 740 2296 783 et
2340 730 2455 784 sole
2489 731 2713 802 ardente
2751 733 2851 787 iter
2898 734 3118 788 faceret.
3149 734 3347 789 Verum
3384 748 3441 789 et
3474 738 3617 791 aliud

2042 819 2296 886 quiddam
2330 819 2570 875 insinuat
2590 821 2708 876 baac
2738 823 2884 876 bone
2916 825 3150 890 natatio;
3184 839 3286 890 qua
3315 826 3459 880 enim
3489 828 3617 880 hora

2043 908 2287 963 ebiberat
2312 909 2419 965 Eva
2438 911 2813 967 inobedientize
2832 929 3126 980 venenum,
3145 917 3331 971 eadem
3358 920 3471 972 hinc
3492 918 3615 973 Eva:

2043 1001 2329 1071 progenies
2356 1004 2560 1072 peceati
2590 1005 2949 1073 expiationem
2977 1007 3205 1075 accepit.

2118 1205 2137 1237 ι
2192 1186 2351 1242 Venit
2400 1187 2592 1242 mulier
2643 1191 2707 1242 de
2760 1188 3006 1243 Samaria
3060 1190 3285 1245 haurire
3336 1206 3552 1260 aquam.
3595 1212 3614 1245 ι

2048 1278 2347 1333 Considera
2380 1287 2439 1333 ut
2469 1282 2622 1335 novis
2654 1292 2839 1335 vetera
2877 1283 3191 1345 coneinant,
3221 1296 3284 1335 ac
3312 1284 3479 1351 ﬁgura
3515 1299 3621 1337 una

2041 1371 2109 1423 ab
2149 1371 2251 1423 alia
2295 1371 2618 1425 illustretur.
2653 1371 2866 1426 Etenim
2911 1382 2965 1427 et
3004 1372 3265 1427 Rebeccae
3305 1388 3426 1428 cum
3471 1373 3623 1429 Isaac

2042 1463 2174 1517 inita
2217 1464 2548 1533 coniunctio,
2575 1481 2697 1534 quae
2741 1466 3035 1521 Ecclesiam
3080 1466 3354 1535 ﬁguravit,
3387 1482 3416 1521 a
3458 1477 3621 1538 puteo

2044 1554 2257 1609 initium
2291 1557 2464 1623 cepit;
2502 1568 2559 1610 et
2589 1558 2673 1610 bic
2706 1556 3187 1611 Samaritanorum
3211 1560 3361 1613 salus
3394 1575 3426 1615 e
3460 1570 3624 1628 puteo

2044 1660 2137 1714 per
2175 1646 2455 1700 mulierem
2501 1648 2712 1714 incepta
2754 1657 2860 1702 est.
2893 1649 2995 1701 Sed
3041 1648 3114 1702 ibi
3154 1648 3387 1704 famulus
3428 1652 3619 1704 matri-

2045 1738 2209 1790 monii
2246 1737 2567 1791 conciliator
2596 1737 2731 1803 fuit;
2774 1739 2861 1792 hic
2888 1755 3020 1792 vero
3064 1755 3297 1808 sponsus
3342 1743 3455 1811 ipse
3498 1743 3620 1796 uui-

2046 1843 2257 1883 versam
2289 1839 2537 1884 naturam
2572 1846 2668 1899 per
2697 1832 2837 1884 banc
2871 1828 3271 1886 Samaritanam
3303 1835 3455 1899 quasi
3485 1849 3622 1902 quo-

2045 1921 2166 1974 dam
2201 1921 2506 1978 arrbabone
2535 1922 2600 1976 ad
2627 1920 2957 1991 baptismum
2992 1922 3098 1977 sibi
3130 1923 3447 1992 despondet.

2122 2124 2141 2158 ι
2181 2105 2325 2160 Dixit
2351 2105 2399 2159 ei
2430 2103 2590 2161 Jcsus
2625 2122 2640 2160 :
2672 2104 2746 2159 Da
2785 2105 2915 2159 mibi
2952 2105 3156 2160 bibere.
3189 2105 3448 2175 Discipuli
3473 2106 3618 2161 enim

2045 2198 2162 2266 ejus
2202 2198 2453 2250 abierant
2496 2198 2548 2249 in
2594 2196 2893 2259 civitatem,
2924 2205 2981 2250 ut
3017 2196 3168 2250 cibos
3206 2206 3472 2251 emerent.
3509 2215 3529 2248 ι
3573 2195 3619 2251 0

2049 2289 2215 2343 divini
2276 2286 2440 2342 Verbi
2500 2286 2830 2342 iueil'abilem
2893 2285 3311 2341 demissionem!
3367 2287 3469 2352 Qui
3533 2303 3621 2341 res

2047 2393 2263 2436 creatas
2293 2396 2488 2436 omnes
2519 2380 2634 2435 solo
2669 2391 2800 2435 nutu
2833 2378 3119 2448 gubernat,
3148 2379 3213 2433 de
3248 2394 3357 2447 quo
3392 2395 3621 2435 arcana-

2048 2489 2163 2525 rum
2241 2487 2420 2526 rerum
2489 2474 2756 2539 interpres
2799 2471 2875 2524 ait
2915 2486 2931 2524 :
2984 2488 3003 2521 ι
3055 2468 3195 2524 Deus
3234 2480 3473 2526 aeternus
3512 2488 3617 2527 non

1996 2604 2008 2615 .
2046 2564 2250 2616 csuriet
2292 2578 2391 2617 nec
2438 2562 2789 2623 laborabit“,
2832 2581 2851 2613 ι
2911 2561 2999 2615 bic
3044 2561 3148 2615 iter
3212 2561 3341 2617 facit
3392 2563 3526 2633 (96),
3565 2576 3618 2619 et

2049 2655 2287 2719 laborat,
2319 2665 2376 2710 et
2433 2654 2626 2709 tolerat
2674 2652 2867 2707 fatnem
2910 2663 2966 2707 et
3005 2653 3185 2719 sitim,
3220 2662 3275 2708 et
3318 2669 3348 2707 a
3393 2656 3618 2710 muliere

2047 2738 2243 2817 aquam
2277 2748 2430 2817 petit.
2452 2744 2586 2799 Nam
2614 2745 2862 2814 proinde,
2885 2754 2944 2799 ut
2965 2747 3143 2801 cibum
3169 2762 3289 2800 cum
3314 2747 3615 2816 publicanis

2047 2854 2240 2906 capere
2282 2855 2386 2892 non
2433 2850 2518 2894 est
2555 2837 2896 2905 dedignatus,
2937 2837 3007 2891 ita
3053 2852 3226 2908 neque
3267 2853 3296 2890 a
3339 2838 3612 2909 colloquio

2049 2929 2353 2983 meretricis
2388 2929 2691 2992 abhorruit,
2722 2929 2904 2982 itidem
2940 2940 2998 2981 ut
3030 2929 3465 2998 prtestantissitui
3503 2945 3617 2983 tne-

2048 3023 2288 3075 dicornm
2328 3021 2532 3084 solent,
2559 3021 2648 3090 qui
2695 3036 2817 3074 cum
2852 3020 3147 3074 febrieutes
3189 3021 3498 3090 frequenter
3532 3020 3618 3074 iu-

2047 3114 2252 3177 visant,
2298 3113 2515 3166 minime
2562 3121 2741 3166 tamen
2799 3114 2986 3167 morbo
3036 3115 3370 3168 inﬁciuntur.
3420 3113 3614 3167 Statim

2043 3214 2221 3260 autem
2276 3206 2449 3273 prima
2504 3207 2751 3259 oratione
2806 3205 3013 3275 prodit,
3070 3217 3308 3259 nostram
3359 3220 3418 3259 se
3467 3205 3620 3259 sitire

2042 3298 2292 3356 salutem.
2324 3312 2555 3364 eamque
2599 3312 2627 3350 a
2672 3297 2830 3351 nobis
2868 3296 3121 3365 postulat.
3155 3296 3416 3351 Consulto
3454 3296 3615 3349 etiam
3698 3306 3699 3309 ‘

2040 3387 2370 3454 evangelista
2408 3387 2798 3455 discipulorum
2834 3387 3037 3441 abitqu
3074 3386 3343 3452 subdidit;
3385 3385 3429 3439 si
3472 3384 3614 3438 enim

2042 3476 2142 3545 ipsi
2180 3476 2508 3540 adfuissent,
2541 3490 2676 3530 sane
2711 3477 2873 3529 etiam
2911 3490 3107 3544 aquam
3144 3473 3447 3543 petiissent.
3483 3474 3612 3538 Sed,

2040 3569 2131 3637 qui
2165 3566 2332 3622 futuri
2371 3567 2637 3637 praescius
2667 3576 2810 3633 erat,
2841 3583 3037 3623 omnes
3071 3568 3307 3634 dimisit;
3344 3576 3507 3636 atque
3542 3567 3614 3619 ita

2040 3676 2142 3732 per
2177 3676 2447 3716 summam
2482 3659 2871 3715 demissionem
2911 3661 3063 3716 solus
3101 3659 3268 3714 solam
3306 3657 3614 3727 alloquitur.

2112 3772 2132 3805 ι
2189 3753 2326 3808 Dicit
2379 3754 2428 3808 ei
2484 3752 2678 3807 mulier
2727 3752 2816 3807 illa
2871 3749 3213 3806 Samaritana
3267 3767 3283 3805 :
3334 3750 3617 3816 Quomodo

2036 3847 2203 3918 268
2235 3857 2311 3913 tu,
2346 3842 2560 3900 Jtnlmus
2593 3860 2714 3899 cum
2750 3846 2848 3911 sis,
2874 3844 3058 3899 bibere
3091 3859 3119 3896 a
3148 3858 3234 3897 me
3270 3847 3463 3911 poscis,
3493 3856 3614 3911 quas

2034 3954 2153 3993 sum
2191 3938 2383 3992 mulier
2414 3935 2797 3992 Samaritana?
2831 3954 2852 3988 ι
2892 3934 3177 3988 Admirare
3207 3932 3470 3988 occultam
3504 3932 3612 3985 vim

2033 4029 2229 4084 divina:
2274 4029 2530 4097 potentiae
2577 4044 2592 4081 :
2638 4031 2809 4094 prima
2854 4026 3000 4079 enim
3041 4027 3208 4093 ipsius
3251 4038 3377 4076 voce
3418 4022 3616 4076 illumi‘

2035 4130 2161 4174 nata
2211 4119 2452 4172 mulieris
2494 4132 2669 4182 mens,
2716 4116 2966 4170 meliores
3007 4129 3168 4184 quam
3217 4124 3407 4168 natura
3450 4113 3615 4166 ferret

2033 4212 2389 4281 cogitationes
2414 4210 2670 4279 suscipit,
2700 4218 2754 4264 et
2779 4208 2979 4277 aliquid
3027 4223 3213 4263 eorum
3253 4221 3370 4275 qua:
3400 4207 3617 4273 ignora—

2038 4305 2130 4359 bat
2192 4306 2383 4374 qumrit
2426 4304 2736 4368 addiscere;
2774 4318 2895 4357 nam
2908 4315 3103 4381 ‘neque
3138 4312 3319 4371 potum
3356 4298 3613 4367 praebuit,

350 4411 525 4474 πιεῖν,
581 4405 705 4460 οὕτε
759 4404 854 4458 οῦν
885 4402 1220 4474 ἀπηνήνατο,
1264 4399 1378 4453 ἀλλ’
1412 4398 1522 4451 ἀπὸ
1573 4398 1672 4468 τῆς
1715 4396 1933 4465 ὁμιλίας

2045 4412 2142 4452 nec
2184 4411 2319 4451 sane
2356 4397 2658 4463 recusavit;
2699 4396 2793 4450 sed
2830 4410 2861 4449 a
2902 4409 3155 4449 sermone
3188 4402 3243 4448 et
3277 4392 3471 4446 babitu-
3497 4390 3611 4463 (97)

350 4502 452 4554 καὶ
482 4498 578 4553 τοῦ
627 4497 907 4569 σχήματος
952 4492 1206 4546 Ἰουδαῖον
1252 4490 1414 4543 αὑτὸν
1454 4483 1594 4541 εἶναι
1634 4488 1929 4552 είκάσασα,

2030 4486 2276 4542 Judzeum
2308 4488 2457 4542 illum
2488 4503 2609 4543 esse
2632 4488 2950 4558 conjicieus,
2979 4487 3220 4543 studiose
3252 4493 3606 4553 percontatur

352 4589 806 4661 πολυπραγμονεῖ
829 4585 1043 4651 μαθεῖν,
1072 4582 1188 4645 πῶς
1226 4582 1288 4635 οὐ
1313 4583 1469 4652 τηρεῖ
1494 4580 1592 4650 τὴν
1635 4578 1931 4648 Ἰουδαῖκὴν

2045 4595 2200 4649 piare
2240 4581 2520 4635 Judaicam
2562 4581 3007 4636 consuetudinem
3052 4596 3159 4635 non
3202 4582 3473 4637 observet.
3502 4577 3606 4634 Sed

350 4684 766 4756 παρατήρησιν.
814 4677 1003 4731 ’Δλλ’ὀ
1040 4677 1246 4746 Κύριος
1288 4675 1449 4741 ἀφεὶς
1480 4671 1641 4726 λῦσαι
1669 4672 1767 4743 τὴν
1795 4672 1933 4724 ἀπο-

354 4779 501 4851 ρίαν,
526 4771 871 4842 ἒκφαντικῶς
891 4788 948 4823 τε
975 4770 1169 4834 εἰπεῖν,
1201 4769 1276 4829 ὡς
1299 4767 1408 4837 Οὐχ
1437 4767 1732 4836 ὑπόκειμαι
1754 4769 1926 4835 νόμῳ,

349 4870 646 4941 νομοδότης
702 4866 778 4919 ὣν
811 4866 905 4918 καὶ
933 4862 1096 4925 Θεός·
1152 4861 1311 4914 τοῦτο
1347 4859 1447 4929 μὲν
1498 4859 1558 4912 οὐ
1587 4859 1762 4921 λαλεῖ,
1790 4857 1929 4913 πλα-

349 4966 488 5035 γίως
534 4962 590 5014 δέ
649 4975 767 5022 πως
819 4957 916 5010 καὶ
971 4955 1152 5024 ἠρέμα
1188 4953 1325 5024 πρὸς
1354 4950 1454 5014 τὰς
1483 4950 1695 5020 ὑψηλὰς
1720 4951 1929 5013 ἑννοίας

349 5051 641 5126 ἐμϐιϐάζει
668 5048 860 5120 αὐτὴν,
900 5046 992 5102 καί
1017 5062 1184 5117 φησιν
1205 5061 1219 5075 ⁶
1250 5063 1268 5095 ι
1306 5044 1368 5097 El
1392 5043 1544 5121 ᾔδεις
1589 5041 1688 5113 τὴν
1718 5041 1931 5114 δωρεὰν

425 5181 469 5212 ³⁵
491 5180 594 5236 lsa.
617 5190 704 5241 XL,
726 5175 816 5231 28.

2031 4678 2297 4731 Dominus
2357 4677 2569 4733 solvere
2629 4679 3018 4748 qna'stionetn,
3074 4686 3129 4731 et
3184 4686 3372 4746 aperte
3431 4676 3613 4730 dicere

2028 4769 2315 4835 omittens,
2367 4784 2473 4823 non
2524 4769 2796 4823 subditum
2845 4783 2967 4823 esse
3017 4782 3077 4823 se
3128 4766 3257 4834 legi,
3302 4782 3424 4820 cum
3479 4765 3612 4834 legis

2035 4869 2179 4915 esset
2218 4868 2406 4913 auctor
2453 4869 2509 4914 et
2564 4860 2733 4924 Deus,
2780 4860 2844 4913 de
2889 4860 2989 4912 boc
3030 4871 3162 4910 sane
3199 4872 3307 4910 non
3351 4855 3609 4924 loquitur,

2039 4954 2133 5007 sed
2179 4966 2275 5020 per
2319 4951 2733 5005 insinuationem
2771 4964 2835 5003 ac
2875 4949 3072 5002 sensim
3120 4950 3184 5001 ad
3226 4949 3443 5003 altiores
3489 4958 3605 5001 eam

2039 5044 2400 5114 cogitationes
2427 5042 2645 5109 attollit,
2675 5051 2727 5096 et
2759 5042 2833 5095 ait
2868 5057 2884 5095 :
2922 5059 2940 5092 ι
2961 5038 3017 5095 Si
3054 5042 3224 5097 scires
3257 5042 3452 5095 donum
3490 5039 3603 5101 Dei,

1584 5242 1904 5305 Francisci
1938 5241 2146 5305 Scorsi
2188 5249 2375 5303 notae.

425 5352 542 5421 (96)
586 5349 685 5404 Hic
727 5351 826 5402 iter
863 5348 1005 5417 facit.
1049 5347 1116 5421 Et
1135 5348 1253 5421 lucc
1283 5346 1512 5402 deerant
1568 5346 1620 5421 i_n
1769 5341 1923 5409 οὗτος
2026 5357 2187 5421 nem;
2252 5357 2373 5421 nam
2435 5336 2778 5421 et_G:tlil;tei,
2836 5351 2958 5421 cum
3019 5335 3269 5421 ejusdem
3306 5335 3488 5421 gentis
3534 5346 3603 5421 et

350 5415 628 5492 οδοιπορεῖ
658 5430 764 5492 etc.
808 5415 979 5488 usque
1008 5420 1104 5472 καὶ
1128 5419 1288 5492 δίψης
1320 5434 1441 5492 qui;
1471 5433 1533 5472 ex
1569 5415 1707 5492 Gali.

2029 5406 2310 5480 religionis
2345 5411 2804 5480 essent,__liugn:_te
2846 5418 3038 5480 tamen
3095 5407 3283 5480 aliquo
3315 5406 3597 5480 discerne-

428 5475 687 5561 (97).Setl
741 5508 774 5544 a
804 5475 1039 5561 sermone
1066 5497 1114 5542 et
1146 5475 1351 5541 habitu:
1394 5488 1527 5542 Cum
1597 5484 1922 5539 Satnaritani
2025 5475 2226 5561 [lantur
2278 5481 2500 5561 indicio.
2563 5477 2715 5533 Unde
2753 5475 2923 5561 Judaei
2967 5476 3157 5561 Petro,
3195 5477 3542 5561 Maltinwxxvt
3584 5491 3598 5530 :

351 5560 543 5619 essent
594 5561 806 5615 colonia
856 5560 1230 5629 Assyriorum,
1286 5565 1617 5610 utnotatum
1642 5566 1727 5608 est
1754 5569 1918 5622 supra

2032 5549 2163 5605 Vere
2203 5562 2257 5602 tu
2292 5566 2357 5602 ea:
2405 5548 2513 5601 illis
2540 5565 2615 5610 es,
2658 5563 2778 5599 nam
2812 5556 2860 5600 et
2893 5546 3099 5612 loquela
3133 5556 3224 5597 tua
3260 5545 3597 5611 niani/25mm

346 5613 915 5689 itotZF'SSICredibile
954 5613 1037 5683 est
1082 5638 1138 5683 et
1199 5613 1464 5691 liabitutn,
1526 5634 1583 5679 ct
1618 5613 1921 5679 semion-eui
2026 5632 2074 5674 te
2107 5620 2259 5691 {nr-il.
2305 5620 2377 5691 [ta
2418 5620 2582 5691 etiam
2613 5617 2919 5687 Cltrysost.,
2963 5613 3286 5686 Tltcopliyl.,
3317 5613 3596 5687 Euthym.,

354 5702 616 5762 habuisse
648 5700 880 5772 diversa,
911 5700 1049 5756 sicut
1100 5699 1369 5756 diversam
1407 5696 1677 5754 habebant
1702 5694 1921 5764 religio-

2025 5702 2075 5749 ct
2105 5690 2300 5762 probat
2327 5688 2669 5748 llaldouatus
2701 5698 2909 5743 noster.
