3974 6220
362 203 469 264 733

1625 213 1950 274 HOMlLlA
1989 217 2318 284 XXXVIII.

3505 226 3610 288 731

360 313 580 385 θηκώςς
625 333 643 366 ι
679 315 777 369 Διὰ
813 317 1021 392 τοῦτοὴ
1051 319 1381 392 Σαμαρεῖτίς
1411 339 1576 394 φησιν
1602 343 1614 354 ·
1659 325 1923 395 ι,”Λντ).ηι

2044 335 2099 380 et
2149 330 2489 388 institutione
2541 332 2826 404 indigeret.
2883 333 3036 390 Unde
3076 333 3250 390 Judaei
3298 334 3552 391 dicebam
3605 353 3621 391 :

358 424 442 476 μα
468 409 568 462 οὐκ
593 410 759 482 ἔχεις.
801 433 821 466 ι

436 602 455 634 ι
489 585 582 656 Μὴ
617 588 681 641 σὺ
724 589 931 658 μείζων
981 593 1076 646 τοῦ
1131 595 1341 668 πατρὸς
1397 597 1556 668 ἡμῶν
1609 574 1842 666 Ἰακὼϐ,
1880 601 1940 663 ὃς

353 673 560 728 ἔδωκεν
616 679 748 748 ἡμῖν
793 679 852 731 τὸ
880 682 1060 750 φρέαρ
1095 684 1274 749 τοῦτο,
1312 685 1409 738 καὶ
1448 687 1613 750 αὐτὸς
1661 687 1722 753 ἐξ
1770 690 1936 742 αὐτοῦ

353 765 502 829 ἔπιε,
542 769 636 821 καὶ
669 771 719 822 oi
755 771 862 824 υἱοὶ
891 774 1082 839 αὐτοῦ,
1118 777 1214 830 καὶ
1247 780 1316 830 τά
1350 778 1650 848 θρέμματα
1687 781 1889 847 αὐτοῦς
1914 802 1930 832 ι

367 859 590 931 Ἐπειδὴ
617 862 887 934 ἐπίσημον
913 860 982 935 ἦν
1013 865 1076 920 τὸ
1113 866 1269 934 γένος
1291 868 1386 922 τοῦ
1417 869 1634 930 Ἰακὼϐ,
1659 871 1747 923 διὰ
1779 870 1938 924 τοῦτο

350 953 558 1022 καίπερ
585 954 916 1026 Σαμαρεῖτις
939 957 1072 1012 οὖσα
1093 958 1501 1031 Ἰσραηλιτικὴν
1519 963 1684 1031 ἑαυτῇ
1709 963 1938 1014 εἰσοικί-

350 1044 438 1108 (et
468 1047 775 1112 εὐγένειαν,
805 1049 903 1102 καὶ
931 1049 1146 1120 πατέρα
1173 1051 1264 1105 τὸν
1311 1052 1506 1106 Ἰακὼϐ
1543 1056 1932 1124 ἐπιγράφεται.

349 1139 448 1190 καὶ
475 1138 615 1191 κατὰ
639 1138 813 1209 βραχὺ
841 1141 978 1211 πρδς
1009 1143 1223 1196 ἔννοιαν
1261 1143 1353 1197 τοῦ
1391 1145 1666 1214 νοήματος
1697 1145 1934 1215 ὲμὸιῦά-

348 1227 525 1289 ζεται.
561 1231 673 1283 Καὶ
706 1230 978 1300 Θαυμάζει
1019 1233 1120 1302 μὲν
1151 1233 1252 1303 τὴν
1281 1234 1603 1305 ὑπόσχεσιν,
1640 1234 1739 1306 τὴν
1793 1234 1934 1303 γνὼ-

349 1338 462 1391 μην
510 1322 567 1375 δὲ
600 1322 1026 1379 ταλαντεύεται⁶
1055 1323 1084 1377 ὃ
1138 1325 1249 1398 γάρ
1274 1324 1426 1394 λέγει
1467 1325 1708 1379 τοιοῦτόν
1740 1328 1888 1380 ἐστιν
1914 1341 1929 1356 ’

345 1415 413 1468 El
448 1415 565 1467 ἐστι
599 1431 679 1468 σοι
706 1415 950 1470 τοιοῦτον
990 1417 1155 1470 ποτὸν
1181 1418 1439 1470 τοσοῦτον
1467 1417 1932 1488 παρηλλαγμένον

343 1503 540 1556 ἀὐτου
575 1503 670 1558 τοῦ
706 1503 923 1572 ὓδατος,
962 1505 1148 1571 ἔοικας
1184 1507 1390 1577 μείζων
1413 1526 1501 1572 τις
1528 1505 1669 1562 εἶναι
1699 1508 1794 1561 τοῦ
1821 1509 1930 1561 Ἰα-

343 1592 490 1649 κὼσ.
535 1595 772 1659 Ἐκεῖνος
793 1597 926 1668 γάρ,
961 1597 1165 1670 καίπερ
1197 1598 1345 1653 οὕτω
1375 1600 1662 1671 τυγχάνων
1694 1600 1930 1670 περίφη-

345 1704 473 1757 μος,
513 1689 613 1742 οὐκ
644 1688 770 1759 ἔσχε
801 1690 1052 1760 βελτίονα
1078 1693 1284 1764 ταύτης
1334 1697 1553 1764 πηγήν·
1605 1695 1722 1747 ἀλλ’
1763 1693 1926 1758 αὐτὸς
1963 1673 2002 1727 Β

343 1781 445 1834 καὶ
474 1782 523 1835 oi
574 1781 634 1848 ἐξ
665 1782 857 1848 αὑτοῦ,
916 1787 1011 1837 καὶ
1065 1785 1134 1838 τά
1181 1785 1477 1856 θρέμματα
1508 1786 1699 1851 αὑτοῦ,
1751 1787 1929 1861 τούτῳ

341 1873 592 1942 ἐχρῶντο
610 1871 688 1943 τῷ
719 1872 894 1928 ὕδατι.
933 1877 1090 1929 Κατὰ
1112 1875 1169 1928 δὲ
1195 1877 1288 1928 τὸν
1310 1877 1408 1947 τῆς
1432 1877 1728 1946 ἀναγωγῆς
1746 1877 1924 1945 λόγον,

341 1965 529 2035 φρέαρ
569 1966 671 2035 μὲν
699 1965 887 2037 ὴνθεία
927 1969 1100 2020 νοοῖτο
1151 1967 1342 2040 Γραφή
1369 1985 1384 2000 ·
1429 1969 1622 2023 Ἰακὼὸ
1648 1970 1704 2023 δὲ
1737 1973 1765 2024 ὁ
1795 1971 1928 2025 θεω-

343 2058 572 2127 ρητικὸς
595 2056 719 2120 νοῦς
740 2074 754 2087 ⁸
785 2059 892 2112 υἱοὶ
916 2058 972 2111 δὲ
1015 2058 1216 2112 Ἰακὼϐ
1265 2063 1329 2113 ὲκ
1358 2061 1450 2113 τοῦ
1481 2063 1717 2133 φρέατος
1745 2063 1929 2117 πίνον-

337 2165 457 2214 τες,
482 2149 543 2202 τὸ
579 2149 680 2219 τῆς
708 2148 888 2220 ψυχῆς
909 2150 1250 2221 Θεωρητικὺν
1289 2153 1355 2222 τῇ
1390 2152 1592 2220 γνώσει
1628 2154 1926 2224 ἐπαρδευὸ-

340 2257 544 2309 μενον·
579 2240 874 2312 Θρέμματα
914 2242 997 2307 δὲ,
1032 2244 1088 2296 αἱ
1123 2244 1186 2295 ἐκ
1216 2241 1313 2296 τοῦ
1345 2243 1521 2313 ουμοῦ
1549 2246 1643 2298 καὶ
1679 2246 1777 2313 τῆς
1803 2247 1923 2298 ἐπι-

337 2332 545 2401 θυμίας
571 2333 760 2404 ὁρμαὶ,
810 2334 940 2387 ὅταν
1000 2335 1132 2404 ἡμῖν
1162 2335 1241 2398 είς
1282 2334 1483 2405 ἀρετὴν
1513 2336 1922 2406 χρησιμεῦωσι.

336 2426 524 2478 Καλὸν
567 2425 763 2495 κτῆνος
795 2427 824 2478 ὁ
852 2426 1024 2496 θυμὸς
1056 2429 1184 2480 ὃταν
1233 2426 1313 2498 τῷ
1345 2428 1594 2496 λογισμῷ
1626 2428 1922 2496 ὑποζύγιον

333 2519 592 2588 γένηται.
646 2517 902 2572 Τοιοῦτον
951 2519 1146 2587 κτῆνος
1198 2520 1291 2571 καὶ
1332 2518 1657 2589 ἡέπιθυμία
1687 2538 1922 2590 νωτοφο-

336 2613 531 2683 ροῦσα,
560 2612 652 2665 καὶ
673 2610 784 2664 ἄνω
805 2612 1049 2682 φέρουσα
1079 2611 1176 2682 τὴν
1201 2610 1407 2682 ψυχὴν,
1435 2611 1563 2665 ὅταν
1587 2613 1676 2664 ἐπὶ
1699 2615 1760 2666 τὸ
1787 2612 1921 2684 ὕψος

333 2705 664 2773 άνάστηται.

415 2817 434 2849 ι
473 2797 774 2869 Ἀπεκρίθη
819 2798 1049 2870 Ἰησοῦς,
1081 2797 1180 2852 καὶ
1232 2794 1390 2854 εἶπεν
1415 2802 1554 2872 αὐτῇ
1582 2814 1596 2829 ⁸
1629 2799 1746 2861 na;
1773 2799 1802 2850 ὁ
1832 2797 1922 2850 πί-

333 2912 445 2947 νων
485 2895 547 2946 ὲκ
579 2894 672 2947 τοῦ
703 2895 893 2957 ὓδατος
923 2892 1118 2946 τούτου
1164 2892 1294 2964 διψᾷ
1323 2894 1490 2947 πάλιν
1513 2912 1524 2924 ο
1559 2893 1618 2957 ὃς
1655 2893 1700 2946 δ’
1727 2893 1792 2946 ἂν
1825 2893 1922 2962 πίῃ

2049 437 2068 470 ι
2107 419 2388 486 Quomodo
2418 423 2502 478 ltie
2535 423 2743 479 litteras
2775 425 2898 490 scit,
2932 441 3054 479 cum
3089 442 3193 482 non
3226 427 3475 482 didicerit
3494 425 3575 481 "1'
3597 446 3616 479 ι

2042 509 2168 565 Ideo
2198 514 2542 568 Samaritana
2577 517 2715 569 dixit
2745 535 2758 572 :
2797 535 2815 568 t
2854 517 3082 572 Situlam
3115 534 3219 574 non
3249 519 3437 574 habes.
3473 538 3493 572 ι

2120 623 2138 655 t
2181 603 2454 675 Numquid
2499 617 2553 662 tu
2597 608 2772 678 major
2805 625 2864 663 es
2899 620 3050 680 patre
3085 619 3274 665 nostro
3305 609 3501 672 Jacob.
3527 614 3619 681 qui

2040 695 2189 750 dedit
2219 687 2375 755 nobis
2409 711 2651 768 puteum,
2680 711 2733 755 et
2760 705 2879 771 ipse
2903 717 2966 756 ex
2996 716 3061 756 eo
3095 701 3248 766 bibit,
3275 711 3330 756 et
3357 702 3449 756 lilii
3482 703 3622 771 ejus,

2037 797 2089 840 et
2125 802 2316 856 pecora
2349 791 2503 858 ejus?
2537 809 2556 842 ι
2591 791 2855 857 Quoniam
2891 791 3070 845 nobile
3097 801 3214 844 erat
3240 806 3410 859 genus
3433 790 3618 852 Jacob,

2041 879 2161 933 ideo
2208 883 2458 948 quamvis
2509 895 2655 938 es~:et
2705 882 3050 937 Samaritana
3104 882 3214 952 (l),
3264 883 3616 938 lsraeliticam

2050 982 2230 1027 tamen
2285 974 2386 1028 sibi
2435 974 2675 1028 vindicat
2729 975 3085 1040 nobilitatem,
3143 984 3198 1028 et
3255 985 3462 1043 patrem
3513 975 3616 1030 sibi

2036 1064 2206 1120 Jacob
2235 1067 2481 1132 ascribit,
2509 1081 2562 1122 et
2591 1069 2919 1136 pedetentim
2949 1069 3014 1123 ad
3042 1084 3260 1123 sensum
3287 1069 3616 1137 intelligendi

2037 1159 2328 1213 attollitur.
2376 1157 2510 1212 Nam
2564 1161 2978 1228 promissionem
3031 1161 3247 1230 quidem
3295 1161 3615 1225 admiratur,

2034 1254 2128 1307 Sed
2170 1263 2347 1305 tamen
2381 1253 2558 1306 adhuc
2591 1253 2641 1305 itt
2675 1253 2944 1306 sententia
2981 1269 3187 1323 anceps
3215 1262 3334 1318 est;
3369 1254 3448 1308 sic
3471 1255 3615 1308 enint

2033 1343 2246 1397 videtur
2286 1344 2468 1400 dicere
2524 1363 2536 1398 :
2595 1344 2650 1398 Si
2705 1356 2886 1413 potum
2941 1345 3100 1400 talem
3153 1347 3346 1410 babes,
3401 1354 3616 1415 tamque

2032 1435 2306 1490 diversum
2347 1435 2414 1489 ab
2468 1451 2606 1504 aqua
2652 1435 2754 1490 bac
2800 1445 3010 1502 nostra,
3048 1437 3246 1490 videris
3289 1436 3456 1492 Jacob
3496 1454 3618 1492 esse

2033 1527 2402 1594 praestantior.
2428 1525 2519 1581 Ille
2545 1529 2688 1582 enim
2719 1542 2840 1581 cum
2867 1528 3028 1582 bomo
3057 1538 3161 1582 tant
3188 1529 3417 1596 insignis
3446 1539 3611 1592 esset,

2036 1616 2239 1670 fontem
2271 1633 2374 1672 non
2411 1617 2602 1672 ltabnit
2635 1618 2743 1673 isto
2779 1619 3054 1673 meliorem
3091 1637 3106 1673 :
3144 1621 3236 1675 sed
3270 1622 3402 1689 ipse,
3434 1631 3489 1677 et
3519 1624 3614 1677 lilii

2031 1709 2183 1778 ejus,
2210 1721 2258 1763 et
2299 1725 2494 1778 pecora
2531 1711 2648 1781 ejus
2685 1711 2784 1764 bac
2819 1727 2956 1780 aqua
2991 1711 3070 1766 usi
3110 1723 3255 1767 sunt.
3285 1714 3390 1768 Sed
3425 1730 3617 1770 secun-

2031 1803 2155 1853 dum
2219 1803 2573 1872 anagogicatn
2641 1803 2905 1857 rationem
2966 1818 3061 1871 per
3115 1815 3333 1872 puteum
3394 1807 3610 1874 quidem

2028 1893 2207 1947 divina
2259 1891 2540 1961 Scriptura
2594 1893 2817 1964 intelligi
2866 1905 3084 1963 posset;
3135 1909 3230 1964 per
3266 1894 3434 1951 Jaeob
3463 1912 3612 1964 vero,

2029 1999 2181 2038 tuens
2205 1985 2648 2054 contemplationi
2677 1986 2855 2040 dedita
2889 2002 2904 2050 ;
2953 2001 3048 2056 per
3077 1987 3214 2040 lilios
3244 1996 3422 2040 autem
3449 1986 3615 2042 Jacob

2025 2089 2090 2128 ex
2163 2075 2262 2130 ltoc
2328 2086 2487 2145 puteo
2543 2077 2810 2143 bibentes,
2877 2093 3214 2147 qutecnuque
3271 2079 3352 2132 vis
3419 2080 3614 2134 animae

2028 2167 2505 2237 contemplationis
2550 2169 2854 2238 particeps,
2883 2185 3003 2238 qutc
3049 2171 3356 2239 cognitione
3409 2171 3610 2240 irriga-

2028 2269 2113 2313 tur
2145 2275 2160 2313 :
2192 2275 2356 2328 porro
2392 2276 2488 2330 per
2517 2276 2737 2328 pecora,
2781 2260 3068 2316 iraseibilis
3095 2271 3148 2316 et
3176 2263 3612 2332 concupiscibilis

2027 2361 2224 2415 motus,
2257 2353 2476 2421 quando
2520 2352 2585 2405 ad
2631 2353 2849 2406 virtutis
2893 2368 3056 2422 opera
3104 2354 3222 2408 usui
3269 2353 3423 2408 nobis
3463 2364 3608 2408 sunt.

2023 2440 2231 2495 Bonum
2280 2443 2491 2497 scilicet
2528 2442 2832 2510 jumentum
2885 2444 3196 2510 irascibilis,
3240 2460 3361 2500 cum
3412 2447 3608 2501 rationi

2023 2533 2372 2602 subjugatur;
2420 2534 2524 2588 tale
2569 2535 2732 2587 etiam
2777 2535 3216 2603 concupiscibilis
3246 2537 3400 2605 quasi
3456 2545 3610 2605 tergo

2025 2627 2257 2692 vehens,
2297 2635 2350 2680 et
2402 2626 2633 2685 eﬂ‘erens
2686 2627 2956 2690 animam,
2989 2643 3112 2681 cum
3167 2629 3220 2682 in
3265 2628 3608 2683 altitudinem

2025 2719 2504 2786 contemplationis
2533 2720 2779 2788 erigitur.

2105 2811 2433 2878 tllcspondit
2464 2811 2642 2873 Jesus,
2665 2821 2718 2865 et
2751 2811 2886 2864 dixit
2908 2811 2953 2865 ei
2993 2828 3006 2865 :
3037 2809 3254 2874 Omnis,
3283 2811 3373 2880 qui
3413 2813 3610 2867 biberit

2027 2920 2091 2958 ex
2125 2920 2262 2973 aqua
2299 2905 2420 2966 bac,
2451 2904 2600 2958 sitiet
2637 2905 2829 2957 iterum
2863 2920 2878 2958 :
2909 2905 2998 2958 sed
3031 2904 3121 2974 qui
3154 2905 3347 2958 biberit
3375 2921 3438 2957 ex
3471 2921 3610 2974 aqua

333 2987 404 3039 ὲκ
421 2986 515 3039 τοῦ
538 2987 748 3050 ὕδατος,
775 2980 835 3039 οὗ
863 2985 973 3052 ἐγὼ
997 2984 1154 3038 δώσω
1178 2985 1348 3056 αὐτῷ,
1371 2989 1664 3056 γενήσεται
1688 2988 1744 3038 ἐν
1772 2984 1923 3054 αὐτῷ

2034 3012 2189 3065 quant
2225 3011 2326 3065 ego
2358 2997 2496 3048 dabo
2529 2997 2601 3060 ei,
2637 2997 2722 3051 ﬂet
2759 2996 2810 3049 itt
2841 3012 2906 3049 eo
2942 2997 3063 3050 lous
3094 3011 3247 3063 aqua
3283 2996 3524 3050 salientis
3555 2997 3609 3050 itt

334 3078 492 3149 πηγὴ
527 3079 716 3142 ὓδατος
765 3078 1066 3148 ἁλλομένου
1129 3080 1208 3142 είς
1265 3077 1411 3150 ζωὴν
1467 3079 1706 3132 αἰώνιον.
1751 3099 1770 3131 ι
1811 3081 1922 3151 Τὴν

332 3171 615 3241 ὑπεροχὴν
668 3171 904 3223 δεικνύει
955 3171 1020 3222 ἐκ
1069 3170 1170 3239 τῆς
1205 3171 1574 3241 συγκρίσεως,
1629 3171 1722 3225 καί
1751 3188 1918 3240 φησι·

333 3263 503 3314 Τουτὶ
554 3262 654 3332 μὲν
686 3263 746 3315 τὸ
777 3261 921 3333 ὕδωρ
946 3259 1040 3314 τοῦ
1069 3261 1332 3331 φρέατος,
1367 3263 1419 3314 εί
1442 3280 1525 3326 τις
1552 3263 1698 3316 πίνει
1728 3264 1920 3332 διψῶν,

333 3356 475 3425 πρὸς
525 3354 719 3425 καιρὸν
772 3355 1022 3425 εὑρίσκει
1073 3356 1173 3425 τῆς
1222 3355 1384 3426 δίψης
1417 3356 1570 3419 άκος,
1629 3352 1729 3410 εἶτ’
1764 3356 1919 3419 αὖθις

329 3449 497 3519 διψᾷ·
531 3449 590 3500 τὸ
618 3448 674 3500 δὲ
710 3447 1082 3517 πνευματικὸν
1117 3448 1282 3500 ποτὸν
1334 3448 1507 3501 ἀΐδιον
1547 3447 1662 3518 ἔχει.
1693 3448 1791 3517 τὴν
1819 3449 1922 3518 τῆς

330 3541 497 3610 δίψης
553 3540 902 3611 ἀπαλλαγήν.
963 3541 1152 3594 Ἔοικε
1208 3541 1263 3593 δὶ
1323 3540 1604 3610 μυστικῶς
1664 3542 1762 3592 καὶ
1831 3540 1922 3592 τὸν

333 3632 546 3702 σκιώδη
602 3633 767 3703 νόμον
815 3634 1131 3701 ἐμφαίνειν,
1167 3633 1292 3686 ὅσον
1335 3633 1648 3702 ἠλάττωται
1698 3636 1796 3704 τῆς
1823 3635 1918 3686 τοῦ

334 3727 658 3794 Πνεῦματος
705 3726 952 3796 χάριτος.
998 3725 1055 3776 ὐ
1087 3724 1186 3794 μὲν
1234 3724 1342 3795 γὰρ
1373 3725 1546 3777 ἐδεῖτο
1576 3724 1810 3795 μελέτης
1837 3726 1918 3779 δι-

329 3816 590 3888 ηνεκοῦς,
632 3818 724 3870 καὶ
779 3816 1190 3887 γεγραμμένων
1223 3817 1486 3886 συνεχοῦς
1527 3817 1918 3885 ἀναγνώσεως.

330 3909 412 3973 ὡς
442 3909 624 3979 δίψαν,
677 3908 776 3979 τὴν
813 3909 988 3979 λήθην
1041 3907 1344 3976 διωοούσης
1373 3909 1475 3978 τῆς
1521 3911 1916 3980 ἀναμνήσεως·

332 3999 568 4071 Πνεῦμα
591 4001 649 4053 δὲ
685 4003 880 4069 σοφίας
925 4001 1216 4071 έμπλῆσαν
1246 4000 1427 4072 ψυχὴν
1461 3999 1612 4064 Θείας
1641 4001 1918 4069 γνώσεως,

333 4093 662 4164 πολυπληθῆ
697 4093 792 4146 καὶ⁸
821 4093 1045 4162 γόνιμον
1073 4091 1246 4163 αὐτὴν
1299 4091 1681 4161 ἀπεργάζεται
1732 4093 1920 4163 πηγὴν

331 4186 599 4254 ναμάτων
642 4184 875 4256 ζωηρῶν
916 4184 1204 4250 ἐκελύζειν
1267 4183 1692 4254 παρασκευάζον
1721 4185 1916 4250 αὐτήν.

335 4277 550 4342 Ἔδειξε
567 4279 725 4331 τοῦτο
739 4278 834 4332 καὶ
850 4278 883 4346 ἡ
902 4276 1011 4331 τῶν
1030 4276 1312 4331 ταλάντων
1333 4277 1641 4348 παραϐολὴ,
1664 4277 1730 4332 τὰ
1757 4280 1917 4333 πέντε

2029 3089 2190 3142 vitam
2218 3097 2503 3143 aeternam.
2539 3108 2558 3140 ι
2590 3089 2969 3142 Pra-stantiant
2995 3103 3150 3156 aquae
3173 3102 3236 3140 ex
3265 3086 3612 3141 contentione

2029 3181 2387 3247 demonstrat,
2419 3191 2473 3236 et
2519 3181 2596 3235 ait
2642 3199 2655 3235 :
2704 3179 2780 3233 Ex
2827 3180 2987 3247 ltujus
3029 3179 3173 3250 putei
3215 3194 3356 3248 aqua
3402 3179 3446 3232 si
3490 3179 3613 3247 quis

2027 3274 2219 3327 sitiens
2267 3274 2456 3336 sumit,
2494 3274 2559 3325 ad
2606 3274 2822 3338 aliquod
2876 3283 3088 3340 tempus
3134 3271 3223 3327 siti
3275 3271 3608 3340 ntetIebitur,

2033 3377 2218 3436 postea
2257 3380 2386 3421 vero
2422 3366 2569 3420 sitiet
2603 3366 2821 3420 iterum.
2857 3365 2959 3418 Sed
2994 3364 3140 3432 potio
3172 3363 3469 3430 spiritualis
3503 3363 3608 3415 vim

2028 3456 2189 3509 habet
2218 3456 2270 3510 in
2305 3472 2466 3511 omne
2497 3467 2705 3525 tempus
2736 3471 2762 3508 a
2795 3455 2880 3510 siti
2913 3454 3198 3509 liberandi.
3229 3452 3450 3507 Videtur
3480 3467 3609 3506 vero

2029 3550 2254 3620 mystice
2285 3549 2630 3604 umbratilem
2665 3550 2835 3619 legent
2874 3551 3135 3614 iunuere,
3162 3557 3367 3616 quanto
3402 3546 3612 3600 scilicet

2029 3643 2200 3712 gratia
2237 3641 2473 3710 Spiritus
2501 3642 2729 3698 inferior
2762 3643 2849 3696 illa
2895 3642 3079 3696 fuerit.
3125 3641 3212 3694 Illa
3255 3641 3400 3696 enim
3445 3639 3612 3692 medi-

2032 3738 2232 3790 tati0ne
2282 3737 2555 3806 indigebat
2604 3737 2861 3800 assidua,
2895 3745 2952 3790 et
2999 3750 3186 3790 eorum
3235 3748 3356 3802 quae
3405 3732 3608 3800 scriptu

2026 3837 2186 3881 erant
2241 3828 2473 3903 lectione
2513 3829 2789 3892 cominua,
2833 3837 2889 3879 ttt
2928 3827 3086 3896 quasi
3131 3825 3276 3880 sitim
3319 3822 3610 3889 expelleret

2027 3921 2305 3974 memoriae
2348 3919 2676 3974 oblivionem
2723 3937 2737 3973 :
2781 3928 2835 3972 at
2871 3933 2999 3971 vero
3040 3917 3276 3984 Spiritus
3303 3914 3608 3981 sapientiae,

2030 4011 2268 4063 animam
2327 4009 2634 4063 divinarum
2695 4024 2877 4062 rerum
2935 4007 3243 4074 cognitione
3294 4006 3607 4072 complens,

2027 4103 2192 4173 27o
2220 4102 2587 4156 abundantem
2613 4117 2732 4156 eam
2782 4099 3014 4154 maxime
3063 4095 3459 4165 fecundamque
3490 4097 3611 4148 red-

2025 4196 2138 4259 dit,
2182 4205 2343 4263 atque
2380 4194 2451 4247 ita
2490 4202 2791 4261 comparat,
2820 4202 2878 4245 ttt
2914 4191 3036 4244 l'ons
3075 4189 3315 4242 vitaliunt
3351 4187 3606 4241 conside-

2030 4287 2301 4340 rationum
2337 4287 2554 4340 evadat.
2583 4284 2736 4351 Quod
2773 4283 2958 4337 itidem
2993 4282 3316 4336 talentorum
3353 4279 3605 4348 parabola

330 4363 432 4417 καὶ
461 4365 531 4417 τά
580 4364 676 4418 δύο
701 4364 1042 4436 πληθύνασα,
1075 4366 1434 4436 σημαίνοντος
1467 4366 1562 4420 τοῦ
1612 4369 1770 4439 λόγου
1806 4372 1915 4425 τῶν

2034 4379 2249 4446 planum
2305 4378 2460 4442 fecit,
2521 4377 2760 4447 quinque
2811 4386 2865 4430 et
2928 4376 3034 4429 duo
3088 4374 3286 4426 talenta
3342 4370 3605 4440 multipli-

332 4457 726 4527 πνευματικῶν
754 4458 1110 4528 χαρισμάτων
1136 4457 1232 4528 τὴν
1270 4457 1519 4529 αῡξησιν.

417 4659 438 4694 ι
471 4614 636 4710 Λέγει
667 4641 806 4712 πρὸς
861 4641 1023 4696 αὑτὸν
1054 4645 1086 4713 ἠ
1120 4647 1258 4716 γυνή
1288 4660 1302 4674 '
1358 4644 1554 4716 Κύριε,
1596 4646 1685 4712 δός
1720 4665 1813 4719 μοι
1863 4651 1924 4704 τὺ

413 4783 457 4818 ⁸·
478 4785 633 4842 Joan.
657 4784 870 4848 vn,15.
941 4785 991 4817 ⁸⁸
1016 4784 1205 4840 Matth.
1232 4801 1362 4854 xxv,
1388 4788 1454 4843 Η
1476 4803 1632 4862 seqq.

2030 4469 2261 4535 cans";
2319 4485 2424 4538 qua
2481 4469 2750 4524 locutione
2805 4467 3168 4538 spiritualium
3223 4464 3605 4520 charismatum

2028 4561 2369 4631 signiﬁcatur
2400 4571 2769 4630 augmentum.

2107 4672 2125 4704 ι
2175 4654 2310 4707 Dicit
2350 4654 2414 4708 ad
2456 4671 2579 4707 eum
2621 4653 2814 4708 mulier
2849 4673 2864 4709 :
2909 4653 3152 4717 Domine,
3182 4656 3247 4704 da
3293 4651 3422 4704 mibi
3469 4649 3607 4703 banc

1570 4906 1893 4969 Francisci
1926 4910 2135 4970 Seorsi
2177 4917 2367 4972 nuta).

416 5028 497 5108 (η
536 5027 968 5108 ρειαηιυίε-εεδει
1020 5027 1387 5108 Samaritana.
1443 5033 1524 5108 De
1572 5032 1930 5108 Samaritanis
2032 5039 2286 5108 sanguine
2317 5038 2397 5091 illi
2439 5038 2790 5108 conjtmctos;
2845 5034 3057 5108 quando
3089 5048 3208 5108 vero
3232 5033 3286 5084 in
3322 5033 3471 5108 rebus
3500 5033 3602 5108 ad.

339 5098 762 5174 itallosepbus,
814 5098 908 5174 lib.
941 5115 979 5160 ι,
1025 5115 1144 5174 cap.
1179 5100 1248 5154 7:
1309 5105 1371 5174 Ol
1433 5105 1570 5174 πρρς
1602 5106 1703 5173 τὴν
1764 5123 1930 5173 μετα-
2031 5098 2189 5161 τενεῖς
2228 5126 2315 5163 eos
2356 5098 2643 5174 aspiciant,
2697 5106 2923 5158 nihilad
2947 5120 3002 5157 se
3030 5105 3286 5168 pertinere
3308 5104 3488 5174 aiunt.
3527 5103 3604 5158 Ita

337 5169 506 5243 ᾷολὴν
553 5169 647 5221 καὶ
693 5169 1050 5243 συγγένειαν,
1105 5171 1238 5223 ὅταν
1313 5173 1412 5241 μὲν
1466 5169 1527 5227 εὖ
1586 5169 1926 5243 πράττοντας

341 5240 604 5312 βλέπουσι
626 5240 754 5301 τοὺς
794 5239 1083 5312 ⁹ίουδαίους
1120 5239 1410 5308 συγγενεῖς
1454 5239 1817 5310 ἀποκαλοῦσι,
1847 5239 1923 5312 ὡς

336 5308 1013 5386 ἐξ-Ἰωσήπ.ου“φύντες,-
1045 5312 1140 5386 και
1187 5313 1286 5382 τὴν
1327 5314 1504 5386 ἀρχὴν
1572 5308 1922 5386 ἐκεῖθεντῆς

335 5380 482 5448 πρὸς
502 5379 699 5440 αὐτοὺς
724 5379 848 5450 ἔχον
866 5397 939 5442 ,ες
959 5379 1321 5450 οἰκειότητος.
1366 5379 1548 5438 ’Ὅταν
1571 5387 1628 5439 δὲ
1653 5379 1914 5440 πταίσονὲ

333 5467 447 5524 τας.
497 5450 679 5502 εῐδωσι
744 5448 1042 5524 οὐδαμόθεν
1095 5448 1278 5514 αὐτοῖς
1309 5455 1619 5524 προσήκειν
1666 5457 1913 5518 λέγουσι.

337 5520 447 5585 οιιὶ
475 5536 586 5595 pro
613 5521 862 5595 presenti
919 5529 1144 5595 teutnore
1170 5520 1488 5589 mutabiles,
1510 5528 1713 5594 quaties
1745 5527 1916 5595 felici.

336 5603 443 5662 terr
478 5587 697 5642 Juda'os
753 5590 940 5662 degere
975 5591 1170 5662 vident,
1219 5587 1469 5660 cognatos
1519 5587 1574 5650 se
1612 5587 1790 5648 eorum
1817 5615 1914 5662 ap-

335 5660 564 5731 pellant,
621 5667 799 5730 utpote
837 5675 871 5713 a
905 5657 1132 5731 Ιοδερίιο
1181 5657 1458 5732 oriundos,
1500 5673 1552 5721 et
1583 5666 1683 5722 hac
1707 5657 1914 5722 ratione

2025 5177 2252 5246 Joseplt.
2303 5172 2686 5233 Genebrardus
2739 5189 2868 5246 vero
2902 5174 3110 5246 relatus
3161 5192 3188 5225 a
3229 5172 3604 5246 Saliano,lo_ro

2025 5242 2190 5317 supra
2227 5249 2398 5302 citato
2441 5249 2538 5307 ait,
2593 5261 2760 5298 novos
2791 5243 3098 5317 Sutnaritas
3139 5242 3606 5317 suscepisse‘cir-

2021 5311 2416 5372 cuntcisionetn
2469 5331 2566 5384 per
2617 5319 2928 5384 sacerdotes
2985 5311 3149 5367 Israel
3179 5328 3243 5365 ex
3285 5312 3603 5384 captivitate

2024 5397 2330 5452 revocatos,
2361 5381 2529 5440 libros
2554 5385 2680 5439 item
2715 5385 2847 5454 legts
2875 5383 3066 5448 Mosae;
3095 5384 3205 5435 haec
3231 5381 3602 5454 enimuuterito

2016 5449 2390 5525 intelliguntur
2423 5457 2579 5518 ritus,
2640 5466 2692 5508 et
2735 5449 2972 5522 legitima
3001 5453 3091 5506 Dei
3140 5462 3318 5525 terra,
3348 5449 3415 5504 ιν
3459 5450 3597 5515 Reg.

2015 5543 2143 5594 cap.
2179 5521 2322 5580 -ἱινιι,
2378 5525 2559 5592 Atque
2587 5527 2698 5578 lucc
2741 5521 3077 5591 prttbalilior
3101 5530 3183 5577 est
3215 5521 3378 5586 ratio,
3410 5533 3509 5575 cur
3531 5534 3597 5574 se

2015 5597 2288 5654 lsraelitas
2325 5610 2386 5653 se
2413 5609 2533 5651 esse
2561 5594 2842 5667 jactarint.
