3974 6220
300 334 415 397 ΤΠ

1581 335 1909 397 H’JMlLIA
1945 337 2282 399 XXXVIII.

3466 334 3595 401 738.

305 450 472 519 καλὴ,
517 448 614 502 καὶ
647 450 928 521 ἐπίχαρις,
960 454 992 524 ἡ
1026 452 1282 506 πωλοῦσα
1309 451 1438 523 ἔθνη
1470 453 1527 506 ἐν
1564 454 1629 521 τῇ
1664 450 1876 519 πορνείς

1997 460 2050 504 et
2086 451 2195 504 ihat
2231 460 2349 520 post
2380 458 2653 509 amatores
2693 451 2907 506 suos".
2948 469 2965 502 ι
3013 447 3182 504 Naum
3223 449 3386 505 etiam
3429 450 3505 521 (4)
3555 468 3570 505 :

307 542 506 610 αὐτῆς.
548 559 567 591 ι
606 540 666 594 '0
714 542 880 611 νόμος
909 542 1090 597 τοίνυν
1138 545 1237 612 τῆς
1263 543 1519 605 ἀσεϐείας
1553 544 1653 595 οὐκ
1682 536 1750 610 ἦν
1787 542 1886 609 τῆς

307 633 527 698 φύσεως
550 631 659 685 τῶν
690 631 997 703 ἀνθρώπων
1030 635 1171 705 ἀνήρ
1193 650 1208 665 ’
1260 634 1452 704 ἔμελλε
1495 635 1604 704 γὰρ
1644 650 1886 704 νυμφευ-

306 723 471 791 θῆναι
497 725 739 794 Χριστῷ,
759 719 803 793 ᾧ
830 726 1196 794 νυμφοστολεί
1219 726 1424 796 ταύτην
1449 727 1681 792 Παῦλος,
1710 704 1887 791 οὕτως

302 813 512 867 εἰπών’
574 834 595 867 ι
647 817 1011 889 Ἦρμοσάμην
1070 818 1216 886 ὑμᾶς
1275 818 1357 871 ἑνὶ
1409 819 1567 889 ἀνδρὶ⁵
1614 819 1887 890 παρθένον

302 903 479 975 ἁγνὴν
513 909 867 975 παραστῆσαι
895 906 1139 976 Χριστῷ.
1167 926 1186 959 ι
1240 906 1403 961 Ἀλλὰ
1428 908 1497 961 τὰ
1523 908 1622 977 τῆς
1647 908 1887 978 ἱστορίας

302 994 467 1061 αὖθις
499 998 963 1069 ἐπαναλάὸωμεν.

381 1188 403 1220 ι
436 1171 598 1238 Λέγει
628 1170 781 1241 αὐτῷ
812 1173 843 1243 ἡ
882 1174 1019 1245 γυνή
1047 1190 1061 1206 ⁸
1096 1174 1292 1245 Κύριε,
1319 1176 1532 1247 θεωρῶ,
1556 1178 1640 1231 ὅτι
1670 1180 1885 1249 προφή-

300 1279 404 1332 της
431 1258 484 1314 εἴ
510 1261 597 1315 σύ.
629 1280 650 1313 ι
701 1263 1008 1319 Ἀκούσασα
1041 1266 1403 1336 οὖτωισαιρῶς
1432 1268 1886 1338 ἀνακαλυφθέντα

300 1354 375 1406 τὰ
428 1354 487 1406 ὲν
539 1355 881 1426 παραδύστῳ
916 1357 1256 1428 πραχθέντα,
1297 1362 1391 1412 καὶ
1434 1359 1535 1414 ὅσα
1585 1359 1685 1432 τὴν
1729 1361 1886 1415 πόλιν

299 1447 620 1510 ἐλάνθανεν,
654 1448 770 1501 οὔθ’
801 1450 1085 1520 ὑπεστὰλη
1113 1450 1518 1522 ὲρυθριάσασα,
1562 1450 1676 1505 οὒτ’
1707 1454 1882 1524 ἀπρε-

302 1540 414 1602 πές
442 1556 497 1593 τι
538 1542 635 1594 καὶ
676 1542 867 1611 ἰταμὸν
901 1542 1304 1611 ἁνεφθέγξατο’
1335 1544 1450 1598 ἀλλ’
1505 1547 1570 1598 ὲκ
1604 1544 1700 1599 τοῦ
1744 1563 1882 1617 προ·

302 1633 487 1702 φήτην
517 1632 684 1686 αὐτὸν
732 1633 1018 1704 ὁμολογεῖν
1047 1635 1192 1690 ἔοικε
1213 1636 1289 1705 τῷ
1312 1637 1457 1707 λόγῳ
1488 1637 1884 1705 συγκατατίθε-

301 1724 451 1788 σθαι,
488 1726 788 1779 ἁπεοικότα
819 1728 876 1780 δὲ
932 1729 1109 1780 ποιεῖν
1139 1727 1215 1799 τῷ
1270 1728 1415 1782 ἔθνει
1446 1729 1641 1798 αὐτῆς.
1677 1730 1740 1783 Οἱ
1772 1729 1882 1799 γὰρ

1999 558 2017 591 ι
2055 540 2306 597 Meretrix
2339 542 2579 612 speciosa
2617 551 2672 597 et
2703 551 2888 611 grata,
2932 556 3049 610 qua
3090 540 3276 597 vendit
3302 554 3489 612 gemes
3517 543 3570 599 in

1993 633 2348 688 tornicatioue
2372 635 2554 690 sua“.
2590 652 2608 684 ›
2643 632 2758 686 Lex
2783 633 2947 702 igitur
2976 633 3270 702 impietatis
3308 648 3413 687 non
3454 642 3571 689 erat

1992 727 2073 778 vir
2106 726 2354 780 inuitante
2389 737 2626 790 naturae,
2656 725 2750 779 sed
2788 726 3008 779 Christo
3047 735 3275 792 nuptura
3310 734 3455 787 erat,
3484 726 3571 779 cui

1993 814 2190 869 Paulus
2236 829 2353 868 eam
2399 817 2627 869 adornat
2670 824 2727 867 ut
2771 829 3021 882 sponsam
3067 814 3178 885 (5),
3210 814 3286 868 sic
3326 814 3508 868 dicens
3551 831 3567 867 :

1998 924 2019 956 ι
2073 906 2339 975 Despondi
2388 906 2532 960 enim
2586 920 2681 959 vos
2738 906 2828 959 ιιιιί
2881 906 2998 960 viro
3046 906 3307 974 virginem
3362 915 3567 959 castam

1991 993 2246 1046 exhibere
2285 991 2499 1048 Christo
2516 994 2580 1046 ’³.
2623 1012 2643 1044 ι
2687 992 2793 1048 Sed
2837 994 3151 1049 historicam
3193 996 3559 1050 narrationem

1992 1086 2187 1140 iterum
2219 1100 2580 1141 resumamus.

2066 1193 2086 1227 ι
2127 1177 2265 1230 Dicit
2293 1176 2341 1230 ei
2376 1176 2573 1230 mulier
2602 1196 2615 1230 :
2652 1176 2902 1242 Domine,
2941 1177 3099 1231 video
3138 1177 3275 1246 quia'
3306 1177 3566 1248 propheta

1988 1282 2047 1322 es
2085 1277 2160 1320 ιιι.
2194 1285 2214 1319 ι
2250 1266 2351 1322 libi
2384 1267 2557 1320 audiit
2585 1282 2647 1321 ea
2674 1282 2794 1337 qua:
2826 1268 2940 1337 ipsa
2976 1268 3029 1321 in
3065 1270 3276 1322 occulto
3299 1275 3563 1336 patrarat,

1990 1373 2110 1428 qua:
2138 1358 2412 1412 latuerant
2443 1359 2746 1425 civitatem,
2786 1360 2837 1411 in
2872 1359 3044 1412 lucem
3081 1367 3185 1412 tam
3223 1368 3409 1427 aperte
3440 1372 3557 1427 pro-

1990 1448 2118 1516 lata,
2156 1463 2257 1504 nec
2277 1464 2387 1519 prae
2419 1451 2625 1518 pudore
2650 1449 3020 1504 dissimulavit
3049 1465 3223 1518 neque
3247 1449 3564 1503 indecorum

1989 1540 2270 1612 quidpiam
2331 1540 2641 1610 petulanter
2707 1540 3021 1610 respondit;
3096 1540 3189 1594 sed
3243 1542 3565 1609 prophetam

1989 1636 2136 1690 illum
2169 1635 2445 1702 confessa,
2480 1637 2595 1705 ejus
2634 1636 2868 1690 orationi
2918 1638 3229 1692 consentire
3281 1638 3392 1691 visa
3445 1646 3563 1701 est,

1988 1739 2044 1784 et
2072 1743 2233 1783 secus
2272 1727 2476 1795 facere,
2515 1743 2673 1797 quam
2709 1744 2841 1796 gens
2887 1743 2986 1783 sua
3020 1730 3416 1785 consuevisset.
3457 1729 3562 1785 Sa-

300 1817 642 1885 Σαμαρείται
663 1819 948 1887 προφήτας
973 1819 1037 1872 ού
1068 1789 1457 1890 παρεδέξαντο.
1484 1789 1618 1875 Εῑτὶ
1640 1824 1730 1874 καὶ
1752 1789 1876 1891 περὶ

1990 1820 2241 1874 maritaui
2286 1820 2556 1889 siquidem
2596 1819 2888 1887 prophetas
2938 1834 3049 1872 non
3106 1830 3427 1887 receperunt
3459 1817 3560 1888 (6).

295 1907 589 1976 δογμάτων
619 1905 796 1977 ζητεῖ,
831 1907 1021 1977 ὥσπερ
1050 1909 1319 1963 ὠδίνουσα
1346 1910 1404 1962 τὸ
1434 1909 1659 1981 ζήτημα
1685 1911 1881 1979 πρότε·

302 2013 421 2066 ρον.

379 2107 398 2139 ι
429 2090 491 2142 Oi
525 2089 757 2158 πατέρες
785 2091 944 2160 ἡμῶν
977 2093 1035 2144 ὲν
1067 2092 1144 2162 τῷ
1181 2093 1297 2161 ὄρει
1334 2094 1514 2165 τούτῳ
1542 2095 1881 2166 προσεκύνη-

298 2197 425 2243 σαν,
458 2182 551 2232 καὶ
579 2180 738 2247 ὑμεῖς
776 2182 986 2250 λέγετε,
1011 2184 1092 2237 ὅτι
1124 2186 1182 2236 ἐν
1227 2182 1622 2254 Ἰεροσολύμοις
1671 2186 1818 2237 ἐστὶν
1853 2186 1882 2236 ὁ

295 2274 466 2336 τόπος
496 2274 633 2326 ὅπου
661 2273 745 2327 δεῖ
762 2278 1110 2341 προσκυνεῖν.
1146 2295 1165 2327 ι
1210 2277 1460 2330 Ἰουδλῖοι
1496 2278 1593 2347 μὲν
1614 2277 1713 2341 τὰς
1743 2293 1879 2347 προ-

296 2365 538 2433 φητικὰς
566 2363 752 2430 φωνὰς
775 2365 1105 2434 σωματικῶς
1133 2366 1479 2437 ἐκδεχόμενοι
1507 2364 1677 2438 ᾤοντο
1699 2370 1756 2420 ἐν
1785 2368 1878 2436 μά-

296 2472 415 2518 νοις
460 2453 721 2525 Ἰεροσολύ
732 2472 849 2524 μοις
877 2458 989 2509 δεῖν
1020 2460 1349 2522 προσκυνεῖν
1377 2459 1469 2511 τὸν
1503 2459 1658 2514 Θεόν.
1695 2459 1881 2530 Σαμα-

298 2551 482 2619 ρεῖται
522 2548 581 2600 δὲ
628 2548 686 2601 ἐν
713 2548 830 2619 δρει
856 2547 953 2601 τοῦ
981 2549 1228 2619 Γαριζὶν,
1261 2552 1318 2602 ὲν
1341 2543 1386 2618 ᾧ
1418 2554 1487 2604 τὰ
1530 2551 1726 2605 εἴδωλα
1756 2555 1878 2606 ὲκε·

298 2635 575 2704 κρύφατο,
603 2634 678 2697 ὡς
702 2637 756 2687 ὲν
784 2638 897 2699 τοῖς
923 2635 1234 2710 ἔμπροσθεν
1265 2640 1512 2711 εῖπομεν.
1541 2639 1759 2712 Ταύτην
1784 2642 1877 2696 οὖν

294 2730 400 2800 τὴν
432 2728 662 2797 ζήτησιν
706 2728 781 2791 ὡς
810 2728 1112 2796 ἀμφίϐολον
1142 2733 1174 2801 ἡ
1202 2732 1336 2802 γυνὴ
1360 2733 1436 2803 τῷ
1457 2734 1701 2805 Δεσπότῃ
1722 2736 1878 2805 προΐ-

300 2836 515 2875 σνεται.
547 2822 613 2875 Τί
643 2817 736 2876 οὖν
766 2823 794 2875 ό
827 2824 1050 2894 Σωτήρῖ

376 2930 398 2965 ι
448 2913 749 2967 Πίστευσόν
813 2932 922 2985 μοι,
983 2914 1167 2984 γύναι,
1220 2916 1303 2969 ὅτι
1342 2914 1565 2986 ἔρχεται
1620 2916 1876 2989 ὦρα,ὃτε

296 3007 424 3060 οὗτε
455 3009 515 3061 ὲν
539 3006 618 3077 τῷ
651 3008 767 3078 δρει
791 3007 989 3078 τούτῳ,
1026 3007 1152 3061 οὔτε
1182 3010 1238 3061 ὲν
1277 3009 1672 3081 Ἰεροσολύμοις
1705 3029 1875 3082 προσ-

1984 1908 2116 1978 Post
2147 1912 2259 1965 inec
2301 1910 2368 1965 de
2413 1910 2680 1980 dogmatis
2710 1924 2833 1963 eum
2866 1909 3187 1977 interrogat,
3222 1910 3376 1978 quasi
3422 1910 3565 1965 hanc

1985 2001 2345 2070 qumstionem
2370 2000 2479 2067 iam
2508 2009 2635 2056 ante
2676 2001 2856 2055 animo
2883 2000 3203 2067 parturiret.

2060 2108 2078 2141 ι
2118 2089 2309 2143 Patres
2344 2090 2514 2143 nostri
2570 2090 2623 2142 in
2674 2102 2856 2144 monte
2905 2091 3008 2143 hoc
3055 2090 3444 2155 adoraverunt,
3507 2099 3564 2145 et

1986 2193 2080 2232 vos
2107 2177 2290 2232 dicitis
2316 2218 2332 2245 ,
2382 2179 2508 2248 quia
2546 2178 2939 2250 Hierosolymis
2970 2187 3053 2233 est
3086 2178 3258 2241 locus,
3304 2184 3392 2233 uhi
3425 2181 3560 2235 ado-

1986 2285 2106 2324 rare
2135 2279 2368 2338 Oportet.
2405 2288 2422 2320 ι
2458 2270 2628 2325 Juda:i
2668 2285 2802 2324 sane
2842 2270 3192 2339 propheticas
3241 2286 3402 2324 voces
3442 2286 3562 2326 cor-

1983 2365 2239 2432 poraliter
2269 2364 2622 2434 accipientes,
2669 2362 2842 2417 solum
2899 2360 3292 2432 Hierosolymis
3343 2362 3558 2416 adorari

1984 2455 2149 2511 Deum
2188 2458 2482 2511 convenire
2518 2455 2923 2510 existimabant.
2958 2453 3286 2507 Samaritani
3323 2468 3450 2508 vero
3503 2454 3558 2508 iu

1984 2558 2167 2601 monte
2205 2546 2426 2602 Garizin
2466 2547 2565 2616 (7),
2619 2546 2707 2599 ubi
2758 2546 3075 2601 abscondita
3127 2547 3267 2599 idola
3319 2545 3559 2612 fuerant,

1983 2647 2040 2690 ut
2089 2652 2251 2707 supra
2295 2637 2737 2690 memoravimus.
2794 2634 2944 2690 Hanc
2985 2635 3153 2703 igitur
3202 2638 3557 2705 qumstionem

1982 2737 2041 2779 ut
2100 2728 2316 2781 dubiam
2376 2727 2631 2797 proponit
2690 2727 2915 2780 Domino
2968 2728 3180 2781 mulier.
3235 2727 3376 2793 Quid
3435 2742 3560 2783 vero

1982 2819 2275 2874 Salvator?

2058 2928 2077 2960 ι
2113 2908 2323 2972 Mulier,
2361 2907 2523 2962 crede
2572 2907 2739 2973 mihi,
2790 2908 2912 2977 quia
2956 2906 3104 2960 venit
3144 2906 3308 2971 hora,
3341 2908 3560 2978 quando

1980 3015 2157 3068 neque
2205 2999 2256 3052 in
2296 3009 2477 3052 monte
2522 2999 2646 3063 hoc,
2690 3013 2865 3065 neque
2911 2999 2964 3051 iu
3013 2997 3398 3066 Hierosolymis
3425 2999 3558 3052 ado-

296 3101 568 3170 κυνὴσετε
592 3098 669 3168 τῷ
708 3098 905 3169 Πατρί.
942 3117 961 3150 ι
1006 3099 1181 3170 Ὥραν
1212 3098 1310 3170 τὴν
1346 3100 1540 3154 ἑαυτοῦ
1582 3102 1876 3173 ἐπιδημίαν

1988 3089 2170 3143 rabilis
2206 3088 2443 3142 Patrem.
2481 3106 2499 3139 ι
2536 3086 2735 3139 lloram
2768 3098 2925 3140 vocat
2954 3087 3245 3139 adventum
3293 3102 3471 3159 suum,
3500 3089 3553 3141 in

295 3190 473 3258 λέγει,
496 3190 621 3243 καθ’
648 3191 712 3262 ἢν
736 3191 785 3243 οἱ
819 3188 1065 3260 ἀληθινοὶ
1099 3194 1477 3263 προσκυνηταὶ
1513 3194 1614 3248 οὐκ
1642 3197 1701 3248 ὲν
1727 3197 1880 3265 ἀφω-

300 3282 549 3353 ρισμένῳ
584 3282 760 3351 τόπῳ,
794 3281 932 3339 ἀλλὰ
992 3285 1330 3354 πανταχόθεν
1382 3287 1734 3356 προσοίσουσι
1781 3290 1878 3360 τὴν

297 3372 678 3442 προσκύνησιν
702 3372 780 3445 τῷ
812 3374 1091 3446 πανταχοῦ
1120 3376 1350 3446 παρόντι
1390 3377 1530 3447 Θεῷ.

379 3482 399 3514 ι
449 3465 641 3534 Ὑμεῖς
689 3468 1044 3536 προσκυνεῖτε
1090 3467 1121 3520 ὅ
1153 3468 1257 3521 οὐκ
1285 3469 1485 3536 οἴδατε,
1509 3471 1672 3540 ἡμεῖς
1701 3489 1872 3542 προσ.

294 3559 580 3629 κυνοῦμεν
609 3558 637 3611 δ
661 3557 906 3627 οἴδαμεν.
948 3577 967 3610 ι
1001 3559 1303 3631 Θορυόήσει
1328 3561 1385 3613 δὲ
1417 3562 1546 3626 toto;
1576 3564 1727 3626 τινὰς
1766 3565 1876 3619 τῶν

297 3650 658 3720 ἀκροατῶνή
710 3651 803 3702 ἐπὶ
854 3649 1093 3719 Χριστοῦ
1145 3649 1410 3722 λεγομένη
1480 3653 1874 3724 προσκύνησις,

301 3741 499 3810 ἐπειδὴ
547 3741 739 3794 ἑαυτὸν
768 3744 882 3804 τοῖς
920 3742 1299 3812 προσκυνοῦσι
1332 3746 1678 3817 συναριθμεῖ.
1721 3749 1877 3802 Ἐστι

296 3835 357 3889 δὲ
387 3835 449 3887 οὐ
507 3836 754 3905 κάματος
805 3837 917 3898 τοῖς
958 3836 1204 3889 εὑσεόεῖν
1236 3836 1605 3906 βουλομένοις,
1637 3840 1733 3893 καὶ
1760 3841 1879 3894 θεο-

300 3927 535 3996 πρεπῶς
558 3927 655 3990 τὰς
686 3927 946 3992 τοιαύτας
976 3928 1161 3997 φωνὰς
1190 3927 1657 3997 ὲκλαμδάνεσθαι.
1693 3934 1873 4004 Προσ-

298 4023 493 4072 κονεῖν
523 4020 622 4090 μὲν
655 4019 824 4089 λέγει,
856 4020 931 4083 ὡς
979 4021 1080 4090 τὴν
1109 4022 1522 4091 προσκυνοῦσαν
1556 4024 1717 4094 φύσιν
1745 4029 1873 4080 ἀνα-

299 4109 507 4174 λαϐὼν,
534 4111 629 4165 καὶ
644 4111 1014 4182 οἰκειούμενος
1034 4113 1093 4165 τὸ
1114 4113 1388 4184 ἡμέτερον
1408 4130 1422 4145 ·
1451 4118 1875 4184 προσκυνεῖσθαι

302 4204 363 4256 δὲ
397 4201 560 4255 πάλιν
592 4206 619 4257 ό
646 4204 806 4267 αὐτὸς
838 4204 913 4268 ὡς
938 4204 1091 4268 Θεός.
1123 4204 1266 4276 ιιλὴν
1287 4207 1347 4259 ού
1383 4206 1685 4277 διαιρετέον
1706 4228 1875 4282 προσ·

304 4298 640 4367 κυνούμενον
688 4296 782 4348 καὶ
819 4296 1047 4363 λέγοντα
1083 4299 1430 4366 προσκυνεῖν,
1470 4302 1550 4363 εἰς
1590 4301 1877 4372 ἄνθρωπον

375 4427 418 4459 ²¹
444 4427 579 4483 Osee
605 4441 666 4493 ll,
693 4427 777 4481 15.
855 4424 899 4457 ’³
921 4422 1111 4480 Nuam.
1147 4440 1226 4491 ιιι,
1250 4427 1303 4480 4.
1379 4427 1466 4481 ³³1
1495 4426 1621 4484 Cor.
1646 4445 1720 4494 ιι,
1745 4430 1799 4485 2.

1980 3196 2086 3252 quo
2118 3180 2231 3233 veri
2281 3179 2598 3234 adoratores
2647 3194 2752 3230 non
2807 3180 2861 3232 in
2912 3178 3094 3247 aliquo
3145 3178 3371 3233 detinito
3413 3177 3555 3243 loco,

1978 3273 2072 3329 sed
2120 3273 2322 3342 ubique
2364 3271 2669 3326 adorabunt
2715 3270 2886 3324 Detnn
2932 3269 3186 3324 omnibus
3240 3270 3373 3325 locis
3415 3287 3554 3341 pra:-

1978 3374 2212 3419 sentem.

2056 3495 2075 3529 ι
2114 3476 2220 3531 Vos
2268 3477 2546 3541 adoratis,
2600 3476 2742 3547 quod
2790 3477 3051 3542 nescitis;
3099 3492 3198 3532 nos
3234 3479 3555 3545 adoramus,

1980 3573 2123 3638 quod
2153 3569 2377 3624 scimus.
2420 3587 2439 3621 ι
2476 3568 2739 3624 Turbabit
2785 3567 3020 3623 fortasse
3052 3570 3361 3639 quempiam
3402 3570 3557 3625 audi-

1979 3671 2158 3716 torum
2207 3661 2349 3730 quod
2385 3676 2413 3712 a
2453 3660 2677 3714 Christo
2711 3658 2780 3714 de
2824 3660 3146 3714 adoratioue
3193 3660 3396 3714 dictum
3448 3673 3554 3726 est,

1977 3753 2197 3826 quando
2227 3767 2285 3807 se
2316 3752 2487 3821 ipsum
2523 3753 2667 3806 inter
2692 3752 3008 3805 adoratores
3039 3760 3419 3806 conuumerat.
3448 3751 3556 3805 Sed

1978 3845 2113 3901 nihil
2149 3845 2349 3915 negorii
2392 3844 2615 3900 facessit
2655 3843 2757 3898 hoc
2802 3842 2871 3897 iis
2907 3843 2998 3910 qui
3033 3843 3151 3911 pios
3193 3856 3317 3897 esse.
3349 3857 3410 3897 se
3453 3857 3553 3896 νο·
3614 3855 3618 3860 ’

1980 3937 2096 3991 lunt
2117 3943 2173 3989 et
2207 3936 2273 3989 de
2304 3934 2421 4003 Deo,
2453 3934 2678 3998 sentire,
2724 3934 2801 3986 uti
2841 3933 3022 3998 decet,
3075 3933 3173 3986 has
3204 3947 3363 3988 voces
3389 3933 3555 4002 272

1983 4031 2254 4096 accipere.
2282 4028 2525 4079 Adorarc
2557 4023 2775 4090 quidem
2801 4038 2861 4076 se
2889 4024 3047 4089 dicit,
3082 4035 3141 4078 ut
3172 4024 3262 4093 qui
3301 4033 3553 4077 naturam

1985 4136 2104 4191 qua:
2138 4119 2368 4172 adorare
2399 4127 2580 4187 posset
2611 4128 3003 4184 assumpserat,
3039 4116 3283 4186 adeoque
3310 4117 3557 4172 tribuens

1983 4212 2092 4267 sibi
2126 4212 2270 4279 quod
2309 4219 2556 4264 nostrum
2603 4217 2723 4263 est:
2754 4208 2971 4262 adorari
3005 4216 3135 4263 Vero
3183 4223 3370 4264 rursus
3411 4209 3552 4264 idem

1989 4303 2191 4359 dicitur
2222 4312 2283 4357 ut
2314 4301 2478 4356 Deus.
2526 4299 2912 4354 Verumtamen
2946 4314 3053 4356 nou
3079 4299 3318 4357 dividere
3340 4312 3554 4370 Oportet

1528 4545 1846 4608 Fraocisci
1882 4546 2090 4609 Scorsi
2123 4551 2310 4609 nota.

379 4669 455 4739 (ι)
502 4667 679 4741 Ναιιηι
700 4667 879 4741 etiam.
911 4666 968 4741 _ln
993 4667 1199 4741 duohns
1215 4667 1638 4741 exemplaribus,
1665 4670 1860 4738 quibus
1895 4679 1937 4731 ι)
1965 4678 2071 4725 etc.
2104 4671 2181 4725 lta
2245 4671 2408 4726 etiam
2449 4671 2732 4739 Origenes.
2775 4670 3115 4741 Ambrosius,
3152 4681 3208 4726 et
3236 4686 3303 4727 ex
3334 4674 3552 4741 nuperis

300 4736 446 4797 usus
493 4754 611 4794 smn
660 4738 865 4807 inihac
911 4737 1057 4807 hom.
1113 4736 1244 4791 Pan.
1298 4736 1552 4794 et’Gall.
1602 4736 1860 4807 scriptum

306 4809 486 4881 reperi
553 4806 793 4881 Ἀδδιοῦ,
816 4808 908 4860 sed
936 4806 989 4859 in
1026 4809 1269 4881 margine
1292 4809 1636 4863 emendatmu
1665 4806 1865 4875 locum,

302 4877 384 4937 ρι’
416 4878 586 4933 Naum
620 4877 938 4947 repositum,
992 4880 1245 4945 quodest
1287 4892 1498 4939 verum,
1546 4890 1711 4947 atque
1768 4881 1869 4934 hac

305 4949 651 5007 correctione
708 4953 879 5001 fretus
930 4955 988 5017 et
1041 4949 1154 5015 ipse
1205 4947 1347 5017 edidi
1408 4947 1624 5017 Ναούμ.
1695 4947 1867 5002 Etiam

303 5038 375 5077 ex
430 5021 532 5073 hoc
566 5018 683 5071 loco
728 5016 940 5070 correxi
1007 5016 1402 5086 τοάπόλουσα,
1450 5016 1592 5086 quod
1651 5020 1873 5072 mendo-

306 5106 431 5147 sum
460 5098 566 5149 est,
591 5102 645 5139 et
676 5086 889 5153 reposui
923 5085 1198 5145 πωλοῦσα.
1227 5096 1282 5140 ιιι
1310 5085 1510 5142 habent
1534 5085 1677 5140 LXX
1704 5087 1868 5142 etiam

307 5164 362 5217 in
392 5159 520 5212 hihi.
552 5157 771 5225 Regiis;
793 5156 886 5210 sed
916 5155 1088 5209 facilis
1119 5156 1217 5211 fuit
1248 5156 1454 5211 librarii
1482 5172 1657 5211 error.

379 5229 456 5299 (ἒι)
496 5229 732 5281 Adoruat
788 5237 841 5279 ut
893 5241 1161 5299 sponsam.
1191 5227 1592 5296 Νυμφοστολεῖ.
1629 5227 1766 5283 Vide
1788 5225 1872 5299 ide

302 5298 411 5357 hac
442 5312 595 5361 voce,
657 5311 776 5364 quae
829 5298 1136 5349 notavimus
1181 5299 1245 5350 ad
1276 5300 1420 5351 hom.
1454 5313 1572 5361 xm,
1633 5307 1750 5353 not.
1775 5298 1867 5353 ⁸21.

381 5370 459 5440 (6)
498 5366 787 5440 Prop/cetos
823 5380 927 5420 non
981 5376 1298 5440 receperunt.
1366 5365 1474 5423 Sed
1504 5368 1678 5423 solum
1703 5368 1868 5438 quin-

302 5436 628 5511 quelibros
692 5436 872 5511 Mosae,
912 5447 983 5511 _u_t
1038 5438 1486 5511 adoptatumest
1546 5436 1735 5511 supra:
1756 5450 1869 5511 not.

302 5503 433 5571 000,
470 5506 575 5561 000
633 5506 830 5578 quibus
859 5506 996 5561 adde
1033 5507 1090 5561 S.
1124 5503 1503 5578 Epiphanium,
1544 5503 1674 5578 tum.
1710 5507 1866 5574 |,|ih.

304 5581 451 5636 Pan.
482 5595 497 5631 :
536 5575 819 5648 Differam,
848 5578 1041 5645 inquit,
1080 5578 1134 5629 hi
1183 5575 1559 5648 (Squmrilmti)
1592 5594 1623 5629 (ι
1645 5577 1868 5640 Iudaeis,

299 5651 708 5718 primumquod
765 5664 867 5703 non
899 5650 1024 5718 data
1055 5656 1130 5700 est
1164 5647 1713 5718 ipsis-prophetarum
1752 5658 1868 5714 post

254 5724 259 5731 ’
300 5716 491 5775 Mosen
524 5716 824 5788 Striplura,
851 5716 941 5771 sed
962 5717 1131 5770 solum
1154 5716 1380 5788 quinque
1402 5717 1533 5788 libri,
1556 5717 1715 5788 Mog!
1737 5720 1851 5769 dati

297 5792 493 5845 semini
553 5785 719 5843 Israel
774 5790 827 5840 in
885 5788 1027 5841 exim
1079 5787 1418 5856 profectionis
1483 5787 1546 5840 ab
1614 5785 1870 5858 Afgypto,

1973 4741 2363 4809 interpretibus
2412 4742 2635 4797 Toletus
2681 4743 2732 4796 in
2789 4740 2948 4795 Joau.
3000 4743 3243 4795 banchez
3305 4740 3553 4808 qui’cjus

1973 4812 2047 4864 rei
2074 4808 2333 4865 rationem
2354 4812 2507 4865 affert
2527 4813 2758 4865 maxime
2788 4811 3054 4863 idoneam.
3089 4808 3321 4864 Consule
3352 4811 3545 4875 ipsum.
3609 4811 3624 4823 ’

2043 4881 2119 4949 (7)
2153 4878 2222 4932 In
2268 4892 2443 4934 monte
2484 4878 2748 4935 Garizr’m.
2803 4880 2999 4949 causa,
3031 4879 3099 4931 ob
3137 4893 3297 4947 quam
3355 4878 3552 4933 Sama-

1970 4948 2134 5005 ritaui
2167 4961 2521 5005 assueverant
2545 4952 2599 5003 in
2623 4959 2806 5004 monte
2824 4948 3065 5001 Garizim
3092 4952 3324 5002 adorare
3354 4949 3548 5010 Deum.

1973 5018 2200 5073 allertur
2257 5019 2374 5074 haec
2425 5037 2453 5072 a
2493 5018 3052 5089 Theophane._quod_
3100 5017 3175 5089 ibi
3227 5019 3546 5074 abscondita

1976 5090 2138 5155 idola,
2180 5091 2245 5142 de
2296 5089 2498 5159 quibus
2529 5085 2711 5142 sermo
2748 5097 2829 5159 est
2868 5087 2957 5141 illo
2982 5085 3052 5142 Ν
3080 5086 3231 5159 _Reg.
3264 5103 3383 5159 cap.
3411 5104 3545 5159 ιινιι,

1974 5160 2114 5225 quod
2163 5157 2327 5226 supra
2381 5161 2779 5222 adnotavimus,
2814 5157 2867 5208 in
2922 5172 3026 5224 qua
3073 5157 3131 5211 S.
3186 5157 3547 5226 Epiphaniqu

1974 5228 2130 5303 sequi
2167 5230 2408 5303 _videtu_r
2445 5231 2531 5282 hic
2566 5227 2749 5303 Pater,
2803 5226 3021 5303 qui_|ib,
3055 5241 3092 5293 ι,
3132 5239 3262 5281 ιοιιι.
3297 5227 3355 5303 1,-
3386 5229 3435 5303 i_d
3465 5228 3550 5303 iu-

1974 5299 2116 5368 nnit.
2167 5296 2311 5365 Lege
2379 5298 2580 5368 ipsum.
2641 5297 2747 5350 Sed
2801 5296 3200 5352 Verior'eausa
3261 5298 3543 5364 religionis

1975 5367 2118 5422 illius
2168 5369 2271 5423 loci
2326 5367 2467 5437 apud
2530 5367 2941 5421 Samarilas‘est
2981 5380 3045 5437 ea
3081 5383 3199 5437 qua:
3256 5370 3545 5437 traditura

1975 5437 2211 5506 Josepho
2264 5435 2447 5493 Ιὶιιζιι
2508 5437 2772 5505 Antiquit.
2817 5451 2938 5506 cap.
2976 5435 3081 5502 8,a
3119 5436 3355 5491 Barouio
3411 5447 3544 5506 tum.

1975 5454 2099 5491 Jose
2144 5454 2211 5491 uo
2264 5454 2357 5493 nu.
2393 5454 2447 5491 ιι
2508 5454 2772 5505 antiqua.
2817 5454 2938 5506 cap.
2976 5454 3081 5502 a,a
3119 5454 3355 5491 uarum.)
3411 5454 3544 5489 tum.

1973 5506 2015 5570 Ι,
2075 5454 2404 5573 hfaldouato,
2461 5507 2715 5562 Cornelio
2768 5507 2821 5559 in
2874 5509 3014 5561 hunc
3049 5506 3244 5571 locum,
3291 5522 3318 5559 ιι
3349 5504 3547 5573 templo

1973 5579 2182 5633 scilicet
2225 5578 2295 5630 ibi
2345 5593 2373 5629 a
2423 5576 2789 5642 Seuahallato,
2842 5591 3007 5631 suasu
3059 5575 3314 5630 Manassae
3362 5573 3549 5644 generi

1936 5674 1941 5677 -
1975 5647 2059 5702 sui
2098 5647 2389 5712 editicato,
2446 5662 2567 5714 quae
2599 5648 2770 5700 satius
2804 5656 2909 5708 est,
2946 5657 3004 5698 ut
3055 5649 3169 5700 suis
3202 5648 3342 5700 locis
3402 5646 3545 5712 apud

1974 5720 2168 5772 citatos
2198 5727 2446 5770 auctores
2475 5717 2719 5785 legantur
2749 5733 2779 5772 ιι
2805 5717 3073 5772 studiosis
3098 5717 3296 5772 harum
3336 5729 3547 5782 rerum,

1975 5787 2132 5842 nobis
2163 5788 2297 5845 satis
2330 5787 2594 5858 attigisse.
