3974 6220
496 306 599 373 739

1701 299 2188 364 TIIEOi'HANlS
2225 305 2559 364 CERAMEI

3634 305 3740 366 740

494 435 617 474 eum
649 417 739 487 qni
771 417 1047 481 adoratur,
1089 427 1140 471 et
1168 416 1259 486 qui
1300 416 1531 472 adorare
1557 431 1616 470 se
1658 417 1813 479 dicit,
1843 416 2043 468 seorsin

2176 414 2269 465 καὶ
2291 415 2424 467 Θεὸν
2455 415 2639 478 ίδικῶς
2668 414 2809 468 κατὰ
2834 414 2930 485 τὴν
2958 414 3252 486 Νεστορίου
3280 415 3599 469 δυσσέϐειαν
3618 434 3633 447 ·
3659 413 3743 479 εἷς

494 512 549 567 in
594 513 865 566 hominem
910 517 965 563 et
1011 508 1200 573 Deum,
1249 509 1402 578 juxta
1438 506 1668 562 Nestor-ii
1703 507 2063 574 impietatem.

494 599 645 655 Unus
662 610 742 654 est
765 600 910 653 enim
941 599 1219 669 hypostasi
1248 598 1455 654 duabus
1479 599 1691 652 naturis
1723 597 2063 650 manentibus

493 691 864 760 impermistis.
937 690 1007 746 Ut
1055 707 1183 745 vero
1233 690 1539 746 Iudaeorum
1600 690 1741 760 genti
1799 690 2059 742 honorem

488 783 645 836 daret
694 782 964 847 Salvator,
1003 783 1201 852 adjecit
1243 802 1257 838 :
1300 802 1315 833 ι
1359 782 1493 849 Quia
1556 780 1715 835 Salus
1753 796 1818 834 ex
1860 780 2060 834 Judznis

487 883 588 925 est.
624 892 643 924 ι
684 871 822 926 Vere
876 874 1016 926 enim
1065 884 1118 925 et
1168 874 1259 925 Dei
1304 873 1561 941 Cognitio,
1608 881 1662 926 et
1702 886 1952 924 recessus
1993 870 2059 922 ab

489 962 763 1033 impietate
832 979 859 1016 a
918 962 1120 1017 Iudaeis
1174 964 1386 1017 initium
1442 965 1697 1018 habuere.
1750 961 2059 1018 Occultiore

487 1070 618 1110 vero
667 1072 827 1109 sensu
883 1056 1114 1110 salutem
1164 1055 1448 1123 appellavit
1498 1055 1775 1123 seipsum,
1842 1053 2058 1107 nomine

487 1150 541 1201 in
590 1149 640 1202 id
691 1148 863 1214 ipsmn
919 1147 1146 1202 ferente.
1196 1146 1308 1201 Hoc
1356 1148 1498 1201 enim
1544 1146 1813 1213 signiﬁcat
1860 1160 2054 1199 nomen

484 1239 610 1294 Jesu
643 1239 757 1311 (8);
796 1240 943 1295 salus
975 1240 1119 1294 enim
1151 1240 1405 1294 Christus
1438 1255 1501 1292 ex
1529 1238 1728 1293 Judaéis
1755 1239 2052 1292 scentulum

483 1346 701 1387 carnem
736 1342 819 1385 est
848 1342 1026 1386 natus.
1089 1350 1107 1383 ι
1140 1331 1373 1401 Spiritus
1400 1342 1483 1385 est
1530 1330 1689 1393 Deus,
1737 1341 1790 1384 et
1828 1344 1922 1384 eos
1961 1330 2052 1399 qui

482 1425 708 1477 adorant
742 1423 937 1491 ipsum,
989 1424 1039 1475 in
1089 1424 1285 1491 spiritu
1336 1432 1390 1476 et
1432 1423 1658 1476 veritate
1691 1430 1901 1489 oportet
1926 1426 2055 1476 ado-

482 1528 655 1566 rare.»
699 1513 809 1565 Duo
842 1512 952 1574 illa,
1002 1528 1118 1580 quae
1159 1511 1451 1579 perﬁciunt
1488 1514 1745 1576 animam,
1782 1512 2050 1565 actionem

479 1601 1099 1669 coistemplationemque
1146 1602 1474 1666 insinuavit;
1520 1618 1614 1670 per
1649 1603 1895 1671 spiritum
1927 1603 2050 1671 qui-

479 1692 599 1744 dem
651 1691 943 1756 practicam
995 1692 1247 1745 virtutem
1302 1691 1613 1759 signiﬁcans
1669 1710 1683 1745 :
1748 1711 1767 1742 ι
1819 1691 2050 1760 Spiritus

477 1785 645 1849 enim,
674 1785 747 1836 ait
772 1785 881 1847 ille,
912 1785 1250 1853 concupiscit
1280 1788 1537 1841 adversus
1559 1802 1801 1851 carnem,
1836 1798 1889 1840 et
1925 1801 2049 1839 caro

476 1876 740 1930 adversus
798 1877 1045 1944 spiritum
1075 1877 1142 1929 ".
1186 1896 1204 1928 ι
1250 1876 1354 1931 Per
1404 1879 1455 1931 id
1504 1894 1632 1934 vero
1681 1879 1821 1948 quod
1872 1880 2047 1945 dixit,

482 1987 502 2021 ι
538 1968 589 2021 in
631 1967 880 2040 veritate,
920 1988 937 2019 ι
974 1984 1159 2022 verum
1205 1970 1518 2038 dogmatum
1552 1971 1904 2026 intellectum.
1948 1973 2050 2025 Per

476 2058 744 2111 actionem
775 2059 938 2127 igitur
987 2068 1039 2112 et
1095 2059 1607 2127 contemplationem
1654 2076 1782 2114 vera
1820 2060 2048 2115 eﬂieitur

475 2150 743 2203 adoratio.
784 2150 875 2204 Vel
907 2153 1163 2219 quoniam
1210 2152 1514 2207 umbratilis
1550 2154 1726 2207 littera
1776 2154 1907 2219 legis
1955 2169 2047 2207 oc-

472 2241 624 2302 cidit,
662 2241 884 2310 spiritus
931 2252 1108 2294 autem
1159 2241 1487 2308 viviﬁcat",
1536 2244 1728 2297 litterae
1770 2246 2042 2313 spiritum,

472 2341 527 2385 et
555 2333 759 2385 umhrze
791 2335 1043 2400 opposuit
1072 2334 1380 2386 veritatem.
1431 2332 1548 2389 Non
1601 2336 1765 2405 igitur
1798 2337 2045 2390 lidelibus

473 2423 655 2485 nobis,
689 2431 745 2475 ιιι
781 2421 983 2476 ,Ιιιιίαξῑε
1020 2433 1074 2477 ct
1120 2423 1506 2489 Samaritanis,
1551 2424 1668 2479 loco
1699 2426 2045 2480 circumscri-

475 2512 623 2566 bitur
651 2513 922 2575 adoratio,
969 2513 1061 2566 sed
1095 2514 1287 2582 spiritu
1318 2514 1397 2567 ﬁt.
1437 2513 1674 2582 Spiritus
1706 2516 1845 2569 enim
1877 2516 2041 2580 Deus,

472 2616 573 2657 nec
625 2603 675 2655 in
729 2619 850 2657 eum
899 2604 1332 2673 circumscriptio
1391 2607 1491 2660 loci
1547 2608 1736 2660 cadit:
1776 2624 1793 2658 ι
1832 2607 1899 2661 Ει
1948 2607 2039 2676 qui

472 2696 720 2759 adorant,
749 2710 871 2749 eum
901 2696 953 2747 in
984 2696 1175 2766 spiritu
1211 2706 1425 2763 oportet
1454 2698 1701 2752 adorare.
1730 2718 1760 2746 ι

545 2807 573 2834 ε
609 2784 747 2838 Dicit
780 2787 827 2840 ei
878 2786 1068 2840 mulier
1098 2805 1112 2840 ε
1152 2788 1279 2842 Scio
1320 2791 1443 2856 quia
1490 2789 1716 2844 Messias
1751 2792 1918 2853 venit,
1948 2792 2037 2860 qui

471 2878 667 2931 dicitur
700 2877 970 2931 Christus.
1002 2896 1021 2928 ι
1053 2880 1206 2933 Scias
1254 2882 1416 2934 etiam
1464 2898 1493 2935 a
1548 2882 1904 2938 Samaritanis
1946 2885 2041 2936 ad-

474 2977 689 3020 ventum
754 2967 955 3021 Christi
1012 2968 1182 3023 fuisse
1233 2980 1624 3039 exspectatum,
1659 2974 1750 3040 qui
1810 2989 1839 3026 a
1889 2975 2040 3028 Mose

2168 505 2274 574 γάρ
2297 506 2415 558 ἐστι
2445 510 2509 577 τῇ
2543 507 2860 572 ὑποστάσει,
2889 507 3166 575 μενουσῶν
3210 507 3469 577 ἀφὺρτων
3506 508 3617 559 τῶν
3648 507 3747 560 δύο

2167 597 2403 676 φύσεειιν.
2426 598 2613 667 Τιμῶν
2644 599 2702 650 δὲ
2727 599 2795 652 τά
2816 598 2926 651 τῶν
2949 598 3219 651 Ἰουδαίων
3253 601 3280 651 ὁ
3311 597 3503 669 Σωτὴρ
3533 600 3752 668 ἐπήγα-

2165 707 2280 757 γεν,
2322 691 2406 743 ὅτι
2465 709 2484 742 ι
2531 692 2596 743 Ἠ
2641 690 2888 761 σωτηρία
2946 691 3012 743 ἐκ
3056 691 3165 744 τῶν
3212 692 3482 745 Ἰουδαίων
3514 693 3688 745 ἐστίν.
3723 709 3746 745 ι

2176 785 2417 855 Ἀληθῶς
2444 787 2553 854 γὰρ
2576 788 2658 839 ὅτι
2691 786 2785 839 καὶ
2817 788 2848 855 ή
2881 804 2947 838 πε
2959 785 3013 856 pi.
3043 786 3134 838 τοῦ
3165 784 3303 838 Θεοῦ
3332 787 3555 853 γνῶσις,
3590 787 3690 839 καὶ
3712 786 3751 856 ἡ

2161 877 2261 946 τῆς
2298 877 2577 940 εὐσεϐείας
2611 878 2757 947 φυγὴ
2797 878 2947 946 παρά
2988 876 3257 929 Ἰουδαίων
3285 877 3485 947 εὕρατο
3513 877 3615 944 τὴν
3644 878 3756 945 ἀρε

2162 966 2284 1033 χήν.
2321 965 2808 1035 Κρυφιωδέστερον
2839 964 2893 1016 δὲ
2928 964 3205 1034 σωτηρίαν
3237 963 3586 1034 φερωνύμως
3615 967 3757 1016 ἐαυ-

2160 1055 2250 1106 τὸν
2281 1055 2530 1125 ὠνόμασε
2556 1072 2569 1084 ·
2605 1055 2765 1107 τοῦτο
2812 1056 2921 1124 γὰρ
2978 1055 3235 1125 σημαίνει
3284 1056 3368 1120 τὸ,
3402 1054 3637 1121 Ἰησοῦς
3665 1072 3683 1087 ’
3718 1056 3755 1123 ἡ

2161 1146 2404 1215 σωτηρία
2426 1146 2535 1216 γὰρ
2562 1148 2590 1199 ὸ
2613 1146 2846 1216 Χριστος
2868 1148 2932 1197 ὲκ
2960 1146 3069 1199 τῶν
3095 1145 3368 1197 Ἰουδαίων
3391 1148 3530 1198 κατά
3557 1146 3758 1213 σάρκα

2158 1236 2472 1304 γεγένηται.
2516 1255 2534 1287 ι
2575 1235 2796 1306 Πνεῦμα
2828 1239 2855 1289 ὁ
2894 1236 3046 1299 Θεὸς,
3082 1237 3331 1298 καὶτοὺς
3367 1237 3763 1306 προσκυνοῦν-

2157 1344 2257 1388 τας
2280 1326 2444 1378 αὑτὸν
2486 1328 2542 1378 ὲν
2574 1327 2847 1396 πνεύματι
2865 1326 2959 1379 καὶ
2991 1325 3219 1397 ἀληθείᾳ
3238 1325 3322 1377 δεῖ
3341 1329 3712 1396 προσκυνεῖν.
3732 1346 3754 1379 ι

2156 1418 2237 1470 Ti
2275 1417 2369 1470 δύο
2393 1416 2715 1471 τελειωτικά
2747 1418 2845 1486 τῆς
2878 1417 3082 1487 ψυχῆς,
3130 1416 3333 1488 πρᾶξιν
3368 1418 3464 1470 καὶ
3495 1417 3758 1487 θεωρίαν

2156 1510 2404 1580 ᾐνίξατο·
2436 1509 2526 1562 διὰ
2553 1509 2651 1579 μὲν
2676 1508 2770 1561 τοῦ
2800 1509 3113 1578 πνεύματος
3134 1509 3384 1579 δηλώσας
3410 1509 3472 1562 τὸ
3496 1528 3760 1578 πρακτι-

2154 1604 2286 1655 κόν·
2333 1621 2351 1653 ι
2392 1601 2466 1655 Τὸ
2498 1602 2716 1671 πνεῦμα
2752 1602 2887 1671 γὰρ,
2938 1602 3125 1672 φησὶν,
3164 1601 3427 1671 ἐπιθυμεῖ
3453 1603 3593 1654 κατά
3632 1602 3756 1670 τῆς

2158 1692 2380 1759 σαρκὸς,
2418 1693 2512 1745 καὶ
2549 1695 2581 1763 ἢ
2613 1693 2749 1762 σὰρξ
2779 1693 2919 1745 κατὰ
2962 1692 3056 1744 τοῦ
3090 1691 3431 1761 πνεύματος,
3472 1712 3490 1744 ι
3531 1690 3621 1745 διὰ
3686 1691 3757 1745 δὲ

2153 1783 2268 1846 τοῦ,
2339 1801 2357 1832 ι
2402 1782 2461 1835 ὲν
2509 1781 2757 1851 ἀληθείᾳ,
2799 1801 2817 1833 ι
2870 1780 2968 1851 τὴν
3022 1780 3131 1833 τῶν
3182 1781 3467 1850 δογμάτων
3518 1780 3754 1851 ἀψευδῆ

2152 1876 2498 1945 κατανόησιν.
2534 1874 2635 1927 Διά
2666 1873 2916 1943 πράξεων
2952 1872 3047 1926 οῦν
3084 1872 3173 1926 καὶ
3223 1872 3479 1942 ἀληθείας
3524 1875 3559 1943 ἠ
3592 1874 3755 1941 ἀλη-

2152 1967 2248 2031 θὴς
2305 1966 2673 2037 προσκύνησις
2720 1967 2955 2035 γίνεται.
3023 1967 3111 2018 “ll.
3151 1965 3343 2035 ἐπειδὴ
3397 1967 3456 2017 τὸ
3493 1965 3755 2027 σκιῶδες

2149 2059 2381 2128 γράμμα
2428 2058 2522 2111 τοῦ
2558 2060 2724 2127 νόμου
2761 2058 3098 2124 ἀποκτείνει,
3152 2057 3215 2110 τὸ
3242 2057 3300 2110 δὲ
3333 2056 3554 2128 πνεῦμα
3588 2058 3753 2121 ζωο-

2150 2154 2316 2214 ποιεῖ,
2376 2152 2644 2218 ἀντέοηκε
2701 2152 2761 2204 τὸ
2796 2150 3016 2219 πνεῦμα
3070 2150 3149 2220 τῷ
3184 2151 3495 2220 γράμματι,
3528 2152 3626 2201 καὶ
3666 2154 3750 2220 τῇ

2148 2244 2276 2312 σκιᾷ
2308 2243 2407 2311 τὴν
2429 2242 2710 2312 ἀλήθειαν.
2742 2243 2815 2295 Οὐ
2850 2242 3052 2311 τοπικὴ
3084 2241 3214 2309 γοῦν
3256 2244 3288 2312 ἡ
3341 2242 3751 2311 προσκύνησις

2146 2338 2277 2405 ἡμῖν
2304 2338 2413 2397 τοῖς
2460 2338 2691 2396 πιστοῖς,
2747 2333 2821 2396 ὡς
2872 2335 2984 2395 τοῖς
3011 2332 3290 2395 Ἰουδαίοις
3320 2334 3415 2386 καὶ
3444 2334 3754 2402 Σαμαρεί-

2147 2446 2285 2492 ταις,
2301 2428 2434 2481 ἀλλά
2456 2429 2817 2497 πνευματική.
2844 2426 3065 2496 Πνεῦμα
3093 2426 3200 2496 γὰρ
3222 2426 3251 2478 ὁ
3273 2426 3426 2489 Θεὸς,
3451 2426 3555 2478 οὐκ
3580 2424 3750 2494 ἔχων

2144 2522 2204 2575 τὸ
2242 2522 2719 2591 περιγράφεσθαιο
2775 2539 2793 2570 ι
2831 2520 2939 2573 Καὶ
2967 2519 3018 2570 οί
3056 2518 3491 2586 προσκυνοῦντες
3526 2519 3747 2583 αὑτὸν,

2146 2615 2531 2686 πνευματικῶς
2567 2613 2845 2682 ὀφείλουσι
2884 2613 3232 2683 προσκυνεῖν.
3277 2629 3296 2663 ι

2219 2811 2238 2843 ‹
2277 2792 2437 2858 Λέγει
2462 2790 2610 2858 αὑτῴ
2642 2789 2833 2857 ήγυνή
2856 2802 2869 2816 ⁸
2904 2783 3034 2840 Οἶδα
3056 2787 3136 2840 ὅτι
3164 2786 3409 2849 Μεσσίας
3440 2785 3679 2855 ἔρχεται
3704 2789 3743 2843 ὁ

2142 2884 2435 2951 λεγόμενος
2474 2881 2733 2948 Χριστός.
2781 2898 2803 2932 ι
2850 2880 3174 2948 Ἐπίστησον
3210 2879 3291 2931 ὃτι
3326 2879 3419 2932 καὶ
3450 2879 3499 2930 οί
3527 2880 3744 2947 Σαμα-

2144 2978 2315 3044 ρεῖται
2356 2974 2456 3043 τὴν
2496 2973 2803 3043 παρουσίαν
2827 2970 3065 3041 Χριστοῦ
3102 2970 3432 3040 ἐξεδέχοντο,
3465 2971 3737 3035 Μωσέως

473 3067 803 3124 acceperant
837 3076 849 3110 :
881 3077 899 3108 ι
936 3056 1259 3128 Pr0phctam
1285 3061 1569 3115 suscitaliit
1604 3064 1755 3116 vobis
1778 3065 2037 3121 Dominus

2150 3065 2493 3127 ἀκούσαντες.
2515 3065 2596 3117 ὅτι
2629 3082 2647 3115 ι
2688 3064 2981 3132 Προφήτην
3026 3063 3157 3132 ὑμῖν
3185 3063 3477 3132 ἀναστήσει
3504 3061 3735 3133 Κύριος

470 3152 538 3201 de
560 3144 819 3203 fratribus
854 3151 1050 3203 vestris
1091 3152 1232 3204 sicut
1257 3168 1341 3205 me
1362 3154 1430 3205 ".
1467 3171 1485 3203 ι
1522 3154 1683 3207 Infert
1706 3156 1869 3223 igitur
1899 3160 2039 3211 hunc

388 3244 390 3247 ’
472 3241 539 3294 de
561 3255 625 3294 eo
642 3256 945 3297 sermonem
971 3245 1183 3309 nmlier,
1212 3246 1437 3314 cupiens
1465 3246 1693 3301 fortasse
1712 3263 2038 3317 cognoscere

475 3344 687 3402 tempus
731 3335 993 3388 adventus
1033 3335 1190 3402 ejus:
1219 3348 1271 3391 et
1322 3340 1409 3391 ubi
1459 3341 1685 3404 audivit,
1722 3344 1843 3410 quia
1878 3362 1895 3395 ι
1933 3345 2038 3413 Ego

474 3437 614 3487 sum,
651 3442 670 3475 ι
710 3439 815 3477 non
844 3425 1077 3493 amplius
1110 3428 1323 3483 curiose
1353 3432 1580 3496 qnzerit;
1624 3441 1678 3485 et
1707 3434 1828 3501 quia
1859 3438 2039 3489 credi-

474 3514 644 3575 derat,
674 3522 726 3567 ct
754 3515 880 3583 quia
908 3515 1295 3586 discipulorum
1330 3521 1633 3575 interventu
1662 3538 1905 3592 repressa
1933 3537 2039 3581 est.

472 3601 578 3656 Sed
614 3619 751 3673 aqua
805 3616 855 3659 et
900 3605 1026 3660 inite
1066 3608 1347 3676 neglectis,
1377 3610 1430 3664 in
1466 3613 1739 3667 civitatein
1767 3615 1880 3669 abit
1905 3632 2041 3684 pra:-

473 3694 662 3747 dicans
710 3695 1012 3752 Christum.
1072 3698 1329 3769 Diseipuli
1395 3717 1555 3770 porro
1607 3706 1856 3760 admirati
1915 3718 2040 3762 sunt

474 3785 774 3843 Salvator-is
816 3790 1200 3845 demissiouem
1251 3803 1302 3848 et
1345 3795 1727 3863 humilitatem,
1757 3801 1898 3867 quod
1928 3802 2041 3854 eol-

476 3880 712 3949 loquinm
743 3882 986 3936 mulieris
1011 3889 1117 3937 non
1149 3896 1450 3941 recusaret.
1484 3888 1728 3942 Scientes
1748 3906 1876 3945 vero
1906 3895 2039 3948 nihil

471 3970 539 4023 ab
578 3983 644 4023 eo
684 3972 805 4025 sine
840 3972 1072 4027 consilio
1100 3988 1165 4029 ac
1194 3975 1553 4042 dispositione
1583 3980 1688 4034 Deo
1719 3982 1880 4054 273
1908 4000 2040 4039 con-

469 4060 721 4116 veniente
766 4064 902 4130 geri,
940 4080 1045 4118 non
1089 4068 1308 4120 curiose
1351 4071 1620 4125 sermonis
1665 4076 1925 4128 rationem
1957 4077 2040 4130 in-

471 4151 717 4217 quirunt,
745 4154 837 4207 sed
862 4171 981 4222 qua:
1001 4167 1248 4211 emerant
1271 4171 1623 4228 opponentes,
1652 4173 1707 4216 ιιι
1735 4169 2042 4223 comederet

472 4242 758 4311 rogabant.
811 4244 917 4299 Sed
968 4247 1085 4315 ipse
1146 4249 1622 4306 Samaritanorum
1676 4258 2039 4314 obedientiam

470 4333 788 4400 providens,
820 4348 872 4389 et
902 4351 1089 4391 eorum
1123 4338 1281 4393 tidem
1317 4341 1495 4396 cibum
1527 4344 1629 4398 διιιί
1658 4350 1932 4422 proprium
1986 4363 2040 4406 et

468 4426 876 4480 convenientem
928 4431 1249 4485 existimans
1290 4449 1305 4485 :
1346 4452 1363 4484 ι
1401 4433 1548 4504 Ego,
1589 4438 1787 4507 inquit,
1859 4443 2035 4498 cibum

470 4515 646 4570 habeo
680 4518 1029 4585 manducare,
1073 4537 1231 4589 quem
1263 4539 1359 4578 vos
1391 4526 1630 4583 nescitis.
1668 4548 1685 4581 ι
1727 4532 1860 4586 Cum
1909 4550 2037 4591 vero

468 4606 601 4661 dicti
638 4608 883 4663 novitate
914 4612 1314 4667 admirarentur
1344 4616 1612 4687 discipuli,
1649 4630 1702 4674 et
1725 4622 2036 4681 dubitarent

362 4736 371 4743 .
468 4712 597 4751 num
624 4698 876 4754 alicunde
910 4703 1064 4756 cibus
1094 4704 1143 4757 ei
1187 4705 1382 4775 aliquis
1413 4724 1506 4777 per
1536 4713 1852 4768 miraculum
1892 4727 2036 4773 esset

467 4790 677 4857 allatus,
721 4791 1018 4861 cuiusmodi
1050 4794 1255 4850 Danieli
1298 4796 1630 4868 Habbacuin,
1666 4814 1717 4857 et
1752 4804 1881 4860 Elite
1908 4823 2033 4863 aves

468 4884 762 4938 attulerant
789 4887 857 4949 ³⁷,
893 4886 1130 4941 declarat
1164 4891 1391 4959 :enigma
1424 4908 1437 4945 :
1470 4912 1489 4943 ι
1528 4893 1677 4949 Meus
1724 4898 1879 4953 cibus
1928 4912 2031 4965 est,

468 4981 526 5023 ut
573 4975 763 5027 iaciam
812 4977 1147 5033 voluntatem
1203 4979 1319 5048 ejus
1374 4982 1465 5050 qui
1520 4984 1666 5036 misit
1719 5002 1824 5041 me.
1856 5007 1874 5039 ι
1955 4991 2032 5044 lta

471 5066 634 5133 dapes
678 5077 734 5121 et
773 5051 1005 5124 delicias.
1033 5087 1162 5126 suas
1189 5085 1491 5142 promptam
1530 5075 1685 5129 tidem
1716 5093 1901 5134 eorum
1941 5087 2029 5151 qui

2141 3159 2205 3207 ἐκ
2236 3154 2344 3207 τῶν
2370 3154 2616 3222 ἀδελφῶν
2649 3154 2802 3223 ὑμῶν
2828 3153 2904 3216 ὡς
2935 3153 3054 3221 ἐμέ.
3087 3172 3106 3205 ι
3141 3153 3425 3205 Είσὸἀλλει
3458 3151 3590 3221 γοῦν
3617 3155 3738 3206 καὶ

2139 3247 2231 3300 τὸν
2260 3249 2387 3317 περὶ
2414 3246 2619 3298 τούτων
2646 3245 2803 3313 λόγον
2828 3246 2859 3315 ή
2881 3243 3041 3312 γυνὴ,
3076 3244 3375 3315 βουλομένη
3403 3245 3493 3297 τὸν
3514 3245 3731 3314 χρόνον

2143 3342 2273 3403 ἴσως
2299 3341 2398 3404 τῆς
2443 3339 2609 3393 αὑτοῦ
2644 3340 2952 3407 παρουσίας
3004 3339 3202 3408 μαθεῖν
3224 3354 3237 3368 ·
3269 3339 3365 3391 καὶ
3399 3338 3724 3404 ἀκούσασα,

2138 3432 2214 3493 ὼς
2246 3451 2264 3483 ι
2307 3430 2448 3500 Ἐγώ
2470 3433 2608 3501 εἰμι,
2648 3449 2667 3483 ι
2708 3431 2807 3483 οὐκ
2840 3430 2924 3483 ἔτι
2966 3431 3453 3500 πολυπραγμονείο
3481 3429 3543 3481 τὸ
3586 3430 3734 3499 μέν·

2139 3543 2224 3577 τοι
2259 3523 2623 3586 πιστεύσασα,
2670 3526 2732 3575 τὸ
2780 3522 2839 3575 δὲ
2890 3522 3219 3576 συσταλεῖσα
3253 3524 3316 3593 τῇ
3345 3522 3577 3592 ὲνδημία
3605 3524 3735 3576 τῶν

2145 3617 2421 3688 μαθητῶν.
2459 3615 2599 3669 Ἀλλ’
2622 3616 2951 3686 ἀμελήσασα
2976 3616 3073 3666 καὶ
3105 3614 3319 3678 ὓδατος,
3347 3614 3443 3667 καὶ
3474 3615 3730 3684 ίμονὶας,

2141 3711 2326 3764 ἄπεισι
2374 3707 2510 3779 πρὸς
2559 3707 2660 3777 τὴν
2693 3706 2849 3760 πόλιν
2882 3705 3243 3776 κηρύττουσα.
3298 3706 3360 3759 Οί
3396 3706 3584 3775 μέντοι
3609 3724 3733 3774 μαρ-

2143 3800 2303 3866 θηταί
2324 3797 2709 3867 τεθαυμάκασι
2731 3799 2791 3850 τὸ
2825 3795 3301 3865 συγκαταὸατικδν
3328 3794 3423 3847 τοῦ
3465 3795 3733 3865 Σωτῆρος

2140 3894 2237 3945 καὶ
2265 3893 2498 3960 ἄτυφον,
2545 3892 2629 3944 ὅτι
2684 3892 2909 3960 γυναικὶ
2954 3889 3302 3957 διαλέγεσθαι
3326 3889 3426 3942 οὐκ
3460 3889 3729 3960 ὴνῄνατς.

2154 3985 2293 4037 Ἀλλ’
2343 3983 2546 4047 εἰδότες
2600 3985 2684 4037 ὅτι
2738 3983 2891 4036 οὐδέν
2920 3999 2973 4035 τι
3029 3984 3176 4035 ποιεῖ
3234 3981 3365 4034 ἄνευ
3399 3981 3727 4051 οἰκονομίας

2143 4074 2503 4147 θεοπρεποῦς,
2554 4076 2617 4127 οὐ
2678 4074 3201 4146 πολυπραγμονοῦσι
3236 4075 3327 4127 τὸν
3382 4076 3589 4145 τρόπον
3617 4076 3727 4145 τῆς

2141 4169 2463 4235 διαλέξεως,
2495 4166 2631 4220 ἀλλά
2676 4166 2746 4220 τὰ
2777 4166 3071 4237 ἐωνημένα
3120 4165 3484 4236 παραθέντες,
3526 4166 3722 4234 ἠξίουν

2144 4263 2359 4332 φαγεῖν.
2404 4259 2544 4314 Ἀλλ’
2584 4258 2747 4323 αὐτὸς
2783 4258 2844 4311 τὸ
2868 4258 2978 4311 τῶν
3000 4257 3355 4328 Σαμαρειτῶν
3389 4256 3721 4326 προὸλέπων

2146 4355 2383 4424 εὐήνιον,
2442 4351 2538 4404 καὶ
2570 4350 2771 4421 βρῶμα
2826 4349 2957 4402 ῐδιον
2991 4348 3085 4401 καὶ
3125 4348 3276 4418 αὑτῷ
3299 4349 3513 4418 πρέπον
3550 4349 3723 4417 ἡγοὺς

2146 4462 2305 4516 μενος
2332 4444 2429 4513 τὴν
2466 4442 2693 4495 ἐκείνων
2728 4440 3076 4494 εὐπείθειαν·
3125 4457 3144 4490 ι
3190 4438 3350 4506 Ἐγὼ,
3385 4442 3540 4507 φησὶ,
3574 4439 3720 4509 βρῶ-

2141 4556 2226 4591 σιν
2258 4537 2364 4606 ἔχω
2394 4536 2605 4605 φαγεῖν,
2635 4534 2702 4604 ἥν
2735 4532 2895 4601 ὑμεῖς
2923 4532 3023 4584 οὐκ
3050 4532 3250 4584 οἴδατε.
3290 4550 3306 4582 ι
3344 4530 3467 4582 Τῶν
3488 4529 3545 4581 δὲ
3576 4530 3722 4594 ξενι-

2138 4627 2382 4698 ζομένων
2431 4626 2509 4693 τῷ
2559 4624 2726 4694 λόγῳ,
2756 4624 2851 4676 καὶ
2891 4622 3240 4692 ἀπορούντων
3271 4622 3347 4691 μή
3373 4621 3539 4673 ποθεν
3566 4621 3720 4691 αὑτῷ

2135 4734 2218 4779 τις
2267 4715 2585 4786 παραδόξως
2618 4712 2886 4783 ἐκομίσθη
2938 4713 3137 4783 τροφὴ,
3169 4712 3359 4781 ῶσπερ
3387 4712 3455 4781 ἣν
3484 4713 3713 4781 ἐκόμισε

2148 4807 2225 4879 τῷ
2252 4806 2449 4877 Δανιὴλ
2486 4805 2822 4873 Ἀσϐακοὺμ,
2864 4802 3062 4874 καὶτῷ
3112 4802 3272 4874 Ἠλίᾳ
3305 4805 3369 4854 τά
3392 4802 3580 4873 δρνεα,
3619 4817 3715 4853 σα-

2141 4901 2356 4970 φηνίζει
2389 4900 2450 4952 τὸ
2480 4902 2743 4967 αἴνιγμα·
2780 4916 2797 4948 ι
2840 4898 3001 4968 Ἐμὸν
3028 4895 3227 4967 βρῶμά
3256 4898 3426 4961 ἐστιν,
3457 4895 3542 4947 ἵνα

2140 4991 2199 5043 τὸ
2234 4990 2448 5060 θέλημα
2468 4988 2560 5041 τοῦ
2595 4986 2913 5057 πέμψαντός
2950 5004 3039 5057 με.
3082 5006 3100 5038 ι
3133 4986 3323 5050 Οὕτως
3353 4989 3590 5039 ἐποιεῖτο
3619 4986 3713 5040 καὶ

2142 5082 2347 5153 τροφὴν
2401 5081 2495 5133 καὶ
2527 5082 2736 5150 τρυφὴν
2770 5079 2873 5133 τῶν
2921 5081 3479 5150 μυσταγωγουμένων
3527 5078 3591 5130 τὸ
3625 5077 3707 5129 εὖ·-

540 5199 587 5231 "
624 5199 802 5256 Galat.
842 5219 897 5268 v,
943 5203 1031 5259 Π.
1108 5206 1153 5237 ’⁸
1196 5205 1240 5260 ll
1285 5206 1412 5261 Cor.
1467 5223 1549 5271 ιιι,
1598 5207 1651 5262 6.
1727 5209 1773 5240 "
1815 5209 1971 5268 Dent.
2015 5232 2043 5268 χ

2156 5257 2171 5281 ,
2219 5216 2304 5269 l5.
2382 5214 2425 5244 "
2468 5212 2605 5270 Dan.
2648 5226 2762 5279 xw,
2802 5212 2907 5278 32;
2952 5211 3015 5265 ΙΙΙ
3057 5210 3193 5282 Reg.
3239 5229 3373 5279 xvii,
3407 5213 3463 5266 6.

1691 5330 2010 5392 Francisci
2044 5334 2249 5394 Scorsi
2290 5337 2473 5393 noue.

538 5440 617 5521 (8)
643 5440 861 5521 Alcman
898 5441 1049 5521 desit.
1100 5446 1273 5500 Radix
1323 5446 1485 5521 hujus
1516 5464 1905 5521 usquequaque
1937 5469 2029 5510 ve-

470 5513 727 5565 nerabilis
780 5514 1016 5566 nominis
1053 5525 1135 5567 est
1160 5524 1256 5578 mit
1287 5513 1516 5571 salv'avit
1548 5513 1687 5574 unde
1707 5513 1722 5520 ’
1742 5513 2030 5577 lit-nomen

470 5580 677 5661 itidem
707 5591 817 5644 mm
873 5584 1038 5661 salus.
1092 5584 1237 5661 Idem
1272 5589 1492 5641 verbum
1530 5589 1605 5661 in
1633 5591 1906 5661 eonjugat.
1944 5592 2037 5645 Ni-

470 5648 581 5712 phil
630 5659 801 5724 mw
851 5653 1051 5724 solrum
1105 5652 1252 5717 fecit,
1303 5666 1471 5724 atque
1530 5656 1658 5713 hinc
1701 5648 2033 5715 estVnomen

467 5724 650 5788 vitam.
684 5719 794 5774 Nec
831 5723 973 5777 enim
1028 5724 1192 5778 scribi
1231 5719 1397 5779 debet
1419 5734 1529 5787 Vim
1561 5739 1616 5781 ut
1666 5744 1762 5797 per
1791 5739 2034 5784 contem-

2143 5467 2289 5525 ptum
2339 5455 2508 5510 Judaei
2577 5457 2847 5521 scribunt,
2900 5470 3073 5524 neque
3124 5463 3277 5519 ruma
3315 5455 3458 5521 quud
3511 5469 3704 5511 nomen

2142 5524 2406 5598 Salutem,
2432 5542 2535 5579 non
2580 5530 2897 5579 salvatorem
2926 5525 3217 5598 significat,
3256 5525 3350 5579 sed
3385 5524 3461 5577 uti
3488 5526 3698 5591 scripsi-

2144 5611 2262 5648 mus
2302 5594 2474 5657 πυτ-ιν
2517 5598 2658 5663 quod
2714 5611 2930 5661 semper
2973 5594 3113 5648 LXX
3158 5597 3481 5663 interpretes
3516 5607 3705 5663 ivertc-

2146 5673 2270 5733 r_unt
2308 5662 2547 5733 Ἰησοῦς,
2567 5668 2708 5720 unde
2732 5676 2818 5720 est
2856 5664 3107 5719 Latinum
3138 5662 3317 5719 Jesus.
3340 5665 3482 5732 Lege
3511 5662 3703 5718 Bellar.

2146 5731 2284 5787 Ιηιιί.
2306 5731 2498 5802 lingua:
2524 5733 2687 5791 Hebr.
2715 5737 2768 5791 in
2800 5737 3025 5792 exercit.
3053 5736 3119 5790 ad
3146 5733 3280 5805 psal.
3309 5731 3495 5788 xxxiv.
