3974 6220
349 336 456 402 ’141

1629 335 1955 402 HOMILIA
2000 334 2337 399 XXXVIII.

3509 347 3616 412 7t2

349 449 580 511 πειθές·
644 451 1130 508 δακτυλοδείκνυσι
1183 454 1239 508 δὲ
1275 456 1458 520 αὖτοϊς
1495 456 1780 527 μονονουχὶ
1808 453 1921 514 τοὺς

2043 450 2838 524 init‘tnnantur:existimabat,
2893 464 2948 511 et
2993 455 3163 527 digito
3225 462 3614 529 propemodum

346 544 702 614 Σαμαρείτας
724 545 952 609 ἀολλέας
983 547 1323 618 ἐρχομένους
1351 549 1613 620 ἀγεληδόν
1631 565 1645 579 ⁸
1676 548 1932 601 τοσοῦτον

348 635 462 704 γὰρ
491 635 693 697 αὐτοὺς
724 635 945 703 οί-λόγοι
965 637 1065 706 τῆς
1093 637 1356 705 γυναικὸς
1391 640 1778 710 ἁνεπτέρωσαν
1801 655 1814 669 ·
1838 638 1931 692 καί

349 743 526 794 φησιν
547 742 562 756 υ
590 746 608 777 ι
651 727 930 798 Ἐπάρατε
954 730 1084 794 τοὺς
1121 730 1439 802 ὀφθαλμοὺς
1470 731 1647 802 ὑμῶν,
1679 733 1774 786 καὶ
1805 732 1931 785 θεά-

350 817 521 870 σασθε
573 819 672 881 τὰς
726 819 915 890 χώρας
945 821 1029 873 ὅτι
1058 821 1252 876 λευκαί
1282 825 1426 877 εἰσιν
1467 827 1545 883 είς
1573 824 1856 894 θερισμόν.
1904 843 1922 876 ι

345 911 627 980 Θερισμδν
665 911 825 964 καλεῖ
860 915 959 975 τὰς
984 914 1237 984 ἑτοίμους
1280 914 1457 986 ψυχὰς
1483 918 1560 979 εἰς
1585 917 1644 968 τὸ
1673 916 1928 980 δέξασθαι

345 1001 412 1054 τὸ
441 1001 804 1070 εὐαγγελικὸν
839 1003 1130 1072 δρέπανον,
1164 1005 1192 1057 ὃ
1241 1005 1448 1076 θερίζει
1472 1006 1573 1076 τὴν
1604 1009 1826 1066 κακίαν,
1860 1007 1928 1078 ἢν

346 1094 378 1144 6
409 1093 542 1154 Θεὸς
568 1093 667 1145 οὐκ
715 1096 941 1163 ἔσπειρε
961 1111 975 1124 ·
1021 1097 1115 1148 καὶ
1145 1097 1226 1159 είς
1255 1096 1316 1151 ἓν
1352 1098 1576 1165 συνάγει
1604 1096 1704 1166 τὴν
1742 1094 1926 1162 φύσιν,

346 1189 419 1256 ἤν
465 1186 527 1238 οὗ
559 1187 970 1254 διεσκόρπισεν.
1032 1186 1222 1241 Είπὼν
1252 1187 1332 1254 δὲ,
1386 1191 1468 1242 ὅτι
1527 1207 1545 1240 ι
1601 1187 1925 1241 Ἀπέστειλα

349 1279 496 1346 ὑμᾶς
529 1278 787 1348 θερίζειν,
814 1278 850 1332 ἃ
889 1280 948 1331 οὐ
983 1279 1373 1343 κεκοπιάκατε,
1422 1299 1439 1332 ι
1478 1281 1604 1342 τοὺς
1641 1279 1927 1349 προφήτας

346 1369 746 1422 κεκοπιακέναι
776 1369 1019 1440 ⁴ᾐνίξατο.
1051 1370 1218 1424 Αὐτοὶ
1251 1372 1360 1441 γὰρ
1407 1366 1546 1437 ἦσαν
1585 1371 1635 1424 οἱ
1665 1371 1764 1441 τῆς
1813 1371 1926 1424 θεο-

342 1464 588 1529 γνωσίας
618 1463 1130 1533 προκατασαλόντες
1153 1461 1221 1515 τὰ
1247 1462 1561 1532 σπέρματα.
1595 1462 1807 1533 Ῥᾴδιον
1833 1459 1927 1515 οὗν

344 1555 500 1623 ὑμῖν,
544 1555 732 1624 φησιν,
767 1554 923 1607 ἔσται
949 1554 1009 1606 τὸ
1042 1555 1327 1625 κήρυγμα,
1366 1554 1459 1607 καὶ
1489 1555 1550 1606 οὐ
1581 1555 1829 1624 κάματος
1859 1557 1923 1625 τῇ

341 1645 591 1716 δρεπάνῃ
617 1643 713 1696 τοῦ
734 1643 897 1711 λόγου
921 1643 1159 1713 θερίζειν
1185 1645 1381 1714 ἕτοιμα
1411 1645 1558 1713 λήῖα.
1587 1646 1696 1698 Καὶ
1724 1646 1758 1714 ἡ
1783 1643 1926 1714 χαρὰ

339 1738 401 1789 δὲ
434 1736 587 1806 κοινὴ
639 1737 824 1799 αὐτοῖς
855 1752 916 1789 τε
969 1738 1082 1799 τοῖς
1114 1737 1418 1806 ἑσπαρκόσι
1451 1738 1781 1807 προφήταις,
1827 1739 1921 1789 καὶ

2038 540 2341 600 Samarites
2382 545 2561 614 signat
2633 548 2897 617 gregatim
2949 547 3346 618 confertitnque
3385 552 3614 608 venien-

2037 645 2140 701 tes,
2178 637 2313 690 adeo
2343 638 2556 691 scilicet
2587 639 2694 692 illis
2738 639 2982 694 mulieris
3017 641 3180 696 verba
3231 641 3344 697 alas
3391 646 3616 700 addide-

2034 735 2176 790 rant,
2215 738 2271 781 et
2300 727 2376 782 ait
2407 744 2420 780 :
2455 747 2473 780 ι
2517 726 2714 782 Levate
2739 729 2926 784 oculos
2957 741 3184 798 vestros,
3236 745 3289 787 et
3321 734 3497 789 videte
3527 752 3614 788 re-

2033 818 2221 888 giones
2251 821 2374 888 quia
2427 819 2561 875 alba:
2609 832 2736 877 sunt
2773 822 2884 889 jam
2934 827 2999 875 ad
3036 839 3290 877 messem.
3329 843 3348 876 ι
3387 825 3614 881 Messeut

2031 924 2188 964 vocat
2241 914 2450 967 animas
2501 915 2566 968 ad
2624 915 3003 984 excipiendam
3073 915 3353 986 Evangelii
3421 918 3613 973 falcem

2030 1013 2268 1071 paratas,
2304 1019 2423 1072 qua:
2471 1019 2604 1060 sane
2654 1008 2977 1075 pravitatem
3023 1017 3254 1073 resecat,
3302 1024 3460 1076 quant
3506 1026 3614 1064 non

2031 1095 2319 1148 seminat-it
2347 1095 2530 1164 Deus;
2583 1107 2636 1153 et
2688 1100 2738 1152 in
2783 1114 2947 1152 unum
2979 1108 3275 1170 congregat
3321 1113 3612 1167 naturam,

2029 1201 2192 1254 quam
2227 1201 2333 1240 non
2369 1189 2647 1258 dispersit.
2699 1189 2850 1256 Quod
2881 1205 3008 1245 vero
3037 1192 3135 1256 ait,
3171 1211 3188 1242 ι
3225 1192 3486 1262 Egomisi
3518 1209 3616 1249 vos

2032 1289 2279 1343 metere,
2341 1279 2485 1348 quod
2552 1295 2645 1336 vos
2704 1298 2808 1336 non
2865 1283 3192 1348 laborastis,
3232 1302 3250 1336 ι
3322 1287 3616 1354 prophetas

2031 1371 2310 1425 laborasse
2357 1373 2650 1439 significat.
2704 1374 2809 1442 Ipsi
2845 1377 2990 1428 enim
3027 1377 3356 1445 cognitionis
3400 1378 3498 1432 Dei
3528 1393 3616 1432 se-

2031 1464 2175 1514 mina
2204 1471 2330 1516 ante
2355 1463 2618 1530 iecerunt.
2655 1465 2848 1519 Facilis
2875 1466 3059 1534 igitur,
3084 1468 3279 1538 inquit,
3301 1471 3618 1539 praeditatio

2029 1552 2181 1606 vobis
2229 1553 2366 1619 erit;
2427 1571 2527 1609 nec
2576 1557 2905 1612 laboriosum
2956 1570 3172 1626 paratas
3218 1574 3430 1631 segetes
3463 1563 3614 1618 verbi

2030 1641 2123 1695 Dei
2149 1643 2287 1698 falce
2313 1644 2613 1701 demetere.
2637 1647 2906 1702 Gaudium
2935 1651 3153 1719 quidem
3186 1653 3292 1707 erit
3325 1667 3614 1710 commune

2030 1744 2142 1787 tum
2183 1737 2461 1805 prophetis
2504 1739 2597 1808 qui
2654 1742 3016 1805 seminarunt,
3069 1753 3179 1796 tum
3215 1744 3368 1798 vobis
3411 1743 3614 1815 impor-

341 1830 478 1898 ὑμῖν
504 1830 616 1890 τοῖς
665 1827 1045 1898 εἰσκομίζουσι
1096 1829 1222 1891 τοὺς
1255 1829 1525 1899 καρπούς.
1567 1829 1708 1881 Ἀλλ’
1748 1830 1776 1881 6
1821 1829 1921 1898 μὲν

2186 1795 2200 1805 .
2288 1795 2299 1804 .
2521 1795 2535 1808 .
3003 1795 3015 1805 ,
3170 1795 3177 1796 κ
3230 1795 3236 1798 .
3289 1795 3363 1798 π--
3413 1795 3574 1815 --__,.-_

2031 1823 2270 1877 tantibus
2320 1824 2574 1879 fructum.
2610 1827 2771 1897 Atqui
2819 1829 2906 1882 hic
2934 1845 3065 1884 sane
3095 1836 3412 1889 cuarrandte
3443 1836 3612 1891 histo-

339 1923 446 1989 τῆς
501 1920 749 1990 ἱστορίας
778 1919 939 1987 λόγος
974 1918 1152 1990 πέρας
1182 1920 1424 1990 δεχέσθω
1451 1937 1463 1951 ·
1521 1923 1556 1989 ἡ
1590 1920 1647 1973 δὲ
1682 1921 1738 1973 ἐν
1772 1921 1923 1992 αὑτῷ

337 2010 694 2079 πνευματικὴ
726 2009 932 2080 θεωρία
963 2009 1063 2080 ἤδη
1100 2009 1360 2079 λελέχθω.

421 2103 516 2164 Ὦς
552 2101 650 2171 μὲν
682 2098 776 2155 οὖν
828 2104 1000 2165 τύπος
1028 2099 1098 2173 ἦν
1123 2105 1157 2174 ἡ
1195 2103 1531 2174 Σαμαρεῖτις
1577 2104 1675 2173 τῆς
1706 2103 1921 2173 φύσεως

335 2192 452 2246 τῶν
473 2192 802 2262 ἀνθρώπων,
829 2193 1076 2264 ἕφθημεν
1101 2195 1457 2265 προειπόντες
1481 2211 1496 2224 ⁸
1529 2193 1662 2266 ᾢκει
1685 2195 1794 2266 γὰρ
1827 2199 1922 2250 καὶ

335 2285 487 2354 αὕτη
527 2287 658 2340 ποτὲ
688 2288 746 2340 ἐν
782 2287 858 2357 τῷ
889 2289 983 2358 τῆς
1004 2289 1274 2352 ἀπαθείας
1310 2287 1447 2358 ὄρει,
1497 2289 1664 2352 θείοις
1691 2291 1919 2361 ἐπαιρο-

338 2380 482 2449 pit-Evr,
513 2381 772 2451 νοήμασι.
803 2381 881 2450 Τῇ
909 2379 1154 2452 συμϐολῇ
1186 2381 1243 2433 δὲ
1289 2380 1385 2433 τοῦ
1414 2381 1592 2449 ὄφεως
1633 2384 1923 2454 ὲνασμηνίο

339 2487 514 2536 σασα,
557 2470 903 2539 αἰχμάλωτος
939 2473 1020 2535 είς
1057 2473 1157 2541 τὴν
1205 2470 1470 2542 σύγχυσιν
1508 2471 1608 2540 τῆς
1644 2473 1918 2542 ἁμαρτίας

335 2569 420 2628 εἰς
453 2563 755 2618 Βαϐυλῶνα
787 2563 1114 2630 κατάγεται,
1156 2565 1616 2633 ἀποκτηνωθεῖσα
1644 2569 1765 2627 ταῖς
1797 2566 1922 2618 ἁλό-

333 2671 460 2721 γοις
486 2656 708 2724 ὁρμαῖς,
745 2659 840 2707 καὶ
892 2655 1016 2707 ἀντὶ
1069 2654 1230 2708 θείων
1259 2657 1548 2724 νοημάτων
1596 2657 1653 2708 ἐν
1684 2656 1762 2725 τῷ
1803 2657 1920 2727 ὄρει

335 2747 435 2800 τοῦ
468 2751 608 2810 νοὸς,
641 2747 714 2810 ὡς
743 2747 1027 2800 Χαλδαίων
1055 2747 1264 2818 πληθὺν
1287 2748 1630 2800 εἰσοικίσασα
1658 2749 1756 2818 τὴν
1795 2750 1922 2802 acs-

334 2842 514 2905 ϐειαν,
538 2841 572 2908 ἥ
600 2840 858 2908 πρόξενος
884 2839 1022 2907 αὐτῇ
1059 2839 1250 2906 γέγονε
1292 2841 1391 2908 τῆς
1445 2839 1596 2910 παρὰ
1631 2839 1740 2891 τῶν
1770 2839 1921 2893 λεόν-

332 2948 448 2983 των
479 2929 691 2999 φθορᾶς
712 2944 727 2959 ο
765 2929 973 2980 νοοῖντο
998 2926 1043 2978 δ’
1079 2926 1144 2978 ἂν
1169 2927 1400 2979 λεόντων
1441 2927 1650 2995 ἀμυχαὶ
1693 2926 1746 2978 αι
1779 2927 1920 2980 κατὰ

336 3021 568 3091 καιροὺς
620 3022 734 3082 τοῖς
765 3016 1076 3088 ἀνθρώποις
1131 3018 1511 3086 ὲπενεχθείσαι
1539 3017 1787 3087 διάφοροι
1819 3018 1921 3087 μάο

337 3128 550 3179 οτιγες,
589 3110 800 3163 ὑδάτων
840 3109 1245 3177 κατακλυσμοὶ,
1303 3106 1598 3176 συγχύσεις
1631 3107 1918 3175 γλωσσῶν,
1947 3133 1989 3191 c

335 3197 647 3267 εξομὸρίαι
681 3195 877 3266 πυρὸς,
907 3195 962 3248 αἳ
995 3196 1060 3266 δὴ
1112 3196 1275 3265 μέχρι
1306 3195 1428 3248 τότε
1460 3197 1559 3266 τὴν
1591 3197 1756 3265 φύσιν
1790 3214 1922 3250 κατ·

335 3290 706 3360 ενεμήθησαν,
738 3289 842 3352 ἕως
867 3290 899 3359 ὴ
923 3290 1198 3358 Βίωσαῖκὴ
1221 3287 1512 3358 νομοθεσία
1536 3287 1632 3359 τὴν
1665 3289 1921 3343 ἀσέϐειαν

336 3383 746 3453 απεκρούσατο.
797 3383 874 3436 Οὐ
916 3381 1102 3452 μέντοι
1139 3397 1204 3448 γε
1265 3380 1558 3451 τηλαυγῶς
1604 3381 1704 3451 τὴν
1760 3381 1920 3450 φύσ.ν

332 3476 642 3546 ἐκάθηρενο
705 3474 787 3528 ἔτι
844 3475 954 3546 γὰρ
1006 3472 1084 3543 τῷ
1116 3473 1234 3544 ὄρει
1279 3471 1631 3544 προσεκύνει,
1689 3476 1745 3525 ὲν
1774 3469 1818 3541 ᾧ
1849 3474 1920 3526 τὰ

336 3567 540 3622 εἴδωλα
569 3567 915 3638 ἐκεκρύφατο
947 3570 1012 3637 τῇ
1033 3566 1334 3638 ’Λστάρτῃ,
1367 3570 1462 3618 καὶ
1482 3565 1557 3636 τῷ
1581 3565 1808 3635 Χαμὼς,
1829 3565 1922 3618 καὶ

331 3666 460 3725 ταῖς
506 3662 775 3732 δαμάλεσι
830 3661 1269 3732 προσανέχουσα.
1313 3661 1443 3713 Ὅτε
1486 3660 1542 3713 δὲ
1568 3661 1728 3722 αὐτὸς
1765 3662 1792 3712 6
1829 3660 1919 3714 τοῦ

339 3755 559 3825 ΙΙατρὸς
613 3755 759 3824 ὄρος,
813 3756 909 3806 καὶ
939 3754 1115 3820 Λόγος
1141 3752 1509 3824 ὁδοιπορήσας
1537 3752 1646 3804 ἀπὸ
1672 3751 1778 3804 τῶν
1818 3769 1924 3804 παο

335 3847 550 3921 τρικῶν
573 3846 790 3899 κόλπων
825 3847 986 3917 μέχρι
1016 3846 1114 3916 τῆς
1141 3844 1416 3916 ἡμετέρας
1444 3840 1610 3915 ἦλθεν
1641 3846 1919 3915 ἐσχατιᾶς,

343 3941 479 4012 μίαν
512 3938 713 4010 εὕρατο
741 3939 932 4008 ῥᾳδίαν
965 3937 1242 4009 σωτηρίας
1278 3937 1392 3990 ὁδὸν
1425 3936 1485 3989 τὸ
1512 3935 1735 3989 καθίσαι
1768 3936 1920 4004 παρὰ

330 4037 406 4102 τῇ
439 4035 591 4102 πηγῇ
624 4031 718 4084 τοῦ
751 4030 1133 4099 βαπτίσματος
1161 4046 1174 4060 ο
1206 4029 1330 4099 ἣτις
1369 4028 1594 4096 λέγεται
1624 4027 1719 4080 τοῦ
1755 4044 1921 4098 πτερ-

335 4126 528 4179 νιστοῦ
566 4124 761 4179 Ἰακὼὸ
798 4124 873 4186 ὡς
903 4125 996 4177 τὸν
1028 4123 1219 4193 νοητὸν
1264 4121 1438 4176 Ἠσαῦ
1471 4121 1832 4192 πτερνίζουσά
1860 4138 1919 4175 τε

338 4220 438 4271 καὶ
474 4218 743 4287 ἄγχουσα,
779 4217 875 4271 καὶ
908 4215 978 4268 δι’
1011 4215 1184 4285 αὐτῆς
1235 4214 1332 4284 τῆς
1371 4213 1555 4283 πηγῆς
1596 4211 1780 4265 δίδωσι
1808 4213 1920 4275 τοῖς

333 4309 650 4381 ἀνθρώποις
680 4309 740 4360 τὸ
772 4307 880 4371 ζῶν
910 4307 1055 4375 ὕδωρ
1084 4307 1180 4360 τοῦ
1215 4306 1554 4375 Πνεύματος.
1603 4304 1700 4375 Eii;
1730 4305 1786 4356 δὲ
1827 4305 1920 4358 καὶ

335 4404 494 4474 ἡμᾶς
525 4400 759 4463 ὀπαδοὺς
787 4397 1041 4468 γενέσθαι
1063 4398 1162 4469 τῆς
1193 4395 1472 4464 θεοφιλοῦς
1506 4393 1917 4466 Σαμαρείτιδος,

2029 1914 2122 1968 τίω
2177 1915 2298 1970 linis
2337 1917 2427 1970 sit.
2466 1916 2596 1982 Qua:
2628 1933 2757 1974 vero
2795 1920 3094 1990 Spiritualis
3145 1926 3509 1983 consideratio
3558 1929 3611 1982 in

2024 2019 2086 2059 ea
2122 2007 2272 2071 insit,
2302 2006 2411 2073 jatn
2447 2011 2684 2064 dicatur.

2096 2097 2248 2163 Quod
2284 2097 2450 2167 igitur
2505 2111 2710 2154 natura:
2763 2101 3016 2159 humana:
3064 2116 3226 2177 typus
3269 2105 3610 2164 Samaritana

2023 2187 2209 2254 fuerit,
2255 2189 2365 2258 jam
2424 2195 2811 2262 occupavimus
2862 2197 3082 2265 dicere;
3158 2201 3422 2255 habitavit
3465 2205 3610 2257 enim

2027 2280 2142 2347 ipsa
2177 2279 2476 2349 aliquando
2510 2284 2561 2335 in
2596 2294 2799 2347 monte,
2837 2288 2887 2338 in
2922 2289 3193 2343 vacuitate
3242 2291 3451 2346 scilicet
3487 2308 3611 2362 pas.

2023 2371 2236 2424 sionutn
2258 2371 2336 2440 (9)
2362 2372 2620 2428 divinitus
2643 2375 2905 2431 immissis
2929 2378 3352 2449 cogitationibus
3373 2382 3608 2438 elevata.

2025 2462 2131 2518 Sed
2167 2465 2310 2518 enim
2336 2467 2608 2531 serpentis
2645 2469 2870 2524 consilio
2899 2473 3276 2540 acquiescens,
3308 2479 3518 2544 captiva
3555 2479 3610 2532 in

2024 2557 2230 2626 peccati
2264 2557 2634 2613 confusionem
2674 2561 2816 2615 velut
2855 2563 2904 2616 in
2941 2562 3268 2636 Babylonem
3301 2569 3609 2632 deducitur,

2023 2660 2183 2717 atque
2245 2649 2296 2704 itt
2348 2652 2610 2718 pecudum
2680 2663 2926 2708 naturam
2979 2657 3049 2712 ob
3114 2659 3345 2728 impetus
3411 2662 3610 2715 rationi

2024 2743 2307 2797 discordes
2339 2743 2701 2812 degenerans,
2750 2747 2802 2799 in
2845 2749 3039 2802 mentis
3091 2750 3429 2806 altitudinem
3461 2752 3612 2806 velut

2025 2835 2075 2888 in
2111 2846 2349 2888 montem
2396 2849 2492 2901 pro
2521 2836 2840 2891 cmlestibus
2881 2839 3304 2909 cogitationibus
3336 2845 3410 2896 ttti
3439 2843 3610 2898 Chal-

2022 2927 2259 2978 daeorum
2305 2927 2707 2982 multitudinem
2737 2968 2751 2992 ,
2813 2929 3142 2999 impietatem
3200 2933 3608 2999 intromittcns,

2025 3034 2146 3087 quze
2176 3018 2347 3073 cladis
2403 3033 2431 3072 a
2484 3019 2730 3075 leonibus
2766 3033 3002 3092 accepta:
3033 3039 3195 3078 causa
3226 3026 3302 3080 illi
3339 3029 3441 3081 fuit
3471 3045 3485 3082 :
3515 3045 3614 3097 per

2023 3109 2244 3164 leonum
2278 3111 2478 3181 quippe
2529 3127 2749 3166 morsus
2780 3115 3152 3184 intelligantur
3183 3116 3285 3170 alia
3319 3119 3442 3174 aliis
3469 3130 3605 3174 tem-

2027 3201 2271 3267 poribus,
2298 3200 2611 3255 hominibus
2639 3203 2855 3257 incussa
2888 3203 3117 3274 ﬂagella,
3143 3206 3421 3263 eluviones
3443 3226 3612 3279 aqua-

2029 3307 2170 3356 rum,
2202 3290 2503 3361 linguarum
2531 3291 2895 3360 confusiones,
2926 3296 3064 3364 ignis
3086 3297 3299 3366 pluvia’,
3327 3315 3445 3367 qua:
3471 3316 3609 3354 sane

2024 3397 2089 3437 eo
2120 3399 2293 3450 usque
2329 3383 2379 3436 itt
2420 3383 2696 3436 hominum
2726 3400 2894 3454 genus
2935 3386 3218 3455 dispertita
3253 3402 3401 3457 sunt,
3434 3392 3609 3447 donec

2023 3473 2189 3544 274
2218 3473 2454 3528 Mosaica
2486 3474 2568 3527 lcx
2602 3476 2809 3544 expulit
2847 3478 3200 3547 impietatem.
3249 3479 3433 3551 Neque
3481 3499 3610 3538 vero

2025 3574 2277 3619 naturain
2315 3565 2388 3617 ita
2419 3567 2688 3637 purgavit,
2733 3576 2793 3619 ut
2825 3569 2890 3619 ad
2922 3569 3266 3636 splendorem
3313 3573 3606 3629 revocarit.

2023 3657 2212 3712 Adhuc
2241 3657 2386 3712 enim
2434 3657 2488 3710 in
2523 3667 2708 3712 tnoute
2758 3660 3038 3726 adorabat,
3079 3663 3167 3716 ubi
3220 3663 3611 3720 occulebautur

2024 3749 2166 3803 idola
2216 3752 2469 3803 Astartes
2523 3759 2576 3802 et
2630 3748 2870 3806 Citatuos
2901 3752 3048 3822 (I0);
3103 3764 3157 3809 el
3194 3756 3378 3810 vitulis
3427 3758 3608 3813 dedita

2023 3851 2160 3896 erat.
2189 3841 2290 3897 Ubi
2321 3858 2448 3898 vero
2477 3843 2594 3912 ipse
2629 3842 2805 3899 l'atris
2843 3849 3108 3902 terminus
3155 3858 3207 3902 et
3241 3847 3471 3903 Verbum
3494 3849 3609 3920 (li)

2025 3951 2053 3988 a
2090 3944 2318 4004 paterno
2350 3935 2475 3990 sinu
2508 3935 2782 4005 profectus
2814 3953 2986 4006 usque
3017 3939 3082 3992 ad
3113 3951 3352 3993 nostram
3388 3923 3581 3995 humili
3596 3974 3616 3984 --

2026 4035 2191 4080 tatem
2231 4026 2343 4094 (12)
2391 4027 2629 4091 devenit,
2687 4044 2848 4082 unam
2894 4029 3084 4085 salutis
3126 4030 3266 4085 viam
3310 4032 3516 4087 invenit
3539 4034 3608 4088 ad

2024 4117 2225 4172 fontem
2262 4119 2512 4188 baptismi
2565 4119 2876 4173 considere.
2925 4121 3024 4186 Qui
3079 4137 3210 4176 sane
3265 4120 3432 4177 Jacob
3475 4140 3609 4195 sup-

2023 4211 2349 4280 plantatmis
2379 4210 2545 4265 fuisse
2575 4209 2797 4276 dicitur,
2834 4221 2890 4264 ut
2916 4213 3005 4282 qui
3045 4213 3182 4267 Esau
3221 4214 3369 4268 illum
3400 4214 3605 4271 intelli-

2022 4287 2240 4373 g'ibilem
2289 4303 2623 4373 supplantet,
2672 4313 2722 4357 et
2781 4303 2966 4369 elidat,
2997 4320 3060 4359 ac
3102 4320 3199 4374 per
3249 4306 3422 4376 ipsuttt
3472 4323 3607 4363 sane

2023 4395 2225 4449 fontem
2267 4395 2498 4463 largitur
2530 4393 2842 4450 hominibus
2870 4394 3106 4466 Spiritus
3153 4414 3349 4467 aquatn
3402 4400 3603 4456 vivam.

335 4469 438 4548 καὶ
468 4493 806 4562 ἀποστέρξαι
842 4491 938 4560 μὲν
986 4490 1090 4560 τὴν
1122 4489 1319 4557 ἄλογον
1343 4491 1480 4560 πρὸς
1506 4489 1606 4551 τὰς
1638 4487 1916 4559 αἰσθήσεις

2028 4485 2247 4541 Utinam
2290 4501 2417 4540 vero
2446 4489 2725 4555 contingat
2757 4490 2914 4543 nobis
2949 4497 3315 4546 asscctatores
3345 4489 3458 4545 ﬁeri
3503 4492 3605 4562 pize

338 4586 681 4656 συνοίκησιν,
707 4579 794 4644 αἷς
817 4583 892 4646 ὼς
922 4581 1149 4654 ἀνδράσι
1181 4581 1345 4634 πέντε
1377 4581 1434 4645 ἐξ
1468 4579 1639 4649 αὐτῆς
1671 4581 1767 4650 τῆς
1794 4595 1918 4646 γεν-

339 4679 557 4750 νήσεως
591 4675 1032 4747 συνῳκίσθημεν,
1075 4674 1420 4744 ἀνασυράσαι
1452 4672 1510 4726 δὲ
1539 4674 1636 4726 καὶ
1684 4673 1776 4725 τὸν
1823 4672 1918 4740 φέο

2028 4580 2410 4639 Samaritana,
2445 4588 2499 4632 ct
2550 4581 2852 4635 abominari
2908 4582 3358 4636 consuetudinem
3411 4586 3604 4639 rationi

2029 4670 2358 4726 contrariam
2388 4684 2510 4723 cunt
2547 4670 2800 4726 sensibus
2829 4671 3094 4738 habitam,
3134 4690 3255 4727 cum
3295 4677 3515 4742 quibus,
3547 4685 3606 4729 ut

336 4787 485 4824 νακα
539 4769 803 4840 λογισμὸν
836 4767 911 4830 ὡς
961 4766 1122 4820 ἕκτον
1166 4766 1511 4837 παρακοίτην
1545 4765 1606 4818 τὸ
1635 4764 1786 4836 λέχος
1828 4764 1921 4834 τῆς

2028 4777 2143 4817 cum
2190 4762 2432 4832 quinque
2467 4761 2617 4828 viris,
2657 4763 2724 4818 ab
2778 4765 2896 4833 ipso
2933 4778 3054 4818 ortu
3109 4765 3342 4835 copulati
3391 4781 3599 4830 sumus,

335 4862 522 4931 ψυχῆς
580 4859 1044 4930 καταχραίνοντα,
1101 4858 1441 4920 ἁδιαστάτως
1466 4876 1528 4910 τε
1581 4859 1641 4912 τὸ
1682 4858 1793 4911 τῶν
1833 4859 1921 4911 δα-

2028 4855 2268 4908 inhibere
2327 4855 2492 4908 etiam
2550 4856 2663 4926 (15)
2722 4855 2968 4910 fallacem
3027 4856 3191 4910 animi
3250 4873 3490 4923 sensum,
3545 4867 3604 4912 ut

335 4953 529 5026 κρύων
581 4953 728 5024 ὕδωρ
764 4951 1001 5018 ἀντλεῖν,
1055 4949 1117 5014 ἐξ
1140 4943 1202 5003 οὗ
1237 4950 1577 5022 ἀναψύχεται
1611 4955 1704 5004 καὶ
1737 4953 1766 5004 6
1798 4950 1922 5014 νοῦς

2023 4957 2236 5004 sextum
2288 4949 2540 5002 maritum
2583 4949 2782 5005 lectum
2834 4949 3033 5004 anima:
3085 4950 3598 5029 commaculantem,

1576 5109 1902 5174 Francisci
1933 5106 2142 5171 Scorsi
2181 5116 2372 5170 notat.

416 5268 493 5341 (9)
539 5266 606 5320 In
645 5266 907 5341 vacuitate
963 5263 1292 5333 passionum.
1352 5261 1489 5318 Vide
1537 5262 1789 5318 adnotata
1845 5265 1910 5319 ad

336 5335 494 5396 hom.
519 5352 664 5400 χειν,
696 5347 808 5390 not.
839 5335 929 5389 67.

415 5407 526 5480 (10)
550 5409 786 5461 Astartes
809 5418 854 5460 et
885 5405 1134 5480 Chcmos.
1160 5403 1360 5480 Alludit
1485 5404 1624 5458 idola
1658 5403 1909 5460 SidOnio-

337 5473 486 5543 rut'n,
509 5473 736 5547 quorum
759 5488 877 5530 erat
903 5479 1172 5539 Astartes,
1215 5473 1642 5547 etMoabitarum
1671 5488 1905 5547 quorum

2019 5261 2197 5316 vimus
2224 5258 2289 5314 ad
2326 5260 2472 5314 hom.
2539 5258 2630 5324 l7,
2665 5267 2818 5329 inot.
2881 5258 2936 5321 8.
2988 5273 3095 5329 quo
3159 5275 3320 5315 sensu
3358 5259 3596 5315 Verbum

2017 5331 2233 5412 dicatur
2257 5329 2469 5400 Πατρδς
2486 5329 2628 5400 ὅρος,
2656 5328 2836 5384 Patris
2860 5331 3140 5395 terminus,
3172 5343 3234 5384 ex
3263 5329 3425 5401 Greg.
3459 5329 3596 5385 Nat.

2020 5402 2542 5543 “(igisfumuead
2603 5478 2841 5526 nostram
2897 5471 3283 5526 humilitatem.
3343 5470 3477 5527 Vide
3527 5472 3597 5526 ad

338 5539 600 5612 (litamus,
651 5548 739 5602 cui
792 5547 1048 5602 Salomon
1096 5547 1146 5599 in
1201 5555 1384 5599 monte
1412 5544 1592 5598 fanum
1627 5539 1910 5598 constituit
2007 5539 2197 5612 ltomil.
2232 5541 2289 5612 7_,
2317 5550 2428 5612 not.
2454 5539 2544 5594 25.

335 5623 402 5675 ΙΙΙ
453 5620 588 5688 lteg.
621 5633 744 5686 cap.
780 5633 857 5682 ιι,
893 5627 946 5673 et
977 5619 1044 5671 ad
1103 5615 1299 5688 vitulos
1326 5628 1699 5688 aureosquos
1754 5612 1910 5668 Jero—

337 5696 497 5745 hnam
525 5683 816 5751 conflavit,
863 5698 916 5742 et
949 5688 1002 5741 in
1035 5686 1270 5741 excelsis
1300 5685 1500 5752 posuit.
1545 5683 1768 5738 ibidem.

2083 5611 2195 5682 (13)
2247 5609 2493 5663 Iultibere
2541 5612 2724 5673 etiam,
2782 5621 2890 5666 etc.
2951 5610 3326 5681 Ἀνασυράσαι
3383 5612 3435 5665 in
3484 5627 3599 5665 uno

2009 5686 2155 5766 cod"
2209 5682 2264 5736 in
2324 5683 2496 5736 altero
2543 5694 2627 5738 est
2683 5682 3088 5754 ἁνασειράσαιῖ
3127 5690 3416 5753 utrumque
3453 5683 3596 5766 idem

410 5760 524 5829 (lt)
581 5757 756 5812 Putris
804 5750 1067 5813 terminus
1101 5767 1149 5811 et
1194 5750 1434 5813 Verbum.
1490 5752 1603 5812 Hoc
1654 5755 1912 5824 eXplana-
2012 5750 2173 5807 valet.
