3974 6220
330 334 440 401 745

1711 337 2040 398 HOMILIA
2079 335 2343 399 XXXIX.

3509 325 3616 390 746

332 462 576 525 ἵσταται,
616 459 783 531 μηδέν
818 476 871 513 τι
900 456 1230 531 θορυόηθῇς.
1277 457 1767 530 Κρυφεωδέστερον
1822 458 1924 527 γὰρ

2035 455 2389 525 defectusque
2445 431 2799 512 declinantes.
2882 450 2940 508 Si
2996 466 3122 506 vero
3176 451 3337 505 etiam
3392 463 3613 504 recmn-

330 548 589 604 ἐντεῦθεν
623 550 995 620 μανθάνομεν,
1026 548 1159 620 ὼςή
1194 549 1292 619 μὲν
1324 548 1444 602 θεία
1472 549 1633 618 φύσις
1667 549 1799 619 ὀρθή
1839 566 1920 615 τε,

330 644 428 696 καὶ
458 642 800 713 πανταχόθεν
816 642 1135 706 ἀσάλευτος,
1164 641 1503 711 ἀμετάθετον
1522 642 1619 713 τὴν
1637 642 1919 706 σύστασιν,

332 737 428 787 καὶ
460 736 799 803 ἀκράδαντον
832 735 1054 805 ἐίςουσαο
1099 736 1159 789 τὺ
1192 735 1249 789 δὲ
1278 736 1388 789 τῶν
1431 736 1738 807 ἀνθρώπων
1762 737 1921 806 γένος

330 827 471 897 πρὸς
507 827 789 897 σύμφυτον
822 828 1116 882 ἀσθένειαν
1150 826 1517 898 ὐποκάθηται.

2033 551 2285 605 Dentibus
2341 549 2623 617 discipulis
2690 547 2827 617 (l7),
2892 554 2954 600 ut
3024 544 3238 599 Marcus
3299 545 3394 604 ait,
3449 543 3611 599 Jcsus

2031 641 2233 709 adstat,
2267 642 2399 697 nihil
2442 642 2569 695 inde
2599 640 2854 695 turberis.
2884 638 3019 693 llinc
3058 637 3202 692 enim
3232 636 3446 691 orculta
3471 651 3610 704 qua—

2029 736 2154 790 dam
2192 737 2401 789 ratione
2459 736 2773 799 cdocemur,
2810 731 3047 785 divinam
3082 727 3300 799 quidem
3359 735 3609 781 naturam

2030 838 2234 883 rectam
2294 840 2706 897 usquequaque,
2755 832 2812 879 et
2862 823 3144 877 inuuotam
3203 834 3446 882 manere,
3499 828 3613 871 sta-

332 930 559 987 tumque
610 921 1015 985 invariabilem,
1095 931 1150 977 et
1213 920 1597 976 inconcussum
1677 922 1918 987 habere;
1963 935 2134 991 genus
2167 932 2347 976 autem
2402 920 2698 975 humanum
2760 932 2858 987 pro
2895 916 3081 970 innata
3112 912 3213 968 sibi
3240 910 3614 967 imbecillitate
3694 928 3697 929 '

332 1016 636 1071 Subsidere.

411 1127 432 1160 ι
468 1110 579 1177 Καὶ
608 1108 756 1177 λέγει
797 1111 1013 1174 αὐτοῖς’
1066 1111 1277 1182 Εἰρήνη
1308 1110 1461 1182 ὑμῖν,
1501 1129 1521 1163 ι
1555 1110 1738 1180 διττῆς
1771 1111 1923 1179 ἀγω-

334 1202 456 1263 νίας
490 1200 743 1255 ἀπολύων
767 1202 895 1265 τοὺς
920 1187 1312 1272 μαθητὰςξτοῦ
1342 1219 1401 1256 τε
1438 1202 1603 1271 φόϐου
1633 1202 1741 1255 τῶν
1789 1202 1925 1254 Ἰου-

332 1294 522 1358 δαίων,
553 1295 762 1347 καὶτοῦ
797 1294 872 1365 μὴ
902 1295 1081 1349 δοκεῖν
1106 1294 1402 1365 φάντασμα
1434 1295 1685 1365 θεωρεῖν,
1733 1294 1919 1348 δέδωσι

332 1386 435 1458 τὴν
468 1389 693 1457 εἰρήνην
738 1388 945 1452 αὐτοῖς,
980 1388 1075 1440 καὶ
1133 1389 1251 1456 ἅμα
1283 1405 1341 1440 τε
1378 1388 1811 1458 προαναφωνῶν,
1847 1393 1925 1453 ὡς

332 1479 500 1543 αὐτός
532 1481 679 1532 ἐστιν
724 1480 753 1532 ὁ
782 1480 885 1549 τῆς
924 1483 1149 1553 εἰρήνης
1200 1483 1497 1553 παροχεὺς,
1527 1483 1555 1534 ό
1587 1481 1684 1552 τὴν
1716 1481 1919 1552 ἔχθραν

331 1573 506 1635 λύσας
538 1574 626 1627 διὰ
669 1573 764 1627 τοῦ
799 1574 1063 1646 σταυροῦ,
1113 1577 1207 1628 καὶ
1247 1575 1342 1628 τοῦ
1375 1576 1633 1645 αἵματος,
1678 1578 1773 1628 καὶ
1826 1575 1917 1629 τὸν

331 1666 474 1718 Θεὸν
501 1668 598 1719 καὶ
636 1668 856 1738 Πατέρα
887 1670 1001 1731 τοῖς
1023 1668 1334 1736 ἀνθρώποις
1364 1670 1751 1741 ἱλεωσὰμενος.
1777 1669 1920 1723 Ἀλλ’

2112 1126 2127 1161 ι
2166 1107 2231 1162 Et
2272 1108 2346 1161 ait
2398 1107 2542 1162 illis:
2596 1105 2710 1161 Pax
2746 1106 2928 1172 vobis,
2968 1122 2987 1156 ι
3057 1113 3113 1159 ιιι
3145 1103 3346 1172 duplici
3412 1101 3617 1157 sollici-

2028 1200 2218 1256 tudine
2268 1200 2566 1271 discipulos
2620 1199 2916 1263 liberaret,
2966 1206 3114 1253 tnetu
3161 1196 3371 1251 scilicet
3399 1193 3619 1251 Judaeu-

2026 1311 2146 1350 rum
2201 1302 2255 1349 et
2287 1293 2596 1363 suspicione
2636 1292 2850 1347 videndi
2919 1289 3340 1361 phantasmatis.
3413 1287 3611 1342 Pacem

2024 1391 2105 1444 eis
2162 1388 2335 1451 dedit,
2377 1395 2427 1441 et
2461 1386 2624 1441 simul
2679 1386 2853 1456 ipsum
2896 1400 2953 1441 se
3002 1384 3155 1454 pacis
3211 1384 3459 1438 datorem
3492 1396 3615 1437 esse

2029 1481 2309 1553 professus
2359 1489 2473 1548 est,
2546 1478 2642 1550 qui
2693 1478 3034 1534 inimicitiam
3106 1490 3203 1548 per
3258 1489 3512 1540 crucem,
3561 1484 3618 1527 et

2029 1576 2348 1647 sanguinem
2379 1589 2539 1631 suum
2565 1573 2801 1629 solverat
2839 1573 2929 1636 η’,
2981 1581 3034 1626 et
3066 1575 3252 1636 Deum,
3291 1586 3358 1625 ac
3396 1568 3612 1622 Patrem

2034 1668 2345 1725 hominibus
2395 1651 2690 1737 prepitium
2726 1665 2951 1721 fecerat.
3021 1664 3129 1720 Sed
3185 1674 3292 1718 tam
3342 1671 3523 1725 erant,
3556 1669 3617 1713 ut

330 1758 510 1822 οὕτως
539 1755 700 1832 ἦσαν,
722 1761 797 1824 ὡς
830 1762 1028 1827 ἔοικεν,
1060 1763 1294 1827 ἀτελεῖς,
1324 1762 1421 1827 ὡς,
1461 1762 1642 1816 καίτοι
1673 1762 1924 1834 φανερῶς

2035 1760 2264 1827 videtur,
2310 1758 2609 1829 imperfecti
2664 1757 2950 1828 discipuli,
3013 1766 3072 1811 ut
3125 1754 3378 1825 quamvis
3428 1760 3618 1823 aperte

330 1853 573 1924 ὁρῶντες
609 1856 700 1906 τὶν
747 1852 975 1923 Κύριον,
1040 1856 1133 1907 καὶ
1188 1857 1287 1924 τῆς
1336 1855 1595 1923 γλυκείας
1633 1855 1928 1918 ἀκούοντες

333 1949 542 2019 φωνῆς,
580 1946 747 2018 ᾤοντο
774 1948 995 2017 πνεῦμα
1026 1949 1178 2019 όρᾷν.

416 2060 436 2092 ι
477 2040 814 2110 Πτοηθέντες
842 2040 922 2107 δὲ,
958 2042 1052 2094 καὶ
1103 2040 1334 2111 ἔμφοϐοι
1370 2042 1677 2110 γεγονότες,
1708 2042 1929 2099 ἐδόκουν

337 2135 560 2204 πνεῦμα
591 2133 841 2206 θεωρεῖν.
874 2151 893 2185 ι
924 2133 1037 2187 Καὶ
1065 2133 1126 2187 οὐ
1147 2134 1320 2205 δήπου
1344 2133 1527 2203 φαμὲν
1566 2136 1642 2199 ὡς
1673 2135 1930 2206 δαιμόνια

333 2229 471 2297 ὁρᾷν
527 2226 905 2291 ὐπετόπασαν,
953 2223 1072 2277 ἀλλ’
1120 2225 1206 2277 ὄτι
1260 2224 1594 2279 ἐπίστευσαν
1637 2228 1757 2297 μὲν,
1787 2229 1862 2289 ὡς
1900 2231 1929 2283 ό

333 2319 545 2391 Κύριός
578 2319 720 2383 ἐστι,
752 2315 833 2370 διὸ
854 2317 1267 2387 καὶέχάρησαν,
1302 2315 1376 2379 ὡς
1398 2317 1426 2368 ό
1463 2316 1635 2387 μέγας
1671 2316 1929 2388 Ἰωάννης

333 2413 527 2483 φησιν,
563 2409 734 2481 ᾤοντο
782 2409 839 2462 δὲ
892 2408 1115 2478 πνεῦμα
1151 2408 1317 2462 αὐτὸν
1370 2408 1629 2478 γενέσθαι
1661 2410 1930 2482 ἀμέτοχον

331 2505 616 2575 σώματος.
652 2503 766 2556 Οὐκ
787 2498 853 2573 ἦν
887 2485 1169 2572 γὰρ’ίδιον
1217 2505 1317 2571 τῆς
1352 2503 1557 2574 σαρκὸς
1608 2504 1931 2574 κεκλεισμέ-

332 2615 446 2652 νων
480 2596 591 2649 τῶν
646 2595 829 2666 θυρῶν
886 2593 1189 2648 εἰσελθεῖνθ
1229 2594 1319 2648 διὰ
1374 2594 1534 2648 τοῦτο
1601 2596 1930 2666 αὐτομάτως

333 2688 660 2744 εἰσελθόντα
731 2685 1059 2749 τεθεακότες
1097 2686 1281 2754 αὐτὸν,
1315 2688 1781 2759 κατωρρὡησαν.
1813 2691 1928 2743 Κα-

331 2782 590 2846 τευνάζει
610 2792 674 2848 γε
700 2780 808 2851 μὴν
835 2780 897 2832 τὸ
927 2780 1044 2843 δέος
1079 2778 1283 2843 αὐτῶν,
1313 2780 1407 2832 καὶ
1434 2779 1810 2838 ἀνακαλύπτει
1828 2782 1928 2851 τὴν

332 2877 392 2929 ἐν
423 2878 538 2939 τοῖς
577 2874 863 2943 λογισμοῖς
918 2872 1102 2926 αὐτῶν
1135 2872 1441 2942 γενομένην
1468 2873 1681 2939 πτοίαν,
1714 2873 1924 2942 εἰπών’

337 2988 359 3023 l
397 2970 464 3022 Τί
491 2948 897 3036 τεταραγμένοι
930 2963 1077 3027 ἐστὲ,
1108 2964 1206 3016 καὶ
1233 2962 1324 3016 διὰ
1350 2964 1404 3016 τί
1427 2963 1773 3032 διαλογισμοὶ
1794 2966 1927 3018 ἁνα-

333 3061 619 3115 6αίνουσιν
641 3062 699 3112 ὲν
720 3060 844 3120 ταῖς
867 3055 1117 3127 καρδίαις
1158 3053 1347 3124 ὑμῶνς
1394 3074 1412 3107 ι
1444 3059 1538 3110 καὶ
1568 3055 1683 3126 ἅμα
1710 3057 1925 3118 δεικνὺς

331 3156 526 3218 αὐτοῖς
546 3155 646 3216 τὰς
675 3153 734 3204 ὲν
769 3149 931 3221 χερσὶ
960 3148 1057 3202 καὶ
1084 3148 1246 3202 ποσὶν
1281 3147 1537 3211 ὠτειλὰς.
1567 3148 1923 3202 πιστοποιού-

333 3263 522 3318 μενος,
574 3246 658 3299 ὅτι
689 3243 822 3298 αὐτό
873 3242 992 3294 ἐστι
1044 3238 1106 3292 τὸ
1150 3241 1421 3303 πεπονθὸς
1455 3241 1639 3312 σῶμα,
1674 3243 1768 3295 καὶ
1793 3241 1921 3296 οὔτε

330 3342 469 3396 ἄλλο
511 3338 627 3393 ἀντ’
668 3336 882 3391 ἐκείνου
930 3333 1252 3404 ἐγήγερται,
1292 3333 1416 3387 οὔτε
1442 3336 1662 3406 πνεῦμα
1696 3337 1921 3399 σκιῶδες

328 3437 476 3500 ἔστι,
512 3432 608 3485 καὶ
642 3429 959 3500 ἀσώματον.
1386 3430 1391 3435 ’

416 3547 435 3579 α
477 3527 643 3579 Ἴδετε
691 3525 791 3588 τὰς
845 3524 1038 3597 χεῖράς
1096 3541 1219 3595 μου,
1275 3523 1370 3576 κοιλ⁸
1421 3521 1550 3584 τοὺς
1579 3521 1750 3585 πόδας
1784 3538 1920 3592 pou-

328 3620 701 3706 ψηλαφήσατέ
761 3635 851 3689 με,
899 3619 996 3672 καὶ
1026 3618 1188 3680 ἴδετε,
1222 3617 1306 3671 ὅτι
1340 3615 1561 3685 πνεῦμα
1612 3615 1795 3686 σάρκα
1829 3616 1925 3706 και

332 3705 626 3767 ὀστὲαίοὼι
652 3711 797 3780 ἔχει,
834 3709 1019 3773 καθὼς
1049 3708 1148 3779 ἐμὲ
1184 3707 1441 3779 θεωρεῖτε
1471 3708 1682 3778 ἔχοντα.
1727 3724 1745 3757 ι
1779 3705 1924 3759 Ἀλλ’

333 3808 485 3860 ἐστιν
510 3803 744 3858 ἐνταῦθα
769 3803 1120 3875 διαπορῆσαι,
1153 3801 1268 3865 πῶς
1300 3803 1411 3855 τῶν
1431 3801 1577 3870 ἥλων
1603 3801 1659 3854 αἱ
1690 3800 1924 3870 τρώσεις

332 3904 393 3955 ὲν
420 3898 501 3969 τῷ
531 3899 793 3969 ἀφθάρτῳ
814 3896 1187 3949 ἐνδείκνυνται
1218 3896 1455 3966 σώματι.
1495 3893 1678 3965 Φαμὲν
1704 3890 1820 3958 οὖν,
1849 3893 1925 3956 ὡς

332 3989 707 4062 οἰκονομικῶς
731 3990 908 4044 ταῦτα.
954 3989 1223 4052 δείκνυσι,
1255 3989 1622 4058 πιστούμενος
1649 3986 1748 4058 τὴν
1794 3986 1926 4042 ἀνά·
1954 3982 1957 3985 ’

333 4103 553 4140 στασιν.
596 4084 658 4137 Ei
692 4085 799 4154 γὰρ
826 4084 920 4136 καὶ
949 4083 1157 4137 τούτων
1192 4082 1378 4142 αὐτοῖς
1408 4080 1776 4149 δεικνυμένων
1798 4080 1925 4131 ἀπι-

335 4180 466 4248 στία
500 4177 583 4230 ἑτι
618 4176 952 4245 συνείχοντο,
982 4178 1036 4228 τί
1082 4176 1150 4230 ἂν
1181 4176 1556 4238 ὑπετόπασαν,
1592 4176 1640 4226 εί
1662 4173 1762 4227 οὐκ
1785 4169 1924 4227 εἶδον

331 4271 434 4327 τοῦ
466 4270 674 4331 πάθους
696 4269 765 4321 τὰ
789 4268 853 4320 σύ
863 4268 1036 4337 μὸολα
1058 4283 1074 4333 ;

414 4381 435 4415 ι
480 4362 605 4415 Ἔτι
625 4360 682 4415 δὲ
720 4360 1099 4414 ἀπιστούντων
1122 4360 1302 4414 αὐτῶν
1325 4360 1435 4413 ἀπὸ
1469 4360 1571 4431 τῆς
1610 4366 1807 4433 χαρᾶς,
1829 4364 1925 4417 καὶ

408 4509 479 4543 ’θ’
513 4507 716 4578 Ephes.
772 4521 837 4570 ιι,
873 4504 964 4569 15,
1008 4503 1095 4559 i6.
1175 4505 1221 4537 “
1247 4502 1405 4559 Joan.
1441 4521 1533 4574 xx,
1565 4506 1655 4563 20.

1951 3099 1998 3162 C

2032 1853 2282 1907 viderent
2338 1851 2652 1916 Dominum,
2709 1860 2764 1906 et
2792 1851 3006 1906 dulcem
3058 1850 3208 1904 illaut
3264 1863 3454 1904 vocem
3511 1862 3615 1901 att-

2030 1946 2232 2012 dirent,
2283 1947 2662 2000 existimarent
2713 1953 2895 1999 tamen
2956 1943 3211 2013 spiritum
3275 1957 3336 1997 sc
3401 1941 3611 1995 videre.

2108 2058 2128 2091 ι
2165 2040 2486 2094 Conturbati
2545 2053 2698 2106 vero,
2768 2049 2826 2093 et
2876 2038 3167 2094 conterriti
3222 2035 3617 2092 existimabant

2030 2145 2089 2185 se
2119 2132 2371 2202 spiritum
2414 2131 2619 2186 videre.
2654 2150 2672 2184 ι
2706 2129 2818 2186 Nec
2848 2145 2976 2185 vero
3006 2129 3115 2184 ullo
3166 2127 3328 2182 modo
3354 2126 3610 2190 dicimus,

2031 2221 2329 2277 dmmonem
2374 2237 2470 2277 eos
2499 2223 2685 2278 videre
2723 2236 2782 2277 se
2809 2221 3135 2287 arbitratos,
3191 2221 3286 2274 sed
3317 2220 3617 2276 credidisse

2030 2313 2249 2382 quidem
2280 2327 2402 2368 esse
2450 2312 2766 2378 Dominum,
2832 2312 2976 2367 unde
3015 2321 3071 2367 et
3120 2312 3291 2382 gavisi
3336 2320 3485 2376 sunt,
3556 2322 3618 2366 ut

2031 2420 2258 2475 magnus
2312 2404 2551 2461 Joannes
2592 2406 2670 2461 ait
2708 2407 2775 2472 ”,
2816 2405 2908 2461 sed
2942 2406 3122 2475 ipsum
3182 2419 3307 2461 esse
3360 2406 3615 2475 spiritum
3670 2436 3674 2441 λ

2031 2508 2308 2567 expertem
2361 2501 2608 2571 corporis
2635 2498 3035 2568 opinabantur:
3068 2512 3246 2565 neque
3295 2499 3439 2553 enim
3462 2497 3619 2553 clau-

2032 2591 2112 2647 sis
2150 2591 2355 2646 intrare
2380 2592 2564 2663 januis
2595 2594 2840 2662 corporis
2863 2592 3142 2663 proprium
3179 2603 3301 2647 est:
3343 2592 3467 2647 ideo
3488 2608 3610 2648 cum

2031 2698 2129 2754 per
2188 2685 2433 2754 seipsum
2490 2686 2797 2754 ingressum
2860 2700 2982 2742 esse
3028 2687 3316 2750 vidissent,
3362 2686 3616 2742 exterriti

2031 2787 2175 2832 sunt.
2229 2775 2426 2833 Verum
2483 2777 2598 2846 ipse
2644 2787 2849 2833 metum
2907 2793 3095 2833 eorum
3125 2779 3298 2844 sedat,
3345 2788 3400 2833 et
3436 2789 3617 2834 ortam

2031 2871 2085 2925 in
2102 2884 2291 2925 eorum
2305 2869 2561 2926 cordibus
2590 2870 3085 2926 consternationem
3110 2868 3367 2939 patefacit
3383 2871 3571 2927 dicens
3595 2889 3611 2926 :

2045 2981 2063 3014 ι
2097 2960 2238 3029 Quid
2271 2961 2471 3017 turbati
2500 2963 2656 3028 estis,
2708 2974 2762 3018 et
2816 2963 3172 3033 cogitationes
3228 2964 3530 3017 ascendunt
3557 2963 3613 3017 in

2030 3056 2196 3111 corda
2254 3057 2485 3110 vestra?
2518 3073 2537 3107 ι
2581 3055 2647 3110 Et
2676 3056 2836 3110 simul
2875 3053 3113 3111 oSIendit
3161 3057 3242 3110 eis
3276 3071 3533 3110 manuum
3549 3071 3651 3111 ac.

2030 3148 2225 3219 pedum
2264 3148 2511 3212 vulnera,
2542 3156 2603 3202 ut
2636 3146 2793 3203 fidem
2825 3148 2992 3220 276
3018 3147 3245 3215 faceret,
3272 3149 3405 3204 illud
3431 3150 3611 3220 ipsum

2025 3254 2222 3308 corpus
2251 3253 2371 3294 esse
2417 3240 2561 3309 quod
2618 3253 2840 3309 passum
2878 3240 3074 3306 fuerat,
3132 3255 3230 3296 nec
3289 3241 3431 3296 aliud
3468 3241 3613 3298 illius

2026 3332 2144 3385 vice
2174 3331 2544 3386 resurrexisse
2579 3348 2595 3399 ;
2637 3346 2738 3387 nec
2775 3331 2960 3385 itidem
2993 3332 3245 3399 spiritum
3294 3334 3507 3389 umbrae
3537 3335 3615 3389 si-

2025 3422 2210 3475 milem
2238 3435 2359 3477 esse
2390 3437 2472 3489 se,
2509 3430 2566 3478 et
2591 3436 2822 3492 corpore
2860 3436 3118 3477 vacuum.

2084 3511 2120 3582 ἐ
2148 3526 2340 3585 Videte
2379 3528 2572 3585 manus
2623 3544 2795 3595 meas,
2828 3540 2882 3584 et
2933 3530 3099 3601 pedes
3145 3545 3335 3588 meos:
3372 3524 3630 3604 palpate,

2027 3632 2083 3679 et
2133 3624 2333 3690 videte,
2365 3624 2493 3693 quia
2530 3622 2754 3692 spiritus
2801 3638 3047 3689 carnem,
3106 3633 3161 3678 et
3199 3640 3324 3680 ossa
3362 3641 3468 3681 non
3510 3627 3612 3681 ha-

2028 3715 2143 3778 bet,
2201 3715 2347 3770 sicut
2396 3729 2485 3770 me
2520 3713 2717 3770 videtis
2773 3713 2997 3770 habere.
3041 3733 3059 3766 ι
3089 3698 3290 3771 verum
3326 3717 3417 3773 hic
3446 3720 3615 3774 subo-

2028 3808 2170 3860 ritur
2220 3806 2508 3871 dubitatio,
2561 3822 2668 3877 qua
2701 3809 2915 3865 ratione
2974 3810 3249 3866 clavorum
3287 3811 3513 3865 vulnera
3553 3810 3613 3866 in

2029 3912 2258 3968 corpore
2309 3898 2704 3968 incorruptibili
2741 3910 2959 3955 ostensa
2992 3901 3123 3956 sint.
3150 3903 3389 3958 Dicimus
3409 3903 3610 3973 igitur.

2027 3991 2173 4060 quod
2223 4005 2318 4060 per
2367 3992 2821 4061 dispensationem
2877 3994 2990 4049 haec
3033 3995 3289 4063 exhibet,
3346 4005 3408 4050 ut
3461 4011 3615 4051 com-

2027 4088 2219 4153 probet
2243 4083 2699 4138 resurrectionem
2736 4101 2750 4139 :
2799 4084 2844 4139 si
2877 4086 3020 4141 enim
3048 4087 3158 4142 illis
3193 4088 3463 4154 ostensis,
3511 4087 3611 4141 ad-

2026 4175 2135 4231 huc
2166 4175 2219 4230 in
2273 4175 2650 4230 incredulitate
2706 4177 3096 4246 persistebant,
3170 4179 3300 4249 quid
3354 4178 3614 4251 suspicati

2027 4278 2235 4336 essent,
2267 4268 2370 4324 nisi
2398 4267 2682 4325 Passionis
2713 4271 2868 4340 signa
2911 4273 3373 4342 conspexissent?

2108 4364 2330 4418 tAdhuc
2356 4373 2537 4418 autem
2563 4362 2666 4417 illis
2682 4378 2787 4419 non
2805 4364 3179 4433 credentibus,
3201 4376 3257 4422 et
3282 4364 3613 4424 mirantibus

1573 4626 1901 4688 Francisci
1939 4626 2151 4689 Scorsi
2184 4635 2370 4690 notas.
2454 4674 2457 4678 ι

330 4768 421 4815 est
451 4758 505 4811 in
536 4752 722 4829 ΕιΙιὶεᾳ
744 4749 1086 4829 ΡΙιίΙοεορΙιξο
1116 4725 1500 4829 pertractatum
1533 4757 1927 4829 atqtte_protri-
1964 4761 2003 4813 D
2033 4773 2154 4828 qua;
2183 4773 2211 4811 a
2234 4756 2291 4829 ξ.
2312 4754 2870 4829 Joanneitidemquea
2892 4759 2952 4814 S.
2978 4758 3120 4814 Luca
3144 4758 3324 4815 citatis
3342 4760 3614 4818 locisnar-

333 4842 451 4884 tum
488 4843 552 4880 ex
575 4840 641 4879 eo
676 4825 965 4891 deductum
1001 4822 1204 4875 dictum
1251 4821 1378 4874 illud
1404 4821 1629 4877 aureum
1657 4821 1926 4891 Cleobuli,

330 4901 500 4954 unius
532 4911 596 4949 ex
632 4894 847 4961 Septem
880 4890 1096 4963 Μέτρον
1127 4891 1370 4962 ἄριστον,
1398 4890 1663 4958 Optimum
1686 4897 1741 4949 in
1774 4890 1924 4951 rebus

332 4967 583 5023 omnibus
616 4967 824 5017 modus.

408 5037 524 5108 (l7)
591 5031 1028 5108 Recumbentibus
1073 5031 1381 5108 _discipulis.
1418 5031 1564 5087 Hanc
1597 5034 1796 5090 Christi
1827 5054 1922 5108 ap-

330 5102 686 5181 paritiOnem,
742 5118 904 5181 quam
969 5102 1246 5181 S_.__Lucas
1297 5118 1419 5181 cap.
1461 5119 1586 5158 xxiv
1618 5117 1825 5172 narrat,
1856 5102 1922 5163 de

330 5174 445 5250 ῖιυει
482 5186 834 5250 est_prtr_setts
878 5174 1117 5237 ltontilia,
1159 5175 1407 5250 canitiem
1438 5189 1559 5229 esse
1593 5185 1756 5242 atque
1775 5194 1919 5245 eam,

377 5266 501 5303 nam
561 5244 785 5299 Joannis
832 5257 951 5311 cap.
1013 5260 1104 5310 xx,
1149 5247 1293 5297 unde
1340 5246 1500 5298 etiam
1543 5250 1710 5300 sumit
1759 5244 1923 5305 multa

386 5321 724 5388 lienplianes,
761 5321 819 5367 ut
865 5316 1110 5388 videatur
1126 5316 1496 5388 narrationem
1534 5319 1814 5388 utriusque
1868 5324 1920 5376 in

330 5385 508 5447 unam
521 5387 809 5447 conficere,
839 5399 997 5439 nemo
1011 5385 1220 5440 dubitat
1240 5401 1257 5451 ;
1280 5386 1373 5439 sed
1393 5394 1443 5439 et
1461 5390 1704 5441 eamdem
1727 5385 1919 5447 itidem

329 5477 480 5526 esse,
527 5460 594 5515 de
627 5472 732 5525 qua
765 5454 802 5509 S
857 5452 1071 5509 Marcus
1094 5471 1212 5524 cap.
1244 5469 1353 5521 va,
1380 5460 1589 5510 videtur
1611 5459 1696 5513 hic
1733 5472 1926 5518 auctor

329 5533 676 5594 existimare,
730 5542 849 5579 cum
885 5525 955 5580 ab
993 5541 1057 5580 eo
1102 5528 1302 5581 dictum
1355 5527 1446 5591 sit,
1481 5533 1923 5588 recumbentibus

330 5601 621 5674 discipulis
681 5598 1032 5674 apparuisse,
1062 5612 1205 5674 quae
1241 5597 1404 5650 verba
1433 5598 1518 5651 hic
1563 5601 1918 5674 explicantur.

332 5674 416 5728 De
450 5667 560 5742 «ᾖιο
582 5680 763 5742 tamen
797 5667 1034 5742 dubitari
1075 5668 1270 5721 merito
1294 5673 1823 5742 poti-st,A_pra-sertim
1855 5689 1919 5727 ea

332 5736 575 5802 ratione.
599 5740 743 5809 quod
788 5752 819 5790 a
866 5740 922 5790 S.
960 5736 1140 5809 Marco
1195 5739 1443 5792 undecim
1471 5738 1721 5793 dicantur
1751 5739 1919 5799 fuisse

330 5808 827 5886 discipuli,quibus
848 5808 1287 5863 recumbentibus
1309 5809 1579 5877 apparuit,
1600 5809 1654 5864 iu
1680 5824 1743 5867 ea
1762 5826 1913 5882 vero,

664 5905 937 5967 ΡΑτιιοι..
982 5905 1101 5966 (in.
1153 5903 1453 5965 CXXXII.

2034 4826 2205 4892 ratur,
2236 4826 2472 4891 Thomas
2509 4826 2763 4895 abfuerit,
2797 4830 3040 4897 adeoque
3072 4844 3178 4883 non
3211 4832 3485 4899 undecim,
3515 4834 3613 4891 sed

2032 4900 2220 4955 decem
2250 4900 2586 4968 apparuerit.
2621 4899 2677 4953 S.
2698 4911 2876 4952 autem
2901 4901 3255 4966 Augustinus,
3298 4900 3373 4955 De
3399 4918 3610 4959 censen.

2033 4968 2233 5039 Evrmg.
2279 4985 2399 5037 cap.
2441 4969 2529 5031 15,
2593 4969 2682 5021 lib.
2724 4985 2804 5031 ιιι,
2838 4985 2960 5021 cum
3011 4970 3362 5037 probabiliter
3389 4974 3441 5027 in
3472 4975 3615 5031 hanc

2027 5042 2336 5106 opinionem
2376 5040 2686 5102 tlis‘Sc-rerel,
2747 5039 2906 5092 solvit
2947 5041 3045 5093 hoc
3073 5052 3447 5106 argumentum
3511 5046 3615 5100 hoc

2028 5121 2229 5178 parto:
2275 5110 2397 5163 Nisi
2447 5111 2587 5177 forte
2613 5111 2851 5175 quamvis
2894 5124 2998 5161 uno
3039 5111 3271 5177 absente,
3322 5116 3561 5168 undecim
3591 5130 3616 5170 :

2028 5190 2203 5252 tamen
2263 5180 2425 5234 voluit
2479 5179 2763 5246 appellare,
2807 5181 2934 5246 quia
2965 5182 3144 5232 eadem
3170 5190 3294 5234 tunc
3320 5185 3613 5252 apostolica

2033 5251 2258 5305 societas
2285 5254 2381 5303 hac
2432 5265 2648 5302 numero
2688 5251 3109 5314 nuncupabatur,
3152 5251 3430 5317 antequam
3469 5255 3614 5309 Mat-

2033 5322 2174 5375 thias
2196 5323 2252 5374 in
2279 5320 2452 5373 locum
2501 5318 3083 5393 Jndcesubrognretur.
3120 5325 3312 5375 Verum
3344 5327 3469 5393 quia
3508 5327 3615 5379 hoc

2031 5394 2195 5445 etiam
2253 5394 2448 5445 durum
2516 5390 2682 5462 videri
2724 5402 2926 5457 posset,
2982 5392 3225 5445 refertse
3270 5390 3612 5462 adp—primam

2030 5461 2391 5533 respondendi
2444 5461 2730 5533 rationem,
2766 5475 2871 5529 qua
2928 5470 3080 5529 putat
3112 5477 3231 5533 eam
3269 5478 3297 5515 a
3331 5461 3391 5517 S.
3431 5462 3614 5518 Marco

2029 5531 2255 5588 relatam
2319 5532 2713 5600 apparitiouetn
2781 5540 3111 5600 postremam
3169 5531 3336 5587 fuisse
3364 5535 3613 5588 oninium

2025 5604 2143 5672 ipso
2196 5606 2284 5659 die
2318 5598 2666 5654 Ascensiouis
2692 5603 2746 5656 in
2782 5598 3002 5655 coetum.
3045 5598 3217 5654 liabet
3247 5613 3429 5657 tamen
3476 5607 3614 5660 alios

2023 5689 2273 5730 auctores
2303 5672 2625 5742 ὁμοψήφους
2689 5673 3051 5741 Theophanes
3108 5682 3313 5733 noster,
3388 5689 3450 5728 ac
3475 5690 3616 5743 pra:-

2021 5749 2207 5800 sertim
2242 5743 2641 5816 Eutliytuium.,
2676 5750 2768 5816 qui
2798 5759 2918 5800 cum
2958 5743 3077 5798 aliis
3102 5743 3299 5797 citatur
3343 5760 3373 5799 a
3408 5744 3615 5801 Meldo-

2019 5826 2168 5871 nato.

3183 5904 3262 5967 215
