3974 6220
310 312 415 379 ’161

1629 323 1959 384 IlOMlLlA
1999 323 2272 386 XXXIX.

3472 324 3581 386 762

312 444 432 492 σου,
470 427 548 490 ὡς
597 428 706 482 ἀπὸ
741 431 991 501 πατητοῦ
1026 432 1232 505 ληνοῦς
1279 452 1299 487 ›
1346 434 1700 504 ἐπεφοίνικτο
1731 434 1839 505 γάρ
1872 438 1902 504 ή

2013 445 2122 499 tua,
2149 445 2202 488 et
2236 435 2658 503 indumentaftua
2687 436 2830 491 sicut
2854 433 3146 501 defcalcato
3171 434 3522 490 torculari“?
3555 456 3573 488 ι

309 519 622 590 Δεσποτικὴ
653 520 793 592 σὰρξ
816 521 894 593 τῷ
922 524 986 576 ἐκ
1014 525 1114 594 τῆς
1137 525 1378 597 πλευρᾶς
1406 526 1662 597 βλύσαντι
1681 528 1893 597 αἵματι,

310 613 408 664 καὶ
438 611 516 679 τῷ
568 613 732 666 πάθει
768 615 1224 672 ὲκεκαλλώπιστο
1248 636 1262 650 ·
1288 620 1371 673 διὸ
1409 622 1609 689 ἐπάγει
1641 621 1717 692 τῷ
1750 622 1897 691 λόγῳ

309 701 344 771 ἠ
382 702 492 754 τῶν
533 704 845 773 ἀσωμάτων
880 709 1013 774 ἁγία
1056 710 1291 780 πληθὺς,
1322 713 1406 765 ὅτι
1440 732 1458 765 ι
1497 706 1667 774 Οὗτος
1694 713 1898 784 ὡραῖος

309 794 371 847 ὲν
400 793 564 869 στολῇ
603 797 792 855 αὑτοῦ.
825 819 843 850 ι
897 801 1069 873 Στολὴ
1101 804 1156 857 δὲ
1191 805 1286 858 καὶ
1316 806 1523 877 ἀμφιον
1556 808 1588 876 ἡ
1619 808 1901 877 ἀνθρωπό-

307 901 413 954 της
466 888 641 943 ἐστίν.
708 889 871 944 Ἀλλά
932 893 1053 956 πῶς
1114 897 1174 950 ὲν
1233 897 1312 966 τῷ
1365 898 1634 969 ἀφθάρτῳ
1677 898 1896 969 σώματι

308 975 640 1047 ᾑμαγμένος
699 981 913 1051 ἑωρᾶτο
944 983 1143 1053 χιτών;
1182 987 1480 1056 Οἰκονομία
1508 984 1577 1060 ἦν
1602 989 1660 1041 τὸ
1681 990 1899 1060 ὁρώμε-

310 1078 427 1117 νον.
458 1063 669 1137 Ὠσπερ
711 1068 822 1137 γὰρ
852 1069 951 1135 τὰς
995 1075 1225 1143 τρήσεις
1260 1077 1369 1129 τῶν
1413 1078 1564 1149 ἥλων
1603 1079 1895 1135 ὑπεδείκνυ

308 1157 428 1218 τοῖς
475 1156 770 1228 μαθηταῖς,
816 1163 911 1216 καὶ
943 1164 1037 1219 τὸν
1071 1166 1228 1236 ίχθυν
1262 1169 1622 1241 κατεδηδόκει
1659 1174 1734 1241 μὴ
1776 1172 1919 1229 δεό-.

312 1264 481 1318 μενος
514 1250 798 1323 βρώσεως,
830 1255 974 1311 οὕτω
1000 1258 1064 1330 δὴ
1096 1262 1327 1326 καὶτοῖς
1362 1264 1615 1333 ἀγγέλοις
1639 1266 1741 1331 τὴν
1769 1268 1897 1336 περὶ

306 1340 405 1393 τὸν
452 1341 746 1414 ἄνθρωπον
800 1348 1218 1421 ἐνδεικνύμενος
1285 1355 1605 1425 άγαθότητα
1633 1397 1648 1421 ,
1683 1359 1898 1429 ἑωρᾶτο

306 1432 490 1501 τούτῳ
520 1431 596 1501 τῷ
626 1436 892 1505 σχήματι.
918 1437 1092 1493 Τοῦτο
1118 1440 1180 1494 τὸ
1205 1441 1408 1513 χρῶμα
1456 1445 1555 1514 τῆς
1588 1443 1736 1509 θείας
1764 1463 1898 1516 σαρ-

306 1522 410 1585 κδς
437 1524 692 1594 προορῶν
729 1527 928 1581 Ἰακὼϐ
961 1532 1400 1602 προηγόρευσε.ι
1433 1536 1636 1589 Πλυνεῖ
1667 1538 1728 1590 ὲν
1768 1538 1897 1608 οἴνῳ

307 1613 415 1683 τὴν
450 1615 643 1686 στολὴν
671 1619 865 1686 αὑτοῦ,
893 1621 988 1673 καὶ
1040 1626 1097 1679 ὲν
1130 1625 1326 1695 αἵματι
1366 1628 1648 1699 σταφυλῆς
1674 1630 1776 1699 τὴν
1804 1647 1897 1682 πε-

312 1703 539 1774 ριϐολὴν
570 1707 754 1764 αὐτοῦ.
792 1728 810 1761 ι
863 1710 1025 1765 Ἀλλὰ
1059 1713 1112 1766 τί
1152 1713 1289 1786 πρὸς
1342 1715 1440 1786 τὴν
1485 1717 1595 1770 τῶν
1641 1717 1895 1785 ἀγγέλων

307 1796 511 1849 πεῦσιν
553 1796 718 1863 αὐτὸς
749 1801 1139 1874 ἀποκρίνεται;
1174 1823 1194 1858 ι
1236 1806 1413 1875 Ληνὸν
1442 1807 1696 1878 ὲπάτησα
1722 1807 1897 1876 μονὼ-
1931 1787 1976 1847 Β

306 1904 497 1951 τατος,
521 1891 616 1943 καὶ
650 1892 760 1944 τῶν
791 1893 962 1946 ἐθνῶν
994 1897 1093 1949 ούκ
1138 1898 1287 1950 ἔστιν
1318 1898 1459 1969 ἀνὴρ
1507 1899 1627 1968 μετ’
1654 1896 1790 1968 ἐμοῦ
1818 1915 1831 1928 ·
1870 1917 1890 1951 ι

305 1979 473 2050 ληνὸν
500 1982 675 2051 λέγων
709 1986 810 2055 τὴν
856 1988 966 2040 τῶν
996 1989 1268 2059 δαιμόνων
1298 1991 1634 2061 παράταξιν,
1673 1994 1770 2045 καὶ⁴
1797 1992 1896 2062 τὴν

305 2072 422 2126 τῶν
464 2074 743 2130 Ἰουδαίων
790 2079 1103 2143 ἀπείθειαν,
1139 2100 1158 2129 ι
1196 2076 1264 2151 ἧς
1311 2085 1343 2152 ἡ
1392 2084 1643 2154 σταφυλὴ
1684 2084 1897 2154 πλήρης

306 2166 502 2235 χολῆς,
537 2169 632 2221 καὶ
667 2169 863 2241 βότρυς
897 2175 1125 2243 πικρίας
1152 2178 1178 2227 ό
1213 2171 1356 2238 οἶνος
1390 2177 1585 2246 αὐτῆς.
1620 2196 1640 2231 ι
1676 2176 1898 2247 Ταύτην

307 2261 565 2330 πατήσας
620 2263 932 2334 μονώτατος
979 2268 1066 2320 διὰ
1120 2267 1217 2321 τοῦ
1269 2268 1530 2339 σταυροῦ,
1572 2269 1665 2322 καὶ
1717 2269 1792 2331 ὡς
1840 2268 1898 2334 ἐξ

306 2352 458 2405 οῐνου
488 2356 611 2407 νέου
651 2357 747 2425 τὴν
799 2358 981 2429 σάρκα
1015 2359 1094 2431 τῷ
1128 2360 1330 2429 αἵματι
1368 2362 1691 2433 κεχρωκὼς,
1741 2379 1898 2434 νικη-

308 2445 483 2515 φόρος
528 2447 667 2517 πρὸς
722 2449 814 2501 τὸν
862 2452 1137 2521 Πατρικὸν
1192 2453 1383 2523 θρόνον
1434 2453 1645 2523 ἄνειμι.
1708 2454 1899 2508 Ταῦτα

309 2536 845 2605 μυσταγωγηθέντες
894 2541 943 2592 οί
975 2539 1202 2609 ἄγγελοι
1244 2544 1343 2606 τὰς
1378 2542 1555 2607 πύλας
1596 2543 1705 2596 τῶν
1733 2545 1902 2616 ούρα-

306 2628 374 2680 ν“’
392 2646 421 2679 ν
455 2630 797 2684 ἀνεπέτασαν
820 2635 918 2703 τὴν
944 2634 1180 2703 ἔπαρσιν
1214 2636 1419 2689 τούτων
1448 2639 1897 2708 ἐπιταχύνοντεςο

307 2722 608 2792 τοιγαροῦν
653 2727 746 2778 καὶ
792 2728 954 2796 ἡμεῖς
1010 2729 1100 2781 τον
1153 2730 1296 2783 θεῖον
1351 2731 1581 2785 Ἡσαΐαν
1611 2732 1900 2802 δεξάμενοι

311 2814 653 2886 σύμὸουλον,
706 2838 724 2870 ι
756 2819 944 2888 Δεῦτε,
977 2823 1271 2895 ἀναδῶμεν
1312 2827 1392 2888 είς
1425 2825 1485 2877 τὸ
1528 2826 1654 2898 ὅρος
1678 2828 1771 2881 τοῦ
1796 2825 1902 2881 Κύ-

311 2905 462 2976 ρίου,
497 2926 518 2960 ι
549 2911 756 2981 νοητῶς
783 2913 1118 2984 ἐφεπόμενοι
1149 2916 1228 2986 τῷ
1277 2916 1631 2985 ὲπιϐεΰηκότι
1662 2919 1753 2971 ἐπὶ
1793 2918 1901 2972 τῶν

310 2999 559 3066 νεφελῶν
584 3002 678 3055 τοῦ
712 3004 969 3075 ούρανοῦ,
1004 3007 1148 3060 κατὰ
1185 3007 1277 3061 τὸν
1303 3008 1559 3079 Ψαλμὺν,
1592 3009 1690 3063 καὶ
1722 3010 1903 3063 ἐπὶτά

2006 526 2282 595 Purpureo
2322 528 2528 583 scilicet
2578 527 2757 582 colore
2794 527 2963 580 tincta
2998 526 3174 580 fuerat
3205 528 3415 581 Domini
3454 543 3581 581 caro

2004 621 2284 687 sanguinis
2328 620 2634 674 emanantis
2682 634 2747 672 ex
2796 617 3000 683 latere,
3047 628 3101 673 et
3148 618 3411 674 Passione
3460 620 3577 685 ipsa

2007 711 2181 765 fuerat
2207 714 2459 767 decorata
2489 729 2503 766 :
2537 712 2656 766 ideo
2679 711 2967 781 subiungit
2994 720 3179 766 sancta
3219 712 3306 765 illa
3338 713 3582 776 corporis

2004 807 2308 875 expertium
2349 805 2659 871 multitudo,
2690 806 2832 875 quod
2874 824 2893 857 ε
2924 803 3024 858 Hic
3053 804 3324 859 formosus
3358 804 3410 858 in
3443 806 3582 858 stola

2005 912 2124 952 sua.
2154 916 2174 949 ι
2213 897 2359 951 Stola
2393 898 2645 953 nimirum
2666 909 2719 952 et
2737 899 3118 953 vestimentum
3137 898 3448 951 humanitas
3477 907 3582 951 est.

2004 990 2074 1043 At
2104 993 2375 1061 quomodo
2410 992 2461 1045 in
2503 1005 2733 1061 curpore
2783 991 3183 1061 incorruptibili
3230 992 3411 1044 tunica
3461 1006 3583 1059 pet--

2005 1079 2123 1134 fusa
2178 1081 2441 1150 sanguine
2491 1082 2812 1135 videbatur?
2846 1080 2951 1135 Per
2996 1081 3454 1149 dispensationem
3507 1079 3588 1133 fa-

2006 1185 2151 1230 ctum
2192 1187 2298 1239 est,
2345 1186 2403 1228 ut
2456 1179 2528 1230 ita
2565 1176 2863 1231 videretur.
2912 1176 3085 1230 Sicuti
3122 1174 3268 1229 enim
3302 1174 3582 1228 clavorum

2006 1265 2273 1320 loramina
2318 1265 2600 1336 discipulis
2648 1265 2923 1331 ostendit,
2975 1273 3031 1320 et
3077 1266 3278 1334 piscem
3327 1265 3586 1323 comedit.

2005 1372 2128 1413 cum
2175 1359 2297 1413 cibo
2329 1374 2432 1411 non
2468 1358 2754 1428 indigeret,
2793 1359 2864 1411 ita
2908 1367 2963 1411 et
2993 1357 3216 1428 angelis,
3250 1355 3589 1424 ntbenigni-

2006 1457 2172 1503 tatem
2203 1465 2331 1520 erga
2362 1451 2609 1504 homines
2641 1451 3062 1514 demonstraret,
3102 1464 3168 1503 eo
3210 1448 3392 1502 habitu
3443 1448 3591 1500 vitle-

2004 1542 2182 1595 batur.
2217 1541 2367 1595 llunc
2393 1542 2588 1595 divina:
2622 1543 2807 1595 carnis
2838 1542 3073 1595 colorem
3106 1540 3398 1608 providens
3419 1538 3588 1593 Jacob

2004 1630 2389 1700 praenuntiavit
2416 1647 2429 1682 :
2464 1648 2483 1681 ι
2516 1629 2740 1683 Lavabit
2772 1631 2827 1683 in
2855 1630 2978 1684 vino
3005 1630 3198 1683 stolam
3228 1644 3406 1690 suam,
3437 1638 3492 1681 et
3534 1629 3586 1680 in

2005 1722 2268 1791 sanguine
2292 1736 2410 1775 uva:
2438 1720 2697 1775 amictum
2723 1736 2883 1774 suum
2909 1720 2972 1773 ι’.
3025 1740 3043 1771 ι
3073 1720 3176 1775 Sed
3204 1720 3333 1789 quid
3368 1719 3592 1788 angelo-

2005 1827 2120 1866 rum
2150 1812 2566 1881 interrogationi
2590 1812 2703 1881 ipse
2731 1812 3049 1879 respondit?
3079 1830 3097 1862 t
3125 1809 3388 1865 Torcular
3409 1809 3590 1862 calca-

1999 1905 2051 1959 vi
2077 1905 2246 1970 solus,
2268 1906 2402 1959 etde
2421 1905 2676 1972 gentibus
2700 1918 2803 1957 non
2823 1914 2907 1958 est
2926 1904 3005 1956 vir
3023 1919 3231 1958 mecum
3259 1919 3274 1957 :
3306 1920 3324 1952 ι
3354 1900 3593 1955 torcular

1999 1998 2158 2068 281
2185 1997 2464 2067 appellans
2511 1996 2816 2050 daemonum
2868 1996 3058 2061 aciem,
3116 1992 3593 2060 itti‘nlelitatemqne

1999 2089 2307 2144 Judasorum
2344 2106 2358 2143 :
2397 2090 2582 2158 «cujus
2614 2104 2715 2142 uva
2752 2087 2893 2142 fellis
2918 2088 3154 2155 plcna,et
3184 2085 3373 2139 botrus
3389 2085 3593 2138 amari-

2002 2183 2205 2238 tudinis
2236 2184 2419 2236 vinum
2456 2181 2575 2250 ejus
2616 2183 2684 2235 5‘.
2722 2200 2741 2232 ι
2781 2180 2928 2234 llanc
2970 2194 3089 2231 cum
3122 2178 3270 2232 solus
3318 2178 3369 2231 iu
3432 2190 3593 2231 cruce

1999 2276 2317 2337 calcassem,
2350 2283 2404 2329 et
2461 2274 2624 2329 veluti
2682 2287 2826 2326 novo
2860 2272 2985 2325 vino
3052 2284 3271 2324 carnem
3323 2268 3595 2338 sanguine

2000 2371 2353 2431 colorassem,
2388 2369 2561 2423 victor
2593 2366 2657 2421 ad
2693 2365 2870 2421 Patris
2916 2366 3169 2420 thronum
3206 2361 3460 2417 ascendo.
3496 2360 3595 2414 llis

2001 2462 2069 2517 de
2108 2462 2272 2516 rebus
2305 2461 2478 2531 angeli
2509 2460 2757 2515 instructi
2814 2459 2937 2514 coeli
2968 2468 3155 2528 portas
3192 2456 3592 2526 expanderunt,

2002 2564 2056 2609 et
2090 2555 2334 2609 attollere
2394 2553 2737 2608 festinarunt.
2777 2551 2841 2605 Et
2872 2568 2972 2606 nos
3014 2552 3178 2621 igitur
3217 2549 3384 2604 divini
3444 2547 3596 2603 Isaia:

2003 2658 2223 2715 accepto
2262 2647 2506 2713 consilio,
2549 2666 2568 2699 ι
2599 2644 2814 2709 Venite,
2840 2646 3198 2699 ascendamus
3255 2644 3311 2697 in
3357 2649 3593 2695 montem

2011 2739 2229 2795 Domini
2255 2740 2326 2803 ⁸³,
2356 2757 2376 2791 ι
2416 2748 2472 2794 et
2512 2755 2657 2803 eum,
2688 2739 2778 2808 qui
2809 2736 3052 2793 ascendit
3086 2749 3247 2803 super
3278 2733 3448 2787 nubes
3471 2730 3595 2786 coeli

1999 2833 2152 2907 juxta
2188 2833 2460 2888 Psalmum
2495 2832 2793 2901 ",quique,
2816 2829 2972 2899 juxta
3016 2826 3296 2882 Habacum
3320 2824 3387 2892 “,
3436 2833 3597 2879 natu-

2005 2944 2120 2983 ram
2161 2936 2398 2983 nostram
2451 2941 2618 2995 super
2684 2924 2898 2979 excelsa
2952 2921 3195 2985 deduxit,
3246 2918 3599 2987 spiritualiter

2006 3032 2422 3088 consequamur.
2484 3016 2834 3071 Associemur
2893 3029 3015 3067 cum
3075 3010 3308 3080 angelis
3345 3019 3456 3064 tum
3510 3008 3596 3072 iis,

312 3090 502 3161 ὕψηλά
533 3094 855 3150 ὲπιϐισῶντι
898 3098 999 3169 τὴν
1043 3100 1205 3167 φύσιν
1235 3100 1414 3170 ἡμῶν,
1454 3100 1530 3165 ὥς
1575 3118 1742 3172 φησιν
1780 3102 1902 3155 Ἀϐ-

2007 3111 2095 3178 qui
2134 3108 2352 3162 honoris
2378 3121 2507 3177 ergo
2542 3107 2899 3169 deduxerunt,
2939 3114 3049 3157 tum
3078 3102 3169 3171 qui
3200 3113 3467 3167 excepere
3493 3097 3602 3151 Do-

313 3186 540 3257 δακούμ
564 3202 578 3217 ·
613 3189 899 3259 γινώμεθα
954 3193 1096 3263 μετά
1124 3192 1232 3246 τῶν
1266 3197 1767 3264 παραπεμπόντων,
1807 3197 1900 3250 καὶ

314 3281 741 3352 ὑποδεχομένων
806 3286 1059 3353 ἀγγέλων
1116 3287 1262 3342 κατά
1315 3288 1418 3359 τὴν
1475 3289 1570 3343 τοῦ
1634 3289 1900 3358 Θεολόγου

312 3374 628 3446 Γρηγορίου
659 3377 1011 3448 παραίνεσιν.
1051 3375 1175 3434 Εἶεν
1208 3381 1254 3434 δ’
1294 3380 1360 3434 ἂν
1390 3382 1441 3434 οἱ
1477 3383 1579 3453 μὲν
1612 3384 1904 3453 παραπέμ-

315 3484 518 3532 ποντες
560 3469 612 3521 οἱ
653 3470 779 3538 περὶ
831 3470 1089 3542 προνοίας
1138 3472 1324 3539 λόγοι,
1377 3474 1491 3526 ὅσοι
1529 3474 1596 3527 τὰ
1630 3476 1758 3546 περὶ
1806 3476 1903 3543 τῆς

315 3562 796 3633 ένανθρωπήσεως
819 3563 916 3616 τοῦ
953 3565 1159 3632 Κυρίου
1191 3565 1536 3618 διδάσκουσιν
1563 3581 1577 3595 ·
1614 3566 1662 3617 οί
1688 3565 1906 3636 δεχόμε-

313 3670 400 3706 vo:
415 3653 472 3707 δὲ
493 3657 543 3707 οί
572 3655 699 3726 περὶ
719 3655 1000 3722 θεολογίας
1024 3657 1138 3709 ὅσοι
1168 3657 1299 3726 περὶ
1321 3656 1420 3724 τῆς
1444 3657 1777 3723 προαιωνίου
1808 3658 1904 3710 καὶ

315 3742 705 3812 άνεκφράστου
740 3743 1096 3815 διατρανοῦσι
1129 3744 1463 3813 γεννήσεως,
1504 3744 1601 3797 καὶ
1637 3743 1737 3813 τῆς
1765 3745 1903 3814 πρὸς

318 3838 420 3891 τὺν
450 3837 674 3907 Πατέρα
698 3837 1150 3908 ὁμοουσιότητος.
1192 3836 1256 3889 Ἦ
1290 3837 1336 3890 δ’
1369 3837 1478 3890 ἀπὸ
1508 3839 1612 3906 γῆς
1641 3838 1721 3901 είς
1748 3839 1909 3909 ούρα-

317 3930 450 3994 νοῦς
488 3930 776 3994 ἀνάϐασις,
807 3933 840 4002 ή
874 3931 985 3984 ἀπὸ
1014 3932 1114 3999 τῆς
1137 3932 1455 4002 οἰκονομίας
1488 3932 1571 3995 είς
1601 3932 1699 4002 τὴν
1723 3931 1906 3986 θεολοο

319 4023 453 4104 γίαν
482 4023 746 4085 άνάτασις
773 4039 786 4055 ο
823 4025 960 4078 εἰδὲ
999 4024 1201 4095 βούλει,
1243 4026 1275 4097 ἡ
1310 4026 1417 4079 ἀπὸ
1453 4025 1552 4095 τῆς
1594 4027 1906 4095 πρακτικῆς

319 4119 407 4177 εἰς
437 4115 680 4187 θεωρίαν
704 4116 1009 4188 ἀνύψωσις.
1048 4121 1205 4173 Ὅσοι
1235 4118 1368 4188 γοῦν
1400 4119 1490 4172 διὰ
1528 4120 1909 4189 πνευματικῆς

320 4207 584 4275 γνώσεως
604 4211 730 4272 τοὺς
750 4227 813 4262 πε
822 4209 878 4281 pi
900 4209 1167 4279 Προνοίας
1183 4212 1324 4265 κατὰ
1339 4212 1402 4265 τὸ
1423 4211 1649 4265 δυνατὸν
1669 4229 1735 4264 πε
1745 4212 1910 4282 ραιώο

325 4290 525 4364 σαντες
555 4301 749 4371 λόγους
780 4303 889 4357 ἀπὸ
931 4301 1138 4357 τούτων
1179 4305 1261 4367 είς
1291 4304 1419 4368 τοὺς
1449 4303 1579 4374 περὶ
1621 4303 1908 4372 θεολογίαν

320 4388 642 4462 ἀνάγονται,
673 4389 820 4449 οὗτοι
847 4397 973 4458 ταῖς
1000 4394 1147 4450 κατά
1171 4395 1338 4466 μέρος
1362 4396 1665 4451 ἀναϐάσεσι
1691 4396 1789 4458 τὰς
1812 4394 1906 4449 τοῦ

323 4487 445 4549 νοὸς
482 4486 657 4547 πύλας
687 4487 1030 4559 ὑψηλοτέρας
1069 4489 1288 4543 ποιοῦσι
1333 4489 1473 4559 πρὸς
1507 4489 1783 4560 ὑποδοχὴν
1814 4486 1909 4541 τοῦ
1944 4473 1987 4529 D

320 4577 691 4649 Θεανθρώπου
727 4580 905 4647 Λόγου
937 4578 1046 4634 ἀπὸ
1090 4580 1198 4634 τῶν
1230 4580 1558 4651 σωματικῶν
1582 4583 1664 4644 είς
1706 4584 1774 4635 τὰ
1813 4583 1911 4651 τῆς

323 4671 607 4739 θεότητος,
631 4670 824 4743 ῶσπερ
851 4673 960 4726 ἀπὸ
1001 4672 1108 4743 γῆς
1138 4675 1219 4736 είς
1245 4674 1507 4743 οὐρανοὺς
1535 4672 1913 4745 ἀναθρώσκον-

319 4780 439 4829 τες,
461 4765 557 4817 καὶ
580 4767 664 4828 εἰς
697 4765 931 4837 θεωρίαν
957 4767 1066 4820 ἀπὸ
1103 4768 1201 4837 τῆς
1227 4764 1483 4837 πράξεως
1529 4766 1897 4835 μεταϐαίνον-

316 4873 419 4920 τες
448 4858 527 4928 τῷ
556 4859 906 4922 ἀνατατικῶς
957 4858 1173 4913 ἕλκοντι
1216 4858 1348 4930 θείῳ
1380 4858 1525 4931 λόγῳ
1572 4860 1913 4930 συνανυψού-

320 4965 484 5020 μενοι
515 4950 613 5003 καὶ
659 4949 737 5020 τῷ
772 4949 891 5021 Θεῷ
938 4949 1200 5023 ἀρρήτως
1248 4948 1531 5021 ένούμενοι
1561 4966 1575 4980 ·
1615 4942 1660 5019 ᾧ
1702 4952 1908 5022 πρέπει

399 5104 444 5136 ⁵⁸
468 5102 567 5157 lsa.
594 5118 749 5163 ant,
775 5102 830 5157 2.
897 5102 943 5134 δ’
975 5100 1112 5158 Gen.
1143 5115 1292 5168 χιιι,
1328 5100 1414 5157 Η.
1494 5101 1540 5133 ⁸⁰
1566 5100 1670 5156 lsa.
1699 5116 1860 5163 unt,
1888 5103 1943 5157 2.

320 5175 376 5209 ⁵⁵
436 5174 639 5228 Habac.
678 5190 760 5237 III,
807 5172 897 5228 20.

2009 3202 2235 3266 ιιιίιιιιιιι,
2310 3200 2462 3269 juxta
2523 3197 2766 3268 Gregorii
2810 3194 3068 3264 Theologi
3116 3191 3383 3246 monitum
3448 3190 3596 3259 (56).

2009 3291 2176 3343 Erunt
2209 3297 2387 3344 autem
2434 3287 2581 3341 velut
2616 3286 2874 3352 prannissi
2911 3283 3107 3354 angeli,
3155 3283 3221 3336 de
3255 3279 3597 3350 providentia

2005 3397 2305 3447 sermones,
2335 3385 2425 3452 qui
2455 3381 2523 3436 de
2554 3380 2767 3434 Domini
2798 3378 3172 3433 lncarnatione
3190 3379 3597 3434 nosinstrnunt:

2004 3484 2053 3527 at
2095 3473 2239 3527 velut
2267 3473 2599 3543 excipientes
2620 3471 2719 3535 illi,
2763 3471 2852 3540 qui
2887 3472 2952 3524 de
3004 3469 3298 3539 theologia,
3330 3478 3598 3540 quotquot

2006 3567 2213 3622 scilicet
2234 3575 2491 3621 aeternam
2540 3565 2706 3629 illam,
2754 3573 2806 3617 et
2837 3562 3157 3617 ineffabilem
3192 3565 3594 3631 generationem

2006 3658 2301 3728 explicant,
2379 3664 2433 3710 et
2490 3671 2612 3710 eum
2673 3654 2819 3708 Patri
2882 3667 3003 3707 esse
3083 3651 3596 3707 consubstantialem

2007 3752 2225 3807 docent.
2267 3749 2438 3805 Porro
2460 3762 2489 3802 a
2526 3748 2682 3802 terris
2714 3747 2765 3800 in
2790 3746 2984 3800 oculum
3022 3758 3287 3798 ascensus
3318 3744 3419 3796 erit
3449 3758 3599 3796 men-

2010 3846 2079 3899 tis
2130 3843 2434 3912 progressio
2479 3842 2639 3895 abiis
2686 3854 2805 3909 qua:
2854 3839 2919 3891 ad
2948 3837 3300 3891 humanitatis
3333 3845 3599 3903 susceptae

2008 3935 2317 3999 consilium,
2349 3935 2415 3987 ad
2454 3948 2516 3987 ea
2547 3948 2667 4002 quae
2707 3932 3042 3984 divinitatem
3072 3931 3365 3999 attingunt,
3412 3928 3517 3991 vel,
3551 3928 3595 3981 si

2009 4031 2203 4100 placet,
2248 4029 2315 4081 ad
2350 4022 2856 4091 contemplatiOuem
2909 4037 2937 4073 e
2970 4022 3207 4089 practica
3237 4021 3435 4072 virtute
3468 4034 3596 4087 pro-

2009 4122 2207 4176 vectio.
2244 4118 2563 4186 Quicunque
2606 4116 2767 4183 igitur
2796 4112 3060 4181 spirituali
3083 4112 3360 4167 intellectu
3398 4111 3602 4165 doctri-

2010 4194 2137 4267 nam
2182 4212 2247 4266 de
2271 4210 2451 4264 divina
2484 4206 2824 4263 Providentia
2876 4217 3134 4276 quantum
3171 4206 3222 4258 iu
3252 4204 3404 4258 nobis
3434 4204 3595 4259 sitmu

2012 4314 2115 4366 est.
2174 4303 2413 4375 perfeme
2469 4302 2727 4367 assecuti,
2808 4302 2874 4355 ab
2925 4300 3028 4355 hac
3099 4302 3459 4353 traducuntur
3533 4298 3599 4351 ad

2015 4399 2234 4454 altiores
2265 4397 2331 4453 de
2382 4399 2490 4451 Deo
2515 4410 2818 4463 sermones,
2869 4396 2920 4450 Ιιί
2968 4410 3099 4449 sane
3135 4394 3458 4464 quibusdam
3488 4393 3600 4446 vel-

2019 4493 2095 4546 uti
2156 4488 2566 4545 ascensionibus
2609 4489 2871 4560 gradatim
2930 4503 3114 4557 portas
3174 4487 3372 4541 mentis
3433 4486 3604 4553 magis

2021 4582 2267 4637 attollunt
2304 4581 2367 4633 ad
2398 4579 2773 4649 excipiendum
2819 4575 3056 4633 Verbum
3101 4577 3265 4631 Drum
3304 4576 3600 4641 hominem,

2020 4678 2090 4730 ab
2124 4676 2208 4730 his
2262 4689 2382 4744 qua:
2431 4681 2558 4727 sttnt
2613 4672 2983 4733 humanitatis,
3046 4671 3111 4725 ad
3166 4686 3229 4725 ea
3297 4688 3414 4739 quae
3478 4679 3607 4724 sunt

2021 4768 2316 4823 divinitatis
2363 4766 2526 4819 veluti
2562 4782 2590 4819 a
2669 4774 2813 4820 terra
2874 4764 3234 4819 transilientes
3284 4765 3336 4817 in
3384 4762 3604 4825 coelum,

2020 4872 2075 4915 et
2112 4858 2180 4914 ab
2229 4859 2313 4914 his
2359 4874 2478 4929 qua:
2530 4862 2826 4930 practicam
2902 4858 3182 4911 continent
3229 4856 3481 4909 virtutem
3537 4853 3604 4906 ad

2017 4938 2530 5019 contemplationem
2595 4950 2791 5005 evecti.
2871 4946 3153 5015 Simulque
3229 4962 3354 5003 cum
3418 4944 3605 4999 divino

2019 5102 2063 5133 ⁸¹
2099 5100 2249 5156 Deut.
2291 5113 2463 5163 χχχιι,
2491 5098 2582 5152 52.
2658 5094 2829 5149 "lsa.
2871 5109 2928 5159 ιι,
2965 5092 3019 5147 5.
3094 5092 3143 5124 ⁸³
3197 5090 3340 5148 Psal.
3390 5107 3508 5155 cm,
3542 5093 3600 5147 5.

1566 5288 1891 5352 Francisci
1924 5287 2131 5352 Scorsi
2168 5294 2353 5349 notae.

326 5426 472 5481 hanc
505 5435 691 5475 vocem
727 5437 741 5474 :
778 5418 910 5486 Qui:
938 5428 1014 5475 est
1043 5421 1160 5486 iste,
1194 5419 1285 5487 qui
1309 5417 1582 5473 ascendit?
1611 5426 1743 5484 etc.,
1783 5433 1904 5473 esse

324 5492 815 5558 interrogationem
852 5493 1165 5557 angelorum
1214 5488 1531 5543 inferiorum
1571 5489 1905 5556 cupientium

327 5568 399 5620 de
434 5574 544 5617 tam
577 5562 712 5615 miro
746 5560 948 5614 Christi
985 5561 1278 5629 triumpho,
1315 5570 1368 5612 et
1403 5572 1631 5629 ascensu
1681 5574 1708 5611 a
1746 5574 1909 5627 supe-

326 5634 568 5693 rioribus
604 5631 858 5693 edoceri;
891 5627 1162 5695 iidemque
1207 5631 1318 5684 fere
1349 5637 1556 5681 veteres
1588 5627 1777 5683 Patres
1810 5630 1908 5681 do-

330 5716 458 5761 cent
486 5703 625 5757 idem
652 5701 740 5755 bic
769 5701 836 5753 ab
864 5698 997 5753 Isaia
1025 5700 1152 5764 dici,
1172 5701 1315 5771 quod
1334 5715 1360 5751 a
1383 5696 1565 5771 Psalte
1587 5698 1722 5771 psal.
1744 5714 1908 5752 xxnt:

336 5773 785 5840 Attollt’teportas,
804 5773 1088 5842 principes,
1107 5768 1299 5827 miras
1314 5788 1334 5839 ;
1350 5780 1397 5825 et
1414 5768 1717 5837 elevamini,
1739 5780 1904 5840 portw

2018 5413 2320 5480 internatas,
2361 5425 2520 5481 quam
2552 5408 2969 5481 esplicationetn
3016 5407 3360 5481 persequitur
3378 5403 3446 5481 _S.
3479 5406 3595 5458 Au-

2017 5496 2161 5552 gust.
2198 5477 2519 5552 serm.'_l88
2576 5479 2651 5533 De
2700 5490 2948 5552 tempore,
3000 5477 3052 5534 et
3103 5477 3320 5552 brevius
3368 5477 3594 5544 Gregor.

2016 5547 2151 5638 ;an.
2184 5550 2425 5635 pratuli?
2451 5565 2571 5621 quze
2596 5551 2759 5604 estde
2778 5547 2995 5604 Resurr.
3029 5565 3187 5619 quem
3217 5548 3382 5602 etiam
3412 5558 3596 5600 noster

2013 5625 2488 5765 i|d(?6)uu(,3':-:e;orii
2540 5690 2789 5762 Thcologi
2839 5690 3116 5748 monitum.
3179 5686 3380 5745 Locum
3434 5685 3592 5744 retuli

2012 5779 2173 5837 supra
2222 5772 2335 5821 not.
2371 5765 2469 5821 ὄιν
