3974 6220
373 263 477 328 Ἷῖθ

1574 250 2061 313 ΤΠΙΞΟΙῚΙᾹΝίΒ
2097 254 2431 312 (ΣΕΠΛΜΕΙ

3523 254 3641 317 780

377 396 533 440 retur
564 385 756 443 Deum,
794 376 896 431 nisi
942 373 1180 444 Spiritus
1230 378 1470 433 saucius,
1501 371 1588 438 qui
1626 370 1773 423 illum
1809 386 1836 420 ιι
1866 384 1957 422 su-

2096 369 2263 439 ξᾶραν
2295 370 2392 439 τῆς
2442 368 2755 438 Χαλδσιῖκῆς
2790 368 3233 436 δυσειδαιμονίας
3268 369 3471 434 assa);
3509 368 3645 425 Εἶτα

379 475 700 547 perstitione
744 467 1034 524 Chaldaica
1095 464 1342 520 exemit:
1394 469 1579 537 postea
1637 472 1819 514 sucula
1873 472 1955 513 (εει

316 618 322 625 .
379 566 685 625 concussio,
745 568 992 627 tempore
1040 556 1173 625 legis
1211 571 1225 608 :
1266 570 1387 623 quze
1439 568 1571 606 sane
1630 567 1733 604 non
1799 550 1957 602 modo

380 658 674 727 IEgyptum
712 654 896 706 decem
951 649 1230 719 plagarum
1260 644 1496 715 ﬂagello,
1531 643 1627 699 sed
1669 652 1725 697 et
1766 643 1958 696 solitu-

381 750 600 810 dinem,
648 751 702 796 et
749 749 939 810 gentes
998 738 1196 791 multas
1248 734 1565 799 concussit,
1618 744 1671 788 et
1733 742 1957 787 contur-

384 838 551 891 havit.

454 926 608 995 Quod
652 941 778 981 vero
815 940 910 992 per
934 921 1197 991 Spiritum
1237 929 1485 974 sanetum
1538 935 1566 973 a
1597 918 1779 991 Moyse
1819 918 1962 973 facta

383 1022 493 1073 sint
518 1032 703 1085 opera,
739 1015 1034 1082 intelliges,
1061 1013 1103 1066 si
1135 1011 1375 1065 animum
1400 1010 1652 1064 advertes
1677 1010 1964 1064 ad‘nubem

386 1125 505 1178 qua:
532 1110 636 1164 dux
687 1106 898 1161 itineris
937 1105 1039 1159 luit
1086 1103 1269 1158 Israel.
1300 1101 1403 1156 Per
1430 1118 1545 1157 eam
1573 1104 1716 1156 enim
1770 1103 1967 1171 (igura-

388 1204 552 1258 batur
604 1199 840 1270 Spiritus
881 1204 1101 1252 sanctus
1131 1197 1280 1265 (55);
1316 1210 1440 1249 cum
1475 1194 1673 1248 Paulus
1709 1194 1969 1248 divinitus

376 1298 614 1365 Joquens
669 1294 738 1345 ita
783 1291 963 1344 dit-at:
1024 1288 1222 1357 Figura
1256 1297 1375 1341 erat
1428 1301 1575 1341 mare
1606 1286 1718 1358 (54)
1750 1285 1968 1355 quidem

390 1400 563 1455 aqum,
595 1382 764 1437 nubes
807 1394 933 1433 vero
972 1377 1300 1448 Spiritus“.
1325 1376 1431 1432 Sed
1477 1387 1530 1431 et
1560 1388 1733 1446 petra,
1759 1391 1827 1431 ex
1865 1392 1970 1445 qua

392 1476 587 1546 populo
612 1471 846 1527 manavit
876 1467 1074 1523 affatim
1101 1478 1281 1538 potus,
1313 1484 1418 1523 non
1450 1482 1583 1522 sane
1616 1468 1972 1537 spiritualiter

391 1569 532 1620 dicta
593 1572 737 1619 esset
795 1578 823 1614 a
875 1560 1073 1626 Paulo,
1139 1558 1245 1613 nisi
1298 1574 1362 1613 ea
1411 1558 1630 1627 quidem
1688 1558 1970 1612 Dominum

390 1656 599 1719 Iesum,
629 1669 767 1725 aqua
798 1667 932 1709 vero
960 1668 1025 1708 ex
1051 1653 1169 1721 ipsa
1205 1649 1480 1720 proﬂuens
1512 1660 1758 1705 sanctum
1802 1649 1972 1719 Spiri-

2056 463 2197 515 όδιά
2243 463 2343 515 τοῦ
2391 465 2559 532 νόμου
2608 464 2963 531 συσσεισμὸς,
3018 462 3077 541 ός
3113 461 3352 515 διέσεισε
3382 465 3474 515 καὶ
3519 464 3649 517 ἑτάο

2062 556 2223 626 ρσιξεν
2261 556 2322 608 ού
2364 556 2529 625 μόνον
2555 556 2830 622 Αἴγυπτον
2887 558 2952 625 τῇ
3007 538 3337 625 δεκαπλήγῳ
3394 556 3645 624 μάστιγι,

2060 648 2194 701 ἀλλά
2221 650 2314 701 καὶ
2340 648 2545 721 ἔρημον
2570 649 2664 702 καὶ
2698 648 2825 718 ἔθνη
2856 647 3047 701 πολλὰ.

2136 912 2259 962 Ὅτι
2281 910 2337 963 δὲ
2362 910 2451 963 διὰ
2476 910 2570 963 τοῦ
2595 911 2751 979 ἁγίου
2785 910 3108 977 Πνεύματος
3132 910 3350 980 ἐνήργει
3378 911 3653 984 Μωῦσῆς,

2068 1003 2409 1073 καταμάθοις
2479 1002 2733 1073 προσχὼν
2809 1006 2873 1074 τῇ
2947 1002 3216 1074 ὁδηγούσῃ
3289 1004 3488 1075 νεφέλῃ
3562 1006 3660 1058 τὸν

2080 1094 2318 1165 Ἰσραήλ.
2349 1092 2458 1147 Ἦν
2485 1094 2594 1163 γὰρ
2624 1092 2763 1163 αὕτη
2793 1094 2852 1145 τὸ
2890 1093 3116 1162 Πνεῦμα
3150 1095 3211 1147 τὸ
3268 1095 3446 1163 ἅγιον,
3477 1097 3659 1159 οὕτως

2066 1187 2315 1249 εἰπόντος
2345 1186 2440 1239 τοῦ
2469 1187 2735 1256 θεηγόρου
2761 1184 2998 1240 Παύλου’
3030 1186 3211 1248 Tum;
3238 1182 3307 1259 ἦν
3339 1188 3372 1258 ἡ
3405 1188 3660 1242 θάλασσα

2067 1278 2162 1331 τοῦ
2190 1277 2406 1344 ὕδατος,
2439 1279 2472 1347 ἡ
2508 1278 2566 1331 δὲ
2605 1278 2804 1348 νεφέλη
2847 1277 2944 1332 τοῦ
2975 1278 3318 1349 Πνεύματος.
3370 1280 3538 1334 Ἀλλὰ
3563 1283 3662 1335 καί

2073 1373 2106 1442 ὴ
2145 1372 2322 1442 πέτρα
2365 1371 2425 1438 ἐξ
2456 1366 2524 1443 ἧς
2572 1372 2797 1442 ἐπέρρει
2840 1371 2919 1441 τῷ
2948 1372 3062 1441 λαῷ
3093 1372 3335 1442 δαψιλῶς
3367 1376 3428 1426 τὸ
3458 1375 3660 1441 ποτὸν,

2072 1463 2172 1516 οὐκ
2204 1461 2269 1515 ἂν
2306 1462 2411 1514 ὑπὸ
2436 1462 2534 1514 τοῦ
2582 1462 2799 1515 Παύλου
2840 1462 3043 1532 ἐκλήθη
3086 1463 3459 1534 πνευματικὴ,
3495 1464 3549 1516 εί
3583 1466 3662 1535 μὴ

2074 1552 2214 1622 αὑτὴ
2254 1553 2354 1622 μὲν
2380 1552 2572 1623 ἐδήλου
2606 1553 2696 1606 τὸν
2725 1553 2934 1623 Κύριον
2975 1550 3204 1623 Ἰησοῦν,
3233 1554 3295 1607 τὸ
3321 1554 3366 1607 δ’
3399 1555 3459 1619 ἐξ
3485 1554 3665 1625 αὐτῆς

2077 1642 2222 1713 ὕδωρ
2254 1643 2314 1696 τὸ
2345 1643 2572 1714 Πνεῦμα
2606 1644 2664 1696 τὸ
2698 1644 2871 1712 ἆγιον.
2903 1662 2920 1695 ι
2962 1645 3191 1697 Ἐπινον
3220 1646 3350 1715 γὰρ,
3379 1647 3569 1715 φησὶν,
3598 1650 3666 1700 ἐκ

393 1761 505 1804 tum
559 1721 915 1803 indicasset:
975 1762 995 1795 ι
1058 1742 1323 1797 Bibebant
1389 1744 1570 1809 enim,
1634 1741 1843 1809 inquit,
1904 1739 1972 1794 de

2088 1736 2457 1806 πνευματικῆς
2501 1734 2903 1806 ἀκολουθούσης
2935 1738 3145 1807 πέτρας
3170 1756 3181 1768 ·
3219 1740 3251 1808 ή
3292 1738 3349 1792 δὲ
3385 1738 3567 1807 πέτρα
3594 1735 3665 1812 ἦν

394 1838 666 1909 Spirituali
720 1844 1091 1904 consequente
1129 1848 1223 1887 eos
1252 1840 1426 1902 petra,
1460 1841 1611 1903 petra
1643 1841 1827 1886 autem
1858 1839 1974 1885 erat

394 1932 645 1986 Christus
664 1930 731 1984 ⁸⁷.
753 1947 770 1979 ι
798 1928 949 1994 Quod
974 1936 1151 1979 autem
1173 1939 1309 1994 aqua
1333 1924 1569 1993 Spiritus
1592 1925 1758 1994 ﬁgura
1787 1921 1973 1990 fuerit,

394 2024 609 2079 edocuit
645 2038 741 2076 nes
764 2021 925 2075 hodie
948 2018 1207 2073 Dominus
1234 2018 1288 2071 in
1313 2016 1605 2085 Evangelio
1632 2035 1645 2070 :
1678 2035 1697 2069 ι
1732 2016 1833 2082 Qui
1858 2030 1977 2069 cre-

396 2118 476 2170 dit
507 2116 562 2169 in
596 2129 701 2180 me,
735 2112 901 2183 286
932 2111 1149 2165 llutnina
1174 2111 1242 2164 de
1274 2120 1462 2164 ventre
1487 2108 1602 2177 ejus
1626 2108 1791 2163 ﬂuent
1823 2124 1974 2177 aquae

399 2206 634 2272 vivw“;
668 2224 687 2257 ι
736 2205 879 2274 quod
928 2217 1063 2257 sane
1113 2203 1482 2272 interpretans
1533 2202 1832 2271 discipulus
1888 2202 1979 2257 ille

396 2296 622 2352 touilrui
656 2297 795 2351 Illius
817 2311 833 2353 :
858 2313 877 2347 ι
911 2292 1025 2349 lloc
1061 2293 1218 2359 dixit,
1244 2294 1441 2362 inquit,
1472 2294 1537 2348 de
1568 2292 1792 2363 Spiritu,
1816 2308 1976 2363 quem

398 2387 672 2454 accepturi
722 2391 881 2440 erant
935 2383 1223 2438 credentes
1279 2382 1332 2436 in
1391 2383 1601 2437 eum".
1636 2401 1653 2434 ι
1685 2383 1749 2436 Et
1775 2398 1907 2437 sane
1947 2398 1976 2436 a

400 2478 595 2548 spiritu
634 2476 727 2547 qui
763 2488 882 2531 erat
918 2476 971 2529 in
1007 2474 1189 2544 Moyse
1240 2472 1493 2529 auferens
1540 2474 1683 2531 Deus
1731 2478 1980 2547 apposuit

400 2568 742 2638 septuaginta
793 2567 950 2632 viris,
984 2576 1039 2621 et
1071 2568 1139 2620 iis
1172 2566 1265 2636 qui
1303 2578 1679 2622 remanserant
1712 2569 1763 2622 in
1789 2569 1980 2625 castris
2023 2572 2026 2576 λ

406 2662 547 2715 Ειιιω
594 2669 649 2714 et
684 2658 850 2714 Meda:
892 2658 1445 2729 pmphetantibus";
1495 2669 1771 2729 postremo
1816 2663 1979 2715 etiam

404 2750 622 2817 Nabidi,
650 2760 703 2804 et
731 2748 896 2805 Josue
921 2751 972 2803 in
1003 2749 1182 2805 locum
1206 2747 1405 2820 Moysis
1428 2751 1721 2819 subrogato
1744 2753 1809 2806 ".
1840 2752 1980 2818 Quid

404 2856 533 2896 vero
563 2851 685 2911 post
714 2841 829 2895 haec
860 2840 1100 2894 divinum
1126 2840 1443 2894 oraculum?
1472 2860 1490 2892 ι
1526 2839 1651 2897 POSt
1672 2845 1983 2899 concussio-

406 2948 527 2988 nem
545 2932 707 3003 ignis;
721 2950 739 2983 ι
766 2932 854 2986 hic
866 2939 949 2985 est
968 2929 1202 3000 Spiritus
1219 2930 1311 3000 qui
1334 2931 1655 3000 loquebatur
1673 2923 1724 2988 in
1750 2937 1981 3004 prophe-

2078 1831 2106 1882 ὁ
2139 1830 2409 1899 Χριστός.
2452 1849 2470 1881 ι
2518 1830 2643 1883 Ὀτι
2672 1824 2731 1883 δὲ
2756 1830 2816 1882 τὸ
2848 1829 2993 1901 ὓδωρ
3021 1830 3081 1882 τὸ
3112 1830 3333 1901 Πνεῦμα
3371 1832 3666 1901 εἰκόνιζεν,

2077 1920 2547 1991 ὲμυσταγώγησεν
2587 1923 2735 1991 ἡμᾶς
2777 1924 3018 1992 σήμερον
3065 1925 3122 1975 ὲν
3152 1925 3267 1986 τοῖς
3296 1922 3664 1991 Εὐαγγελίοις

2077 2015 2106 2067 ό
2135 2010 2341 2081 Κύριος
2374 2026 2389 2042 ο
2431 2031 2448 2063 ι
2499 2013 2556 2064 Ὀ
2589 2014 2863 2066 πιστεύων
2894 2015 2974 2079 είς
3016 2014 3115 2085 ἐμὲ
3155 2015 3392 2085 ποταμοὶ
3428 2015 3666 2084 ῥεύσου-

2080 2118 2163 2155 σιν
2214 2105 2279 2156 ὲκ
2324 2104 2425 2172 τῆς
2462 2104 2672 2169 κοιλίας
2715 2105 2883 2158 αὐτοῦ
2939 2106 3133 2170 ὓδατος
3186 2108 3430 2170 ζῶντοςσ
3469 2107 3670 2184 ι’ὃπερ

2079 2194 2446 2266 ὲρμηνεύωνό
2479 2195 2838 2267 βροντογενὴς
2870 2197 3147 2269 μαθητὴς,
3207 2220 3223 2251 ι
3256 2199 3448 2265 Τοῦτο,
3471 2201 3670 2270 φησιν,

2080 2283 2202 2339 εἷπε
2258 2288 2387 2358 περὶ
2444 2289 2535 2341 τοῦ
2597 2288 2935 2357 Πνεύματος,
2985 2290 3013 2342 ὁ
3065 2290 3255 2360 ἔμελλε
3311 2292 3498 2345 δοῦναι
3550 2295 3674 2356 τοῖς

2081 2379 2429 2433 πιστεύουσιν
2482 2380 2562 2443 εἰς
2616 2381 2798 2435 αὐτόν.
2861 2401 2879 2434 ι
2932 2383 3038 2436 Καὶ
3095 2383 3201 2454 μὴν
3251 2384 3346 2437 καὶ
3394 2385 3504 2437 ἀπὸ
3571 2385 3669 2438 τοῦ

2082 2472 2392 2542 πνεύματος
2410 2472 2503 2525 τοῦ
2523 2474 2580 2525 ἐν
2606 2474 2682 2543 τῷ
2715 2475 2945 2527 Μωύσεῖ
2974 2474 3190 2541 dies).th
3225 2476 3252 2527 ὁ
3273 2476 3406 2540 Θεδς
3438 2477 3672 2530 ἐπέθετο

2081 2568 2194 2627 τοῖς
2240 2565 2612 2636 ἑϐδομήκοντα
2655 2566 2750 2619 καὶ
2795 2570 2908 2628 τοῖς
2967 2568 3412 2638 καταλειφθεῖσιν
3468 2573 3531 2622 ἐν
3600 2573 3668 2640 τῇ

2083 2653 2402 2726 παρεμϐολῇ
2448 2654 2634 2708 Ἀλδάδ
2654 2655 2747 2707 καὶ
2768 2655 2951 2709 Μοδὰδ
2980 2657 3412 2727 προφητεύουσιν
3447 2673 3465 2692 ο
3495 2659 3674 2712 ὓστε-

2088 2763 2178 2814 ρον
2212 2745 2266 2796 δὲ
2322 2746 2415 2798 καὶ
2453 2743 2530 2814 τῷ
2564 2745 2778 2816 Ναδίὸῃ
2824 2747 2918 2799 καὶ
2976 2747 3205 2817 διαδόχῳ
3250 2749 3345 2801 τοῦ
3385 2751 3673 2813 Μωῦσέως

2097 2836 2297 2907 Ἰησοῦ.
2358 2836 2518 2889 Ἀλλὰ
2565 2838 2619 2889 τί
2675 2839 2813 2906 μετά
2858 2838 3038 2891 ταῦτά
3083 2856 3253 2909 φησιν
3297 2842 3325 2892 ὁ
3377 2842 3665 2912 χρησμόςς

2093 2947 2111 2979 ι
2140 2929 2294 2982 Μετὲ
2324 2928 2380 2981 δὲ
2411 2928 2502 2983 τόν
2545 2930 2876 2999 συσσεισμδν
2909 2929 3019 2998 πῦρ
3057 2949 3071 2963 ο
3109 2950 3127 2980 ι
3168 2932 3303 2985 αὐτὸ
3349 2933 3575 3003 Πνεῦμα
3611 2938 3669 2987 ἐν

407 3024 498 3084 tis,
523 3030 578 3076 et
600 3030 833 3076 mentem
870 3036 1059 3076 eorum
1084 3020 1298 3076 fovebat
1332 3031 1387 3076 et
1419 3022 1801 3078 inﬂammabat.
1830 3027 1981 3092 Quod

2088 3026 2202 3086 τοῖς
2253 3021 2560 3093 προφήταις
2607 3022 2828 3087 λαλοῦν,
2899 3024 2994 3075 καὶ
3029 3024 3389 3094 περιθάλπον,
3421 3026 3516 3077 καὶ
3545 3026 3669 3079 δια-

405 3129 539 3168 sane
562 3111 868 3183 intelligens
886 3112 1403 3169 calamitosissimus
1424 3115 1813 3184 prophetarum
1844 3118 1987 3171 dice-

407 3206 498 3259 bat
530 3219 597 3259 ex
619 3217 846 3274 persona
873 3204 969 3259 Dei
995 3220 1012 3259 :
1049 3221 1069 3256 ι
1099 3201 1291 3260 Nonne
1316 3206 1481 3260 verba
1507 3221 1622 3260 mea
1643 3206 1783 3261 sicut
1805 3208 1990 3275 ignis?

408 3297 537 3350 dicit
562 3294 847 3350 Dominus.
878 3313 1004 3347 ι--ι
1037 3295 1168 3351 Post
1199 3297 1379 3367 ignem
1403 3311 1551 3361 vero,
1582 3297 1778 3367 inquit,
1801 3315 1906 3353 vox
1935 3312 1991 3353 ut

408 3386 769 3453 auraetenuis,
805 3397 858 3441 et
876 3387 948 3442 ibi
969 3386 1230 3443 Dominus
1254 3389 1322 3443 τ’.
1355 3406 1373 3441 ι
1407 3388 1666 3458 Videiam
1687 3398 1744 3443 ut
1772 3391 1992 3460 impleta

410 3482 482 3533 sit
501 3478 805 3547 prophetia,
832 3480 1191 3535 considerans
1212 3494 1400 3535 auram
1416 3481 1587 3547 illam,
1608 3496 1726 3551 quin
1749 3484 1990 3553 discipu-

411 3573 478 3625 lis
502 3575 552 3624 in
595 3571 934 3627 cmnaculum
957 3573 1126 3628 venit.
1162 3571 1218 3626 ln
1255 3574 1683 3642 praecedentibus
1704 3576 1846 3631 enim
1868 3591 1988 3632 om-

412 3664 572 3715 nibus
609 3664 823 3717 indiciis
854 3680 868 3716 :
903 3680 921 3714 ι
951 3662 1068 3718 Non
1101 3664 1157 3717 in
1196 3664 1397 3731 spiritu
1456 3665 1741 3732 Dominus,
1799 3667 1991 3736 inquit,

412 3769 588 3825 neque
619 3756 671 3808 in
695 3756 1079 3822 concussione,
1112 3770 1289 3825 neque
1312 3756 1366 3811 in
1398 3756 1557 3824 igne:
1593 3775 1613 3809 ι
1646 3767 1700 3812 at
1726 3777 1744 3810 ι
1776 3760 1829 3813 in
1864 3775 1995 3815 voce

412 3853 470 3895 ut
497 3857 640 3896 aurae
677 3843 878 3909 tenuis,
913 3860 932 3894 ι
971 3841 1201 3910 addidit,
1241 3858 1260 3893 ι
1291 3839 1359 3896 Ει
1426 3843 1500 3897 ibi
1558 3843 1843 3901 Dominus.
1881 3865 1899 3899 ι
1939 3847 1994 3902 lu

412 3934 734 4003 patriai-cluis
773 3934 944 4001 enim,
975 3945 1030 3989 et
1060 3935 1115 3989 in
1150 3934 1287 4005 lege,
1327 3944 1382 3992 et
1408 3936 1461 3990 in
1493 3938 1772 4010 prOphctis
1821 3940 1995 4010 gratia

412 4027 653 4098 Spiritus
719 4027 1118 4097 quodammodo
1175 4037 1294 4082 erat
1392 4029 1627 4084 exilior:
1681 4045 1803 4100 quae
1868 4046 1996 4086 vero

410 4104 693 4189 discipulis
740 4128 1014 4187 postremo
1048 4128 1294 4190 tempore
1345 4122 1469 4177 data
1525 4131 1629 4187 est,
1682 4123 1996 4192 perﬁciendi

411 4215 521 4264 vim
554 4209 763 4267 habuit.
797 4208 861 4262 Et
908 4209 1050 4264 sicut
1091 4210 1144 4263 in
1197 4211 1387 4265 mundi
1438 4210 1731 4267 Creatione
1784 4212 1997 4284 Moyses

416 4302 513 4365 ait,
553 4302 786 4370 primum
835 4301 1053 4369 quidem
1112 4303 1346 4356 animam
1380 4312 1722 4370 vegetantem
1766 4304 1994 4358 inditam

2093 3109 2383 3179 θερμαῖνον
2412 3110 2591 3162 αὐτῶν
2622 3109 2681 3162 τὸ
2706 3111 3056 3180 ἡγεμονικόν.
3094 3113 3271 3183 Ὅπερ
3317 3114 3473 3177 εἰδὼς
3501 3115 3529 3165 ὁ
3555 3114 3667 3169 τῶν

2095 3198 2390 3269 προφητῶν
2447 3201 3024 3271 πολυσυμφορώτατος
3055 3204 3241 3272 ἔλεγεν
3271 3207 3335 3258 ἐκ
3369 3207 3664 3276 προσώπου

2092 3291 2185 3344 τοῦ
2216 3291 2374 3344 Θεοῦ·
2397 3312 2415 3343 ι
2444 3294 2645 3363 Ούχώς
2666 3293 2777 3365 πῦρ
2796 3296 2845 3347 οἱ
2868 3288 3017 3363 λόγοι
3042 3314 3182 3365 μου;
3221 3298 3371 3367 λέγει
3404 3300 3663 3367 Κύριος.ι

2095 3414 2160 3426 —-
2187 3404 2205 3437 ι
2234 3386 2388 3439 Μετὰ
2413 3386 2470 3439 δὲ
2508 3389 2568 3439 τὸ
2598 3388 2728 3457 πῦρ,
2772 3400 2927 3459 φησι,
2953 3388 3103 3462 φωνὴ
3133 3391 3207 3453 ὡς
3237 3391 3411 3461 αὔρας
3440 3392 3668 3462 λεπτῆς,

2094 3480 2188 3531 καὶ
2231 3480 2347 3531 ἐκεῖ
2397 3479 2620 3550 Κύριος.
2667 3500 2685 3532 ι
2732 3481 2923 3552 ’Λθρει
2971 3482 3034 3554 δὴ
3094 3485 3193 3552 τῆς
3243 3487 3579 3557 προφητείας
3611 3487 3671 3539 τὸ

2095 3569 2393 3639 πλήρωμα,
2417 3573 2766 3642 κατανοήσας
2791 3574 2889 3645 τὴν
2909 3573 3083 3645 αὔραν
3111 3576 3211 3645 τὴν
3233 3579 3310 3640 είς
3335 3578 3395 3629 τὸ
3419 3578 3673 3647 ὑπερῷον

2096 3662 2452 3716 καταπτᾶσαν
2501 3664 2616 3725 τοῖς
2659 3664 2948 3733 μαθηταῖς.
2998 3666 3089 3718 Ἐν
3141 3668 3240 3736 μὲν
3274 3667 3368 3722 οῦν
3390 3671 3513 3733 ταῖς
3540 3686 3675 3740 προ-

2095 3752 2480 3822 ηγησαμέναις
2507 3753 2830 3822 ὲμφανείαις
2859 3756 3024 3824 φησιν
3046 3773 3061 3787 ·
3102 3776 3121 3808 ι
3155 3757 3270 3810 υῦκ
3299 3759 3358 3812 ὲν
3396 3759 3474 3830 τῷ
3506 3761 3673 3813 πνεύ-

2101 3860 2230 3910 ματι
2262 3843 2486 3915 Κύριος,
2516 3845 2610 3898 καὶ
2649 3845 2749 3898 οὐκ
2778 3845 2836 3900 ὲν
2867 3846 2945 3916 τῷ
2981 3848 3319 3918 συσσεισμῴ,
3356 3850 3450 3903 καὶ
3487 3851 3590 3903 οὐκ
3615 3854 3672 3904 ἐν

2096 3935 2173 4004 τῷ
2203 3935 2356 4006 πυρί·
2396 3953 2414 3987 ι
2443 3936 2499 3989 ὲν
2513 3936 2568 3988 δὲ
2589 3938 2653 4008 τῇ
2681 3955 2698 3987 ι
2724 3940 2873 4008 φωνῇ
2905 3956 2924 3988 ι
2951 3941 3014 4009 τῇ
3040 3958 3057 3987 ι
3086 3939 3159 4001 ὡς
3191 3939 3367 4011 αὔρας
3388 3941 3617 4013 λεπτῆς.
3648 3961 3668 3995 ο

2098 4026 2370 4096 ἐπήγαγε,
2421 4045 2439 4078 ι
2479 4028 2590 4080 Καὶ
2635 4029 2753 4080 ἐκεῖ
2782 4027 3011 4099 Κύριος.
3053 4047 3071 4080 ι
3120 4027 3208 4081 Ἐν
3255 4030 3355 4099 μὲν
3404 4033 3514 4103 γὰρ
3561 4035 3674 4096 τοῖς

2098 4115 2486 4186 πατριάρχαις,
2550 4116 2646 4169 καὶ
2697 4115 2776 4186 τῷ
2834 4118 3005 4185 νόμῳ,
3063 4118 3158 4169 καὶ
3209 4120 3323 4180 τοῖς
3363 4121 3675 4188 προφήταις

2100 4207 2449 4277 ἀμυδροτέρα
2478 4225 2593 4270 πως
2619 4203 2688 4278 ἧν
2726 4208 2958 4279 ή.χάρις
2999 4207 3094 4260 τοῦ
3144 4208 3464 4278 Πνεύματος
3487 4224 3505 4240 ο
3552 4211 3591 4277 ὴ
3618 4209 3677 4261 δὲ

2098 4299 2314 4352 δοθεῖσα
2350 4300 2464 4362 τοῖς
2497 4298 2769 4369 μαθηταῖς
2800 4302 2857 4352 ὲν
2897 4301 2975 4368 τῷ
3004 4298 3202 4370 λοίσθῳ
3235 4299 3415 4369 καιρῷ
3476 4299 3677 4352 τελεω-

415 4408 538 4447 esse
574 4393 793 4461 plantis,
838 4392 1033 4446 deinde
1061 4394 1388 4447 sentientem
1411 4394 1739 4451 animalibus
1762 4397 1982 4450 rationis

2099 4390 2245 4457 τική.
2286 4388 2398 4441 Καὶ
2423 4386 2612 4458 ὥσπερ
2643 4389 2700 4439 ὲν
2745 4391 2811 4459 τῇ
2840 4387 2935 4443 τοῦ
2963 4389 3169 4459 κόσμου
3200 4389 3419 4441 Γενέσει
3457 4389 3627 4458 φησιν
3648 4390 3677 4441 ὁ

415 4483 754 4553 expertibus,
783 4483 849 4536 ad
879 4492 1181 4536 extremum
1207 4491 1333 4537 vero
1367 4487 1660 4554 perlectam
1693 4495 1746 4542 et
1780 4487 1992 4542 ratione

418 4575 697 4641 praeditam
736 4572 939 4626 homini
1001 4572 1107 4625 vim
1146 4576 1433 4641 vegetandi
1476 4586 1532 4631 et
1574 4578 1843 4633 sentiendi
1884 4594 1989 4633 una

416 4682 540 4720 cum
562 4664 924 4719 ratiocinandi
948 4664 1205 4719 facultate
1218 4667 1581 4722 continentem
1612 4689 1624 4724 :
1654 4670 1725 4725 ita
1748 4678 1799 4724 et
1821 4673 1993 4741 gratia

418 4757 651 4826 Spiritus
711 4754 927 4809 tenuior
981 4756 1196 4825 quidem
1260 4757 1311 4810 in
1374 4758 1823 4826 patriarehis,iu
1879 4761 1996 4831 lege

417 4866 547 4906 vero
601 4864 655 4905 et
705 4851 985 4921 pr0pbetis
1037 4850 1285 4915 validior,
1325 4851 1591 4907 illustrior
1639 4869 1787 4916 vero,
1843 4863 1897 4908 et
1939 4864 1999 4908 ut

416 4940 673 5013 Theologi
732 4943 899 4998 verbo
933 4954 1055 4998 utar
1084 4942 1224 5013 (55),
1289 4943 1455 4999 veluti
1514 4944 1883 4999 essentialiter
1941 4944 1994 4999 in

484 5103 530 5135 “
568 5100 587 5155 l
619 5100 745 5157 Cor.
794 5118 848 5165 κ,
879 5104 939 5167 2,
974 5103 1028 5157 6.

414 5175 460 5205 ’⁸
484 5173 689 5229 Jerem.
731 5173 820 5238 23,
853 5174 945 5228 29.

1140 5103 1188 5134 "
1217 5102 1352 5157 Ibid.
1386 5104 1440 5158 4.
1555 5105 1597 5134 ⁸⁸
1621 5104 1754 5160 Juau
1793 5125 1889 5173 vn,
1924 5110 1992 5164 58

2098 4481 2363 4549 Μωύσῆς,
2392 4480 2475 4531 ὅτι
2506 4480 2773 4551 πρότερον
2795 4482 2943 4551 μὲνὴ
2970 4480 3172 4550 φυτικὴ
3191 4480 3337 4551 ψυχὴ
3360 4481 3678 4550 κατεϐλήθη

2099 4575 2157 4625 ἐν
2185 4575 2301 4636 τοῖς
2332 4574 2542 4642 φυτοῖς,
2591 4568 2711 4625 εἶτα
2763 4574 2821 4624 ἐν
2863 4575 2979 4634 τοῖς
3021 4573 3240 4640 ἀλόγοις
3277 4575 3310 4643 ἡ
3353 4572 3678 4642 αἰσθητικὴ.

2093 4665 2383 4718 τελευταία
2412 4665 2456 4716 δ’
2492 4666 2548 4717 ὲν
2589 4662 2667 4734 τῷ
2711 4662 3004 4735 ἀνθρώπῳ,
3052 4665 3085 4733 ἡ
3134 4663 3318 4715 τελεία
3355 4664 3450 4715 καὶ
3482 4664 3683 4733 λογικὴ

2099 4760 2195 4812 σὺν
2222 4757 2300 4829 τῷ
2326 4758 2490 4829 λόγῳ,
2556 4760 2651 4809 καὶ
2680 4757 2777 4827 τὴν
2809 4757 3063 4826 φυτικὴν,
3093 4758 3187 4809 καὶ
3218 4757 3317 4825 τὴν
3348 4756 3685 4824 αἰσθητ.κὴν

2097 4852 2328 4922 δύναμιν
2379 4850 2822 4921 ἔχουσασοῦτως
2878 4852 2912 4918 ἡ
2967 4849 3059 4901 τοῦ
3122 4849 3445 4918 [Iustitia-ro;
3519 4852 3686 4919 χάρις

2098 4949 2446 5021 ἀμυδροτέρα
2474 4946 2571 5018 μὲν
2611 4947 2669 4998 ὲν
2695 4947 2808 5008 τοῖς
2842 4945 3234 5017 πατριάρχαις,
3268 4948 3603 5017 ἰσχυροτέρα
3628 4945 3687 4997 δὲ

3108 5104 3149 5134 ⁷¹
3188 5103 3348 5159 Ριυιυ.
3385 5119 3556 5165 amt,
3600 5102 3685 5155 l8.

2098 5112 2139 5144 ευ
2170 5111 2303 5165 Ibid.
2342 5110 2431 5177 ευ.
2537 5109 2583 5138 το
2613 5107 2771 5162 Num.
2808 5121 2882 5171 λι,
2921 5106 3003 5159 17.

1643 5290 1961 5353 Francisci
1995 5295 2204 5356 δεῖ)τεί
2239 5301 2426 5355 notae.
2488 5300 2493 5303 ’

489 5412 601 5479 (55)
636 5407 999 5480 Figurabatur
1030 5407 1260 5475 Spiritus
1294 5422 1528 5462 sanctus.
1576 5410 1651 5464 De
1687 5414 1784 5465 hac
1823 5415 1991 5481 ligura

414 5484 682 5548 eopiosius
716 5484 1066 5534 disseruimus
1102 5482 1246 5531 hum.
1283 5487 1525 5534 anteeed.
1558 5497 1676 5550 qtue
1704 5490 1787 5535 est
1820 5483 1889 5537 59
1928 5487 1992 5536 de

414 5551 628 5604 Ascens.
662 5562 774 5604 not.
804 5549 896 5611 27,
927 5562 1085 5616 quam
1117 5552 1355 5602 consule.

489 5621 597 5688 (Si)
636 5620 830 5688 Figura
862 5629 973 5671 erat
1007 5636 1171 5678 mare,
1204 5630 1308 5672 etc.
1349 5619 1475 5673 Vide
1505 5624 1749 5675 naualem
1785 5634 1984 5675 notam.

490 5694 603 5760 rei.)
634 5688 697 5742 Ut
722 5690 961 5759 Theowgi
987 5696 1132 5742 verba
1159 5700 1293 5743 nlnr.
1314 5691 1445 5743 Cum
1477 5692 1547 5744 ait
1574 5694 1657 5745 λιιι·
1676 5709 1858 5748 ιιυοευι·
1877 5693 1986 5745 θεο-

2099 5415 2334 5482 λογικῶς
2362 5418 2679 5478 είπεῖν,ιιοιι
2712 5424 2795 5467 est
2824 5415 3259 5481 interpretandus
3284 5410 3351 5468 Ut
3382 5414 3691 5482 theologica

2099 5490 2179 5539 vel
2218 5486 2516 5554 tlieologico
2549 5488 2705 5537 modo
2739 5486 2944 5552 loquar,
2978 5493 3033 5535 ut
3063 5486 3293 5538 fortasse
3341 5486 3518 5553 quivis
3570 5501 3689 5536 non

2096 5557 2193 5610 abs
2212 5573 2266 5607 re
2286 5555 2636 5608 commentari
2660 5556 2847 5622 possit,
2868 5556 2960 5606 sed
2984 5556 3079 5609 hoc
3102 5556 3349 5622 ltitlllt'litli
3374 5559 3530 5606 modo
3548 5554 3694 5607 Gre-

2095 5642 2213 5692 gnr.
2231 5625 2488 5694 Thenlngi
2507 5630 2663 5677 verba
2681 5628 2804 5675 citat
2822 5640 2977 5692 quem
3001 5626 3119 5675 κατ’
3138 5623 3689 5694 ὲξυλὲ;·δ.Τιιρυ2υειιιιι

2096 5693 2621 5764 οιιρριιιιιιιιυίειιιίε
2678 5704 2920 5760 constat,
2981 5697 3122 5763 quod
3174 5707 3227 5750 et
3284 5710 3448 5764 supra
3493 5693 3693 5749 notavi
