3974 6220
439 355 544 422 785

1792 366 2122 427 IlOMiLIA
2162 370 2318 431 XLI.

3583 381 3692 446 786

436 479 876 550 ἁκροτελεύτιον.
899 482 1033 536 Ὀτε
1076 480 1185 552 γὰρ
1220 481 1248 535 ὁ
1280 483 1433 555 ἥλιος
1489 484 1832 557 θερμοτέρας
1885 489 2012 558 ἡμῖν

2122 499 2449 545 extremum.
2525 489 2750 557 Quando
2804 493 2950 550 enim
3010 495 3088 552 sol
3147 496 3475 554 ferventiora
3539 500 3695 555 nobis

432 570 532 632 τὰς
560 569 670 621 τῶν
703 571 942 627 ἀκτίνων
987 572 1147 643 βολὰς
1180 573 1478 648 ὁπαφίησι,
1525 579 1623 633 καὶ
1665 578 1773 631 τῶν
1809 580 2017 634 ἀνθέων

434 661 503 714 τὰ
528 661 699 727 κάλλη
730 662 822 717 τὸν
865 667 1159 736 μαρασμὸν
1204 669 1665 740 ὁπεμφαίνουσιν,
1692 674 1795 744 ἤδη
1833 674 1889 728 δὲ
1922 677 2019 729 καὶ

430 754 500 807 τὰ
528 753 773 824 ήδῦπνοα
819 757 954 831 ἄνθη
998 760 1371 834 παρέρχεται·
1420 765 1561 820 ἀλλὰ
1599 768 1908 837 διαδέχεται
1956 768 2017 822 τὸ

430 844 638 897 τούτων
677 846 873 912 κάλλος
903 850 935 919 ἡ
982 849 1097 905 τῶν
1128 855 1331 924 κρίνων
1383 856 1693 928 εὐπρέπεια
1719 874 1732 888 ·
1768 860 1918 913 δοκεῖ
1958 860 2014 914 δέ

434 952 527 1003 μοι
541 935 651 990 τῶν
668 937 1041 1008 εὐαγγελικῶν
1053 943 1499 1017 ἀναγνωσμάτων
1517 950 1549 1011 ἡ
1569 948 1720 1016 τάξις
1738 950 1815 1021 τῷ
1836 950 2016 1023 καιρῷ

435 1029 878 1100 συναρμόζεσθαι
914 1034 1090 1107 είρμῷ
1121 1055 1251 1101 τινι,
1290 1039 1384 1093 καὶ
1421 1040 1715 1115 ἀκολουθίᾳ
1745 1046 1858 1109 τοῖς
1895 1062 2018 1100 και-

434 1121 551 1188 poi;
577 1120 676 1193 τὴν
699 1122 1054 1181 διδασκαλίαν
1101 1131 1428 1202 συνείρουσα
1445 1151 1457 1165 ο
1490 1134 1681 1205 ἀμέλει
1711 1137 1808 1199 τὰς
1833 1138 2015 1195 θεολο-

430 1212 595 1280 γικὰς
616 1213 710 1267 τοῦ
737 1216 881 1270 κατὰ
910 1216 1167 1289 Ἰωάννην
1193 1222 1527 1292 Εὐαγγελίου
1552 1226 1758 1294 φωνὰς,
1778 1221 1869 1282 οἷά
1895 1247 2015 1283 τινα

434 1307 790 1376 πνευματικὰ
837 1309 971 1380 ῥόδα
1019 1315 1421 1384 τρυγήσαντες,
1456 1318 1550 1371 ἐπὶ
1579 1319 1679 1383 τὰς
1720 1324 2013 1390 κρινωνιὰς

431 1395 525 1450 τοῦ
575 1400 815 1469 μεγάλου
871 1403 1156 1458 Ματθαίου
1200 1407 1442 1479 σήμερον
1497 1410 1900 1482 μεταϐαίνομεν
1945 1415 2013 1468 τέι

433 1489 801 1562 καθαρώτατα
867 1496 1031 1567 κρίνα
1108 1498 1218 1552 τῶν
1281 1501 1675 1572 χριστολέκτων
1750 1506 2014 1577 ῥημάτων

429 1580 754 1653 δρεψάμενοι
803 1587 885 1652 είς
928 1589 1028 1660 τὴν
1071 1591 1367 1663 ὁμολογίαν
1416 1594 1583 1650 αὐτοῦ
1614 1597 1740 1661 τοὺς
1770 1600 2012 1670 ἀθλητὰς

427 1671 785 1745 διεγείροντα.

508 1784 528 1818 ι
561 1763 734 1821 Εἶπεν
775 1772 803 1823 ὁ
853 1771 1060 1843 Κύριος
1103 1793 1116 1806 ·
1157 1776 1349 1841 Ὅστις
1393 1778 1720 1853 ὁμολογήσει
1773 1784 1831 1835 ἐν
1888 1784 2011 1855 spei.

2121 582 2390 637 radiorum
2417 583 2620 651 spicula
2646 584 2913 651 immittit,
2932 585 3120 642 ﬁorum
3141 588 3327 656 incipit
3348 589 3694 660 pulchritudo

2120 691 2479 743 marcescere,
2512 692 2576 732 ac
2599 678 2709 746 jam
2738 681 3120 736 suaveolentes
3150 683 3467 750 praeteriere
3498 682 3683 743 ﬁorcs:

2118 764 2213 818 sed
2247 779 2436 819 eorum
2482 778 2824 822 veuuStatem
2869 770 3073 838 excipit
3109 770 3344 826 liliorum
3393 771 3578 827 decor.
3615 774 3693 829 Ac

2118 855 2332 910 videtur
2369 871 2503 912 sane
2555 859 2687 914 mihi
2735 862 3170 931 evangelicarum
3224 862 3517 917 lectionum
3557 865 3694 919 ordo

2120 948 2344 1017 tempori
2371 949 2506 1005 satis
2534 953 3002 1021 accommodatus,
3023 964 3078 1007 et
3106 963 3229 1022 apta
3259 955 3497 1024 quadam
3549 955 3693 1010 serie

2115 1050 2171 1094 et
2202 1044 2588 1099 consecutione
2646 1046 2977 1113 temporibus
3025 1046 3323 1101 doctrinam
3380 1048 3690 1103 adnectere.

2116 1130 2380 1187 Nimirum
2413 1151 2538 1190 cum
2595 1135 2873 1208 Evangelii
2908 1135 3135 1193 Joannis
3171 1138 3285 1210 (6|)
3317 1142 3383 1194 de
3413 1139 3694 1194 divinitate

2114 1225 2385 1295 loquentis
2439 1230 2602 1283 verba
2672 1231 2828 1301 quasi
2884 1231 3197 1300 spirituales
3257 1232 3692 1302 dccerpserimus

2118 1330 2292 1381 rosas,
2327 1318 2486 1373 hodie
2529 1321 2596 1374 ad
2636 1320 2697 1375 D.
2731 1320 2967 1377 Matthad
3005 1321 3175 1377 lilicta
3221 1323 3601 1392 progredimur
3635 1332 3694 1374 ut

2115 1409 2280 1463 verba
2326 1411 2529 1467 Christi
2563 1416 2631 1467 ad
2678 1414 3079 1469 confessionem
3137 1417 3219 1470 sui
3273 1414 3508 1471 athletas
3563 1428 3694 1469 suos

2119 1503 2387 1559 hortantis
2418 1507 2574 1575 quasi
2607 1508 2894 1576 purissima
2931 1508 3041 1562 lilia
3071 1508 3388 1580 colligamus
3410 1507 3479 1563 ⁸⁸.

2191 1799 2210 1832 ι
2274 1780 2420 1835 Dixit
2472 1779 2788 1835 Dominus:
2826 1779 3157 1849 Quicunque
3209 1777 3556 1833 conﬁtebitur
3608 1789 3697 1831 me

428 1858 742 1929 ἔμπροσθεν
771 1861 882 1916 τῶν
917 1864 1246 1936 ἀνθρώπων,
1281 1869 1607 1943 ὁμολογήσω
1647 1874 1813 1929 αὑτὸν
1853 1875 2011 1945 καγὼ

2117 1886 2294 1925 coram
2326 1870 2662 1938 hominibus,
2725 1870 3033 1928 conﬁtebor
3084 1878 3142 1928 et
3173 1886 3276 1941 ego
3330 1887 3456 1928 eum
3509 1884 3693 1924 coram

428 1949 746 2022 ἔμπροσθεν
772 1955 867 2009 τοῦ
907 1959 1149 2028 Πατρός,
1176 1978 1280 2032 μου
1316 1962 1411 2017 τοῦ
1444 1967 1503 2019 ἐν
1535 1966 1807 2036 οὐρανοῖς.
1840 1986 1859 2019 ι
1900 1968 2012 2022 Καὶ

429 2046 683 2111 βασιλεὺς
725 2049 861 2118 πρὸς
911 2050 1190 2123 βάρϐαρον
1222 2056 1374 2120 ἔθνος
1403 2058 1498 2112 καὶ
1527 2059 1875 2130 παλαμναῖον
1904 2077 2005 2113 πα-

434 2137 857 2209 ραταττόμενος,
876 2144 972 2196 καὶ
1004 2149 1396 2212 στρατιωτικὸν
1413 2148 1658 2220 ἁθροίζει
1688 2151 2011 2220 κατάλογον,

432 2231 526 2281 καὶ
557 2231 707 2295 ὅπως
730 2235 837 2305 χρὴ
870 2236 1135 2306 πολεμεῖν
1164 2239 1505 2307 ὑποτίθεται,
1542 2243 1638 2296 καὶ
1676 2243 1773 2308 τὰς
1800 2244 2012 2315 δωρεὰς

427 2321 827 2390 ἐπαγγέλλεται
850 2342 863 2355 ·
898 2327 1042 2381 οὕτω
1076 2331 1170 2383 καὶ
1194 2332 1221 2384 ὁ
1247 2332 1484 2400 Χριστὸς
1513 2336 1541 2387 ὁ
1576 2333 1668 2387 τοῦ
1698 2334 1830 2388 Θεοῦ
1861 2335 2008 2402 Υἱὸς,

428 2418 455 2467 ὁ
484 2415 745 2480 Βασιλεὺς
772 2418 990 2489 ἁπάσης
1018 2421 1120 2491 τῆς
1151 2422 1407 2490 κτίσεως,
1434 2425 1763 2479 καταϐαλεῖν
1794 2427 2011 2496 ὲπειγὸ-

434 2520 600 2571 μενος
646 2507 746 2574 τὴν
795 2508 917 2561 καθ’
948 2509 1108 2579 ἡμῶν
1137 2512 1430 2581 τυραννίδα
1468 2515 1563 2569 τοῦ
1604 2516 1880 2588 δαίμονος,
1917 2522 2012 2573 καὶ

434 2595 571 2664 πῷς
594 2597 693 2668 τὴν
725 2600 922 2677 νοητὴν
952 2603 1194 2672 ἀλείφων
1227 2607 1556 2677 παράταξιν,
1592 2612 1687 2665 καὶ
1713 2611 2009 2678 διδάσκων,

431 2690 579 2753 ὅπως
610 2692 714 2762 χρὴ
750 2697 862 2757 τοῖς
903 2696 1170 2762 ἐναντίοις
1206 2700 1642 2769 συμπλέκεσθαι,
1675 2707 1789 2770 τοῖς
1820 2705 2011 2769 ὅπλοις

428 2785 526 2852 τῆς
564 2783 856 2854 ὁμολογίας
909 2791 1280 2860 περιφράττει
1327 2792 1388 2846 τὸ
1437 2796 1752 2868 στράτευμα
1784 2813 1799 2828 ⁸
1838 2818 1858 2852 ι
1898 2803 2010 2865 Πᾶς

427 2875 580 2937 ὅστις
630 2875 984 2950 ὁμολογήσει,
1035 2880 1232 2951 λέγων,
1274 2886 1334 2939 ὲν
1373 2887 1499 2956 ἐμοὶ
1550 2887 1862 2960 ἔμπροσθεν
1901 2894 2010 2950 τῶν

433 2966 765 3039 ἀνθρώπων,
813 2974 1135 3048 ὁμολογήσω
1179 2978 1345 3032 αὑτὸν
1375 2979 1550 3050 κάγώ.
1592 3002 1611 3035 ι
1651 2984 1766 3039 Οὐκ
1807 2988 2012 3057 ἀρκοῦ-

396 3112 403 3119 ,
434 3078 558 3131 μαι,
590 3064 746 3132 φησὶ,
772 3067 838 3137 τῇ
874 3067 1017 3121 κατὰ
1064 3069 1307 3126 διάνοιαν
1334 3072 1539 3139 πίστει,
1577 3075 1715 3131 ἀλλὰ
1745 3076 2010 3150 βούλομαι

432 3160 751 3261 συμφωνεῖν
797 3162 914 3223 τοῖς
969 3160 1151 3231 λόγοις
1196 3167 1263 3234 τῇ
1324 3165 1428 3236 τῆς
1472 3168 1654 3239 ψυχῆς
1702 3170 2008 3247 ἐλευθερίᾳ.
2038 3201 2083 3261 c

436 3249 699 3306 Κοὸἁλων
726 3252 833 3324 γὰρ
874 3255 968 3308 καὶ
999 3256 1253 3322 φενάκων
1282 3259 1492 3331 ἀνδρῶν
1527 3262 1688 3334 ἕτερα
1722 3265 1823 3333 μὲν
1856 3267 1959 3338 κρύ
1980 3299 2001 3308 -

432 3359 589 3396 πτειν
628 3345 687 3398 ἐν
716 3349 839 3410 ταῖς
868 3350 1050 3417 φρεσὶ,
1073 3351 1335 3405 τάναντία
1367 3353 1424 3407 δὲ
1454 3356 1520 3425 τῇ
1550 3355 1764 3428 γλώττῃ
1800 3357 2005 3415 λαλεῖν.

432 3435 555 3489 Τῶν
605 3438 662 3491 δὲ
717 3439 816 3509 τῆς
863 3442 1181 3516 ἐλευθερίας
1228 3447 1551 3518 ἀρχομένων
1624 3449 1917 3520 γνώρισμα
1951 3453 2012 3506 τὸ

431 3531 912 3602 παρρησιάζεσθαι
946 3537 1047 3606 τὴν
1079 3537 1361 3607 ἀλήθειαν.
1413 3559 1433 3591 ι
1469 3541 1657 3605 Ὅστις
1686 3544 2013 3616 ὁμολογήσει

430 3624 490 3675 ἐν
536 3624 662 3694 ἐμοὶ
714 3625 1026 3698 ἔμπροσθεν
1080 3632 1190 3686 τῶν
1245 3632 1568 3704 ἀνθρώπων.
1612 3654 1631 3688 ι
1679 3637 1754 3691 Οὐ
1786 3636 2013 3709 δέχομαι

430 3715 642 3779 δειλοῖδς
672 3721 1011 3789 στρατιώτας
1037 3722 1138 3794 τὴν
1166 3726 1245 3788 είς
1283 3725 1388 3795 ἐμὲ
1429 3727 1617 3781 πίστιν
1646 3727 2013 3799 ψευδομένους

428 3812 547 3874 τοῖς
578 3811 825 3884 ῥήμασιν
846 3831 861 3846 ο
894 3816 1011 3870 ὅσοι
1038 3817 1268 3872 ποθοῦσι
1299 3818 1411 3872 τῶν
1435 3820 1587 3890 ὲμῶν
1621 3820 1806 3890 γερῶν
1841 3838 2011 3893 μετα-

430 3907 603 3976 σχεῖν,
622 3907 906 3977 λαμπραῖς
934 3909 1254 3979 ὁμολογίαις
1278 3912 1380 3983 τὴν
1409 3913 1733 3967 δεσποτείαν
1752 3913 1851 3985 τὴν
1882 3916 2013 3969 ἑαυ-

429 3997 541 4049 τῶν
574 3998 1026 4069 κηρυττέτωσαν,
1054 4002 1121 4055 ἵν’
1158 4001 1331 4067 οὕτως
1353 4004 1603 4075 ἀνδρεῖον
1638 4005 2011 4076 ὲνδειξάμενοι

429 4091 533 4161 τῆς
556 4090 849 4159 ὁμολογίας
877 4093 937 4147 τὸ
971 4094 1251 4166 φρόνημα,
1290 4096 1548 4168 λαμπρᾶς
1580 4100 1676 4152 καὶ
1712 4097 1815 4167 τῆς
1846 4099 2013 4168 ἀμοι-

431 4182 535 4253 ϐῆς
573 4185 910 4256 ἐπιτύχοιεν.
948 4187 1045 4251 Τίς
1088 4188 1146 4242 δὲ
1178 4190 1355 4259 αὖτης
1396 4209 1415 4242 ι
1466 4190 1825 4262 Ὀμολογήσω
1847 4191 2012 4245 αὐτὸν

429 4275 590 4344 κᾶγὼ
628 4277 938 4347 ἔμπροσθεν
996 4278 1091 4332 τοῦ
1151 4272 1365 4351 Πατρός
1426 4298 1527 4351 μου
1586 4279 1682 4333 τοῦ
1737 4282 1796 4334 ἐν
1843 4282 2012 4352 οὐρα-

431 4386 563 4431 νοις.
606 4389 625 4421 ι

512 4461 675 4515 Ἀλλὰ
708 4464 781 4534 μὴ
812 4462 1261 4534 παραδράμωμεν
1282 4463 1381 4534 τὴν
1408 4465 1467 4517 ἐν
1496 4463 1575 4535 τῷ
1610 4464 1761 4537 ῥητῷ
1787 4464 2008 4536 φιλοσο·

499 4604 548 4636 ”
580 4603 771 4657 Matth.
807 4618 861 4666 ι,
901 4602 972 4656 '52
1000 4616 1154 4672 seqq.

2113 1962 2273 2017 Patre
2298 1979 2441 2030 meo,
2470 1964 2561 2034 qui
2591 1964 2644 2018 in
2670 1964 2825 2021 ccclis
2856 1974 2959 2020 est.
2993 1983 3013 2017 ι
3042 1965 3158 2020 Rex
3186 1962 3401 2035 quidem
3435 1961 3695 2018 adversus

2115 2056 2398 2110 barbaram
2457 2066 2669 2126 gentem
2735 2065 2793 2111 et
2849 2056 3275 2113 consceleratam
3369 2069 3696 2124 comparans

2114 2146 2311 2202 bellum
2345 2148 2490 2217 cogit
2547 2157 2602 2203 ct
2644 2149 2943 2206 conscribit
2985 2150 3310 2214 exercitum,
3337 2158 3391 2202 ct
3428 2147 3694 2201 tationem

2113 2241 2388 2311 pugnandi
2424 2242 2694 2311 propenit,
2726 2250 2781 2296 et
2812 2242 3037 2296 donaria
3071 2242 3397 2313 pollicetur;
3423 2241 3498 2294 ita
3527 2240 3692 2294 etiam

2113 2332 2368 2388 Christus
2397 2333 2488 2389 Dei
2522 2333 2693 2389 Filius
2721 2333 2834 2388 Rex
2859 2336 3096 2390 universi
3121 2332 3466 2404 tyrannidem
3491 2327 3692 2387 diaboli

2116 2427 2271 2482 nobis
2303 2425 2556 2482 infestam
2607 2428 2788 2483 delere
2819 2437 3124 2490 maturaus.
3156 2436 3210 2483 et
3236 2426 3398 2497 quasi
3428 2425 3499 2483 ad
3530 2424 3692 2495 spiri-

2115 2518 2260 2573 tuaie
2288 2528 2563 2574 certamen
2615 2534 2823 2587 ungens
2847 2518 2960 2590 (62)
2995 2518 3239 2590 2893
3261 2519 3533 2573 instruens
3553 2530 3693 2585 quo-

2117 2609 2277 2662 modo
2300 2624 2513 2663 manum
2541 2625 2664 2663 cum
2695 2610 2850 2664 hoste
2875 2623 3166 2665 conserere
3185 2616 3455 2679 oporteat,
3476 2603 3695 2662 confes-

2114 2701 2283 2756 sionis
2306 2703 2472 2756 armis
2490 2718 2615 2756 suas
2642 2704 2826 2772 cepias
2851 2702 3046 2768 munit,
3075 2702 3299 2758 dicens:
3321 2697 3545 2756 «Omnis
3569 2697 3694 2768 qui-

2114 2807 2328 2864 cunque
2345 2794 2598 2849 cantitebi
2608 2806 2692 2849 tur
2715 2810 2799 2851 me
2825 2811 3010 2850 coram
3038 2796 3368 2857 hominibus.
3391 2790 3693 2879 conﬁtebor

2114 2896 2169 2941 et
2196 2900 2297 2958 ego
2326 2901 2473 2944 eum.
2505 2906 2524 2940 ι
2562 2885 2679 2941 Non
2699 2896 2804 2954 sat,
2846 2887 3044 2957 inquit,
3075 2887 3250 2944 habeo
3283 2887 3479 2943 mentis
3510 2886 3691 2952 ﬁdem,

2115 2978 2211 3032 sed
2268 2978 2434 3032 animi
2492 2978 2735 3034 libertati
2790 2993 3032 3034 consona
3089 2978 3255 3034 etiam
3321 2976 3481 3033 verba
3547 2976 3690 3031 volo.

2115 3066 2454 3139 Loquacium
2477 3070 2623 3124 enim
2667 3081 2721 3125 et
2749 3071 3106 3141 impostorum
3135 3068 3417 3125 hominum
3455 3078 3564 3133 est,
3587 3066 3693 3122 alia

2116 3161 2299 3216 clausa
2338 3163 2392 3216 in
2431 3173 2666 3231 pectore.
2708 3164 2811 3218 alia
2862 3163 2913 3218 in
2965 3162 3144 3232 lingua
3183 3162 3384 3218 habere
3421 3168 3690 3232 prompta.

2117 3252 2314 3308 Eorum
2344 3270 2491 3320 vero,
2522 3256 2611 3324 qui
2640 3255 2792 3311 liberi
2821 3270 2941 3311 esse
2970 3263 3277 3324 coeperunt,
3300 3252 3445 3308 velut
3484 3251 3696 3321 insigne

2115 3345 2385 3414 quoddam
2415 3358 2495 3402 est
2525 3348 2809 3403 veritatem
2833 3346 2998 3403 libere
3019 3346 3284 3417 proﬁteri.
3326 3363 3347 3399 ι
3375 3344 3696 3413 Quicunque

2114 3438 2464 3494 conﬁtebitur
2536 3454 2622 3494 me
2684 3455 2865 3496 coram
2921 3441 3254 3498 hominibus.
3287 3456 3309 3493 ι
3344 3437 3462 3495 Non
3524 3438 3695 3507 probo

2116 3531 2461 3587 meticulosos
2508 3532 2729 3598 milites,
2768 3534 3038 3603 ﬁdemque
3101 3548 3261 3602 quam
3290 3532 3421 3587 mihi
3471 3546 3695 3588 servare

2114 3623 2335 3689 debent,
2384 3625 2566 3681 verbis
2610 3626 3230 3698 prmleutes;quotquot
3276 3640 3518 3681 meorum
3559 3638 3695 3695 prte-

2116 3716 2348 3771 miorum
2375 3730 2657 3788 compotes
2686 3717 2801 3774 ﬁeri
2838 3719 3085 3789 cupiunt,
3118 3719 3313 3775 illustri
3347 3716 3695 3774 confessione

2112 3807 2399 3863 Dominum
2443 3811 2940 3881 przediceutsuum,
2969 3819 3028 3865 ut
3060 3811 3131 3865 ita
3165 3826 3287 3865 cum
3320 3810 3695 3877 magnanimos

2114 3901 2167 3954 iu
2216 3916 2302 3956 me
2350 3903 2653 3959 conﬁtendo
2704 3903 2929 3972 spiritus
2974 3903 3334 3968 ostenderint,
3374 3901 3689 3971 prmclaram

2113 3993 2277 4047 etiam
2329 3995 2823 4050 remunerationem
2864 3995 3164 4050 obtineant.
3195 3993 3328 4061 Quae
3377 4006 3504 4048 vero
3538 3990 3697 4045 ha-c?

2119 4103 2139 4136 ι
2184 4084 2500 4141 Contitebor
2524 4094 2581 4141 et
2609 4099 2710 4157 ego
2736 4100 2859 4141 eum
2893 4098 3083 4141 coram
3122 4083 3281 4139 Patre
3317 4097 3437 4137 meo
3459 4124 3476 4148 ,
3517 4082 3607 4150 qui
3638 4081 3691 4135 iu

2114 4177 2268 4232 caelis
2301 4187 2405 4232 est.
2442 4196 2461 4230 ι

2156 4454 2163 4475 ’
2194 4464 2300 4521 Sed
2338 4481 2408 4519 ne
2442 4472 2827 4535 prmtcreamus
2878 4465 3134 4521 latentem
3182 4465 3236 4520 in
3268 4465 3370 4522 hoc
3400 4465 3552 4521 dicto
3598 4465 3693 4519 ἀοι

1662 4711 1982 4774 Francisci
2023 4711 2234 4774 Scorsi
2268 4719 2456 4774 uota}.

501 4836 615 4906 (6|)
646 4833 925 4907 Evangelii
972 4831 1392 4907 λοαηιιὶεηριιτε
1444 4835 1719 4907 pertinent
1763 4837 1830 4891 ad
1870 4838 2006 4892 hanc

2118 4834 2363 4907 μναστὰς
2400 4834 2695 4907 vocabant;
2727 4834 2868 4890 unde
2890 4842 2943 4890 et
2973 4833 3539 4907 yupvacttipxqq,_qtti
3597 4834 3692 4891 loti

427 4903 757 4964 ἀκολουθίαν
782 4903 1190 4968 Evangeliorum
1219 4904 1358 4958 dicta
1386 4903 1513 4959 sunt
1540 4905 1609 4960 ab
1639 4907 1754 4970 ipso
1784 4917 2009 4962 auctore

432 4984 582 5034 hom.
624 4992 742 5044 qua:
787 4984 869 5029 est
910 4973 1103 5028 ordine
1141 4973 1370 5045 quinta,
1412 4984 1466 5028 et
1518 4976 1589 5031 ibi
1637 4975 1837 5045 aliquid
1900 4977 2012 5033 for-

432 5059 583 5103 assit.
634 5044 1029 5098 adnotavimus.

509 5116 623 5185 (62)
651 5114 1119 5183 ngens.Sauctos
1143 5130 1303 5183 supra
1338 5115 1390 5169 in
1423 5115 1630 5170 exordii
1655 5116 1760 5170 ﬁne
1782 5116 2013 5173 athletas

431 5193 757 5248 vocaverat;
789 5201 931 5238 nunc
957 5201 1076 5238 rum
1104 5185 1335 5253 ungendi
1364 5185 1529 5239 verbo
1557 5188 1747 5251 utitur,
1771 5187 2012 5243 alludere

429 5262 650 5311 videtur
673 5256 739 5307 ad
770 5270 974 5327 rnorem
1002 5271 1108 5320 quo
1131 5256 1348 5309 athletae
1385 5256 1637 5311 luctaturi
1676 5257 1826 5324 prius
1852 5272 2013 5327 ungev

431 5329 630 5387 bantur
659 5345 673 5381 :
704 5328 848 5379 unde
890 5324 1145 5378 ἀλεῖπται
1173 5327 1371 5383 vocati.
1411 5329 1500 5394 qui
1536 5328 1602 5381 ad
1635 5328 1687 5382 id
1722 5324 2010 5383 ministerii

431 5396 633 5454 addicti
682 5404 860 5459 erant,
907 5410 936 5446 a
984 5395 1179 5463 quibus
1227 5394 1297 5450 Μ.
1347 5395 1552 5451 Tullius
1603 5397 2011 5453 similitudinem

431 5470 612 5541 petiit,
663 5463 834 5531 Epist.
882 5464 1037 5534 fam.,
1082 5465 1179 5541 lib.
1208 5480 1272 5541 ιε
1321 5464 1424 5521 Sed
1468 5467 1646 5541 uellem
1696 5468 2017 5541 nongsolum

430 5535 626 5595 salutis
664 5551 814 5600 mete,
868 5535 1310 5606 quemadmodum
1361 5538 1582 5601 medici,
1623 5541 1712 5590 sed
1763 5539 1919 5591 etiam
1959 5547 2017 5590 ut

432 5610 615 5679 alipta:
652 5606 841 5679 virium
879 5605 1166 5679 etﬂcoloris
1203 5607 1460 5679 rationem
1498 5607 1686 5679 habere
1708 5606 2015 5679 uoluissent.

435 5674 520 5735 Εἰ
543 5692 650 5746 quo
695 5676 815 5730 loco
848 5674 1072 5746 colligas
1107 5678 1249 5744 quod
1280 5685 1334 5731 et
1362 5676 1795 5735 notavit.Panlus
1824 5677 2016 5730 Manu-

438 5745 574 5813 tius,
607 5749 710 5802 hoc
744 5761 941 5799 nomen
971 5745 1293 5800 attributum
1323 5747 1597 5811 omnibus,
1630 5746 1719 5816 qui
1752 5746 2020 5801 exercita-

442 5818 680 5875 tionibus
728 5816 994 5886 gymnicis
1041 5816 1365 5871 athletarum
1414 5827 1701 5887 praeerant,
1754 5831 1891 5888 quos
1920 5833 2019 5884 γυ-

2112 4903 2396 4978 gymuasio
2428 4903 2711 4978 praefectura
2738 4915 2887 4971 erat;
2933 4905 2998 4978 ad
3030 4906 3127 4959 hos
3152 4905 3315 4958 etiam
3371 4903 3693 4978 athletarum

2113 4974 2299 5031 unctio
2327 4974 2666 5042 pertinebat;
2694 4984 2854 5043 atque
2894 4975 3030 5028 adeo
3060 4989 3088 5027 a
3127 4983 3282 5043 parte
3315 4974 3557 5031 muneris
3585 4985 3696 5029 tan-

2112 5062 2273 5128 quam
2310 5045 2657 5128 a.pr_:£cipua
2703 5045 2957 5128 ἀλεῖπται
3011 5045 3298 5128 nominati.
3348 5045 3556 5128 Atque_
3583 5045 3696 5100 haec

2112 5112 2287 5185 ampla
2323 5112 2650 5186 signiﬁcatio
2698 5112 2950 5186 convenit
3000 5114 3169 5186 relato
3208 5112 3493 5186 Ciceronis
3539 5114 3696 5171 loco:

2111 5187 2292 5254 aliptae
2352 5184 2497 5238 enim
2549 5184 2768 5253 proprie
2823 5184 3023 5254 sumpti
3063 5184 3260 5239 virium
3311 5185 3526 5254 quidem
3590 5203 3694 5239 ιιυιι

2115 5251 2295 5310 tamen
2328 5255 2526 5311 coloris
2551 5251 2775 5308 habere
2820 5251 3086 5325 rationem
3118 5251 3373 5325 tingendo
3401 5265 3646 5325 poterant
3683 5277 3695 5308 :

2109 5335 2361 5396 poterant
2397 5340 2525 5396 vero
2555 5322 2871 5396 yupvaerat
2908 5322 3222 5396 praescripta
3256 5322 3466 5379 ratione
3500 5325 3696 5387 victm,

2113 5392 2167 5450 et
2189 5392 2645 5450 exercitationum
2662 5393 2933 5464 corporis.
2956 5392 3318 5450 Utitur'etiam
3346 5409 3412 5447 eo
3432 5396 3698 5449 vocabulo

2116 5466 2369 5530 Aristot.,
2417 5465 2512 5522 lih.
2565 5479 2604 5518 ιι
2652 5461 2849 5518 Morel.
2900 5462 3200 5519 Commode
3234 5478 3395 5533 porro
3432 5464 3531 5517 hac
3563 5465 3700 5517 allu-

2118 5537 2269 5590 sioue
2304 5549 2434 5588 usus
2482 5545 2565 5587 est
2620 5543 2804 5588 noster
2848 5535 2900 5587 in
2958 5548 3015 5587 re
3062 5544 3118 5589 et
3167 5548 3340 5602 pugna
3397 5535 3696 5603 spirituali;

2119 5605 2555 5673 quandoquidem
2589 5605 2763 5673 gratia
2802 5605 2973 5659 sancti
3020 5603 3256 5673 Spiritus
3292 5616 3474 5658 llllCllt)
3500 5605 3703 5659 dicitur

2118 5676 2138 5727 ι
2166 5673 2345 5740 Joan.,
2372 5689 2422 5728 c.
2457 5690 2494 5728 ιι
2527 5692 2541 5726 :
2573 5673 2679 5729 Sed
2713 5690 2802 5729 vos
2848 5675 3138 5728 unctionem
3181 5673 3385 5726 habetis
3422 5692 3453 5727 ιι
3482 5674 3699 5729 Sancto.

2119 5744 2185 5799 Et
2224 5745 2404 5799 itidem
2439 5743 2522 5799 inl'
2521 5760 2598 5799 ra.
