3974 6220
426 320 525 380 783

1766 323 2094 384 HOMILIA
2131 323 2288 386 XLl.

3576 321 3682 389 790

410 440 511 499 δας
540 438 647 489 τῶν
676 432 839 490 Λίθων
872 437 1189 509 δεχόμενος,
1235 437 1311 509 μὴ
1359 439 1550 508 στῆναι
1585 438 1683 508 τὴν
1716 439 1994 511 ἁμαρτίαν

2122 440 2188 493 lle
2211 439 2516 508 Stephanus
2540 437 2676 492 alios
2700 416 2864 507 super
2889 436 3026 493 alios
3054 435 3264 509 lapides
3294 438 3450 509 quasi
3488 438 3679 510 ingru-

408 532 524 591 τ’,ἷς
547 528 988 582 λιθολευστοῦσιν
1034 528 1329 599 ἐπηύχετο,
1364 529 1459 583 καὶ
1496 530 1838 601 ὁμολογήσας
1861 530 1997 583 ἐνώ-

410 638 535 672 πιον
584 620 679 673 τοῦ
722 621 1003 691 συνεδρίου
1051 622 1143 674 τὸν
1187 622 1418 692 Ἰησοῦν,
1475 619 1613 676 εἶδεν
1654 623 1818 675 αὐτὸν
1863 641 2000 692 προ-

410 713 600 779 φανῶς
668 713 1147 782 ἀνθομολογοῦντα
1191 715 1284 768 τὸν
1328 714 1569 785 ἀθλητὴν
1623 714 1853 770 ἐνώπιον
1904 717 1997 770 τοῦ

416 805 651 871 Πατρός.
697 822 715 854 ι
750 800 873 856 Είδε
909 804 1019 875 γὰρ
1060 804 1187 873 τοὺς
1220 807 1488 876 οὐρανοὺς
1533 807 1870 877 ὁινεῳγότας,
1903 810 1998 860 καὶ

411 897 507 949 τὸν
532 896 662 948 Υίὸν
688 895 782 948 τοῦ
825 896 962 949 Θεοῦ
998 917 1014 947 ι
1055 896 1146 950 διὰ
1185 900 1283 968 τῆς
1321 899 1566 962 στάσεως
1598 900 1706 952 τῶν
1730 899 1995 967 ἀγωνιζο-

414 982 595 1057 μένων
665 989 764 1056 τὴν
833 988 991 1058 νίκην
1040 989 1414 1059 βραϐεύοντα·
1465 993 1556 1046 καὶ
1609 993 1661 1045 οῑ
1709 992 1996 1045 ἀπόστολοι

413 1075 791 1145 τυπτηθέντες
825 1076 1074 1146 ἐξῆλθον,
1100 1080 1256 1150 φησὶ,
1295 1080 1584 1151 χαίροντες
1640 1082 1704 1134 ὲκ
1736 1080 1831 1133 τοῦ
1866 1099 1997 1134 συν-

412 1165 618 1235 εδρίου,
657 1185 673 1216 ι
708 1166 831 1219 Ὀτι
856 1166 1170 1238 ἠξιώθησαν
1218 1169 1360 1241 ὑπὲρ
1400 1168 1493 1221 τοῦ
1529 1168 1792 1239 ὀνόματος
1831 1170 1995 1223 αὐτοῦ

390 1258 807 1329 .ἁτιμασθῆναι.
844 1279 863 1310 ι
1485 1250 1497 1270 ⁸

390 1329 401 1403 ξ
491 1369 509 1403 ι
542 1353 734 1414 Ὅστις
775 1352 819 1403 δ’
847 1351 912 1404 ἂν
954 1353 1258 1423 ἀρνήσηταί
1302 1370 1367 1423 με
1409 1352 1718 1425 ἔμπροσθεν
1756 1354 1864 1406 τῶν
1904 1357 1998 1409 ἁν-

389 1442 669 1512 ΔΟρὼττων,
704 1445 1014 1515 ἀρνήσομαι
1047 1447 1209 1500 αὐτὸν
1236 1447 1390 1515 κάγὼ
1424 1446 1735 1516 ἔμπροσθεν
1762 1447 1857 1499 τοῦ
1887 1449 1998 1500 Πα-

410 1536 537 1604 τρὸς
578 1552 679 1605 μου
709 1535 802 1587 τοῦ
841 1538 899 1588 ὲν
930 1538 1202 1606 οὐρανοῖς.
1246 1557 1262 1588 ι
1300 1538 1500 1591 Σκόπει
1531 1539 1594 1611 δὴ
1627 1540 1774 1602 ὅπως
1811 1542 1867 1592 ἐν
1899 1541 1998 1610 μὲν

410 1626 489 1695 τῷ
518 1628 878 1696 ὁμολογῆσαι,
908 1629 1070 1700 ἔθηκε
1098 1632 1156 1682 τό
1176 1648 1189 1663 ·
1226 1650 1251 1681 ι.
1278 1631 1366 1683 Ἐν
1394 1632 1515 1700 ἐμοί
1535 1650 1547 1664 ·
1576 1651 1595 1683 ι
1629 1633 1686 1684 ὲν
1713 1632 1768 1685 δὲ
1795 1632 1875 1703 τῷ
1901 1633 1999 1705 ἀρ-

2101 539 2283 585 cntem
2318 529 2457 583 nit-is
2489 528 2717 583 imbrem
2749 527 3046 597 excipiens,
3096 543 3162 582 ne
3193 529 3243 581 id
3282 539 3504 600 peccato
3546 530 3685 600 lapi-

2102 621 2356 676 tlantibus
2388 627 2743 683 statueretur,
2768 620 2946 674 oravit
2974 619 3018 652 ⁸⁸
3041 636 3056 686 ;
3080 627 3274 674 etcum
3306 619 3357 674 in
3390 631 3683 689 conspectu

2102 711 2315 766 concilii
2355 709 2544 766 Jesum
2578 710 2868 766 confessus
2897 711 3233 786 essethvidit
3275 713 3449 781 ipsum
3496 726 3686 783 aperte

2101 818 2284 858 coram
2318 801 2479 857 Patre
2514 803 2579 859 de
2614 803 2817 857 athleta
2864 817 2964 858 suo
3016 803 3386 859 testimonium
3440 804 3682 860 vicissim

2100 897 2317 951 dantem
2363 911 2378 951 :
2418 914 2437 947 ι
2472 894 2786 950 Viditenim
2805 894 2975 951 cmlos
3004 902 3257 966 apertos,
3290 895 3558 972 etFilium
3592 896 3683 951 Dei
3766 880 3773 883 ’

2100 988 2422 1052 stantem”,
2468 1005 2489 1039 ι
2521 986 2764 1042 victoria:
2795 987 3016 1056 prtemia
3064 987 3360 1042 decernere
3406 988 3682 1043 bellatori-

2102 1083 2235 1143 bus;
2289 1089 2342 1135 et
2386 1080 2617 1149 apostoli
2663 1079 2981 1134 verberibus
3020 1079 3147 1134 cassi
3181 1079 3425 1145 exibant,
3478 1081 3676 1149 inquit,

2100 1174 2400 1241 gaudentes
2437 1186 2504 1226 ex
2536 1170 2788 1237 concilio,
2825 1189 2843 1223 ι
2881 1170 3135 1239 quoniam
3160 1168 3309 1239 digni
3353 1171 3521 1224 habiti
3561 1180 3687 1225 sunt

2102 1280 2199 1334 pro
2237 1266 2454 1320 nomine
2488 1264 2607 1332 ejus
2633 1262 3016 1318 contumeliam
3050 1261 3167 1332 pati
3195 1262 3264 1318 ³⁸.
3302 1280 3321 1314 ι

2179 1378 2197 1409 ‹
2237 1357 2341 1424 Qui
2376 1366 2558 1411 autem
2588 1355 2872 1427 negaverit
2905 1370 2991 1410 me
3017 1370 3203 1411 coram
3231 1354 3558 1420 hominibus,
3583 1372 3685 1412 ne—

2100 1449 2238 1518 gabo
2272 1458 2327 1503 ct
2377 1462 2476 1517 ego
2508 1464 2629 1503 eum
2666 1463 2848 1503 coram
2900 1447 3062 1503 Patre
3108 1462 3252 1516 meo,
3300 1448 3392 1519 qui
3436 1448 3493 1504 in
3535 1449 3688 1505 cmlis

2100 1550 2203 1596 est.
2247 1560 2265 1591 ι
2303 1539 2604 1596 Considera
2638 1542 2713 1595 uti
2747 1556 2870 1596 cum
2898 1542 2962 1597 de
2981 1542 3292 1597 conﬁtendo
3343 1542 3680 1611 loqueretur,

2102 1631 2317 1701 pOsuit:
2349 1650 2367 1683 ι
2398 1629 2454 1683 1η
2484 1645 2604 1696 me;
2643 1649 2662 1682 ι
2698 1646 2821 1685 cum
2844 1645 2973 1684 vero
2997 1630 3062 1684 tle
3082 1630 3349 1698 negando,
3386 1646 3490 1683 nun
3520 1630 3682 1693 itam;

412 1719 683 1787 νήσασθαι
716 1719 812 1789 οὐχ
843 1721 1039 1785 οὕτως,
1072 1723 1214 1775 ἀλλ’·
1251 1742 1268 1773 ι
1296 1722 1485 1785 Ὅστις
1518 1724 1813 1792 ἀρνήσεταί
1847 1740 1933 1792 με.
1974 1743 1992 1774 ι

2112 1722 2196 1776 ιρι]
2245 1741 2263 1773 ι
2302 1721 2402 1786 Qui
2431 1720 2709 1789 negaverit
2744 1734 2851 1773 mc.
2890 1738 2907 1771 ι
2944 1718 3059 1785 Qua
3090 1718 3158 1773 de
3183 1716 3386 1772 causa?
3421 1715 3684 1769 Nimirum

413 1806 512 1858 Διὲι
540 1806 621 1873 τίς
658 1808 722 1860 Ἦ
759 1808 859 1877 μὲν
890 1809 1155 1880 ὁμολογία
1183 1812 1283 1863 οὐκ
1310 1812 1435 1865 ἄνευ
1479 1812 1688 1879 γίνεται
1722 1814 1821 1881 τῆς
1852 1810 2001 1874 Θείας

415 1901 588 1970 ῥοπῆς
614 1916 631 1931 ⁸
667 1901 788 1954 οὐδὲ
831 1901 940 1973 γὰρ
975 1902 1087 1956 τῶν
1120 1902 1359 1955 εύκόλων
1394 1905 1508 1957 ἐστὶ
1530 1945 1544 1968 ,
1585 1905 1785 1974 μᾶλλον
1819 1905 1874 1958 δὲ
1910 1904 2003 1958 καὶ

414 1993 672 2057 καθάπαξ
704 1982 970 2048 ἇδύνατον
995 1995 1072 2065 τῷ
1100 1997 1173 2065 μὴ
1198 1994 1303 2048 τῶν
1331 1997 1475 2049 κατὰ
1500 1997 1599 2068 τὴν
1624 1998 1771 2067 ζωὴν
1797 1998 2002 2066 ταύτην

414 2087 585 2156 ἡδέων
616 2091 1017 2160 προτιμήσαντι
1047 2092 1114 2144 τὰ
1148 2090 1221 2160 μὴ
1255 2091 1556 2160 φαινόμενα
1578 2108 1591 2122 ο
1623 2092 1683 2144 τὸ
1713 2091 1768 2145 δέ
1798 2109 1860 2160 γε
1907 2094 2003 2163 ἄρα

413 2179 686 2249 νήσασθαι
720 2182 783 2233 ὲκ
815 2181 917 2249 τῆς
951 2181 1110 2251 ἡμῶν
1141 2181 1416 2253 ῥᾳθυμίας
1480 2184 1574 2236 καὶ
1605 2183 1702 2254 τῆς
1731 2184 1841 2237 τῶν
1875 2184 2004 2255 μελο

413 2271 617 2325 λόντων
648 2272 1001 2336 ἀνελπιστίας
1035 2274 1267 2341 γίνεται.
1306 2274 1445 2327 Ἀλλ’
1472 2275 1663 2346 ὥσπερ
1702 2279 1821 2330 ἐκεῖ
1860 2279 2004 2348 μέγα

413 2364 477 2415 τὸ
522 2363 785 2430 ἔπαθλον,
825 2366 923 2418 καὶ
964 2368 1213 2435 κρεῖττον
1255 2366 1356 2419 οὐκ
1398 2365 1545 2421 ἔστιν
1583 2368 1787 2437 εὑρεῖν,
1830 2369 2003 2433 οὕτως

416 2456 657 2510 ἐνταῦθα
685 2457 895 2527 φοϐερὰ
927 2459 958 2529 ἡ
989 2458 1211 2527 ἀπειλὴ,
1241 2462 1335 2512 καὶ
1367 2459 1572 2531 φρίκης
1604 2460 1888 2525 ἀνάπλεως
1909 2479 1922 2493 ο
1951 2463 2003 2515 τί

415 2550 528 2619 γὰρ
569 2548 636 2601 ἂν
678 2550 889 2617 γένοιτο
936 2551 1374 2622 φρικωδέστερον
1417 2550 1509 2603 τοῦ
1553 2552 1858 2623 ἀρνηθῆναι
1902 2555 2006 2606 ὑπὸ

415 2636 681 2705 Χριστοῦ,
716 2640 809 2691 καὶ
844 2638 1110 2692 ἀκοῦσαιο
1149 2659 1167 2691 ι
1207 2641 1320 2692 Ούκ
1353 2634 1473 2694 οῖδα
1507 2640 1683 2712 dixit;
1726 2661 1743 2692 ι
1782 2643 1847 2695 Τί
1883 2643 1937 2696 δὲ
1970 2645 2004 2713 ἡ

414 2728 511 2780 τοῦ
532 2729 768 2798 ούρανοῦ
798 2731 1079 2802 προσθήκη
1108 2732 1379 2802 βούλεται,
1399 2733 1715 2805 ἀρκούντως
1741 2733 1869 2799 ἴσως
1887 2735 2001 2789 τοῦ·

421 2842 439 2872 ι
485 2822 842 2892 Ὁμολογήσω
888 2825 1051 2877 αὑτὸν
1096 2824 1252 2892 κάγὼ
1297 2824 1610 2897 ἔμπροσθεν
1648 2826 1745 2879 τοῦ
1794 2828 2006 2898 “cum;

420 2932 559 2984 μους
603 2935 620 2966 ι
660 2916 877 2968 Εἴθιστο
911 2916 988 2986 τῷ
1023 2917 1236 2987 Σωτῆρι
1261 2917 1390 2987 περὶ
1424 2918 1516 2970 τοῦ
1550 2918 1764 2989 Πατρὸς
1800 2919 2007 2972 ὲκδιδάς

416 3027 602 3063 σκιντι
635 3009 982 3078 προστιθέναι
1013 3009 1089 3079 τῷ
1119 3010 1297 3080 λόγῳ’
1341 3031 1358 3062 ι
1397 3010 1500 3063 Τὸν
1529 3006 1803 3083 οὐράνιον.
1842 3031 1859 3063 ι
1899 3013 2008 3066 Καὶ

2105 1817 2230 1884 quia
2262 1812 2539 1870 confessio
2578 1814 2699 1869 sine
2728 1813 2917 1867 divino
2954 1811 3185 1881 impulsu
3234 1826 3339 1866 non
3374 1810 3461 1875 fit;
3512 1825 3687 1878 neque

2103 1911 2248 1964 enim
2281 1925 2366 1964 res
2399 1919 2482 1964 est
2515 1923 2578 1964 ex
2616 1909 2682 1963 iis
2711 1923 2832 1979 qua:
2864 1907 3052 1963 faciles
3085 1907 3228 1961 factu
3258 1915 3402 1970 sunt,
3432 1907 3525 1961 sed
3568 1919 3689 1973 quae

2106 2016 2329 2071 prorsus
2363 2001 2475 2055 fieri
2512 2016 2634 2059 .non
2687 2007 2906 2070 potest,
2958 1999 3063 2054 nisi
3126 1997 3250 2068 quis
3298 1997 3524 2066 hujusce
3563 1997 3689 2052 vitae

2104 2091 2519 2147 oblectamentis
2572 2090 2865 2146 invisibilia
2914 2089 3057 2144 bona
3102 2096 3382 2158 praeponat
3422 2102 3437 2139 :
3473 2085 3690 2155 negatio

2105 2199 2233 2240 vero
2268 2199 2334 2239 ex
2386 2193 2567 2238 nostra
2606 2183 2857 2238 socordia
2908 2181 3173 2248 nascitur,
3228 2191 3283 2235 et
3326 2196 3390 2235 ex
3433 2195 3498 2235 eo
3546 2179 3690 2251 qucd

2106 2279 2412 2334 futurorum
2450 2280 2719 2333 bonorum
2749 2291 2845 2346 spe
2871 2275 2992 2330 fulti
3032 2290 3137 2330 non
3174 2289 3380 2329 sumus.
3415 2272 3521 2328 Sed
3551 2273 3691 2328 sicut

2108 2373 2177 2427 ibi
2215 2372 2497 2440 prmmium
2523 2370 2765 2424 redditur
2792 2382 3041 2439 maguum
3087 2376 3139 2421 et
3166 2380 3273 2436 quo
3303 2364 3437 2419 nihil
3475 2364 3547 2420 sit
3577 2380 3692 2418 nte-

2108 2464 2210 2518 lius
2261 2464 2521 2532 reperire,
2578 2462 2651 2515 ita
2689 2461 2776 2514 hic
2818 2458 3090 2514 terribiles
3138 2458 3296 2512 mium
3341 2464 3396 2511 et
3448 2457 3690 2511 horroris

2107 2557 2299 2625 plenas.
2342 2553 2477 2622 Quid
2513 2554 2654 2608 enim
2700 2552 3032 2617 horribilius,
3075 2565 3236 2619 quam
3284 2565 3312 2603 a
3349 2548 3567 2605 Christo
3600 2564 3693 2601 ue-

2106 2645 2218 2716 gari
2247 2654 2300 2699 et
2328 2644 2536 2709 audire,
2573 2661 2591 2694 ι
2621 2641 2738 2695 Non
2781 2641 2901 2694 novi
2932 2655 3025 2695 vos
3054 2639 3141 2692 “'2
3181 2657 3199 2691 ι
3239 2638 3378 2705 Quid
3426 2653 3555 2691 vero
3584 2637 3690 2693 sibi

2108 2738 2223 2792 vult
2245 2738 2475 2807 adjectio
2496 2736 2658 2791 coeli?
2680 2751 2802 2791 cum
2831 2735 3060 2789 fortasse
3082 2734 3216 2787 satis
3240 2732 3476 2786 futurum
3502 2729 3695 2785 fuisset

2109 2832 2324 2887 dicere:
2356 2849 2373 2881 ι
2408 2829 2727 2885 Confltcbor
2751 2835 2804 2882 et
2829 2842 2928 2897 ego
2954 2842 3077 2882 eum
3101 2840 3280 2880 coram
3312 2822 3468 2878 Patre
3489 2836 3629 2876 meo.
3668 2839 3686 2873 ι

2109 2923 2402 2979 Familiare
2433 2921 2701 2976 Salvatori
2736 2919 2856 2983 fuit,
2896 2933 3018 2973 cum
3057 2917 3125 2973 de
3163 2918 3326 2972 Patre
3356 2916 3692 2986 loqueretur,

2111 3017 2330 3081 addere,
2371 3034 2389 3068 ι
2426 3014 2527 3081 Qui
2576 3016 2629 3068 in
2662 3013 2818 3068 ctelis
2860 3022 2963 3066 est.
3011 3030 3031 3064 ι
3076 3010 3290 3065 Etenim
3338 3024 3458 3062 cum
3506 3010 3696 3062 adum-

413 3104 525 3172 γὰρ
574 3103 667 3155 καὶ
714 3103 913 3155 ὁπόταν
959 3106 1198 3173 παραινῇ
1250 3105 1323 3172 μὴ
1372 3106 1736 3174 καταφρονεῖν
1772 3104 1882 3157 τῶν
1922 3105 2005 3157 δο-

2115 3120 2291 3176 neret,
2339 3126 2406 3165 ne
2450 3114 2931 3164 contemnerentur
2978 3106 3012 3160 ii
3049 3105 3138 3174 qui
3171 3102 3354 3174 pusilli
3386 3102 3637 3157 videntur
3676 3117 3692 3154 :

412 3195 662 3249 κ’,ύντων
687 3192 827 3248 εἶναι
858 3196 1100 3265 μικρῶν·
1140 3215 1158 3247 ι
1200 3198 1262 3248 υἱ
1292 3196 1538 3264 ἄγγελοι,
1572 3198 1727 3268 φησι,
1759 3198 1847 3251 διὰ
1876 3217 2009 3253 παν-

412 3288 509 3349 re;
554 3286 815 3357 βλέπουσι
849 3287 910 3340 τὸ
952 3288 1243 3357 πρόσωπον
1274 3288 1366 3340 τοῦ
1414 3288 1629 3356 Πατρδς
1678 3307 1781 3358 μου
1813 3290 1908 3343 τοῦ
1951 3292 2009 3343 ὲν

414 3380 705 3448 οὐρανοῖς·
754 3398 771 3432 ι
821 3379 950 3432 καίν
1002 3398 1019 3430 ι
1072 3378 1297 3431 Γίνεσθε
1342 3380 1577 3445 τέλειοι,
1622 3380 1804 3444 καθὼς
1846 3383 1940 3436 καὶ
1981 3383 2009 3436 ὁ

416 3471 613 3542 Πατὴρ
652 3470 809 3541 ἡμῶν
839 3472 865 3523 ὁ
894 3472 1143 3541 οὐράνιος
1173 3472 1382 3535 τέλειός
1421 3475 1559 3526 ἐστι.
1601 3492 1619 3524 ι
1655 3473 1768 3526 Καὶ
1801 3475 1888 3527 ὅτε
1933 3474 2009 3546 μὴ

412 3563 674 3633 ἀκαίροις
719 3564 1011 3634 μερίμναις
1054 3564 1467 3634 ἐνασχολεῖσθαι
1510 3567 1774 3625 νουθετεῖ,
1814 3565 2007 3632 ἐπάγει

413 3652 617 3720 λέγων,
658 3651 733 3717 ὡς
780 3671 798 3704 ι
850 3650 1006 3706 Οἶδεν
1045 3655 1072 3705 ὁ
1118 3653 1311 3723 Πατὴρ
1357 3652 1512 3723 ὑμῶν
1552 3655 1579 3706 ὁ
1620 3653 1893 3725 οὐράνιος,
1934 3647 2011 3708 ὧν

416 3742 611 3813 χρείαν
635 3742 787 3813 ἔχετε
807 3759 820 3773 ο
862 3761 880 3794 ›
917 3743 1010 3796 καί
1033 3759 1045 3773 ⁸
1081 3761 1099 3794 ι
1132 3741 1290 3797 Οῦτω
1319 3743 1591 3814 λαμψάτω
1616 3745 1676 3797 τὸ
1706 3745 1822 3814 φῶς
1857 3745 2010 3815 ὑμῶν

417 3835 736 3906 ἔμπροσθεν
762 3835 871 3888 τῶν
902 3835 1230 3906 ἀνθρώπων,
1263 3836 1349 3888 ἵνα
1381 3837 1580 3899 πάντες
1601 3836 1652 3890 oi
1676 3836 2012 3909 θεωροῦντες

417 3928 568 3996 ὑμᾶς
606 3926 877 3989 δοξάσωσι
933 3926 1027 3978 τὸν
1060 3925 1282 3996 Πατέρα
1313 3926 1469 3997 ὑμῶν
1500 3928 1590 3981 τὸν
1620 3930 1677 3983 ὲν
1705 3931 1817 3992 τοῖς
1847 3931 2011 4001 οὐραο

420 4020 559 4081 νοῖς.
609 4036 629 4071 ι
657 4018 771 4071 Καὶ
792 4016 1064 4071 διδάσκων
1086 4019 1213 4081 τοὺς
1242 4018 1511 4089 μαθητὰς,
1536 4020 1683 4084 ὅπως
1708 4021 1812 4092 χρὴ
1839 4039 2009 4092 προσ-

419 4110 711 4180 εύχεσθαι,
744 4111 833 4163 τὸν
862 4106 930 4164 ἐν’
947 4114 1061 4175 τοῖς
1096 4112 1347 4183 οὐρανοῖς
1388 4112 1607 4183 Πατέρα
1635 4116 1735 4184 τῆς
1774 4131 2011 4186 προσευ-

421 4203 524 4273 χῆς
546 4203 833 4273 προοίμιον
850 4203 1057 4273 τίθησι.
1078 4205 1142 4256 Τί
1167 4203 1299 4272 γοῦν
1319 4204 1641 4276 βουλόμενος
1657 4206 1815 4260 τοῦτο
1837 4210 2006 4273 noni;

433 4298 523 4360 Ὠς
574 4297 672 4368 μὲν
716 4297 866 4350 δοκεῖ
908 4315 1017 4351 τισι
1066 4298 1174 4351 τῶν
1222 4279 1538 4368 ἐξηγητῶν,
1587 4300 1776 4371 ἐπειδὴ
1823 4302 2012 4370 θρόνος

2117 3223 2133 3255 ι
2171 3201 2385 3270 Angeli,
2416 3200 2613 3270 inquit,
2649 3212 2867 3268 semper
2905 3196 3087 3251 vident
3129 3194 3323 3248 faciem
3355 3191 3533 3247 Patris
3567 3190 3695 3255 mei,

2111 3295 2203 3364 qui
2233 3293 2287 3347 in
2320 3292 2472 3347 cmlis
2502 3301 2586 3346 est
2615 3290 2696 3357 ⁸⁸;
2730 3307 2746 3340 ι
2783 3297 2837 3344 et
2868 3304 2881 3340 :
2923 3307 2940 3340 ‹
2974 3287 3166 3343 Estote
3207 3284 3459 3355 perfecti,
3483 3284 3619 3338 sicut
3644 3293 3697 3336 et

2109 3388 2271 3442 Pater
2295 3402 2450 3440 meus
2479 3384 2719 3441 caelestis
2751 3382 3022 3450 perfectus
3058 3391 3141 3436 est
3173 3381 3237 3433 ⁸⁸.
3275 3399 3292 3431 ο
3330 3378 3396 3432 Ει
3440 3393 3562 3432 cum
3599 3392 3697 3431 nos

2114 3478 2242 3531 item
2268 3477 2542 3540 hortatur,
2577 3490 2646 3530 ne
2673 3476 3028 3544 supervacuis
3057 3472 3203 3526 curis
3229 3483 3579 3539 occupemur,
3602 3469 3698 3521 ad-

2106 3569 2285 3639 jungit
2320 3568 2436 3622 haec
2465 3584 2480 3621 :
2521 3585 2539 3619 ι
2573 3564 2690 3621 Scit
2719 3564 2863 3619 enim
2888 3563 3051 3617 l’ater
3073 3571 3253 3618 vester
3278 3560 3540 3625 ctelestis,
3571 3560 3697 3629 quia

2116 3657 2203 3714 his
2242 3658 2496 3714 omnibus
2546 3657 2803 3728 indigetis
2855 3656 2933 3721 ⁸⁷;
2978 3672 2996 3705 ι
3045 3663 3142 3708 ct:
3188 3672 3207 3705 ι
3247 3652 3339 3708 Sic
3377 3653 3560 3707 luceat
3606 3651 3696 3704 lux

2112 3759 2294 3806 vestra
2328 3766 2512 3807 coram
2549 3749 2884 3815 hominibus,
2928 3757 2985 3802 ut
3007 3762 3220 3810 omnes,
3244 3746 3337 3816 qui
3362 3746 3550 3800 vident
3580 3758 3697 3805 vos,

2114 3843 2273 3914 291
2330 3844 2635 3913 glorificent.
2687 3842 2905 3898 Patrem
2954 3853 3218 3903 vestrum,
3269 3839 3364 3908 qui
3431 3840 3488 3893 in
3541 3837 3698 3905 caelis

2115 3944 2199 3990 est
2245 3935 2315 3989 ⁸⁸.
2367 3954 2386 3986 ι
2442 3934 2505 3988 Et
2537 3932 2831 4002 discipulos
2876 3931 3106 3986 formam
3157 3929 3427 3984 orationis
3475 3929 3697 3987 docens.

2115 4027 2327 4082 Patrem
2359 4026 2516 4096 quiin
2541 4024 2695 4080 caelis
2716 4033 2820 4085 est,
2844 4021 3443 4092 prommiumorationis
3461 4022 3591 4076 facit
3622 4021 3690 4074 δ’.

2116 4119 2229 4186 Qua
2266 4118 2429 4188 igitur
2461 4125 2642 4171 mente
2673 4116 2773 4169 hoc
2804 4115 2965 4169 facit?
3012 4112 3176 4177 Sane,
3212 4122 3273 4167 ut
3302 4113 3577 4169 nonnullis
3605 4115 3689 4168 in-

2116 4221 2412 4280 terpretum
2453 4210 2651 4281 placet,
2682 4208 2940 4279 quoniam
2982 4208 3183 4263 coelum
3220 4194 3446 4262 thronus
3474 4217 3559 4263 est
3586 4208 3700 4271 Dei,

2114 4305 2193 4361 sic
2247 4313 2479 4358 testante
2530 4301 2818 4372 Scriptura
2874 4301 3105 4355 divina:
3173 4319 3190 4352 ι
3221 4300 3431 4356 Coelnm
3476 4301 3703 4355 thronus

420 4391 539 4442 ἐστὶ
576 4390 669 4443 τοῦ
711 4389 848 4443 Θεοῦ
884 4393 911 4443 ὁ
942 4390 1203 4461 ούρανδς,
1241 4392 1382 4444 οὕτω
1419 4392 1684 4463 λεγούσης
1720 4394 1820 4464 τῆς
1858 4392 2005 4458 θείας

2116 4412 2301 4463 meus;
2360 4405 2500 4450 terra
2551 4403 2729 4449 autent
2770 4396 3174 4464 suppedanenm
3205 4394 3287 4457 ’°;
3324 4412 3343 4444 ι
3388 4402 3492 4446 et:
3536 4411 3555 4444 ι
3588 4390 3701 4447 Non

422 4485 650 4555 Γραρῆς
678 4503 690 4516 ·
730 4503 748 4536 ι
788 4484 845 4536 '0
879 4485 1109 4554 οὐρανός
1148 4501 1239 4554 μοι
1277 4484 1496 4553 θρόνος,
1528 4485 1560 4553 ἡ
1598 4484 1655 4536 δὲ
1691 4485 1762 4552 γῆ
1805 4484 2011 4538 ὑποπό-

422 4575 539 4627 διον
560 4592 574 4604 ’
616 4594 634 4625 ι
668 4576 763 4628 καί
783 4591 797 4605 ⁸
833 4595 850 4627 ι
885 4576 978 4645 Μὴ
1006 4575 1236 4645 ὀμνύετε
1265 4577 1345 4637 εἰς
1370 4575 1458 4626 τὸν
1484 4575 1714 4646 οὐρανὸν
1737 4615 1750 4637 ,
1778 4576 1862 4628 ὅτι
1892 4576 2017 4645 θρύ-

420 4686 513 4731 νος
544 4671 659 4721 ἐστὶ
688 4668 782 4722 τοῦ
811 4667 944 4720 Θεοῦ
966 4684 978 4697 ·
1019 4687 1033 4717 ι
1071 4667 1160 4720 διὰ
1199 4666 1357 4718 τοῦτο
1389 4667 1746 4736 μνημονεύων
1776 4667 1869 4719 τοῦ
1908 4670 2016 4720 Πα-

422 4756 573 4828 τρὸς,
621 4754 947 4825 προστίθησι
992 4756 1086 4806 καὶ
1131 4755 1221 4807 τὶν
1272 4755 1597 4823 περιϐόητον
1641 4753 1830 4825 θρόνον
1872 4757 1929 4809 ὲν
1975 4750 2019 4824 ᾧ

421 4846 731 4917 ὲνιδρύσθαι
759 4846 977 4913 λέγεται
1001 4860 1016 4876 ⁶
1044 4845 1139 4898 καὶ
1167 4844 1252 4897 διὶι
1279 4844 1372 4896 τοῦ
1401 4844 1630 4914 ούρανοῦ
1656 4845 1754 4907 τὰς
1782 4846 1839 4898 ἑν
1866 4846 2016 4916 αύτῷ

425 4940 764 5009 πυρσοφαεῖς
802 4938 993 4999 οὐσίας
1024 4937 1133 4989 τῶν
1172 4936 1425 5005 Σεραφὶμ
1468 4937 1855 5007 αἰνιττόμενος.
1902 4939 2012 4992 Καὶ

424 5038 543 5082 εστι
587 5031 685 5101 μὲν
726 5030 855 5093 ἴσως
896 5030 995 5082 οὐκ
1036 5029 1144 5081 ἀπὸ
1187 5028 1391 5080 σκοποῦ
1430 5028 1524 5080 τοῦ
1569 5031 1938 5098 προσήκοντος
1978 5033 2009 5099 ή

424 5122 651 5192 τοιαύτη
683 5123 911 5176 διάνοια.
948 5120 1092 5173 Ἀλλ’
1114 5121 1239 5190 ἐμοὶ
1267 5122 1413 5173 δοκεῖ
1441 5120 1502 5173 ού
1535 5120 1594 5173 τὸ
1627 5125 1888 5190 στοιχεῖον
1916 5121 2008 5175 τοῦ

496 5260 539 5288 ⁸⁸
570 5259 693 5315 Aet.
729 5276 825 5324 vtt,
859 5259 1091 5314 56—59.

428 5346 482 5392 v,
517 5331 608 5385 48.
681 5331 726 5363 ⁸⁷
757 5330 951 5385 Matth.
984 5347 1061 5396 γι,
1092 5331 1179 5386 52.

1192 5260 1236 5290 ⁸¹
1265 5260 1394 5312 ἱΙιίιΙ.
1432 5260 1520 5311 55.

1257 5329 1303 5359 ⁸⁸
1328 5330 1515 5383 Matth.
1550 5344 1603 5393 v,
1635 5330 1720 5384 t6.

1597 5258 1641 5289 ⁸³
1674 5259 1797 5312 Act.
1854 5276 1907 5319 v.
1941 5259 2030 5314 41.
2107 5260 2152 5291 ⁸⁵
2182 5260 2373 5314 Matth.
2406 5274 2556 5321 τίειν,
2593 5258 2680 5312 15.

1799 5330 1842 5362 ⁸³
1874 5329 2061 5385 Matth.
2092 5346 2164 5395 Vt,
2194 5329 2248 5385 9.

2112 4493 2292 4563 jurate
2316 4504 2412 4559 per
2432 4487 2650 4552 caelum,
2679 4489 2805 4557 quia
2837 4490 3065 4542 thronus
3089 4486 3183 4540 Dei
3207 4493 3289 4540 est
3318 4502 3333 4539 :
3367 4502 3387 4537 ι
3412 4486 3534 4540 ideo
3557 4499 3706 4538 men-

2123 4582 2330 4635 tionem
2364 4582 2429 4633 de
2456 4578 2618 4632 Patre
2658 4577 2865 4632 faciens
2893 4576 3151 4631 thronum
3183 4575 3351 4630 etiam
3382 4573 3528 4628 illum
3577 4588 3702 4641 per-

2119 4666 2388 4721 celebrem
2440 4665 2610 4729 addit,
2654 4665 2707 4719 in
2750 4680 2855 4735 quo
2885 4664 3085 4719 dicitur
3128 4664 3437 4719 considere.
3473 4662 3538 4716 Et
3574 4663 3699 4718 σαιΙί

2120 4757 2338 4825 quidem
2378 4756 2598 4810 nomine
2638 4756 2792 4825 quasi
2836 4755 2888 4809 in
2925 4755 3214 4825 :Pnigmate
3249 4753 3537 4823 Seraphim
3596 4768 3697 4806 na-

2125 4857 2273 4901 turas
2303 4847 2642 4901 flatnmarum
2680 4847 2853 4901 instar
2910 4847 3167 4900 ardentes
3222 4843 3449 4897 involvit
3485 4859 3499 4895 :
3542 4855 3702 4913 atque

2124 4941 2213 4994 hic
2244 4955 2375 4996 sane
2408 4939 2717 4993 intellectus
2750 4936 2998 4992 fortassis
3029 4952 3057 4989 a
3090 4951 3255 5005 scopo
3283 4935 3561 5004 proposito
3595 4951 3699 4987 non

2120 5034 2359 5086 aberrat.
2382 5031 2487 5087 Sed
2513 5031 2640 5087 mihi
2659 5029 2869 5085 videtur
2904 5025 3252 5095 Evangelium
3274 5026 3320 5058 ’ί
3347 5027 3413 5080 de
3448 5026 3551 5081 hoc
3577 5028 3698 5080 C(l‘li

2124 5126 2392 5178 elemento
2426 5123 2536 5192 (67)
2575 5137 2680 5176 non
2746 5120 2897 5189 quasi
2928 5119 2995 5174 de
3025 5118 3204 5189 aliquo
3241 5128 3453 5174 secreto
3490 5119 3581 5173 Dei
3605 5119 3700 5166 du—

2758 5256 2803 5289 ⁸³
2839 5255 3031 5311 Matth.
3067 5272 3224 5322 xvut,
3258 5256 3345 5310 10.
3437 5255 3485 5288 ⁸⁸
3513 5255 3697 5307 abuit-

2322 5332 2368 5363 ⁹⁰
2401 5331 2503 5385 lsa.
2542 5343 2688 5391 vat,
2724 5328 2777 5382 1.
2855 5327 2897 5359 ⁹¹
2930 5326 3127 5381 Matth.
3164 5342 3217 5392 ν,
3254 5326 3309 5381 5.

1666 5446 1996 5509 Francisci
2030 5446 2246 5510 Scorsi
2277 5453 2461 5509 notae.

506 5566 619 5639 (6'7)
656 5566 735 5621 De
766 5566 862 5620 hoc
904 5565 1015 5621 cceli
1042 5566 1314 5621 elemento.
1339 5564 1546 5622 leum
1580 5576 1741 5639 vocat
1772 5566 2009 5639 elemen-

430 5637 568 5701 tum,
604 5640 745 5705 quod
777 5646 830 5691 et
859 5653 1018 5705 supra
1039 5639 1415 5691 adnotavimus
1440 5639 1587 5691 hom.
1627 5637 1713 5703 l7,
1751 5646 1865 5691 not.
1913 5638 2003 5692 93.

428 5709 601 5761 l’urrn
660 5723 782 5777 crint
819 5710 967 5761 addit
998 5709 1253 5777 καθάπερ
1288 5725 1339 5760 τι
1373 5708 1784 5776 κεχωρισμένον
1808 5709 2010 5760 ἐκδιαί-

429 5794 586 5847 τημα
616 5776 708 5829 τοῦ
744 5777 905 5843 Θεοῦ,
951 5779 1051 5833 hoc
1076 5776 1435 5848 Theophanes
1458 5777 1587 5833 dicit
1613 5794 1625 5833 :
1656 5778 1851 5833 caelum
1900 5794 2007 5833 non

2120 5568 2194 5621 ita
2260 5578 2382 5620 esse
2416 5564 2510 5621 Dei
2561 5564 2892 5619 domicilium
2956 5561 3358 5632 accipiendum,
3417 5561 3574 5630 quasi
3632 5563 3704 5615 sit

2122 5636 2321 5705 aliquid
2348 5634 2674 5703 disiunctum
2717 5644 2769 5688 et
2799 5645 3069 5687 secretum
3101 5703 3107 5705 _
3139 5634 3207 5685 ab
3243 5636 3542 5705 universo,_
3575 5648 3699 5685 cunt

2124 5703 2441 5760 universum
2497 5707 2615 5775 ipse
2659 5721 2907 5774 peneque
2986 5703 3227 5775 impleat,
3293 5712 3351 5775 ct
3402 5703 3696 5775 contineat,

2125 5776 2270 5845 quod
2333 5771 2563 5834 fortasse
2626 5771 2959 5841 rudioribus,
3039 5773 3106 5828 ad
3157 5789 3294 5843 quos
3341 5771 3700 5829 instruendos
