3974 6220
285 308 399 374 79Ἱ

1677 331 2010 395 HOMILIA
2050 340 2207 405 XLI.

3454 353 3562 418 79i

361 428 556 540 Πατήρ
582 430 695 487 τῶν
728 437 1191 510 σαρκωδεστέρων
1222 442 1251 495 6
1282 442 1489 515 κόσμος
1524 438 1681 511 οὗτός
1713 450 1864 502 ἐστι·

2045 456 2212 511 Pater
2240 474 2452 529 eorum,
2501 464 2592 534 qui
2640 464 2924 522 desideriis
2958 467 3141 523 carnis
3180 470 3353 540 magis
3396 468 3566 525 dediti

288 522 476 595 μήτηρ
509 523 567 578 δὲ
591 526 801 582 τούτων
830 530 863 600 ή
896 531 1174 603 αἴσθησις,
1209 537 1459 597 σύνοικος
1492 534 1625 592 οὖσα
1657 541 1751 593 ττιῦ
1786 544 1881 594 κό-

286 632 459 683 σμον,
491 619 587 670 καὶ
622 623 913 693 συγγενής.
945 622 1083 679 Οὔτε
1113 622 1208 680 οὖν
1235 629 1329 683 τὸν
1358 631 1593 701 κόσμον,
1626 632 1750 686 οὔτε
1782 636 1882 703 τὴν

283 708 560 781 αῖσοητὴν
600 712 808 782 ταύτην
841 714 989 781 ζωὴν
1024 717 1168 789 ὑπὲρ
1202 721 1295 773 τὸν
1329 723 1462 776 Θεὸν
1499 725 1755 796 στέργειν
1791 728 1880 780 ἐν⁴

278 801 524 871 δέχοιντο
564 802 660 865 ἂν,
694 805 833 859 ἀλλὰ
868 808 1124 863 σπεύδειν
1158 815 1225 884 τῇ
1264 818 1585 885 προαιρέσει
1619 818 1719 887 τῆς
1751 818 1879 871 τού-

279 909 393 944 των
434 896 757 961 συγγενείας
801 901 1129 974 ἁποφοιτᾷν,
1166 906 1259 957 καὶ
1305 905 1425 976 μετ’
1453 909 1679 962 ἐκείνων
1721 911 1882 964 τετά-

274 980 431 1053 χτῑατ,
456 1002 475 1034 ι
499 985 564 1038 Oi
590 987 691 1039 οὐκ
715 989 772 1055 ἐξ
798 991 1069 1061 αἱμάτων,
1091 996 1212 1050 οὐδὲ
1236 999 1299 1050 ἐκ
1322 999 1626 1072 Θελήματος
1651 1006 1875 1073 σαρκὸς,

239 1150 242 1153 Δ
275 1074 401 1125 οὐδέ
443 1076 507 1128 ἐκ
531 1076 858 1168 Αθελήματος
898 1085 1113 1157 ἀνδρὸς,
1152 1088 1269 1142 ἀλλ’
1295 1092 1362 1144 ἐκ
1402 1090 1539 1146 Θεοῦ
1582 1095 1878 1168 ἐγεννήθη-

279 1182 406 1231 σαν,
445 1187 463 1217 ι
500 1163 583 1233 οἷς
612 1173 641 1224 6
675 1172 880 1243 Κύριος
910 1176 1097 1246 λέγει·
1135 1199 1153 1233 ι
1189 1181 1380 1252 Ὑμεῖς
1409 1185 1510 1239 οὐκ
1541 1187 1663 1241 ἐστέ
1694 1190 1758 1243 ἐκ
1781 1190 1875 1243 τοῦ

243 1341 249 1357 γ
277 1262 490 1328 κόσμον
524 1264 717 1318 τούτου
743 1285 757 1301 ο
798 1287 818 1319 ι
854 1270 953 1340 οὐχ
986 1272 1066 1325 ὅτι
1102 1273 1201 1327 οὐκ
1233 1271 1373 1345 ἦσαν
1402 1279 1468 1331 ἐκ
1498 1279 1592 1332 τοῦ
1629 1280 1836 1351 κόσμου
1858 1321 1873 1346 ,

239 1369 248 1425 t
281 1358 400 1410 ἑλλ*
423 1359 528 1423 ὅτι,
568 1360 661 1412 τὸν
696 1361 900 1430 κόσμον
930 1364 1022 1416 τὸν
1058 1367 1320 1434 σαρκικὸν
1354 1369 1565 1440 πατέρα
1582 1372 1866 1439 φυγόντες,

274 1451 359 1520 τῷ
394 1451 635 1522 ἀληθινῴ
672 1454 848 1526 Πατρὶ
877 1456 1259 1527 ᾠκειώοησαν.
1297 1480 1314 1511 ι
1354 1462 1464 1515 Καὶ
1497 1465 1526 1515 6
1559 1462 1729 1532 φιλῶν
1759 1463 1874 1517 υἱὸν

273 1543 309 1612 ἦ
347 1543 627 1614 Θυγατέρα
655 1545 797 1616 ὑπὲρ
826 1547 928 1617 ἐμὲ
980 1550 1081 1602 οὐκ
1106 1548 1226 1603 ἐστι
1259 1569 1361 1619 μου
1389 1551 1560 1617 ἄξιος.
1594 1571 1611 1605 ι
1652 1554 1870 1625 Ἐπειδὴ

274 1638 308 1703 ἡ
357 1638 497 1705 πρὸς
536 1639 663 1700 τοὺς
701 1638 902 1703 παῖδας
940 1639 1050 1693 τῶν
1091 1641 1306 1709 φύντων
1347 1645 1551 1715 στοργὴ
1591 1645 1871 1716 βιαιοτέρα

272 1730 431 1783 δοκεῖ
483 1731 591 1785 τῶν
633 1732 841 1786 παίδων
885 1733 1025 1804 πρὸς
1064 1736 1189 1799 τοὺς
1238 1738 1605 1808 γεννήσαντας
1647 1756 1664 1772 ο
1709 1740 1869 1795 τοῦτο

272 1821 391 1889 γὰρ
435 1824 530 1877 καὶ
569 1825 597 1876 ό
641 1824 807 1895 νόμος
853 1826 1116 1891 δείκνυσι,
1159 1830 1325 1901 τιμᾷν
1367 1830 1467 1901 μὲν
1505 1834 1617 1895 τοῖς
1653 1833 1867 1896 τέκνοις
1894 1818 1942 1877 Β

231 1983 241 1991 _
269 1914 406 1977 τοὺς
441 1916 618 1981 γονεῖς
655 1915 1065 1986 ἐντελλόμενος,
1099 1921 1210 1981 τοῖς
1252 1918 1308 1973 δέ
1350 1923 1736 1990 γεγεννηκόσιν
1770 1922 1871 1975 οὐκ

271 2007 585 2061 ἐπιτάττων
613 2009 683 2061 τὰ
715 2009 883 2063 τέκνα
916 2010 1124 2079 φιλεῖν,
1154 2011 1231 2074 ὡς
1262 2013 1362 2084 τὴν
1393 2013 1635 2082 ἄφυκτον
1665 2014 1871 2087 ταύτην

271 2100 530 2171 ἀνάγκην
562 2102 749 2167 αὐτοῖς
792 2102 1129 2171 ἐπιτιθείσης
1163 2106 1265 2175 τῆς
1307 2106 1544 2176 φύσεως.
1577 2107 1679 2161 Διὰ
1713 2109 1872 2162 τοῦτο

273 2193 392 2245 ἀπὸ
439 2194 774 2264 ρᾳδιωτέρου
820 2196 1128 2266 ἀρξάμενος
1157 2198 1365 2268 μέτεισι
1393 2199 1580 2254 λοιπὸν
1604 2203 1685 2266 εἰς
1705 2202 1767 2255 τὸ
1791 2202 1870 2256 δο-

272 2285 414 2340 κοῦν
438 2288 883 2359 δυσχερέστερον.
913 2290 1059 2361 Πλὴν
1085 2293 1194 2345 οὐδ’
1216 2293 1449 2348 ἐνταῦθα
1474 2291 1651 2356 εἶπεν.
1670 2297 1726 2349 Ὀ
1739 2296 1873 2364 ἀγα-

272 2380 402 2434 πῶν
428 2382 598 2452 οἰδνῆ
632 2382 933 2453 Θυγατέρα,
961 2386 1098 2450 ἀλλ’,
1130 2407 1148 2440 ι
1172 2388 1230 2441 Ὀ
1262 2388 1465 2458 φιλῶνο
1505 2409 1523 2442 ι
1560 2391 1588 2443 6
1619 2388 1729 2462 γὰρ
1758 2391 1868 2445 τῶν

270 2473 491 2526 τέκνων
520 2474 684 2538 πόθος
714 2476 888 2543 φιλία,
939 2478 1038 2531 οὐκ
1080 2480 1271 2549 ἀγάπη
1320 2481 1490 2535 ἐστίν.
1542 2482 1602 2534 Ei
1646 2482 1757 2553 γὰρ
1799 2477 1870 2553 ἦν

268 2565 496 2635 ἀγάπη,
539 2565 997 2634 δυσαπόσπαστος
1025 2566 1114 2642 ἦν,
1158 2571 1252 2626 καὶ
1292 2572 1522 2642 λυθῆναι
1561 2572 1862 2638 ἀδύνατος·

278 2679 297 2712 ι
346 2661 411 2713 Ἡ
443 2662 551 2732 γὰρ
576 2662 771 2735 ἀγάπη
799 2664 1056 2720 οὐδέποτε
1086 2668 1367 2732 ἐκπίπτει,
1402 2686 1420 2718 ι
1460 2668 1627 2739 φησὶν
1652 2671 1681 2723 6
1711 2670 1871 2723 Ἀπό-

357 2829 405 2860 ⁹³
429 2825 585 2883 Joau.
623 2833 779 2895 1,15.
858 2829 905 2864 “
928 2827 1085 2887 Joan.
1120 2848 1209 2896 xv,
1247 2830 1303 2887 9.

1985 560 2139 615 sunt,
2165 554 2396 609 mundus
2425 554 2514 611 hic
2544 566 2659 624 est;
2694 567 2748 613 et
2777 561 3089 614 eorumdem
3124 571 3297 616 mater
3327 570 3411 617 est
3439 577 3567 618 seu-

1985 658 2100 707 sus,
2147 646 2237 712 qui
2273 662 2395 699 cum
2434 651 2634 703 mundo
2664 653 3114 706 consuetudinem
3150 654 3333 717 habet,
3382 655 3564 723 eique,

1982 736 2309 804 cognatione
2363 740 2590 805 quadam
2638 740 2961 809 coniunctus
3010 751 3113 798 est.
3156 743 3263 799 Nec
3301 748 3563 799 mundum

1984 826 2168 895 igitur,
2210 846 2310 884 nec
2340 832 2501 885 vitam
2526 834 2665 888 hanc
2703 836 3017 891 sensibilem
3058 852 3223 903 supra
3261 838 3437 892 Deum
3479 841 3564 892 di—

1982 917 2150 987 ligere
2171 920 2471 989 contingat,
2492 924 2584 977 sed
2613 925 2834 980 studere
2856 927 3036 995 potius
3071 943 3165 995 par
3189 939 3273 983 est
3298 928 3564 984 electione

1980 1010 2276 1065 voluntatis
2315 1012 2383 1066 ab
2412 1014 2513 1068 hac
2544 1017 2865 1085 cognatione
2908 1019 3163 1072 recedere
3193 1028 3247 1073 et
3277 1023 3562 1091 aggregari

1979 1090 2104 1158 cuni
2140 1104 2244 1159 illis
2269 1146 2285 1171 ,
2323 1125 2342 1157 ι
2383 1105 2487 1173 Qui
2516 1124 2622 1162 non
2655 1124 2723 1163 ex
2748 1111 3101 1179 sanguinibus
3150 1126 3325 1181 neque
3357 1128 3425 1168 ex
3460 1130 3562 1167 vo-

1979 1193 2191 1247 luntate
2219 1196 2425 1258 carnis,
2458 1210 2632 1265 neque
2660 1206 2717 1250 et
2745 1196 3025 1252 voluntate
3062 1199 3158 1253 viri
3187 1240 3202 1265 ,
3230 1200 3323 1255 sed
3358 1217 3422 1255 ex
3455 1201 3562 1257 Deo

1984 1288 2095 1341 nati
2141 1297 2269 1342 sunt
2311 1287 2389 1352 ⁹⁸;
2439 1308 2458 1342 ι
2502 1291 2697 1359 quibus
2756 1289 3017 1346 Dominus
3070 1293 3246 1346 dixit:
3295 1311 3315 1345 ι
3358 1292 3464 1346 Vos
3498 1297 3563 1348 de

1980 1379 2083 1434 hoc
2124 1381 2323 1435 nmudo
2347 1397 2452 1437 non
2509 1384 2641 1437 estis
2669 1384 2785 1448 ’δη
2821 1400 2924 1438 non
2965 1387 3200 1454 quodex
3230 1388 3428 1440 mundo
3453 1405 3559 1441 nun

1976 1481 2180 1537 essent,
2210 1475 2302 1528 sed
2332 1476 2474 1544 quod
2506 1477 2761 1529 mundum
2801 1486 3054 1546 tanquam
3106 1487 3312 1545 patrem
3365 1494 3559 1534 eat-ua-

1976 1562 2081 1617 lem
2121 1563 2418 1635 fugientes,
2473 1583 2601 1622 vero
2650 1567 2790 1624 Patri
2845 1584 2903 1623 se
2963 1570 3388 1625 astrinxerunt:
3440 1590 3458 1622 ι
3492 1571 3561 1625 Et

1973 1655 2064 1723 qui
2098 1665 2243 1710 amat
2271 1654 2434 1709 filium
2479 1666 2576 1710 aut
2634 1657 2797 1712 tiliam
2857 1658 2980 1727 plus
3010 1675 3167 1730 quam
3209 1677 3312 1726 me,
3349 1673 3558 1715 nonest

1977 1760 2062 1799 nte
2099 1746 2315 1817 dignus.
2355 1766 2374 1798 ι
2412 1748 2676 1814 Quoniam
2701 1761 2985 1818 parentum
3022 1768 3177 1807 amor
3214 1755 3265 1807 in
3299 1753 3436 1809 ﬁlios
3462 1770 3555 1807 ve-

1978 1840 2284 1893 hementior
2317 1840 2530 1894 videtur
2556 1856 2697 1906 esse,
2727 1857 2889 1911 quam
2916 1843 3147 1899 filiorum
3182 1846 3232 1898 in
3264 1857 3513 1913 parentes
3539 1861 3554 1898 :

1973 1929 2075 1985 hoe
2106 1932 2248 1985 enim
2279 1940 2334 1986 et
2368 1931 2452 1986 lex
2490 1934 2745 1999 ostendit,
2801 1950 2922 2002 quae
2971 1936 3096 1991 filiis
3152 1938 3366 2005 quidem
3420 1954 3559 2006 pra:-

1970 2023 2097 2092 cipit
2140 2032 2197 2077 ut
2225 2024 2483 2078 honorem
2513 2025 2747 2080 habeant
2784 2027 3146 2098 genitoribus,
3178 2045 3281 2083 non
3307 2044 3438 2084 vero
3467 2045 3555 2100 ge-

1972 2116 2237 2171 nitoribus
2276 2127 2335 2169 ut
2363 2132 2545 2172 amore
2577 2118 2715 2174 tilios
2749 2134 3171 2191 prosequantur,
3208 2123 3407 2192 quippe
3431 2139 3554 2178 cum

1972 2208 2115 2264 hanc
2174 2209 2575 2265 ineluctabilem
2629 2214 3007 2267 necessitatem
3069 2216 3182 2284 (75)
3235 2216 3556 2283 imposuerit

1970 2300 2076 2355 illis
2107 2302 2219 2369 ipsa
2255 2311 2488 2369 natura;
2532 2305 2653 2360 ideo
2696 2321 2726 2359 ιι
2769 2304 3015 2361 faciliore
3056 2309 3269 2361 initium
3303 2325 3548 2369 sumens.

1971 2390 2041 2447 ad
2087 2391 2141 2452 id
2191 2395 2334 2462 quod
2381 2394 2651 2450 dillieilins
2682 2396 2919 2461 videtur,
2979 2399 3207 2468 gradum
3252 2399 3405 2453 facit.
3442 2400 3550 2453 Sed

1968 2500 2098 2541 vero
2136 2502 2308 2555 neque
2338 2489 2440 2544 hoc
2482 2490 2601 2544 loco
2633 2491 2791 2553 dixit,
2833 2490 2937 2557 Qui
2963 2494 3252 2555 charitate.
3288 2472 3405 2557 sed,
3447 2493 3550 2560 Qui

1969 2593 2156 2634 amore
2194 2578 2361 2634 filium
2427 2583 2697 2651 ﬁliamque
2733 2585 3098 2653 prosequitur.
3139 2584 3376 2640 Atl’ectns
3402 2587 3549 2641 enim

1970 2671 2228 2738 ﬁliorum,
2272 2689 2426 2730 amor
2470 2676 2691 2747 quidam
2732 2687 2837 2744 est,
2874 2694 2979 2732 non
3035 2677 3275 2733 Charitas
3308 2680 3419 2753 (τι)
3453 2698 3467 2735 :
3503 2682 3548 2736 si

1554 2944 1877 3007 Francisei
1909 2948 2117 3010 Seorsi
2148 2954 2339 3010 notio.

273 3083 352 3125 et
397 3067 569 3122 sacris
592 3066 907 3143 _Seripturis
934 3070 1221 3143 accipitur,
1263 3070 1327 3125 ad
1366 3087 1568 3143 sensus
1595 3073 1854 3143 tnysticos

274 3153 383 3210 eas
431 3136 745 3193 transferre
814 3140 1089 3204 convenit,
1140 3143 1281 3210 quod
1326 3142 1395 3196 ab
1441 3136 1695 3196 omnibus
1749 3143 1849 3198 SS.

273 3209 563 3269 Patrihus,
620 3218 731 3262 tum
799 3211 1020 3271 Gmcis,

274 3281 562 3342 videmus,
590 3280 642 3334 id
701 3280 1002 3335 faciendum
1037 3283 1138 3336 hoc
1162 3281 1279 3335 loco
1303 3283 1662 3352 Theophanes
1689 3287 1854 3338 etiam

278 3352 550 3421 prmcepit
594 3366 742 3423 cum;
778 3352 854 3403 ait
884 3369 898 3406 :
925 3353 1014 3423 Ob
1047 3353 1153 3423 χρὴ
1189 3354 1337 3421 μόνῳ
1390 3354 1754 3422 προσανέχειν
1780 3356 1857 3421 τῷ

273 3424 625 3490 γράμματι·
691 3421 814 3475 Non
851 3421 953 3476 soli
986 3421 1176 3477 litterae
1221 3426 1455 3478 convenit
1510 3421 1729 3478 mentem
1763 3427 1861 3480 ad—

272 3504 502 3548 vertere.
553 3492 927 3563 Attendmtdus
967 3505 1048 3548 est
1107 3509 1240 3548 sane
1302 3497 1535 3563 primum
1606 3494 1859 3551 litterulis

275 3579 515 3636 sensus,
563 3562 756 3616 deinde
802 3562 1060 3617 elevanda
1121 3581 1272 3618 mens
1304 3562 1369 3617 ad
1420 3565 1701 3636 mysticus.
1763 3584 1858 3621 seu

277 3633 617 3702 allegoricos
642 3674 654 3690 .
702 3649 794 3684 seu
854 3636 1224 3704 anagogicos:
1266 3636 1347 3689 lue
1384 3633 1528 3689 enim
1573 3646 1696 3691 sunt
1732 3653 1862 3703 par-

274 3716 380 3777 tes
439 3704 682 3777 mystifte
724 3705 1008 3770 doctrinm,
1072 3707 1138 3760 de
1170 3706 1366 3775 quibus
1400 3706 1517 3777 lege
1552 3709 1856 3777 pragsertim

271 3774 568 3847 Alfonsum
591 3773 963 3828 Salmerouem
981 3790 1092 3847 soe.
1115 3773 1333 3839 nostrai,
1351 3773 1523 3831 tomil
1553 3779 1604 3830 in
1635 3776 1860 3847 Evang.,

279 3847 386 3919 qui
421 3846 807 3919 prolegomena
850 3846 1132 3919 continet:
1172 3847 1296 3902 vide
1320 3856 1399 3919 Aet
1447 3864 1475 3901 a
1518 3847 1674 3903 nobis
1709 3846 1863 3919 plura

278 3917 546 3970 adnotata
583 3915 721 3968 infra
749 3919 814 3968 ad
848 3918 994 3969 hom.
1033 3917 1119 3977 14,
1157 3926 1271 3971 ηοῑ.
1311 3917 1404 3972 26.

367 3987 477 4056 (75)
513 3983 913 4040 Incluctabilem
950 3988 1333 4058 necessitatem.
1397 3988 1456 4043 S.
1513 3987 1744 4058 Cyrillus
1811 3989 1865 4043 in

276 4060 489 4115 Oseam
521 4067 677 4110 Vocat
724 4058 936 4129 ἄμαχον
968 4056 1363 4129 φιλοστοργίαν
1389 4077 1403 4125 ;
1438 4056 1604 4129 agens
1632 4060 1772 4113 enim
1801 4060 1868 4113 de

281 4128 478 4187 malis,
526 4144 647 4195 qua:
696 4130 747 4180 in
783 4127 1143 4197 Hierosolym.
1177 4127 1455 4183 obsidione.
1488 4127 1689 4183 inﬂicta
1718 4140 1866 4189 sunt,

281 4240 331 4256 ..
350 4199 461 4252 ,καὶ
487 4198 895 4272 φιλοστοργίας,
926 4200 1124 4272 inqu't,
1156 4200 1375 4269 ἀμάχου
1406 4201 1672 4272 ῥᾳθυμεῖν
1699 4200 1871 4262 αὐτὰς

279 4269 703 4336 ἀναγκάζοντος
747 4268 843 4321 τοῦ
869 4268 1052 4337 λιμοῦ.
1102 4280 1161 4323 "t
1206 4272 1371 4324 etiam
1406 4268 1655 4325 Vainoretn
1702 4273 1754 4324 in
1808 4272 1871 4324 li-

280 4344 399 4396 tios
432 4338 635 4409 alioqui
678 4339 1149 4408 inexpugnabilem
1206 4356 1316 4410 pra:
1348 4340 1490 4395 fatue
1524 4352 1872 4412 contempse-

280 4414 427 4469 rint.

368 4481 482 4549 (74)
516 4480 678 4535 Amor
711 4483 924 4549 quidam
960 4491 1058 4540 est.
1097 4497 1199 4534 non
1259 4482 1517 4536 Charitas.
1580 4481 1716 4537 Vide
1754 4498 1871 4548 qum

280 4552 538 4607 diximus
568 4553 850 4613 superiore
890 4560 1000 4605 not.
1051 4550 1137 4616 70,
1166 4551 1232 4604 ad
1266 4553 1405 4607 hanc
1462 4554 1632 4617 hour,
1665 4565 1721 4606 et
1745 4568 1859 4605 not.

276 4628 346 4685 5.
406 4624 557 4677 hom.
582 4622 672 4683 '57,
710 4621 906 4688 quibus
930 4621 1174 4677 addenda
1208 4621 1385 4692 adhuc
1427 4639 1595 4692 pauca
1637 4624 1701 4675 ad
1730 4638 1857 4690 prter

279 4704 510 4751 sentem
565 4691 741 4745 locum
790 4691 1193 4757 explicmidum.
1234 4690 1528 4759 Cutnparat
1572 4693 1716 4747 enim
1774 4694 1861 4747 hic

280 4762 660 4831 Theophanes
725 4762 978 4816 allectum
1044 4761 1415 4816 vehementem
1472 4773 1753 4831 parentum
1806 4767 1857 4817 iu

280 4838 437 4891 ﬁlios
494 4847 617 4887 eum
665 4832 954 4898 charitate,
1013 4842 1175 4902 atque
1227 4832 1375 4902 illum
1436 4834 1619 4902 φιλίαν
1680 4845 1858 4896 vocat,

282 4910 441 4963 hanc
470 4903 716 4971 ἀγάπην.
771 4905 842 4956 At
882 4917 977 4971 per
1037 4901 1151 4956 [nec
1194 4901 1434 4964 nomina,
1495 4912 1554 4957 ut
1589 4904 1861 4971 copiosius

281 4976 639 5030 ostemtimus
697 4975 844 5027 hom.
901 4973 988 5025 illa
1039 4974 1229 5034 citata,
1265 4972 1519 5041 intelligit
1552 4974 1635 5028 hie
1666 4984 1860 5027 auctor

282 5046 504 5114 aliquid
553 5044 606 5097 in
647 5060 855 5114 amore,
910 5044 990 5096 vel
1028 5043 1263 5096 amicitia
1288 5043 1681 5109 imperfectins,
1713 5046 1855 5114 quod

278 5112 517 5189 φιλίαν.
584 5122 640 5169 et
677 5112 995 5189 perfectum
1045 5115 1121 5189 in
1184 5115 1372 5167 eodem
1426 5112 1854 5189 gene_re,_q_quod

277 5182 520 5256 ἀγάπην
546 5184 813 5238 notninat.
842 5188 1008 5237 Amor
1044 5182 1208 5256 igitur
1237 5182 1521 5256 parentum
1562 5185 1614 5238 in
1660 5186 1857 5238 liberos

280 5253 710 5332 potesttlnplici
763 5257 982 5332 ratione
1024 5253 1429 5332 considerari
1473 5256 1554 5308 vel
1609 5270 1710 5323 qua
1773 5266 1858 5309 est

282 5323 565 5387 imtnralis
620 5325 866 5393 (put-dam
928 5324 1214 5392 propensiu
1265 5326 1314 5375 in
1378 5323 1630 5380 liberosa
1664 5336 1853 5378 natura

279 5398 560 5470 profecta,
642 5413 761 5470 qua:
814 5397 980 5470 etiam
1050 5394 1102 5447 iu
1183 5394 1550 5470 anitnantibus
1626 5397 1855 5470 rationis

277 5464 606 5538 kxpertibus
666 5469 848 5527 inest,
882 5464 983 5538 τιτι
1041 5481 1142 5531 qua
1193 5475 1274 5538 est.
1358 5467 1520 5538 etiam
1574 5484 1602 5518 a
1646 5468 1854 5538 ratione

278 5535 645 5613 prii-scriptus
677 5548 752 5613 _e_t
797 5535 1080 5613 ordinatus
1112 5552 1123 5586 :
1152 5535 1355 5613 pri-nuis
1397 5536 1506 5613 .ille
1558 5552 1683 5613 per”
1711 5536 1854 5613 hunc

279 5603 503 5667 Emetur.
529 5625 577 5660 m
614 5607 763 5674 φιλία
814 5622 983 5668 amor,
1028 5605 1112 5658 hic
1140 5605 1329 5671 ἀγάπη
1358 5603 1592 5658 Charitas
1633 5608 1850 5668 dicitur,

276 5700 470 5744 σι.ιιιιιιε
521 5679 971 5735 δυσαπότπαστος
1025 5678 1118 5727 καὶ
1169 5674 1398 5741 λυθῆναι
1434 5675 1854 5744 ἁδύνατος,‹ιιιευ

278 5753 507 5809 ειοίιίιομι
552 5749 777 5803 ιιιδιιτιιιί
810 5746 1103 5800 acdisst-lvi
1153 5746 1465 5811 nonpossit.
1508 5748 1675 5799 Amor
1703 5750 1849 5800 enim

590 5820 711 5872 "iis
750 5827 926 5887 potest
963 5816 1332 5871 vehementius
1363 5814 1515 5879 ferri,
1557 5833 1720 5887 quam
1758 5834 1852 5884 par

1095 3186 1207 3266 tuin
1272 3211 1477 3265 Latinis
1545 3186 1924 3271 factitatumC

1962 3081 2065 3134 est,
2112 3082 2164 3127 et
2214 3073 2475 3141 impedire
2522 3073 2830 3142 quominus,
2881 3073 2966 3128 vel
3025 3073 3117 3128 Del
3148 3072 3422 3135 mandata,
3459 3077 3544 3127 vel

1962 3144 2127 3197 etiam
2193 3143 2418 3197 consilia
2456 3159 2793 3213 sequamur:
2831 3153 2994 3213 atque
3033 3155 3258 3198 eatenus
3287 3142 3548 3196 divelleu-

1957 3214 2141 3286 dusrt
2185 3215 2543 3286 objiciendus,
2593 3226 2647 3266 ut
2681 3235 2706 3265 a
2728 3216 2931 3269 sanctis
2972 3216 3101 3268 viris
3134 3215 3542 3286 etimartyrihus

1963 3283 2265 3351 [)Pt‘fttrlttttt
2318 3285 2583 3339 videmus.
2616 3286 2685 3337 At
2729 3303 2859 3340 vero
2896 3286 3008 3347 ille,
3048 3287 3139 3353 qui
3192 3283 3547 3351 jurla'ratio-

1962 3356 2046 3408 nis
2091 3358 2463 3421 pra-scriptum
2517 3367 2622 3415 ρει.
2663 3367 2717 3409 et
2759 3359 3041 3416 honestus,
3072 3357 3272 3424 quique
3301 3356 3388 3408 Dei
3433 3372 3540 3409 non

1965 3437 2230 3493 repugnat
2255 3426 2539 3494 obsequio,
2563 3429 2900 3487 retinendus.
2922 3442 3019 3480 nec
3040 3424 3276 3493 unquam
3302 3427 3544 3479 eximen-

1962 3495 2087 3557 dus,
2142 3496 2284 3556 quod
2341 3511 2407 3547 ex
2454 3497 2651 3557 tlupliei
2697 3496 3115 3560 Evangeliorum
3149 3496 3543 3563 locointelligi-

1967 3573 2092 3618 tur:
2143 3564 2257 3637 Qui
2295 3574 2445 3618 amat
2484 3566 2625 3633 ﬁlios
2691 3576 2783 3621 aut
2816 3569 2958 3635 ﬁlias
2983 3567 3099 3633 plus
3137 3583 3295 3637 quant
3322 3583 3544 3635 memor:

1963 3646 2040 3707 est
2072 3652 2151 3687 me
2207 3636 2436 3703 dignus;
2478 3648 2525 3689 et
2581 3639 2672 3707 qui
2727 3648 2871 3691 autat
2920 3650 3123 3706 patrem
3180 3647 3270 3690 aut
3321 3646 3540 3689 malm"

1964 3704 2257 3776 plusquam
2281 3724 2379 3766 me.
2398 3724 2501 3759 non
2534 3704 2607 3762 est
2641 3725 2720 3761 me
2741 3704 2926 3776 dignus
2949 3708 3157 3776 (Matth.
3186 3724 3238 3770 κ,
3262 3708 3386 3774 57):
3410 3723 3534 3760 cum

1966 3784 2149 3830 tamen
2198 3776 2274 3848 iu_
2302 3777 2564 3848 DecaIOgo
2597 3779 2942 3846 praecipiatur
2974 3780 3148 3833 amari
3207 3787 3263 3832 et
3303 3778 3404 3831 coli
3440 3793 3535 3846 pa-

1970 3855 2172 3902 rentes.
2250 3845 2430 3911 Atque
2502 3845 2875 3918 hujuscemodi
2960 3862 3198 3904 amorem
3255 3845 3539 3903 honestum

1969 3918 2294 3982 gravissimo
2342 3920 2560 3972 nemine
2608 3919 2930 3973 eharitatem
2988 3918 3219 3986 appellat
3248 3919 3411 3971 etiam
3442 3918 3539 3971 Ci-

1969 4001 2116 4053 cero,
2165 3988 2239 4040 De
2276 3989 2533 4052 amicitia,
2601 3989 2690 4041 ubi
2738 3990 2875 4043 duos
2918 4003 3131 4041 amores
3194 4003 3537 4055 comparans,

1971 4072 2108 4123 quos
2150 4059 2523 4119 distinximus,
2570 4059 2647 4112 sic
2682 4058 2757 4110 ait
2793 4076 2806 4111 :
2853 4058 3009 4123 Quod
3042 4058 3251 4126 quidem
3276 4057 3430 4124 quale
3468 4060 3539 4111 sit

1969 4128 2130 4180 etiam
2161 4127 2213 4180 in
2265 4129 2441 4181 bestiis
2462 4128 2777 4196 quibusdam
2808 4129 3157 4181 animaduerti
3188 4138 3395 4192 potest;
3423 4144 3539 4197 qua.

1972 4213 2036 4250 ea:
2065 4214 2120 4251 se
2154 4208 2302 4251 natos
2365 4199 2440 4251 ita
2474 4210 2657 4251 amant
2691 4199 2760 4251 ad
2799 4199 3063 4268 quoddam
3096 4208 3320 4259 tempus,
3369 4212 3413 4250 et
3474 4201 3538 4250 ab

1972 4269 2046 4321 eis
2092 4269 2166 4322 ita
2198 4279 2466 4330 amantur,
2513 4280 2569 4321 ut
2615 4269 2773 4333 facile
2801 4286 2983 4322 eorum
3037 4277 3291 4338 appareat
3331 4285 3537 4333 sensus,

1973 4339 2111 4407 quod
2159 4339 2212 4391 in
2259 4340 2469 4392 homine
2513 4339 2679 4394 multo
2727 4351 2801 4391 est
2842 4340 3175 4401 evidentius;
3223 4341 3453 4408 primum
3476 4357 3540 4393 et:

1975 4426 2035 4461 ea
2081 4411 2361 4470 cbaritate,
2413 4425 2528 4477 quia
2556 4421 2629 4463 est
2672 4410 2808 4463 inter
2843 4418 2996 4463 natos
3036 4419 3085 4462 et
3126 4421 3387 4476 parentes,
3424 4427 3538 4473 qua:

1977 4480 2177 4542 dirimi,
2228 4480 2329 4532 nisi
2389 4481 2687 4533 detestabili
2754 4480 2948 4534 scelere
3007 4496 3109 4534 non
3165 4490 3353 4549 potest.
3416 4481 3540 4536 lla-c

1978 4549 2190 4610 Cicero,
2241 4566 2306 4602 ex
2374 4566 2483 4619 quo
2536 4552 2688 4605 vides
2728 4566 2968 4605 amorem
3002 4554 3182 4606 vocari
3241 4551 3537 4605 bestiarum

1973 4620 2024 4674 in
2061 4619 2204 4674 fetus
2257 4636 2405 4680 suos.
2438 4634 2598 4687 quem
2644 4621 2866 4689 quidem
2901 4620 3225 4674 eharitatem
3258 4635 3415 4674 nemo
3450 4637 3535 4675 re-

1967 4700 2055 4745 cte
2094 4691 2403 4756 appellarit,
2463 4702 2627 4759 atque
2670 4693 2769 4745 hoc
2804 4692 2965 4745 modo
3021 4692 3305 4759 distinguit
3349 4692 3538 4757 φιλίαν

1964 4769 2019 4813 et
2052 4760 2278 4828 ἀγάπην
2324 4761 2413 4815 hic
2442 4772 2650 4815 auctor.
2687 4761 2841 4826 Quod
2875 4776 3038 4829 porro
3071 4761 3255 4813 subdit
3287 4775 3350 4813 ex
3385 4764 3533 4825 Apm

1963 4832 2126 4893 Stolo,
2186 4832 2252 4883 ad
2293 4830 2467 4885 lCur.
2525 4847 2662 4886 xm:
2710 4829 2959 4887 Charitas
2999 4846 3265 4895 nunquam
3315 4833 3534 4890 excidit.

1965 4910 2141 4966 potest
2171 4902 2354 4955 itidem
2377 4901 2779 4955 accommodari
2807 4905 2872 4954 ad
2894 4916 3011 4953 eam
3031 4901 3351 4953 eharitatem
3376 4904 3535 4954 modo

1961 4971 2326 5040 explicatam:
2366 4974 2487 5025 talis
2528 4974 2672 5025 enim
2717 4987 2780 5026 ea
2817 4979 2899 5023 est
2942 4980 3000 5022 ut
3034 4985 3333 5036 nunquam,
3363 4986 3536 5037 quau-

1965 5052 2077 5094 tum
2125 5050 2302 5095 estex
2353 5052 2545 5095 natura
2590 5059 2714 5103 sua,
2745 5040 2920 5093 amitti
2982 5040 3062 5093 vel
3094 5041 3256 5092 eximi
3291 5040 3535 5110 jnreide—

1965 5112 2121 5167 beat:
2161 5113 2241 5167 sic
2267 5114 2411 5165 enim
2448 5113 2610 5165 etiam
2654 5111 3057 5177 huncApostoli
3101 5109 3537 5177 lOCUIttexttllt';tt

1960 5193 2185 5237 sanctus
2241 5183 2593 5251 Augustinus,
2629 5180 2724 5235 lib.
2760 5180 2833 5233 De
2874 5190 3067 5251 natura
3096 5193 3143 5233 et
3174 5182 3378 5250 gratia.
3411 5197 3531 5246 eap.

1962 5252 2051 5310 Η.
2082 5264 2135 5304 et
2184 5267 2374 5305 omnes
2400 5251 2763 5305 communiter
2795 5250 3126 5305 intellectum
3175 5255 3240 5302 de.
3263 5252 3535 5313 charitatc

1959 5323 2356 5389 snpernaturali
2393 5339 2405 5374 :
2446 5322 2606 5374 talem
2638 5321 2892 5373 nimirum
2950 5338 3070 5374 eam
3109 5336 3251 5385 esse,
3288 5331 3537 5387 utquam-

1960 5402 2073 5444 tutn
2127 5403 2211 5445 est
2242 5409 2304 5445 ex
2342 5401 2533 5445 natura
2579 5407 2677 5445 sua
2710 5406 2985 5458 nunquam
3022 5394 3256 5456 excidat,
3319 5390 3447 5444 licet
3478 5392 3529 5443 in

1959 5461 2060 5515 hac
2110 5464 2215 5515 vita
2268 5463 2435 5530 possit
2465 5478 2525 5513 ex
2566 5462 2860 5514 voluntatis
2908 5462 3161 5515 libertate
3216 5461 3527 5526 rejici,cum

1961 5540 2138 5584 tamen
2186 5546 2310 5598 spes
2339 5540 2394 5585 et
2431 5532 2564 5584 ﬁdes
2597 5547 2659 5583 ex
2718 5538 2906 5584 natura
2971 5547 3065 5584 sua
3119 5530 3396 5584 abolenda:
3418 5531 3527 5584 sint

1959 5601 2010 5654 in
2039 5602 2208 5654 altera
2247 5603 2384 5654 vita:
2430 5603 2572 5654 unde
2597 5612 3008 5671 consequenter
3060 5600 3134 5654 ait
3164 5599 3524 5669 Theophanes

1956 5672 2022 5726 de
2050 5673 2318 5727 charitate
2370 5671 2456 5725 illa
2515 5671 2764 5737 honesta,
2827 5688 2947 5741 qtlze
3000 5672 3162 5725 eximi
3216 5681 3361 5726 recte
3416 5687 3522 5725 non

1955 5754 2152 5810 potest,
2203 5757 2308 5795 non
2333 5758 2452 5796 esse
2506 5751 2829 5810 prmo-cptum
2880 5758 2907 5793 a
2951 5741 3203 5807 Domino,
3240 5752 3297 5797 ut
3325 5743 3524 5797 evella-

1958 5824 2066 5878 tur,
2123 5814 2215 5868 sed
2249 5815 2426 5877 potius
2487 5829 2727 5870 amorem
2771 5813 2918 5867 illum
2971 5814 3213 5882 priorem
3250 5813 3519 5870 itntnodu.
