3974 6220
443 222 549 286 807

1660 211 2159 282 THEOPHANIS
2199 207 2545 268 CERAMEI

3591 223 3672 285 808

521 359 540 391 ι
594 337 652 392 Si
704 334 896 389 oculus
939 341 1066 386 tuus
1113 328 1275 383 fuerit
1325 330 1584 401 simplex,
1619 344 1790 389 latum
1839 347 2036 402 corpus

2219 346 2235 377 ι
2279 325 2407 378 Ἐὰν
2426 326 2453 377 ὀ
2483 323 2763 394 ὀφθαλμός
2790 342 2883 377 σου
2911 324 3114 389 ἁπλοῦς
3140 323 3335 402 ᾗ,ὅλον
3359 328 3417 382 τδ
3450 330 3675 402 σῶμάσου

446 442 603 487 tuum
644 429 878 483 lucidum
926 425 1053 478 erit.
1089 441 1109 475 ι
1153 421 1217 475 Ει
1249 424 1445 479 merito
1483 442 1498 478 :
1539 441 1662 480 nam
1700 426 1743 481 si
1778 425 1919 481 oculi
1959 422 2033 477 tui

448 532 596 579 recta
648 519 833 574 vident
881 515 1034 584 juxta
1082 514 1290 568 dictum
1344 514 1618 584 Sapientis
1670 516 1817 589 (86),
1861 526 2032 570 totum

446 624 643 679 corpus
702 622 765 660 ea
823 620 943 675 qua:
1002 614 1215 659 natura:
1268 613 1354 658 est
1397 620 1674 675 congrua,
1718 607 2037 675 operatione

450 697 817 755 illustratur".
887 695 1038 749 lianc
1107 693 1517 765 simplicitatem
1587 696 1826 751 habebat
1890 694 2035 751 beati

450 791 671 846 Davidis
707 789 919 844 oculus.
948 787 1159 843 Idcirco
1193 801 1316 841 cum
1354 786 1465 842 Deo
1499 788 1729 858 loquens
1764 787 1980 843 dicebat
2017 805 2031 841 :

453 903 471 938 ι
503 885 752 950 Domine,
776 898 882 937 non
913 893 994 935 est
1019 880 1313 934 exaltatum
1344 895 1440 934 cor
1466 895 1643 934 meum
1664 921 1678 947 ,
1708 896 1882 950 neque
1912 879 2036 936 elati

447 987 570 1033 sunt
618 976 758 1030 oculi
811 975 913 1029 mei
934 976 978 1027 ’.
1022 993 1041 1026 ι
1094 972 1160 1026 Et
1209 975 1465 1044 quoniam
1511 973 1743 1029 elatione
1788 977 1937 1029 visus
1987 973 2037 1027 ei

449 1071 701 1133 carebat,
728 1078 784 1124 et
827 1069 880 1122 in
926 1067 1043 1122 solo
1086 1068 1228 1121 bono
1274 1075 1597 1136 occupatus,
1632 1076 1802 1122 totum
1840 1081 2039 1134 corpus

449 1164 569 1233 ejus
604 1163 843 1217 lucidum
879 1170 991 1215 erat
1022 1160 1076 1213 in
1114 1160 1261 1215 nulla
1295 1177 1363 1219 re,
1382 1159 1683 1215 oﬁ‘endens.
1713 1158 1847 1213 Nam
1885 1160 2040 1214 audi-

452 1266 540 1308 tus
568 1255 785 1324 quidem
820 1254 875 1306 in
908 1251 1244 1317 excipiendis
1279 1251 1480 1305 divinis
1513 1249 1675 1305 rebus
1709 1260 1827 1304 erat
1862 1249 2041 1303 inteno

453 1357 572 1411 Ius;
624 1346 695 1398 ait
746 1345 888 1399 enim
946 1362 959 1398 :
1015 1362 1034 1395 ι
1091 1344 1319 1398 Audiam
1369 1342 1497 1413 quid
1545 1341 1799 1412 loquatur
1848 1342 1901 1396 in
1956 1355 2040 1395 me

456 1439 713 1492 Dominus
769 1438 1000 1492 Deus'°.
1037 1455 1059 1489 ι
1113 1435 1373 1491 Gustatus
1420 1451 1550 1492 vero
1601 1450 1698 1504 pro
1744 1434 1888 1488 omni
1934 1432 2039 1487 alia

453 1531 773 1595 dulcedine,
824 1544 944 1597 qua:
1006 1530 1257 1583 homines
1315 1529 1480 1582 animi
1542 1525 2042 1596 perturbationibus

450 1623 715 1678 obnoxios
780 1623 1121 1692 permulcere
1187 1622 1363 1686 solet,
1430 1620 1628 1675 divinis
1696 1618 2042 1674 sermonibus

2138 419 2403 491 φωτεινόν
2430 417 2641 471 ἔσται.)
2670 419 2780 470 Καὶ
2810 418 2956 488 μάλα
2979 419 3223 482 εἰκότως·
3246 423 3294 473 εἱ
3324 421 3489 491 γὰροί
3513 425 3677 494 dedat-

2140 512 2232 582 μοί
2267 529 2360 565 σου
2409 510 2529 564 λεῖα
2580 509 2873 580 βλέπουσι,
2916 511 3059 564 κατᾶ
3111 529 3204 565 τον
3251 515 3469 568 εἰπόντα
3526 520 3676 585 σοφὸν,

2143 605 2254 657 πᾶν
2276 602 2339 655 τὸ
2362 602 2523 671 σῶμα
2553 603 2620 671 τῇ
2656 602 2798 655 κατὰ
2848 600 3015 669 φύσιν
3065 602 3320 674 ἐνεργείᾳ
3361 608 3681 672 καταφωτίζει

2139 714 2255 752 ται.
2308 695 2530 767 Ταύτην
2573 689 2688 765 εἶχε
2732 693 2833 764 τὴν
2878 694 3163 766 ἁπλότητα
3220 694 3248 747 6
3302 694 3393 748 τοῦ
3450 699 3681 768 μακαρίου

2140 789 2307 843 Δαὸλδ
2350 787 2669 859 ὀφθαλμός·
2730 787 2811 840 διὸ
2862 788 2959 841 καὶ
3012 787 3167 856 ἔλεγε
3225 789 3362 859 πρὶς
3407 791 3493 843 τὸν
3539 791 3680 846 Θεόν·

2146 902 2165 936 ι
2207 882 2406 954 Κύριε,
2437 882 2537 951 οὐχ
2567 878 2760 951 ὑψώθη
2790 883 2824 951 ἡ
2852 881 3055 953 καρδία
3091 899 3218 952 μου.
3246 882 3364 935 οὐδὲ
3420 885 3682 954 ἐμετεωρί-

2142 976 2350 1047 σθησαν
2373 977 2421 1028 cl
2444 974 2720 1045 ὀφθαλμοί
2742 992 2871 1044 μου.
2903 995 2922 1024 ι
2954 975 3065 1028 Καὶ
3089 975 3285 1047 ἐπειδὴ
3319 979 3683 1048 άμτεὼριστον

2142 1064 2258 1136 εἶχε
2289 1065 2389 1136 τὴν
2415 1067 2609 1135 ὅρασιν
2640 1064 2779 1135 πρὸς
2809 1067 2973 1135 μόνον
2998 1066 3464 1136 ἀπησχολημένην
3489 1070 3545 1121 τὸ
3576 1072 3685 1138 ἁγα-

2142 1158 2258 1222 θδν,
2297 1158 2446 1211 ἆπαν
2478 1156 2646 1210 αὐτοῦ
2672 1157 2733 1210 τὸ
2774 1158 2936 1227 σῶμα
2966 1159 3237 1227 φωτεινὸν
3276 1160 3337 1211 τὸ
3380 1162 3683 1231 προσκόπτον

2141 1254 2200 1304 ἐν
2232 1252 2427 1322 μηδενί
2451 1268 2465 1282 ο
2500 1252 2653 1323 ἠμὲν
2680 1252 2790 1323 γὰρ
2838 1252 2977 1323 ἀκοὴ
3034 1254 3388 1324 ἀπησχόλητο
3447 1256 3570 1325 πρὸς
3605 1257 3682 1329 τὴν

2143 1346 2295 1400 Θείαν
2319 1345 2592 1399 ἐνώτισιν·
2633 1365 2651 1397 ‹
2695 1345 3031 1415 Ἀκούσομαι
3065 1345 3198 1415 γάρ,
3237 1348 3391 1416 φησὶ,
3420 1347 3472 1399 τί
3497 1347 3681 1419 λαλήσει

2144 1442 2202 1492 ἐν
2239 1439 2367 1508 ἐμοὶ
2404 1439 2613 1509 Κύριος
2641 1441 2670 1493 6
2709 1439 2863 1502 Θεός.
2898 1459 2915 1489 ι
2962 1439 3028 1493 Ἦ
3070 1440 3128 1492 δὲ
3161 1439 3372 1508 γεῦσις,
3421 1441 3528 1494 ἀντ’
3549 1442 3683 1511 ἄλλης

2144 1533 2484 1603 γλυκύτητος
2532 1532 2836 1605 ἡδυνούσης
2895 1535 3023 1596 τοὺς
3060 1534 3356 1603 ἐμπαθεῖς,
3385 1539 3490 1598 τοῖς
3539 1535 3682 1603 λόγοις

2143 1626 2241 1679 τοῦ
2275 1626 2413 1679 Θεοῦ
2433 1626 2736 1697 ἐφηδύνετο
2758 1642 2772 1658 ·
2812 1645 2831 1678 ι
2879 1628 2971 1688 Ὠς
3015 1627 3227 1695 γλυκέα
3254 1626 3333 1696 τῷ
3356 1627 3570 1698 λάρυγγί
3604 1646 3681 1697 μου

451 1688 826 1771 delectabatur
860 1733 875 1772 :
916 1735 935 1766 ε
969 1715 1140 1781 Quam
1176 1715 1350 1768 dulcia
1385 1714 1628 1767 faucibus
1658 1712 1794 1766 meis
1826 1711 2039 1779 eloquia

2149 1718 2217 1772 τὰ
2241 1717 2401 1787 λόγιά
2440 1688 2537 1771 σου
2566 1721 2580 1774 !
2609 1719 2752 1790 ὑπὲρ
2801 1719 2922 1791 μέλι
2951 1688 3039 1790 ’τῷ⁷
3082 1688 3320 1790 στόματί
3383 1688 3549 1791 μόυίι
3595 1688 3681 1784 id;

453 1810 577 1863 tua!
613 1823 773 1879 super
816 1808 920 1861 Inel
965 1808 1044 1860 ori
1076 1806 1277 1861 meo”.
1320 1824 1339 1858 ι
1363 1805 1550 1860 Manus
1567 1819 1697 1859 vero
1714 1804 1937 1859 tollebat
1972 1803 2039 1856 ad

456 1901 622 1955 Deum
674 1918 688 1953 :
747 1919 766 1951 ‹
822 1899 1065 1953 Ειονιιιίο
1114 1913 1369 1952 manuum
1421 1912 1667 1951 mearum
1710 1894 2040 1951 sacriﬁcium

451 1992 824 2059 vespertinum
850 1992 913 2044 ¹².
957 2009 976 2042 ι
1037 1989 1208 2044 Pedes
1259 2006 1364 2043 non
1413 1990 1657 2059 oblique,
1688 1996 1741 2043 et
1787 1989 2042 2042 indecore

454 2088 834 2151 moveLantur,
878 2087 974 2139 sed
1027 2083 1224 2138 ﬁducia
1275 2085 1325 2137 in
1378 2083 1547 2138 Deum
1597 2080 1800 2135 suﬁulti
1834 2090 2039 2146 erant;

450 2180 573 2234 ideo
598 2179 812 2234 dicebat
839 2195 855 2232 :
898 2196 916 2229 ι
948 2177 1051 2232 Pes
1087 2191 1238 2231 meus
1271 2176 1424 2231 stetit
1452 2177 1505 2229 in
1537 2177 1750 2230 directo
1770 2174 1847 2241 ¹³;
1884 2192 1903 2225 ι
1940 2180 2037 2227 et:

456 2289 475 2321 ι
526 2272 774 2326 Statuisti
824 2283 988 2337 super
1032 2277 1245 2337 petram
1287 2268 1450 2336 pedes
1497 2280 1671 2333 meos,
1704 2274 1758 2320 et
1794 2263 2040 2319 direxisti

452 2379 672 2436 gressus
709 2363 944 2419 meos“.
986 2381 1004 2413 ι
1041 2362 1233 2419 Omnia
1270 2362 1437 2416 divini
1468 2359 1621 2415 Vatis
1664 2360 1903 2415 membra
1947 2372 2042 2427 per

451 2457 593 2511 oculi
620 2455 1025 2526 simplicitatem
1058 2455 1110 2509 in
1143 2454 1324 2509 divino
1356 2454 1553 2509 timore
1581 2451 1942 2507 inluerebant.

532 2567 554 2603 ι
611 2549 669 2604 Si
716 2560 899 2604 autem
949 2547 1140 2601 Oculus
1186 2557 1309 2601 tuus
1358 2545 1523 2601 fuerit
1568 2560 1831 2614 nequam,
1868 2553 2036 2598 totum

452 2658 652 2713 corpus
691 2654 840 2696 tuum
882 2642 1229 2697 tenebrosum
1268 2639 1394 2693 erit.
1438 2656 1457 2689 ο
1506 2637 1712 2693 Ordine
1746 2636 2041 2705 procedere

453 2737 631 2790 oratio
668 2750 771 2789 non
807 2735 1041 2788 videtur.
1080 2731 1214 2785 Nam
1250 2731 1433 2785 verbis
1471 2728 1578 2783 illis
1625 2747 1637 2782 :
1690 2746 1709 2779 ι
1753 2727 1810 2781 Si
1851 2727 2043 2781 oculus

458 2840 580 2883 tuus
617 2829 781 2882 fuerit
822 2827 1085 2896 simplex,
1124 2843 1144 2877 ι
1184 2824 1616 2894 subiungendum
1649 2821 1951 2884 videbatur,
1982 2818 2039 2874 Si

452 2931 632 2976 autem
664 2919 856 2974 oculus
886 2930 1009 2972 tuus
1037 2917 1194 2971 fuerit
1232 2915 1592 2984 compositus;
1626 2912 1859 2979 simplici
1891 2912 2033 2966 enim

457 3013 816 3083 compositum
870 3009 1182 3079 opponitur.
1235 3007 1341 3062 Sed
1396 3021 1463 3060 ne
1511 3003 1677 3074 299
1722 3014 2040 3074 putaremus

457 3120 644 3159 vocem
690 3103 875 3166 illam,
909 3101 1176 3170 simplex,
1212 3101 1278 3153 de
1330 3097 1471 3151 oculi
1525 3107 1799 3152 structura
1847 3096 2045 3150 dictum

458 3198 651 3267 fuisse,
684 3196 779 3250 sed
811 3196 878 3249 de
908 3192 1144 3247 naturali
1177 3190 1513 3261 operatione,
1544 3199 1602 3242 ut
1629 3188 1803 3243 oratio
1833 3201 2048 3256 quoque

455 3300 643 3347 nostra
673 3286 1092 3352 demonstravit,
1126 3296 1412 3356 propterea
1445 3283 1625 3337 subdit
1659 3300 1673 3335 :
1715 3299 1736 3332 ι
1774 3278 1831 3334 Si
1867 3289 2045 3334 autem

455 3384 647 3439 oculus
675 3393 799 3438 tuus
829 3380 996 3437 luerit
1026 3382 1285 3450 nequam,
1320 3396 1338 3429 ι
1381 3385 1437 3430 ut
1467 3390 1564 3447 per
1594 3375 1646 3430 id
1680 3374 1822 3445 quod
1857 3388 2050 3428 conse-

459 3479 677 3547 quitur,
722 3475 1099 3530 ratiocinando
1149 3471 1420 3540 intelligas
1469 3470 1520 3524 id
1566 3468 1708 3537 quod
1754 3466 2045 3538 praecedit;

458 3568 587 3638 quia
621 3566 881 3636 nequitiae
915 3564 1131 3618 bonitas
1166 3562 1349 3631 potius
1380 3559 1697 3630 opponitur.
1731 3557 1912 3624 Atque
1945 3554 2048 3609 hoc

458 3671 567 3726 est,
594 3659 739 3730 quod
770 3673 868 3728 per
896 3656 1302 3726 simplicitatem
1333 3652 1692 3725 signiﬁcatur.

537 3773 557 3807 ι
588 3754 645 3809 Si
674 3760 854 3807 autem
884 3748 1072 3805 oculus
1101 3757 1223 3802 tuus
1247 3745 1413 3801 fuerit
1440 3756 1699 3813 nequam,
1730 3749 1898 3795 totum
1927 3753 2051 3794 cor-

461 3862 562 3917 pus
596 3855 746 3899 tuum
780 3840 1133 3896 tenebrosum
1166 3837 1304 3904 erit;
1346 3856 1364 3890 ι
1408 3850 1535 3890 nam
1587 3833 1779 3890 oculus
1816 3846 2047 3902 nequam

464 3952 521 3994 et
561 3939 758 4002 elatus,
780 3935 1043 3990 omittens
1086 3931 1333 3987 contueri
1374 3944 1436 3985 ea
1479 3942 1713 3998 quorum
1751 3926 1926 3982 factus
1965 3933 2053 3981 est

460 4046 652 4096 causa,
683 4027 1000 4098 passionum
1037 4025 1385 4079 incitamenta
1423 4021 1817 4091 circumspicit.
1849 4021 2050 4086 Quam-

2148 1816 2335 1883 χεῖρας
2357 1811 2505 1882 εἶχεν
2530 1813 2908 1884 ἐπαιρομένας
2930 1813 3011 1874 εἰς
3042 1813 3180 1865 Θεόν
3201 1825 3217 1842 ’
3257 1832 3276 1864 ι
3317 1813 3575 1882 Ἐπαρσις
3596 1813 3678 1863 τῶν

2149 1904 2350 1974 χειρῶν
2376 1921 2479 1975 μου
2510 1904 2672 1959 θυσία
2705 1907 2993 1977 ἐσπερινή.
3037 1925 3056 1958 ι
3092 1908 3158 1961 Οἱ
3190 1907 3355 1971 πόδες
3383 1906 3440 1959 ού
3494 1904 3680 1968 σκολιῶς

2149 1995 2453 2066 ἐκινοῦντο,
2484 1997 2580 2050 καὶ
2605 1998 2897 2068 ἀπρεπῶς,
2925 1998 3042 2051 ἀλλ’
3070 1999 3451 2071 ἐνηρεισμένοι
3479 1996 3680 2067 πρδςτὴν

2150 2088 2233 2151 είς
2271 2088 2405 2141 Θεὸν
2439 2084 2587 2159 ἦσαν
2619 2090 2951 2161 πεποίθησιν
2977 2107 2993 2122 ·
3022 2091 3106 2145 διδ
3131 2091 3352 2159 ἔλεγεν·
3413 2110 3431 2143 ι
3482 2090 3533 2144 '0
3576 2089 3680 2151 ποῦς

2153 2200 2256 2255 μου
2281 2183 2410 2253 ἔστη
2435 2184 2493 2239 ἐν
2514 2185 2775 2254 εύθύτητι
2796 2202 2811 2218 ο
2849 2207 2867 2239 ι
2890 2187 3018 2241 καί·
3057 2206 3074 2239 ι
3092 2189 3369 2257 Ἔστησας
3394 2187 3478 2240 ἐπὶ
3517 2187 3680 2254 πέτραν

2149 2279 2275 2339 τοὺς
2300 2278 2471 2342 πόδας
2496 2296 2622 2349 μου,
2654 2281 2750 2334 καὶ
2771 2281 3117 2345 κατεύθυνας
3144 2280 3215 2335 τά
3238 2280 3537 2351 anesum
3553 2296 3673 2348 pomi

2153 2370 2342 2424 Πάντα
2369 2372 2438 2425 τὰ
2467 2373 2561 2425 τοῦ
2593 2374 2742 2427 θείου
2762 2375 3053 2445 Προφήτου
3085 2375 3227 2445 μέλη
3243 2377 3307 2446 τῇ
3335 2374 3423 2427 τοῦ
3445 2371 3677 2443 ὀφθαλμοῦ

2152 2462 2416 2534 ἁπλότητι
2455 2466 2593 2534 πρδς
2619 2466 2710 2517 τὸν
2734 2466 2881 2520 θεῖον
2904 2467 3071 2537 φόϐον
3095 2468 3396 2540 ἐνίσχονιῑο.

2230 2574 2248 2606 ι
2306 2555 2434 2609 Ἐὰν
2454 2556 2512 2609 δέ
2557 2557 2894 2629 ὀόφθαλμός
2946 2577 3040 2613 σου
3096 2562 3338 2632 πονηρὸς
3384 2556 3439 2633 ᾖ,
3487 2560 3590 2613 ὅλον
3633 2558 3679 2611 τὶ

2153 2647 2315 2717 σῶμά
2365 2665 2459 2702 σου
2494 2650 2771 2702 σκοτεινὸν
2795 2649 2972 2704 ἔσται.
3004 2670 3023 2703 ι
3061 2654 3226 2706 Δοκεῖ
3258 2653 3332 2723 μὴ
3383 2645 3512 2705 κατά
3560 2650 3677 2716 τάξιν

2149 2741 2177 2791 6
2202 2739 2363 2808 λόγος
2395 2741 2789 2811 προέρχεσθαι.
2836 2743 2980 2813 Πρὸς
3035 2743 3149 2815 γὰρ
3188 2744 3251 2796 τό
3282 2760 3295 2773 ·
3335 2763 3353 2795 ι
3413 2745 3527 2798 Ἐὰν
3555 2744 3580 2795 6
3606 2743 3679 2810 69-

2152 2831 2362 2902 θαλμός
2395 2842 2490 2885 σου
2525 2833 2731 2897 ἁπλοῦς
2767 2830 2825 2907 ᾖ,
2869 2856 2887 2888 ο
2924 2837 3097 2907 ἐχρῆν
3133 2839 3480 2906 ἐπενεγκεῖν·
3535 2833 3676 2889 Ἐάνό

2150 2918 2431 2988 ὀφθαλμός
2461 2937 2557 2974 σου
2590 2919 2905 2996 σύνθετοςῇ
2936 2926 3051 2995 ’τῷ
3082 2925 3199 2997 γάρ
3259 2927 3417 2996 ἁπλῷ
3442 2925 3497 2978 τὸ
3526 2924 3676 2977 σύνθε-

2074 3052 2117 3109 C
2150 3028 2245 3063 τον
2271 3012 2599 3066 ἀντίκειται.
2637 3012 2784 3067 Ἀλλ’
2810 3014 2901 3069 ἴνα
2929 3018 3004 3086 μὴ
3035 3018 3296 3088 περὶτῆς
3322 3017 3413 3070 τοῦ
3443 3013 3673 3086 ὀφθαλμοῦ

2151 3105 2509 3173 κατασκευῆς
2542 3106 2800 3177 εἰρῆσθαι
2859 3110 3154 3180 νοήσωμεν
3202 3111 3265 3164 τὸ
3310 3110 3522 3173 ἁπλοῦν,
3570 3107 3675 3162 ἀλλὰ

2150 3198 2280 3268 περὶ
2303 3198 2406 3267 τῆς
2463 3199 2607 3251 κατὰ
2661 3199 2823 3268 φύσιν
2865 3203 3177 3274 ἐνεργείας,
3247 3204 3323 3268 ὡς
3383 3206 3512 3258 καὶό
3552 3202 3674 3268 λόγος

2148 3288 2400 3352 ἀπέδειξε
2428 3305 2443 3321 ·
2465 3289 2557 3343 διὰ
2580 3289 2740 3344 τοῦτο
2773 3292 3033 3363 ἐπιφέρει
3061 3310 3075 3323 ⁸
3114 3312 3136 3346 ι
3194 3295 3319 3347 Ἐὰν
3379 3294 3432 3348 δέ
3456 3295 3481 3347 ὀ
3514 3293 3672 3363 ὀφθαλο

2152 3381 2253 3451 μός
2281 3398 2377 3434 σου
2408 3382 2649 3452 πονηρὸς
2778 3404 2797 3433 ι
2841 3385 2930 3438 ἵνα
2958 3385 3049 3438 διὰ
3075 3386 3176 3439 τοῦ
3209 3387 3466 3457 ἑπομένου
3514 3389 3672 3457 νοήσῃς

2147 3475 2210 3529 τὸ
2238 3475 2673 3546 προηγούμενον,
2711 3477 3177 3551 συλλογισάμενος
3200 3481 3282 3535 ὅτι
3308 3481 3384 3552 τῷ
3413 3477 3605 3550 ποιηρῷ
3628 3476 3674 3528 τὸ

2149 3566 2358 3637 ἀγαθὸν
2392 3569 2597 3637 μᾶλλον
2633 3571 2940 3624 ἀντίκειται
2964 3587 2980 3602 ⁸
3015 3572 3297 3627 καὶτοῦτό
3346 3575 3456 3626 ἐστι
3507 3573 3561 3624 τὸ
3605 3568 3671 3621 διὰ

2148 3661 2249 3730 τῆς
2281 3660 2588 3730 ἁπλότητος
2613 3662 3047 3733 σημαινόμενον.

2227 3770 2246 3803 ι
2287 3751 2415 3804 Ἐὰν
2444 3734 2499 3805 δέ
2533 3753 2562 3805 ὀ
2582 3752 2861 3824 ὀφθαλμός
2893 3771 2988 3807 σου
3013 3752 3318 3831 πονηρδςῇ,
3343 3756 3456 3810 ὅλον
3473 3754 3527 3807 τὸ
3547 3748 3673 3822 σῶμα

2152 3859 2246 3896 σου
2286 3844 2567 3897 σκοτεινὸν
2594 3846 2749 3898 ἔσται
2780 3865 2793 3879 ο
2837 3865 2855 3897 ι
2891 3848 3045 3918 ὁγὰρ
3075 3846 3573 3920 πονηρδςόφθαλμδς
3599 3843 3671 3895 καὶ

2152 3934 2449 4006 μετέωρος,
2476 3936 2638 4006 ἀφεὶς
2666 3939 2851 3992 ἐκεῖνα
2873 3943 3259 4009 περισκοπεῖν,
3290 3935 3363 3995 ὧν
3404 3938 3549 3991 ἕνεκα
3594 3932 3671 4001 γέ-

2149 4042 2301 4092 γονε,
2337 4026 2631 4097 περιαθρεῖ
2657 4030 2722 4080 τὰ
2750 4028 2862 4081 τῶν
2896 4029 3087 4081 παθῶν
3145 4028 3547 4097 ὑπεκκαύματα.
3601 4021 3670 4075 Διὸ

458 4126 651 4179 obrem
708 4129 880 4175 totum
931 4132 1131 4185 corpus
1179 4116 1325 4170 velut
1377 4114 1431 4168 in
1489 4113 1726 4168 tenebris
1776 4111 2039 4177 ambulat,

2150 4116 2247 4170 καὶ
2276 4116 2425 4170 ἆπαν
2452 4118 2514 4170 τὸ
2563 4119 2724 4189 σῶμα
2755 4118 2829 4181 ὡς
2864 4120 2923 4172 ἐν
2962 4121 3148 4174 σκότει
3192 4120 3494 4191 πορεύεται,
3515 4120 3570 4185 τῇ
3587 4114 3670 4165 τῶν

458 4217 632 4272 oculis
676 4213 1087 4270 caccutientibns
1130 4222 1341 4265 errans.
1365 4207 1656 4263 Curiosum
1707 4207 1851 4258 hunc
1891 4217 2039 4272 aspe-

2151 4213 2422 4283 ὀμμάτων
2441 4212 2782 4284 άμὸλυωπίᾳ
2811 4213 3327 4283 περιπλανώμενον.
3359 4196 3556 4279 Ταύτην
3594 4203 3669 4273 τὴν

461 4318 609 4362 ctum
641 4305 905 4361 Dominus
934 4315 1194 4357 coercens
1225 4298 1486 4368 praecepit
1525 4316 1540 4353 :
1582 4315 1601 4349 ι
1638 4296 1757 4351 Non
1793 4297 2039 4366 concupi.

2156 4305 2450 4375 περίεργον
2528 4303 2662 4359 θέαν
2732 4306 3076 4359 ἀναστέλλων
3119 4307 3149 4358 6
3207 4306 3338 4370 Θεὸς
3379 4301 3669 4359 ἐνετείλατο*

462 4412 582 4451 sces
628 4408 856 4449 uxorem
905 4390 1143 4460 proximi
1195 4391 1303 4456 tui,
1335 4395 1390 4441 et
1432 4388 1690 4442 universa
1742 4401 1861 4457 qua:
1908 4388 2039 4441 illius

2161 4417 2179 4449 ι
2211 4399 2326 4450 Οὐκ
2360 4397 2727 4469 ἐπιθυμήσεις
2754 4400 2854 4468 τὴν
2884 4402 3125 4467 γυναῖκα
3156 4398 3249 4453 τοῦ
3311 4397 3521 4467 πλησίου
3578 4407 3668 4453 σου.

462 4487 675 4544 sunt".
719 4505 738 4538 ι
797 4483 993 4538 P05tea
1038 4496 1171 4536 vero
1222 4482 1437 4535 curiose
1487 4479 1768 4534 mulierem
1821 4481 2039 4546 intueri,

2152 4489 2277 4542 ούδέ
2302 4491 2405 4542 ὅσα
2436 4489 2674 4558 ὑπάρχει
2699 4490 2873 4560 αὐτῷ.
2916 4507 2934 4540 ι
2972 4489 3245 4561 ’Ὕστερον
3279 4490 3334 4542 δέ
3360 4487 3449 4541 καὶ
3470 4480 3669 4555 μοιχείαν

465 4577 796 4635 adulterium
833 4589 955 4630 esse
988 4572 1159 4638 dixit,
1192 4572 1434 4626 radicem
1471 4570 1742 4640 passionis
1775 4570 2039 4639 spinarum

2153 4577 2411 4648 ὠνόμασε
2441 4578 2504 4632 τὸ
2538 4580 2850 4651 περιέργως
2882 4582 3121 4648 γυναῖκα
3153 4580 3301 4645 ἰδεῖν,
3338 4577 3432 4648 τὴν
3474 4570 3670 4637 ἁκανθη·

463 4675 700 4731 t‘eracem
754 4669 994 4726 evellens
1045 4664 1194 4737 (87),
1230 4678 1300 4720 ex
1352 4676 1460 4733 qua
1511 4661 1771 4716 nimirum
1824 4670 1967 4716 terra
2020 4677 2039 4715 ιι

2150 4666 2317 4737 φόρον
2339 4666 2498 4737 ῥίζαν
2529 4667 2625 4720 τοῦ
2659 4667 2866 4728 πάθους
2902 4669 3151 4733 ἐκσπῶν,
3179 4667 3238 4733 ἐξ
3265 4662 3331 4737 ἦς
3381 4665 3504 4736 ημῖν
3526 4657 3667 4730 ἀρχῆ-

461 4766 732 4839 principio
780 4764 967 4834 spinas
1010 4760 1169 4815 nobis
1215 4757 1492 4828 produxit,
1529 4768 1729 4825 pravus
1772 4756 1915 4809 enim
1963 4755 2039 4810 ille

2150 4759 2243 4811 θεν
2278 4759 2408 4830 ήγῆ
2440 4757 2538 4821 τὰς
2572 4759 2817 4823 ἀκάνθας
2857 4759 3159 4829 ἐϐλάστησε
3214 4775 3229 4790 ’
3283 4759 3318 4827 ἡ
3355 4758 3456 4827 γὰρ
3494 4745 3667 4817 ττθντὶί)ἀ

461 4861 664 4929 plantae
693 4865 1022 4925 conspectus
1053 4850 1252 4906 malam
1283 4848 1441 4904 nobis
1466 4861 1649 4903 escam
1676 4846 1872 4902 emisit.
1903 4846 2039 4913 Quo-

2153 4849 2247 4903 τοῦ
2278 4849 2446 4919 φυτοῦ
2470 4850 2569 4903 θέα
2598 4851 2695 4922 τὴν
2735 4851 2915 4923 κακὴν
2960 4854 3095 4923 ἡμῖν
3134 4851 3428 4920 ἐϐλάστησε
3476 4842 3662 4916 βρῶσιν·

465 4953 612 5006 niam
644 4965 794 5015 vero,
824 4959 884 5002 ut
912 4946 1101 5017 optimi
1135 4944 1338 5016 quique
1364 4940 1529 4998 ﬂores
1560 4940 1805 5011 pulchris
1837 4942 2039 4996 extrin-

2168 4943 2412 5013 Ἐπειδὴ,
2444 4941 2635 5014 ὥσπερ
2661 4944 2769 4998 τῶν
2816 4944 3025 4998 ἀνθέων
3061 4942 3132 4998 τὰ
3185 4944 3438 4998 κάλλιστα
3488 4933 3665 5005 ὡραίοις

461 5056 627 5096 secus
655 5038 797 5092 foliis
827 5039 1198 5101 involvuntur,
1229 5036 1301 5088 ita
1327 5046 1496 5088 saeue
1526 5031 1824 5100 Scriptura:
1854 5046 2039 5086 sensus

2156 5036 2360 5101 ἔξωθεν
2385 5035 2607 5106 φύλλοις
2649 5036 3140 5108 περιχλαινίζεται,
3172 5037 3314 5092 οὕτω
3337 5035 3401 5088 τὰ
3422 5035 3509 5100 τῆς
3537 5024 3665 5091 ἁγίας

535 5178 558 5211 ⁸
582 5178 743 5231 Prov.
766 5190 839 5235 tv,
860 5174 951 5228 25.
1028 5174 1049 5205 ’
1073 5171 1219 5227 Psal.
1244 5187 1408 5236 cxxx,
1434 5171 1486 5228 1.
1565 5171 1608 5203 ’θ
1633 5168 1778 5223 Psal.
1805 5184 2027 5242 Lxxnv,

2187 5172 2227 5203 “
2252 5171 2398 5230 Psal.
2424 5186 2613 5237 omn,
2640 5172 2766 5229 103.
2844 5175 2888 5206 ³⁸
2911 5175 3055 5230 Psal.
3078 5191 3200 5242 cn,
3226 5175 3280 5229 2.
3355 5166 3538 5225 "Psal.
3562 5175 3658 5220 ur.

468 5249 554 5303 12.
636 5250 677 5279 ¹“
705 5248 848 5301 l’sal.
877 5260 1064 5309 χχιιι,
1083 5245 1138 5298 5.
1217 5246 1260 5277 ’⁸
1288 5242 1458 5296 Exod.
1483 5242 1698 5305 2θ,17;
1735 5242 1887 5293 Dent.
1914 5255 1965 5304 v,
1988 5241 2080 5295 2i.

1725 5358 2049 5421 Francisci
2084 5357 2295 5420 Scorsi
2328 5363 2517 5418 notua.

536 5484 650 5558 (86)
696 5484 865 5539 Juxta
909 5485 1107 5558 dictum
1164 5479 1448 5558 Sapientis.
1500 5479 1913 5558 Proverbiuriun
1960 5489 2044 5558 est
2152 5496 2359 5558 gresst
2391 5488 2528 5558 tuos.

468 5537 672 5612 dierum
703 5537 827 5622 cap.
861 5572 931 5609 Iv.
971 5551 1107 5606 LXX
1145 5537 1252 5605 εΟί
1282 5552 1551 5620 ὀφθαλμοί
1576 5567 1667 5602 σου
1691 5551 1827 5618 ὀρθὰ
1850 5549 2039 5618 βλεπέ-

2152 5537 2341 5622 "(87)
2394 5547 2658 5622 Erellens.
2712 5550 2769 5605 In
2826 5550 3068 5620 Exempl.
3126 5554 3370 5606 Panorm.
3422 5537 3656 5622 scribentis

466 5643 652 5681 τωσαν
672 5641 684 5653 ·
704 5615 853 5676 τόίδέ
879 5623 1127 5693 ϐλεφαρά
1150 5640 1242 5675 σου
1266 5615 1474 5674 νευέτοὶ
1496 5623 1701 5673 δίκαια.
1719 5615 1787 5673 At
1816 5615 1998 5672 nostra
2027 5639 2039 5674 :

2155 5615 2415 5693 vitio_pr0
2445 5621 2689 5687 ἐκσπῶν,
2715 5628 2854 5692 quod
2882 5633 2964 5678 est
2996 5615 3052 5678 in
3084 5624 3269 5688 Valle,
3300 5628 3544 5676 exaratum
3564 5615 3655 5665 eral

469 5697 627 5753 Oculi
659 5694 735 5747 tui
768 5705 907 5746 ret-ta
937 5690 1166 5759 videant,
1212 5704 1257 5746 et
1295 5694 1556 5761 palpebra;
1601 5706 1703 5743 tua:
1742 5694 2039 5758 pracedant
2153 5690 2382 5743 ἐκστῶν.

2326 5952 2367 5970 ἀ
