3974 6220
284 325 392 387 803

282 436 512 505 Γραφῆς
536 434 788 506 νοήματα
816 433 1291 505 παραπετάσμασι
1343 431 1685 504 κρύπτεται’
1726 439 1860 503 φερε

1974 429 2100 485 velis
2144 436 2198 484 et
2243 426 2627 499 integumentis
2673 424 3040 481 obtenduntur
3085 442 3109 477 :-

281 528 377 582 τοῦ
397 526 909 598 παραπετάσματος
935 524 1085 578 ἔνδον
1114 523 1473 591 εἰσελθόντες,
1502 524 1564 576 τὸ
1627 522 1718 577 διὰ
1765 523 1861 576 τοῦ

282 612 571 684 ὀφθαλμοῦ
603 613 930 686 δηλούμενον
997 615 1093 667 καὶ
1116 614 1237 666 κατ’
1259 614 1417 667 ἄλλον
1447 614 1648 684 τρόπον
1678 630 1869 680 περια-

288 707 611 779 θρήσωμεν.

362 818 381 851 ι
434 800 500 852 ὐ
528 797 724 869 λύχνος
747 796 840 849 τοῦ
878 794 1133 866 σώματός
1170 797 1318 848 ἐστιν
1350 797 1378 847 6
1404 794 1688 864 ὀφθαλμός
1718 809 1731 823 ν

278 888 393 960 γὰρ
418 888 605 952 ἁπλῶς
636 888 765 959 περὶ
784 888 883 957 τῆς
915 886 1094 957 ὅψεως
1128 886 1335 955 ἔλεγεν,
1375 881 1530 938 εἶπεν
1562 885 1650 947 ἂν,
1680 886 1743 938 Οἱ
1771 883 1868 937 λύ-

279 1000 403 1053 χνοι
421 982 516 1034 τοῦ
545 978 796 1050 σώματος
814 981 951 1032 εἰσιν
974 980 1023 1032 οί
1040 978 1313 1049 ὀφθαλμοί
1334 992 1350 1009 ο
1401 975 1497 1030 νῦν
1526 976 1585 1031 δὲ
1611 977 1689 1047 τῷ
1706 976 1870 1047 ἐνικῷ

279 1073 634 1146 χρησάμενος
670 1074 703 1126 ἀ
710 1072 796 1142 ριο
807 1071 911 1142 μῷ,
931 1071 1163 1124 δέδωκεν
1175 1072 1214 1142 ἠ
1224 1072 1315 1140 μῖν
1338 1069 1465 1124 ἄλλο
1481 1067 1872 1136 νοείν.’οφθαλ-

283 1165 388 1235 μον
414 1164 593 1218 τοίνυν
622 1164 878 1234 ὀνομάζει
899 1162 991 1216 τὸν
1012 1163 1138 1217 νοῦν
1163 1178 1179 1194 ’
1231 1163 1260 1215 ὃ
1313 1167 1425 1233 γὰρ
1464 1160 1743 1232 ὀφθαλμὸς
1812 1162 1871 1213 ὲν

283 1254 526 1326 σώματι,
556 1253 713 1308 τοῦτο
757 1254 881 1318 νοῦς
930 1254 989 1308 ἐν
1039 1253 1205 1324 ψυχῇ,
1249 1252 1479 1323 δύναμίς
1497 1271 1579 1316 τις
1615 1252 1749 1307 οὖσα
1772 1251 1872 1322 τῆς

278 1346 465 1417 ψυχῆς
495 1347 596 1400 οὐκ
630 1346 977 1412 ἐπείσακτος,
1008 1345 1119 1399 οὐδ’
1135 1345 1208 1409 ὡς
1231 1345 1419 1415 ἕτερον
1442 1346 1501 1397 ἐν
1522 1345 1715 1415 ἑτέρῳ,
1735 1343 1871 1397 ἀλλὰ

278 1439 489 1493 ταύτὸν
519 1438 646 1503 νοῦς
671 1438 767 1492 καὶ
793 1437 965 1509 ψυχή.
1001 1437 1076 1491 Οὐ
1104 1438 1215 1509 γὰρ
1244 1436 1568 1490 πιστευτέον
1602 1439 1713 1499 τοῖς
1754 1435 1873 1489 ἓτε-

286 1546 385 1597 ρον
419 1529 645 1597 λέγουσι
675 1528 773 1582 τὸν
801 1529 951 1594 νοῦν,
972 1528 1105 1584 ἄλλο
1139 1529 1196 1581 δὲ
1220 1529 1321 1599 τὴν
1349 1529 1531 1599 ψυχὴν
1559 1527 1872 1600 τερθρείαις

283 1620 655 1691 ἐπτοημένοις
694 1621 1063 1691 Ἑλληνικαῖς,
1100 1620 1292 1692 ὥσπερ
1342 1620 1536 1674 δεδιόσι
1561 1620 1636 1692 μὴ
1660 1619 1869 1683 ἀτελεῖς

281 1712 475 1774 αὐτοῖς
509 1711 725 1781 ὀφθεῖεν
755 1713 809 1764 αί
833 1711 945 1765 τῶν
974 1712 1191 1780 ἀλόγων
1221 1711 1419 1782 ψυχαί.
1455 1711 1661 1764 Τούτου
1691 1709 1870 1763 τοίνυν

1767 794 1865 845 »εἰ

279 1803 382 1858 τοῦ
424 1803 731 1875 ὀφθαλμοῦ,
768 1805 1044 1869 τουτέστι,
1079 1802 1174 1857 τοῦ
1206 1803 1302 1857 νοῦ
1338 1802 1743 1874 καθαρεύοντος
1767 1801 1870 1872 τῆς
1902 1788 1946 1843 Β

282 1895 484 1966 ὑλικῆς
515 1896 714 1966 ἀχλύος
768 1914 827 1950 τε
893 1898 988 1950 καὶ
1042 1894 1354 1967 Θολότητος,
1408 1894 1484 1957 ὡς
1537 1894 1627 1947 διὰ
1694 1892 1871 1964 φωτὸς

279 1990 793 2062 ὁδεύουσαήψυχὴ
820 1992 920 2060 τὴν
979 1990 1090 2044 τῶν
1149 1991 1363 2062 ἀρετῶν
1419 1988 1664 2059 ἀτραπὸν
1720 1989 1872 2059 μένει

282 2081 797 2151 ἁπαρεμπόδιστος.
827 2080 1035 2147 Διπλῆς
1069 2079 1179 2150 γὰρ
1217 2077 1386 2149 οὔσης
1448 2079 1551 2147 τῆς
1599 2079 1875 2148 ἡμετέρας

279 2172 704 2233 καταστάσεως.
741 2170 843 2239 τῆς
874 2171 974 2239 μὲν
1003 2171 1218 2241 κούφης
1257 2173 1353 2223 καὶ
1405 2169 1622 2240 νοερᾶς,
1672 2169 1771 2239 τῆς
1814 2169 1872 2222 δὲ

282 2262 526 2331 παχείας
587 2265 682 2315 καὶ
737 2262 948 2333 ὑλικῆς,
985 2262 1080 2314 καὶ
1137 2259 1500 2330 κατωφεροῦς
1542 2274 1558 2292 ·
1605 2262 1653 2313 εἰ
1697 2261 1797 2329 μὲν
1836 2262 1866 2313 6

275 2353 412 2417 νοῦς
439 2355 808 2425 ἐπικρατήσει
842 2354 920 2424 τῷ
951 2354 1097 2424 λόγῳ
1145 2354 1208 2406 τὸ
1268 2352 1427 2423 σῶμα
1480 2350 1868 2422 δουλαγωγῶν,

277 2449 413 2501 τότε
441 2447 795 2517 φωτίζεταιὴ
825 2446 995 2517 ψυχὴ,
1023 2448 1115 2499 καὶ
1141 2445 1362 2515 κούφως
1391 2446 1675 2514 ἐπείγεται
1737 2445 1875 2517 πρὸς

274 2540 385 2609 τὴν
416 2538 532 2591 ἀνω
565 2540 738 2610 φορὰν
764 2538 965 2608 ἔχουσα
996 2536 1366 2607 προοδεύοντα
1399 2535 1657 2605 καθάπερ
1678 2534 1874 2605 λύχνον

273 2631 381 2684 τὸν
412 2629 558 2684 νοῦν.
591 2629 655 2682 Ei
685 2628 742 2681 δὲ
780 2627 874 2681 τὸν
909 2626 1031 2680 νοῦν
1061 2626 1369 2697 κατασύρει
1436 2625 1539 2695 τῆς
1597 2624 1875 2696 ἁμαρτίας

276 2721 319 2792 ἡ
348 2721 625 2791 ponam,
660 2718 756 2773 καὶ
785 2720 818 2789 ἠ
861 2718 957 2789 τῆς
988 2716 1124 2788 ῦλης
1181 2716 1384 2787 ὀμίχλη
1439 2717 1794 2786 ἑπισκοτήσει
1814 2716 1875 2768 τὸ

273 2811 639 2882 ἡγεμονικὸν,
670 2812 793 2864 τότε
841 2809 905 2881 δὴ
927 2810 1047 2863 τότε
1069 2808 1144 2873 ὠς
1173 2808 1414 2878 σκότοςή
1435 2808 1584 2879 ψυχὴ
1602 2806 1874 2878 γενομένη

275 2905 429 2975 πρὸς
486 2907 547 2957 τὸ
580 2905 729 2973 παρὰ
763 2901 925 2972 φύσιν
966 2902 1319 2971 ἐκτρέπεται,
1344 2900 1413 2954 τά
1477 2901 1552 2971 μὴ
1609 2900 1739 2953 ὄντα
1798 2900 1875 2962 ὡς

274 2999 420 3052 ὂντα
449 2996 865 3067 φανταζομένη,
894 2997 987 3048 καὶ
1013 2994 1220 3064 τυφλοῦ
1242 2994 1400 3064 δίκην
1423 2993 1871 3063 προσκόπτουσα,

276 3093 386 3144 καὶ
436 3090 609 3154 οὕτως
661 3093 742 3152 είς
798 3088 1025 3157 ἀλογίαν
1091 3088 1370 3159 τραπεῖσα
1427 3083 1713 3157 ὁμοιοῦται
1758 3087 1872 3149 τυτς

275 3184 537 3253 κτήνεσι.
578 3183 832 3236 Δείκνυσι
858 3184 912 3234 δὲ
944 3181 1208 3252 ὁψαλμὸς
1266 3179 1536 3244 ἐκείνους,
1586 3179 1681 3242 οὒς
1713 3179 1743 3232 6
1771 3197 1870 3233 πο-

276 3281 453 3351 νηρδς
480 3280 608 3342 νοῦς
640 3282 721 3343 εἰς
749 3279 1193 3350 κτηνοπρέπειαν
1231 3273 1469 3346 ἠμειψεν
1499 3291 1514 3305 ·
1557 3294 1576 3326 ι
1626 3275 1873 3346 ’Ἄνθρω-

278 3389 391 3437 πος
420 3374 479 3425 ἐν
529 3375 666 3443 τιμῇ
718 3370 793 3424 ὢν
829 3373 893 3424 οὐ
948 3370 1171 3440 συνῆκε,
1244 3367 1703 3439 παρασυνεὸλήθη
1760 3370 1875 3432 τοῖς

276 3463 519 3534 κτήνεσι
547 3465 663 3526 τοῖς
718 3463 992 3532 ἀνοήτοις,
1040 3460 1136 3513 καὶ
1172 3458 1418 3529 ὁμοιώθη
1460 3459 1660 3521 αὐτοῖς.
1696 3475 1714 3508 ι
1764 3458 1874 3511 Καὶ

281 3558 492 3613 πάλιν·
552 3576 571 3609 ι
612 3556 793 3625 eum);
842 3558 1023 3616 αὐτοῖς
1086 3554 1228 3606 κατὰ
1300 3551 1402 3622 τὴν
1464 3552 1723 3623 ὁμοίωσιν
1774 3550 1869 3604 τοῦ

276 3651 605 3719 ὄφεωςδ-
632 3666 650 3700 t
679 3645 1138 3719 Περιεκύκλωσάν
1170 3661 1235 3715 με
1259 3645 1421 3707 κύνες
1448 3643 1656 3707 πολλοὶ,
1678 3641 1868 3713 ταῦροι

278 3743 478 3804 πίονες
510 3740 805 3811 περιέσχον
836 3756 901 3809 με
932 3739 1065 3808 ἅμα.
1096 3756 1114 3789 ι
1151 3735 1346 3798 ’Ἄλλος
1365 3736 1420 3788 δὲ
1458 3735 1747 3805 προφήτης
1782 3733 1872 3785 ἴπ-

275 3852 414 3899 ποις
443 3834 811 3906 θηλυμανέσιν
840 3832 1039 3895 αὐτοὺς
1091 3833 1273 3901 ὁμοιοῖ
1313 3828 1404 3882 διὰ
1430 3827 1490 3881 τὸ
1507 3827 1643 3897 πρὸς
1672 3826 1869 3898 ἡδονὰς

272 3930 387 3991 τὰς
405 3927 706 3988 λυσσώδεις
732 3926 1066 3997 κατάφορον.
1093 3923 1283 3986 υῦτως
1300 3922 1396 3976 ἐὰν
1418 3924 1445 3975 6
1471 3920 1594 3986 νοῦς
1611 3920 1868 3990 πονηρὸς,

272 4022 457 4081 ὅλοςό
491 4021 778 4091 ἄνθρωπος
811 4018 1087 4081 σκοτεινὸς
1144 4019 1258 4079 τοῖς
1329 4015 1513 4085 ἔργοις
1560 4012 1657 4084 τὴν
1710 4012 1871 4081 φύσιν

271 4110 637 4182 ψευδόμενος.
679 4130 697 4163 t
727 4105 902 4162 Είοῦν
934 4110 995 4161 τὸ
1021 4108 1136 4175 φῶς
1175 4107 1236 4160 τὸ
1293 4105 1352 4156 ὲν
1403 4105 1487 4158 σοὶ
1545 4103 1758 4166 σκότος,
1809 4101 1872 4154 τὺ

277 4204 479 4268 σκότος
518 4205 761 4270 πόσον;ι
799 4203 859 4255 Εἰ
887 4204 913 4254 6
941 4200 1115 4264 δοθείς
1146 4217 1252 4265 σοι,
1288 4198 1449 4268 φησὶ,
1486 4194 1611 4260 νοῦς
1640 4196 1719 4258 είς
1760 4212 1873 4263 φω-

324 4360 379 4395 “
401 4358 546 4414 Psal.
575 4373 766 4422 vaut,
798 4357 881 4410 15.
961 4355 1002 4387 ’⁷
1026 4354 1170 4410 Psal.
1192 4370 1325 4422 Lvn,
1353 4354 1407 4407 5.

1632 319 1961 378 HOMILIA
2000 314 2191 377 XLII.

3151 438 3268 493 age,
3304 425 3533 496 ingressi

1972 516 2113 579 intra
2167 525 2394 595 mystica
2445 522 2845 592 integumenta,
2891 523 2942 575 id
2996 521 3136 589 quod
3185 534 3279 587 per
3320 522 3534 577 oculum

1968 615 2328 685 signiﬁcatur,
2355 614 2462 668 alio
2487 621 2744 683 praeterea
2778 612 2940 667 modo
2966 610 3393 667 consideremus.

2047 821 2065 852 ι
2106 801 2348 856 Lucerna
2385 801 2629 870 corporis
2661 810 2741 857 est
2771 798 2988 867 oculus;
3030 818 3048 850 ι
3092 816 3213 854 nam
3252 801 3296 855 si
3332 800 3402 856 de
3426 802 3544 856 visu

1973 884 2298 961 simpliciter
2340 892 2676 961 loqueretur,
2709 891 2955 957 dixisset,
2990 890 3245 946 Lucerum
3304 895 3546 960 corporis

1973 992 2104 1037 sunt
2133 984 2296 1039 oculi.
2325 982 2478 1039 Nunc
2509 998 2639 1038 vero
2672 983 2935 1054 singulari
2974 999 3201 1038 numero
3238 1000 3367 1040 usus
3398 987 3545 1042 aliud

1974 1073 2307 1145 intelligendi
2344 1075 2500 1130 nobis
2534 1075 2683 1130 dedit
2714 1075 3087 1141 occasionem;
3125 1075 3343 1131 oculum
3382 1077 3547 1148 igitur

1974 1174 2211 1221 mentem
2245 1164 2512 1235 appellat;
2542 1164 2687 1235 quod
2712 1164 2855 1218 enim
2888 1172 2969 1218 est
2995 1163 3184 1219 oculus
3212 1164 3264 1218 in
3294 1178 3543 1235 corpore,

1975 1255 2027 1310 id
2078 1257 2130 1312 in
2180 1256 2361 1311 animo
2407 1264 2491 1310 est
2532 1270 2686 1311 mens
2737 1273 2751 1309 :
2803 1264 2988 1326 utpote
3030 1270 3151 1325 quae
3192 1254 3424 1312 facultas
3467 1267 3551 1312 est

1974 1348 2218 1418 quaedam
2262 1347 2428 1403 animi
2472 1362 2578 1402 non
2623 1347 2949 1413 adventitia,
2986 1362 3161 1418 neque
3199 1357 3259 1402 ut
3300 1348 3445 1404 aliud
3492 1349 3546 1404 in

1974 1440 2103 1503 alio,
2135 1440 2227 1495 sed
2277 1440 2419 1496 idem
2463 1449 2546 1496 est
2594 1455 2749 1497 mens
2800 1450 2857 1495 et
2899 1441 3134 1497 animus.
3164 1439 3352 1513 Neque
3401 1444 3548 1500 enim

1973 1533 2299 1588 credendum
2353 1541 2437 1589 est
2485 1535 2551 1588 iis
2597 1534 2692 1604 qui
2738 1533 2885 1588 aliud
2931 1548 3053 1589 esse
3105 1545 3344 1591 mentem
3399 1535 3545 1608 (88),

1974 1623 2120 1677 aliud
2163 1624 2405 1679 animum
2443 1624 2652 1687 dicunt,
2683 1625 2881 1695 quippe
2923 1637 3044 1678 cum
3084 1624 3394 1681 Graecorum
3438 1628 3548 1682 sint

1975 1715 2176 1770 addicti
2205 1717 2360 1785 nugis
2391 1732 2404 1769 :
2435 1716 2590 1787 quasi
2621 1725 2865 1772 metuant
2894 1732 2962 1773 ne
2986 1718 3214 1773 rationis
3241 1721 3546 1789 expertium

1974 1805 2171 1861 anima:
2200 1806 2529 1876 imperfecta:
2556 1806 2867 1863 videantur.
2892 1807 3227 1878 l’erpurgato
3256 1812 3418 1879 igitur
3446 1812 3549 1867 hoc

1973 1898 2161 1956 oculo.
2230 1899 2281 1951 id
2332 1909 2416 1954 est
2468 1912 2677 1966 mente,
2725 1916 2755 1954 a
2807 1910 3059 1957 concreta
3105 1902 3334 1972 caligine
3384 1914 3550 1974 atque

1974 1986 2253 2049 crassitie.
2284 1987 2441 2057 quasi
2478 1987 2530 2041 in
2568 1988 2687 2044 luce
2721 1989 3006 2045 ambulans
3031 1992 3212 2045 anima
3238 1993 3355 2048 sine
3381 1993 3551 2064 impe-

1974 2076 2219 2132 dimento
2237 2079 2498 2134 virtutum
2525 2081 2665 2134 viam
2692 2082 3009 2152 ingreditur.
3029 2083 3162 2138 Cum
3186 2085 3329 2140 enim
3352 2086 3553 2157 duplex

1974 2169 2047 2222 sit
2069 2178 2254 2224 nostra
2279 2172 2621 2237 constitutio,
2675 2172 2778 2227 alia
2804 2174 3024 2242 quidem
3051 2190 3181 2243 pars
3212 2177 3369 2244 levis,
3395 2178 3551 2234 intelo

1977 2260 2195 2331 ligentia
2220 2263 2442 2331 praedita
2459 2303 2476 2327 ,
2501 2263 2605 2318 alia
2629 2278 2760 2319 vero
2783 2279 2989 2328 crassa,
3010 2271 3248 2322 materiae
3272 2271 3550 2337 immersa,

1974 2362 2029 2407 et
2059 2352 2125 2404 ad
2161 2368 2247 2407 res
2276 2353 2563 2409 inferiores
2592 2368 2796 2423 prona;
2833 2355 3102 2425 siquidem
3137 2372 3294 2413 mens
3327 2361 3553 2417 rationis

1976 2444 2205 2515 imperio
2273 2446 2518 2515 superior
2583 2447 2776 2514 fuerit,
2842 2463 3039 2517 corpus
3106 2449 3163 2503 in
3233 2452 3549 2507 servitutem

1977 2537 2256 2606 redigens,
2293 2546 2420 2593 tunc
2460 2539 2675 2594 animus
2719 2539 3075 2608 illuminatur,
3104 2542 3268 2614 300
3307 2551 3362 2599 et
3402 2542 3553 2600 facili

1978 2626 2196 2695 negetio
2222 2626 2447 2697 provehi
2477 2629 2545 2681 ad
2577 2643 2829 2699 suprema
2860 2631 3160 2698 contendit,
3184 2644 3366 2690 mente
3391 2636 3551 2705 quasi

1976 2715 2197 2771 lucerna
2240 2729 2520 2785 praeeunte
2562 2718 2667 2784 illi,
2700 2728 2755 2775 et
2791 2730 3259 2778 commonstrante
3292 2725 3456 2780 viam.
3491 2726 3550 2781 Si

1975 2822 2105 2863 vero
2172 2809 2417 2881 plumbea
2486 2811 2696 2879 peccati
2757 2827 2935 2868 massa
3001 2824 3237 2869 mentem
3294 2818 3545 2873 deorsum

1978 2905 2177 2965 trahat,
2206 2910 2263 2955 et
2290 2912 2630 2956 terrenarum
2662 2917 2841 2957 rerum
2880 2905 3075 2960 nebula
3111 2907 3369 2963 tenebras
3396 2911 3549 2965 cordi

1978 2990 2243 3060 effundat,
2275 3002 2400 3049 tunc
2427 3008 2555 3047 vero
2588 3004 2715 3048 tunc
2744 2996 2955 3050 animus
2984 2996 3140 3066 quasi
3168 3012 3465 3055 conversus
3496 3001 3551 3054 in

1978 3083 2230 3141 tenebras
2262 3086 2328 3140 ad
2358 3098 2423 3141 ea
2452 3100 2573 3155 qua
2610 3095 2735 3143 sunt
2764 3097 2960 3157 praeter
2989 3096 3241 3144 naturam
3277 3094 3551 3147 converti-

1978 3187 2092 3245 tur;
2142 3191 2206 3233 ea
2246 3191 2368 3248 quae
2418 3193 2524 3232 non
2573 3186 2732 3245 sunt,
2765 3180 2919 3250 quasi
2970 3192 3185 3248 essent,
3222 3184 3551 3255 cogitatione

1976 3268 2080 3323 sibi
2116 3268 2353 3340 ﬁngens,
2385 3279 2439 3325 et
2472 3272 2599 3326 caeci
2636 3273 2693 3327 in
2726 3272 2945 3327 modum
2980 3272 3261 3330 offendens
3304 3294 3320 3332 :
3360 3287 3416 3332 et
3449 3279 3553 3334 hac

1980 3361 2186 3415 ratione
2217 3360 2390 3434 factus
2421 3362 2649 3417 rationis
2679 3377 2873 3434 espers
2902 3364 3162 3433 jumentis
3196 3368 3548 3426 assimilatur.

1978 3451 2149 3506 Porro
2210 3432 2451 3522 psaﬂnns
2512 3432 2762 3509 ostendit
2813 3432 2971 3523 illos,
3030 3473 3167 3527 quos
3228 3461 3281 3514 in
3349 3467 3549 3516 statum

1972 3542 2234 3613 jumentis
2261 3546 2673 3601 convenientem
2704 3563 2857 3603 mens
2885 3549 3125 3619 improba
3156 3554 3547 3608 commutavit:

1985 3654 2004 3688 ι
2044 3635 2216 3690 Homo
2249 3652 2371 3692 cum
2408 3638 2461 3691 in
2500 3637 2706 3694 honore
2739 3648 2903 3705 esset,
2934 3658 3038 3696 non
3077 3643 3363 3709 intellexit,
3397 3658 3550 3699 com-

1977 3737 2200 3799 paratus
2232 3740 2318 3785 est
2344 3730 2605 3797 iumentis
2636 3731 3039 3803 insipientibus,
3070 3745 3124 3788 et
3156 3735 3347 3789 similis
3379 3734 3573 3790 iactus-

1971 3831 2057 3877 est
2100 3823 2205 3877 illis
2225 3822 2289 3875 “.
2332 3841 2350 3874 ι
2398 3821 2466 3876 Et
2511 3839 2701 3878 rursus
2749 3843 2762 3877 :
2807 3842 2828 3876 ι
2877 3824 3052 3879 Furor
3100 3826 3206 3881 illis
3249 3829 3549 3883 secundum

1969 3914 2381 3969 similitudinem
2416 3916 2764 3981 serpentis”.
2804 3936 2822 3967 ι
2863 3916 2925 3969 Et
2957 3935 2969 3970 :
3004 3938 3021 3968 ι
3060 3918 3551 3975 Circtnndedernnt

1971 4021 2056 4059 me
2088 4022 2252 4059 canes
2285 4006 2470 4072 multi;
2510 4007 2646 4059 tauri
2702 4006 2927 4077 pingues
2961 4009 3291 4063 obsederunt
3343 4026 3427 4064 me
3474 4011 3549 4064 si-

1971 4101 2078 4153 mul
2101 4100 2163 4151 ’3.
2191 4118 2208 4150 ι
2226 4100 2377 4153 Alius
2397 4113 2525 4152 vero
2542 4100 2801 4168 propheta
2814 4100 2970 4165 equis
2990 4100 3307 4155 feminarum
3328 4101 3548 4154 libidine

1978 4193 2374 4247 insanientibus
2406 4192 2519 4261 (89)
2553 4205 2647 4245 eos
2681 4201 2981 4259 comparat,
3009 4202 3231 4263 propter
3261 4194 3543 4262 impetum,

1487 4351 1702 4426 “_Psa|.
1728 4364 1842 4408 nt.
1872 4348 1957 4400 1³5.

1520 4493 1837 4557 Francisci
1879 4493 2096 4554 Scursi
2136 4496 2321 4551 noue.

363 4634 473 4703 (88)
508 4632 665 4686 Aliud
682 4647 798 4703 esse
820 4641 1063 4684 mentem.
1088 4626 1321 4703 Videtur
1341 4624 1472 4679 mihi
1497 4623 1859 4703 Theophanes
1892 4624 1934 4680 D

273 4692 393 4766 hoc
448 4692 564 4757 ioco
614 4700 851 4757 refutare
905 4716 998 4754 eos
1058 4700 1145 4765 qui
1201 4698 1538 4764 distinguunt
1589 4692 1858 4766 potentias

271 4777 483 4834 anima:
512 4772 580 4828 ab
626 4774 740 4841 ipsa
792 4771 991 4841 anima,
1025 4767 1178 4836 quasi
1210 4766 1424 4841 sit.alia
1462 4765 1712 4841 quaedam
1750 4777 1859 4841 res,

274 4849 372 4902 vel
423 4854 482 4897 ut
530 4834 906 4913 philbsotibice
946 4834 1170 4913 loquar,
1198 4835 1395 4913 entitas
1427 4834 1494 4886 ab
1528 4836 1643 4902 ipsa
1679 4834 1857 4913 anima

273 4904 566 4973 distincta.
619 4904 874 4978 Quamvm
929 4904 1073 4963 enim
1122 4904 1522 4978 distinctionem
1577 4919 1606 4955 ιι
1656 4904 1862 4956 ratione

275 4989 507 5046 habeat,
536 4976 773 5037 attamen
803 4994 910 5033 non
940 4976 1286 5044 distinguitur
1310 4988 1565 5041 tanquam
1593 4988 1733 5046 rosa
1770 4986 1858 5034 re;

272 5042 409 5128 qua:
439 5042 624 5128 opinio
655 5052 708 5105 in
731 5050 943 5128 scholis
993 5042 1128 5128 satis
1175 5046 1434 5128 recipitur
1471 5042 1857 5128 etlprobatur:

270 5110 491 5195 Srguit'
514 5133 689 5177 autem
724 5121 942 5195 Graecos
978 5110 1326 5195 philosophos
1347 5110 1733 5195 Theophanes,
1767 5125 1860 5164 eos

276 5186 786 5267 potiisgsitnttm,‘qui
845 5191 945 5267 levi
980 5186 1228 5256 'quadam
1271 5186 1498 5267 ratione,
1549 5192 1634 5267 et.
1671 5186 1861 5261 timore

275 5251 439 5321 aucti
471 5266 611 5317 hanc
639 5251 1049 5316 distinctionetii
1084 5264 1414 5324 posuerunt,
1452 5251 1858 5324 perindequasi

272 5351 356 5391 ex
383 5349 446 5387 ea
474 5343 788 5401 sequeretur
817 5331 1026 5401 animas
1055 5321 1331 5401 pecudum
1348 5341 1466 5401 esse
1493 5321 1858 5401 imperfectas,

273 5408 331 5461 si
372 5393 626 5457 nimirum
658 5402 871 5457 deesset
898 5400 1005 5452 illis
1035 5397 1236 5466 aliquid
1268 5395 1332 5448 ad
1367 5394 1725 5466 substantiam
1780 5393 1861 5466 vel

272 5476 569 5530 eutitatem
616 5476 808 5526 anima:
862 5462 1162 5540 pertinens.
1193 5466 1334 5534 quod
1370 5474 1547 5540 tamen
1581 5471 1662 5515 est
1715 5462 1866 5513 lutile

271 5555 344 5600 ct
396 5542 719 5606 ridiculum,
776 5534 973 5612 inquit,
1010 5538 1405 5605 Theophanes;
1464 5534 1657 5612 annua:
1720 5546 1862 5612 enim

261 5619 464 5669 ‘bruta:
508 5622 632 5667 sunt
671 5603 921 5681 perfecite
963 5610 1015 5662 in
1050 5603 1435 5681 fsuoglgenere,
1476 5603 1573 5657 etsi
1617 5617 1725 5681 non
1765 5603 1865 5681 ha-

274 5686 457 5739 beant
482 5697 600 5739 eam
628 5672 1014 5753 perfectionem
1048 5672 1401 5745 intelligendi,
1432 5687 1594 5741 quant
1635 5672 1869 5725 hominis

274 5770 493 5813 anima.

621 5846 891 5905 PATROL.
922 5843 1037 5902 Gtt.
1079 5837 1378 5903 CXXXII,

2036 4618 2147 4686 (89)
2187 4617 2350 4687 Equis
2379 4618 2666 4671 emissariis
2700 4614 2918 4687 libidine
2948 4614 3346 4670 insanientibus.
3374 4612 3544 4687 Locus

1965 4682 2257 4757 propin-etre-
2289 4703 2448 4757 quem
2506 4689 2705 4752 innuit,
2759 4696 2841 4738 est
2890 4682 3099 4757 Jerem_._
3138 4699 3257 4752 cap.
3303 4702 3371 4738 νε
3410 4683 3544 4757 Equi

1960 4752 2220 4813 amatores
2252 4752 2321 4809 σι’
2350 4759 2614 4811 emissarii
2667 4757 2795 4825 [acti
2847 4764 2990 4809 sunt.
3028 4752 3419 4825 Unusquisque
3476 4756 3543 4806 ad

1960 4844 2176 4882 uxorem
2239 4830 2461 4889 proximi
2519 4829 2601 4881 sui
2648 4823 2978 4881 Itinniebant.
3026 4824 3120 4877 Ubi
3168 4823 3334 4885 LXX,
3384 4823 3546 4877 ἵπποι

1959 4898 2293 4967 Θηλυμανείς
2350 4898 2711 4969 ἐγενήθησαν.
2752 4897 2883 4969 Quo
2943 4893 3401 4969 vocabulo-“usus
3462 4903 3544 4947 est

1960 4915 2293 4967 υηλυμανεις
2350 4915 2546 4969 εγενηυ
2592 4915 2711 4952 σαν.
2768 4915 2883 4961 ψη)
2955 4915 3214 4945 vocabulo
3272 4915 3401 4945 usus
3462 4915 3542 4947 esu

1960 4983 2167 5023 nOSIer.
2189 4969 2322 5022 Eum
2359 4970 2534 5021 locum
2552 4915 2814 5020 1ieretniae
2840 4964 3107 5030 prolatum
3132 4972 3187 5015 et
3211 4963 3542 5015 illusu-atum

1960 5041 2104 5107 leges
2131 5054 2157 5091 a
2197 5042 2252 5091 ὃ.
2295 5038 2509 5103 Basilio,
2537 5040 2636 5091 sub
2670 5036 2877 5107 initium
2911 5033 3032 5107 libri
3067 5031 3542 5107 Deveradhomiuis

1962 5104 2279 5178 virginitate.
2330 5108 2464 5175 Equi
2524 5105 2816 5165 cntissarii,
2871 5105 2954 5155 vel
3011 5104 3341 5178 admissarii,
3397 5110 3541 5173 quod

1963 5176 2156 5232 nomen
2210 5178 2380 5233 Varro
2430 5179 2742 5244 frequenter
2798 5183 3058 5239 usurpat,
3105 5176 3197 5240 qui
3264 5176 3540 5231 dicantur,

1964 5259 2153 5302 notum
2187 5258 2271 5301 est
2297 5248 2376 5301 vel
2410 5247 2610 5315 pueris.
2654 5245 2719 5297 Et
2746 5245 2963 5311 quidem
2994 5244 3061 5315 de
3082 5245 3332 5315 maribus
3365 5246 3543 5315 omui~

1965 5322 2061 5373 bus
2093 5318 2181 5385 qui
2215 5312 2739 5385 fetnrm'supplenthe
2769 5328 2929 5385 causa
2990 5314 3045 5385 in
3074 5312 3304 5385 feminas
3347 5313 3545 5385 admit-

1969 5380 2176 5445 tuntur,
2228 5389 2329 5440 dici
2385 5380 2613 5439 videtur.
2652 5383 2983 5444 Columella,
3038 5384 3129 5436 lib.
3183 5398 3275 5440 vn.
3325 5398 3443 5448 cap.
3481 5380 3539 5440 2,

1971 5456 2362 5526 mansuefactos
2398 5456 2542 5508 tectis
2578 5455 2759 5507 auibus
2799 5454 3033 5526 admisit.
3072 5452 3174 5526 Sed
3213 5456 3541 5526 lt0c__nonie:i

1967 5544 2106 5598 equo
2164 5522 2514 5598 potiisinnnn
2553 5526 2681 5577 solet
2735 5525 3046 5598 convenires
3085 5522 3270 5598 Ideni,
3320 5522 3433 5598 lib._
3466 5536 3537 5598 vi.

1970 5590 2086 5666 cap.
2118 5590 2184 5649 57
2221 5615 2233 5650 :
2269 5593 2362 5647 Est
2392 5602 2439 5647 et
2462 5595 2686 5647 alterunt
2710 5609 2869 5666 genus
2904 5592 3208 5666 admissarii
3241 5590 3461 5666 [urentis
3488 5591 3543 5641 in

1970 5661 2255 5731 libidinem,
2286 5666 2423 5735 quod
2455 5666 2554 5716 nisi
2590 5677 2707 5716 astu
2739 5663 3058 5735 inhibeatur,
3087 5661 3243 5735 affert
3267 5662 3409 5730 gregi
3436 5677 3546 5725 ner-

1972 5740 2183 5799 nfricnt,
2220 5733 2325 5789 etc.
2362 5740 2534 5802 Atque
2568 5734 2871 5803 bujnsmodi
2899 5744 3067 5799 equos
3093 5733 3180 5784 hic
3210 5741 3391 5787 noster
3420 5748 3485 5785 cu
3512 5748 3543 5781 ιι

3127 5824 3208 5883 26
