3974 6220
380 210 492 277 813

1731 220 2061 279 IIOMILIA
2101 219 2287 279 XLII.

3529 231 3636 297 814

377 328 710 388 ¹ιωτίστιντεες
731 325 795 378 τὸ
823 325 1001 396 νόημα
1025 328 1106 391 εἰς
1121 329 1380 398 Χριστὸν,
1399 330 1538 383 κατὰ
1565 330 1662 402 τὴν
1693 333 1785 384 τοῦ
1803 334 1949 385 ’Λπο-

2071 335 2124 387 in
2157 333 2528 402 captivitatem
2581 334 2886 402 redigentes
2928 350 3146 393 sensum
3205 340 3260 394 in
3316 344 3637 415 obsequium

377 421 558 472 πόλου
593 418 944 488 παραίνεσιν.
973 418 1182 490 Λύχνος
1212 422 1320 492 γὰρ
1344 422 1504 492 ήμῶν
1528 426 1622 476 καὶ
1671 424 1951 493 ὀφθαλμὸς

374 511 536 574 αὐτός
563 513 713 562 ἐστιν
745 512 774 563 6
811 511 1070 580 Χριστός.
1126 511 1337 582 Λύχνος
1365 516 1476 584 γὰρ
1532 516 1950 584 ἐτυμολογεῖται

373 604 522 670 παρὰ
560 603 623 654 τὸ
656 601 808 656 λύειν
855 604 917 654 τὸ
977 602 1161 672 νύχος,
1191 605 1362 674 ήγουν
1415 606 1476 658 τὸ
1510 606 1723 668 σκότος.
1762 607 1858 669 Τίς
1890 607 1949 660 δέ

373 699 517 748 ἐστιν
549 696 740 764 ἔτερος
769 696 798 746 6
832 695 934 762 τῆς
975 697 1254 765 ἁμαρτίας
1300 696 1471 760 λύσας
1525 698 1624 765 τὴν
1688 699 1951 766 ξόφωσιν,

371 788 466 841 καὶ
492 787 552 840 τὸ
580 788 698 856 φῶς
722 789 825 858 τῆς
855 787 1114 855 γνώσεως
1166 791 1560 861 χαρισάμενος,
1616 791 1730 844 ἀλλ’
1763 793 1794 864 ἢ
1854 794 1954 847 αύο

370 879 460 942 τὸς
491 880 520 930 6
553 878 726 931 εἰπών
752 895 766 912 ο
805 897 824 931 ι
871 879 1018 945 Ἐγώ
1063 881 1182 950 εἰμι
1217 883 1280 934 τὸ
1328 883 1444 951 φῶς
1497 882 1594 936 τοῦ
1642 883 1888 954 κόσμου;
1925 903 1944 936 ι

370 971 541 1035 Λύτὸς
590 971 700 1042 γάρ
757 973 908 1024 ἐστιν
955 972 1032 1036 ὡς
1088 973 1310 1043 άληθῶς
1366 975 1428 1027 τὸ
1478 976 1618 1044 φῶς,
1652 976 1682 1029 ὃ
1724 978 1952 1046 φωτίζει

368 1063 549 1115 πάντα
615 1061 906 1132 ἄνθρωπον
953 1065 1253 1135 ἐρχόμενον
1283 1067 1390 1131 μείς
1450 1068 1544 1121 τὸν
1605 1069 1812 1140 κόσμον
1842 1069 1954 1124 τῶν

368 1153 606 1223 ἀρετῶν.
633 1154 756 1216 Πῶς
787 1155 844 1206 δὲ
892 1149 1049 1218 οὗτος
1084 1157 1366 1228 ὀφθαλμός
1432 1161 1551 1214 ἐστι
1600 1163 1695 1216 καὶ
1762 1162 1954 1234 λύχνος

369 1245 666 1317 ἡμέτερος,
694 1246 722 1297 6
766 1246 924 1315 λόγος
944 1248 1109 1311 δείξει
1162 1252 1520 1322 σαφέστερον.
1564 1257 1815 1323 Reguli)
1851 1257 1956 1310 τοῦ

369 1335 486 1400 τῆς
501 1339 871 1404 Ἐκκλησιάς
883 1341 1276 1410 πληρώματος
1292 1343 1456 1406 αὑτός
1470 1345 1618 1398 ἐστιν
1635 1345 1664 1397 6
1680 1349 1952 1414 Χριστός·

369 1427 514 1480 οὕτω
540 1428 648 1499 γάρ
673 1431 702 1482 6
731 1431 908 1500 μέγας
929 1432 1138 1496 Παυλός
1160 1450 1326 1504 φησιν
1346 1450 1358 1464 ⁸
1395 1454 1414 1487 ι
1458 1437 1656 1504 Ἡμεῖς
1692 1439 1750 1491 δὲ
1781 1439 1956 1509 σῶμα

370 1517 560 1572 αὐτοῦ
579 1556 593 1579 ,
629 1519 726 1570 καὶ
769 1519 907 1590 μέλη
933 1521 998 1573 ἐκ
1055 1523 1306 1593 μέρουςοι
1335 1527 1578 1598 κεφαλῆς
1605 1528 1662 1581 δὲ
1690 1531 1750 1582 τὸ
1767 1532 1962 1601 κράτι-

370 1625 499 1663 στον
537 1608 898 1681 αἰσθητήριον
925 1612 955 1664 6
992 1612 1300 1686 ὀφθαλμός.
1329 1617 1544 1690 Ὠσπερ
1594 1616 1688 1673 οὖν
1743 1622 1956 1690 κεφαλή

371 1701 549 1764 ἐστιν,
581 1699 728 1755 οὕτω
748 1702 856 1773 ἄρα
886 1705 985 1758 καὶ
1017 1707 1322 1779 ὀφθαλμὸς,
1363 1711 1456 1780 ὑφ’
1487 1707 1548 1766 οὗ
1573 1713 1636 1766 τὸ
1659 1715 1768 1768 πᾶν
1796 1716 1957 1786 σῶμα

369 1794 468 1862 τῆς
490 1793 826 1866 Ἐκκλησίας
863 1799 1185 1866 φωτίζεται.
1223 1802 1361 1855 Λίαν
1411 1804 1470 1857 δὲ
1523 1807 1895 1878 παρεμφερὴς
1926 1811 1956 1863 6

369 1880 562 1952 λύχνος
592 1884 695 1950 τῆς
722 1884 818 1937 τοῦ
844 1886 1020 1956 Λόγου
1053 1889 1405 1959 σαρκώσεως.
1443 1894 1603 1948 Κατὰ
1632 1896 1795 1964 φύσιν
1850 1899 1958 1970 γὰρ

369 1971 505 2036 Θεὸς
545 1974 830 2045 ὑπάρχων,
868 1979 964 2032 καὶ
990 1978 1130 2050 σὰρξ
1163 1983 1283 2036 κατ’
1301 1985 1619 2055 οἰκονομίαν
1639 1988 1954 2057 γενόμενος,

368 2061 460 2119 οἷα
493 2067 559 2136 δή
595 2071 711 2136 φῶς
734 2070 858 2124 κατ’
873 2073 1068 2126 οὐσίαν
1107 2076 1548 2148 άπεριγράπτως
1578 2080 1657 2151 τῷ
1683 2085 1784 2152 τῆς
1817 2101 1957 2155 σαρ-

371 2157 467 2220 κὸς
496 2159 758 2230 ὀστράκῳ
797 2163 1055 2235 καθάπερ
1080 2164 1260 2238 λύχνῳ
1310 2169 1399 2223 διὰ
1441 2169 1614 2241 μέσης
1660 2171 1842 2243 ψυχῆς
1882 2175 1958 2238 ὡς

369 2251 462 2305 διὰ
496 2250 816 2323 θρυαλλίδος
871 2255 932 2308 τὸ
983 2255 1096 2328 πῦρ
1157 2258 1381 2326 ἐνωθὲν,
1423 2261 1518 2314 τοῦ
1572 2264 1801 2329 σκότους
1854 2266 1956 2337 τῆς

369 2343 598 2411 ἀγνοίας
653 2343 808 2416 ὤφθη
870 2347 1151 2420 λυτήριον.
1187 2351 1299 2405 Καὶ
1361 2353 1494 2421 γοῦν
1548 2356 1641 2408 καὶ
1673 2358 1702 2410 ὁ
1749 2357 1958 2428 Κύριος

367 2434 518 2488 οὕτω
541 2437 707 2508 φησίν
732 2455 747 2470 ο
795 2457 814 2490 ι
851 2439 1047 2504 Οὐδεὶς
1092 2442 1238 2512 ἅψας
1260 2444 1457 2516 λύχνον
1491 2447 1760 2504 καλύπτει
1790 2451 1958 2505 αὑτὸν

371 2528 604 2582 σκεύει·
649 2547 668 2580 ι
711 2531 1026 2599 τουτέστιν,
1065 2535 1257 2600 Οὐδεὶς
1312 2539 1371 2590 ἐν
1398 2539 1580 2610 ἐαυτῷ
1627 2541 1719 2594 τὸν
1783 2544 1958 2613 Λόγον

370 2618 722 2688 κτησάμενος
753 2619 843 2673 διὰ
871 2622 1134 2690 πίστεως,
1192 2621 1280 2679 οἷα
1338 2627 1533 2699 λύχνον
1591 2630 1958 2704 δᾳδουχοῦντα

368 2708 465 2763 τὸν
497 2709 648 2776 νοῦν,
684 2712 950 2767 καλύπτει
989 2715 1154 2770 αὐτὸν
1178 2719 1257 2788 τῷ
1286 2722 1458 2791 χοῖκῷ
1508 2725 1841 2795 φρονήματι,
1882 2728 1959 2788 ὡς

369 2803 744 2874 ὸνενέργητον
772 2805 869 2858 τοῦ
891 2806 1139 2862 τοιούτου
1164 2808 1360 2881 λύχνου
1389 2814 1452 2865 τὸ
1475 2815 1590 2883 φῶς
1629 2818 1920 2882 φαίνεσθαι
1939 2837 1953 2851 ο

369 2897 434 2949 ού
462 2899 529 2968 τῇ
562 2899 737 2952 αὐτοῦ
774 2898 960 2970 φύσει,
989 2900 1127 2955 ἀλλὰ
1161 2905 1229 2972 τῇ
1281 2905 1529 2978 ῥᾳθυμίᾳ
1567 2908 1662 2961 τοῦ
1715 2909 1952 2981 ἔχοντος.

2059 425 2287 491 Christi,
2337 435 2396 479 ut
2446 427 2696 481 hortatur
2745 429 3037 498 Apostolus
3074 432 3140 485 ”.
3200 433 3446 492 Lucerna
3493 441 3637 492 enim

2060 509 2296 571 nobis’et
2317 518 2506 573 oculus
2538 520 2650 588 ipse
2664 529 2745 576 est
2784 521 3053 578 Christus.
3073 526 3209 580 Nam
3237 528 3642 604 lucernam(9l)

2061 605 2237 661 Graeci
2288 607 2506 679 λύχνον,
2540 611 2798 680 lychnum
2837 616 3131 684 appellant,
3168 621 3308 688 quod
3355 624 3529 678 solvat
3557 634 3639 680 te-

2064 700 2302 753 nebras:
2367 703 2488 770 quis
2519 714 2701 757 autem
2742 705 2880 760 alius
2926 709 3214 778 caliginem
3264 716 3470 779 peccati
3525 717 3638 771 dis-

2062 792 2252 856 cussit,
2323 807 2388 844 ac
2433 796 2762 863 cognitionis
2814 798 2993 852 lumen
3047 802 3361 857 hominibus
3409 806 3636 874 largitus

2062 891 2166 945 est,
2221 883 2326 935 nisi
2376 884 2422 936 is
2451 886 2541 953 qui
2578 886 2750 940 dixit:
2789 907 2807 937 ι
2849 887 2961 958 Ego
2991 905 3109 943 sum
3148 893 3234 945 lux
3272 899 3454 950 mundi
3494 898 3584 949 “?
3614 919 3632 948 ι

2063 973 2186 1043 Ipse
2235 976 2381 1030 enim
2439 992 2568 1032 vere
2624 990 2706 1033 est
2769 980 2884 1048 lux,
2941 1000 3059 1052 quae
3111 985 3381 1042 illuminat
3419 1007 3639 1047 onmem

2062 1064 2336 1118 hominem
2382 1067 2686 1122 venientem
2719 1071 2769 1124 in
2814 1076 3072 1128 mundum
3104 1075 3149 1106 ’⁸
3185 1080 3446 1134 virtutum
3501 1081 3637 1154 (92)-

2062 1154 2343 1219 Quomodo
2418 1172 2550 1213 vero
2604 1161 2693 1216 hic
2736 1165 2898 1218 simul
2949 1167 3020 1220 sit
3067 1168 3257 1222 oculus
3315 1180 3369 1224 et
3421 1173 3640 1230 lucerna

2063 1255 2274 1311 nostra,
2323 1248 2536 1312 planius
2566 1254 2742 1308 oratio
2789 1256 3209 1313 demonstrabit.
3280 1261 3448 1333 Caput
3470 1265 3642 1332 pleni-

2065 1337 2262 1392 tudinis
2318 1340 2568 1396 Ecclesite
2605 1355 2688 1400 est
2726 1346 2838 1416 ipse
2884 1347 3122 1404 Christus
3158 1352 3242 1418 '5;
3290 1354 3362 1407 ita
3396 1356 3538 1410 enim
3563 1359 3642 1412 ait

2066 1443 2294 1499 magnus
2353 1435 2630 1499 apostolus
2687 1436 2886 1493 Paulus
2942 1455 2957 1493 :
3028 1440 3138 1495 Nos
3208 1459 3337 1500 vero
3377 1489 3391 1507 ,
3455 1465 3642 1517 corpus

2063 1521 2232 1589 ipsius
2274 1542 2293 1574 ›
2327 1524 2393 1588 ³⁷,
2416 1536 2467 1581 et
2511 1545 2530 1580 ι
2570 1526 2810 1584 Membra
2846 1531 2913 1586 de
2943 1537 3186 1590 membro
3211 1537 3274 1591 ’⁸.
3315 1557 3334 1590 ι
3371 1538 3642 1596 Praestan-

2067 1611 2337 1669 tissimum
2375 1627 2554 1672 autem
2607 1622 2878 1676 sentiendi
2912 1624 3331 1682 instrumentum
3374 1631 3426 1686 in
3462 1633 3642 1701 capite

2061 1702 2253 1758 oculus
2308 1717 2412 1760 est.
2443 1707 2560 1773 Qua
2593 1709 2760 1774 igitur
2813 1714 3026 1771 ratione
3049 1728 3131 1771 est
3154 1731 3340 1789 caput,
3366 1737 3431 1776 ea
3472 1725 3639 1778 etiam

2059 1795 2249 1850 oculus
2298 1807 2382 1852 est
2417 1841 2432 1865 ,
2494 1814 2523 1853 a
2582 1817 2691 1870 quo
2741 1812 2910 1858 totum
2951 1822 3148 1876 corpus
3203 1810 3464 1868 Ecclesiae
3515 1816 3637 1869 illu-

2059 1895 2286 1942 Siratur.
2340 1889 2510 1944 l’orro
2532 1901 2710 1947 autem
2743 1895 2903 1951 valde
2918 1899 3247 1956 assimilatur
3275 1903 3642 1963 lncarnationi

2063 1974 2226 2031 Verbi
2279 1980 2520 2037 lucerna.
2587 1982 2748 2051 Nam,
2807 2003 2930 2042 cum
2995 1988 3230 2048 Verbum
3291 2006 3488 2051 natura
3568 1999 3643 2055 sit

2067 2065 2228 2134 Deus,
2267 2077 2322 2122 et
2369 2085 2466 2138 per
2496 2072 2956 2141 dispensationem
3014 2095 3145 2137 caro
3189 2083 3391 2140 factum
3436 2091 3530 2153 sit,
3561 2091 3642 2143 uti

2066 2159 2242 2214 lumen
2267 2163 2564 2218 secundum
2590 2167 2951 2226 substantiam
2995 2173 3462 2248 incircumscripte
3492 2190 3644 2238 tesun

2061 2249 2244 2303 carnis
2272 2253 2427 2318 quasi
2465 2253 2701 2313 lucerna:
2749 2261 2923 2315 media
2953 2264 3158 2332 anima,
3208 2276 3265 2320 ut
3308 2285 3406 2338 per
3435 2271 3645 2342 ellych-

2065 2345 2212 2400 nium
2262 2347 2400 2416 ignis
2443 2352 2654 2406 unitum
2712 2357 2965 2425 apparuit
3017 2360 3270 2417 tenebras
3318 2364 3642 2432 ignorantia:

2065 2441 2450 2509 discussurus;
2481 2453 2537 2496 et
2571 2454 2722 2500 certe
2771 2446 3034 2505 Dominus
3087 2452 3166 2507 sic
3223 2456 3336 2508 ait:
3385 2475 3405 2509 ι
3468 2457 3644 2517 Nemo

2063 2531 2339 2587 lucernam
2382 2537 2682 2592 accendens
2711 2540 2884 2608 operit
2938 2557 3057 2598 eam
3094 2560 3222 2601 vase
3249 2549 3336 2613 ²⁹;
3371 2570 3388 2601 ι
3426 2552 3477 2606 id
3535 2563 3645 2625 est,

2061 2623 2230 2680 Nemo
2272 2625 2508 2682 Verbum
2541 2629 2594 2682 in
2620 2645 2682 2685 se
2710 2631 2832 2700 ipso
2877 2649 2975 2704 per
3007 2637 3167 2692 [idem
3204 2643 3492 2710 possidens
3523 2623 3645 2702 tan?

2061 2731 2221 2785 quam
2253 2718 2532 2773 lucernam
2591 2725 2758 2778 menti
2810 2728 3193 2794 praelucentem
3231 2741 3448 2790 terrena
3497 2737 3636 2795 illud

2061 2808 2392 2877 cogitatione
2446 2813 2730 2881 contegit;
2793 2816 2864 2870 ita
2929 2828 2988 2872 ut
3042 2820 3224 2878 lumen
3277 2826 3501 2896 hujusce
3555 2831 3642 2886 lu-

2065 2917 2244 2957 cerua!
2283 2905 2517 2960 otiosum
2567 2910 2835 2977 videatur,
2887 2929 2993 2968 non
3037 2928 3230 2987 suapte
3266 2931 3481 2988 natura,
3542 2930 3642 2981 sed

372 2989 581 3044 Τοῦτον
607 2992 703 3046 τδν
737 2991 958 3063 λύχνον,
989 2996 1134 3064 φημὶ
1163 2996 1227 3066 δὴ
1256 2997 1350 3051 τὸν
1384 2999 1612 3070 Κύριον,
1643 3003 1671 3056 6
1699 3003 1795 3056 τοῦ
1826 3021 1949 3074 προ-

2065 2991 2207 3060 cjus,
2277 2996 2369 3064 qui
2422 2997 2550 3051 illud
2598 3000 2842 3057 continet
2917 3007 3264 3077 negligentia.
3326 3012 3640 3073 Lucernam

368 3082 547 3152 φήτου
603 3085 877 3154 Ζαχαρίου
936 3085 1345 3154 προϐλεπτικὸς
1395 3090 1677 3162 ὀφθαλμὸς
1699 3093 1775 3156 ὡς
1811 3099 1953 3165 λαμ-

367 3174 563 3228 πάδιον
587 3174 854 3229 ἐθεάσατο
881 3193 895 3208 ·
925 3195 945 3228 ι
997 3178 1179 3248 Ἐώρα
1230 3181 1340 3251 γὰρ
1365 3222 1380 3246 ,
1403 3183 1558 3252 φησὶ,
1595 3184 1693 3237 καὶ
1724 3185 1834 3239 ἰδοὺ
1853 3188 1950 3240 λυ-

366 3265 494 3334 χνία
523 3269 724 3337 χρυσῆ,
759 3269 856 3322 καὶ
885 3269 1195 3339 λαμπάδιον
1223 3273 1414 3328 ἐπάνω
1433 3277 1608 3347 αὐτῆς
1628 3293 1644 3311 ο
1674 3297 1693 3330 ι
1727 3278 1816 3334 διὰ
1849 3282 1950 3351 μὲν

365 3358 466 3428 τῆς
545 3360 770 3431 λυχνίας
805 3361 905 3433 τήν
954 3363 1294 3432 Ἐκκλησίαν
1346 3366 1686 3440 δηλῶν,ιδιά
1733 3371 1790 3424 δὲ
1853 3372 1948 3426 τοῦ

365 3450 680 3520 λαμπαδίου
712 3452 805 3506 τὸν
836 3455 1195 3524 σαρκωθὲντα
1244 3457 1424 3528 δηλῶν
1462 3459 1618 3519 Θεόν.
1655 3462 1810 3516 Οὕτω
1839 3464 1948 3536 γὰρ

364 3540 461 3592 καὶ
493 3541 585 3594 διὰ
634 3541 858 3596 Ἡσαΐου
915 3547 1084 3615 φησὶν
1113 3547 1142 3600 6
1165 3546 1302 3609 Θεδς
1332 3549 1430 3603 καὶ
1466 3550 1658 3621 Πατήρ
1694 3565 1708 3580 °
1751 3571 1770 3604 ι
1800 3553 1951 3618 Ἐξε·

362 3632 617 3687 λεύσεται
642 3635 719 3699 ὡς
749 3636 865 3704 φῶς
892 3638 926 3707 ή
961 3638 1280 3712 δικαιοσύνη
1307 3658 1412 3712 μου
1435 3681 1450 3707 ,
1493 3643 1553 3696 τὸ
1584 3643 1639 3697 δὲ
1678 3648 1946 3717 σωτήριόν

366 3741 473 3792 μου
515 3723 592 3788 ὡς
651 3724 877 3795 λαμπὰς
937 3728 1302 3800 καυθήσεται.
1343 3751 1364 3784 ι
1404 3734 1560 3788 Ἐπεὶ
1609 3735 1667 3789 δὲ
1721 3738 1948 3808 ήφύσις

2067 3084 2232 3152 hanc,
2290 3086 2602 3157 Dominum,
2640 3092 2883 3164 inquam,
2909 3101 3198 3169 perspicax
3245 3106 3386 3162 vatis
3437 3108 3643 3164 Zacha—

2064 3178 2159 3232 rias
2207 3178 2402 3235 oculus
2455 3181 2586 3236 vidit
2625 3191 2880 3253 tanquam
2929 3188 3275 3262 lampadem;
3312 3196 3389 3251 ait
3440 3201 3637 3255 enim:

2066 3292 2086 3326 ι
2121 3273 2238 3329 Vidi
2278 3285 2332 3330 et
2391 3290 2519 3332 ecce
2568 3281 2953 3353 candelabrum
3025 3302 3273 3356 aureum,
3319 3303 3376 3348 et
3429 3295 3640 3368 lampas

2061 3382 2223 3436 super
2263 3368 2394 3424 illud
2431 3370 2499 3426 ³ο.
2531 3389 2550 3422 ι
2602 3371 2706 3428 Per
2763 3377 3148 3435 candelabrum
3210 3384 3507 3443 Ecclesiam
3564 3394 3641 3446 si-

2061 3474 2258 3528 gnans,
2316 3475 2412 3529 per
2482 3461 2786 3532 lampadem
2844 3483 2974 3524 vero
3047 3472 3388 3532 incarnatum
3445 3481 3638 3539 Deum.

2066 3551 2160 3606 Sic
2199 3552 2346 3606 enim
2379 3552 2544 3607 etiam
2576 3566 2674 3624 per
2703 3556 2898 3613 Isaiam
2921 3560 3062 3617 Deus
3087 3573 3141 3620 et
3171 3565 3334 3624 Pater
3363 3570 3639 3641 loquitur:

2063 3659 2082 3693 ι
2117 3643 2436 3712 Egredietur
2500 3655 2562 3701 ut
2621 3647 2801 3704 lumen
2863 3650 3076 3719 jnstitia
3130 3673 3271 3725 mea,
3300 3671 3354 3716 et
3389 3663 3640 3724 Salutare

2056 3734 2218 3805 302
2265 3755 2444 3796 meum
2480 3743 2624 3798 sicut
2681 3742 2891 3814 lampas
2941 3749 3157 3805 ardebit
3189 3752 3255 3808 ³¹.
3298 3772 3318 3806 ι
3369 3759 3637 3822 Quoniam

364 3815 528 3886 ήμῶν
565 3817 676 3872 τῶν
710 3820 978 3874 ἐναντίων
1015 3822 1139 3874 ἐστὶ
1169 3822 1422 3892 δεκτικὴ,
1453 3825 1548 3879 ἐὰν
1605 3827 1704 3897 μὲν
1729 3828 1945 3901 ἔχωμεν

2060 3841 2189 3882 vero
2242 3831 2645 3886 contrariorum
2702 3836 2973 3903 receptrix
3038 3847 3126 3892 est
3175 3851 3366 3897 natura
3428 3857 3637 3914 nostra,

361 3907 424 3959 ἐν
463 3907 679 3971 ἑαυτοῖς
703 3909 795 3962 τὸν
823 3909 960 3965 Θεὸν
986 3912 1183 3981 Λόγον,
1217 3914 1292 3978 ὡς
1335 3914 1531 3986 λύχνον
1578 3917 1944 3990 δᾳδουχοῦντα

2060 3919 2321 3988 siquidem
2372 3922 2427 3975 in
2492 3924 2649 3978 nobis
2678 3924 2995 3981 habebimus
3049 3927 3219 3984 Deum
3252 3930 3509 4003 Verbum,
3542 3907 3636 4009 qui

363 3999 518 4050 τὸέν
579 4001 712 4070 ἡμῖν
757 4003 967 4073 νοερὸν,
1028 4005 1423 4076 φωτιζόμεθα·
1457 4010 1507 4062 εί
1559 4008 1617 4062 δὲ
1677 4011 1940 4082 ῥᾳθύμως

2060 4013 2209 4080 quasi
2245 4013 2466 4068 lucerna
2523 4015 2688 4069 menti
2747 4025 2947 4071 nostrae
3000 4021 3311 4088 praeluceat,
3361 4026 3635 4085 illumina-

365 4089 616 4160 βιοῦντες
651 4093 753 4163 τὴν
802 4095 1074 4157 ἐναντίαν,
1100 4100 1196 4152 καὶ
1247 4097 1462 4173 ζοφώδη
1508 4103 1740 4173 δύναμιν
1770 4106 1944 4159 εἰσδε-

2060 4104 2272 4158 bimur:
2331 4106 2413 4160 sin
2463 4123 2594 4164 vero
2647 4108 2873 4178 ignaviae
2925 4112 3115 4178 dediti,
3171 4121 3501 4175 contrariam
3565 4139 3633 4180 ac

360 4183 608 4254 ξῶμεθα,
670 4189 738 4257 τῇ
796 4187 1051 4259 ἐπιμιξίᾳ
1094 4189 1192 4242 τοῦ
1244 4191 1504 4262 ἄρχοντος
1553 4195 1649 4247 τοῦ
1717 4197 1944 4261 σκότους

2060 4206 2455 4258 tenebricosam
2490 4208 2597 4260 vim
2653 4206 3027 4273 admittemus.
3067 4226 3168 4266 nos
3232 4228 3448 4284 quoque
3475 4221 3630 4288 prin-

362 4275 460 4330 καὶ
487 4279 652 4348 ἡμεῖς
693 4279 1087 4350 μελαινόμεθα,
1126 4300 1145 4334 ι
1172 4282 1249 4346 ὡς
1273 4285 1614 4356 σκηνώματα
1643 4289 1834 4360 Κηδάρ
1859 4307 1872 4320 ·
1915 4311 1934 4343 ι

363 4369 511 4424 κατὰ
537 4369 637 4441 τήν
661 4372 719 4425 ἐν
744 4371 821 4441 τῷ
846 4371 1090 4443 ’ᾼσματι
1113 4374 1336 4448 νύμφην
1366 4352 1655 4448 *γινόμενοι
1679 4419 1694 4443 ,
1717 4352 1942 4450 ἐχόντες
1975 4352 2019 4410 D

359 4461 422 4513 τὸ
448 4457 636 4533 αἶσχος
671 4464 1020 4520 ἐπείσακτον.

428 4658 573 4711 Ἀλλ’
596 4661 708 4731 ὁρῶ
746 4662 838 4717 τὸν
889 4663 1167 4732 βέλτιστον
1213 4667 1426 4721 ἐκεῖνον
1482 4668 1734 4723 διάκονον
1787 4671 1941 4745 ὕπνῳ

361 4750 704 4822 βαρούμενον
729 4770 744 4785 ο
770 4754 859 4822 ἐφ’
897 4755 1091 4820 ἱκανάς
1147 4758 1256 4828 γάρ
1296 4759 1444 4830 ὥρας
1481 4762 1822 4832 ἐπιτηρήσας
1857 4761 1937 4819 εἷ-

357 4842 450 4896 δον
480 4845 557 4908 ὡς
592 4846 826 4918 κάτοχον
851 4849 1308 4921 κραδαινόμενον,
1343 4855 1438 4906 καὶ
1471 4853 1528 4905 τὸ
1548 4853 1769 4924 βλέμμα
1800 4859 1938 4928 χαῦ-

431 5005 477 5036 ²³
510 5004 562 5079 11
581 5003 712 5079 Cur.
743 5020 798 5070 x,
825 5005 879 5061 5.
915 5078 922 5079 ί
957 5008 1006 5079 εδ
1035 5008 1195 5066 Joan.
1217 5015 1452 5076 "11.12.
1530 5019 1574 5049 ’⁵
1610 5017 1766 5074 Joan.
1798 5017 1838 5079 Ι,
1875 5018 1928 5072 9.

2022 5021 2067 5052 ³³
2109 5021 2311 5092 Ephcs.
2342 5038 2416 5088 tv,
2442 5024 2530 5087 l5,

355 5072 450 5129 27.
524 5078 570 5108 ’θ
599 5074 712 5131 Luc
735 5091 863 5143 vm,
903 5078 992 5134 16.
1071 5081 1115 5113 ³ο
1145 5072 1376 5140 Zachar.
1429 5103 1501 5154 IV,
1531 5089 1584 5142 4.
1653 5072 1702 5120 ί³¹
1732 5072 1837 5144 Ιεαξ
1874 5106 1949 5146 ιχ]

2060 5093 2090 5146 ι.
2112 5072 2416 5148 Ἴῖῖἱὶιιὶίῖ
2445 5072 2590 5160 ἰξ’5.

2050 4297 2186 4365 cipis
2235 4297 2578 4352 tenebrarum
2635 4302 3030 4356 consuetudine
3082 4304 3470 4375 nigrescemus,
3512 4332 3529 4364 ι
3572 4323 3633 4367 ιιι

2053 4388 2397 4443 tabernacula
2420 4389 2594 4444 Cedar
2629 4390 2674 4421 ³²
2705 4407 2719 4444 :
2753 4410 2772 4444 ι
2807 4395 3260 4461 quemadmodum
3298 4415 3492 4470 sponsa
3515 4406 3628 4472 illa,

2049 4487 2118 4541 de
2158 4501 2259 4555 qua
2295 4486 2346 4540 in
2374 4487 2605 4543 Cantico
2638 4490 2843 4545 mentio
2872 4491 3122 4558 habetur.
3154 4497 3504 4556 adventitiam
3534 4504 3630 4560 fm-

2048 4579 2271 4632 ditatem
2299 4578 2582 4635 habentes.

2119 4674 2224 4728 Sed
2266 4675 2422 4729 video
2457 4676 2720 4743 optimum
2767 4678 2917 4733 illum
2976 4683 3263 4739 diaconum
3297 4703 3486 4743 somno
3511 4708 3630 4759 gra-

2045 4776 2263 4830 vatum;
2336 4782 2461 4820 nam
2523 4783 2645 4823 cum
2694 4771 2783 4824 diu
2843 4771 2992 4826 illum
3036 4775 3410 4834 observassetn
3446 4821 3458 4843 ,
3513 4785 3628 4836 vid-

2046 4860 2368 4915 titnbantem
2404 4862 2556 4928 quasi
2613 4863 2874 4917 comitiali
2909 4866 3103 4920 morho
3149 4883 3483 4941 correptum,
3545 4879 3623 4929 rei

2651 5028 2695 5058 "’
2731 5027 2932 5097 Ephes.
2971 5041 3023 5091 v,
3059 5029 3147 5083 30.
3251 5030 3294 5062 ’⁸
3325 5029 3492 5086 lCor.
3526 5053 3621 5100 xu,

1591 5208 1911 5269 Francisci
1955 5211 2167 5272 Scorsi
2204 5220 2392 5271 nota).

433 5317 722 5399 (9})_1qu
761 5336 1049 5399 .u_cer_nam.
1082 5323 1260 5399 Etym.
1286 5340 1432 5399 mag.
1474 5329 1680 5399 Λύχνος
1719 5330 1938 5398 λέγεται

356 5389 757 5462 «(196.1616va
770 5392 836 5462 ,τὸ
858 5393 1037 5462 νύχος,
1063 5389 1207 5447 τοῦτ’
1237 5395 1352 5449 ἔστι
1380 5389 1440 5450 τὸ
1472 5389 1681 5461 σκότος’.
1715 5389 1937 5454 Iisdem-

357 5459 858 5535 quevcrbisudicit
886 5459 980 5516 καὶ
1013 5466 1334 5535 ἐτυμολογεί
1363 5469 1521 5523 Pater
1549 5459 1937 5527 hicﬁscrnumis

358 5530 444 5583 sui
476 5529 614 5584 bene
643 5529 854 5586 doctus.

433 5599 544 5666 (92)
579 5598 642 5652 In
667 5602 920 5654 mundum
950 5606 1230 5659 virtutum.
1265 5605 1374 5662 Hoc
1414 5621 1493 5662 est
1525 5610 1576 5663 in
1608 5611 1932 5665 laboriosam

355 5670 618 5724 virtutum
663 5674 1132 5741 exercitationem,
1181 5693 1297 5745 qua:
1347 5680 1397 5733 in
1447 5679 1547 5733 hoc
1592 5683 1789 5736 mundo
1839 5699 1932 5736 seu

2040 5333 2145 5386 vlta
2180 5344 2445 5395 versatur.
2479 5350 2585 5401 quo
2621 5334 2871 5405 loquendi
2907 5339 3064 5391 modo
3100 5356 3226 5393 usus
3253 5353 3332 5394 est
3361 5343 3398 5394 S
3446 5343 3618 5398 Maxi-

2040 5419 2160 5455 mus
2198 5413 2421 5472 martyr,
2457 5413 2514 5456 ut
2560 5407 2866 5460 monuimus
2914 5423 3072 5476 supra
3119 5412 3258 5462 hom.
3302 5413 3392 5465 23.
3438 5427 3489 5466 et
3520 5433 3614 5468 co-

2040 5475 2712 5550 piosius__eXpIa_nal)imns
2778 5492 2903 5550 cum
2974 5475 3089 5546 ipso
3157 5479 3482 5550 Tllctvplmttc
3549 5490 3616 5538 ad

2039 5545 2186 5616 hom.
2230 5544 2324 5616 (il,
2376 5545 2462 5598 ubi
2507 5555 2561 5599 et
2604 5548 2716 5614 ipse
2750 5544 3089 5604 enucleatius
3123 5551 3172 5604 id
3217 5544 3390 5616 deem,
3429 5568 3480 5607 et
3520 5575 3617 5609 nos

2039 5615 2088 5666 in
2131 5615 2272 5665 notis
