3974 6220
290 366 401 431 817

1631 371 1964 432 HOMILIA
2004 373 2225 436 XLIII.

3456 370 3567 433 8.18

291 481 537 549 ζὸμενοι,
569 479 623 532 at
664 499 761 533 που
812 482 1016 552 τύχωσι
1057 481 1338 554 τραπέζης
1368 483 1694 549 πολυτελοῦς
1728 486 1875 557 odos;

1987 485 2127 548 sibi,
2181 485 2325 556 stipe
2375 486 2640 555 cogenda,
2697 464 2872 541 sicubi
2926 485 3127 539 lautam
3179 497 3464 548 mensam,
3517 497 3566 540 et

290 571 717 642 ἐστιϐασμὲνης,
783 574 877 626 καὶ
926 572 1241 646 πληθούσης
1269 577 1729 647 καρυκευμάτων,
1783 578 1875 631 καὶ

1986 587 2310 633 exstructam
2371 579 2627 649 cupediis}
2662 589 2713 633 et
2766 576 3130 632 condimentis
3185 576 3571 640 abundantem,

292 663 466 717 πολλά
498 665 733 735 ἐχούσης
762 664 1019 737 ἐδώδιμα,
1053 668 1153 732 τὰς
1185 671 1335 738 σφῶν
1377 669 1656 741 γαστέρας
1703 670 1877 739 ἀφθό-

290 771 403 816 νως
457 755 813 827 κορέσαντες,
877 759 1273 826 ἐγκολποῦνται
1324 763 1423 833 τῆς
1477 763 1759 834 τραπέζης
1809 762 1879 818 τά

289 842 549 910 λείψανα,
578 845 678 913 τὴν
704 848 784 909 είς
811 846 1004 919 αὔριον
1033 851 1243 922 τροφὴν
1277 853 1341 904 ἐκ
1388 852 1596 906 τούτων
1620 853 1878 923 ταμιευό-

292 954 474 1008 μενοι.
518 937 673 991 Ἐπεὶ
702 938 795 991 οὖν
843 939 944 993 καὶ
980 942 1129 1012 ἡμᾶς
1161 940 1290 1014 χθὲς
1328 943 1358 996 ὁ
1389 943 1745 1012 εύαγγελικὺς
1782 942 1877 998 λύ-

290 1047 424 1100 χνος
451 1027 528 1100 τῷ
572 1030 806 1100 ποικίλῳ
842 1032 953 1087 τῶν
982 1035 1273 1105 νοημάτων
1306 1035 1567 1099 ἑστιάσας
1599 1036 1872 1105 ἐκόρεσεν,

285 1122 367 1185 ὡς
401 1122 478 1193 μὴ
507 1121 796 1194 ἐξισχῦσαι
822 1129 916 1179 καὶ
960 1126 1068 1179 τῶν
1124 1127 1252 1197 ἑξῆς
1309 1128 1488 1198 λόγων
1538 1129 1876 1199 ἐφάψασθαι,

290 1213 431 1285 φέρε
461 1213 561 1284 τῆς
592 1214 852 1286 χθεσινῆς
882 1217 1169 1287 τραπέζης
1210 1218 1282 1272 τά
1319 1219 1546 1292 λείψανα
1583 1223 1878 1293 προθῶμεν

293 1303 542 1375 σήμερον
569 1304 710 1374 πρὸς
746 1305 990 1360 ἑστίασιν
1018 1321 1032 1337 ’
1053 1306 1239 1392 ,ἱκανὰ
1276 1308 1386 1381 γάρ
1414 1309 1587 1363 ταῦτα
1616 1311 1718 1380 τῆς
1743 1329 1877 1380 τρα-

289 1396 469 1470 πέζης
497 1398 567 1453 τά
598 1399 811 1470 ψιχίδια
840 1401 936 1464 τὰς
968 1402 1254 1470 φιλοθέους
1284 1406 1511 1477 κορέσαι
1535 1405 1731 1477 ψυχάς.

375 1506 396 1539 ι
422 1486 615 1551 Οὐδεὶς
667 1488 898 1544 δύναται
946 1490 1065 1545 δυσὶ
1121 1494 1337 1565 κυρίοις
1369 1495 1668 1552 δουλεύειν.
1706 1517 1723 1550 ι
1767 1501 1876 1553 Καὶ

293 1579 407 1651 μὴν
426 1580 526 1633 οὐκ
552 1564 816 1635 άδύνατον
842 1582 939 1635 ἕνα
991 1564 1270 1639 δουλεύειν
1315 1587 1438 1641 δυσί
1462 1606 1476 1620 ·
1521 1591 1736 1654 κοινοὺς
1765 1592 1876 1664 γὰρ

288 1671 515 1735 οἰκέτας
541 1672 761 1742 ὁρῶμεν
783 1674 1035 1738 πολλούς.
1078 1677 1219 1732 Ἀλλ’
1247 1678 1307 1732 ού
1339 1681 1467 1748 περὶ
1487 1680 1595 1734 τῶν
1621 1683 1701 1736 ἐνὶ
1732 1701 1877 1738 στοι-

288 1761 540 1832 χούντων
575 1763 842 1837 θελήματι
867 1766 1169 1836 ἐκληπτέον
1206 1768 1304 1841 τὴν
1351 1772 1637 1843 παροῦσαν
1661 1775 1876 1844 ἀπόφα-

1980 679 2033 725 et
2065 669 2320 725 refertam
2358 670 2554 726 eduliis
2588 671 2733 726 nacti
2785 669 3009 734 fuerint,
3040 679 3326 740 postquam
3357 669 3573 724 abunde

1982 769 2221 817 ventrem
2244 762 2549 831 explerint,
2584 778 2786 817 mensa:
2823 762 3083 833 reliquias
3118 763 3172 816 in
3215 763 3392 817 sinum
3435 777 3568 817 con-

1975 852 2192 922 jiciunt,
2215 852 2268 906 in
2294 861 2572 922 posterum
2595 854 2739 909 diem
2766 852 3023 923 pabulum
3052 852 3154 908 sibi
3187 852 3567 908 recoudentes.

1977 946 2205 1014 Quando
2260 948 2426 1018 igitur
2457 958 2513 1004 et
2563 963 2661 1004 nos
2710 963 2924 1017 quoque
2975 948 3286 1018 evangelica
3347 949 3567 1003 lucerna

1982 1036 2240 1091 convivio
2267 1046 2520 1107 acceptos
2571 1040 2829 1096 hesterno
2870 1040 2960 1095 die
2998 1054 3261 1096 sensuum
3310 1040 3581 1094 varietate

1979 1129 2225 1195 satiavit,
2259 1129 2394 1185 adeo
2444 1140 2503 1186 ut
2548 1133 2710 1187 verba
2768 1132 3048 1201 sequentia
3085 1131 3356 1199 attingere
3381 1133 3575 1200 nequi-

1980 1220 2239 1288 verimus,
2273 1237 2373 1292 age
2398 1223 2666 1280 hesternae
2698 1242 2903 1282 mensa:
2949 1225 3211 1295 reliquias
3254 1225 3321 1278 ad
3351 1224 3570 1294 epulum

1980 1313 2142 1369 hodie
2172 1317 2857 1387 profcramns';sul1icinnt
2886 1320 3029 1377 enim
3056 1320 3175 1376 haec
3202 1319 3346 1374 illius
3373 1333 3575 1397 mensa:

1980 1401 2284 1475 fragmenta
2349 1410 2417 1464 ad
2462 1412 2676 1466 animas
2726 1411 2817 1466 Dei
2873 1421 3120 1467 amantes
3164 1409 3459 1480 explendas
3504 1407 3571 1462 ³⁸.

2063 1514 2083 1548 ι
2110 1498 2284 1555 Nemo
2315 1512 2494 1569 potest
2524 1501 2738 1558 duobus
2783 1503 3020 1559 dominis
3066 1502 3294 1558 servire.
3334 1520 3354 1553 ι
3409 1500 3573 1569 Atqui

1981 1599 2039 1644 ut
2075 1604 2217 1646 unus
2250 1593 2467 1648 duobus
2498 1596 2702 1649 serviat
2732 1609 3076 1665 nequaquam
3108 1609 3174 1649 ex
3208 1594 3274 1648 iis
3306 1601 3414 1657 est,
3450 1607 3572 1661 qua:

1984 1681 2100 1734 ﬁeri
2149 1693 2454 1754 nequeunt.
2506 1683 2770 1741 Videmus
2799 1686 2943 1742 enim
2998 1686 3199 1742 multos
3253 1697 3572 1740 communes

1981 1768 2237 1828 famulos.
2292 1774 2492 1830 Verum
2542 1791 2652 1832 non
2687 1778 2755 1832 de
2800 1778 3050 1842 duobus,
3102 1790 3334 1846 quorum
3374 1789 3481 1829 una
3517 1781 3572 1827 et

292 1870 383 1906 σιν
410 1868 427 1885 ο
481 1854 532 1906 εί
576 1854 687 1926 γάρ
740 1850 852 1909 εἶεν
889 1855 982 1910 δύο
1016 1858 1083 1911 τά
1128 1859 1269 1914 αὐτὰ
1320 1862 1722 1931 ἐπιτάττοντες,
1780 1868 1875 1921 καὶ

1986 1866 2173 1920 eadem
2245 1868 2318 1922 sit
2379 1867 2670 1935 voluntas,
2752 1871 2868 1924 haec
2913 1870 3184 1925 sententia
3213 1868 3373 1922 debet
3411 1864 3571 1920 intel.

293 1944 469 2016 μηδὲν
488 1945 742 2017 ἀλλήλοις
790 1948 1218 2019 ἐναντιούμενοι,
1263 1953 1323 2004 ού
1349 1952 1442 2007 δύο
1475 1955 1593 2010 τότε
1623 1959 1874 2030 νομίζον-

287 2046 387 2084 ται
426 2030 612 2102 κύριοι
645 2050 660 2064 ·
716 2033 832 2087 ἀλλ’
874 2037 924 2088 oi
963 2037 1034 2090 τά
1079 2038 1433 2109 ἀντικείμενα
1465 2046 1873 2118 ἐπιτάττοντες,

285 2118 378 2188 οἷς
410 2125 693 2196 ἀμήχανον
731 2128 1140 2184 ὑποτάσσεσθαι
1186 2134 1446 2189 τάναντία
1474 2138 1876 2212 διαπραττομέ-

288 2233 431 2281 νοις.
462 2218 636 2273 Τοῦτο
655 2220 712 2273 δὲ
748 2222 1099 2293 συμϐολικῶς
1128 2227 1511 2283 ὲπιτάττονται
1541 2232 1638 2285 καὶ
1663 2232 1733 2286 τά
1765 2251 1872 2288 πα-

285 2308 423 2363 λαιά
456 2310 827 2383 διατάγματα.
876 2315 986 2370 Καὶ
1032 2317 1108 2388 πῆ
1145 2318 1246 2388 μὲν
1273 2320 1366 2372 τὸν
1387 2322 1687 2390 ἀμπελῶνα
1716 2326 1877 2379 σπεί-

288 2419 415 2472 ρειν
444 2403 546 2458 ούκ
582 2406 994 2474 ἐπιτρέπονται,
1020 2411 1095 2480 πῆ
1131 2410 1187 2463 δέ
1214 2411 1429 2479 ἱμάτιον
1457 2414 1771 2486 ὑφασμένον
1811 2418 1875 2473 ἐκ

282 2493 441 2549 δυοῖν
469 2496 547 2568 μὴ
575 2498 941 2568 ἀμπέχεσθαι,
985 2500 1080 2553 καὶ
1112 2500 1200 2555 διὰ
1236 2503 1445 2560 τούτων
1475 2509 1875 2578 νομοθετοῦντα

281 2588 388 2642 τὸν
409 2590 506 2660 τῆς
533 2591 712 2661 ψυχῆς
734 2592 1035 2663 ἀμπελῶνα
1061 2594 1155 2648 τὸν
1183 2597 1293 2650 ἀπὸ
1322 2600 1420 2670 τῆς
1448 2602 1684 2668 πίστεως
1701 2621 1876 2677 γεωρ-

283 2680 565 2748 γούμενον
588 2685 682 2737 καὶ
712 2685 804 2738 τὸν
836 2684 1036 2757 βότρυν
1060 2690 1521 2759 καρποφοροῦντα
1545 2694 1637 2747 τὸν
1659 2697 1871 2767 νοητὸν,

282 2767 357 2827 οὗ
383 2775 445 2827 τὸ
474 2771 612 2847 αἷμα
640 2779 804 2833 ποτὸν
841 2779 1114 2850 σωτήριον
1147 2784 1263 2845 τοῖς
1292 2785 1613 2841 πιστεύουσι
1640 2788 1872 2857 γίνεται,

281 2864 488 2953 τοῦτον
534 2871 608 2941 μὴ
649 2877 1041 2947 κατασπείρειν
1074 2882 1186 2944 τοῖς
1219 2881 1485 2944 ἐναντίοις
1538 2882 1873 2953 σπέρμασιν,

280 2952 377 3023 οἷς
410 2961 439 3013 ὁ
464 2963 659 3034 ἐχθρὸς
683 2966 777 3020 τὸν
815 2969 1163 3043 ἐσπαρμένον
1198 2977 1346 3028 σῖτον
1377 2952 1789 3043 ἐνόθευσενηὶις
1814 2978 1874 3031 ἐν

281 3055 363 3123 τῇ
396 3054 508 3107 τῶν
549 3056 806 3122 ζιζανίων
853 3064 1139 3136 παραϐολῇ
1178 3066 1601 3138 μεμαθήκαμεν,
1641 3066 1765 3123 οὔτε
1798 3070 1876 3124 δι·-

284 3145 464 3199 πλοῦν
497 3150 715 3219 ἱμάτιον
757 3153 1151 3221 ἐνδιδύσκεταιί
1188 3155 1250 3223 ἐξ
1279 3158 1542 3214 ἐναντίων
1584 3158 1874 3230 δογμάτων

286 3240 788 3309 συνυφαινόμενον.
828 3245 974 3314 Πρὸς
1003 3246 1112 3318 γὰρ
1143 3247 1221 3317 τῷ
1267 3250 1531 3316 ἀπρεπεῖ,
1570 3251 1666 3303 καὶ
1708 3251 1880 3321 ἀνάρ-

286 3347 518 3400 μοστον.
565 3351 584 3386 ι
611 3334 708 3398 Τίς
740 3333 894 3409 (γάρ)
928 3341 1185 3393 κοινωνία
1216 3343 1357 3411 φωτὶ
1408 3343 1549 3413 πρὸς
1573 3344 1802 3411 σκότοςς
1852 3366 1870 3399 ι

374 3530 395 3563 ι
429 3512 619 3576 Οὐδεὶς
665 3510 758 3569 οὖν
785 3515 1008 3571 δύναται
1053 3518 1176 3572 δυσὶ
1204 3519 1419 3590 κυρίοις
1466 3519 1740 3575 δουλεύειν
1770 3538 1784 3553 ·
1844 3525 1876 3595 ἢ

285 3602 413 3674 γὰρ
441 3604 536 3659 τὸν
575 3605 674 3660 ἐνα
726 3609 971 3678 μισήσει,
1010 3612 1105 3664 καὶ
1135 3612 1227 3665 τὸν
1256 3612 1445 3682 ἕτερον
1491 3615 1767 3687 ἀγαπήσει

281 3693 392 3747 τοῦ
420 3694 540 3758 ἐνὸς
561 3696 870 3766 ἀνθέξεται,
907 3701 1002 3755 καὶ
1030 3701 1127 3756 τοῦ
1158 3703 1349 3774 ἐτέρου
1383 3708 1812 3778 καταφρονήσει.
1854 3729 1872 3763 ι

295 3784 533 3856 Ἐπειδὴ
561 3790 920 3859 παρακατιὼν
947 3796 975 3847 ό
1011 3795 1171 3864 λόγος
1214 3796 1539 3866 λευκότερον
1587 3802 1879 3873 σαφηνίζει

281 3878 444 3942 τινες
470 3881 519 3933 οἱ
550 3880 644 3934 δύο
677 3883 879 3955 κύριοι,
926 3887 1020 3940 τὸν
1061 3888 1197 3942 Θεὸν
1235 3891 1424 3957 εἰπὼν,
1464 3893 1558 3946 καὶ
1598 3894 1692 3948 τὸν
1723 3912 1877 3966 μαμ-

287 3971 490 4041 μωνᾶ,
541 3976 808 4046 προσήκει
839 3981 979 4031 νοεῖν
1021 3978 1098 4043 ὡς
1126 3981 1208 4046 τὸ,
1244 3982 1490 4052 μισήσει,
1531 3984 1627 4037 καὶ¹
1657 3984 1739 4050 τὸ,
1783 3988 1879 4040 άν-

282 4060 540 4129 θέξεται,
572 4063 663 4116 ἐπὶ
694 4067 787 4118 τοῦ
835 4070 1118 4139 μαμμωνᾶ
1164 4074 1356 4141 τέταχε
1408 4072 1472 4126 τὸ
1517 4073 1593 4137 δὲ,
1638 4075 1878 4149 ’ἀγαπή-

286 4171 405 4219 σει,
433 4155 529 4209 καὶ
559 4160 1004 4231 καταφρονήσει,
1040 4163 1133 4215 ἐπὶ
1151 4163 1245 4217 τοῦ
1274 4165 1434 4219 Θεοῦ.
1465 4168 1528 4221 ΟΞ
1559 4169 1668 4238 γάρ
1697 4168 1881 4239 βδελυ-

288 4247 387 4319 ροὶ
413 4249 509 4301 καὶ
539 4249 867 4321 φαυλὸεργοι
895 4253 956 4306 ού
991 4253 1210 4323 μισοῦσι
1237 4255 1392 4323 Θεὸν,
1435 4258 1571 4312 ἀλλὰ
1597 4277 1877 4332 καταφρο-

285 4338 488 4392 νοῦσι’
554 4343 650 4395 καὶ
712 4343 815 4397 οὐκ
874 4344 1134 4414 ἀγαπῶσι
1184 4348 1276 4401 τὸν
1336 4353 1695 4421 μαμμωνᾶν,
1759 4353 1880 4408 ἀλλ’

283 4430 641 4501 ἀντέχονται.
692 4433 1026 4504 Μαμμωνᾶν
1054 4436 1111 4489 δὲ
1159 4437 1252 4489 τὸν
1309 4440 1540 4494 πλοῦτον
1591 4442 1874 4498 ἐκάλεσεν.

1984 1956 2073 2027 ligi
2103 1977 2117 2013 :
2150 1960 2195 2013 si
2237 1961 2382 2013 enim
2414 1972 2600 2016 essent
2644 1962 2773 2025 duo,
2824 1961 2917 2031 qui
2971 1961 3161 2016 eadem
3214 1959 3572 2029 prmcipcrent

1985 2050 2190 2104 etnihil
2228 2052 2369 2106 inter
2413 2066 2474 2108 se
2525 2052 2888 2119 dissiderent,
2926 2061 3036 2107 tum
3079 2067 3185 2107 non
3227 2054 3334 2105 duo
3382 2065 3571 2105 cense-

1985 2152 2173 2196 rentur
2223 2143 2448 2198 domini.
2496 2143 2604 2199 Sed
2637 2146 2728 2216 qui
2772 2145 3071 2217 pugnantia
3110 2143 3326 2213 iubent,
3371 2141 3570 2211 quibus

1986 2232 2100 2287 fieri
2153 2234 2301 2289 nullo
2353 2236 2515 2291 modo
2563 2247 2760 2306 petest,
2815 2248 2875 2291 ut
2925 2250 3156 2306 pareas,
3206 2249 3330 2290 cum
3378 2247 3567 2288 eorum

1984 2322 2178 2379 eﬁ‘ccta
2205 2327 2480 2382 contraria
2523 2328 2653 2382 sint.
2695 2328 2809 2383 Hoc
2834 2337 3019 2382 autem
3064 2324 3354 2397 allegorice
3390 2322 3567 2392 prisca

1986 2416 2077 2470 illa
2125 2428 2400 2488 praecepta
2456 2420 2836 2489 praescribunt.
2878 2418 3014 2473 Nam
3057 2418 3185 2473 alibi
3219 2416 3436 2486 quidem
3482 2414 3567 2467 vi-

1985 2522 2142 2563 neam
2177 2511 2282 2565 seri
2319 2525 2429 2566 non
2476 2511 2801 2581 permittunt
2835 2511 2879 2544 ”
2903 2551 2917 2576 ,
2965 2509 3091 2565 alibi
3124 2523 3251 2565 vero
3281 2505 3571 2577 prohibent

1986 2599 2368 2655 vestimentum
2420 2616 2488 2655 ex
2524 2601 2736 2657 duobus
2773 2610 3087 2657 contextum
3124 2599 3373 2662 induere,
3406 2604 3571 2665 atque

1983 2689 2067 2744 his
2105 2691 2379 2757 sanciunt,
2430 2706 2496 2747 ne
2527 2692 2686 2747 vinea
2740 2694 2936 2747 animas
2991 2707 3086 2761 per
3118 2690 3278 2746 (idem
3330 2688 3566 2750 exculta.

1984 2790 2040 2835 et
2097 2781 2437 2850 spiritualem
2491 2782 2779 2852 proferens
2825 2783 2992 2855 305
3039 2795 3317 2839 racemum
3345 2819 3361 2846 ,
3413 2778 3570 2846 cujus

1982 2874 2202 2943 sanguis
2220 2873 2602 2945 (94)fpotusest
2615 2877 2964 2933 credentibus
2977 2874 3258 2938 salutaris,
3273 2871 3571 2929 seminibus

1982 2948 2273 3020 contrariis
2305 2976 2542 3030 seratur,
2575 2968 2775 3036 quibus
2821 2968 3076 3022 inimicus
3117 2967 3356 3020 triticum
3388 2971 3564 3018 satum

1981 3053 2328 3126 adult'eravit,
2354 3069 2413 3114 ut
2440 3060 2731 3115 didicimus
2751 3060 2803 3114 in
2854 3060 3109 3130 parabola
3141 3057 3476 3113 zizaniorum
3499 3052 3570 3121 δίς

1986 3160 2090 3200 neu
2131 3147 2254 3215 quis
2279 3149 2473 3204 vestitu
2508 3148 2711 3219 duplici
2756 3149 3035 3215 induatur,
3071 3149 3327 3205 nimirum
3369 3146 3461 3216 qui
3500 3160 3566 3199 ex

1984 3242 2277 3296 contrariis
2301 3243 2662 3314 ﬁogmatibus
2696 3252 2990 3299 contextus
3016 3242 3110 3297 sit.
3159 3240 3298 3297 Nam
3339 3246 3566 3308 prater-

1981 3348 2145 3403 quam
2178 3334 2325 3403 quod
2369 3336 2687 3390 indecorum
2714 3345 2820 3401 est,
2845 3336 3070 3390 minime
3094 3333 3256 3390 etiam
3291 3331 3565 3387 convenit.

1982 3424 2139 3491 Nam,
2180 3442 2201 3477 ι
2230 3425 2362 3492 οιιιο
2382 3427 2617 3482 societas
2652 3427 2758 3481 luci
2790 3428 2857 3482 ad
2884 3425 3140 3482 tenebras
3164 3425 3249 3479 υτ
3273 3441 3294 3477 ι

2058 3533 2077 3566 ι
2106 3515 2248 3587 Ergo
2275 3531 2434 3571 nemo
2462 3524 2644 3588 potest
2679 3518 2892 3573 duobus
2920 3517 3153 3571 dominis
3182 3513 3392 3569 servire
3421 3528 3438 3568 :
3470 3519 3565 3565 aut

1980 3607 2126 3663 enim
2165 3622 2331 3662 unum
2382 3607 2508 3663 odio
2544 3608 2784 3672 habebit,
2835 3616 2890 3664 et
2923 3609 3153 3663 alterum
3198 3605 3420 3672 diliget;
3472 3614 3565 3657 aut

1982 3715 2149 3753 unum
2201 3699 2514 3767 sustinebit,
2565 3707 2621 3754 et
2671 3700 2900 3755 alterum
2955 3706 3288 3754 contemnet.
3323 3716 3344 3750 ι
3414 3694 3562 3761 Quo-

1980 3791 2127 3845 niam
2193 3792 2536 3863 subsequens
2574 3793 2753 3847 oratio
2786 3793 3034 3848 declarat
3066 3790 3308 3860 apertius
3335 3787 3560 3858 quinam

1980 3882 2091 3935 sint
2117 3881 2172 3936 hi
2202 3882 2309 3937 duo
2348 3881 2593 3946 domini,
2627 3880 2799 3936 Deum
2836 3880 3090 3935 videlicet
3113 3888 3169 3932 et
3198 3890 3562 3931 mammouam

1979 3972 2199 4036 dicens,
2242 3972 2546 4044 intelligere
2592 3982 2811 4043 oportet
2866 3969 3013 4039 quod
3068 3969 3193 4024 odio
3252 3967 3453 4022 habere
3508 3974 3564 4018 et

1980 4064 2271 4129 sustinere,
2305 4067 2372 4119 ad
2412 4079 2814 4129 mammouam,
2887 4075 3072 4118 amare
3132 4076 3258 4114 vero
3287 4066 3342 4112 et
3377 4066 3567 4113 conte-

1982 4170 2170 4211 :nnere
2201 4155 2436 4210 refertur
2453 4157 2522 4209 ad
2544 4155 2735 4209 Deum.
2766 4153 3044 4224 Flagitiosi
3071 4153 3216 4207 enim
3247 4160 3303 4206 et
3332 4148 3563 4221 improbi

1984 4246 2152 4302 Deum
2189 4261 2300 4301 non
2329 4248 2586 4312 oderunt,
2634 4247 2729 4303 sed
2779 4255 3170 4311 contemnunt;
3221 4257 3399 4314 neque
3439 4242 3566 4297 dili-

1981 4348 2115 4409 gunt
2194 4353 2612 4404 mammonam',
2668 4340 2763 4393 sed
2812 4338 3135 4402 sustinent;
3199 4350 3562 4390 mammonam

1984 4439 2167 4486 autem
2221 4428 2439 4486 divitias
2483 4431 2795 4501 appellavit.
2842 4429 3042 4486 Contra
3079 4443 3209 4483 vero
3254 4427 3388 4495 justi
3439 4424 3562 4480 dili~

282 4520 364 4576 υῑ
404 4522 462 4575 δέ
509 4522 712 4577 δίκαιοι
766 4523 1071 4596 τοῦμπαλιν
1126 4527 1384 4596 ἀγαπῶσι
1434 4531 1525 4584 τὸν
1576 4531 1731 4598 Θεὸν,
1785 4535 1875 4588 καὶ

1987 4531 2120 4593 gunt
2190 4521 2406 4588 Deum,
2468 4534 2523 4578 et
2577 4522 2798 4577 divitias
2849 4521 3216 4576 detestantur.
3269 4518 3562 4590 Propterea

284 4614 669 4687 μυσάττονται
717 4617 777 4670 τὸ
808 4617 1061 4670 πλουτεῖν
1087 4633 1100 4647 ⁸
1133 4619 1222 4673 διὰ
1250 4621 1411 4675 τοῦτο
1443 4622 1505 4676 τὸ
1549 4624 1649 4694 μέν
1678 4643 1692 4658 ⁸
1744 4647 1761 4681 ι
1806 4632 1876 4684 Ἣ

280 4707 389 4761 τὸν
418 4707 514 4761 ἕνα
568 4710 815 4781 μισήσει,
868 4709 965 4764 καὶ
1011 4711 1105 4765 τὸν
1151 4712 1341 4783 ἓτερον
1388 4716 1692 4787 ἀγαπήσει,
1731 4739 1748 4771 ι
1783 4723 1878 4776 ἐπὶ

277 4798 404 4852 τῶν
436 4799 663 4868 ἀγαθῶν
695 4802 952 4854 τέτακται
987 4817 1000 4831 ·
1024 4800 1085 4854 τὸ
1108 4801 1185 4869 δέ,
1230 4822 1247 4854 ι
1288 4805 1359 4856 Ἦ
1380 4803 1474 4858 τοῦ
1511 4807 1630 4871 ἐνὸς
1652 4808 1877 4877 ἀνθέξε-

280 4908 409 4957 ται,
438 4891 537 4944 καὶ
568 4890 663 4945 τοῦ
713 4892 902 4963 ἐτέρου
951 4894 1386 4965 καταφρονήσει,
1426 4913 1445 4946 ι
1483 4896 1575 4949 ἐπὶ
1598 4898 1707 4951 τῶν
1738 4899 1876 4968 φαύ-

276 4981 427 5037 λων.
481 5003 500 5035 ι
530 4982 630 5036 Διά
690 4983 849 5038 τοῦτο
902 4985 1049 5054 λέγω
1105 4987 1272 5057 ύμίν⁶
1307 4988 1397 5058 Μὴ
1454 4991 1753 5060 μεριμνᾶτε
1804 4995 1870 5063 τῇ

277 5075 442 5148 ψυχῇ
484 5074 641 5146 ὑμῶν
678 5075 733 5127 τί
766 5076 1001 5147 φάγητε,
1042 5077 1139 5130 καὶ
1170 5078 1224 5130 τί
1269 5078 1454 5151 πίητε,
1493 5080 1734 5151 μηδὲτῷ
1767 5082 1874 5135 σώ-

283 5183 433 5239 ματι
474 5165 630 5233 ὑμῶν
661 5166 712 5219 τί
761 5167 1076 5237 ἐνδύσησθε.
1119 5187 1139 5220 ι
1198 5171 1304 5223 Καὶ
1359 5170 1467 5241 μὴν
1518 5172 1616 5243 ούχ
1663 5172 1874 5245 ἡψυχὴ

280 5254 471 5309 ἐσθίει
502 5256 598 5310 καὶ
640 5255 809 5323 πίνει,
835 5256 974 5310 άλλά
1019 5257 1081 5311 τὸ
1138 5259 1316 5329 σῶμα.
1390 5260 1532 5314 Ἀλλ’
1590 5263 1779 5334 ἐπειδὴ
1813 5265 1874 5317 τὸ

280 5346 460 5417 σῶμα
509 5347 848 5418 τρεφόμενον
874 5348 1086 5419 συνέχει
1120 5350 1216 5402 καὶ
1247 5350 1345 5422 τὴν
1374 5352 1554 5424 ψυχήν
1583 5371 1596 5385 ·
1637 5353 1712 5426 μή
1744 5370 1871 5425 τρε-

369 5484 415 5517 ⁸θ
440 5484 635 5543 Matth.
667 5501 741 5554 γι,
772 5486 828 5551 2,
863 5486 893 5540 ι
925 5502 1077 5557 seqq.
1155 5488 1199 5520 ³⁸
1225 5487 1398 5544 Levit.
1428 5505 1544 5555 xxx,
1574 5491 1660 5546 l9.
1739 5493 1785 5523 δ’
1813 5491 1875 5548 De

2006 5507 2142 5558 uti,
2171 5492 2226 5559 9,
2262 5492 2347 5546 ll.
2423 5493 2465 5523 δι
2494 5491 2684 5546 Matth.
2720 5505 2841 5552 xm.
2870 5491 2959 5547 25.

1983 4617 2145 4670 verba
2180 4615 2337 4670 haec:
2383 4614 2536 4668 (Aut
2588 4630 2753 4668 ιιιιιιιιι
2793 4613 2919 4668 odio
2963 4613 3185 4668 habebit
3230 4622 3285 4666 et
3328 4612 3559 4665 alterum

1985 4707 2190 4776 diliget,
2230 4726 2248 4759 ι
2287 4710 2352 4762 de
2378 4708 2570 4774 bonis;
2607 4707 2694 4761 illa
2720 4722 2848 4764 vero
2879 4724 2893 4762 :
2941 4725 2960 4759 ι
2996 4709 3098 4760 Aut
3126 4720 3292 4759 unum
3320 4703 3563 4758 sustine-

1986 4799 2081 4860 hit,
2112 4810 2165 4852 et
2200 4798 2431 4853 alterum
2461 4809 2798 4861 contemnet,
2823 4817 2842 4850 ι
2876 4795 3219 4864 deimprobis
3248 4794 3390 4847 dicta
3413 4802 3559 4847 sunt.

1990 4908 2008 4941 ι
2043 4889 2167 4945 Ideo
2211 4891 2332 4945 dico
2365 4890 2554 4956 vobis,
2587 4906 2656 4945 ne
2697 4888 2912 4945 solliciti
2943 4886 3061 4942 sitis
3104 4886 3299 4939 anima:
3343 4894 3559 4948 vestrm,

1984 4984 2113 5053 quid
2160 4984 2519 5047 manducetis,
2566 4991 2659 5037 aut
2694 4982 2824 5052 quid
2869 4978 3096 5044 bibatis,
3137 4991 3312 5047 neque
3343 4976 3559 5042 corpori

1988 5087 2171 5134 vestro
2200 5076 2333 5149 quid
2363 5077 2686 5132 induamini.
2724 5095 2743 5126 ι
2775 5073 2939 5144 Atqui
2981 5087 3082 5127 nec
3125 5071 3256 5137 edit,
3294 5085 3391 5127 nec
3428 5068 3563 5123 bibit

1986 5173 2187 5237 anima,
2221 5173 2314 5228 sed
2348 5169 2770 5242 corpus.Verum
2802 5167 2927 5237 quia
2954 5182 3172 5237 corpus,
3196 5166 3341 5235 quod
3375 5163 3559 5223 alitur,

1985 5265 2219 5319 animam
2274 5264 2438 5318 etiam
2489 5262 2784 5327 continet;
2834 5261 3049 5330 corpori
3093 5259 3234 5313 enim
3286 5259 3561 5311 subtracto

1984 5356 2280 5419 alimento,
2329 5363 2385 5408 et
2432 5354 2673 5407 animam
2711 5353 2878 5407 etiam
2919 5351 3157 5422 disjungi
3190 5350 3275 5404 vel
3320 5343 3560 5417 separari

3036 5490 3083 5523 ⁸³
3119 5490 3138 5544 l
3175 5490 3297 5546 Cor.
3330 5507 3368 5545 ι.
3396 5491 3450 5545 6.

1534 5623 1858 5685 Francisci
1897 5623 2110 5688 Scorsi
2146 5629 2326 5687 notae.

379 5737 488 5807 (9.5)
516 5735 682 5807 Cujus
709 5738 945 5807 sanguis.
964 5739 1196 5813 Sanguis
1218 5752 1438 5813 vocatur
1456 5742 1639 5797 vinum
1662 5757 1886 5813 expres-

284 5824 424 5868 sum
465 5822 531 5864 ex
552 5825 650 5865 uva
677 5824 774 5880 per
808 5818 1020 5880 tropum
1055 5814 1108 5867 in
1161 5812 1317 5869 Cant.
1353 5812 1506 5870 Deut.
1542 5812 1821 5889 usitatum
1862 5835 1874 5871 :

1995 5745 2060 5798 Et
2084 5746 2391 5814 sanguinem
2414 5761 2522 5798 uva’
2547 5745 2738 5800 biberet
2758 5741 3166 5799 meracissimum
3182 5740 3205 5814 Α(
3213 5741 3361 5796 Deut.
3385 5755 3557 5808 xxatt,

1992 5816 2104 5884 ll).
2146 5812 2435 5883 Itidemque
2469 5817 2615 5876 hom.
2648 5816 2701 5882 4,
2734 5833 2852 5881 «pta:
2881 5827 2959 5871 est
2990 5814 3022 5868 9..
3050 5818 3112 5868 de
3153 5812 3338 5868 Crura.
