3974 6220
523 331 626 392 821

1696 307 2190 373 THEOPHANIS
2228 303 2569 366 CERAMEI

3603 307 3680 369 828

522 439 694 490 tiores
721 430 865 486 enim
915 423 1405 496 propensioresque
1435 420 1501 476 ad
1529 418 1854 475 credendum
1873 415 2095 471 Christo

2211 413 2302 467 τῶν
2318 414 2491 467 ἐθνῶν
2509 413 2747 473 πίστεως
2765 410 3007 482 ἐλέγχων
3024 409 3372 482 ἀριδηλότατα
3388 427 3400 439 ·
3418 411 3679 486 ἑτοιμότερα

525 537 653 584 sunt
674 533 882 596 gentes.
916 517 1049 573 Vide
1077 516 1224 572 enim
1266 514 1343 568 uti
1377 528 1444 568 ex
1477 512 1741 566 diametro
1781 506 2089 562 Judworum
2115 557 2132 574 ,

523 615 884 678 contumacia,
935 619 992 665 et
1033 609 1280 678 gentium
1328 603 1699 676 promptitudo
1745 601 1968 653 distent.
2011 596 2092 650 llli

526 723 721 779 nempe
756 705 838 761 vel
878 701 1222 760 contumeliis
1251 697 1498 754 lnsectati
1533 705 1657 749 sunt
1684 693 1990 756 Christum;
2038 698 2095 742 at

523 797 942 872 Syropbmnissa
977 793 1198 864 gentilis
1229 807 1353 846 cum
1389 799 1555 854 esset,
1596 785 1869 854 indignam
1922 780 2094 850 gratia

525 911 585 950 se
617 893 853 957 vocavit,
893 899 949 945 et
981 891 1061 942 uti
1113 889 1164 940 in
1213 886 1514 940 catulorum
1574 894 1797 934 munero
1847 891 2096 932 recense-

526 997 696 1050 retur,
730 997 796 1039 et-
835 981 1106 1052 particeps
1159 979 1313 1033 fleret
1360 976 1624 1029 micarum
1670 985 1737 1025 ex
1782 969 2097 1024 Iudaeorum

526 1092 714 1132 mensa
741 1072 1049 1128 cadentium
1079 1069 1405 1132 obsecravit,
1438 1081 1596 1135 quam
1631 1074 1808 1118 tamen
1835 1061 1910 1115 illi
1942 1074 2100 1127 repu-

536 1167 853 1224 diabant".
877 1163 943 1218 Et
965 1164 1051 1218 hic
1075 1161 1258 1216 itidem
1296 1159 1542 1214 centurio
1577 1157 1853 1224 indignum
1876 1151 2100 1205 omnino

531 1276 594 1316 se
613 1259 840 1329 judicat,
870 1257 964 1328 qui
992 1253 1282 1309 Dominum
1311 1251 1412 1305 sub
1442 1257 1644 1304 tectum
1671 1246 1897 1316 recipiat
1920 1259 2096 1298 suum.

2193 509 2300 578 γάρ
2327 507 2448 571 πῶς
2474 509 2580 561 είσι
2608 509 2677 560 τὰ
2709 506 2863 575 ἔθνη,
2891 505 2989 558 καὶ
3020 504 3308 558 νενευκότα
3338 505 3459 558 πολύ
3493 507 3606 576 πρὸς
3639 512 3682 561 τὸ

2194 599 2486 652 πιστεῦσαι
2540 597 2784 668 Χριστῷ.
2843 597 2987 666 Ὀρα
3018 595 3126 666 γάρ
3169 596 3230 648 τὸ
3281 596 3411 648 κατὰ
3447 597 3683 669 διάμετρον
3711 606 3722 618 ‘

2191 689 2375 742 ἄνισον
2412 690 2510 758 τῆς
2562 688 2672 741 τῶν
2711 687 2985 742 Ἰουδαίων
3026 686 3325 750 ἀπειθείας,
3374 688 3460 740 καὶ
3481 687 3563 757 τῆς
3600 693 3684 742 τῶν

2194 779 2364 831 ἐθνῶν
2411 778 2784 846 ἑτοιμότητος.
2835 775 2900 827 Ol
2948 775 3047 844 μὲν
3094 774 3201 844 γάρ
3239 775 3330 825 καὶ
3383 773 3488 842 μεθ’
3523 775 3687 844 ὐϐρεων

2197 872 2360 923 αὐτὸν
2408 869 2718 923 ἀπεδίωκον
2745 884 2760 898 ο
2798 870 2831 938 ἡ
2867 868 2928 932 ἐξ
2977 866 3147 921 ἐθνῶν
3205 866 3262 917 δὲ
3311 866 3688 935 Συροφοινίκισσα

2197 964 2425 1028 ἀναξίαν
2484 962 2672 1015 ἐκάλει
2725 962 2928 1028 ἑαυτὴν
2983 959 3086 1028 τῆς
3113 959 3352 1028 χάριτος,
3377 959 3463 1011 καί
3482 959 3534 1012 ὲν
3565 961 3690 1032 μοίρᾳ

2199 1054 2478 1126 κυναρίων
2512 1053 2821 1122 παρεκάλει
2849 1051 3111 1120 τετάχθαι
3135 1051 3227 1102 καὶ
3251 1055 3518 1120 μετασχεῖν
3535 1053 3691 1124 ψιχίων

2199 1149 2264 1200 ἐκ
2290 1149 2389 1216 τῆς
2417 1146 2699 1218 τραπέζης
2729 1147 2836 1198 τῶν
2865 1146 3161 1212 Ἰουδαίων,
3190 1139 3258 1216 ἦς
3303 1147 3485 1200 ἐκεῖνοι
3537 1166 3692 1203 παντε-

2200 1239 2309 1301 λῶς
2371 1238 2744 1308 ἀπηνήναντο.
2796 1239 2908 1293 Καὶ
2961 1232 3124 1302 οὗτος
3173 1240 3229 1292 δὲ
3291 1241 3319 1292 ό
3365 1242 3692 1313 ἐκατόνταρχπ

532 1355 876 1422 Quapropter
903 1360 957 1404 et
987 1347 1064 1402 illi
1110 1342 1504 1399 incredulitatis
1538 1356 1648 1395 sua:
1682 1336 1901 1407 praemia
1953 1348 2104 1388 rece—

2211 1331 2488 1395 παντελῶς
2510 1333 2704 1385 ἐαυτὸν
2736 1332 2916 1401 κρίνει
2967 1332 3188 1398 ἀνάξιον
3225 1332 3316 1385 τοῦ
3367 1334 3462 1386 ὐπὸ
3501 1335 3585 1403 τὴν
3609 1338 3696 1388 στέ-

531 1453 761 1516 perunt;
812 1450 867 1497 et
900 1441 953 1495 hi
991 1437 1219 1508 gratiam
1268 1433 1460 1489 lucrati
1487 1440 1635 1496 sunt,
1681 1427 1963 1498 iustiﬁcati
2008 1439 2104 1493 per

2211 1445 2309 1496 γην
2341 1427 2506 1480 αὐτοῦ
2556 1427 2650 1480 τὸν
2706 1426 2915 1496 Κύριον
2945 1427 3330 1491 ὐποδέξασθαι.
3363 1429 3454 1480 Διά
3469 1427 3602 1481 τοῦτο
3622 1432 3695 1482 κά-

537 1536 721 1591 lidem.
771 1532 877 1588 Sed
922 1531 1068 1588 enim
1109 1527 1479 1584 narrationem
1515 1538 1706 1579 rursus
1733 1520 1801 1576 ab
1830 1517 1986 1574 initio
2022 1531 2108 1570 re-

2211 1521 2374 1572 κεϊνοι
2407 1520 2512 1585 τῆς
2537 1519 2797 1581 ἀπιστίας
2836 1518 3139 1588 ἐδρέψαντο
3170 1519 3240 1572 τά
3266 1519 3521 1589 ἐπίχειρα,
3536 1522 3614 1573 καὶ
3631 1520 3697 1574 e5-

531 1633 802 1696 petamus.

603 1899 666 1954 ln
695 1899 788 1954 illo
816 1907 1080 1962 tempore,
1116 1909 1135 1943 ι
1173 1890 1308 1945 Cum
1355 1886 1634 1942 introisset
1676 1882 1834 1939 Iesus
1860 1879 2107 1948 Caphar-

534 2006 726 2054 naum,
763 1986 996 2042 accessit
1029 1983 1096 2037 ad
1148 1995 1272 2034 eum
1323 1977 1570 2032 centurio
1615 1987 1810 2041 rogans
1860 1983 2013 2032 eum,
2055 1979 2111 2022 et

539 2083 751 2139 dicens.
790 2098 808 2130 ι
848 2078 992 2132 Sane
1027 2074 1243 2128 divinus
1272 2069 1446 2124 Lucas
1489 2068 1592 2121 hoc
1625 2062 1942 2118 miraculum
1982 2074 2110 2114 nar-

536 2188 670 2230 rans
703 2186 806 2225 non
839 2168 1014 2239 ipsius
1049 2163 1385 2219 centurionis
1434 2159 1650 2214 venisse
1689 2169 2015 2226 personam,
2058 2160 2113 2205 et

535 2263 702 2335 309
732 2276 828 2332 per
858 2274 918 2315 se
949 2258 1170 2328 petiisse
1203 2254 1359 2318 dicit,
1401 2252 1494 2306 sed
1532 2247 1840 2304 Iudaeorum
1869 2245 2113 2300 seniores

541 2363 792 2425 rogatum
825 2351 891 2405 de
923 2351 1022 2403 hac
1053 2363 1111 2402 re
1144 2346 1429 2400 Dominum
1469 2342 1757 2412 allegasse.
1812 2338 1917 2394 Sed
1969 2337 2111 2391 nulla

541 2446 634 2503 hic
659 2441 926 2498 dissensio
961 2441 1140 2493 inesse
1170 2435 1440 2490 videbitur
1471 2435 1534 2487 iis
1567 2433 1655 2500 qui
1693 2432 1908 2487 sincero
1930 2429 2112 2484 animo

543 2537 648 2594 boc
673 2541 948 2605 reputant.
970 2532 1107 2585 Nam
1140 2527 1232 2598 qui
1263 2525 1416 2581 missi
1445 2525 1511 2579 ab
1537 2523 1629 2578 illo
1652 2534 1800 2588 sunt,
1829 2536 2111 2591 personam

543 2625 811 2683 mittentis
862 2629 1055 2693 gerunt
1083 2618 1183 2687 (5),
1233 2623 1288 2670 et
1333 2629 1428 2684 pro
1466 2613 1557 2668 illo
1606 2613 1844 2666 adsunt:
1877 2625 1977 2664 nec
2007 2610 2115 2664 ulla

542 2714 836 2774 cavillandi
889 2709 1099 2782 cupidis
1146 2706 1274 2761 hinc
1327 2717 1458 2758 ansa
1506 2703 1796 2771 praebetur,
1847 2699 1988 2769 quod
2027 2699 2117 2754 hic

542 2809 760 2882 quidem
797 2806 972 2877 ipsum
1029 2801 1245 2856 venisse
1291 2796 1665 2852 centurionem
1715 2791 1890 2856 dicit,
1942 2790 2117 2845 Lucas

545 2881 679 2954 vero
709 2896 846 2951 alios
893 2895 1058 2948 fuisse
1101 2888 1382 2961 petitionis
1412 2885 1767 2940 administros
1795 2902 1809 2938 :
1841 2884 1942 2938 hoc
1971 2881 2116 2938 enim

543 3002 690 3045 curae
717 2994 838 3041 erat
870 2980 1237 3051 evangelistis,
1281 2977 1528 3033 miraculi
1557 2975 1842 3031 veritatem
1877 2973 2118 3028 studiose

2205 1625 2288 1660 τοι
2312 1608 2410 1676 τῆς
2428 1607 2649 1678 χάριτος
2668 1607 2980 1671 ἀπώναντο,
3012 1607 3393 1672 δικαιωθέντες
3408 1610 3467 1662 ἐκ
3487 1609 3690 1673 πίστεως.

2209 1697 2378 1750 Ἀλλά
2427 1698 2521 1751 τοῦ
2575 1698 2920 1769 διηγήματος
2991 1695 3154 1763 αὖθις
3194 1699 3290 1771 τὴν
3343 1701 3504 1772 ἀρχὴν
3547 1702 3700 1757 ἀπολά-

2136 1771 2179 1826 B
2208 1789 2420 1859 ϐωμεν.

2279 1881 2371 1951 Τῷ
2389 1880 2568 1950 καιρῷ
2599 1880 2816 1951 ἐκείνῳ,
2845 1899 2865 1932 ‹
2900 1879 3216 1934 Είσελθόντι
3246 1879 3324 1950 τῷ
3344 1879 3504 1950 Ἰησοῦ
3534 1880 3600 1943 είς
3625 1881 3704 1933 Κο-

2208 1974 2518 2044 περναοὺμ,
2552 1972 2867 2042 προσῆλθεν
2900 1971 3053 2040 αὐτῷ
3094 1970 3483 2042 ἑκατόνταρχος
3509 1987 3703 2040 παρακα-

2208 2064 2317 2117 λῶν
2351 2065 2536 2127 αὐτὸν,
2570 2067 2666 2116 καὶ
2693 2063 2896 2130 λέγων.
2932 2080 2952 2114 ι
2992 2064 3063 2116 Ὃ
3095 2061 3200 2132 μὲν
3239 2061 3487 2133 θεηγόρος
3523 2063 3702 2123 Λουκᾶς,

2209 2157 2361 2210 τουτὶ
2381 2156 2444 2208 τὸ
2473 2154 2776 2225 παράδοξον
2823 2155 3240 2226 ἀφηγούμενος,
3278 2154 3375 2206 οὐκ
3421 2151 3706 2222 αὐτοπροσώο

2212 2267 2330 2312 πως
2362 2248 2539 2302 ἐλθεῖν
2562 2248 2715 2316 λέγει
2736 2249 2827 2300 τὸν
2849 2247 3279 2318 ἑκατόνταρχον,
3302 2246 3393 2299 καὶ
3422 2247 3615 2315 ποιῆσαι
3637 2243 3705 2312 τὴν

2212 2341 2454 2411 αίτησιν,
2489 2341 2628 2395 ἀλλά
2656 2340 3064 2411 πρεσϐυτέρους
3123 2339 3233 2393 τῶν
3267 2337 3520 2393 Ἰουδαίων
3555 2337 3706 2388 ἐπαπο-

2215 2433 2422 2486 στείλαι
2463 2431 2937 2502 ἀντιϐολήσοντας
2991 2433 3128 2503 περὶ
3179 2429 3369 2484 τούτου
3409 2429 3494 2483 τὸν
3535 2427 3706 2498 Κύριον.

2215 2525 2359 2578 Ἀλλ’
2386 2524 2645 2595 οὐδεμίαν
2703 2522 3000 2593 διαφωνίαν
3046 2522 3291 2578 δείκνυσι
3328 2521 3475 2575 τοῦτο
3521 2521 3614 2582 τοῖς
3643 2519 3704 2570 εὖ·

2215 2616 2509 2685 γνωμόνως
2541 2615 2870 2686 προσέχουσι
2898 2631 2914 2648 ο
2950 2617 3061 2669 Καὶ
3115 2615 3227 2685 γάρ
3265 2615 3356 2668 καὶ
3381 2615 3427 2668 οἱ
3455 2611 3709 2666 ὑπὸτούτου

2215 2709 2677 2777 ἀποστελλόμενοι
2729 2709 2808 2771 είς
2861 2709 3163 2777 πρόσωπον
3226 2706 3319 2760 τοῦ
3367 2706 3710 2768 ἀποστεθαντος

2219 2797 2466 2868 πάρεισι,
2508 2795 2605 2849 καὶ
2637 2795 2877 2865 μηδεμία
2901 2794 3044 2865 λαϐὴ
3060 2796 3179 2857 τοῖς
3208 2794 3502 2863 φιλοψόγοις
3523 2791 3710 2846 ἐντεῦθεν

2218 2889 2385 2957 φανῇ,
2415 2887 2496 2939 ὅτι
2524 2887 2552 2938 ό
2583 2886 2683 2954 μὲν
2708 2884 2870 2937 αὐτόν
2897 2899 3032 2954 φησι
3058 2882 3158 2936 τὸν
3194 2883 3568 2953 ἐκακόνταρχον
3589 2874 3710 2951 προσ-

2219 2979 2416 3042 ελθεῖν,
2458 2978 2676 3040 Λουκᾶς
2726 2976 2782 3029 δὲ
2805 2975 2996 3039 ἄλλους
3035 2975 3296 3043 γενέσθαι
3353 2973 3625 3043 ὑπουργοὺς
3644 2973 3712 3040 τῆς

551 3093 814 3144 narrare;
847 3080 912 3131 de
944 3077 1011 3129 iis
1043 3089 1170 3130 vero
1195 3086 1315 3142 quae
1337 3068 1658 3124 miraculum
1689 3066 2117 3136 praecessissent,

2223 3070 2512 3139 αἰτήσεως.
2537 3069 2612 3121 Τὸ
2641 3067 2752 3138 γὰρ
2785 3069 2900 3131 τοῖς
2951 3067 3371 3135 εὐαγγελισταῖς
3420 3063 3713 3132 σπουδαζόμε-

552 3188 664 3229 non
697 3171 860 3226 nimis
889 3166 1159 3222 subtiliter
1182 3174 1310 3220 sunt
1345 3161 1635 3232 persecuti.
1671 3159 1816 3214 Nihil
1843 3173 1970 3211 vero
2001 3173 2120 3227 pro-

2222 3178 2312 3213 νον
2363 3160 2521 3213 τοῦτο
2570 3154 2660 3229 ἦν,
2715 3158 2777 3211 τὸ
2811 3158 3133 3230 φιλαληθῶς
3174 3159 3236 3212 τδ
3265 3157 3442 3228 θαῦμα
3464 3158 3627 3218 εἰπεῖν,
3646 3153 3715 3205 οὐκ

549 3266 724 3330 bibet,
754 3263 1046 3332 quominus
1076 3267 1372 3326 utrumque
1403 3254 1703 3324 contigisse
1729 3251 2120 3321 intelligamus.

485 3357 487 3359 ’
547 3352 917 3409 Existimabat
943 3349 1089 3406 enim
1119 3348 1369 3404 centurio
1406 3345 1477 3400 ob
1519 3343 1878 3399 reverentiam
1917 3340 2122 3396 Christi

547 3445 691 3509 fore,
745 3453 805 3498 ut
854 3443 899 3498 is
951 3455 1048 3497 sua
1091 3439 1360 3509 postulata
1420 3437 1706 3507 rejiceret,
1757 3436 1954 3506 quippe
2002 3449 2122 3488 cum

548 3537 771 3610 gentilis
826 3543 972 3590 esset
1000 3542 1054 3589 et
1107 3516 1433 3599 alienigena.
1469 3529 1718 3584 Decrevit
1765 3528 1930 3598 igitur
1974 3528 2125 3597 prius

551 3629 782 3686 seorsim
815 3629 1023 3696 legatos
1052 3624 1309 3690 mittere;
1360 3633 1419 3677 ut
1451 3637 1578 3678 vero
1620 3620 1873 3691 promissi
1903 3619 2126 3674 facilita-

553 3729 665 3776 tem
693 3719 921 3783 audivit,
946 3727 997 3772 et
1029 3717 1144 3785 ipse
1175 3716 1498 3770 conlirmato
1525 3714 1706 3768 animo
1731 3712 1980 3768 accessit.
2006 3712 2124 3766 Jam

553 3813 718 3883 igitur
743 3809 1185 3867 ResurreCtionis
1215 3807 1478 3877 praeludis
1507 3805 1757 3860 Salvator
1788 3805 2047 3874 inceptat,
2075 3813 2130 3859 ct

555 3905 800 3962 membra
854 3911 1143 3974 partesque
1189 3899 1330 3953 male
1381 3897 1602 3953 all'ectas
1645 3896 1907 3966 principio
1954 3905 2126 3951 curat.

553 3997 623 4054 Et
652 3996 910 4068 quoniam
943 3995 996 4050 in
1043 4008 1249 4048 marem
1283 4001 1340 4047 et
1377 3991 1632 4046 feminam
1669 3989 1903 4044 hominis
1938 3999 2128 4044 natura

556 4089 732 4145 divisa
777 4095 886 4152 est,
915 4087 1136 4155 utrique
1166 4084 1351 4156 generi
1383 4082 1794 4138 beneﬁcentiam
1842 4081 1988 4150 large
2025 4081 2131 4136 im-

553 4181 808 4252 pertitur.
856 4178 1032 4234 Ambo
1063 4177 1352 4246 siquidem,
1402 4184 1458 4229 et
1487 4177 1571 4229 vir
1603 4184 1657 4230 et
1683 4173 1880 4228 mulier
1926 4188 1957 4227 a
1991 4188 2129 4241 prae-

557 4282 715 4344 cepto
752 4272 1118 4335 desciverunt,
1165 4270 1324 4324 ambo
1356 4282 1485 4323 vero
1527 4267 1692 4323 etiam
1743 4265 2132 4334 benignitatem

558 4371 690 4419 sunt
733 4361 1036 4418 consecuti.
1069 4360 1137 4414 Et
1169 4367 1322 4415 sanat
1360 4357 1576 4430 quidem
1609 4373 1756 4420 eum,
1793 4356 1949 4426 cujus
1979 4365 2136 4412 erant

2223 3248 2706 3319 ἀκριϐολογεῖσθαι
2744 3249 2872 3318 περὶ
2901 3248 3008 3301 τῶν
3039 3247 3508 3319 προηγησαμένων
3532 3245 3596 3315 τῷ
3621 3242 3715 3296 036-

2227 3358 2380 3410 ματι.
2415 3341 2586 3394 Οὐδὲν
2614 3340 2672 3393 δὲ
2703 3339 2762 3393 τὸ
2790 3338 3000 3393 κωλόον
3024 3343 3191 3406 νοεῖν,
3228 3342 3322 3397 καὶ
3367 3338 3609 3409 συμϐῆναι
3642 3338 3715 3404 ἀμ-

2227 3433 2452 3504 φότερα.
2476 3434 2638 3503 ᾬετο
2697 3432 2806 3502 γὰρ
2866 3431 2958 3484 ὑπ’
2993 3432 3291 3495 εὐλαϐείας
3340 3431 3368 3484 ό
3400 3430 3718 3495 ἑκατόνταρχος

2227 3527 2340 3592 ὡς,
2374 3525 2592 3578 ἐθνικοῦ
2655 3525 3018 3595 τυγχάνοντος
3079 3522 3252 3577 αὐτοῦ
3306 3525 3399 3578 καὶ
3449 3515 3716 3587 ἀλλογενοῦς,

2229 3616 2644 3686 παρακοόσεται
2703 3613 2804 3684 τὴν
2865 3613 3084 3682 αἴτησιν
3143 3615 3173 3666 ὁ
3205 3612 3453 3683 Χριστός.
3482 3610 3632 3677 Ἔγνω
3657 3599 3718 3657 οὖν

2232 3708 2338 3778 ἰδίᾳ
2389 3705 2836 3777 πρεσϐεύσασθαι
2881 3705 3170 3774 πρότερον.
3213 3705 3303 3768 Ὦς
3344 3703 3398 3757 δέ
3443 3702 3613 3773 ἤκουσε
3653 3696 3721 3762 τῆς

2228 3799 2562 3868 ἐπαγγελίας
2578 3798 2639 3850 τὸ
2668 3797 2976 3868 πρόθυμον,
2996 3797 3288 3867 θαρσήσας
3317 3797 3449 3849 ἵεται
3471 3792 3555 3846 καὶ
3588 3788 3719 3847 αὐτός.

2234 3893 2378 3962 Ἤδη
2404 3891 2504 3963 μὲν
2531 3890 2626 3945 οὖν
2650 3891 2751 3960 τῆς
2782 3889 3142 3953 ἀναστάσεως
3171 3892 3469 3960 προοιμίων
3489 3886 3721 3956 ἀπᾶρχετιι

2230 3987 2259 4039 ὁ
2282 3985 2498 4055 Σωτὴρ,
2529 3985 2624 4038 καὶ
2653 3984 2820 4053 μέλη,
2853 3984 2950 4037 καὶ
2979 3983 3125 4054 μέρη
3155 3981 3508 4051 κεκακωμένα
3525 3977 3722 4049 πρότερον

2235 4079 2447 4134 ίάσατο.
2481 4075 2709 4147 Ἐπειδὴ
2737 4075 2794 4129 δέ
2817 4075 2927 4130 τῶν
2949 4075 3315 4147 ἀνθρώπωνὴ
3339 4075 3491 4145 φύσις
3514 4073 3583 4133 είς
3607 4067 3724 4137 ἄρρεν

2234 4174 2332 4227 καὶ
2359 4170 2495 4241 θῆλυ
2531 4167 2887 4240 μεμέρισται,
2922 4168 3228 4240 ἀμφοτέρῳ
3258 4169 3334 4236 τῷ
3361 4167 3497 4235 γένει
3519 4164 3602 4234 τὴν
3618 4159 3724 4225 εὐερ-

2233 4265 2430 4332 γεσίαν
2477 4261 2794 4333 χαρίζεται.
2836 4261 3042 4330 Ἀμφω
3097 4261 3202 4330 μὲν
3253 4260 3361 4330 γὰρ
3413 4255 3502 4312 καὶ
3523 4253 3635 4324 ἀνὴρ
3662 4247 3726 4302 καὶ

2238 4357 2378 4425 γυνὴ
2405 4356 2504 4425 τῆς
2525 4353 2749 4423 ἐντολῆς
2777 4351 3232 4417 ἐκπεπτώκατον,
3266 4352 3428 4422 ἄμφω
3469 4349 3520 4403 δὲ
3558 4339 3725 4408 καὶτῆς

558 4455 710 4509 nervi
739 4453 974 4518 remissi,
1003 4453 1337 4524 etlcompago
1362 4454 1608 4522 corporis
1635 4450 1898 4507 dissoluta
1921 4451 1998 4516 ";
2039 4465 2120 4504 5οι

2211 4450 2214 4477 ¹
2240 4446 2567 4518 εὐεργεσίας
2593 4443 2913 4514 τετύχατον.
2941 4444 3053 4496 Καὶ
3082 4444 3376 4514 θεραπεύει
3402 4441 3486 4495 τδν
3529 4430 3726 4506 παρειμέ-

560 4547 876 4604 inclinatam
938 4544 1216 4599 mulierem
1251 4555 1306 4599 et
1337 4552 1648 4612 vergentem
1696 4544 1748 4597 in
1786 4552 1982 4597 terram
2015 4543 2136 4598 sine

560 4654 690 4696 cura
723 4653 827 4693 non
847 4635 1272 4707 praetermittit"
1304 4652 1318 4688 :
1349 4634 1548 4690 multos
1574 4650 1604 4688 a
1631 4635 1933 4690 daemonum
1959 4633 2135 4703 agita-

562 4731 707 4788 tione
732 4727 1074 4793 liberavit",
1106 4725 1199 4782 sed
1216 4735 1272 4782 et
1293 4722 1611 4795 Qhananmae
1639 4726 1856 4780 ﬁliolam
1885 4733 2134 4779 vexatam

559 4842 591 4880 α
640 4823 973 4880 dannonibus
1027 4819 1251 4877 sanitati
1312 4819 1650 4886 restituit”;
1697 4816 2017 4871 Zaccltteutn
2068 4831 2135 4872 ex

559 4913 778 4983 iniustis
807 4914 1064 4984 operibus
1094 4913 1150 4968 in
1195 4912 1476 4982 exigendis
1520 4909 1876 4980 vectigalibus
1907 4908 2137 4978 patratis

561 5007 840 5079 eripuit“,
864 5007 959 5062 sed
978 5016 1033 5062 et
1053 5005 1426 5062 lascivientem
1451 5003 1794 5059 meretricem
1831 5015 1896 5057 ex
1943 5001 2139 5056 fanore

2241 4557 2331 4594 νον
2358 4539 2429 4592 τὰ
2461 4539 2652 4608 νεῦρα,
2685 4536 2780 4589 καὶ
2809 4536 3105 4606 λελυμένον
3149 4536 3250 4600 τὰς
3283 4531 3535 4606 ἁρμονίας
3551 4527 3628 4581 τοῦ
3654 4519 3726 4575 uti»

2245 4649 2414 4702 ματος
2446 4647 2462 4663 ο
2490 4629 2605 4683 ἀλλ’
2637 4629 2760 4682 οὐδὲ
2791 4626 2891 4699 τὴν
2932 4631 3254 4682 νενευκυῖαν
3308 4627 3385 4690 είς
3415 4625 3509 4694 γῆν
3534 4619 3612 4676 καὶ
3637 4629 3726 4682 (ευτ’

2243 4723 2558 4776 κύπτουσαν
2589 4722 2800 4791 ἀφῆκεν
2828 4721 3155 4791 ἀνήκεστον.
3209 4718 3317 4772 Τοῦ
3352 4711 3662 4785 κορυϐαντιᾷν
3687 4706 3726 4756 ἐκ

2245 4815 2520 4886 δαιμόνων
2558 4815 2851 4877 πλείστους
2899 4812 3258 4866 ἀπέσπασενο
3284 4809 3416 4864 ἀλλά
3461 4806 3546 4860 καὶ
3588 4802 3634 4854 τὺ
3664 4795 3726 4863 τῆί

2247 4907 2565 4970 Χαναναίας
2597 4906 2895 4975 θυγάτριον
2919 4903 3023 4956 ὑπὸ
3050 4902 3322 4972 δαιμόνων
3345 4900 3630 4970 ὀχλούμενον
3651 4887 3726 4940 ἐϐε-

2250 5002 2495 5073 ράπευσε
2515 5015 2529 5030 ·
2564 4999 2653 5050 τὸν
2679 4999 2953 5067 Ζακχαῖον
2980 4995 3090 5049 τῶν
3111 4997 3177 5048 ἐκ
3197 4993 3292 5048 τοῦ
3319 4992 3551 5046 τελωνεῖν
3567 4976 3727 5039 ἀδικιῶν

657 5128 680 5159 ⁸
717 5124 910 5179 Matth.
981 5141 1069 5189 xv,
1130 5123 1221 5179 26.
1298 5123 1345 5157 “
1382 5122 1576 5180 Matth.
1613 5137 1702 5187 Ix,
1739 5121 1764 5174 1
1809 5133 1962 5188 sequ.
2039 5119 2085 5150 "
2122 5116 2256 5171 Luc.
2301 5131 2421 5179 xm,
2461 5116 2546 5168 ll.
2622 5113 2669 5146 ⁸⁸
2707 5111 2839 5166 Luc.
2898 5126 3014 5177 νιιι,
3081 5110 3172 5165 27.
3247 5111 3293 5141 ⁸⁹
3331 5105 3506 5161 Matth.
3561 5112 3629 5160 xv,
3668 5090 3726 5143 99°

646 5195 778 5253 Luc.
814 5210 928 5260 xu,
965 5196 1021 5250 Ξ.

1793 5262 2109 5325 Francisei
2143 5260 2349 5322 Scorsi
2385 5263 2577 5319 noue.

637 5390 1340 5466 (:5)“Persou_am.mittentis
1369 5398 1593 5466 _gerunt.
1632 5385 1754 5466 Haec
1781 5384 1956 5466 prima
2001 5383 2138 5466 ratio

567 5457 888 5519 conciliandi
931 5459 1233 5515 Matthaaum
1264 5469 1318 5512 et
1369 5457 1600 5523 Lucam,
1644 5457 1731 5524 qui
1781 5458 1835 5509 in
1869 5457 2139 5524 narrando

572 5532 903 5587 centurionis
969 5529 1228 5585 miraculo
1293 5527 1508 5582 dill'erre
1585 5523 1855 5584 videntur.
1949 5535 2034 5577 est
2079 5523 2137 5576 S.

573 5601 881 5670 Augustin.,
917 5601 1092 5664 Bedm,
1125 5598 1334 5670 Leontii
1368 5599 1781 5670 apudnostrum
1814 5593 1970 5670 Joan.
2007 5593 2141 5644 Mal-

573 5665 781 5736 donat.,
827 5665 915 5738 qui
973 5686 1090 5725 eam
1147 5667 1417 5738 sequitur.
1470 5668 1650 5720 Altera
1685 5665 2143 5738 quametiantse-

579 5733 774 5793 cundo'
809 5733 926 5794 loco
980 5733 1238 5807 adjungit'
1265 5738 1352 5792 bic
1392 5737 1550 5791 Pater
1613 5733 1713 5790 est
1743 5733 1800 5788 S.
1838 5733 2144 5801 Cbrysost.,

2239 5380 2535 5451 Theopltyl.
2571 5387 2654 5451 et_
2683 5375 2848 5451 Euth.
2886 5371 3020 5451 Vide
3076 5381 3354 5451 Ρνωιθῖθλι

2241 5467 2360 5504 mus
2391 5426 2538 5503 hoin.
2593 5449 2686 5509 24,
2751 5445 2839 5498 ubi
2895 5426 3088 5497 eodem
3133 5441 3292 5493 modo
3319 5426 3598 5509 conciliatur
3623 5426 3729 5509 195"}

2596 5499 2850 5587 petitione
2882 5515 3090 5587 _facta__a
3157 5512 3359 5564 duobus
3386 5505 3494 5558 {iliis

2241 5569 2431 5657 i'liia'i."
2466 5569 2652 5644 alius“
2681 5587 2749 5641 ab
2799 5583 2950 5654 ipsis,
2999 5585 3131 5638 alius
3198 5595 3228 5634 a
3275 5587 3434 5634 matre
3477 5569 3729 5642 υτοΡ⁰⁵¹¹³¹¹³

2243 5661 2459 5715 scribit.
