3974 6220
247 328 364 394 829

1641 340 1977 404 ΗΟΜῘΙᾸΛ
2014 347 2220 410 XLIV.

3406 361 3512 427 830

250 446 638 518 ἠλευθέρωσεν
670 462 686 479 ⁸
714 447 855 503 ἀλλά
879 450 975 504 καὶ
1001 451 1101 522 τὴν
1127 454 1424 524 μαχλῶσαν
1476 457 1682 528 πόρνην
1740 459 1832 528 τῆς

1942 467 2302 534 sordibusque
2335 469 2542 537 peccati
2578 470 2828 542 purgavit
2852 472 2931 539 δίς
2976 471 3164 528 Simon
3203 475 3515 538 Pharismns

249 537 530 602 δυσώδους
587 539 870 609 ἁμαρτιας
931 544 1193 619 ἐκάθηρε.
1228 549 1411 617 Σίμων
1454 551 1483 602 6
1542 552 1835 619 Φαρισαῖος

251 629 415 682 καλεῖ
442 629 534 682 τὸν
566 630 776 700 Κύριον
800 633 882 696 είς
908 617 1155 690 ἑστίασιν
1175 653 1190 666 '
1221 637 1359 691 ἀλλά
1383 640 1475 691 καὶ
1490 617 1692 709 Μάρθα
1709 643 1832 694 τοῦ·

250 737 348 773 τον
378 723 460 781 είς
503 721 595 774 τὸν
627 718 780 777 οἷκον
837 726 1011 796 αὐτῆς
1067 727 1390 797 ὑπεδέξατο.
1424 731 1697 785 Ἀλθαίνει
1745 717 1837 788 τόν

248 809 351 862 τοῦ
381 811 789 883 ἑκατοντάρχου
817 817 986 870 παῖδα
1012 821 1334 885 ἀπαλλάξας
1363 823 1531 877 αὐτὸν
1557 823 1651 877 τοῦ
1677 827 1837 894 νοσή-

252 919 432 970 ματος
473 919 486 932 ο
513 903 652 957 ἀλλά
685 908 783 958 καὶ
823 909 902 980 τῷ
935 912 1157 982 πυρετῷ
1203 914 1541 986 ἐπιτιμήσας
1590 916 1838 986 σφοδρῶς

247 995 355 1063 τὴν
389 995 663 1065 πενθερὰν
693 998 943 1067 Σίμωνος
973 1003 1249 1072 φλέγοντι,
1279 1007 1554 1078 τοσαύτην
1607 1011 1837 1078 ἐποίησε

245 1084 350 1137 τοῦ
392 1085 566 1140 κακοῦ
621 1089 722 1159 τὴν
773 1092 1127 1165 ἀπαλλαγὴν,
1164 1098 1241 1160 ὡς
1299 1099 1439 1169 πρὸς
1479 1101 1540 1154 τὸ
1570 1100 1836 1157 διακονεῖν

250 1175 564 1246 ἐπιρρῶσαι
616 1179 717 1252 τήν
762 1182 866 1253 ήδη
921 1186 1387 1259 προσδοκωμένην
1443 1191 1834 1262 τεθνήξασθαι.

254 1270 419 1338 Ὄψει
447 1271 504 1324 δὲ
535 1273 700 1328 αὐτὸν
757 1276 1064 1332 ἀνιστῶντα
1114 1280 1215 1351 μὲν
1279 1282 1587 1355 τεθνηκότα
1610 1288 1706 1339 καὶ
1743 1287 1837 1340 τὸν

245 1360 356 1429 τῆς
385 1362 564 1432 χήρας
635 1366 776 1430 υἱὸν,
812 1368 950 1421 ἀλλά
1009 1372 1198 1425 καὶτὸ
1241 1373 1472 1444 Ἰαείρου
1515 1374 1834 1448 θυγάτριον.

246 1452 368 1504 Καὶ
404 1455 668 1524 μαθητῶν
696 1459 846 1530 αὐτῷ
884 1463 1142 1530 ἐφείπετο
1176 1465 1382 1532 θίασος,
1415 1467 1553 1520 ἀλλά
1583 1469 1679 1522 καὶ
1727 1488 1835 1541 μα·

247 1543 480 1615 θήτριαι
515 1547 870 1621 διηκόνησαν,
903 1555 1197 1608 ἀπόστολοι
1237 1561 1520 1626 γεγονυῖαι
1573 1561 1671 1630 τῆς
1700 1562 1835 1614 ἀνα-

246 1638 522 1702 στάσεως.
565 1640 731 1712 Ὁρᾷς
766 1644 862 1696 τοῦ
923 1647 1106 1700 κοινοῦ
1134 1650 1410 1705 Δεσπότου
1454 1651 1550 1704 καὶ
1590 1654 1832 1706 πλάστου

174 1745 176 1747 '
243 1731 345 1782 καὶ
372 1732 472 1795 τάς
498 1735 821 1803 εὐεργεσίας
849 1740 1072 1806 κοινάς;
1103 1743 1323 1814 Ἐπειδὴ
1343 1745 1452 1815 γάρ
1482 1745 1832 1820 ἀπηρυθρία·

246 1837 355 1874 σαν
387 1825 445 1886 ἐς
475 1826 730 1880 τοσοῦτόν
759 1846 926 1894 τινες,
959 1833 1034 1895 ὼς
1080 1834 1155 1903 μὴ
1188 1836 1394 1906 κυρίως
1414 1837 1704 1908 ἄνθρωπον
1731 1839 1831 1912 τὴν

243 1918 492 1981 γυναῖκα
524 1920 724 1984 εἰπεῖν,
756 1922 895 1977 ἀλλά
932 1925 1100 1996 μέρος
1133 1927 1427 1999 ἀνθρώπου
1465 1931 1540 1995 ὡς
1572 1931 1831 1986 πλασθεῖ-

243 2025 354 2061 σαν
409 2012 473 2064 ἐκ
516 2014 614 2082 τῆς
654 2014 905 2084 πλευρᾶς
957 2019 1051 2071 τοῦ
1115 2021 1331 2092 ἀνδρὸς,
1362 2024 1709 2095 ἐπιστομίζει
1742 2028 1831 2082 διὰ

241 2100 459 2155 τούτων
490 2105 592 2167 τὰς
615 2107 726 2159 τῶν
777 2111 1108 2181 κατηγόρων
1141 2113 1407 2181 γλωσσῶν
1459 2117 1830 2186 ἀχαλινώτους

242 2195 450 2263 ὁρμὰς,
488 2197 709 2262 δεικνὺς
746 2201 824 2265 ὠς
859 2204 1065 2273 ἀρετῆς
1099 2206 1194 2259 καὶ
1223 2207 1421 2270 κακίας
1443 2210 1644 2279 ὲπίσης
1676 2212 1832 2265 αύτο-

241 2287 514 2355 κρατορεῖ
539 2290 631 2340 καὶ
672 2290 809 2361 ἀνὴρ
857 2292 952 2346 καὶ
986 2295 1148 2366 γυνή.
1182 2295 1345 2350 Ἀλλά
1394 2300 1568 2352 ταῦτα
1613 2300 1830 2371 εἴρηται

241 2375 396 2464 κατὰ
448 2379 721 2449 πάροδον·
782 2384 924 2438 αύτά
969 2385 1026 2440 δὲ
1077 2388 1146 2441 τὰ
1211 2389 1343 2461 ίερά
1396 2391 1831 2464 ὲπαναλάσωμεν

238 2461 427 2534 ὶόγια.
1389 2472 1395 2482 “

330 2577 350 2610 t
384 2561 579 2631 Κύριε,
613 2565 641 2616 6
682 2569 814 2630 παῖς
850 2586 955 2636 μου
983 2569 1244 2642 βέϐληται
1280 2575 1338 2627 ὲν
1366 2577 1432 2647 τῇ
1461 2578 1608 2650 οἰκίᾳ
1647 2597 1829 2649 παρα-

242 2650 494 2718 λυτικὸς,
521 2655 711 2720 δεινῶς
736 2660 1182 2732 βασανιζόμενος.
1223 2685 1241 2717 ι
1285 2668 1474 2738 Ἀθρει
1497 2670 1564 2740 δή
1602 2689 1720 2736 πως
1773 2676 1831 2728 ὲν

243 2743 444 2808 αὐταῖς
472 2741 542 2817 ἦν
569 2747 662 2802 τοῦ
690 2751 924 2804 θανάτου
945 2753 1176 2824 δυσμαῖς
1203 2773 1217 2787 ·
1251 2757 1514 2837 ὲὸέὸλητο
1537 2765 1647 2834 γὰρ
1675 2765 1736 2817 ἐν
1763 2768 1828 2837 τῇ

243 2836 426 2906 οἰκίᾳ,
461 2837 537 2901 ὡς
568 2840 704 2908 μηδὲ
753 2841 1016 2896 δύνασθαι
1049 2845 1212 2898 αὐτὸν
1267 2836 1498 2917 ἀγαγεῖν
1550 2853 1686 2923 πρὸς
1737 2836 1830 2909 τὸν

244 2927 485 2998 Κύριον.
519 2931 1024 3008 Ἑκφαντικὼτερον
1053 2939 1111 2992 δὲ
1146 2942 1174 2993 6
1205 2940 1452 3010 Λουκᾶςί
1457 2944 1618 2999 τοῦτο
1649 2947 1825 3014 δηλοῖ,

248 3021 541 3090 προσθεὶς,
575 3024 652 3088 ὡς
675 3025 868 3096 ἔμελλε
901 3029 1179 3101 τελευτᾷν.
1213 3030 1372 3097 Τινὲς
1428 3035 1488 3088 δέ
1525 3054 1712 3105 φασιν,
1753 3039 1830 3104 ὡς

242 3112 342 3166 διὰ
370 3113 535 3170 τοῦτο
575 3118 699 3170 οὐδὲ
755 3123 1112 3192 προσήγαγον
1147 3124 1311 3178 αὐτὸν
1370 3128 1637 3198 φέροντες
1665 3133 1724 3184 ὲν
1749 3132 1829 3203 τῷ

247 3207 546 3276 σκίμποδι,
575 3209 651 3274 ὡς
680 3210 748 3264 ἂν
779 3214 854 3284 μὴ
909 3215 1212 3288 τελευτήσῃ
1276 3219 1600 3288 φερόμενος,
1659 3241 1830 3294 προσ-

242 3298 479 3367 δόκιμος
508 3299 584 3353 ὢν
609 3302 710 3373 ἤδη
738 3303 1104 3373 τεθνήξασθαι
1132 3324 1148 3340 ο
1175 3309 1302 3378 ἐμοὶ
1341 3309 1397 3362 δὲ
1442 3311 1609 3379 δοκεῖ,
1644 3314 1720 3380 ὡς
1767 3318 1830 3370 οὐ

245 3389 345 3442 διὰ
366 3390 572 3460 ταύτην
599 3393 698 3463 τὴν
753 3395 936 3449 αἰτίαν
989 3397 1156 3452 αὑτὸν
1208 3399 1309 3453 οὐκ
1365 3401 1659 3470 ἐκόμισαν,
1715 3406 1830 3460 ἀλλ’

245 3481 604 3537 ἐπέπειστοὸ
631 3486 1052 3560 ἑκατόνταρχος,
1087 3491 1164 3554 ὼς
1203 3492 1429 3548 δύναται
1482 3498 1576 3549 καὶ
1620 3499 1832 3551 ἀπόντα

246 3576 598 3660 θεραπεῦσαι
652 3579 744 3631 τὸν
800 3581 1030 3650 Κύριον.
1082 3584 1195 3638 Καὶ
1243 3584 1405 3638 τοῦτο
1485 3589 1723 3660 φανερὸν
1774 3591 1832 3656 ἐξ

241 3657 331 3718 ὧν
372 3666 599 3734 ἔλεγεν⁸
633 3688 651 3721 ι
707 3671 845 3726 Εἰπὲ
893 3673 1074 3742 λόγον,
1122 3675 1218 3728 καὶ
1268 3675 1557 3747 ἰαθήσεται
1695 3684 1830 3746 παῖς

248 3775 386 3828 μου.
425 3777 444 3810 ι

333 3870 353 3903 ι
390 3853 554 3921 Λέγει
582 3854 732 3926 αύτῷ
756 3857 785 3910 ό
815 3855 1026 3927 Ἰησοῦς
1049 3875 1064 3890 ·
1091 3860 1238 3931 Ἐγὼ
1283 3863 1456 3918 ἐλθὼν
1506 3865 1833 3937 θεραπεύσω

247 3942 443 3999 αὐτόν.
492 3963 511 3996 ι
551 3947 650 4000 Διά
670 3945 725 4000 τί
749 3948 894 4003 οὕτω
919 3951 1123 4023 ῥᾳδίως
1155 3955 1458 4026 ὑπήκουσε,
1492 3962 1586 4013 καὶ
1609 3961 1708 4033 τὴν
1739 3962 1832 4017 θε-

259 4037 506 4107 ραπείαν
538 4039 704 4104 εὐθὺς
735 4044 1012 4115 ἐπήγαγε,
1045 4047 1226 4102 καίτοι
1255 4051 1359 4105 οὐκ
1415 4053 1624 4118 εἰωθὼς
1649 4058 1708 4108 ἐν
1737 4056 1834 4110 ἀλ-

243 4126 371 4188 λοις
412 4127 573 4183 τοῦτο
623 4135 819 4199 ποιεῑν;
873 4135 964 4205 Τῷ
1007 4152 1067 4188 τε
1105 4137 1216 4208 γὰρ
1252 4141 1424 4210 πατρὶ
1455 4144 1588 4212 περὶ
1622 4144 1717 4198 τοῦ
1747 4163 1834 4198 σε-

245 4216 650 4288 ληνιαζομένου
683 4222 874 4284 παιδὸς
895 4227 1309 4294 γονυπετοῦντι,
1341 4229 1434 4280 καὶ
1460 4229 1712 4300 ζητοῦντι
1734 4232 1833 4302 τὴν

248 4307 556 4380 θεραπείαν
583 4312 675 4366 τοῦ
715 4316 1018 4385 πάσχοντος
1045 4318 1372 4389 ἐπιπλήττει
1418 4322 1705 4392 πρότερον,
1737 4342 1832 4392 γε-

242 4400 384 4454 νεὰν
437 4400 668 4456 ἄπιστον
717 4404 810 4457 καὶ
865 4405 1310 4479 διεστραμμένην
1354 4410 1545 4466 εἰπών.
1603 4415 1712 4467 Καὶ
1764 4419 1829 4486 τῇ

244 4495 541 4566 Χαναναία
593 4497 919 4566 περιπαθῶς
959 4499 1318 4574 ἀντιδολούσῃ
1358 4506 1487 4574 περὶ
1522 4508 1619 4576 τῆς
1661 4507 1832 4576 θυγα-

241 4589 386 4659 τρός
410 4604 424 4618 ·
459 4607 478 4640 ι
517 4590 631 4642 Οὐκ
688 4588 920 4655 ἔξεστιν,
973 4586 1119 4658 εἷπε,
1151 4592 1337 4646 λαϐεῖν
1395 4596 1488 4649 τὸν
1522 4597 1685 4668 ἄρτον
1727 4601 1835 4653 ἀπὸ

241 4679 364 4732 τῶν
390 4681 620 4746 τέκνων,
650 4682 743 4735 καὶ
770 4682 956 4736 δοῦναι
991 4686 1104 4748 τοῖς
1130 4687 1431 4758 κυναρίοις.
1480 4707 1500 4738 ι
1549 4690 1636 4743 Ἐν
1663 4691 1718 4744 δὲ
1756 4693 1834 4763 τῷ

247 4771 488 4842 παρόντι
515 4773 653 4841 ὁμοῦ
679 4790 738 4825 τε
761 4774 1017 4844 ἦκουσεν,
1041 4767 1124 4829 ότι
1148 4794 1167 4828 ι
1209 4777 1265 4830 '0
1289 4780 1421 4840 παῖς
1446 4796 1549 4849 μου
1571 4780 1832 4852 βέϐληται

245 4868 316 4919 ὲν
343 4869 410 4936 τῇ
440 4866 590 4936 οἰκίᾳ
628 4865 1016 4937 παραλυτικὸς,
1055 4887 1074 4920 ι
1109 4872 1204 4923 καὶ
1237 4871 1374 4941 πρὸς
1395 4871 1494 4940 τὴν
1533 4873 1833 4944 θεραπείαν

244 4958 562 5026 ἐπείγεται.
596 4959 698 5011 Διά
728 4959 814 5026 τίς
848 4961 1072 5032 Ἐπειδὴ
1099 4964 1127 5015 6
1158 4962 1260 5026 τὰς
1313 4963 1541 5034 καρδίας
1588 4967 1833 5035 ἐρευνῶν

245 5051 356 5104 καὶ
405 5051 601 5122 μέχρις
653 5051 877 5105 ἐννοιῶν
925 5053 1104 5123 ψυχῆς
1146 5055 1547 5125 ὲξικνούμενος,
1590 5058 1707 5130 ᾔδει
1735 5060 1833 5113 τοῦ

245 5143 660 5214 ἑκατοντάρχου
683 5145 782 5216 τὴν
802 5145 984 5198 πίστιν
1006 5147 1178 5218 ὁπόση
1207 5165 1290 5211 τις
1314 5143 1402 5219 ἦν.
1422 5148 1534 5220 Τὴν
1557 5151 1718 5222 χάριν
1738 5149 1834 5206 οὖν

248 5233 399 5304 πρὸς
427 5232 527 5304 τὴν
558 5235 743 5289 πίστιν
784 5238 1001 5306 μετρεῖ,
1039 5239 1136 5290 καὶ
1151 5239 1251 5308 τὴν
1305 5239 1450 5294 ἴασιν
1482 5241 1831 5312 ὑπισχνεῖται

1943 555 2228 609 Dominum
2263 558 2326 611 ad
2354 558 2662 612 convivium
2694 571 2886 620 vocat.
2921 563 3013 614 sed
3045 573 3098 615 et
3132 564 3272 618 hunc
3308 565 3513 622 Martha

1942 647 1992 698 in
2013 647 2234 700 domum
2259 663 2412 702 suam
2443 650 2744 717 recepit“;
2776 661 2935 704 sanat
2960 655 3297 710 centurionis
3326 657 3516 723 lilium,

1943 753 2177 806 cumque
2208 755 2235 792 a
2270 740 2460 795 morbo
2490 743 2743 796 vendicat
2765 743 2832 806 ⁸⁸,
2869 743 2961 796 sed
2989 753 3041 797 et
3069 744 3353 814 increpans
3379 747 3516 802 febri

1943 830 2182 884 Simonis
2241 846 2457 887 socrum
2507 834 2859 891 vehementer
2909 837 3127 900 urenti,
3196 847 3303 891 tam
3351 840 3520 896 ﬁrma:

1938 929 2182 982 restituit
2214 930 2528 995 valetudini,
2585 943 2642 986 ut
2691 932 2756 986 ad
2801 932 3215 987 ministrantium
3262 951 3322 988 ea
3376 939 3520 994 vires

1938 1019 2198 1086 haberet,
2237 1038 2355 1090 quae
2402 1035 2628 1078 mortem
2674 1023 2784 1091 jam
2832 1027 3180 1094 exspectabat
3228 1028 3517 1084 imminen-

1940 1123 2048 1166 tem
2075 1112 2144 1169 ⁸⁸.
2178 1115 2399 1170 Videbis
2445 1117 2607 1171 etiam
2652 1117 2802 1172 illum
2846 1127 2902 1172 et
2952 1117 3293 1174 demortuum
3345 1123 3517 1176 viduzn

1939 1207 2146 1273 lilium,
2199 1217 2254 1262 et
2300 1207 2432 1263 Jairi
2481 1209 2712 1280 puellam
2766 1213 2832 1265 ad
2865 1211 3028 1265 vitam
3074 1226 3328 1267 revocare
3356 1213 3420 1266 ⁸⁸.
3456 1216 3514 1267 Et

1938 1298 2158 1365 quidem
2193 1299 2523 1367 sequebatur
2553 1301 2700 1354 illum
2726 1316 2882 1356 sacer
2903 1302 3288 1371 discipulorum
3319 1313 3516 1368 cretus,

1937 1391 2032 1444 sed
2059 1400 2112 1443 et
2141 1389 2527 1446 ministrabant
2557 1392 2832 1459 mulieres,
2866 1393 3068 1447 nuntia:
3099 1397 3517 1450 resurrectionis

1939 1480 2222 1536 institutae.
2279 1481 2446 1538 Vides
2501 1486 2806 1540 communis
2866 1483 3079 1539 Domini
3138 1494 3194 1539 et
3264 1485 3517 1540 cliictoris

1940 1574 2224 1642 utriusque
2243 1589 2404 1628 sexus
2422 1577 2787 1630 communiter
2810 1577 2974 1631 etiam
2989 1578 3283 1645 prtestitam
3303 1580 3517 1648 utrique

1937 1662 2392 1718 beneficentiam?
2421 1664 2585 1734 310
2606 1663 2871 1730 Quoniam
2899 1666 3044 1720 enim
3073 1680 3140 1720 eo
3172 1667 3516 1736 impudentia:

1939 1753 2106 1823 aliqui
2137 1766 2542 1824 processerunt,
2576 1766 2634 1810 ut
2665 1757 2946 1812 mulierem
2984 1774 3090 1813 non
3127 1773 3247 1812 esse
3292 1761 3516 1828 proprie

1862 1824 1905 1880 Β
1937 1845 2210 1901 hominem
2251 1848 2515 1914 dicerent,
2554 1852 2648 1902 sed
2697 1849 2935 1903 hominis
2975 1860 3206 1918 partem,
3239 1861 3422 1920 utpote
3450 1864 3517 1904 ex

1931 1937 2034 1992 viri
2072 1937 2243 1993 latere
2271 1938 2487 2005 ﬁctam;
2526 1939 2766 1995 refrenat
2799 1955 2897 2009 per
2935 1941 3052 1996 haec
3085 1941 3346 1996 Dominus
3399 1959 3516 1996 ma-

1932 2029 2230 2084 ledicorum
2287 2029 2531 2098 linguas,
2588 2041 2641 2085 et
2699 2029 2990 2086 cﬂ‘renatos
3041 2046 3226 2086 eorum
3283 2031 3518 2099 impetus

1931 2132 2173 2187 coercet,
2202 2123 2497 2178 ostendens
2525 2124 2780 2179 virtutem
2817 2140 2880 2178 ac
2905 2124 3092 2182 vitium
3125 2140 3277 2192 aeque
3311 2125 3364 2178 in
3415 2124 3516 2178 viri

1933 2230 1996 2270 ac
2023 2215 2267 2270 mulieris
2314 2216 2543 2271 arbitrio
2592 2232 2656 2270 ac
2716 2226 2984 2285 pctestate
3024 2217 3197 2284 posita
3239 2232 3381 2272 esse.
3409 2216 3517 2271 Sed

1936 2308 2050 2361 haec
2081 2307 2259 2362 obiter
2299 2308 2441 2362 dicta
2481 2317 2644 2376 sunt;
2684 2306 2798 2376 jam
2835 2323 2989 2363 sacra
3021 2307 3137 2377 ipsa
3172 2308 3334 2364 verba
3369 2324 3520 2365 resu-

1932 2414 2164 2453 ruamus.

2010 2594 2030 2628 ι
2077 2575 2326 2639 Domine,
2360 2589 2495 2645 puer
2523 2590 2674 2630 meus
2701 2574 2848 2645 jacet
2878 2575 2933 2629 in
2962 2575 3125 2631 domo
3158 2575 3513 2647 paralyticus,

1934 2679 1990 2725 et
2017 2671 2158 2727 male
2185 2678 2490 2739 torquetur.
2527 2687 2546 2721 ι
2581 2668 2813 2723 Adverte
2846 2669 2991 2739 quod
3025 2671 3092 2723 ad
3125 2670 3297 2738 ipsum
3326 2670 3515 2726 mortis

1933 2761 2188 2831 vergebat
2214 2776 2492 2816 occasum.
2517 2757 2744 2815 Iacebat
2775 2761 2919 2815 enim
2957 2760 3011 2813 in
3047 2759 3209 2814 domo
3242 2768 3349 2813 tam
3376 2759 3515 2815 male

1935 2854 2181 2919 atIectus,
2231 2862 2291 2908 ut
2336 2852 2405 2908 ad
2437 2852 2724 2907 Dominum
2783 2854 2976 2907 adduci
3013 2866 3118 2906 non
3151 2861 3356 2922 posset.
3399 2850 3512 2906 Ex-

1934 2948 2176 3018 pressius
2207 2953 2385 3000 autem
2418 2946 2522 3000 hoc
2551 2943 2733 3000 Lucas
2760 2944 2999 3000 ostendit
3022 2945 3342 3014 adjungcns,
3369 2945 3510 3013 quod

1934 3050 2056 3096 erat
2095 3041 2387 3094 moriturus
2417 3039 2482 3092 ⁶⁶.
2515 3038 2694 3107 Aliqui
2727 3053 2892 3108 porro
2925 3036 3132 3104 dicunt,
3165 3051 3227 3091 ea
3259 3037 3325 3091 de
3349 3051 3512 3091 causa

1935 3133 1990 3187 in
2023 3133 2250 3203 grabato
2287 3147 2391 3185 non
2432 3129 2602 3184 fuisse
2627 3128 2996 3199 deportatum,
3031 3143 3100 3182 ne
3131 3127 3342 3182 scilicet
3369 3127 3513 3181 inter

1933 3225 2216 3280 ferendum
2268 3221 2436 3276 vitam
2488 3220 2706 3286 (iniret,
2783 3234 2905 3274 cum
2977 3229 3083 3272 tam
3143 3225 3288 3272 esset
3351 3217 3511 3300 morti

1933 3314 2166 3369 vicinus.
2222 3311 2352 3365 Mihi
2407 3325 2536 3365 vero
2588 3325 2693 3365 non
2742 3324 2806 3363 ea
2862 3323 3022 3364 causa
3081 3322 3186 3362 non
3247 3306 3511 3360 adductus

1933 3405 2102 3460 fuisse
2133 3403 2368 3465 videtur,
2405 3402 2499 3456 sed
2536 3402 2677 3470 quod
2708 3400 3004 3454 conﬁderet
3034 3397 3283 3451 centurio
3315 3397 3512 3451 absen-

1935 3505 2040 3549 tem
2083 3495 2248 3548 etiam
2301 3509 2330 3546 a
2376 3493 2602 3546 Domino
2635 3507 2792 3562 posse
2846 3491 3050 3546 sanari.
3091 3489 3245 3554 Quod
3284 3503 3348 3542 ex
3380 3487 3514 3557 ipsis

1933 3584 2050 3652 ejus
2100 3584 2279 3638 verbis
2319 3583 2661 3653 perspicuum
2717 3583 2819 3639 ﬁt:
2856 3601 2874 3634 ι
2911 3582 3005 3637 Dic
3051 3583 3240 3645 vcrbo,
3276 3590 3331 3635 et
3357 3595 3514 3635 sana-

1935 3675 2084 3732 bitur
2114 3689 2248 3744 puer
2278 3688 2452 3728 meus.
2497 3693 2515 3725 ι

2012 3880 2031 3913 ι
2067 3859 2208 3914 Dicit
2241 3858 2286 3911 ei
2319 3855 2475 3911 Jesus
2509 3873 2524 3909 :
2558 3855 2669 3925 Ego
2700 3854 2936 3917 veniam,
2971 3862 3024 3907 et
3057 3850 3260 3906 curabo
3301 3863 3446 3904 eum.
3487 3867 3507 3900 ι

1933 3953 2112 4020 Quare
2137 3961 2240 4004 tam
2266 3950 2424 4003 facile
2447 3949 2688 4010 exaudit,
2722 3955 2777 4000 et
2805 3956 2914 3998 tam
2941 3943 3122 3998 subito
3147 3941 3510 3996 valetudinem

1935 4043 2180 4108 confert,
2237 4055 2363 4094 cum
2415 4039 2468 4093 in
2500 4037 2625 4091 aliis
2655 4051 2762 4090 non
2810 4036 2882 4088 ita
2924 4032 3107 4088 facere
3152 4027 3512 4086 consuesset?

1935 4135 2147 4189 Etenim
2180 4131 2402 4187 lunatici
2439 4130 2529 4182 lilii
2562 4137 2842 4198 parentem
2889 4127 2956 4180 ad
3004 4139 3177 4196 genua
3227 4121 3514 4192 prociden-

1938 4238 2069 4290 tem,
2103 4237 2160 4281 et
2203 4225 2342 4279 male
2391 4221 2571 4277 allecti
2613 4218 2976 4275 valetudinem
3021 4217 3397 4271 obsecrantem
3437 4213 3516 4267 in-

1935 4328 2123 4389 crepat
2187 4318 2374 4386 prius,
2435 4312 2840 4383 generationem
2895 4305 3228 4364 iucredulam
3270 4313 3325 4358 et
3385 4317 3511 4372 pcr-

1936 4429 2144 4468 versam
2171 4424 2370 4464 vocans
2395 4407 2460 4460 ⁸⁷.
2494 4407 2561 4460 Ει
2588 4405 2914 4459 (Σὴαηοηεεω
2943 4413 3136 4469 magno
3163 4413 3285 4452 cum
3319 4395 3511 4451 affectu

1863 4517 1909 4573 ι)
1939 4521 2040 4576 pro
2091 4503 2200 4556 ﬁlia
2252 4498 2581 4569 supplicanti
2619 4515 2633 4550 :
2671 4514 2690 4547 ι
2729 4493 2847 4549 Non
2897 4501 3002 4558 est,
3058 4491 3263 4561 inquit,
3310 4489 3510 4544 bonum

1934 4612 2153 4654 sumere
2203 4608 2397 4664 panem
2453 4590 2724 4654 ﬁliorum,
2758 4598 2812 4642 et
2855 4589 2987 4642 dare
3033 4582 3347 4639 canibus".
3387 4599 3407 4633 ι
3452 4578 3510 4634 In

1934 4689 2182 4759 prarsenti
2207 4701 2338 4741 vero
2364 4683 2604 4740 simulac
2633 4682 2824 4746 audiit,
2857 4679 3000 4751 quod
3054 4698 3072 4730 ‹
3099 4679 3238 4732 Puer
3259 4691 3408 4730 meus
3433 4673 3510 4743 (6)

1927 4781 2074 4850 jacet
2121 4781 2173 4833 in
2221 4780 2382 4832 domo
2429 4775 2790 4845 paralyticus,
2829 4792 2848 4826 ι
2891 4771 3260 4825 valetudinem
3314 4765 3511 4819 aﬂerre

1935 4871 2246 4928 maturavit.
2291 4865 2870 4936 QuamobremiQuia
2916 4861 3177 4917 nimirum
3219 4859 3309 4927 qui
3345 4856 3510 4912 corda

1935 4975 2234 5031 scrutatur,
2278 4976 2334 5020 et
2388 4963 2635 5036 pervadit
2676 4959 2844 5014 animi
2894 4971 3127 5020 sensus,
3179 4959 3511 5023 cognoverat

1934 5070 2133 5129 quanta
2164 5057 2502 5113 centurionis
2545 5055 2678 5109 ﬁdes
2717 5060 2883 5107 esset.
2916 5048 3158 5102 Gratiam
3196 5047 3358 5117 igitur
3405 5044 3510 5100 [ide

1933 5152 2191 5218 metitur,
2230 5159 2285 5204 et
2323 5150 2658 5205 curationem
2707 5145 2888 5199 subito
2951 5142 3238 5210 pollicetur
3275 5156 3291 5193 :
3324 5145 3385 5192 ut
3433 5136 3507 5190 ita

1932 5247 2098 5302 etiam
2148 5243 2361 5314 gentilis
2416 5240 2654 5294 hominis
2707 5238 2921 5292 fervens
2968 5236 3142 5305 pietas
3182 5231 3382 5287 Iudaeis
3414 5243 3504 5286 se-

329 5371 373 5402 ⁶¹
413 5369 570 5448 «ἔφη.
613 5389 685 5438 ιν.
727 5375 758 5426 7
796 5389 961 5448 seqqt
1030 5375 1076 5407 ⁶¹
1111 5375 1247 5432 Luc.
1291 5393 1386 5444 vn,
1428 5379 1532 5446 56;
1579 5397 1632 5447 Χ,
1679 5383 1874 5438 39-43.
1952 5385 1997 5418 ”
2038 5385 2229 5438 Matth.
2278 5399 2397 5447 vm,
2441 5381 2528 5436 15.
2606 5380 2653 5410 ⁸⁵
2693 5377 2824 5434 Luc.
2866 5377 3070 5448 tv,;58,
3115 5378 3204 5433 59.
3283 5375 3327 5406 ⁸⁵
3368 5372 3500 5428 Luc.

243 5456 370 5510 vn,
413 5441 474 5497 Η
517 5459 695 5514 seqq.;
737 5441 971 5512 “11,749
1020 5461 1173 5516 seqq.
1252 5449 1298 5479 ⁸⁸
1337 5441 1469 5506 Luc.
1512 5441 1629 5517 vn,
1661 5452 1714 5504 ‘2.

1794 5454 1838 5486 "
1878 5455 2011 5510 Luc.
2051 5471 2090 5520 ι,
2138 5455 2229 5508 41.

2309 5454 2353 5485 ⁶⁸
2393 5451 2585 5506 Matth.
2629 5466 2762 5516 xm,
2809 5449 2897 5504 26.

1496 5586 1816 5646 Francisri
1851 5586 2062 5648 Scorsi
2087 5591 2273 5645 notae.

304 5700 408 5768 _(6)
469 5700 618 5768 Quod
656 5720 785 5768 puer
835 5721 1000 5760 meus.
1053 5707 1327 5774 Abruptus
1358 5707 1445 5759 hic
1469 5709 1732 5762 sensusin
1762 5707 1821 5762 C.

245 5772 513 5830 Paltorm.
555 5774 926 5833 deﬁcientibus
956 5787 1078 5846 post
1112 5772 1367 5847 βέϐληται
1392 5777 1474 5832 his
1495 5781 1552 5832 ἐν
1577 5781 1641 5830 τῆ
1680 5778 1827 5831 οἰκία

1935 5706 2331 5778 παραλυτικὸς.
2402 5707 2494 5778 καὶ
2551 5707 2688 5777 πρὸς
2725 5705 2826 5776 τὴν
2854 5703 3152 5776 θεραπείαν
3201 5702 3500 5773 ἐπείγεται,

1935 5794 2053 5843 qua:
2077 5777 2174 5848 legi
2210 5779 2260 5832 in
2293 5777 2433 5845 Gali.
