3974 6220
536 304 640 371 831

1731 315 2145 375 TIIEOPHAN
2154 315 2226 375 IS
2258 314 2348 375 ΟΕ
2358 314 2596 375 RAMEI
3610 325 3690 390 832

538 424 835 490 quentibus
861 422 1265 479 ostenderetur.
1296 424 1491 481 Statim
1514 428 1657 482 enim
1684 444 1749 483 ac
1771 428 2109 484 Salvatorem

2215 431 2452 501 γοργῶς,
2510 432 2588 495 ὼς
2645 430 2713 485 ἂν
2777 431 2810 500 ἡ
2846 429 3107 500 διάπυρος
3140 430 3380 486 εὐλάϐεια
3415 434 3497 489 τοῦ
3526 436 3690 497 Nummi

537 515 680 567 viam
733 514 1034 582 ingressum
1081 514 1236 578 vidit,
1288 515 1480 572 timore
1527 517 1814 586 perculsus
1867 533 1932 572 ac
1977 533 2110 572 con-

538 615 812 659 sternatus
837 614 981 671 erat,
1007 607 1152 675 quod
1180 607 1401 663 domum
1432 623 1584 664 suam
1616 620 1759 669 esset
1778 620 2108 681 excepturus

539 695 728 760 Deum,
757 699 835 761 ζει
860 697 938 750 ait
959 713 975 750 :

613 893 634 927 ι
671 874 930 942 Domine,
963 891 1066 930 non
1099 891 1217 933 sum
1256 878 1469 948 dignus,
1496 890 1556 935 ut
1584 881 1755 937 intres
1779 883 1881 938 sub
1910 892 2106 938 tectum

535 983 742 1032 meum,
774 968 869 1023 sed
899 970 986 1024 die
1017 970 1205 1035 verbo,
1230 981 1285 1027 et
1309 973 1592 1028 sanabitur
1615 989 1750 1044 puer
1777 990 1950 1029 meus.
1973 976 2106 1029 Nam

538 1070 591 1115 et
620 1074 721 1125 ego
754 1061 917 1114 homo
947 1077 1065 1116 sum
1095 1062 1197 1116 sub
1227 1073 1499 1132 potestate
1530 1067 1859 1122 constitutus
1905 1068 2110 1121 habens

537 1153 640 1207 sub
673 1167 759 1207 me
804 1152 1038 1217 milites,
1089 1162 1144 1208 et
1196 1155 1319 1210 dico
1365 1154 1728 1221 huie:Vade,
1760 1166 1814 1212 et
1843 1158 2008 1223 vadit,
2056 1167 2111 1212 et

537 1244 626 1299 alii
656 1263 673 1301 :
711 1244 867 1311 Veni,
892 1254 946 1299 et
986 1246 1154 1308 venit.
1198 1254 1252 1301 et
1290 1262 1448 1302 servo
1481 1264 1622 1314 meo,
1658 1250 1816 1319 311
1849 1249 1956 1305 Fac
1985 1251 2107 1313 hoe,

538 1345 594 1390 et
632 1335 786 1391 facit.
822 1354 842 1387 ›
877 1336 1029 1402 Quod
1060 1332 1182 1399 ait,‘
1205 1337 1310 1393 tale
1338 1350 1460 1394 est:
1492 1337 1549 1393 Si
1578 1354 1699 1407 ego,
1731 1342 1820 1409 qui
1853 1340 1954 1394 sub
1997 1339 2111 1396 Cte-

539 1439 664 1479 sare
705 1441 909 1488 mereo,
940 1435 996 1480 et
1027 1426 1144 1493 ejus
1185 1428 1355 1497 jussis
1402 1428 1740 1498 obtempero,
1785 1430 1901 1484 solo
1934 1442 2108 1484 tamen

540 1516 685 1571 dicto
729 1517 992 1572 militibus
1034 1519 1241 1588 impero
1281 1520 1411 1574 mihi
1439 1521 1722 1590 subjectis,
1756 1522 1830 1575 ita
1866 1532 1925 1575 ut
1954 1537 2111 1576 nemo

541 1608 819 1675 resistere,
844 1611 1004 1664 simul
1032 1626 1097 1665 ae
1123 1611 1305 1679 procul
1337 1613 1659 1667 amandatus
1682 1621 1784 1677 est,
1811 1629 1984 1682 neque
2004 1629 2108 1667 non

424 1744 437 1753 .
538 1697 799 1753 accedere
869 1710 1093 1754 vocatus
1135 1701 1352 1765 audeat,
1407 1704 1678 1771 quomodo
1727 1704 1815 1773 qui
1875 1706 1976 1760 sub
2018 1722 2111 1776 po-

540 1796 736 1844 testate
762 1805 869 1844 non
900 1806 982 1851 es,
1023 1790 1119 1844 sed
1168 1792 1384 1860 pr0pria
1415 1809 1480 1849 ac
1515 1795 1872 1848 dominalrice
1897 1797 2113 1852 deitatis

538 1880 743 1934 virtute
771 1880 981 1948 pollens
1016 1886 1198 1937 omnia
1252 1895 1382 1938 nutu
1440 1900 1642 1949 moves,
1697 1902 1803 1941 non
1850 1888 2116 1958 imperare

539 1973 747 2038 passis,
778 1972 825 2026 si
866 1973 1022 2037 velis,
1057 1985 1110 2028 et
1139 1977 1321 2029 statim
1359 1992 1489 2046 puer
1518 1980 1963 2049 sanabiturjussu
1989 1983 2117 2037 tuo?

542 2061 698 2128 Quod
727 2076 860 2118 vero
902 2078 1012 2118 non
1058 2067 1124 2118 ad
1176 2068 1597 2123 assentationem
1642 2072 1800 2125 verba
1844 2073 2119 2127 consarci-

542 2163 722 2219 naret,
785 2168 961 2223 neque
1013 2156 1259 2211 illiberali
1310 2161 1542 2226 quadam
1603 2162 1914 2217 adulatione
1958 2165 2115 2220 vellet

541 2238 842 2308 imponere,
880 2243 1251 2298 testimonium
1285 2249 1560 2312 perhibuit
1589 2250 1662 2304 illi
1696 2250 1967 2321 Salvator,
1990 2271 2114 2309 cum

541 2326 702 2381 ﬁdem
743 2328 863 2398 ejus
902 2332 1066 2386 totius
1093 2331 1310 2389 lsraelis
1342 2338 1446 2391 lide
1476 2337 1769 2395 ﬁrmiorem
1796 2358 1915 2397 esse
1958 2345 2113 2411 dixit,

541 2432 609 2472 ac
643 2419 829 2473 statim
868 2412 1158 2490 adjnnxit:
1200 2442 1219 2475 ‹
1255 2424 1410 2480 Sicut
1457 2430 1763 2493 credidisti,
1800 2433 1891 2486 ﬁat
1931 2435 2049 2491 tibi.
2089 2455 2111 2491 ι

544 2506 767 2565 Scierat
808 2526 969 2580 porro
1006 2513 1124 2568 illas
1176 2531 1296 2572 esse
1340 2533 1528 2574 sacras
1571 2522 1841 2591 primitias
1872 2526 2113 2593 gentium

541 2615 643 2670 per
671 2602 1030 2674 Evangeliutn
1064 2618 1375 2664 vocatarum
1408 2628 1423 2666 :
1457 2623 1511 2667 et
1547 2629 1642 2683 per
1669 2615 1812 2670 hunc
1842 2620 2117 2673 centurio-

544 2701 665 2741 nem
724 2692 1016 2758 providens
1063 2694 1316 2751 Salvator
1367 2714 1460 2754 eas
1513 2718 1630 2770 qum
1662 2704 1727 2758 ad
1766 2721 1825 2761 se
1877 2719 2117 2764 venturae

540 2785 748 2840 essent,
782 2779 1052 2846 praedicit,
1082 2785 1225 2852 quod
1263 2797 1381 2841 erat
1418 2788 1657 2846 flaturum
1692 2809 1707 2847 :
1736 2796 1875 2861 quod
1909 2816 1929 2849 ι
1965 2796 2116 2854 Multi

543 2862 612 2918 ab
638 2864 850 2923 oriente
881 2880 935 2924 et
962 2873 1245 2928 occidente
1282 2878 1521 2944 venient,
1563 2892 1617 2935 et
1647 2886 1963 2941 recumbent
1992 2904 2114 2945 cum

543 2956 846 3024 Abraham,
884 2972 937 3016 et
972 2961 1150 3028 Isaac.
1186 2977 1235 3019 et
1265 2965 1433 3022 Jacob
1486 2973 1540 3025 in
1571 2987 1737 3041 regno
1766 2979 2051 3038 cmlorum.
2090 2998 2110 3033 ι

543 3048 812 3114 Quoniam
854 3057 999 3109 enim
1031 3066 1237 3113 tantam
1273 3061 1326 3114 in
1364 3060 1528 3118 lsrael
1559 3081 1663 3120 non
1696 3068 1901 3125 invenit
1933 3073 2087 3129 ﬁdem

545 3143 690 3210 quod
724 3144 991 3214 reliquum
1046 3159 1198 3216 erat,
1244 3167 1274 3205 a
1331 3163 1596 3211 terrarum
1644 3158 1843 3218 ﬁnibus
1888 3166 2117 3224 advocat

543 3242 735 3300 gentes
767 3250 783 3287 :
826 3245 880 3289 et
912 3236 1159 3307 ingratus
1192 3242 1410 3313 quidem
1446 3250 1673 3316 populus
1706 3251 1773 3306 ab
1802 3253 1921 3323 ejus
1956 3256 2117 3313 fami-

543 3324 781 3382 liaritate
806 3330 1085 3398 sejnnetus
1117 3345 1229 3404 est;
1267 3339 1451 3395 ascitas
1481 3357 1608 3399 vero
1649 3358 1777 3401 sunt
1821 3360 2010 3418 gentes
2048 3369 2116 3409 ex

547 3417 651 3471 [ide
676 3418 1012 3487 justilicatae.
1047 3426 1099 3480 ld
1127 3430 1274 3483 enim
1298 3432 1462 3486 etiam
1488 3433 1540 3487 in
1560 3450 1722 3492 causa
1743 3417 1844 3505 est,
1875 3457 1972 3496 cur
1994 3461 2113 3499 cum

542 3508 858 3566 Abrahatno
894 3517 1234 3575 recnbituras
1263 3532 1452 3590 gentes
1486 3527 1639 3593 dicit,
1683 3532 1824 3600 quod
1859 3536 2114 3591 nimirum

546 3597 694 3654 illius
728 3603 1056 3671 patriarcha:
1088 3610 1246 3666 ﬁdem
1295 3616 1531 3670 renudati
1585 3597 1790 3677 essent.
1839 3624 1942 3692 Qui
1986 3644 2118 3684 vero

544 3689 645 3790 ﬁlii
695 3695 1049 3762 vocabantur,
1087 3716 1154 3755 ex
1203 3717 1362 3775 gente
1405 3706 1714 3765 Judaaorum
1767 3689 1923 3780 dico.
1958 3737 1978 3769 ι
2014 3721 2117 3790 eji-

546 3781 762 3839 cientur
794 3785 850 3841 in
890 3791 1141 3849 tenebras
1196 3799 1524 3865 exteriores;
1581 3802 1653 3857 ibi
1700 3807 1805 3861 erit
1852 3806 2007 3864 ﬁetus
2044 3781 2118 3867 vet

542 3873 746 3931 stridor
771 3878 1015 3935 dentium
1042 3884 1108 3938 “.
1145 3903 1164 3937 ι
1214 3886 1536 3957 Ejicientur,
1573 3894 1769 3966 inquit,
1816 3915 1882 3954 ex
1928 3918 2117 3974 regno,

542 3967 880 4038 repellentur
905 3989 971 4029 ex
1003 3979 1333 4049 sacerdotio,
1383 3994 1438 4040 et
1484 4001 1514 4039 a
1562 3989 1733 4043 sacris
1780 3992 1915 4061 ipsis
1962 3967 2116 4066 locis,

543 4078 600 4124 et
632 4070 896 4165 legalibus
921 4078 1211 4135 sacriﬁciis
1239 4081 1439 4152 quibus
1465 4090 1707 4142 consueti
1738 4101 1893 4145 erant
1921 4110 1937 4147 :
1970 4095 2121 4165 igno-

542 4162 738 4217 rantiae
767 4179 895 4221 vero
930 4170 1183 4227 tenebras
1230 4186 1329 4240 pro
1373 4175 1555 4230 divina
1597 4178 1741 4243 luce,
1771 4191 1825 4235 et
1859 4162 2116 4251 eiulatum

542 4252 881 4346 pwnitentiaz
926 4273 1025 4328 pro
1074 4263 1274 4331 gaudio
1305 4280 1369 4321 ex
1423 4265 1516 4322 Dei
1567 4269 1947 4338 conjunctione
1992 4292 2120 4346 pro-

542 4340 690 4398 fecto
722 4350 1172 4418 commutabunt;
1206 4367 1262 4409 et
1308 4358 1578 4414 incassum
1627 4362 1882 4420 dentibus
1922 4340 2117 4425 animas

546 4439 803 4498 frendent
833 4444 1047 4504 divinas
1078 4452 1267 4520 epulas
1301 4457 1623 4513 esurientes.
1657 4459 1826 4516 Porro
1870 4466 2120 4522 tenebra-

546 4548 669 4589 rum
711 4538 1044 4594 exteriorum
1086 4547 1305 4600 nomine
1339 4549 1518 4605 futura
1562 4565 1908 4622 peccatorum
1959 4574 2117 4628 pmna

545 4631 812 4704 signatur,
847 4639 1101 4705 quoniam
1156 4643 1395 4701 futurum
1446 4660 1561 4717 est,
1613 4664 1673 4707 ut
1722 4654 1922 4724 duplex
1980 4658 2121 4728 ignis

543 4732 795 4796 operatio
834 4733 910 4805 (7)
957 4742 1085 4791 tunc
1137 4739 1429 4806 dividatur,
1479 4744 1721 4813 etjustis
1763 4750 1982 4819 quidem
2030 4752 2120 4808 lux

541 4833 678 4889 pura
720 4834 773 4877 et
801 4839 997 4894 expers
1022 4828 1299 4897 qualitatis
1330 4834 1521 4889 ustivae
1554 4837 1826 4905 reddatur,
1853 4841 2113 4909 improbis

541 4925 672 4965 vero
696 4916 953 4985 quidquid
982 4922 1172 4976 urendi
1207 4923 1311 4977 vim
1338 4925 1500 4980 habet
1550 4937 1605 4982 et
1634 4930 1752 4985 luce
1771 4947 1982 4987 cassum
2009 4946 2115 5001 est,

543 5001 835 5062 tribuatur.
892 5009 1071 5080 Atque
1126 5015 1208 5070 lue
1257 5018 1474 5086 quidem
1536 5022 1771 5078 tenebrae
1815 5026 2116 5082 exteriores

543 5095 819 5161 dicuntur,
870 5101 952 5155 vel
1004 5103 1340 5163 interiores:
1384 5112 1584 5166 etenim
1636 5125 1690 5168 et
1748 5115 1837 5169 hic
1879 5117 2024 5173 velut
2065 5120 2116 5173 in

614 5240 662 5275 "
693 5240 882 5297 Matth.
919 5261 1036 5311 vm,
1068 5247 1155 5301 12.

2209 524 2324 584 τοῖς
2355 523 2649 591 ἑπομένοις
2684 521 2962 584 Ἰουδαίοις
3015 521 3221 592 δειχθῇ.
3262 521 3431 594 Ὀμοῦ-
3473 528 3565 596 γὰρ
3611 527 3691 586 εἶδε

2208 613 2300 666 τὸν
2340 614 2569 685 ἃστῆρα
2608 615 2708 684 τὴν
2733 614 2964 686 πορείαν
3014 614 3345 684 ὁρμήσαντα,
3371 619 3457 671 καὶ
3493 623 3694 694 περιδεὴς

2210 704 2521 773 γενόμενος,
2546 704 2906 776 κατεπτηχὼς
2950 702 3021 779 ἦν
3060 708 3196 761 οἶκοι
3227 709 3352 762 Θεὸν
3382 711 3695 780 ὐποδέξασθαι,

2210 794 2303 849 καί
2336 812 2470 867 φησι
2487 811 2506 829 ο

2287 907 2307 940 ι
2349 889 2543 959 Κύριε,
2571 890 2672 944 οὐκ
2692 891 2813 961 είμὶ
2837 891 3043 956 ἱκανὸς,
3074 893 3162 948 ἵνα
3195 911 3293 965 μου
3323 896 3419 948 ὑπὸ
3436 897 3523 967 τὴν
3546 899 3700 970 στέγην

2211 979 2480 1052 εἰσέλθῃς,
2539 981 2656 1035 ἀλλ’
2686 982 2808 1035 εἰπὲ
2859 982 3041 1052 λόγον,
3110 984 3206 1038 καὶ
3263 985 3524 1055 ἰαθήσεται
3553 989 3577 1041 6
3602 992 3700 1055 παῖς

2215 1090 2337 1142 μου.
2365 1074 2476 1127 Καὶ
2506 1075 2615 1145 γὰρ
2633 1073 2745 1142 ἐγώ
2771 1075 3059 1147 ἄνθρωπός
3079 1077 3194 1147 είμι
3217 1076 3305 1129 ὑπ’
3329 1076 3548 1144 ἐξουσίαν
3598 1080 3701 1150 ἔχων

2211 1164 2454 1231 ὲμαυτοῦ
2516 1165 2882 1234 στρατιώτας,
2927 1168 3023 1222 καὶ
3071 1168 3215 1237 λέγω
3268 1171 3460 1241 τούτῳ·
3491 1173 3699 1242 Πορεύου,

2212 1257 2308 1308 καὶ⁸
2367 1255 2702 1326 πορεύεταιο
2736 1258 2832 1311 καὶ
2882 1258 3028 1330 ἄλλῳ
3055 1276 3070 1291 ’
3112 1261 3332 1332 Ἔρχου,
3384 1265 3469 1316 καὶ
3514 1265 3701 1334 ἔρχεται,

2213 1348 2309 1402 καὶ
2337 1348 2415 1419 τῷ
2451 1349 2622 1420 δούλῳ
2659 1368 2762 1420 μου
2785 1369 2802 1383 ο
2828 1351 3066 1422 Ποίησον
3100 1353 3282 1416 τοῦτο,
3313 1354 3401 1407 καὶ
3441 1359 3583 1410 ποιεῖ.
3611 1377 3626 1410 ι
3657 1361 3703 1413 '0

2211 1438 2361 1505 λέγει
2393 1437 2634 1493 τοιοῦτόν
2658 1442 2808 1494 ἐστιν
2828 1458 2842 1472 ο
2875 1442 2938 1494 El
2962 1440 3099 1509 ἐγὼ,
3124 1443 3202 1511 τῷ
3226 1442 3455 1513 Καίσαρι
3472 1450 3704 1515 στρατιώ-

2217 1546 2396 1600 μενος,
2429 1531 2524 1583 καὶ
2556 1535 2670 1593 τοῖς
2707 1532 2919 1586 ἐκείνου
2950 1532 3118 1587 εἴκων
3165 1537 3569 1605 προστάγμασιν,
3593 1538 3704 1606 ὅμως

2211 1622 2338 1683 τοὺς
2397 1621 2490 1675 ὑπ’
2518 1623 2617 1691 ἐμὲ
2657 1624 2995 1693 στρατιώτας
3056 1625 3347 1679 ὑποτάσσω
3395 1627 3526 1696 μόνῳ
3552 1628 3616 1697 τῷ
3636 1631 3704 1697 ῥή-

2220 1729 2370 1783 ματι,
2392 1712 2468 1776 ώς
2501 1714 2638 1783 μήτε
2676 1715 2770 1767 τὸν
2808 1716 3389 1787 ἀποδιοπομπούμενον
3437 1724 3592 1787 μεῖναι
3614 1720 3706 1790 θαρ-

2218 1805 2351 1875 ῥεῖν,
2382 1805 2520 1876 μήτε
2548 1805 2644 1859 τὸν
2696 1806 3031 1877 καλούμενον
3063 1808 3188 1877 οὐχὶ
3217 1809 3535 1879 προσελθεῖν,
3575 1811 3708 1873 afﬂigi

2219 1897 2293 1967 μὴ
2344 1898 2435 1950 ὑπ’
2480 1898 2732 1965 ἐξουσίαν
2774 1900 2948 1954 τελῶν
2974 1944 2990 1966 ,
3047 1901 3167 1955 ἀλλ’
3206 1902 3484 1973 αύθεντικῇ
3537 1905 3705 1973 δυνάμει

2215 1990 2471 2060 θεότητος
2498 1993 2674 2048 πάντα
2706 1996 2889 2065 φέρων
2908 1995 2986 2067 τῷ
3006 1996 3263 2066 νεύματι,
3293 1998 3392 2051 οὐκ
3414 1998 3473 2051 ἂν
3496 1998 3708 2071 ὲπιτὰξης

2217 2083 2579 2154 βουλόμενος,
2615 2085 2711 2139 καὶ
2743 2088 2772 2139 ὁ
2800 2089 2932 2151 παῖς
2979 2087 3218 2159 ρωσθείη
3267 2089 3343 2158 τῷ
3399 2084 3705 2159 ὲπιτάγμᾶτις

2216 2175 2341 2229 Ὀτι
2366 2175 2424 2229 δὲ
2452 2175 2512 2228 οὐ
2542 2176 2903 2242 θωπευτικῶς
2958 2181 2994 2232 δ’
3044 2179 3206 2248 λόγος
3245 2179 3390 2253 αὐτῷ
3428 2181 3706 2243 ὲκεκὰττυτο.

2213 2267 2333 2321 οὐδὲ
2387 2268 2484 2339 τῆς
2551 2268 2847 2332 κολακείας
2911 2270 3271 2343 ἀνελευθερίᾳ
3343 2272 3704 2341 ὲκεκισδήλωτο,

2215 2362 2669 2432 ὲμεμαρτυρήκει
2697 2362 2845 2433 αὐτῷ
2872 2365 2901 2416 ὁ
2931 2364 3159 2434 Σωτὴρ,
3191 2364 3390 2428 παντὸς
3429 2364 3515 2418 τοῦ
3546 2365 3709 2434 Ἰσραὴλ

2213 2453 2314 2525 τὴν
2358 2452 2525 2507 αὐτοῦ
2585 2453 2771 2507 πίστιν
2831 2454 3192 2525 βεδαιοτέραν
3265 2454 3466 2518 τιθεὶς,
3507 2457 3584 2507 καὶ
3625 2454 3707 2522 ἅμα

2216 2545 2474 2617 προσθείς
2494 2561 2507 2574 ·
2539 2563 2559 2597 ι
2600 2545 2692 2609 Ὠς
2717 2545 3069 2608 ἐπίστευσας,
3104 2546 3389 2617 γενηθήτω
3433 2562 3526 2601 σοι.
3557 2563 3575 2596 ι
3601 2546 3710 2616 ᾝδιι

2214 2638 2271 2692 δὲ
2304 2637 2375 2690 τὰ
2406 2637 2717 2709 πρωτόλεια
2770 2637 2872 2706 τῆς
2919 2637 3011 2691 διά
3040 2637 3142 2691 τοῦ
3192 2637 3510 2707 Εὐαγγελίου
3528 2637 3711 2707 κλήσεως

2215 2727 2323 2780 τῶν
2347 2724 2519 2780 ἐθνῶν
2573 2725 2662 2779 διά
2708 2724 2865 2779 τοῦδε
2920 2726 3014 2779 τοῦ
3046 2726 3448 2798 ἑκατοντάρχου
3477 2724 3711 2796 προορῶνὸ

2214 2818 2404 2889 Σωτὴρ
2456 2817 2851 2890 προσαγόμενα
2873 2859 2889 2884 ,
2955 2817 3221 2888 προλέγει
3281 2818 3343 2872 τὸ
3411 2817 3613 2889 μέλλον,
3654 2816 3711 2869 ὅτι

2220 2925 2240 2959 ι
2277 2907 2469 2961 Πολλοὶ
2515 2908 2624 2960 ἀπὸ
2682 2906 2956 2961 ἀνατολῶν
3028 2908 3127 2961 καὶ
3180 2907 3398 2979 δυσμῶν
3445 2907 3625 2978 ἥξουσι,
3646 2906 3712 2958 καὶ

2215 2998 2671 3069 ἀνακλιθήσονται
2733 2999 2873 3069 μετά
2923 2998 3221 3072 Ἀϐραὰμ,
3284 3001 3378 3054 καὶ
3432 3000 3610 3063 Ἰσαὰκ,
3646 2999 3712 3051 καὶ

2097 3120 2111 3142 ν
2143 3088 2183 3141 C
2229 3091 2425 3145 Ἰακὼὸ
2461 3093 2518 3144 ὲν
2549 3093 2615 3161 τῇ
2653 3091 2902 3162 βασιλείᾳ
2929 3091 3038 3145 τῶν
3061 3092 3337 3161 οὐρανῶν.
3369 3112 3387 3146 ι
3429 3091 3615 3163 Ἐπειδὴ
3636 3090 3711 3158 γὰρ

2217 3185 2277 3238 οὐ
2305 3183 2571 3253 τοσαύτην
2599 3175 2724 3255 εὗρε
2758 3183 2942 3237 πίστιν
2980 3185 3039 3238 ὲν
3067 3184 3153 3255 τῷ
3196 3184 3429 3257 Ἰσραὴλ,
3453 3182 3712 3256 προσκαλεῖ-

2216 3294 2306 3330 ται
2340 3277 2528 3329 λοιπὸν
2558 3276 2627 3329 τά
2656 3275 2787 3345 ἔθνη
2817 3274 2928 3330 ἀπὸ
2952 3275 3063 3329 τῶν
3097 3277 3354 3348 περάτων
3384 3277 3476 3347 τῆς
3504 3278 3607 3346 γῆς,
3646 3274 3713 3328 καὶ

2218 3371 2246 3422 ό
2273 3370 2372 3435 μὲν
2399 3366 2670 3438 ἀγνώμων
2709 3366 2838 3430 λαὸς
2873 3369 3296 3440 ἀποπεφοίτηκε
3325 3372 3420 3439 τῆς
3453 3369 3573 3440 πρὸς
3595 3365 3713 3419 αὑτὸν

2217 3461 2571 3530 οἰκειότητος,
2599 3459 2957 3530 ἀντεισῆκται
2993 3460 3050 3514 δὲ
3085 3461 3159 3514 τὰ
3197 3460 3324 3533 ἔθνη
3355 3459 3713 3516 δικαιωθένταέκ

2218 3553 2478 3614 πίστεως.
2524 3550 2625 3604 Διά
2664 3549 2826 3604 τοῦτο
2877 3552 2988 3621 γὰρ
3054 3553 3152 3606 καὶ
3184 3553 3324 3623 μετά
3352 3551 3584 3622 ’Δύραὰμ
3608 3550 3714 3613 λέγει

2219 3643 2681 3714 ἁνακλιθήσεσθαι
2705 3643 2928 3708 αὐτοὺς.
2948 3645 3023 3707 ὡς
3046 3645 3150 3714 τὴν
3183 3644 3278 3700 τοῦ
3307 3644 3614 3716 πατριάρχου
3650 3637 3715 3690 πί-

2220 3755 2337 3789 στιν
2366 3734 2739 3806 ζηλώσαντας.
2759 3735 2823 3787 Οί
2840 3736 2896 3789 δὲ
2914 3735 3211 3805 κληθέντες
3228 3738 3352 3803 υίοὶ,
3375 3738 3421 3789 οἱ
3447 3731 3717 3799 ὲξἸουδαίωθ

2220 3828 2386 3898 φημὶ,
2432 3847 2451 3879 ι
2486 3826 2914 3898 ἐκϐληθήσονται
2939 3829 3019 3891 εἰς
3049 3827 3111 3880 τδ
3152 3829 3343 3893 σκότος
3377 3828 3433 3882 τδ
3463 3827 3706 3894 ἐξώτερον*

2220 3894 2337 3970 ἐκεῖ
2364 3913 2518 3968 ἔσται
2536 3914 2564 3967 ὁ
2590 3894 2867 3984 κλαυθμὸς
2903 3917 2997 3968 καὶ
3031 3918 3061 3968 ὁ
3087 3916 3339 3988 βρυγμὸς
3360 3916 3460 3972 τῶν
3474 3916 3711 3970 ὀδόντων.»

2220 4006 2705 4077 Ἐκϐληθήσονται,
2740 4008 2895 4077 φησὶ,
2930 4007 3030 4076 τῆς
3064 4008 3370 4076 βασιλείας,
3390 4007 3713 4075 ὲξωσθήσοντιι

2219 4101 2277 4156 δὲ
2305 4103 2399 4154 καὶ
2429 4100 2531 4169 τῆς
2558 4099 2886 4170 ἱερωσύνης,
2921 4103 3016 4155 καὶ
3044 4102 3230 4157 αὐτῶν
3261 4103 3326 4172 δὴ
3353 4103 3456 4155 τῶν
3492 4098 3627 4170 ἱερῶν
3653 4094 3715 4148 τός

2221 4216 2361 4262 πων,
2388 4196 2493 4250 ,καὶ
2543 4195 2655 4248 τῶν
2686 4195 2745 4262 se
2788 4196 2944 4261 ἔθους
2979 4198 3227 4266 νομικῶν
3273 4196 3495 4251 θυσιῶν
3519 4189 3714 4248 ἀνταλλά-

2224 4288 2409 4355 ξονται
2435 4287 2493 4340 δὲ
2523 4286 2619 4340 καὶ
2647 4286 2710 4339 τὸ
2734 4286 2838 4357 τῆς
2889 4286 3115 4355 ἀγνοίας
3150 4289 3344 4353 σκότος
3374 4286 3488 4342 ἀντὶ
3515 4282 3593 4339 τοῦ
3613 4279 3715 4334 θείου

2152 4375 2671 4469 1“"“"°""°“"b"
2705 4377 2771 4431 ἐκ
2803 4376 3172 4447 μεταμελείας
3202 4378 3469 4448 κλαυθμὸν
3510 4373 3613 4469 ἀντῖ
3648 4368 3716 4469 τ’Ῑς

2222 4475 2369 4555 μετά
2398 4470 2534 4526 Θεοῦ
2570 4470 2876 4541 χαρμονῆς.
2906 4473 3002 4536 El;
3025 4473 3188 4527 κενόν
3217 4491 3276 4528 τε
3315 4474 3439 4537 τοὺς
3461 4472 3552 4542 τῆς
3588 4464 3715 4535 ψυχῆς

2219 4572 2511 4646 βρύξουσιν
2560 4566 2809 4629 ὁὸόντας,
2852 4563 3224 4634 λιμώττοντες
3260 4565 3411 4629 θείας
3439 4556 3714 4635 τροφῆς.λὲ

2216 4682 2378 4735 γεται
2402 4663 2460 4716 δὲ
2479 4664 2512 4732 ἡ
2543 4659 2815 4731 μέλλουσα
2836 4656 2947 4711 τῶν
2973 4656 3325 4727 ἁμαρτωλῶν
3344 4655 3565 4727 τιμωρία
3580 4649 3715 4706 σκότος

2219 4754 2503 4822 ἐξώτερον,
2531 4749 2720 4819 ἐπειδὴ
2753 4747 2939 4819 μέλλει
2965 4740 3057 4800 τοῦ
3082 4747 3258 4818 πυρὸς
3284 4750 3316 4817 ἡ
3350 4745 3493 4815 διττὴ
3516 4743 3712 4808 ἐνέργεια

2219 4847 2339 4901 τότε
2366 4840 2834 4914 διαιρεθήσεσθαι,
2865 4840 2961 4894 καὶ
3014 4840 3128 4902 τοῖς
3161 4840 3262 4908 μὲν
3289 4838 3510 4898 δικαίοις
3533 4824 3714 4898 ulla?»

2223 4935 2563 5004 ἀποδοθῆναι
2594 4933 2656 4986 τὸ
2677 4931 2813 5002 φῶς,
2838 4931 2932 4985 καὶ
2956 4930 3231 5001 ἀμέτοχον
3254 4930 3524 4999 ποιότητος
3543 4933 3713 4978 καυστι-

2227 5028 2352 5098 κῆς,
2402 5030 2517 5089 τοῖς
2567 5026 2625 5079 δὲ
2675 5022 2905 5093 φαύλοις
2959 5021 3358 5093 διανεμηθῆναι
3400 5020 3458 5072 τὸ
3487 5007 3715 5071 καυστικδν

2226 5123 2323 5175 καὶ
2356 5120 2590 5192 ἄμοιρον
2645 5116 2740 5171 τοῦ
2784 5116 3134 5186 φωτίζοντος.
3162 5114 3337 5168 Τοῦτο
3367 5113 3487 5182 γοῦν
3504 5110 3558 5164 τὸ
3577 5103 3713 5160 σκότος

1771 5350 2091 5412 Francisci
2124 5351 2335 5414 Scorsi
2377 5356 2565 5413 noue.

614 5464 691 5529 (7)
717 5465 920 5534 Duplex
941 5466 1074 5534 ignis
1097 5471 1354 5532 operatio.
1384 5471 1458 5525 Ex
1492 5471 1593 5525 hoc
1617 5474 1737 5527 loco
1761 5476 1895 5530 satis
1932 5484 2116 5535 aperte

543 5535 814 5608 colligitur
846 5539 1019 5601 ignem
1041 5553 1159 5608 quo
1188 5549 1504 5608 torquentur
1532 5542 1686 5597 inferi
1710 5560 1832 5598 esse
1862 5547 2115 5599 materia-

544 5603 761 5678 lenrex
817 5607 1085 5678 sententia
1138 5603 1527 5678 hujus‘l’atris;
1564 5612 1652 5666 illa
1676 5614 2116 5668 enimdistiuctio

544 5671 777 5751 duplicis
832 5677 1163 5751 operationis
1208 5671 1375 5745 'ignis
1414 5671 1537 5751 non
1597 5692 1774 5747 potest
1839 5685 1941 5738 nisi
2008 5686 2114 5751 igni

549 5741 733 5796 sensili
782 5755 832 5797 et
871 5741 1147 5801 ‘matcriali
1201 5741 1507 5803 convenire.
1570 5741 1724 5816 Quod
1751 5768 1847 5809 nos
1879 5741 2119 5821 pluribus

2222 5475 2629 5551 disputavimqu
2668 5473 2757 5551 ad_
2778 5472 2944 5551 _hom_..
2986 5471 3299 5551 8,_qu§!_{_est
3327 5469 3389 5551 tl};
3407 5454 3713 5551 lellenﬂﬂ:

2224 5529 2353 5599 zar'o
2421 5555 2536 5599 not.
2564 5541 2652 5609 l6,
2705 5543 2793 5597 ubi
2813 5555 2887 5617 Aet
2912 5543 2971 5597 ι).
3029 5529 3294 5617 'Basiliiet
3316 5539 3524 5617 aliorum

2225 5595 2583 5668 auctoritates
2610 5595 2974 5677 contulimus,
3018 5595 3105 5682 qui
3152 5610 3340 5664 eodem
3401 5602 3543 5659 modo
3563 5600 3615 5652 dc
3645 5595 3713 5682 ξιξ(

2225 5663 2583 5752 ἰέὴὶῖὶόὦὶῐ.
2636 5663 3000 5740 ἰἱιίίιέἐότιὶίη
3024 5663 3220 5738 Ὶειῑειιι
3272 5692 3425 5734 verus
3446 5682 3610 5730 sensus
3639 5663 3709 5717 eh-

2220 5755 2386 5808 citur.
