3974 6220
264 278 375 341 83‘}

1607 276 1769 338 IlOM
1783 275 1934 336 lLIA
1996 273 2201 335 XLIV.

3415 264 3523 331 831

263 388 533 459 ἑξὼτερον
565 385 809 455 λέγεται,
838 386 872 457 ἢ
901 383 1171 458 ἐσώτερον
1204 402 1218 418 ·
1254 387 1351 441 καὶ
1395 388 1503 459 γὰρ
1543 388 1848 449 κάνταῦθα,

1975 384 2196 439 .enebris
2228 379 2414 434 vivont
2453 375 2706 448 improbi,
2743 377 2838 434 sed
2865 377 3052 433 subest
3083 375 3188 431 illis
3214 376 3377 448 312
3412 391 3533 446 pm-

262 478 341 542 ὡς
361 479 421 531 ἑν
452 475 637 530 σκότει
692 473 903 546 βιοῦσιν
933 477 983 528 οἱ
1023 475 1377 548 φαυλόεργοι,
1418 477 1531 529 ἀλλ’
1562 477 1712 530 ἑστιν
1748 478 1848 530 αὒ-

265 575 381 636 τοῖς
410 574 445 644 ἡ
475 572 579 641 τῆς
615 570 906 641 μετανοίας
933 571 1113 635 ἑλπίς.
1137 571 1288 624 Ἐκεῖ
1313 570 1370 626 δὲ
1398 571 1460 624 τὸ
1492 572 1686 635 σκότος
1713 569 1851 636 ἐξώ-

264 683 429 736 τερον
459 665 706 732 λέγεται,
735 664 833 717 καὶ
860 664 1077 732 γίνεται
1103 663 1193 717 διά
1222 664 1281 718 τὸ
1317 663 1664 720 ἁνὲλπιστον.
1688 663 1852 717 Ἀλλά

267 774 337 828 με
365 756 724 828 παρέδραμεν
753 755 1134 821 ἀνεξέταστον,
1155 755 1208 808 τί
1236 755 1438 826 δήποτε
1470 755 1849 826 ὀὲκατὸνταρ-

263 869 359 923 χος
407 849 709 920 πεπραχὼς
733 848 993 902 τοσούτου
1030 850 1252 903 ἐπαίνου
1288 848 1606 919 τετύχηκεν,
1626 850 1701 913 ὡς
1730 851 1854 903 θαυ-

220 961 243 977 ο
271 944 535 1011 μάσαντα
565 941 658 993 τὸν
690 939 901 1009 Κύριον
923 942 1039 1003 τοῖς
1073 939 1362 1010 ἑπομένοις
1397 941 1571 992 εἰπεῖν
1600 956 1613 970 ’
1662 958 1680 990 ι
1716 940 1851 993 Οὐδὲ

266 1048 403 1085 ποτε
433 1035 493 1084 ἑν
526 1030 605 1100 τῷ
627 1029 847 1100 Ἰσραὴλ
890 1029 1164 1100 τοσαύτην
1196 1029 1381 1083 πίστιν
1434 1026 1615 1099 εὖρον,
1657 1046 1674 1078 ι
1712 1028 1847 1096 Σύγο

265 1140 446 1192 γνωτε
476 1121 570 1176 οὖν
607 1138 697 1192 μοι
729 1122 1233 1192 ἀπροσεκτήσαντι.
1269 1121 1337 1173 Ἦ
1368 1122 1478 1191 γὰρ
1507 1120 1618 1173 τῶν
1647 1119 1853 1189 ἐκκλη-

268 1214 571 1268 σιαστικῶν
624 1214 973 1284 πραγμάτων
1034 1212 1261 1283 φροντὶς
1316 1210 1600 1264 κατασείει
1652 1209 1745 1263 τοῦ
1771 1211 1857 1263 λο-

266 1299 528 1370 γιστικοῦ
556 1300 657 1370 τὴν
684 1299 1006 1369 ἀκρόπολιν.
1060 1299 1278 1353 Κωλύει
1325 1299 1382 1353 δὲ
1426 1299 1581 1353 οὐδὲν
1639 1303 1705 1371 τῇ
1757 1300 1852 1354 τοῦ

263 1394 433 1463 λόγου
486 1392 828 1463 ἐπαναλήψει
893 1392 958 1445 τὸ
1014 1392 1118 1462 τῆς
1184 1391 1355 1464 λήθης
1420 1393 1571 1463 ἡμᾶς
1625 1391 1851 1461 διορθώ-

265 1487 501 1541 σασθαι.

341 1577 530 1647 Δόγμα
554 1592 631 1642 τι,
661 1575 736 1640 ὡς
763 1575 962 1641 ἔοικεν,
986 1576 1244 1646 ἑμφαίνει
1263 1576 1294 1628 ό
1320 1574 1417 1628 τοῦ
1450 1575 1853 1646 ἑκατοντάρχου

262 1670 431 1737 λόγος
462 1667 575 1722 τῶν
630 1668 878 1738 ὑψηλῶν,
925 1667 1065 1736 πρὸς
1123 1668 1264 1739 ὅπερ
1289 1665 1493 1720 ἑπιδὼν
1520 1669 1548 1720 ὁ
1573 1667 1855 1735 Δεσπότης

1952 475 2195 530 nitentia‘
2217 486 2342 540 spes
2365 488 2381 529 :
2404 471 2476 526 ibi
2508 485 2640 525 vero
2669 469 2905 525 tenebrae
2925 468 3181 522 dicuntur
3207 470 3525 534 exteriores,

1951 575 2006 622 et
2055 574 2180 621 sunt
2227 574 2445 634 propter
2491 562 2945 632 desperationem.
3000 559 3107 614 Sed
3141 575 3225 614 me
3274 562 3533 630 prteteriit

1953 673 2058 711 non
2088 655 2410 719 discussum,
2435 654 2564 723 quid
2589 653 2806 708 tandem
2829 653 3074 708 centurio
3097 652 3307 713 fecerit,
3337 666 3530 720 quam—

1952 751 2138 804 obrem
2171 757 2372 802 tantum
2401 747 2658 800 meruerit
2683 746 2995 810 laudem,ut
3017 746 3245 799 miratus
3274 746 3532 798 Dominus

1954 839 2153 894 dixerit
2181 837 2534 906 sequentibus
2566 851 2625 890 se
2657 853 2670 889 :
2709 853 2729 886 ι
2762 834 2880 888 Non
2920 834 3095 887 inveni
3141 843 3341 887 tantam
3372 837 3531 888 tidem

1956 933 2007 986 in
2036 931 2220 986 Israel.
2263 948 2283 981 ι
2322 930 2587 1000 Ignoscite
2614 929 2779 998 igitur
2809 927 2965 994 mihi,
2994 929 3037 981 si
3070 926 3247 980 minus
3286 930 3351 980 ad
3396 927 3534 980 hanc

1956 1038 2068 1078 rem
2101 1023 2340 1075 intentus
2390 1021 2488 1075 fui.
2537 1020 2749 1073 Etenim
2786 1034 2917 1073 cura
2966 1033 3149 1072 rerum
3196 1006 3536 1073 ecclesiasti-

1955 1131 2138 1171 carum
2177 1131 2443 1169 summam
2479 1116 2673 1168 mentis
2724 1128 2906 1167 arcem
2942 1112 3020 1183 (8)
3056 1112 3256 1174 turbat.
3305 1121 3360 1165 et
3400 1124 3534 1164 con-

1954 1207 2111 1262 cutit.
2168 1204 2314 1260 Nihil
2375 1221 2506 1261 vero
2545 1213 2732 1269 vetat,
2788 1205 2916 1274 quin
2959 1211 3233 1271 resumpto
3283 1216 3536 1256 sermone

1955 1299 2214 1369 quidquid
2249 1298 2522 1353 oblivione
2554 1297 2905 1353 commissum
2945 1307 3028 1351 est
3068 1296 3391 1364 corrigatur.

2028 1583 2230 1655 Dogma
2256 1584 2549 1655 quoddam,
2586 1594 2642 1638 et
2690 1583 2910 1652 quidem
2960 1582 3125 1637 altum
3178 1584 3442 1647 insmuat,
3477 1590 3540 1635 ut

1957 1676 2188 1738 videtur,
2241 1689 2421 1730 sermo
2501 1674 2871 1739 centurionis,
2946 1674 3012 1727 ad
3080 1675 3221 1743 quod
3285 1683 3535 1742 spectans

270 1763 575 1835 ἐθαύμασε.
617 1763 691 1814 Τὸ
717 1762 775 1814 δὲ
800 1761 978 1831 δόγμα
1019 1760 1267 1814 τοιοῦτόν
1315 1762 1489 1814 ἑστιν.
1522 1758 1852 1828 Ἀπολισθή-

1975 1768 2223 1822 Dominus
2264 1768 2634 1832 miratuszest.
2677 1766 2828 1832 Quod
2873 1767 2947 1820 ita
2991 1782 3049 1821 se
3095 1768 3274 1823 habet.
3318 1767 3450 1821 Cum
3508 1781 3542 1820 ιι

272 1870 471 1917 σαντος
539 1851 636 1906 τοῦ
688 1852 985 1922 ἀνθρώπου
1035 1852 1137 1921 τῆς
1185 1851 1283 1904 τοῦ
1315 1848 1453 1904 Θεοῦ
1480 1849 1729 1918 ἑντολῆς,
1763 1850 1859 1903 καὶ⁸

272 1947 417 2017 πρὸς
468 1946 560 1999 τὸν
622 1946 888 2016 τύραννον
941 1944 1208 2007 ἑκουσίως
1268 1942 1853 2013 αὐτομολήσαντος,ὴ

271 2038 559 2108 ἀγαθότης
587 2038 682 2091 τοῦ
719 2038 1034 2100 Πλάσαντος
1064 2037 1127 2088 οὐ
1175 2036 1527 2089 παντάπασιν
1553 2034 1737 2104 ἀφῆκε.
1760 2032 1860 2103 τὴν

269 2133 443 2202 φύσιν
472 2133 504 2201 ἡ
515 2132 632 2201 μῶν
659 2129 989 2201 ἀϐοήθητον,
1014 2128 1131 2183 ἀλλ’
1168 2128 1404 2197 ἄγγελόν
1434 2144 1559 2182 τινα
1592 2127 1703 2180 τῶν
1758 2126 1858 2197 τὴν

270 2223 573 2292 ἀσώματον
620 2222 920 2293 εἰληχότων
976 2221 1145 2290 φύσιν
1202 2220 1494 2291 σύμμαχον
1537 2219 1739 2273 δέδωκε
1789 2221 1856 2287 τῇ

269 2317 514 2373 ἑκάστου
565 2317 703 2386 ζωῇ.
758 2315 905 2385 Πρὸς
952 2311 1115 2367 τοῦτο
1168 2314 1229 2367 δὲ
1277 2312 1803 2384 ἀντιμηχανώμενος
1832 2313 1860 2364 ὁ

268 2408 474 2479 ἐχθρὸς
504 2406 803 2461 κακοποιὸν
840 2405 1074 2477 δαίμονα
1132 2406 1229 2459 ἐπὶ
1290 2408 1360 2477 τῇ
1415 2404 1509 2459 τοῦ
1570 2405 1861 2491 ἀνθρώπου

265 2500 430 2571 λύμῃ
484 2501 791 2571 ἐφίστησιν,
831 2499 1048 2563 οὐδενὸς
1083 2498 1293 2552 τούτων
1345 2499 1468 2569 βίαν
1523 2500 1860 2567 ἐπάγοντος,

268 2592 373 2643 ἵνα
416 2591 490 2661 μὴ
526 2590 780 2661 λυμανοῇ
813 2590 875 2643 τὸ
902 2588 1247 2660 αὐτοκρατὲς
1274 2589 1367 2642 καὶ
1395 2589 1713 2654 ἀδέσποτον,
1747 2590 1861 2643 ἀλλ’

268 2681 548 2751 ἑκατέρου
578 2680 842 2733 τάναντία
858 2680 1221 2745 δεικνύοντος,
1241 2681 1334 2734 καὶ
1353 2696 1417 2732 συ
1426 2678 1845 2750 μόσυλεύοντος,

267 2775 375 2830 τοῦ
448 2776 547 2846 μὲν
592 2775 692 2845 τὴν
763 2774 831 2828 δι’
865 2775 1067 2845 ἀρετῆς
1122 2773 1490 2845 ἐλπιζομένην
1539 2776 1863 2841 ἀπόλαυσιν,

267 2867 379 2921 τοῦ
412 2865 472 2919 δὲ
498 2865 598 2937 τὴν
630 2865 1023 2936 ἀνδραποδώδη
1072 2865 1166 2919 καὶ
1196 2866 1489 2919 σαίνουσαν
1512 2867 1732 2938 ἡδονήν.
1754 2868 1864 2921 Ms-

272 2976 379 3013 σον
405 2958 589 3012 τοίνυν
617 2958 821 3028 ἀμφοῖν
851 2952 943 3011 οἷὰ
993 2974 1080 3021 τις
1128 2957 1528 3028 ἑκατόνταρχος
1584 2958 1800 3012 ἑστῶσα
1831 2961 1865 3030 ή

1962 1858 2054 1913 Dei
2090 1867 2360 1927 praecepto
2414 1855 2709 1910 decidisset
2762 1856 2944 1920 bomo,
2983 1867 3037 1910 et
3062 1856 3129 1909 ad
3168 1859 3382 1927 tyranni
3414 1871 3542 1926 par-

1963 1960 2043 2004 tes
2089 1948 2392 2002 voluntarie
2426 1962 2491 2001 ac
2531 1957 2726 2016 sponte
2759 1947 3064 2005 transisset.
3107 1963 3212 2000 non
3237 1946 3412 2000 omnis
3442 1961 3544 2001 ex—

1962 2050 2171 2109 pertem
2223 2038 2408 2091 auxilii
2443 2046 2690 2091 naturam
2723 2022 2964 2091 nostram
3012 2037 3303 2106 dereliquit
3334 2036 3546 2090 bonitas

1961 2135 2099 2202 ejus,
2149 2133 2240 2202 qui
2273 2147 2391 2186 eam
2446 2131 2750 2192 eﬂinxerat,
2801 2133 2896 2185 sed
2951 2131 3202 2200 angelum
3254 2133 3543 2200 quemdam

1963 2242 2025 2281 ex
2055 2226 2120 2279 iis
2148 2225 2239 2295 qui
2272 2234 2522 2277 naturam
2554 2223 2698 2277 nacti
2731 2233 2859 2276 sunt
2891 2221 3299 2290 incorporeum,
3353 2223 3546 2275 unius-

1963 2318 2225 2385 cujusque
2255 2317 2378 2370 vita:
2404 2313 2708 2383 adiutorem
2739 2313 3011 2368 adhibuit.
3043 2312 3246 2369 Contra
3281 2315 3384 2368 hoc
3419 2331 3547 2370 vero

1964 2408 2245 2462 machinas
2283 2405 2359 2478 (9)
2389 2422 2518 2460 suas
2561 2405 2782 2459 molitus
2811 2404 3064 2458 inimicus
3099 2403 3407 2458 maleficum
3436 2406 3547 2457 dte-

1966 2513 2180 2552 tnonem
2232 2501 2299 2552 ad
2349 2499 2585 2553 hominis
2638 2496 2943 2566 perniciem
2992 2496 3258 2564 praefecit.
3305 2495 3547 2561 Quorum

1965 2606 2096 2645 sane
2127 2605 2283 2644 nemo
2317 2591 2427 2644 vim
2463 2589 2637 2654 aﬂert,
2688 2604 2755 2643 ne
2784 2589 3014 2643 laedatur
3065 2596 3303 2657 potestas
3337 2588 3545 2642 arbitrii

1966 2694 2130 2751 atque
2164 2682 2417 2748 libertas;
2465 2683 2559 2737 sed
2618 2691 2849 2751 uterque
2906 2660 3181 2735 contraria
3227 2680 3441 2745 suhjicit
3495 2691 3551 2733 et

1966 2776 2238 2843 consulit;
2280 2774 2368 2829 ille
2399 2774 2617 2843 quidem
2659 2773 2899 2828 fructum
2934 2774 3151 2826 virtutis
3200 2773 3394 2826 incrito
3425 2786 3551 2840 Spe-

1969 2879 2187 2934 ratum,
2239 2868 2325 2922 hic
2355 2883 2480 2921 vero
2526 2865 2806 2920 vilissima:
2857 2866 3145 2934 voluptatis
3210 2864 3557 2929 illereliram.

1969 2960 2029 3016 ln
2088 2960 2268 3016 medio
2315 2959 2478 3031 igitur
2528 2960 2807 3012 amborum
2852 2960 3145 3012 constituta
3200 2958 3408 3011 arbitrii
3458 2972 3557 3010 nos

268 3049 704 3120 αὕτεξουσιότης
731 3050 764 3119 ἡ
775 3048 890 3119 μῶν
920 3050 1019 3103 καὶ
1049 3049 1377 3121 προαίρεσις
1398 3088 1414 3115 ,
1450 3049 1702 3121 καθάπερ
1729 3051 1865 3104 ὑπο-

1975 3053 2068 3109 stri
2098 3060 2367 3123 potestas,
2400 3050 2736 3105 centurionis
2769 3050 2929 3125 modo
2954 3050 3106 3119 quasi
3143 3049 3412 3119 suhjectis
3448 3047 3558 3102 sibi
3592 3064 3593 3067 ‘
3620 3050 3625 3054 '

269 3142 515 3214 χειρίοις
556 3140 923 3213 στρατιώταις
976 3140 1262 3195 ἐπιτάττει
1286 3141 1315 3194 ὃ
1364 3158 1418 3194 τι
1443 3141 1542 3194 καὶ
1575 3141 1865 3211 βούλεται*

270 3235 377 3287 τὸν
414 3233 516 3303 μὲν
572 3232 1067 3302 ἀποπεμπόμενος,
1097 3231 1192 3287 τὸν
1247 3231 1304 3286 δὲ
1359 3233 1871 3304 προσκαλούμενος.

288 3324 725 3395 Ἔπιχωριάξειν
777 3325 885 3395 γάρ
939 3325 998 3377 ἑν
1034 3323 1223 3395 ταύτῷ
1268 3326 1396 3387 τοὺς
1435 3325 1530 3378 δύο
1569 3326 1872 3396 ἀμήχανον,

274 3416 481 3488 ἐπειδὴ
508 3417 576 3471 τά
604 3416 858 3487 ἀλλήλοις
888 3416 1246 3486 ἀντικείμενα
1277 3416 1620 3486 ἀκοινώνητα
1661 3433 1676 3448 ⁸
1716 3436 1735 3470 ι
1772 3419 1879 3472 Οὐ-

271 3508 457 3579 δεμία
504 3508 615 3576 γὰρ
687 3509 945 3562 κοινωνία
1012 3509 1151 3578 φωτὶ
1214 3508 1349 3578 πρὸς
1404 3509 1637 3572 σκότος·
1688 3529 1707 3561 ι
1758 3510 1878 3563 ἀλλ’

272 3602 534 3673 ἀνάγκη,
600 3602 695 3656 τοῦ
737 3603 966 3666 σκότους
1020 3602 1457 3673 ὑποχωροῦντος,
1488 3602 1603 3673 φῶς
1636 3598 1777 3658 εἶναι
1816 3604 1876 3657 τὸ

271 3695 407 3749 ἀντ’
431 3693 648 3748 ἑκείνου
703 3692 1021 3765 ὁρώμενον⁸
1057 3692 1151 3747 καὶ
1201 3693 1303 3763 τῆς
1360 3694 1557 3757 κακίας
1606 3696 1669 3747 ὲκ
1699 3695 1876 3748 ποδῶν

382 3851 430 3882 ⁷ο
455 3846 500 3904 ιι
531 3848 660 3905 Cor.
692 3864 769 3913 vr,
796 3848 885 3902 l4.

1973 3122 2238 3199 militibus
2268 3140 2510 3212 praecipit
2538 3122 2958 3212 quidquidtvult,
2982 3140 3263 3195 dimittens
3292 3139 3561 3203 alterum,

1971 3235 2201 3290 alterum
2228 3234 2519 3287 advocans.
2554 3231 2700 3286 Fieri
2746 3231 2890 3286 enim
2934 3246 3040 3285 non
3074 3241 3274 3299 potest,
3308 3240 3365 3286 ut
3391 3235 3562 3285 ambo.

1973 3326 2160 3382 eodem
2194 3325 2247 3378 in
2284 3324 2403 3380 loco
2427 3322 2728 3378 consistant
2754 3340 2768 3389 ;
2800 3339 2928 3378 nam
2965 3339 3095 3393 quae
3125 3324 3357 3378 invicem
3386 3338 3555 3392 oppo—

1977 3428 2198 3479 nuntur,
2233 3417 2524 3472 convenire
2554 3417 2686 3485 {non
2733 3426 2981 3483 possunt.
3036 3435 3054 3468 ι
3090 3414 3244 3469 Nulla
3293 3417 3437 3469 enim
3470 3432 3559 3469 so-

1980 3511 2286 3567 cietasluci
2338 3510 2407 3564 ad
2455 3511 2705 3564 tenebras
2729 3509 2811 3574 ⁷⁰;
2850 3527 2869 3560 ι
2940 3509 3032 3564 sed
3062 3509 3427 3564 necessarium
3474 3516 3559 3562 est

1986 3613 2044 3658 ut
2075 3601 2312 3657 tenebris
2342 3602 2719 3656 recedentibus
2776 3599 2871 3653 lux
2919 3616 3016 3669 pro
3056 3601 3161 3654 illis
3193 3601 3424 3654 videnda
3464 3602 3561 3651 oh-

1982 3694 2194 3750 oriatur
2226 3712 2241 3749 :
2269 3702 2325 3750 et
2343 3694 2473 3751 vitio
2499 3694 2686 3765 procul
2713 3703 2919 3758 amoto,
2945 3708 3042 3762 pro
3066 3693 3157 3749 illa
3186 3695 3364 3749 virtus
3393 3694 3564 3747 intro-

1533 3956 1847 4019 Francisci
1889 3957 2099 4021 Scorsi
2134 3964 2313 4022 notae.

370 4090 447 4163 (8)
496 4088 767 4163 Summam
819 4085 1007 4163 mentis
1041 4099 1237 4140 arcem.
1299 4081 1873 4163 venus-tametaphora

274 4154 608 4231 supremam
671 4158 863 4231 animi.
903 4163 1159 4231 partem‘,
1216 4168 1321 4231 qua
1356 4154 1772 4231 ‘ratiocinamur
1824 4164 1879 4231 et

280 4224 673 4300 intelligimus,
727 4224 1027 4300 ἀκρόπολιν
1074 4228 1348 4300 vocavit;
1376 4235 1463 4279 εει
1522 4225 1667 4300 enim
1712 4224 1880 4300 ἀκρό-

280 4303 457 4364 πολις
480 4294 566 4354 Ἷιι
614 4294 827 4352 summa
879 4297 1013 4350 urbe
1051 4296 1292 4349 munitus
1337 4294 1505 4359 locus,
1542 4295 1623 4347 vel
1658 4309 1774 4347 arx.
1804 4295 1880 4348 ita

279 4376 447 4429 dit-ta
513 4377 597 4422 est
643 4381 851 4422 summa
910 4380 1033 4433 pars
1088 4366 1443 4434 Athenarum.
1504 4366 1681 4434 Etym.
1737 4379 1878 4433 mag.

275 4436 626 4507 Ἀκρόπολις
679 4437 714 4507 ἡ
739 4436 949 4505 κεφαλὴ
969 4438 1066 4505 τῆς
1097 4435 1328 4507 πόλεως.
1345 4433 1502 4486 Ἔστι
1528 4433 1585 4485 δὲ
1604 4436 1696 4486 καὶ
1712 4433 1870 4507 τόπος

1984 4434 2197 4507 phariis
2236 4437 2415 4507 nostri
2465 4445 2521 4491 et
2569 4437 2629 4492 ὃ.

277 4503 512 4581 ὑψηλὸς
546 4503 863 4581 Ἀθήνῃσι,-
889 4503 964 4559 uti
1014 4503 1068 4559 et
1095 4505 1319 4581 Athena;
1373 4507 1693 4581 ipsae,_ntex
1733 4503 1883 4581 Th_u-

278 4570 457 4654 ρριιῖ,
488 4570 812 4654 ᾉνὶειόιξέι
835 4570 1640 4654 lsocrat.nttinltis_locis‘vitlere
1667 4582 1768 4627 cst.
1808 4570 1884 4627 Ita

277 4642 469 4708 etiam
497 4647 921 4718 ἀκροκρόρινβος
942 4660 1040 4718 ora:
1062 4642 1303 4718 Corinthi
1322 4661 1341 4709 ;
1363 4642 1454 4696 sed
1473 4643 1740 4718 Itaronota
1765 4658 1886 4718 esse

276 4712 695 4780 eruditioribus
720 4712 901 4770 c'redo.
930 4715 1108 4769 Gloss.
1146 4712 1336 4770 Escur.
1371 4725 1514 4768 recte
1530 4714 1693 4766 etiam
1719 4712 1884 4784 ἀκρό-

272 4791 465 4847 πολιν
496 4790 884 4854 interpretatur
926 4785 1194 4855 κορυφήν.

382 4859 457 4931 (9)
492 4850 855 4931 Contrahvero
913 4850 1009 4907 hoe
1027 4850 1323 4931 machinas.
1368 4850 1886 4931 ligneusententiam

276 4920 475 4990 auido
523 4942 625 4981 non
689 4926 878 4980 iisdem
926 4924 1109 4979 verbis
1153 4922 1405 4990 exprimit
1428 4921 1485 4975 S.
1530 4920 1753 4991 Marini.
1780 4938 1889 4992 quo

272 5003 541 5058 ιιιιιιιιιιιι
585 4995 757 5050 utitur
802 4995 889 5049 hic
951 5004 1155 5059 uoster,
1214 5004 1269 5048 et
1311 4992 1887 5062 quandoque_quidem

274 5082 565 5139 expresso
605 5064 840 5139 nomine,
856 5066 1196 5139 quandoque
1236 5059 1559 5139 sup—presso,
1576 5073 1623 5139 ut
1641 5059 1892 5139 fortassis

276 5130 414 5199 hoc
473 5140 611 5191 locr.
646 5134 737 5190 Sic
793 5130 999 5190 scilicet
1027 5130 1120 5188 ille
1149 5130 1413 5197 cent.’nt,
1449 5131 1523 5184 De
1546 5130 1737 5184 charit.
1770 5146 1889 5201 cap.

269 5215 330 5270 9
377 5208 647 5263 :Animus
696 5215 872 5258 noster
932 5203 1131 5257 medius
1173 5214 1246 5256 est
1301 5204 1438 5255 inter
1484 5202 1615 5254 duos
1671 5217 1891 5271 quorum

270 5289 527 5344 uterque
562 5290 688 5344 opus
716 5276 986 5344 proprium
1031 5282 1252 5337 exercet,
1290 5288 1423 5325 unus
1466 5273 1732 5335 virtutem,
1756 5270 1893 5324 alter

271 5362 489 5410 auum
518 5348 697 5399 vitium
724 5362 741 5410 ;
787 5348 880 5396 hoc
912 5352 989 5396 est
1027 5345 1262 5412 angelus,
1292 5351 1339 5395 et
1375 5345 1601 5403 daemon,
1646 5352 1895 5412 cwternm

271 5419 491 5478 animo
547 5425 775 5484 potestas
819 5415 1001 5467 relicta
1050 5411 1123 5466 est
1146 5412 1395 5484 eligendi,
1440 5413 1578 5484 quod
1630 5411 1769 5484 vult;
1804 5423 1894 5464 aut

272 5499 377 5549 ιιι
411 5480 657 5554 sequetur
685 5497 772 5537 aut
803 5497 854 5537 ut
890 5486 1118 5554 resistat.
1146 5480 1305 5536 lta’S.
1340 5481 1605 5554 Manimos
1625 5480 1786 5554 cujus
1822 5492 1899 5536 te-

270 5550 634 5618 stimonium
655 5555 910 5624 copulare
943 5553 1080 5606 volui
1110 5568 1243 5624 cum
1297 5554 1399 5624 hoe
1435 5550 1781 5624 Theophanis
1803 5566 1897 5605 no-

270 5641 356 5689 ει
374 5627 440 5687 ri,
466 5620 930 5693 idemque’adduci
948 5639 1015 5677 ex
1033 5622 1154 5677 aliis
1175 5632 1357 5693 posset
1375 5620 1620 5693 Patr‘ibus
1639 5621 1899 5678 adversus

271 5697 355 5756 Ν
367 5689 727 5761 ονίιιοῑοεῖιιιὶ
746 5696 1043 5749 libertatem
1059 5689 1267 5747 arbitrii
1282 5693 1392 5746 suis
1403 5689 1609 5746 deliriis
1626 5700 1895 5747 evertunt.

1974 4084 2100 4140 Jam
2135 4098 2265 4139 vero
2296 4085 2438 4140 hanc
2474 4087 2798 4142 sententiam
2817 4087 2883 4142 de
2902 4087 3112 4142 duobus
3135 4087 3492 4155 angelisjhono
3514 4104 3570 4146 et

1979 4156 2141 4226 malo,
2170 4169 2399 4226 quorum
2431 4157 2571 4211 alter
2605 4158 2673 4211 ad
2716 4159 2972 4219 salutem,
3003 4159 3140 4212 alter
3172 4163 3237 4211 ad
3264 4160 3568 4226 perniciem

1980 4224 2187 4297 homini
2236 4225 2492 4297 assideat,
2527 4237 2802 4297 receptam
2858 4230 3221 4283 communiter
3249 4224 3279 4284 ιι
3304 4228 3561 4286 Patribns

1980 4294 2217 4367 ostendit
2280 4295 2481 4352 Suarez
2530 4297 2623 4353 lib.
2658 4294 2777 4358 viti.
2824 4300 2888 4352 de
2935 4299 3149 4367 Angelis
3176 4313 3292 4366 cap.
3336 4298 3567 4359 2|.not.

1980 4364 2035 4418 5.
2070 4365 2469 4421 Advertendum
2542 4368 2726 4421 itidem
2780 4384 2885 4422 non
2925 4364 3364 4434 congruere‘hoc
3388 4368 3567 4422 Theo-

2688 4437 2903 4493 Maaimi
2954 4439 3155 4491 dictum
3218 4454 3340 4493 rum
3384 4454 3575 4493 errore

1986 4505 2234 4582 prigenis
2281 4514 2338 4559 et
2386 4505 2542 4561 Joau.
2594 4509 2862 4582 gaesiani,
2907 4509 3264 4582 quicumex
3310 4509 3397 4563 illo
3424 4511 3572 4582 fonte

1988 4574 2209 4648 hausit,
2245 4590 2382 4648 quos
2426 4585 2574 4648 notat
2607 4574 2982 4642 Bellarmintfs,
3018 4578 3068 4631 in
3121 4577 3385 4648 Explicat.
3426 4581 3562 4647 psal.

1989 4658 2065 4707 χι,
2119 4645 2214 4712 qui
2256 4646 2443 4700 dicunt
2500 4645 2666 4701 Deum
2720 4645 3277 4715 nnicuiqueuostrum
3308 4645 3442 4701 duos
3483 4663 3569 4702 at-

1991 4716 2248 4786 tribuisse
2295 4718 2536 4785 angelos,
2599 4718 2797 4773 bonum
2832 4719 3081 4781 alterum,
3117 4720 3206 4785 qui
3245 4733 3342 4771 nos
3387 4733 3571 4786 proe-

1989 4783 2163 4854 gendo
2228 4783 2522 4850 custodiat,
2583 4788 2814 4843 alterum
2857 4787 3079 4850 malum,
3131 4783 3220 4854 qui
3301 4783 3399 4840 nos
3459 4798 3575 4840 ten-

1991 4852 2153 4906 tando
2203 4866 2490 4921 exerceat;
2560 4874 2667 4912 non
2721 4858 2864 4910 enim
2918 4855 3055 4909 Deus
3086 4852 3331 4925 angelum
3371 4856 3570 4910 malum

1993 4924 2060 4977 ad
2113 4927 2212 4977 hoc
2244 4927 2555 4991 destinavit,
2581 4928 2675 4981 sed
2708 4926 2952 4995 permisit
2982 4924 3187 4977 tantum
3236 4926 3382 4978 illum
3415 4942 3580 4981 exer-

1991 5008 2118 5066 cere
2172 4996 2278 5049 vim
2337 5005 2391 5050 et
2451 4999 2707 5051 malitiam
2767 5011 2939 5050 suam.
3002 5000 3178 5060 Atque
3219 4995 3267 5048 id
3320 5011 3580 5066 expresse

1992 5061 2191 5120 Noster
2252 5069 2451 5121 asserit
2494 5070 2599 5121 hoc
2636 5067 2773 5129 loco,
2822 5079 2943 5118 cum
3005 5067 3070 5118 de
3108 5066 3301 5132 angelo
3339 5061 3575 5120 honoita

1995 5135 2248 5204 loquatur
2272 5156 2285 5192 :
2312 5137 2512 5205 Σύμμα
2534 5154 2628 5206 χον
2647 5136 2846 5188 δέδωκε
2879 5139 2941 5203 τῇ
2970 5134 3204 5206 ἑκάστου
3234 5135 3372 5206 ζωῇ.
3405 5137 3580 5205 Adju-

1996 5214 2157 5257 torem
2186 5220 2303 5259 eum
2342 5210 2459 5260 iiin
2494 5205 2902 5274 uniuscujusque
2920 5205 3060 5257 dedit
3088 5205 3247 5259 Deus.
3303 5205 3371 5259 At
3420 5221 3580 5260 secus

1996 5275 2064 5328 de
2125 5277 2319 5342 angelo
2375 5278 2515 5329 malo
2569 5277 2844 5344 subjuugit
2870 5290 2991 5328 enni
3023 5277 3089 5329 ab
3115 5277 3272 5330 hoste
3304 5276 3579 5329 communi

1997 5346 2239 5414 principe
2276 5345 2528 5398 nimirum
2549 5350 2848 5399 dteiuonum
2877 5345 3041 5400 fuisse
3078 5346 3408 5413 praefectura.
3440 5346 3581 5414 Πρὸς

1997 5413 2183 5485 τοῦτο
2223 5416 2279 5468 δὲ
2350 5414 2853 5485 ἀντιμηχανόμενος
2909 5416 2938 5466 ὁ
2981 5416 3195 5485 ἐχθρός,
3230 5426 3346 5485 etc.
3384 5413 3582 5468 Contra

1998 5484 2092 5537 hoc
2106 5499 2220 5555 pero
2249 5486 2519 5537 machinas
2547 5501 2671 5538 suas
2698 5486 2906 5538 molitus
2930 5484 3192 5540 inimicus.
3223 5484 3300 5539 Ex
3335 5501 3440 5555 quo
3467 5487 3584 5539 loco

1999 5553 2234 5622 explices
2287 5555 2413 5608 licet
2476 5557 2606 5608 illttd
2645 5567 2697 5609 et
2728 5558 3018 5609 continues
3063 5557 3201 5623 quod
3249 5553 3410 5609 habet
3439 5556 3580 5610 idem

2001 5632 2192 5679 auctor
2222 5640 2345 5694 sup.
2378 5625 2522 5681 hom.
2550 5625 2638 5692 42,
2664 5637 2720 5682 et
2748 5635 2861 5681 not.
2889 5626 2960 5680 ibi
2999 5636 3235 5680 nostram
3263 5628 3350 5680 9U.
