3974 6220
342 253 445 318 831

1716 256 2049 318 HOMILIA
2089 258 2264 322 XLV.

3507 268 3611 331 838

340 363 644 429 δασκαλίας
704 365 1030 439 τρεφόμενοι
1077 368 1177 437 τὴν
1203 367 1448 441 ψυχικὴν
1470 368 1748 439 τρυγῶσιν
1781 369 1909 439 ὡφέ

2039 377 2204 424 tatem
2240 388 2253 423 :
2290 379 2554 441 quotquot
2590 385 2719 426 vero
2765 386 2918 428 suam
2952 373 3192 444 ipsorum
3247 385 3498 434 naturam
3527 381 3613 435 in-

337 458 490 510 λειαν
516 473 532 488 ο
574 457 691 510 ὄοῦι
747 457 804 510 δὲ
860 462 924 529 τῇ
967 460 1194 514 δυσώδει
1221 463 1317 514 τοῦ
1358 460 1556 530 φθόνου
1588 459 1686 531 τὴν
1712 460 1923 513 ἑαυτῶν

336 549 502 618 φύσιν
567 549 904 620 διέφθειραν,
943 545 1092 606 οὗτοι
1135 553 1390 623 καθάπερ
1423 552 1622 623 γῦπες,
1653 552 1687 622 ἢ
1718 552 1922 606 κάνθα-

338 658 425 712 ροι
481 641 924 712 ἀποστρέφονται
979 643 1041 696 τὸ
1098 645 1196 714 τῆς
1243 644 1595 708 διδασκαλίας
1640 642 1920 717 θυμίαμεα.

344 734 512 788 Ἀλλά
534 735 674 804 πρὸς
702 735 756 786 τί
782 734 1000 805 βλέπων
1023 736 1350 808 ἐχρησάμην
1366 737 1442 806 τῷ
1467 737 1875 808 παραδείγματι
1905 756 1920 797 :

348 826 688 895 Ἐπειδήπερ
721 827 754 896 ή
787 827 913 896 χθὲς
947 829 1084 899 ήμῖν
1110 829 1380 899 γενομένη
1421 832 1576 901 κοινῇ
1610 830 1748 899 πρὸς
1781 831 1923 884 πάν-

331 933 434 980 τας
469 917 764 987 ἐπίπληξις
821 921 936 982 τοῖς
979 919 1080 990 μὲν
1139 921 1488 991 εὑαισθήτοις
1541 921 1635 975 καὶ
1675 923 1918 993 σώφροσι

330 1011 558 1079 γέγονεν
594 1011 981 1082 ἐπανόρθωσις
1003 1028 1019 1043 ο
1055 1010 1138 1075 οἷς
1172 1012 1230 1066 δὲ
1272 1013 1555 1082 διεφθορὸς
1597 1011 1667 1086 ἦν
1704 1016 1764 1068 τὸ
1787 1012 1920 1086 ἦθος

332 1101 430 1154 καὶ
459 1103 814 1171 ἀδιόρθωτον,
853 1096 1008 1157 οὗτοι
1059 1105 1158 1174 οὑχ
1186 1106 1335 1168 ὅπως
1366 1106 1467 1160 οὐκ
1489 1106 1915 1179 ἐδελτιὼθησαν,

329 1196 470 1249 ἀλλὰ
521 1197 614 1250 καὶ
650 1197 786 1268 πρὸς
830 1198 1114 1251 ἀναίδειαν
1167 1199 1452 1264 ἐξέκλιναν
1485 1199 1734 1271 μείζονα.
1775 1200 1916 1254 Ἀλλ’

331 1287 562 1340 ἐκείνων
621 1288 720 1358 μὲν
749 1287 848 1358 τὴν
875 1288 1030 1341 νόσον
1060 1289 1414 1360 δριμυτέροις
1471 1291 1790 1362 φαρμάκοις
1819 1292 1918 1346 σὺν

331 1377 452 1446 Θεῷ
485 1379 823 1449 ἀκεσόμεθα,
855 1382 951 1433 καὶ
1014 1382 1476 1453 στυπτικωτέροις
1523 1384 1831 1455 ἐπιτιμίαις
1860 1383 1916 1437 τὸ

331 1469 656 1538 ἁπηλγηκὸς
706 1471 890 1524 αὑτῶν
939 1474 1021 1536 είς
1055 1473 1412 1544 συναίσθησιν
1460 1475 1684 1546 ἄξομεν.
1723 1477 1916 1548 Ὑμεῖς

328 1560 386 1611 δὲ
424 1561 538 1614 ὅσοι
571 1562 796 1632 νήφοντι
830 1563 1079 1636 λογισμῷ
1110 1567 1174 1619 τὸ
1209 1565 1348 1636 λῷον
1371 1567 1756 1636 ἐπιλεξάμενοι
1777 1569 1914 1639 πρὸς

329 1652 431 1722 τὴν
466 1652 684 1720 σύναξιν
718 1654 1139 1729 δεδραμήκατε,
1170 1657 1281 1713 τῶν
1328 1659 1702 1728 εὑαγγελικῶν
1736 1661 1910 1730 λόγων

326 1762 624 1800 ακουσατε.

399 1837 490 1907 Τῷ
518 1839 699 1910 καιρῷ
735 1841 957 1913 ἐκείνῳ,
995 1863 1015 1896 ι
1057 1843 1382 1915 ’Ἄνθρωπός
1414 1861 1501 1909 τις
1528 1846 1802 1917 προσῆλθε
1833 1847 1912 1918 τῷ

339 1927 518 1996 Ἰησοῦ
572 1931 890 1996 γονυπετῶν
946 1933 1131 1999 αὑτὸν,
1186 1935 1284 1988 καὶ
1347 1936 1568 2005 λέγων*
1606 1937 1910 1992 Διδάσκαλε

323 2019 518 2086 ἀγαθὲ,
543 2021 595 2073 τί
654 2023 890 2094 ποιήσας
934 2023 1081 2098 ζωὴν
1136 2027 1356 2081 αἰώνιον
1406 2031 1838 2100 κληρονομήσω;
1885 2050 1904 2084 ι

334 2111 396 2166 ’0
425 2111 618 2183 παρὼν
633 2115 942 2186 ἄνθρωπος,
981 2117 1278 2188 κρυψίνους
1325 2120 1588 2191 ὑπάρχων
1620 2121 1781 2192 ἀνὴρ,
1813 2124 1910 2177 καὶ⁸

321 2204 423 2268 τὰς
459 2206 700 2273 ὑφάλους
730 2207 938 2278 πέτρας
971 2209 1332 2280 μιμούμενος,
1367 2213 1469 2266 οὑκ
1500 2213 1681 2285 ἀγαθῇ
1710 2213 1905 2285 γνώμῃ

319 2298 690 2368 προσέρχεται
749 2300 1152 2368 φιλοπευστῶν,
1215 2303 1332 2356 ἀλλ’
1377 2305 1624 2374 οἰόμενος
1687 2305 1907 2374 ἐλέγξαι

317 2387 413 2440 τὸν
447 2389 676 2461 Κύριον,
711 2392 786 2456 ὡς
834 2394 1100 2448 τάναντία
1155 2395 1235 2465 τῷ
1297 2397 1449 2467 νόμῳ
1505 2399 1902 2467 πραττόμενον.

319 2481 584 2553 Πρόσεισι
639 2483 771 2553 γοῦν
807 2486 1154 2558 ὑποκριτικῷ
1206 2489 1474 2560 σχήματι,
1511 2489 1655 2560 λόγῳ
1691 2489 1906 2544 θωπευ-

314 2574 459 2646 τικῷ
493 2575 700 2646 αἱμύλα
727 2579 1024 2642 κωτίλλων,
1074 2581 1169 2632 καί⁵
1227 2581 1520 2650 φενακίσαι
1561 2581 1906 2653 πειρώμενος

318 2667 412 2718 τὸν
445 2665 737 2739 ἀλάθητον.
777 2687 796 2720 ι
833 2669 1136 2725 Διδάσκαλε
1171 2672 1366 2739 ἀγαθέ.
1411 2690 1430 2723 ι
1493 2672 1659 2743 Ὁρᾷς
1692 2673 1752 2726 τὸ
1805 2675 1904 2744 τῆς

317 2759 666 2830 ὑποκρίσεως
722 2761 1055 2833 δηλητήριον
1111 2763 1189 2834 τῷ
1224 2765 1323 2834 τῆς
1371 2764 1662 2828 κολακείας
1725 2766 1903 2836 μέλιτι

319 2854 752 2926 κεραννύμενον.
791 2858 901 2912 Καὶ
927 2859 1068 2929 τάχα
1096 2861 1256 2912 τοῦτο
1279 2855 1348 2930 ἦν
1376 2858 1404 2911 ὂ
1449 2859 1613 2912 Δαόὶδ
1668 2859 1904 2929 ἔψαλλεν

317 2948 379 2999 ἐν
410 2946 649 3018 ψαλμοῖς
673 2949 737 3002 ἐκ
773 2950 1077 3020 προσώπου
1109 2950 1351 3022 Χριστοῦ
1376 2963 1391 2981 ’
1441 2971 1458 3002 ι
1519 2952 1674 3021 Ἐμοὶ
1701 2952 1800 3024 μὲν
1822 2955 1902 3008 εί-

2033 461 2188 516 vidia:
2239 462 2605 533 graveolcntia
2655 476 3056 535 corruperunt,
3107 467 3161 520 hi
3224 469 3494 524 vulturum
3547 488 3610 528 ac

2028 551 2414 606 scarabeorum
2447 567 2598 608 more
2634 564 2962 609 aversantur
2994 557 3290 627 thymiama
3326 560 3608 618 doctrinae.

2027 641 2296 708 Quorsum
2353 657 2484 698 vero
2533 645 2636 700 hoc
2691 655 2901 715 spectat
2939 648 3269 718 exemplum,
3319 666 3428 720 quo
3477 669 3610 709 usus

2026 731 2189 784 sum?
2222 732 2360 797 Quia
2420 733 2631 788 scilicet
2662 750 2782 804 quae
2842 735 3103 792 hesterno
3135 739 3221 793 die
3258 754 3287 792 a
3334 741 3491 797 nobis
3518 759 3608 797 ca-

2025 821 2246 890 stigatio
2279 822 2532 878 omnibus
2581 826 2891 892 promiscue
2924 827 3065 880 facta
3102 837 3206 890 est,
3253 831 3612 898 prudentibus

2022 909 2188 982 314
2253 912 2470 980 quidem
2536 923 2792 984 recteque
2857 917 3216 972 sentientibus
3277 921 3607 976 correctioni

2023 1001 2158 1067 fuit;
2192 1017 2426 1072 quorum
2458 1018 2590 1059 vero
2612 1005 2890 1075 depravati
2921 1016 3046 1062 sunt
3079 1024 3278 1074 mores,
3301 1025 3366 1064 ac
3389 1011 3608 1066 diliicile

2021 1093 2218 1163 corrigi
2255 1104 2504 1164 possunt,
2539 1097 2574 1151 ii
2615 1097 2670 1152 in
2703 1099 2960 1168 majorem
3003 1101 3168 1154 etiam
3216 1101 3606 1170 impudentiam

2019 1193 2330 1263 devenere,
2385 1199 2582 1253 nedum
2646 1215 2871 1256 evasere
2917 1202 3190 1258 meliores.
3248 1204 3450 1259 Verum
3507 1222 3607 1260 nos

2019 1300 2211 1341 eorum
2263 1291 2454 1343 morbo
2503 1290 2803 1346 acrioribus
2859 1293 3269 1349 medicamentis
3322 1294 3458 1365 (l3),
3491 1295 3606 1350 Deo

2012 1375 2277 1446 juvante,
2345 1379 2710 1449 medebimur,
2760 1390 2816 1436 et
2864 1383 3377 1454 reprehensionibus
3429 1387 3605 1457 magis

2017 1470 2253 1526 austeris
2279 1473 2592 1526 eorumdem
2631 1481 2932 1542 stuporem.
2965 1483 3024 1529 ut
3078 1475 3282 1530 sentire
3310 1474 3603 1545 aliquando

2019 1563 2262 1627 valeant,
2288 1564 2668 1620 excitabimus.
2704 1565 2811 1622 Vos
2837 1582 2966 1622 vero
2993 1567 3082 1637 qui
3111 1567 3326 1622 saniore
3351 1568 3598 1633 consilio,

2019 1654 2162 1720 quod
2209 1655 2401 1710 melius
2429 1666 2534 1721 est,
2575 1657 2834 1726 eligentes
2878 1659 2944 1713 ad
2972 1659 3221 1729 synaxim
3245 1660 3602 1715 concurristis

2016 1745 2152 1816 (l4),
2181 1747 2551 1817 evangelicum
2588 1763 2898 1804 sermonem
2931 1751 3112 1805 audite
3129 1752 3194 1805 τ’.

2083 1832 2142 1887 lu
2165 1834 2257 1888 illo
2276 1848 2556 1904 tempore:
2587 1854 2604 1888 ι
2626 1836 2798 1893 Homo
2821 1839 3037 1907 quidam
3066 1840 3295 1896 accessit
3318 1843 3386 1896 ad
3412 1839 3600 1898 Jesum

2013 1925 2385 1996 genuﬂectens
2422 1935 2550 1984 ante
2594 1943 2742 1997 eum,
2775 1939 2828 1986 et
2860 1930 3050 1994 dicens
3081 1948 3096 1985 :
3133 1929 3389 2002 Magister
3434 1933 3599 1996 bone,

2011 2016 2139 2082 quid
2187 2015 2396 2072 faciens
2439 2017 2609 2072 vitam
2659 2027 2916 2092 aeternam
2969 2021 3302 2090 possidebo?
3343 2040 3362 2074 ι
3425 2021 3601 2076 Homo

2012 2105 2114 2160 iste
2158 2117 2410 2164 versutus
2457 2107 2595 2179 (l5),
2654 2123 2719 2165 ac
2766 2111 3056 2168 simulator
3108 2127 3229 2166 cum
3258 2121 3426 2176 esset,
3459 2128 3594 2168 saxa

2012 2199 2116 2253 sub
2141 2199 2297 2268 aquis
2329 2201 2555 2256 latentia
2607 2202 2874 2269 itnitatu=,
2915 2221 3022 2260 non
3055 2205 3274 2261 sincero
3317 2207 3498 2260 animo
3528 2208 3598 2260 ad

2011 2289 2458 2359 interrogandum
2494 2292 2732 2358 accedit,
2763 2294 2860 2349 sed
2895 2309 3124 2360 sperans
3159 2295 3276 2350 fore
3315 2306 3372 2349 ut
3410 2296 3594 2349 Domi-

2011 2398 2138 2436 num
2171 2382 2545 2453 deprehendat
2562 2385 2718 2453 quasi
2741 2386 3014 2441 contraria
3039 2385 3142 2454 legi
3169 2387 3593 2456 przecipientem.

2007 2475 2234 2529 Accedit
2287 2490 2417 2546 ergo
2469 2477 2722 2532 simulato
2757 2477 2870 2532 oris
2926 2478 3136 2543 habitu,
3193 2478 3386 2532 blando
3434 2487 3488 2534 et
3528 2479 3597 2534 ad

2008 2565 2429 2620 assentationem
2481 2569 2786 2637 composito
2841 2582 3096 2622 sermone
3182 2569 3448 2638 garriens,
3527 2584 3596 2626 ac

2008 2655 2259 2725 decipere
2293 2664 2512 2712 tentans
2540 2673 2686 2725 eum,
2709 2673 2869 2728 quem
2901 2659 3031 2712 nihil
3058 2657 3195 2714 fallit
3228 2677 3242 2714 :
3287 2677 3305 2711 ι
3343 2659 3598 2727 Magister

2005 2746 2171 2802 bone.
2212 2766 2232 2800 ι
2286 2745 2453 2802 Vides
2517 2749 2884 2804 simulationis
2949 2763 3213 2805 venenum
3268 2749 3597 2804 adulationis

2005 2841 2165 2896 melle
2197 2851 2555 2910 temperatum
2584 2860 2600 2909 ;
2633 2852 2688 2898 et
2722 2843 2972 2899 fortassis
3000 2845 3104 2900 hoc
3132 2854 3236 2912 est,
3261 2845 3400 2914 quod
3422 2845 3592 2904 David

2005 2931 2062 2987 in
2091 2931 2321 2988 Psalmis
2349 2932 2550 2988 cecinit
2570 2933 2624 2988 in
2655 2948 2883 3003 persona
2910 2935 3140 2992 Christi:
3170 2956 3190 2990 ι
3219 2935 3349 2992 Mihi
3374 2923 3592 3006 quidem

316 3040 522 3109 ρηνικά
541 3040 790 3109 ἐλάλουν,
826 3043 922 3096 καὶ
948 3043 1036 3097 ἐπ’
1059 3043 1231 3114 ὀργὴν
1257 3043 1442 3108 δόλους
1461 3021 1845 3114 διελογίζοντο.
1875 3065 1893 3100 ›

2009 3021 2231 3088 paciﬁca
2263 3021 2649 3090 loquebantur,
2699 3034 2755 3077 et
2807 3024 2861 3080 in
2908 3025 2987 3080 ira
3020 3025 3172 3082 dolos
3199 3027 3533 3096 cogitabant.
3565 3047 3588 3082 ι

313 3107 460 3184 Ἃλΐ
492 3107 904 3204 ήμδροταιγτῆς
955 3107 1199 3201 ἐλπίδος,
1225 3136 1319 3188 καὶ
1373 3107 1690 3207 συνελήφθη*
1718 3139 1776 3190 ἐν
1829 3139 1896 3210 τῇ

2009 3107 2205 3166 Verum
2231 3109 2317 3164 ille
2343 3124 2440 3181 Spe
2466 3127 2562 3167 sua
2583 3111 2878 3181 aberravit,
2920 3122 2976 3169 et
3005 3124 3194 3184 captus
3224 3116 3376 3172 estIn
3399 3117 3592 3187 laqueo

315 3222 533 3290 παγίδι,
566 3223 632 3294 ἢν
685 3224 944 3296 ἔκρυψεν.
994 3224 1052 3278 '0
1115 3225 1221 3295 γὰρ
1248 3224 1380 3296 ἄχρι
1410 3227 1505 3280 καὶ
1547 3227 1764 3296 μυελῶν
1798 3230 1900 3300 ἐμμ-

313 3314 561 3370 ὅατεὺων
581 3315 788 3386 ψυχῆς,
822 3315 1082 3384 ἐπιγνοὺς
1111 3317 1172 3370 τὸ
1196 3316 1434 3369 ὓπουλον
1457 3317 1629 3370 αὑτοῦ
1654 3319 1754 3388 τῆς
1781 3320 1896 3373 δια-

315 3407 492 3472 νοίας,
525 3407 619 3460 καὶ⁵
653 3407 857 3475 ὕφαλον
883 3423 896 3437 ·
932 3427 950 3460 ι
987 3408 1054 3460 Τί
1081 3424 1151 3477 με
1181 3407 1384 3475 λέγεις,
1437 3411 1625 3478 φησὶν,
1653 3411 1895 3480 ἀγαθὸνς

312 3496 494 3560 οὐδεὶς
548 3495 754 3564 ἀγαθὸς
804 3497 852 3549 εί
904 3496 979 3567 μὴ
1029 3491 1111 3558 εἷς
1147 3497 1175 3549 ὁ
1209 3495 1366 3558 Θεός.
1399 3514 1416 3546 ι
1469 3495 1608 3548 Ἀλλ’
1664 3496 1896 3550 ἐνταῦθα

311 3589 482 3641 πάσλιν
541 3588 870 3658 ἐπιφύονται
919 3589 968 3640 οί
1004 3587 1100 3640 τοῦ
1133 3586 1375 3656 πονηροῦ
1407 3587 1674 3656 μαθηταὶ,
1707 3589 1754 3640 oi
1785 3587 1896 3641 τῶν

313 3680 474 3733 θείων
501 3680 679 3748 λόγων
703 3698 760 3733 τε
771 3681 1103 3751 μμαχισταὶ,
1124 3680 1174 3732 oi
1196 3679 1305 3732 τῶν
1324 3679 1586 3750 ῥημάτων
1610 3677 1894 3748 θηρευταὶ,

309 3775 360 3826 οί
390 3773 490 3843 τῆς
524 3771 759 3840 ἀληθοῦς
795 3770 1054 3840 γνώσεως
1084 3770 1364 3842 ὑϐρισταὶ,
1391 3771 1442 3822 οἰ
1481 3769 1575 3822 τὸν
1629 3769 1895 3840 μονογενῆ

310 3863 407 3917 τοῦ
448 3862 583 3916 Θεοῦ
618 3863 744 3915 Υίὸν
776 3863 884 3916 τῶν
908 3862 1010 3932 τῆς
1040 3862 1281 3931 φυσικῆς
1310 3861 1652 3930 ἀγαθότητος
1700 3877 1898 3931 πατρι-

311 3953 427 4005 κῶν
461 3953 654 4006 θώκων
676 3955 796 4013 ταῖς
823 3951 1006 4005 αὑτῶν
1029 3950 1462 4022 ἀθυροστομίαις
1483 3949 1896 4021 ἐπιχειροῦντες

313 4045 547 4110 ὀίπτειν,
580 4045 916 4112 φάσκοντεςο
959 4042 1136 4106 Λὺτὸς
1176 4045 1204 4096 ὁ
1247 4041 1457 4113 Ἰησοῦς
1503 4041 1779 4095 ἀπείπατο
1817 4036 1894 4093 εῐ-

2005 3215 2166 3270 quem
2195 3200 2502 3256 abscondit.
2545 3203 2648 3269 Qui
2679 3217 2811 3260 vero
2853 3219 3026 3274 usque
3049 3206 3114 3259 ad
3152 3206 3290 3262 imas
3325 3208 3590 3263 medullas

2004 3292 2253 3361 pervadit
2312 3293 2601 3348 hominum
2653 3304 2884 3361 mentes,
2935 3297 3320 3368 cogitationem
3355 3299 3590 3356 h0minis

2005 3391 2204 3438 tectam
2276 3384 2706 3454 insidiosamque
2752 3387 3049 3457 dispiciens
3081 3404 3094 3441 :
3131 3406 3150 3440 ι
3183 3389 3322 3454 Quid
3353 3405 3459 3456 me,
3509 3392 3592 3446 in-

2004 3483 2142 3552 quit,
2181 3498 2348 3538 vocas
2377 3485 2622 3540 bonum?
2647 3501 2807 3541 nemo
2838 3487 3013 3543 bonus
3038 3488 3143 3542 nisi
3179 3489 3326 3543 solus
3367 3487 3582 3544 Densus

2005 3575 2114 3630 Sed
2145 3575 2234 3631 hic
2264 3591 2453 3632 rursus
2490 3577 2687 3633 diaboli
2725 3579 2972 3649 discipuli
3015 3582 3304 3646 exsistunt,
3361 3583 3451 3652 qui
3501 3583 3587 3636 di-

2002 3673 2127 3726 vina
2190 3673 2356 3729 verba
2410 3672 2711 3729 dilacerare
2761 3675 2964 3744 solent,
3027 3686 3315 3733 venatores
3369 3693 3586 3742 vocum.

2003 3764 2099 3820 sed
2148 3780 2287 3820 verre
2325 3765 2700 3837 intelligentirc
2740 3782 2928 3824 osores
2954 3785 2970 3834 ;
2999 3771 3091 3839 qui
3123 3772 3459 3841 unigenitum
3494 3773 3589 3826 Dei

2004 3857 2200 3912 Filium
2231 3873 2260 3911 a
2292 3865 2516 3927 paterna
2543 3858 2802 3914 naturalis
2825 3859 3082 3914 bonitatis
3116 3861 3246 3916 sede
3276 3861 3586 3931 importuna

2007 3964 2104 4004 sua
2159 3950 2485 4020 loquacitate
2535 3951 2829 4005 deturbare
2876 3962 3165 4016 conantur,
3219 3967 3282 4006 ac
3335 3940 3522 4008 dicunt
3560 3969 3581 4008 :

2000 4039 2160 4098 Jesus
2193 4041 2308 4113 ipse
2338 4041 2508 4096 Deum
2533 4055 2594 4096 se
2623 4056 2744 4097 esse
2771 4043 3010 4114 negavit,
3050 4057 3174 4099 cum
3209 4045 3586 4116 repeheuderit

385 4201 430 4232 "
460 4201 648 4256 Matth.
686 4217 828 4266 xvrx,
863 4201 929 4255 16
960 4215 1140 4272 seqq.,
1179 4199 1347 4254 Marc.
1379 4214 1436 4266 ι,
1460 4197 1524 4252 17
1551 4211 1730 4267 seqq.;
1761 4195 1894 4252 Luc.
1928 4194 2178 4262 xvm,16
2200 4210 2358 4266 seqq.
2431 4195 2477 4232 "
2503 4195 2647 4254 Psal.
2684 4213 2870 4266 xxxiv,
2902 4197 2994 4254 20.

777 4299 788 4310 ’
1539 4315 1866 4378 Francisci
1898 4316 2105 4378 Scorsi
2144 4322 2334 4380 notua.

383 4443 494 4515 (l3)
516 4443 821 4498 Acriort‘bus
861 4443 1273 4515 medicamentis.
1305 4441 1442 4515 Ilinc
1473 4450 1658 4510 aperte
1681 4439 1892 4509 colligis
1920 4444 1972 4504 D
1999 4440 2414 4515 Cunctisquerin
2454 4443 2646 4515 συνιραὶ
2709 4442 2965 4515 fratribus
3022 4453 3346 4515 congregatis
3395 4447 3581 4497 tandm

311 4513 470 4584 hujus
513 4526 795 4584 auctorem
863 4514 1116 4576 homiliaz,
1188 4521 1241 4566 et
1290 4513 1601 4580 episcopum
1636 4526 1788 4584 esse,
1839 4520 1894 4565 et

306 4582 590 4639 censorem
642 4583 820 4652 populi
871 4584 951 4637 sui
1005 4597 1292 4649 severum;
1342 4597 1372 4637 a
1424 4597 1529 4652 quo
1584 4582 1728 4636 enim
1778 4582 1892 4636 haec

308 4654 746 4710 comminationis
789 4653 943 4721 plena
990 4653 1152 4707 verba
1173 4655 1364 4718 jactari
1395 4654 1445 4706 in
1477 4652 1728 4718 populqu
1757 4665 1886 4721 pos-

305 4734 451 4788 sent,
503 4725 605 4778 nisi
660 4724 727 4776 ah
760 4724 992 4779 habente
1033 4723 1405 4776 auctoritatem
1433 4732 1487 4776 et
1512 4722 1684 4776 zelum
1715 4720 1892 4790 gregis

307 4795 438 4850 sui?
474 4793 604 4848 Vide
632 4794 869 4847 Promm.
909 4794 1044 4862 lsag.
1074 4790 1166 4854 Ill,
1211 4789 1316 4861 §9.

381 4865 496 4936 (14)
537 4864 619 4916 Ad
664 4860 1313 4936 syitaxim‘concurrts’tis.
1375 4862 1453 4936 Ita
1510 4860 1699 4936 verti,_
1749 4863 1892 4930 quod

306 4931 496 4990 Grieca
533 4949 632 4987 vox
684 4931 904 4998 σύναξις
931 4933 1212 4987 latinitatis
1260 4931 1386 5000 jure
1406 4934 1604 4985 donata
1637 4934 1702 4985 ad
1735 4947 1890 4986 usum

300 5004 416 5074 jam
449 5005 876 5059 ecclesiasticum
915 5006 1156 5057 traducta
1212 5005 1304 5067 sit;
1347 5001 1642 5071 potuissem
1679 5003 1894 5054 nomine

305 5089 446 5143 puro
471 5085 596 5145 puto
643 5075 875 5145 ,Latino,
911 5075 1202 5145 collectam,
1244 5083 1576 5145 conventum,
1607 5086 1892 5145 congrega-

305 5141 501 5198 iionem
527 5144 786 5208 reddere;
808 5146 918 5198 haec
937 5146 1082 5196 enim
1103 5142 1320 5206 σῦναξις
1349 5141 1487 5196 valet
1506 5156 1535 5194 a
1571 5141 1733 5195 verbo
1759 5158 1885 5194 συν-

300 5216 446 5282 άγω,
463 5217 512 5269 id
531 5215 773 5268 absolute
793 5215 1085 5282 saepeapud
1104 5227 1289 5268 sacros
1305 5212 1596 5280 scriptores
1614 5213 1884 5281 siguilicat

300 5285 515 5354 plebem
573 5299 648 5338 rei
702 5299 873 5339 sacrie
908 5299 1070 5338 causa
1114 5284 1174 5354 ing
1220 5283 1774 5354 ecclesiam_cogere,
1829 5290 1883 5332 ct

302 5352 576 5408 interdum
622 5356 784 5407 etiam
819 5357 883 5406 ad
907 5352 1336 5407 communionem
1396 5352 1717 5415 admittere;
1750 5352 1892 5420 quod

301 5425 515 5478 notavit
560 5422 768 5487 Billius,
811 5424 904 5477 lib.
942 5439 979 5476 ιι
1014 5423 1226 5476 Ubserv.
1277 5439 1414 5475 sacr.
1446 5421 1575 5476 Inde
1610 5420 1893 5476 celebrita-

302 5505 413 5548 tcm
449 5509 542 5548 seu
599 5494 959 5563 frequentiam
1010 5493 1188 5562 populi
1222 5495 1286 5563 ad
1313 5493 1633 5563 sumendam
1679 5490 1893 5563 Eucha-

303 5565 515 5617 ristiam
552 5559 964 5631 recte'synaxim
983 5559 1229 5616 absolute
1256 5561 1476 5615 dixeris.
1501 5559 1888 5631 Monachoruut

304 5647 521 5702 quoque
571 5628 868 5688 conventus
929 5633 995 5685 ad
1023 5636 1306 5702 orandum,
1330 5633 1444 5702 sive
1467 5633 1531 5682 ad
1556 5628 1884 5702 celebranda

307 5698 560 5773 mysteria
617 5703 842 5772 synaxis
887 5703 1048 5770 dicta,
1083 5700 1352 5768 Cassium,
1385 5700 1478 5754 lib.
1512 5714 1592 5767 iv,
1620 5715 1737 5768 cap.
1777 5698 1882 5772 lii:

1997 4513 2290 4577 prostratus
2323 4514 2378 4567 in
2411 4513 2607 4568 terram
2658 4513 2858 4566 veniam
2904 4513 3208 4581 postulabit,
3257 4516 3420 4566 donec
3453 4531 3580 4568 ora-

1995 4583 2193 4634 tionum
2216 4583 2516 4638 solemnitas
2533 4593 2940 4637 consummetur.
3378 4616 3380 4620 τ

2066 4651 2180 4720 (15)
2257 4650 2430 4706 Homo
2508 4655 2604 4707 iste
2652 4663 2910 4708 versutus.
2971 4651 3193 4708 Videtur
3263 4653 3578 4709 existimare

1996 4717 2356 4790 Theophanes
2389 4724 2530 4778 hunc
2559 4723 2778 4778 divitem
2809 4725 2874 4778 de
2929 4735 3038 4792 quo
3073 4722 3264 4775 Matth.
3307 4737 3428 4792 cap.
3485 4739 3578 4777 xu
3625 4765 3628 4774 ,

1993 4792 2123 4864 agit,
2152 4795 2404 4862 quodque
2457 4795 2541 4848 hic
2568 4794 2886 4864 explicatur,
2930 4793 3184 4864 eumdem
3232 4806 3373 4853 esse,
3416 4802 3576 4864 atque

1994 4860 2143 4914 illum
2173 4860 2328 4932 legis
2375 4860 2653 4932 peritum,'
2682 4864 2749 4918 de
2780 4878 2889 4932 quo
2927 4861 3098 4932 Lucas
3131 4875 3452 4932 cap._rxvm,
3482 4862 3576 4930 qui

1993 4933 2225 4986 accessit
2245 4930 2311 4986 ad
2331 4930 2514 4988 Jesum
2539 4943 2750 4988 teutans
2777 4930 2932 4997 eum;
2965 4931 3203 4997 adeoque
3236 4930 3574 4984 diciteodem

1993 4999 2194 5068 duplici
2231 5005 2414 5056 animo
2481 5003 2739 5070 vafroque
2793 5002 2999 5070 adiisse
3026 5000 3342 5064 Dominum;
3376 5003 3426 5054 in
3467 5013 3574 5070 qua

1991 5073 2244 5137 opinione
2291 5084 2372 5126 est
2394 5074 2556 5127 etiam
2607 5069 2662 5126 S.
2704 5071 2948 5133 llieron.,
2981 5069 3037 5124 S.
3089 5070 3338 5130 Ambros,
3366 5069 3418 5124 in
3447 5069 3572 5137 cap.

1993 5155 2126 5210 svnt
2188 5140 2382 5207 Lucae;
2433 5152 2488 5196 et
2545 5143 2728 5210 Cyrill.
2792 5141 3054 5210 Alexaud.
3101 5139 3194 5192 lib.
3237 5155 3270 5192 ιι
3300 5139 3474 5205 Tltes.,
3515 5150 3572 5192 et

1996 5209 2260 5278 Epiphan.
2336 5213 2388 5265 in
2453 5209 2739 5266 Ancorato.
2813 5209 3008 5264 Verum
3077 5210 3240 5263 etiam
3300 5211 3571 5264 contraria

1991 5282 2176 5346 opinio
2203 5289 2287 5335 est
2319 5281 2522 5350 Basilii,
2557 5281 2834 5350 Chrysost.
2877 5289 2931 5332 et
2974 5279 3574 5350 Euthym.,multisque

1999 5350 2326 5418 conjecturis
2384 5349 2718 5404 Maldonatus
2776 5360 2961 5403 noster
2995 5350 3231 5402 ostendit
3260 5349 3402 5402 hunc
3428 5350 3564 5401 divi-

2001 5427 2108 5472 tem
2141 5434 2244 5472 non
2281 5421 2517 5474 tentandi
2548 5420 2773 5486 Christi,
2817 5421 2908 5474 sed
2944 5418 3153 5472 dicendi
3182 5432 3344 5470 causa
3386 5432 3571 5472 acces-

1997 5489 2152 5554 sisse,
2201 5489 2294 5542 sed
2343 5491 2441 5558 hoc
2501 5489 2798 5558 dijudicare
2849 5503 2956 5543 non
3010 5497 3093 5542 est
3152 5487 3312 5558 hujus
3364 5487 3464 5540 luci
3499 5491 3567 5542 ad

1995 5572 2152 5625 quem
2187 5557 2316 5611 satis
2348 5557 2446 5610 fuit
2481 5557 2722 5614 indicare
2763 5570 3036 5624 auctores,
3073 5572 3194 5611 cum
3229 5557 3426 5625 quibus
3443 5573 3572 5611 cun-

1993 5628 2158 5698 sentit
2196 5625 2282 5698 hic
2315 5625 2554 5698 Noster,
2576 5639 2632 5684 ut
2663 5628 2891 5686 aliorum
2921 5641 3188 5683 consensu
3219 5627 3333 5698 ejus
3356 5643 3570 5698 quoque

1993 5696 2174 5765 Opinio
2202 5695 2502 5754 fulcirctur.
