3974 6220
533 309 639 374 843
1735 303 1837 362 ΤΗ
1846 298 2039 361 ΕΟΡΠ
2049 301 2102 361 Αἶ

2110 300 2225 361 νίς
2264 299 2603 365 CERAMEI
3605 315 3679 377 illi

538 424 963 497 expertibusvis
989 424 1106 497 ejus
1135 431 1411 508 appareat.
1434 419 1623 476 Cultus
1645 419 1827 491 itaque
1863 418 2107 473 doctrina

2150 426 2191 479 Α
2224 416 2457 508 ὁρᾶσθαι
2488 420 2547 472 τὸ
2575 418 2782 491 ταύτης
2809 419 2984 491 βίαιον
3013 438 3029 457 ’
3054 424 3115 477 τὸ
3151 427 3321 497 μέντοι
3349 432 3491 499 σέϐας
3531 438 3686 508 πέφυκε

540 529 690 587 erat,
722 530 777 575 et
812 518 929 587 lege
958 501 1310 572 sanciendae.

2225 507 2554 575 διδακτικόν,
2576 512 2672 563 καὶ
2703 512 3031 583 νομοθεσίας
3058 516 3315 587 δεόμενον.

607 613 746 679 Quid
808 612 971 681 igitur
1024 611 1090 665 ad
1161 609 1276 664 haec
1333 607 1637 678 respondit,
1698 605 1789 677 qui
1838 621 1898 660 se
1952 605 2123 675 legem

2122 636 2123 656 η
2298 599 2363 651 Τί
2412 595 2508 653 οὖν
2555 601 2692 670 πρὸς
2746 601 2923 656 ταῦτα
2964 606 2994 657 6
3048 605 3233 660 ἑαυτὸν
3275 610 3492 681 οἰόμενος
3515 633 3691 687 vapos:-

533 705 831 760 observare
882 705 1181 758 censebat?
1236 723 1254 756 ι
1285 702 1410 758 llaec
1453 701 1634 757 omnia
1666 700 1946 755 observavi
1978 714 2006 751 a
2040 698 2102 768 ju

2122 728 2128 738 .
2226 690 2455 758 λακεῖν;
2493 712 2512 745 ι
2547 692 2754 759 Ταῦτα,
2791 696 2979 765 φησὶν,
3026 697 3366 773 ἐφυλαξάμην
3405 707 3461 759 ἐκ
3503 708 3691 779 νεότητός

537 806 758 850 ventute
807 810 947 849 mea.
980 816 999 848 ι
1048 793 1247 850 Videas
1285 796 1448 864 igitur
1474 812 1596 850 cum
1630 796 1880 850 Salvator
1910 795 1961 846 in
1994 793 2106 861 legi:

2230 801 2354 855 μου.
2396 804 2416 837 ι
2461 785 2956 856 Ἐγγυμνασθὲντα
3008 789 3140 858 γοῦν
3168 793 3322 849 αὐτὸν
3368 796 3475 849 ἰδὼν
3503 801 3528 852 6
3555 800 3695 873 Σωτὴρ

538 889 826 960 praeceptis
852 889 1210 942 exercitatum
1238 888 1304 942 ad
1335 888 1701 957 evangelicam
1731 886 2107 954 perfectionen

2224 876 2347 939 ταῖς
2396 880 2650 946 νομικαῖς
2699 878 2948 942 ἐντολαῖς
2992 887 3321 951 χειραγωγεῖ
3344 885 3424 939 διὰ
3455 887 3537 940 τοῦ
3581 889 3696 950 λόγου

537 994 636 1034 suo
670 993 925 1033 sermone
973 978 1325 1031 manuducit:
1365 978 1656 1033 ostendens
1700 976 1802 1047 legi
1850 979 2106 1033 cohaerert

2229 967 2368 1038 πρὸς
2392 967 2493 1038 τὴν
2554 969 2924 1042 εύαγγελικὴν
2990 971 3332 1045 τελειότητα,
3390 977 3599 1044 δεικνὺς,
3647 982 3698 1046 ὡς

541 1068 914 1135 Evangelium,
966 1075 1021 1120 et
1076 1068 1276 1120 habere
1331 1067 1472 1121 inter
1514 1082 1575 1121 se
1600 1066 1850 1136 dogmata
1901 1066 2110 1137 propin-

2227 1060 2512 1129 ἐξέρχεται
2540 1062 2636 1114 τοῦ
2673 1062 2842 1134 νόμου
2875 1063 2938 1117 τὸ
2973 1064 3328 1134 Εὐαγγέλιον,
3351 1071 3436 1123 καὶ
3462 1075 3700 1139 γειτνιῶσιν

541 1159 827 1229 quitatem.
872 1156 1148 1227 Prazcepto
1181 1157 1323 1212 errim
1367 1174 1471 1212 non
1535 1157 1873 1211 adulterandi
1923 1173 2110 1227 pra'ce-

2227 1150 2481 1221 ἀλλήλοις
2536 1152 2605 1205 τὰ
2649 1152 2938 1223 δόγματα⁸
2991 1155 3070 1226 τῷ
3122 1175 3140 1208 ι
3177 1157 3265 1228 Μὴ
3313 1161 3625 1232 linquique,»
3658 1165 3700 1216 tl

543 1260 692 1320 ptum
723 1267 826 1303 non
852 1249 1293 1318 concupiscendi,
1319 1257 1372 1301 et
1395 1256 1664 1317 praecepto
1687 1263 1791 1300 non
1819 1247 2112 1312 occidendi,

2233 1241 2356 1310 ιΜὴ
2389 1241 2741 1316 ἐπιθυμήσῃς
2761 1260 2776 1274 ’
2811 1264 2829 1297 ι
2852 1246 2947 1299 καὶ
2969 1246 3050 1318 τῷ
3084 1247 3205 1318 «Ml;
3227 1249 3509 1319 φονεῦσαι,ι
3535 1253 3585 1305 τὸ
3612 1240 3701 1324 (Μὴ

543 1355 870 1412 praeceptum
913 1358 1016 1399 non
1049 1343 1315 1399 irascendi
1347 1341 1505 1399 alIine
1534 1352 1639 1399 est.
1673 1340 1904 1413 Oblique
1934 1355 2112 1412 porro,

2224 1331 2568 1402 ὀργίζεσθαι.
2600 1351 2620 1386 ι
2659 1334 2917 1403 Πλαγίως
2966 1335 3023 1389 δέ
3082 1354 3198 1400 πως
3251 1340 3341 1392 καὶ
3386 1342 3569 1410 εὐφυῶς
3608 1343 3702 1394 ἀπο-

543 1451 607 1490 ac
637 1437 918 1506 ingeniose
951 1436 1190 1490 animum
1228 1435 1464 1490 hominis
1493 1436 1804 1490 divitiarum
1852 1442 2112 1489 amantem

2227 1426 2432 1515 γυμνοῖ
2464 1424 2567 1495 τῆς
2599 1424 2827 1497 γνώμης
2866 1426 3033 1481 αὑτοῦ
3069 1426 3130 1481 τὸ
3164 1428 3516 1497 φιλόπλουτον.
3559 1432 3705 1494 Μεθεὶς

543 1528 800 1583 ostendit.
836 1527 1106 1583 Omittens
1140 1526 1286 1581 enim
1328 1526 1565 1590 quodvis
1595 1527 1762 1592 aliud,
1790 1526 2043 1595 proponit
2074 1526 2112 1579 ἰ(

2226 1518 2337 1588 γὰρ
2362 1518 2491 1573 ἄλλο
2518 1537 2571 1573 τι
2602 1520 2779 1573 εἰπεῖν
2802 1520 2837 1573 6
2862 1521 3102 1592 μάλιστα
3129 1521 3312 1577 τοῦτον
3332 1523 3500 1578 ἐλύπει
3527 1526 3702 1595 apem-

542 1622 683 1692 quod
710 1621 942 1677 maxime
965 1621 1138 1690 ipsum
1165 1636 1362 1691 angere
1389 1619 1551 1691 317
1579 1618 1842 1688 patuisset
1863 1635 1910 1670 τι
1946 1617 2111 1672 Vendt

2227 1608 2402 1663 λεται*
2453 1629 2471 1661 ι
2514 1611 2776 1679 Πὼλησον
2805 1613 2985 1668 πάντα
3010 1617 3083 1670 τὰ
3104 1616 3407 1687 ὑπάρχοντά
3434 1634 3535 1678 σου,
3558 1621 3628 1671 καὶ
3648 1618 3704 1679 δός

543 1716 747 1781 orrmia,
784 1729 906 1785 quae
958 1714 1148 1778 habes,
1197 1722 1252 1766 et
1307 1714 1372 1767 da
1425 1712 1771 1783 pauperibus,
1807 1721 1862 1765 et
1901 1711 2112 1766 habebit

2159 1705 2486 1785 ..πτωχοῖς
2544 1705 2641 1757 καὶ
2701 1704 2847 1769 ἕξεις
2908 1706 3188 1779 θησαυρὸν
3242 1710 3299 1761 ἐν
3349 1708 3601 1779 οὐρανοῖς,
3642 1711 3705 1761 καὶ

545 1807 857 1861 thesaurum
889 1807 941 1858 in
973 1805 1145 1869 etelo;
1175 1815 1228 1856 et
1264 1804 1406 1868 veni,
1443 1818 1671 1871 sequere
1706 1817 1812 1858 me.
1849 1819 1868 1853 ι

1369 1804 1406 1868 i,
1443 1818 1671 1871 sequere
1706 1817 1812 1858 me.
1849 1819 1868 1853 ι
2159 1792 2200 1821 ³³
2225 1792 2408 1864 δεῦρο,
2442 1792 2730 1847 ἀκολούθει
2761 1813 2874 1866 μοι.
2913 1815 2931 1848 ι

620 1896 720 1953 llic
759 1911 888 1952 vero
918 1911 1144 1966 serpens
1172 1895 1282 1955 ille.
1326 1896 1415 1965 qui
1465 1895 1534 1949 ab
1562 1895 1718 1949 initio
1755 1894 1923 1950 Deum
1972 1909 2123 1950 earu-

2311 1889 2581 1944 Ἐνταῦθα
2622 1892 2650 1945 6
2687 1891 2747 1958 ἐξ
2788 1892 2966 1963 ἀρχῆς
2997 1892 3303 1948 διαϐάλλων
3330 1894 3420 1948 τὸν
3476 1895 3589 1948 Θεὸν
3618 1899 3707 1965 πρὸς

549 1988 787 2040 mniatus
819 1994 902 2039 est
940 1985 1078 2054 apud
1128 1984 1421 2050 hominem,
1458 2000 1645 2040 rursus
1698 2001 1793 2052 per
1823 1985 2039 2055 impiam
2074 1993 2118 2040 et

2226 1980 2320 2035 τὸν
2376 1981 2667 2052 ἄνθρωπον
2722 1982 2870 2052 ὄφις,
2923 1983 3091 2038 πάλιν
3151 1985 3239 2039 διὰ
3287 1986 3379 2052 τῆς
3429 1988 3600 2056 μιαρᾶς
3641 1988 3704 2039 καὶ

549 2076 963 2131 abominandam
1032 2077 1231 2133 Juliani
1300 2078 1538 2147 linguam
1614 2076 1738 2148 (2‘2)
1802 2079 2118 2132 horrendum

2227 2074 2681 2143 κατεστυγμέιης
2719 2072 2969 2144 γλώττης
3014 2073 3114 2128 τοῦ
3178 2074 3452 2151 Ἰουλιανοῦ
3502 2075 3708 2145 βῖωσνρέν

550 2168 748 2223 sibilat.
779 2168 875 2222 llic
897 2169 1040 2223 enim
1070 2185 1267 2224 vanum
1295 2169 1497 2225 Christi
1527 2171 1815 2225 consilium
1840 2158 2119 2243 ostendere

2237 2160 2596 2232 ἁπεσύρισεν.
2634 2157 2803 2226 Οὗτος
2847 2163 2959 2234 γὰρ
3014 2163 3338 2235 βουλόμενος
3392 2169 3572 2220 εἰκαῖον
3597 2167 3712 2231 δεῖξαι

551 2260 739 2315 volens
791 2260 1134 2330 hypothetico
1186 2260 1549 2331 paralugismo
1583 2262 1661 2314 sic
1701 2270 1986 2331 argutalur
2020 2277 2034 2315 :
2071 2259 2120 2315 Si

2230 2251 2324 2303 τοῦ
2344 2251 2584 2316 Χριστοῦ
2598 2254 2658 2304 τὸ
2679 2254 3076 2324 παράγγελμα,
3098 2256 3395 2327 ὑποθετικῷ
3407 2276 3474 2310 πα
3479 2258 3712 2327 palam-,6

552 2366 763 2415 mttnes,
799 2351 997 2421 inquit,
1031 2351 1133 2405 hoc
1187 2364 1477 2422 sequentes
1524 2352 1837 2415 consilium,
1866 2351 2121 2422 elegerint

2232 2340 2377 2396 οὕτω
2424 2346 2878 2413 κατασοφίζεται.
2914 2348 2976 2400 El
3027 2350 3254 2416 πάντες,
3305 2354 3482 2424 φησὶν.
3511 2354 3715 2422 ἄνθρωποι

553 2442 811 2507 vendere,
869 2453 923 2496 et
978 2443 1222 2497 dividere
1268 2443 1600 2514 pauperibus
1659 2445 1918 2513 pecunias
1976 2458 2122 2508 suas,

2160 2500 2171 2510 .
2233 2434 2310 2506 τῷ
2340 2436 2765 2507 παραγγέλματι
2818 2439 2995 2511 τούτῳ
3052 2442 3366 2511 πειθόμενοι
3393 2445 3456 2498 τὰ
3482 2444 3713 2513 ὑπάρχοντι

556 2532 806 2601 quisnam
854 2538 980 2594 erit,
1016 2534 1106 2604 qui
1137 2549 1230 2589 eas
1275 2543 1441 2599 emat,
1476 2535 1836 2592 vendentibus
1880 2537 2125 2593 omnibus

2245 2528 2429 2596 σφίσιν
2455 2528 2688 2601 ᾑροῦντο
2714 2531 2937 2599 πωλεῖν,
2984 2535 3078 2587 καὶ
3121 2536 3393 2606 διανέμειν
3430 2538 3640 2607 πτωχοῖς,
3663 2536 3716 2597 τίς

551 2624 701 2694 juxta
761 2627 1089 2695 propositam
1149 2628 1536 2698 hypotbesim?
1586 2630 1829 2683 Audistis
1881 2629 2120 2684 deliriurr

2237 2613 2305 2689 ἦν
2330 2620 2439 2690 ἄρα
2466 2623 2495 2674 ό
2522 2621 2696 2676 ταῦτα
2741 2622 3046 2694 ὠνούμενος
3088 2630 3304 2683 πάντων
3332 2628 3717 2699 ἁπεμπωὶούντων

558 2713 826 2781 Sophiste!
850 2715 1174 2783 iniquitatis.
1208 2715 1320 2784 Age
1346 2730 1479 2785 ergo
1511 2717 1792 2771 mendacis
1820 2719 2008 2771 dentes
2039 2731 2127 2771 an-

2237 2714 2380 2769 κατὰ
2405 2714 2505 2787 τὴν
2530 2715 2889 2786 προτεθεῖσαν
2936 2720 3224 2778 ὑπόθεσιν.
3259 2721 3534 2776 Ἠκούσατε
3561 2719 3633 2773 τοῦ
3662 2736 3718 2771 σο-

559 2806 729 2875 gulari
788 2806 1034 2861 veritatis
1093 2806 1272 2874 lapide
1325 2808 1756 2877 confringamus.
1820 2808 1932 2863 Nisi
1990 2811 2128 2865 enim

2239 2805 2343 2876 φοῦ
2402 2810 2500 2878 τῆς
2562 2808 2760 2873 κακίας
2808 2811 2870 2862 τὸ
2926 2813 3315 2884 παραλήρημα
3346 2830 3359 2843 ·
3389 2813 3511 2883 φέρε
3537 2813 3605 2883 δὴ,
3635 2809 3721 2869 τοὺς

561 2910 706 2954 esset
728 2897 869 2952 Deus
895 2897 1076 2963 Jesus,
1103 2901 1192 2966 qui
1216 2899 1356 2953 bona
1381 2899 1564 2952 omnia
1596 2900 1834 2953 vendere
1866 2900 2130 2965 hortatur,

2239 2896 2459 2960 ὀδόντας
2490 2897 2584 2950 τοῦ
2615 2898 2845 2968 ψεύδους
2876 2899 2955 2970 τῷ
2994 2903 3382 2973 ἁκρογωνιαῖῳ
3413 2904 3501 2973 τῆς
3535 2900 3721 2969 ἀληθείας

466 3007 470 3011 ‘
564 2990 743 3044 locum
800 2990 1033 3043 fortasse
1091 2990 1317 3043 haberet
1383 2990 1650 3058 Sophista-
1716 2998 2033 3059 argumenta

2243 2987 2660 3058 συνθλάσωμεν.
2687 2991 2750 3042 Εἰ
2775 2992 2875 3060 μὲν
2907 2993 3019 3064 γὰρ
3048 2995 3155 3047 οὐκ
3176 2990 3245 3065 ἦν
3271 2995 3399 3059 Θεὸς
3428 2997 3453 3049 6
3480 2993 3724 3065 προτρέπων

561 3082 832 3149 Quoniam
860 3096 988 3136 vero
1014 3080 1154 3135 Dens
1178 3090 1283 3146 est,
1308 3095 1469 3149 quem
1499 3080 1631 3135 nihil
1661 3082 1959 3136 futurorum
1987 3084 2130 3149 latet,

2166 3101 2208 3157 ο
2243 3081 2444 3132 πωλεῖν
2473 3084 2541 3134 τὰ
2574 3082 2895 3153 ὑπάρχοντα
2929 3085 3166 3155 Ἰησοῦς,
3200 3084 3345 3159 εἶχεν
3364 3088 3428 3142 ἄν
3465 3085 3577 3148 ἴσως
3599 3084 3724 3155 χώραν

564 3173 911 3228 manifestum
945 3181 1025 3227 est
1060 3172 1207 3226 illum
1253 3173 1490 3227 scivisse
1521 3188 1625 3226 nun
1664 3188 1853 3228 onmes
1888 3184 2133 3243 capturos

2246 3171 2279 3240 ἡ
2314 3170 2408 3223 τοῦ
2444 3173 2779 3242 σοφίσματος
2804 3173 3045 3240 ἔκθεσις.
3085 3178 3240 3231 Ἐπεὶ
3269 3178 3325 3232 δὲ
3361 3178 3483 3241 Θεὸς
3507 3173 3581 3249 ἦν,
3604 3175 3649 3227 όν
3668 3174 3725 3225 λέ-

565 3269 666 3320 hoc
703 3266 950 3330 verbum,
983 3279 1083 3319 nec
1130 3266 1196 3319 ad
1250 3264 1558 3333 bujusmodi
1593 3265 1980 3335 perfectionem
2030 3268 2134 3336 ple-

2247 3260 2378 3331 ληθε
2406 3262 2514 3315 τῶν
2548 3264 2826 3334 ἐσομένων
2849 3266 3023 3330 οὐδὲν,
3072 3267 3297 3339 εὔδηλον
3343 3270 3416 3335 ὡς
3450 3269 3568 3342 ᾔδει,
3607 3264 3725 3321 ὅτιοῦ

567 3371 765 3426 msque
800 3368 1199 3427 perventuros:
1236 3370 1336 3409 nec
1379 3365 1555 3409 tamen
1594 3356 1795 3411 idcirco
1826 3359 2015 3413 salutis
2043 3360 2136 3414 iter

2246 3348 2449 3417 πάντες
2478 3355 2570 3407 τὸν
2601 3355 2763 3425 λόγον
2789 3360 3167 3430 χωρήσουσιν,
3201 3362 3325 3416 οὐδὲ
3355 3363 3448 3432 τῆς
3474 3363 3726 3430 τελειότητος

566 3446 995 3511 impediendum.
1052 3446 1128 3499 Ex
1189 3443 1518 3500 Christianis
1574 3446 1720 3499 enim
1779 3436 2135 3517 documentis,

2244 3442 2453 3512 ταύτης
2488 3443 2537 3495 οἱ
2577 3444 2802 3508 πλείους
2836 3448 3131 3516 ἐφέξονται
3157 3466 3172 3481 ·
3217 3452 3279 3504 οὐ
3315 3451 3419 3522 μὴν
3455 3450 3534 3505 διὰ
3567 3447 3724 3514 τοῦωῆ

568 3547 732 3608 atque
792 3537 1059 3591 mandatis
1092 3537 1194 3590 alia
1228 3537 1446 3607 quidem
1477 3546 1535 3591 ut
1576 3549 1841 3607 praecepta
1869 3543 2137 3609 proposita

2245 3534 2346 3604 τῆς
2376 3536 2655 3606 σωτηρίας
2680 3538 2799 3601 ὁδὸς
2829 3539 3215 3612 κωλυθήσεται
3241 3559 3256 3576 ο
3284 3542 3391 3597 τῶν
3420 3542 3518 3613 γὰρ
3540 3542 3728 3611 Χριστια-

565 3641 714 3694 sunt,
748 3631 853 3684 alia
885 3644 1009 3683 vero
1040 3638 1099 3683 ut
1121 3628 1381 3698 obsequia
1406 3628 1737 3683 voluntaria.
1759 3627 1892 3683 Nam
1915 3640 1968 3685 et
1996 3639 2134 3687 recte

2244 3625 2412 3678 νικῶν
2463 3627 2770 3698 δογμάτων,
2818 3633 2914 3686 καὶ
2956 3634 3195 3688 ἐντολῶν
3222 3636 3291 3688 τὰ
3320 3635 3417 3705 μὲν
3443 3637 3550 3689 κατ’
3575 3629 3727 3698 ἐντολὴν

564 3726 810 3789 credere,
847 3732 904 3778 et
927 3724 1150 3793 diligere
1178 3724 1509 3791 proximum,
1540 3733 1595 3777 et
1632 3737 1855 3792 parcere
1885 3724 2133 3792 inimicis,

2244 3717 2571 3787 πράττεται,
2608 3719 2678 3774 τὰ
2707 3721 2765 3775 δέ
2805 3723 2912 3777 καθ
2967 3727 3227 3780 ἑκούσιον
3275 3727 3541 3797 εἰσφοράν.
3587 3723 3644 3778 Ti
3666 3723 3729 3792 μὲν

565 3833 665 3873 nec
692 3817 886 3884 furari,
938 3831 1037 3872 nec
1069 3816 1399 3881 adulterare,
1445 3825 1502 3870 et
1549 3823 1816 3886 quotquot
1852 3818 1958 3871 alia
2009 3816 2134 3886 legis

2265 3809 2355 3880 πὰρ
2386 3812 2671 3865 πιστεύειν
2703 3811 2902 3885 ὀρθῶς,
2932 3818 3030 3870 καὶ
3059 3821 3290 3891 ἀγαπᾷν
3311 3820 3399 3871 τὸν
3428 3816 3640 3890 πλησίον,
3669 3813 3731 3866 καὶ

564 3909 848 3982 ρταιρεριίε
882 3909 1246 3974 continentur,
1286 3909 1493 3964 servari
1535 3909 1850 3964 necessario
1895 3908 2133 3965 debent:

2246 3902 2321 3972 μὴ
2355 3910 2723 3973 μνησικακεῖν
2748 3908 2865 3972 τοῖς
2906 3909 3152 3981 ἐχθροῖς⁹
3189 3914 3330 3983 μήτε
3369 3911 3611 3975 κλέπτειν,
3639 3909 3730 3977 pla

566 4005 681 4058 haec
717 4003 863 4058 enim
898 4002 944 4056 si
980 4001 1435 4071 transgrediuntur,
1482 4001 1927 4056 condemnamur.
1962 4001 2135 4071 Virgi-

2246 3994 2544 4064 μοιχεύειν,
2573 3997 2668 4050 καὶ
2699 3998 2801 4051 ὅσα
2833 4000 2890 4053 αῖ
2936 4003 3170 4070 νομικαὶ
3215 4003 3549 4074 περιέχουσιν
3584 3995 3731 4051 ἐντολαὶ

563 4095 706 4148 nitas
757 4102 960 4158 autem,
1016 4100 1073 4147 et
1121 4092 1425 4155 czelibatus,
1460 4100 1515 4146 et
1566 4094 1879 4161 paupertas,
1912 4100 1967 4145 et
2025 4091 2132 4146 vita

2241 4086 2550 4156 ὀφείλουσιν
2577 4089 2636 4155 ἐξ
2669 4091 2917 4162 ἀνάγκης
2947 4093 3324 4162 φυλάττεσθαι
3350 4113 3365 4126 ·
3393 4093 3733 4164 παραϐαίνοντες

562 4184 832 4249 solitaria,
859 4192 917 4238 et
945 4183 1173 4239 alteram
1219 4184 1489 4237 maxillam
1523 4185 1765 4252 praebere
1793 4185 2131 4252 percutienti,

2241 4180 2350 4249 γὰρ
2378 4178 2550 4233 ταῦτα
2582 4183 2903 4253 κρινόμεθα.
2924 4185 3204 4255 Παρθενία
3236 4187 3441 4257 μέντοι,
3466 4179 3731 4251 καὶάγαμία.

562 4284 620 4328 et
657 4273 860 4328 tollenti
894 4276 1135 4328 tunicam
1171 4273 1400 4328 libenter
1429 4274 1590 4327 etiam
1627 4274 1850 4342 pallium
1897 4273 2049 4340 dare,
2082 4283 2131 4330 et

2241 4270 2339 4324 καὶ
2396 4271 2778 4342 ἀκτημοσύνη,
2838 4275 2933 4328 καὶ
2994 4277 3378 4348 ἀναχώρησις,
3439 4281 3523 4330 καὶ
3567 4272 3736 4339 θατέραν

566 4365 863 4419 liberaliter
912 4365 967 4419 in
1000 4380 1262 4435 pauperes
1313 4365 1448 4419 bona
1483 4379 1736 4435 erogare,
1781 4367 1893 4420 hzec
1932 4367 1975 4419 si
2016 4368 2135 4436 quis

2241 4364 2478 4432 παρειὰν
2508 4365 2779 4434 παρέχειν
2805 4364 2884 4435 τῷ
2908 4367 3151 4431 παίοντι,
3188 4368 3283 4421 καὶ
3311 4367 3391 4437 τῷ
3432 4359 3734 4436 ἀφαιρουμένῳ

570 4455 755 4523 laciat,
793 4458 859 4511 ad
900 4458 1289 4527 perfectionem
1336 4455 1544 4509 ducunt
1576 4471 1721 4523 eum,
1749 4457 1843 4526 qui
1893 4458 2057 4511 facit:
2090 4460 2137 4514 si

2170 4438 2214 4494 Ῑ)
2246 4453 2337 4503 τὸν
2365 4451 2572 4521 χιτῶνα
2618 4453 2918 4524 τροθύμως
2962 4456 3449 4527 προσαποδύεσθαι
3486 4455 3541 4510 τὸ
3565 4455 3733 4523 ἱμάτιον.

570 4567 698 4606 vero
716 4549 984 4621 quispiam
1012 4550 1202 4602 hormn
1229 4547 1433 4617 aliquid
1462 4548 1684 4603 minime
1711 4558 1952 4618 praestet,
1973 4561 2136 4606 (παιω-

2246 4544 2344 4596 καὶ
2403 4544 2796 4616 μεγαλοψύχως
2858 4546 3184 4620 διασκιδνᾷν
3247 4549 3318 4602 τὰ
3374 4545 3617 4618 προσόντα
3664 4538 3734 4596 τοῖς

569 4662 688 4703 rum
739 4644 1047 4698 necessaria
1082 4641 1334 4695 mandata
1388 4649 1567 4694 servet
1611 4648 1667 4694 et
1706 4642 1978 4711 dogmata,
2029 4661 2136 4700 non

2246 4635 2467 4706 πένησι,
2507 4636 2681 4689 ταῦτα
2714 4639 2764 4689 εί
2805 4640 2906 4707 μὲν
2954 4640 3316 4709 φυλάττοιτο,
3359 4636 3579 4709 nam
3606 4643 3738 4693 κατορ·

566 4741 674 4795 erit
723 4747 878 4792 extra
937 4748 1220 4789 numerum
1280 4732 1686 4788 Salvandorum.
1724 4732 2013 4804 Propterea
2071 4737 2135 4791 de

2248 4727 2448 4782 θοῦντα
2478 4732 2615 4799 πρὸς
2648 4730 2964 4802 τελειότητα
2992 4749 3007 4764 ’
3040 4736 3094 4788 εί
3126 4734 3186 4787 δέ
3217 4733 3425 4788 τούτων
3460 4729 3553 4801 μέν
3587 4741 3655 4786 τις
3684 4718 3735 4771 ἕλ’

568 4828 841 4883 mandatis
895 4842 1018 4881 cum
1080 4823 1338 4893 loquitur,
1376 4839 1481 4879 non
1541 4825 1714 4879 dicit:
1750 4826 1807 4881 Si
1872 4829 1974 4894 vis,
2032 4846 2137 4885 non

2247 4820 2438 4892 λειπὴς
2473 4823 2583 4891 εἴη.
2618 4822 2728 4876 τῶν
2753 4823 2799 4876 6'
2837 4824 3161 4893 ἀναγκαίων
3210 4822 3441 4879 ἐντολῶν
3475 4819 3561 4876 καὶ
3599 4811 3738 4883 δογμά⁴

569 4918 861 4981 furaberis,
889 4933 993 4971 non
1025 4916 1281 4982 occides;
1309 4916 1524 4984 quando
1549 4917 1764 4984 quidem
1793 4918 1909 4974 haec
1951 4937 2138 4976 ηεσιοδ-

2247 4930 2359 4966 των
2386 4915 2653 4985 τηρητὴξ,
2706 4915 2808 4968 οὐκ
2866 4916 2971 4983 ἔξω
3015 4917 3131 4970 τῶν
3180 4917 3503 4985 σωζομένων
3528 4902 3737 4964 ἐστί·ὄιᾶ

570 5012 716 5067 sario
749 5010 951 5067 servari
986 5009 1224 5074 debent;
1262 5008 1329 5062 de
1356 5008 1422 5062 iis
1453 5023 1581 5061 vero
1613 5023 1734 5063 cum
1768 5010 1898 5080 agit,
1931 5027 2051 5080 qua:
2072 5030 2139 5070 ex

2239 5007 2398 5061 τοῦτο
2434 5006 2527 5060 ἐπὶ
2559 5006 2659 5077 μὲν
2683 5008 2795 5060 τῶν
2822 5006 2998 5063 ἄλλων
3051 5011 3158 5064 οὐκ
3192 5007 3352 5065 εἶπεν
3377 5027 3389 5041 ·
3425 5010 3485 5065 El
3512 5005 3670 5068 θέλεις,
3691 4995 3738 5067 μὴ

570 5102 805 5158 arbitrio
848 5101 1076 5155 rationis
1136 5101 1306 5155 electa
1338 5099 1608 5155 donorum
1666 5103 1916 5157 obtinent
1975 5108 2139 5161 ratio-

2241 5106 2467 5176 κλέψῃς.
2493 5101 2569 5173 μὴ
2586 5101 2874 5176 φονεύσῃς,
2892 5102 3079 5174 ἐπειδὴ
3100 5105 3423 5174 ἀναγκαίως
3438 5102 3603 5173 τηρεῖν
3617 5092 3736 5148 ταῦτα

571 5211 698 5251 nem
717 5195 866 5266 (2'5):
897 5192 984 5249 «Si
1011 5194 1113 5259 vis,
1142 5192 1337 5263 inquit,
1366 5191 1636 5262 perfectus
1658 5208 1801 5259 esse,
1832 5197 1998 5251 vende
2021 5214 2140 5268 qua:

2240 5198 2493 5269 ὠφειλεν.
2547 5197 2643 5260 Εἰς
2683 5195 2742 5249 δὲ
2784 5198 2853 5249 τὰ
2884 5196 3399 5270 κατὰπροαίρεσιν
3440 5195 3581 5263 λόγον
3606 5186 3738 5254 δώρων

1808 5327 2128 5394 Francisci
2158 5332 2367 5396 Scorsi
2396 5338 2578 5394 notae.

662 5458 755 5529 22)
788 5457 1213 5529 Abominananm
1237 5453 1444 5529 ,Ιαιίᾳηὶ
1466 5455 1720 5529 linguam.
1762 5457 1840 5529 De
1870 5456 1968 5509 hoc
1995 5458 2140 5529 quod
2245 5460 2370 5511 dum
2394 5465 2559 5529 esset.
2584 5455 2719 5529 Nam
2759 5458 3101 5529 inPanorm.
3136 5469 3258 5513 erat
3289 5477 3304 5514 :
3366 5456 3527 5529 Elcei
3546 5453 3622 5505 τὸν
3640 5439 3740 5525 »πὶ

642 5462 755 5584 με)
788 5462 1213 5511 Abominandum
1237 5462 1444 5508 λιιιὶαηὶ
1466 5462 1720 5528 linguam.
1762 5462 1833 5509 De
1871 5462 1968 5509 hoc
1997 5462 2140 5524 quod

574 5534 641 5605 ha
685 5531 736 5584 ui
761 5530 942 5605 dicere
972 5525 1084 5605 jam
1109 5540 1269 5594 supra
1302 5525 1371 5579 ad
1404 5527 1551 5580 hom.
1580 5525 1633 5590 5,
1675 5535 1786 5581 not.
1816 5526 1871 5591 2,
1915 5538 1970 5580 et
1993 5527 2141 5582 hom.

2245 5462 2370 5511 dum
2394 5465 2559 5511 esset.
2584 5462 2719 5511 Nam
2759 5462 2810 5511 in
2843 5462 3101 5511 Panorm.
3136 5469 3258 5513 erat
3289 5477 3304 5514 :
3366 5462 3456 5519 Είς
3477 5462 3622 5509 eam
3640 5462 3740 5525 ιαξτι

2246 5527 2758 5605 προαίρεσιν-λόγον
2785 5527 2959 5605 δῶρον
2970 5528 3282 5605 ἐπέχοντα,
3403 5526 3740 5605 θέλειεηφησξξο

572 5602 663 5659 lsi.
696 5599 940 5669 ntit._80,
970 5592 1103 5650 dixi.
1480 5664 1491 5669 Α
1694 5665 1735 5669 __
1872 5667 1881 5669 _

2240 5592 2370 5669 etc,
2404 5592 2455 5651 in
2478 5592 2875 5669 Vatlc.,‘auteni
2920 5598 3012 5660 Εἰς
3041 5592 3122 5653 τόὶ
3141 5592 3304 5665 λόγον
3327 5600 3486 5669 δῶρον
3513 5592 3740 5669 ἀπέχολτις

643 5668 758 5735 (23)
809 5665 1080 5739 Deirorum
1108 5666 1341 5739 obtinent
1388 5664 1665 5722 rationem.
1692 5665 1845 5739 llnne
1871 5667 2044 5739 locum
2071 5683 2137 5722 ex
2242 5667 2301 5739 la
2354 5669 2544 5739 priore
2595 5667 2760 5739 igitur
2809 5671 3099 5739 articulum
3159 5664 3285 5739 τὶν
3317 5664 3456 5722 im
3497 5667 3740 5739 mum-,c!

571 5732 778 5794 duobus
839 5732 995 5788 c'odd.
1029 5736 1260 5801 restitui,
1304 5750 1427 5790 cum
1454 5746 1678 5804 uterque
1702 5736 1954 5806 lapsusin
1986 5752 2138 5793 men-

2242 5732 2453 5805 Valic.;
2507 5739 2558 5793 in
2610 5732 2847 5794 secundo
2874 5737 3052 5809 δῶρον
3104 5739 3162 5795 in
3229 5738 3415 5811 δώρων
3442 5752 3502 5794 ex
3543 5732 3743 5787 Panormo
