3974 6220
273 386 378 449 845

1624 384 1783 446 IIOM
1799 381 1948 440 [LIA
1987 377 2156 438 XLV.

3440 377 3538 442 846

271 508 584 578 ἐπέχοντα*
652 526 669 558 ι
709 509 774 562 Ei
825 510 1042 576 θέλεις,
1087 513 1260 583 φησι,
1312 511 1524 572 τέλειος
1576 503 1853 576 γενέσθαιν

1979 496 2148 550 tabes.
2185 512 2202 545 ι
2227 493 2304 548 Ad
2329 495 2442 548 haec
2459 511 2562 550 non
2584 504 2795 565 oportet
2816 496 2977 551 verba
3001 494 3215 551 Domini
3234 497 3535 562 exteriore,

258 596 528 668 ’πώλησον
572 600 644 652 τὰ
697 601 1016 673 ὑπάρχοντά
1053 621 1171 658 σου.
1213 623 1231 656 i
1292 603 1437 673 Πρὸς
1479 600 1692 660 τούτοις
1729 596 1850 648 οὐδὲ

272 688 452 757 πάντη
483 691 814 752 σωματικῶς
841 691 932 742 τὸν
967 691 1062 745 τοῦ
1094 695 1302 762 Κυρίου
1326 693 1483 760 λόγον
1511 686 1850 757 ἐκλαμϐάνει

275 781 402 833 σθαι
447 783 576 849 χρὴ,
611 781 747 833 ἀλλὰ
780 784 926 835 νοεῖν
954 786 1248 853 προσήκει,
1278 783 1354 846 ὡς
1382 782 1584 836 πωλεῖν
1617 795 1852 850 προτρε-

274 871 490 940 πόμεθα
518 872 741 934 πάντως
792 873 860 926 τὰ
910 875 1285 944 ὲπικτηθέντα
1333 876 1467 944 ἡμῖν
1513 873 1612 940 τῆς
1646 871 1852 932 κακίας

275 959 711 1029 ἐπιτηδεύματα,
743 964 841 1014 καὶ
867 962 1046 1016 πάντα
1070 964 1255 1017 δοῦναι
1283 967 1395 1026 τοῖς
1421 962 1622 1025 πκντὸς
1645 958 1852 1028 ἀγαθοῦ

276 1051 624 1120 πτωχεύουσι
658 1051 919 1122 δαίμοσι,
953 1056 1048 1107 καὶ
1076 1053 1250 1116 οὕτως
1275 1058 1332 1109 ὲν
1360 1054 1577 1125 μεθέξει
1603 1052 1853 1120 γενέσθαι

273 1141 375 1210 τῆς
402 1141 552 1204 θείας
574 1140 741 1212 ζωῆς.
765 1141 905 1195 Οὔτε
931 1146 1044 1215 γὰρ
1073 1147 1106 1214 ἡ
1137 1145 1327 1210 κακία,
1360 1143 1483 1197 οὔτε
1506 1144 1573 1196 τὰ
1595 1144 1854 1213 χρήματα

275 1233 422 1285 κατὰ
449 1232 612 1299 φύσιν
638 1234 912 1304 ἡμέτερα,
954 1235 1072 1288 ἀλλ’
1113 1235 1312 1300 ἔξωθεν
1347 1237 1480 1304 ἡμῖν
1511 1235 1852 1302 ὲπιγὲγονεν.

290 1324 534 1376 Ἀστεῖον
565 1324 624 1378 δὲ
656 1325 753 1379 καὶ
784 1325 931 1395 μάλα
963 1327 1304 1397 πρόσφορον,
1339 1329 1433 1380 καὶ
1477 1327 1538 1379 τὸ
1580 1325 1660 1394 τῷ
1705 1324 1856 1394 σοφῷ

290 1414 518 1485 Ἰωάννῃ
553 1414 656 1485 τῆς
690 1415 979 1485 Κλίμακος
1007 1420 1066 1470 ὲν
1114 1419 1291 1490 τούτῳ
1318 1419 1395 1488 τῷ
1449 1418 1598 1487 ῥητῷ
1641 1416 1852 1485 νοηθέν.

280 1508 389 1578 Boii
416 1509 526 1577 γὰρ
547 1509 576 1561 6
604 1508 784 1576 λόγος’
817 1511 1060 1578 ’Υπαγε,
1087 1509 1340 1582 πώλησόν
1365 1527 1459 1564 σου
1484 1511 1552 1564 τὰ
1574 1509 1698 1578 θελή
1711 1495 1855 1579 μᾶτα

278 1603 395 1656 τοῖς
483 1604 794 1670 προεστῶσι
870 1602 1221 1671 καθηγηταῖς
1283 1605 1522 1672 πτωχοῖς
1595 1597 1716 1655 οὖσι
1778 1599 1855 1669 τῷ

279 1689 596 1760 πνεύματι·
634 1690 780 1744 οὕτω
811 1692 922 1761 γὰρ
967 1694 1176 1765 δυνήσῃ
1211 1693 1578 1762 ἀκολουθῆσαι
1608 1691 1852 1763 Χριστῷ.

364 1781 732 1846 ’Δκούσαντος
788 1783 846 1837 δὲ
895 1783 991 1836 τοῦ
1027 1784 1308 1850 πλουσίου,
1353 1785 1450 1839 καὶ
1499 1784 1851 1855 λυπηθέντος,

1967 593 2140 646 solum
2174 607 2337 645 sensu
2366 607 2581 645 sumere
2615 610 2628 645 :
2671 593 2764 646 sed
2795 607 2890 661 par
2919 601 3002 646 est
3029 594 3192 646 etiam
3229 593 3536 664 intelligere

1960 685 2103 752 quod
2160 685 2393 736 vendere
2443 699 2724 736 monemur
2759 686 2938 737 omnia
2970 686 3146 738 studia
3181 701 3300 754 qua:
3334 686 3538 739 retine-

1961 791 2080 829 mus
2103 775 2170 828 ad
2199 775 2603 844 malutn,eaque
2628 778 2861 838 tradere,
2881 785 2940 829 ut
2967 776 3328 844 indigentibus
3352 778 3534 831 omnis

1961 865 2086 919 boni
2123 866 2484 932 daemonibus,
2533 877 2694 937 atque
2716 868 2883 937 318
2917 869 2986 920 ita
3021 870 3071 920 in
3105 879 3310 936 partem
3336 868 3534 920 divime

1961 957 2086 1011 vitae
2143 959 2348 1012 venire.
2388 958 2575 1028 Neque
2635 959 2780 1012 enim
2845 959 3070 1024 malitia,
3128 974 3227 1013 nec
3283 973 3412 1028 opes
3470 975 3539 1013 es

1962 1059 2153 1102 natura
2178 1059 2361 1104 nostra
2388 1059 2536 1112 sunt,
2561 1051 2655 1105 sed
2677 1051 3024 1105 extrinsecus
3048 1051 3204 1105 nobis
3227 1052 3540 1109 adveniunt.

1962 1139 2193 1210 Elegans
2226 1143 2411 1206 etiam,
2453 1149 2510 1194 et
2549 1141 2781 1211 perutile
2829 1141 2976 1194 dictu
3011 1151 3114 1204 est,
3149 1143 3288 1210 quod
3342 1140 3538 1196 Juanni

1961 1232 2203 1287 Climaco
2239 1233 2360 1303 (24)
2390 1233 2442 1287 in
2477 1233 2578 1287 hoc
2610 1233 2728 1286 loco
2755 1233 2901 1286 venit
2943 1233 2996 1286 in
3043 1244 3298 1286 mentem.
3329 1232 3542 1286 Clamat

1961 1324 2105 1377 enim
2143 1327 2365 1378 verbum
2399 1341 2412 1378 :
2452 1324 2622 1388 Vade,
2655 1325 2830 1378 vende
2861 1334 2980 1378 tuas
3009 1339 3200 1378 omnes
3236 1324 3542 1378 voluntates

1965 1415 2414 1492 moderatoribus
2463 1416 2596 1480 tuis,
2631 1418 2720 1484 qui
2773 1416 2866 1470 tibi
2905 1425 3163 1485 praesunt,
3201 1418 3292 1486 qui
3344 1416 3539 1486 spiritu

1961 1521 2225 1575 pauperes
2251 1518 2414 1573 sunt;
2469 1509 2548 1564 sic
2575 1509 2719 1562 enim
2757 1511 2957 1576 poteris
2987 1509 3262 1562 Christum
3291 1509 3465 1577 sequi.

2034 1599 2169 1654 Cum
2203 1601 2284 1654 Itis
2311 1601 2514 1654 auditis
2539 1601 2688 1656 dives
2717 1617 2950 1656 maerore
2973 1601 3380 1668 essetedoctus,
3406 1602 3540 1655 dixit

1963 1690 2256 1746 Salvator:
2313 1709 2332 1742 ι
2370 1690 2542 1758 Quam
2572 1692 2810 1756 diliicile,
2868 1694 2957 1762 qui
3004 1693 3261 1760 pecunias
3316 1695 3540 1758 habent,

1965 1783 2242 1836 intrabunt
2298 1784 2351 1835 in
2383 1799 2603 1854 regnum
2658 1783 2955 1838 cmlornm!
2997 1802 3016 1835 ι
3067 1782 3183 1839 Νοιι
3227 1787 3380 1850 dixit,
3436 1784 3538 1851 Qui

279 1872 448 1940 φησὶν
475 1874 506 1924 ὁ
542 1872 733 1943 Σωτήρ
778 1890 793 1905 ο
828 1891 848 1924 t
889 1875 1014 1938 Πῶς
1055 1876 1328 1939 δυσκόλως
1384 1876 1435 1929 οῖ
1482 1876 1550 1929 τὰ
1596 1876 1854 1945 χρήματα

1974 1872 2232 1926 tossident
2268 1870 2507 1934 divitias,
2554 1875 2646 1927 sed
2682 1891 2702 1924 ε
2741 1873 2839 1938 Qui
2883 1873 3103 1938 habent,
3137 1892 3156 1924 ι
3195 1874 3246 1926 id
3299 1882 3404 1936 est,
3449 1873 3540 1942 qui

284 1963 501 2034 ἔχοντες
539 1964 943 2022 εἰσελεύσονται
975 1968 1058 2028 είς
1085 1967 1186 2037 τὴν
1218 1966 1501 2038 βασιλείαν
1550 1967 1660 2020 τῶν
1698 1967 1856 2037 οὐρα·

283 2056 411 2108 νῶν.
431 2073 448 2105 ι
485 2057 600 2110 Οὐκ
632 2050 808 2120 εἶπεν,
834 2059 898 2112 0i
929 2060 1260 2129 κεκτημένοι
1291 2060 1574 2130 χρήματα,
1598 2057 1714 2111 ἀλλ’
1758 2059 1856 2110 «οῖ

285 2147 560 2215 ἕχοντες,›
603 2148 886 2203 τουτέστιν
934 2150 1008 2202 oio
1037 2149 1171 2220 παρ’
1213 2151 1428 2210 ἑαυτοῖς
1481 2147 1655 2202 ταῦτα
1698 2147 1859 2201 κατέ-

285 2254 494 2304 χοντες.
523 2237 801 2308 Σφαλερὸς
829 2238 941 2309 γὰρ
968 2240 998 2291 ὁ
1029 2237 1265 2303 πλοῦτος
1290 2237 1369 2308 τῷ
1401 2237 1564 2290 αὐτὸν
1593 2237 1859 2306 θησαυρί-

281 2327 456 2392 gown,
490 2329 603 2392 τοῖς
623 2329 681 2382 δὲ
712 2329 894 2392 καλῶς
917 2331 1222 2402 χρωμένοις
1249 2332 1310 2384 οὐ
1340 2329 1499 2401 μόνον
1519 2329 1580 2392 οὐ
1608 2328 1860 2400 μεμπτέα

283 2419 356 2471 τὰ
386 2421 670 2490 χρήματα,
711 2421 847 2475 ἀλλὰ
880 2421 977 2475 καὶ
1004 2423 1208 2492 ἀρετῆς
1232 2422 1380 2486 ἄξια.

365 2529 386 2562 ι
434 2511 830 2583 Εὐκοπώτερον
855 2516 975 2567 ἐστι
1007 2513 1256 2585 κάμηλον
1287 2514 1377 2568 διὰ
1423 2512 1732 2584 τρυμαλιᾶς
1763 2513 1859 2583 ραο

286 2605 444 2672 φίδος
470 2605 759 2668 εἰσελθεῖν,
793 2605 826 2676 ἢ
859 2605 1118 2659 πλούσιον
1147 2607 1228 2670 είς
1273 2606 1376 2677 τὴν
1429 2605 1711 2675 βασιλείαν
1756 2604 1862 2656 τῶν

283 2698 559 2768 οὐρανῶν.
594 2715 614 2748 t
668 2697 834 2768 Ὁρᾷς
887 2698 1012 2750 ὅσον
1070 2697 1352 2768 δυσχερὲς,
1412 2697 1508 2752 καὶ
1559 2697 1864 2767 ἀμήχανον,

287 2788 571 2858 σωτηρίας
608 2789 796 2857 τυχεῖν
840 2787 932 2840 τὸν
971 2789 1039 2858 τῇ
1072 2787 1339 2859 ἐπιθυμίᾳ
1363 2787 1456 2840 τοῦ
1483 2787 1716 2840 πλούτου
1746 2787 1867 2839 δου-

286 2879 600 2950 λούμενον;
661 2879 930 2935 Πλούσιον
981 2882 1093 2950 γὰρ
1148 2879 1298 2947 λέγει
1372 2879 1435 2931 οὑ
1484 2880 1576 2933 τὸν
1635 2879 1867 2945 εὔπορον

281 2972 496 3036 ἁπλῶς,
518 2971 652 3025 ἀλλὰ
678 2973 770 3025 τὸν
798 2971 994 3042 διακαῆ
1027 2973 1326 3040 ἐπιθυμίαν
1355 2973 1545 3042 ἔχοντα
1576 2971 1669 3024 τοῦ
1700 2972 1864 3025 πλου-

283 3068 424 3127 τεῖν,
479 3065 574 3117 κει.)⁸
623 3067 978 3134 περισκοπεῖν
1022 3065 1333 3127 διαπαντὸς,
1382 3064 1531 3124 ὅπως
1583 3064 1870 3128 ὲπαύξοιτο

1955 1963 2094 2032 apud
2123 1977 2182 2017 se
2213 1978 2305 2017 eas
2341 1965 2592 2022 retinent.
2639 1964 2881 2020 Falluccs
2919 1965 3063 2019 enim
3101 1964 3301 2018 divitia:
3340 1965 3390 2020 ei
3445 1965 3537 2034 qui

1953 2055 2199 2112 cumulat
2234 2056 2335 2110 sibi
2383 2057 2687 2120 thesauros,
2721 2057 2786 2110 iis
2819 2073 2946 2111 vero
2983 2058 3072 2126 qui
3121 2067 3267 2112 recte
3294 2064 3539 2112 utunturo

1957 2162 2066 2202 non
2090 2148 2261 2202 solum
2301 2161 2405 2204 non
2433 2148 2854 2218 vituperatione,
2875 2149 2968 2204 sed
2999 2150 3160 2204 etiam
3186 2150 3345 2204 laude
3367 2150 3542 2221 digna:

1959 2239 2161 2293 divitia;
2185 2247 2328 2294 sunt.

2043 2529 2062 2562 ι
2089 2509 2322 2564 Facilius
2343 2519 2427 2562 est
2451 2509 2716 2562 cautelam
2744 2508 2949 2562 intrare
2978 2523 3073 2578 per
3097 2509 3341 2564 foramen
3385 2525 3540 2579 acus,

1971 2618 2134 2674 quam
2166 2601 2388 2655 divitem
2414 2599 2467 2652 itt
2501 2612 2724 2667 regnum
2754 2597 2904 2652 Dei.»
2931 2599 3093 2655 Vides
3118 2617 3276 2670 quam
3303 2600 3540 2666 difﬁcile,

1967 2712 2018 2752 et
2069 2696 2296 2751 arduum
2350 2694 2419 2748 sit
2463 2694 2690 2746 salutem
2727 2693 2983 2760 consequi
3029 2709 3176 2759 eum,
3207 2695 3296 2762 qui
3331 2693 3546 2748 divitia-

1969 2805 2087 2844 rum
2149 2796 2230 2843 est
2284 2800 2498 2841 servus.
2536 2783 2766 2839 Divitem
2797 2785 2941 2839 enim
2988 2800 3108 2839 eum
3152 2787 3385 2856 appellat
3431 2801 3538 2840 nun

1967 2881 2164 2951 Opibus
2232 2877 2559 2947 simpliciter
2642 2877 3025 2938 abundantem,
3099 2879 3193 2932 sed
3256 2894 3376 2932 eum
3449 2881 3540 2948 qui

1973 2972 2181 3026 ardenti
2212 2970 2522 3025 divitiarum
2572 2970 2872 3037 cupiditate
2903 2971 3180 3024 devinctus
3207 2982 3312 3035 est,
3339 2979 3394 3024 rt
3428 2974 3544 3025 sin-

1973 3064 2108 3133 gulis
2139 3063 2328 3117 diebus
2356 3063 2752 3126 circumspicit,
2785 3065 3060 3130 quomodo
3091 3063 3190 3130 ipsi
3229 3078 3537 3120 manuuona

285 3149 442 3218 αὐτῷ
487 3150 587 3220 τῆς
633 3152 832 3214 κακίας
877 3152 906 3204 ὁ
947 3152 1277 3221 μαμμωνᾶς.
1330 3151 1600 3222 Ἐργῶδες
1638 3151 1732 3206 οὖν
1776 3155 1866 3207 τὸν

1974 3155 2274 3224 iniquitatis
2303 3163 2577 3224 augescal.
2606 3152 2909 3222 Operosum
2936 3169 3064 3224 ergo
3097 3164 3206 3219 est,
3239 3155 3545 3223 huiusmodi

284 3241 532 3294 τοιοῦτον
584 3243 681 3310 τῆς
733 3241 950 3296 αἰωνίου
992 3241 1266 3312 βασιλείας
1308 3245 1513 3313 τυχεῖν.
1565 3242 1710 3312 Πλὴν
1756 3244 1871 3296 ἀλλ’

285 3335 478 3405 ἐ·ιιδὴ
509 3336 636 3398 Θεὸς
672 3338 806 3407 ἡμῖν
843 3337 1151 3403 διαλέγεται
1179 3337 1209 3388 ὁ
1237 3336 1477 3390 κελεύων
1509 3337 1739 3406 ὲρευνᾷν
1771 3339 1873 3401 τὰς

287 3426 536 3496 Γραφὰς,
582 3428 676 3480 καὶ
709 3427 786 3498 μὴ
818 3428 974 3510 πρὸς.
999 3428 1160 3498 μόνον
1189 3429 1252 3480 τὸ
1297 3429 1619 3498 φαινόμενον
1662 3430 1879 3500 ἐπερεί-

281 3519 404 3570 δειν
430 3517 520 3570 τὸν
545 3517 690 3582 νοῦν,
736 3519 870 3572 ἀλλὰ
902 3521 997 3573 καὶ
1042 3519 1122 3582 είς
1168 3518 1502 3590 ὑψηλοτέρας
1530 3519 1736 3581 ἐννοίας
1765 3536 1876 3588 χω-

1982 3248 2254 3301 ltominem
2297 3261 2519 3315 rrguum
2553 3247 2803 3300 obtinere
2833 3249 3244 3317 sempiternum.
3273 3250 3541 3305 Caeterum

1974 3339 2230 3408 quoniam
2270 3336 2406 3389 Deus
2437 3346 2539 3397 ρει,
2566 3337 2654 3404 qui
2688 3337 2929 3403 loquitur
2971 3339 3148 3402 nobis,
3186 3341 3276 3409 qui
3312 3342 3544 3395 scrutari

1977 3428 2290 3496 Scripturas
2311 3428 2482 3496 jubet,
2513 3441 2612 3479 nec
2635 3425 2688 3478 in
2721 3427 2774 3479 id
2803 3427 2976 3480 solum
3011 3439 3242 3482 mentem
3269 3431 3547 3485 intendere

1978 3519 2121 3588 quod
2145 3526 2388 3586 apparet,
2415 3519 2508 3570 sed
2536 3517 2586 3570 in
2621 3517 2844 3572 altiores
2867 3519 3162 3588 pervadere
3193 3535 3418 3589 sensus;
3456 3525 3544 3592 qui

282 3612 413 3680 ρεῖν
435 3624 450 3640 ·
479 3611 509 3663 ὁ
553 3610 662 3682 γὰρ
699 3611 847 3684 μόνῳ
890 3611 1175 3683 προσέχων
1209 3611 1290 3679 τῷ
1334 3610 1625 3682 γράμματι
1658 3612 1762 3679 γῆν
1795 3627 1866 3663 σι-

1975 3610 2119 3667 enim
2143 3610 2243 3663 soli
2268 3610 2508 3662 intentus
2527 3617 2605 3662 est
2622 3609 2837 3675 litterae,
2860 3619 3004 3664 terra
3023 3612 3260 3680 pascitur
3277 3612 3411 3682 (εει,
3427 3629 3545 3683 quae

1531 3739 1852 3801 Francisci
1889 3741 2096 3803 Scorsi
2124 3748 2312 3803 notae.

285 3877 361 3913 ex
415 3859 609 3924 quibus
665 3876 848 3924 verus,
904 3873 958 3915 et
1015 3878 1305 3930 gertnauus
1355 3878 1548 3916 sensus
1600 3864 1870 3926 educitur,

283 3947 458 3999 quem
484 3931 646 4002 edidi,
703 3941 754 3984 et
786 3935 873 4002 liie
911 3939 1080 3999 magis
1132 3931 1604 4002 παραφραστικῶς
1639 3932 1871 4000 ριιιΙίω.

288 4001 552 4055 Aiteuitn
588 4012 778 4052 auctor
809 4019 822 4054 :
849 4001 984 4054 Cum
1024 4005 1088 4055 de
1129 4001 1194 4056 iis
1220 4001 1410 4071 ageret
1449 4002 1724 4065 Dominus,
1757 4017 1875 4070 qua:

287 4072 608 4124 necessario
658 4072 922 4124 servanda
985 4081 1128 4134 sunt,
1172 4087 1276 4124 non
1303 4073 1484 4124 dixit:
1525 4072 1582 4126 Si
1641 4073 1740 4135 vis,
1767 4085 1872 4124 non

296 4139 595 4203 iuraberis,
619 4150 762 4202 elc.;
795 4143 859 4193 ad
901 4157 962 4192 ea
1001 4157 1146 4203 vero,
1181 4157 1298 4209 qua:
1338 4143 1595 4193 donorum
1629 4143 1873 4193 obtinent

289 4213 584 4272 ratioaem,
610 4219 662 4262 et
696 4224 792 4276 per
819 4211 1134 4264 electionem
1178 4213 1357 4264 liberae
1392 4209 1681 4262 voluntatis
1712 4213 1864 4271 liunt,

291 4283 400 4342 ait,
443 4276 499 4332 Si
528 4280 626 4344 vis,
661 4289 769 4334 etc.
804 4280 875 4333 Ea
938 4283 1078 4332 enim
1104 4295 1222 4349 qua:
1256 4295 1315 4333 ex
1350 4279 1578 4334 censilio
1600 4279 1864 4332 servanda

288 4350 648 4414 suscipimus,
699 4361 757 4402 ιιι
829 4361 1132 4417 paupertas,
1209 4350 1512 4417 virginitas.
1565 4349 1865 4403 obedxetttia

289 4421 356 4473 in
415 4419 729 4488 obsequium
788 4421 1178 4482 voluntariutn,
1218 4429 1271 4472 et
1293 4419 1445 4488 quasi
1483 4422 1619 4488 dona
1648 4419 1755 4472 lico
1785 4417 1868 4470 oi-

287 4485 575 4558 feruntur.’
611 4485 706 4540 llic
734 4497 815 4542 est
843 4504 1036 4543 sensus
1071 4490 1227 4556 hujus
1276 4485 1475 4550 Patris,
1499 4487 1588 4558 qui
1623 4489 1869 4558 quamvis

1977 3873 2118 3916 terra
2169 3863 2314 3930 pasci
2370 3863 2518 3918 dicit.
2587 3863 2678 3917 Sic
2730 3864 2872 3916 enim
2923 3863 2992 3915 ibi
3023 3862 3080 3916 S.
3136 3863 3395 3921 Maximus
3431 3887 3443 3922 :
3477 3871 3544 3924 In

1970 3947 2074 4000 qua
2143 3934 2381 4000 quandiu
2430 3933 2620 3986 incedit
2676 3933 3014 3993 complectens
3069 3935 3316 3998 Ii:terum,
3364 3942 3546 3993 merita

1972 4017 2074 4054 non
2105 4002 2308 4053 solatur
2333 4002 2559 4068 inopiam
2591 4017 2656 4053 ex
2687 4004 2825 4072 [ante
2845 4003 3190 4071 cognoscendi
3225 4019 3544 4062 contractam

1971 4087 2025 4124 se
2079 4072 2246 4136 ipsum
2313 4071 2890 4123 condemnans'dolosi
2963 4075 3219 4138 serpentis
3285 4093 3425 4131 more
3475 4083 3546 4131 at!

1971 4141 2224 4194 edendam
2242 4150 2436 4210 terram
2465 4139 2773 4210 Scripturw,
2796 4141 2890 4192 Itoc
2908 4152 3056 4192 esteo
3069 4158 3189 4210 rpns
3214 4159 3233 4196 .·
3253 4161 3352 4198 non
3372 4158 3544 4200 autem

1973 4212 2176 4284 cie/nm,
2221 4209 2632 4284 juxtaﬂhristi
2686 4215 2993 4284 sententiam
3049 4227 3228 4279 nempe
3257 4213 3546 4284 Scriptum

1975 4281 2216 4348 spiritum
2243 4292 2288 4331 et
2325 4279 2713 4351 uitiatam,_ltn_c
2741 4289 2841 4342 est,
2881 4281 3149 4342 (mlestem,
3178 4293 3222 4333 et
3255 4279 3543 4351 angelitum

1974 4347 2159 4415 panem
2180 4364 2405 4401 vesceris.
2428 4349 2548 4402 llzt-t'
2567 4347 2624 4402 S.
2647 4349 2923 4413 Maxitnus,
2945 4365 3063 4417 qua:
3084 4352 3167 4404 ltic
3191 4347 3546 4409 valui-rescri-

1975 4421 2123 4479 bere,
2154 4421 2386 4500 maxime
2409 4420 2549 4500 quod
2589 4429 2881 4472 consonent
2906 4435 3046 4500 cuni
3079 4421 3143 4474 iis
3166 4436 3283 4500 quit:
3312 4423 3398 4478 ltic
3435 4426 3544 4480 Nu-

1976 4500 2108 4548 stcr,
2130 4489 2218 4564 qui
2249 4489 2403 4555 paulo
2423 4489 2576 4564 infra
2596 4503 2813 4564 sensum
2839 4490 3133 4564 spiritalem
3158 4493 3352 4546 caelum
3383 4505 3434 4549 et
3455 4513 3546 4564 με.-

283 4573 398 4626 per
438 4571 496 4610 se
530 4557 752 4632 liqueat,
784 4562 1066 4632 conieratn
1119 4553 1296 4632 tamen
1339 4563 1404 4611 ad
1432 4553 1552 4632 eum
1607 4553 1871 4632 magisii-
1903 4553 1948 4608 D
1978 4553 2636 4632 nemomlesieniappellat
2661 4561 2728 4611 :tb
2757 4553 2945 4632 ipso—8.
2973 4557 3228 4626 Maximo,
3249 4573 3307 4616 ut
3333 4553 3546 4632 epin'oi,

287 4624 640 4681 lustrandum
684 4624 743 4680 S.
781 4628 993 4681 Maximi
1038 4629 1290 4698 martyris
1311 4628 1594 4694 gemellum
1628 4628 1874 4698 omnium

283 4712 520 4750 sensum
577 4699 668 4766 qui
741 4710 884 4751 cent.
918 4713 996 4759 tu,
1029 4697 1103 4751 De
1157 4695 1436 4759 cimritate,
1468 4711 1582 4764 cap.
1610 4697 1676 4748 47
1707 4713 1720 4749 :
1748 4695 1875 4760 Qua:

281 4785 326 4820 a
370 4766 540 4830 nobis,
608 4768 800 4831 iuqttit,
854 4772 1138 4820 secundum
1182 4767 1348 4819 Deum
1404 4768 1555 4834 ﬁunt,
1589 4771 1780 4832 partim
1811 4780 1876 4820 ex

276 4850 554 4904 ριἰεερριο
607 4836 778 4901 ﬁunt,
829 4841 1022 4903 partim
1057 4854 1158 4890 non
1198 4852 1259 4889 ea;
1307 4846 1582 4905 praecepto,
1603 4838 1692 4889 sed
1724 4836 1876 4902 quasi

279 4907 497 4972 aliquis
559 4910 750 4960 diceret
809 4907 1107 4960 voluntaria
1157 4909 1358 4959 ratione
1381 4910 1480 4959 ista
1515 4907 1650 4972 ﬁeri.
1691 4908 1874 4958 l’ostea

281 4992 369 5046 cx
395 4978 617 5040 signatis
680 4977 742 5028 iis
777 4992 897 5045 quae
941 4991 1051 5030 non
1113 4986 1240 5031 sunt
1295 4986 1582 5046 praecepta,
1650 4977 1875 5030 subdit:

280 5045 344 5098 ll
360 5059 435 5096 (ιτ
459 5049 716 5097 donarunt
747 5048 1004 5099 rationem
1043 5049 1252 5100 habent.

377 5115 489 5181 (24)
540 5115 691 5178 Quod
746 5114 948 5169 Joanni
1006 5116 1262 5170 Ciintaco.
1341 5115 1444 5170 Ubi

275 5186 525 5238 (litiuaci
569 5197 764 5248 exstet,
815 5187 1122 5240 'l‘ateorme
1145 5186 1388 5239 adhibito
1431 5185 1668 5253 diligenti
1702 5186 1878 5237 studia

273 5270 411 5308 non
457 5258 716 5308 hactenus
773 5256 986 5324 legisse,
1050 5271 1246 5310 censeo
1309 5271 1436 5310 vero
1495 5257 1878 5320 'ibeupltanem

273 5339 412 5378 non
452 5323 501 5375 id
533 5328 799 5378 dicturum
830 5323 1014 5388 fuisse,
1042 5326 1145 5379 nisi
1169 5326 1381 5395 legisset
1407 5326 1624 5378 alicubi.
1650 5325 1878 5378 Senien-

276 5405 375 5447 tia
418 5407 543 5446 vero
566 5398 808 5461 quamvis
833 5412 859 5447 a
895 5397 1070 5449 littera
1113 5398 1182 5448 sit
1213 5397 1412 5458 aliena,
1445 5404 1528 5449 est
1566 5407 1743 5448 tamen
1767 5409 1883 5463 my-

268 5467 462 5523 stica,
502 5474 556 5516 et
577 5465 790 5533 quidem
819 5468 1040 5534 pietate,
1067 5476 1121 5520 et
1145 5467 1397 5534 religioso
1433 5466 1655 5519 Climaci
1682 5465 1881 5533 spiritu

262 5535 482 5599 digna.

399 5602 488 5664 15)
550 5601 711 5656 Terra
733 5607 988 5670 pascitur.
1022 5607 1100 5658 Ad
1150 5606 1294 5659 hom.
1328 5619 1368 5668 ι,
1419 5613 1530 5661 not.
1562 5605 1595 5659 9
1621 5604 1795 5656 locum
1820 5603 1880 5658 S.

275 5671 529 5728 Maximi
588 5677 842 5743 martyris
891 5691 956 5728 ex
1010 5685 1152 5729 cent.
1183 5691 1236 5737 v,
1267 5690 1390 5744 cap.
1421 5674 1511 5736 55,
1540 5675 1790 5743 produxi,
1816 5676 1882 5728 ad

1507 5115 1607 5167 hoc
1674 5114 1876 5168 dictum

262 5757 465 5814 quem
515 5744 709 5798 Noster
769 5747 854 5799 hic
905 5746 1090 5798 alludit
1128 5761 1249 5814 cum
1305 5761 1425 5797 eum
1457 5747 1545 5811 qui
1581 5746 1772 5796 litterae
1795 5759 1886 5797 so-

266 5813 418 5870 lium
471 5814 697 5869 inita-ret
750 5815 805 5869 iit
855 5831 1136 5870 sacrarum
1209 5813 1536 5870 Litterarum
1585 5813 1880 5881 intellectu,

1975 4628 2221 4697 edoctus.
2255 4626 2506 4697 Pluribus
2535 4633 2695 4681 etiam
2730 4629 2852 4682 aliis
2882 4645 2998 4697 cap.
3028 4632 3164 4682 idem
3191 4626 3495 4687 variis-mod
3523 4626 3547 4689 ἐ

1977 4696 2210 4768 inettleat
2247 4696 2304 4768 S.
2338 4696 2623 4768 Maximus,
2650 4709 2791 4755 rent.
2821 4714 2895 4768 tv,
2940 4696 3058 4766 cup.
3093 4701 3178 4760 76,
3208 4711 3260 4750 et
3299 4713 3442 4756 cent.
3492 4721 3544 4768 ν,

1975 4779 2097 4826 cap.
2134 4767 2226 4829 50,
2254 4767 2316 4821 5i
2354 4776 2406 4820 et
2440 4767 2526 4822 54.
2567 4773 2740 4836 Amne
2772 4769 2822 4822 lii
2849 4767 3032 4821 Patres
3062 4771 3320 4823 adverSus
3349 4788 3441 4826 eos
3463 4773 3544 4826 lo-
3603 4815 3606 4818 .

1977 4845 2236 4902 tpumtur,
2273 4838 2362 4905 qui
2407 4839 2478 4890 ita
2509 4839 2651 4891 circa
2677 4840 2910 4890 litteram
2945 4849 3302 4905 occupantur,
3332 4849 3388 4894 ut
3419 4847 3540 4896 titil-

1979 4905 2086 4958 lum
2134 4920 2349 4960 sensum
2400 4907 2701 4975 spiritalem
2750 4923 2815 4961 ex
2847 4920 2912 4960 eo
2933 4907 3129 4959 elicere
3164 4912 3542 4968 uoveriut:ex

1979 4989 2087 5043 quo
2135 4989 2334 5044 genere
2376 4977 2544 5031 Judaei
2571 4989 2718 5042 Slllll,
2751 4987 2808 5028 ut
2838 4981 2993 5029 docte
3049 4975 3305 5032 Alfonsns
3333 4980 3545 5038 Salmc-

1979 5060 2224 5120 ro_n_su_c.
2261 5058 2478 5120 nostra!
2526 5051 2612 5115 qui
2647 5050 2710 5099 ad
2746 5045 3053 5099 Comment.
3093 5047 3144 5099 itt
3178 5047 3378 5118 Evang.
3406 5071 3541 5120 pra:-

1981 5117 2125 5167 tnisit
2151 5113 2556 5190 Pralcgomeua,
2587 5130 2650 5190 et
2685 5129 2910 5182 quorum
2931 5128 3122 5169 octavo
3147 5121 3257 5172 haec
3293 5113 3545 5190 désumo,

1980 5200 2101 5252 quae
2130 5189 2194 5237 ad
2229 5187 2369 5238 lianc
2397 5187 2794 5239 adnotationem
2814 5200 2916 5254 non
2955 5199 3144 5254 parum
3198 5195 3502 5246 conducunt
3529 5187 3544 5246 ὲ

1979 5255 2154 5327 {udwi
2195 5256 2394 5327 igitur,
2429 5266 2474 5307 et
2538 5256 2581 5327 si
2621 5258 2709 5322 qui
2742 5253 2935 5327 similes
2958 5253 3135 5309 eorum
3167 5274 3308 5324 sunt,
3339 5263 3545 5327 inquas

1983 5323 2186 5376 Paulus
2210 5325 2452 5393 scripsit:
2485 5343 2502 5376 ι
2531 5324 2726 5377 Littera
2753 5326 2964 5387 occidit,
2990 5330 3203 5393 spiritus
3223 5323 3395 5382 autem
3420 5323 3517 5385 ιιὶυὶ
3537 5364 3548 5374 -

1982 5396 2104 5462 [icat
2149 5393 2229 5462 (II
2275 5391 2398 5446 Cor.
2431 5411 2508 5454 tu.
2541 5396 2635 5461 6);
2691 5412 2710 5445 ι
2748 5407 2838 5445 nec
2865 5391 3052 5448 mirum
3086 5411 3182 5458 est,
3230 5401 3350 5453 illos
3389 5402 3543 5463 spiri-

1983 5478 2094 5516 tum
2149 5479 2439 5537 ignorasse,
2507 5471 2719 5537 quine
2772 5464 2998 5516 litteram
3059 5470 3265 5535 quidem
3312 5475 3548 5537 capian'.

1989 5552 2008 5584 ι
2088 5532 2353 5604 Animalia
2394 5532 2566 5585 autem
2614 5536 2766 5586 homo
2819 5549 2923 5586 non
2947 5532 3158 5602 percipit
3191 5553 3250 5590 ea
3277 5532 3394 5604 qua}
3426 5555 3545 5594 sunt

1985 5603 2202 5669 spiritus
2261 5603 2398 5656 Dei:
2427 5605 2652 5656 stultitia
2711 5606 2846 5656 enim
2901 5615 2977 5658 est
3011 5606 3110 5668 illi,
3169 5617 3217 5658 et
3259 5603 3359 5661 non
3383 5623 3546 5669 potest

1985 5671 2288 5748 intelligere.
2313 5673 2434 5738 quia
2459 5674 2806 5748 spirituali‘ter
2854 5676 3223 5729 examinantur
3251 5678 3300 5748 (Ι
3340 5677 3464 5735 ουν,
3486 5697 3546 5737 ιι,

1987 5743 2099 5812 id).
2154 5761 2173 5794 t
2205 5744 2402 5813 Contra
2430 5758 2546 5797 vero
2577 5745 2666 5799 alii
2715 5745 2790 5797 ita
2826 5760 3028 5796 sensum
3055 5743 3387 5813 spirituulem
3413 5755 3550 5806 acci-

1985 5817 2155 5882 piunt,
2189 5824 2243 5887 ut
2275 5811 2506 5870 litteram
2536 5817 2744 5869 ontnino
2771 5811 3111 5885 deet-uerita,
3132 5830 3183 5871 ut
3212 5833 3329 5876 sunt
3350 5839 3414 5876 ea:
3453 5824 3547 5876 Ju.
