3974 6220
465 223 571 284 863

1677 218 2172 319 THpOPHANts
2194 180 2300 283 'CE
2310 222 2553 284 RAMEI
3587 223 3666 287 tu

467 337 677 398 uarius.
717 349 949 405 quorum
982 342 1212 399 uterque
1270 346 1530 387 numerus
1564 331 1608 386 si
1639 331 2050 399 'componatur,

2176 352 2304 389 tsva
2352 334 2689 389 δυοκαίδεκα
2721 332 2956 403 γίνεται.
2980 329 3223 396 Εἰκότως
3246 330 3297 385 οἱ
3319 330 3406 385 τοῦ
3429 333 3669 403 κηρύγμα-

468 428 864 483 duodenarium
898 425 1082 490 edicit,
1124 424 1321 479 merito
1357 423 1760 493 przedicationis
1783 421 2055 494 corypbtei

471 525 697 580 tbtidem
732 522 1004 577 numerati
1063 531 1210 575 sunt.
1269 520 1399 586 Qua:
1444 519 1548 572 alia
1581 526 1845 588 praeterea
1888 532 2057 572 causa

472 617 631 686 hujus
672 615 877 668 numeri
926 613 1157 668 subest?
1203 611 1474 666 Nimirum
1507 611 1633 681 quia
1662 612 1841 664 omnis
1871 626 2057 664 eorum

473 710 740 771 doctrina,
762 706 1150 776 theologicam,
1174 704 1502 767 naturalem,
1522 701 1893 769 moraiemque
1911 716 2061 756 cout-

471 799 745 867 plectitur.
774 795 867 851 liae
892 811 1026 849 vero
1059 793 1373 848 duodenarii
1405 793 1616 846 numeri
1661 792 1894 847 circuitu
1924 805 2058 845 con-

475 892 739 943 tinentur.
770 887 936 942 Trina
968 887 1114 941 enim
1154 884 1418 953 theologia
1459 892 1686 954 propter
1735 882 2054 954 m3sterium

473 982 799 1048 Trinitatis;
860 980 1108 1051 quinaria
1166 993 1295 1031 vero
1356 978 1625 1032 naturalis
1676 987 1899 1045 propter
1954 975 2063 1029 ele-

476 1081 679 1131 meuta,
708 1079 765 1123 et
820 1069 1049 1122 formam
1100 1067 1152 1121 iu
1212 1068 1393 1134 specie
1436 1066 1885 1126 constituentem;
1923 1080 2062 1135 qua-

474 1165 716 1217 ternaria
777 1178 911 1217 vero
942 1160 1161 1216 moralis
1200 1171 1425 1231 propter
1472 1160 1758 1229 generales
1805 1163 2058 1224 virtutes,

475 1274 597 1326 quae
636 1271 768 1312 sane
811 1256 863 1311 in
905 1271 1069 1309 unum
1101 1264 1289 1310 coacta
1330 1253 1610 1308 duodecim
1656 1252 1913 1308 eiiiciuut.
1947 1252 2061 1319 Qua

486 1364 651 1416 porro
676 1349 745 1402 de
768 1363 955 1411 causa,
999 1347 1090 1417 qui
1125 1348 1192 1403 ad
1225 1347 1406 1400 mundi
1433 1347 1598 1400 totius
1629 1345 1859 1399 salutem
1893 1344 2061 1407 venit,

478 1444 570 1510 qui
598 1458 813 1498 omnem
847 1441 1140 1495 humanam
1171 1450 1416 1494 naturam
1451 1455 1545 1508 per
1570 1453 1782 1499 massae,
1815 1437 1978 1508 327
2011 1437 2062 1490 id

479 1543 581 1595 est.
628 1535 807 1587 carnis
837 1547 950 1586 sum
980 1531 1249 1600 primitias
1300 1530 1411 1600 (47)
1457 1530 1561 1582 sibi
1599 1529 1980 1592 circumdedit,
2013 1528 2064 1581 iu

480 1640 585 1691 qua
616 1624 693 1677 uti
720 1634 905 1693 partes
936 1624 1100 1677 totius
1133 1625 1384 1676 humana-
1424 1622 1601 1688 gentis
1637 1619 1836 1682 Judaei,
1872 1619 2065 1672 Sama-

481 1720 620 1780 ritae.
673 1718 957 1783 Gra'cique
1004 1718 1448 1784 continebantur,
1482 1717 1621 1768 intra
1670 1715 1817 1770 solos
1862 1714 2065 1770 Iudaea:

483 1811 619 1862 tiues
669 1810 1108 1877 prmdicationem
1171 1808 1582 1863 circumscribit
1646 1809 1890 1863 dicens:
1954 1828 1972 1860 ι
2010 1808 2070 1862 In

484 1901 625 1954 viam
678 1902 917 1971 gentium
963 1915 1031 1955 ne
1060 1900 1343 1954 abierilis?
1376 1919 1395 1952 ι
1439 1899 1691 1954 Fortasse
1720 1901 1846 1970 quia
1876 1899 2076 1954 Judmis

488 1994 722 2061 primum
799 1990 1084 2063 opertebat
1142 1992 1490 2062 Evangelium
1547 1993 1847 2062 praedicari.
1940 1993 2076 2059 Ipsis

488 2087 632 2139 enim
662 2100 691 2139 a
730 2086 996 2156 principio
1022 2086 1289 2155 promissa
1317 2086 1441 2140 data
1486 2085 1731 2149 fuerant,
1767 2095 1819 2139 et
1845 2100 1909 2138 ex
1944 2085 2075 2155 ipsis

489 2179 790 2232 secundum
833 2194 1051 2233 carnem
1097 2190 1258 2233 natus
1287 2192 1368 2233 est
1399 2175 1671 2233 Christus.
1703 2176 1800 2233 Ubi
1845 2193 1974 2233 vero
2022 2179 2071 2231 iu

490 2282 664 2349 ipsum
698 2281 752 2336 hi
783 2282 1100 2338 debacchati
1131 2293 1279 2349 sunt,
1318 2293 1625 2352 qutercutcs
1673 2288 1910 2336 animam
1954 2283 2075 2352 ejus

490 2374 688 2429 mortis
741 2374 951 2444 laqueis
989 2377 1400 2430 circumducere
1424 2415 1440 2441 ,
1480 2376 1554 2428 uti
1590 2376 1720 2430 viles
1748 2385 1802 2430 et
1847 2376 1956 2429 Deo
1986 2378 2072 2428 in-

489 2465 591 2518 visi
646 2465 869 2535 rejecti,
920 2477 974 2520 et
1008 2482 1037 2519 a
1089 2467 1183 2520 Dei
1236 2465 1606 2521 familiaritate
1641 2466 1873 2534 sejuncti
1905 2477 2068 2530 sunt;

490 2554 544 2608 in
603 2565 792 2625 gentes
816 2571 943 2610 vero
995 2556 1186 2611 Salutis
1226 2572 1389 2625 opera
1421 2556 1615 2610 collata
1651 2567 1754 2611 est.
1797 2555 2065 2611 Praeterea

490 2648 654 2703 ctiam
703 2664 811 2701 non
859 2650 1109 2719 prohibet
1159 2648 1459 2713 Dominus,
1497 2650 1784 2718 quominus
1828 2648 2078 2720 discipuli

490 2740 742 2809 gentibus
790 2740 1140 2811 Evangelium
1181 2739 1546 2810 promulgeut.
1600 2740 1886 2807 Quomodo
1931 2743 2075 2796 enim

489 2829 543 2884 id
581 2838 757 2896 vetet,
806 2830 897 2900 qui
948 2833 1189 2885 omnium
1226 2831 1530 2887 communis
1578 2842 1664 2886 est
1692 2834 1986 2898 cooditor,
2023 2842 2077 2888 et

490 2926 731 2976 omnium
768 2941 956 2978 curam
990 2925 1150 2996 gerit,
1202 2927 1294 2998 qui
1331 2927 1466 2980 dixit
1509 2944 1525 2981 :
1575 2945 1595 2979 ι
1636 2928 1833 2983 Doccte
1882 2944 2078 2984 omnes

492 3015 781 3083 gentes"?
814 3034 833 3067 ι
868 3014 970 3083 Qui
995 3029 1051 3071 et
1080 3033 1203 3071 cum
1229 3018 1518 3075 meretrice
1543 3018 1885 3074 Samaritana
1909 3021 2077 3075 collo-
2104 3047 2151 3107 ρ

492 3115 652 3157 cutus
674 3117 777 3168 cst,
825 3115 883 3160 et
921 3109 1060 3177 apud
1090 3111 1234 3177 ipsos
1265 3109 1637 3164 Samaritanos
1686 3113 1886 3165 mansit
1939 3114 2076 3169 duos

492 3195 610 3249 dies
634 3196 718 3250 "7
781 3196 871 3267 qui
930 3201 1302 3254 centurionem
1334 3202 1417 3267 ",
1478 3213 1535 3258 et
1591 3203 2073 3275 Syrophtnuissam

493 3287 816 3355 gentiles”,
857 3300 912 3345 et
954 3291 1209 3362 indignos
1246 3294 1329 3349 sui
1368 3310 1475 3350 non
1507 3296 1740 3366 repulit?
1768 3296 1883 3351 Non
1915 3298 2081 3367 igitur

493 3380 690 3438 docere
737 3396 950 3452 gentes,
995 3385 1088 3438 sed
1131 3400 1317 3441 eorum
1368 3388 1575 3457 ingredi
1605 3389 1782 3454 viam,
1835 3400 1890 3444 et
1913 3405 2076 3458 opera

498 3474 677 3530 facere
711 3477 982 3547 prohibet.
1040 3479 1284 3534 Observa
1326 3487 1504 3534 autem
1543 3482 1818 3549 quomodo
1852 3482 1918 3536 tie
1948 3497 2080 3552 geu—

497 3566 643 3621 tibus
695 3567 925 3638 loquens
951 3569 1092 3623 viam
1129 3570 1330 3626 dixerit
1366 3587 1381 3624 :
1425 3591 1442 3623 ι
1476 3569 1531 3625 lu
1567 3572 1707 3626 viam
1735 3574 1974 3643 gentium
2018 3590 2082 3628 ue

499 3659 746 3713 abieritis
779 3676 793 3713 :
830 3679 848 3712 ι
882 3662 1140 3732 quoniam
1179 3672 1369 3732 gentes
1416 3679 1609 3719 omnes
1657 3676 1810 3719 extra
1865 3666 2079 3721 vivendi

498 3747 643 3801 viam
669 3763 700 3803 a
724 3749 863 3821 lege,
892 3759 947 3806 et
974 3752 1248 3822 prophetis
1271 3762 1626 3821 monstratam
1651 3755 1927 3818 errabant,
1951 3772 2082 3810 eva-

498 3850 689 3909 gautes
719 3841 863 3898 circa
891 3843 1034 3898 illam
1066 3843 1225 3899 latam
1259 3863 1323 3901 ac
1353 3850 1672 3918 spatiosatu,
1712 3863 1872 3918 quam
1899 3849 2086 3903 deam-

500 3933 692 3988 buiare
721 3934 1017 4005 discipulos
1054 3947 1196 3992 vetat
1231 3938 1494 3995 Dominus
1518 3941 1704 3995 dicens
1733 3956 1746 3993 :
1791 3959 1809 3992 ι
1851 3939 1909 3995 lu
1942 3941 2083 3993 viam

501 4026 746 4094 gentium
799 4043 864 4082 ne
888 4027 1152 4084 abieritis.
1188 4047 1208 4081 ι
1248 4030 1304 4084 In
1345 4031 1447 4085 hac
1476 4045 1625 4095 vero,
1648 4030 1739 4100 qui
1765 4045 1869 4086 non
1901 4030 2086 4086 consi-

499 4117 590 4167 stit
614 4157 630 4182 ,
685 4132 750 4173 ac
782 4130 1099 4188 permanet,
1131 4136 1256 4176 eum
1304 4122 1523 4178 beatum
1552 4123 1815 4195 praedicat
1866 4122 2034 4178 David
2065 4142 2079 4178 :

506 4226 524 4258 ι
563 4209 757 4265 Beatus
803 4212 896 4278 qui
928 4212 979 4267 in
1009 4214 1093 4268 via
1134 4225 1481 4285 peccatorum
1521 4231 1631 4272 non
1659 4218 1811 4271 stetit
1832 4217 1902 4269 ".
1941 4235 1960 4267 ι
2002 4215 2084 4269 Ab

502 4300 607 4355 hac
636 4300 717 4355 via
749 4303 1065 4370 deﬂectere,
1101 4322 1196 4376 per
1220 4317 1422 4363 rectam
1454 4322 1586 4363 vero
1632 4308 1927 4378 procedere
1974 4307 2083 4360 θος

2158 446 2251 492 τος
2278 431 2570 501 κορυφαῖοι
2601 427 2862 482 τοσοῦτον
2907 425 3228 496 ἐτύγχανον.
3264 422 3381 477 Ἔτι
3426 425 3512 478 καὶ
3541 425 3610 479 διὰ
3631 429 3671 481 τί

2159 521 2464 592 ἐτύγχανον
2487 520 2697 574 δώδεκα
2718 535 2735 586 ;
2759 518 2986 588 Ἐπειδὴ
3012 518 3045 587 ἠ
3080 518 3228 570 πᾶσα
3251 513 3447 569 τούτων
3463 517 3673 572 διδασκα-

2158 615 2252 670 λία
2273 614 2613 684 θεολογικῆς.
2635 614 2727 666 καὶ
2751 614 3013 682 φυσικῆς,
3057 611 3152 664 καὶ
3190 611 3383 680 ὴθικῆς
3417 611 3676 681 φιλοσοφίας

2159 705 2229 780 ἦν
2286 708 2637 779 περιεκτική.
2679 705 2871 759 Ταῦτα
2909 705 2966 759 δὲ
3032 702 3110 774 τῷ
3167 703 3441 773 δωδεκάτῳ
3494 704 3672 775 ἀριθμῷ

2168 803 2507 873 περιέχεται.
2556 800 2831 871 Τριαδικὴ
2874 797 2984 869 γὰρ
3022 800 3057 869 ὴ
3110 796 3355 863 θεολογία
3403 795 3483 849 διά
3522 798 3573 849 τὸ
3604 798 3677 867 τῆς

2164 896 2401 967 Τριάδος
2455 895 2779 966 μυστήριον,
2844 888 3146 959 πενταδικὴ
3201 887 3256 941 δὲ
3312 889 3345 956 ἡ
3388 888 3568 959 φυσικὴ
3613 889 3678 943 ac

2163 988 2229 1041 τὰ
2280 980 2543 1057 στοιχεῖα,
2588 984 2685 1038 καὶ
2716 983 2779 1037 τδ
2820 980 2961 1036 εἶδος
2983 980 3048 1034 τδ
3078 979 3254 1032 ταῦτα
3288 978 3578 1045 είδοποιοῦν,
3610 997 3679 1034 τε·

2163 1079 2396 1149 τραδικὴ
2462 1077 2521 1130 δὲ
2581 1076 2615 1146 ἡ
2676 1073 2846 1146 ἠθικὴ
2899 1071 2989 1126 διὰ
3043 1068 3143 1135 τὰς
3219 1069 3435 1139 γενικὰς
3500 1072 3678 1142 ἀρετὰς,

2164 1171 2309 1242 ἅπερ
2336 1169 2603 1241 ἑνούμενα
2642 1167 2885 1237 γίνονται
2925 1164 3158 1220 δώδεκα.
3211 1160 3372 1215 Ἀλλά
3419 1164 3547 1226 τίνος
3589 1163 3679 1217 ἓνε-

2165 1281 2261 1317 κεν
2310 1264 2339 1316 ό
2398 1262 2494 1314 ἐπὶ
2553 1261 2803 1330 σωτηρία
2873 1261 3078 1323 παντὸς
3141 1256 3239 1314 τοῦ
3315 1258 3504 1328 κόσμου
3542 1274 3680 1327 παρε-

2165 1356 2493 1427 γενόμενος,
2551 1354 2582 1407 ό
2625 1355 2809 1407 πᾶσαν
2868 1352 2967 1422 τὴν
3022 1350 3372 1424 ἀνθρωπίνην
3433 1348 3574 1418 φύσιν
3617 1347 3681 1427 διὰ

2166 1449 2268 1516 τῆς
2326 1447 2585 1518 ἀπαρχῆς
2645 1444 2740 1499 τοῦ
2807 1443 3139 1515 φυράματος
3183 1442 3543 1513 περιθέμενος,
3581 1434 3680 1514 ὲνῇ

2170 1540 2375 1601 παντὸς
2405 1535 2473 1609 ἦν
2507 1538 2698 1601 ἔθνους
2724 1535 2783 1589 τὸ
2823 1537 2992 1607 μέρος
3015 1534 3299 1599 Ἰουδαίου,
3341 1533 3429 1587 καὶ
3465 1534 3682 1602 Σαμαρεί·

2170 1647 2284 1692 του,
2319 1629 2415 1682 καὶ
2442 1627 2731 1692 Ἕλληνος,
2756 1629 2836 1689 είς
2860 1626 3058 1695 μόνους
3103 1624 3397 1686 Ἰουδαίους
3439 1623 3682 1692 περιθρέξει

2172 1721 2236 1773 τὸ
2260 1720 2527 1790 κήρυγμα
2555 1719 2731 1786 λέγων
2755 1735 2771 1750 ·
2796 1737 2815 1770 ι
2856 1719 2945 1782 Et;
2968 1718 3086 1771 όδδν
3103 1716 3279 1770 ὲθνῶν
3304 1716 3375 1786 μὴ
3398 1714 3629 1783 ἀπέλθητε
3646 1731 3679 1780 ςι

2175 1814 2330 1884 Τάχα
2362 1814 2445 1866 ὅτι
2480 1813 2593 1875 τοῖς
2638 1810 2916 1874 Ἰουδαίοις
2967 1811 3074 1865 ἔδει
3112 1810 3375 1882 πρότερον
3407 1807 3683 1878 κηρυχθῆναι

2173 1905 2236 1960 τὸ
2262 1905 2622 1975 Εὐαγγέλιον.
2659 1904 2804 1974 Πρὸς
2834 1903 3033 1966 αὐτοὺς
3063 1904 3176 1973 γὰρ
3203 1902 3259 1957 at
3295 1900 3534 1955 ἀνέκαθεν
3556 1902 3682 1966 ἐπαγ·

2175 1990 2377 2068 γελίαι,
2403 2001 2499 2052 καὶ
2530 1997 2588 2064 ἐξ
2619 1997 2802 2051 αὐτῶν
2835 1996 2896 2049 es
2923 1995 3066 2049 κατά
3094 1994 3284 2065 σάρκα
3313 1992 3546 2064 Χριστός.
3580 1987 3679 2042 Ἀλλ’

2178 2092 2367 2161 ἐπειδὴ
2391 2085 2539 2146 οὗτοι
2571 2090 3109 2160 ὲπεπαρῳνήκεισαν
3146 2088 3229 2150 είς
3272 2085 3446 2148 αὐτὸν,
3469 2084 3682 2153 ζητήσαν-

2176 2198 2267 2243 τες
2318 2181 2483 2234 αὐτοῦ
2553 2180 2653 2251 τὴν
2706 2179 2907 2251 ψυχὴν,
2960 2180 3073 2241 τοῖς
3117 2176 3217 2230 τοῦ
3259 2175 3476 2229 θανάτου
3523 2174 3681 2244 βρόχοις

2179 2273 2524 2345 περιϐαλεῖν,
2580 2272 2874 2340 γεγόνασιν
2925 2268 3252 2337 ἀπόϐλητοι,
3302 2268 3388 2320 καὶ
3419 2264 3681 2329 θεοστυγεῖς,

2178 2366 2275 2420 καὶ
2301 2366 2401 2433 τῆς
2434 2370 2573 2434 πρὸς
2613 2364 2746 2417 Θεὸν
2774 2363 3034 2427 ἐξέπεσον
3061 2361 3419 2427 οἰκειότητος,
3469 2354 3682 2427 ὲνηργήθη

2178 2456 2292 2527 δὲή
2336 2454 2588 2524 σωτηρία
2622 2456 2735 2516 τοῖς
2775 2451 3011 2505 ἔθνεσιν.
3056 2450 3271 2513 ’Λλλως
3308 2467 3364 2502 τε
3381 2450 3471 2502 οὐκ
3490 2449 3684 2514 ἀπείργει

2180 2550 2307 2612 τοὺς
2340 2547 2593 2619 μαθητὰς
2629 2547 2928 2618 κηρύττειν
2973 2547 3087 2609 τοῖς
3153 2543 3330 2597 ἔθνεσι
3366 2560 3379 2574 ·
3434 2541 3535 2603 πῶς
3557 2541 3686 2611 γὰρό

2181 2642 2358 2706 κοινὸς
2375 2640 2621 2710 πλάστης
2644 2640 2741 2694 καὶ
2761 2637 3017 2711 κηδεμὼν
3035 2638 3063 2690 ό
3086 2635 3263 2690 εἰπών
3289 2653 3304 2667 ο
3326 2656 3344 2688 ι
3365 2632 3685 2705 Μαθητεύσατι

2181 2735 2361 2787 πάντα
2395 2733 2465 2785 τὰ
2494 2731 2622 2801 ἔθνη
2648 2748 2662 2797 ;
2692 2750 2709 2782 ι
2756 2733 2784 2784 ό
2821 2730 2917 2783 καὶ
2950 2730 3127 2801 πόρνῃ
3160 2728 3449 2798 διαλεχθεὶς
3479 2722 3687 2795 Σαμαρεί-

2182 2827 2309 2893 τιδι,
2347 2828 2440 2879 καὶ
2470 2825 2730 2895 αὐτοῖςδὴ
2766 2824 3150 2895 Σαμαρείταις
3173 2821 3447 2892 ἐπιμείνας
3473 2820 3551 2872 ἐπὶ
3586 2816 3687 2888 ί)μέ-

2185 2936 2307 2990 ραις
2334 2917 2488 2971 δυσίν
2517 2934 2532 2982 ;
2567 2919 2596 2970 6
2618 2916 2710 2969 τὸν
2730 2916 3161 2984 ἑκατόνταρχον,
3187 2914 3282 2968 καὶ
3308 2913 3402 2984 τὴν
3447 2906 3688 2981 Συροφοινί-

2183 3029 2405 3075 κισσαν,
2442 3009 2694 3071 ὲθνικοὺς
2732 3007 2916 3073 ὄντας,
2958 3008 3057 3061 καὶ
3093 3008 3382 3078 δεομένους
3411 3005 3500 3058 οὐκ
3520 2999 3687 3056 ἀπωσά-

2189 3123 2373 3179 μενος.
2405 3104 2521 3160 Οὐκ
2555 3104 2650 3158 οὖν
2675 3102 2878 3159 κωλύει
2913 3102 3261 3174 μαθητεῦσαι
3294 3103 3361 3154 τά
3417 3097 3546 3169 ἔθνη,
3587 3091 3686 3146 ἀ).λᾶ

2184 3202 2285 3272 τὴν
2318 3197 2550 3252 ἐκείνων
2578 3197 2817 3251 στείὸειν
2844 3197 2983 3261 όδὸν,
3028 3196 3128 3250 καὶ
3173 3194 3271 3257 τὰς
3304 3191 3471 3247 αὐτῶν
3516 3186 3686 3258 πράξεις

2184 3291 2449 3364 πληροῦν.
2473 3292 2616 3361 Ὅρα
2638 3291 2695 3344 δὲ
2724 3291 2875 3354 ὅπως
2911 3290 3008 3343 ἐπὶ
3057 3289 3160 3360 μὲν
3199 3287 3306 3342 τῶν
3333 3283 3489 3341 ὲθνῶν
3527 3280 3686 3334 τέθεικε

2183 3390 2286 3458 τὴν
2318 3389 2469 3443 ὀδόν
2501 3408 2521 3442 ι
2559 3388 2653 3452 Et;
2679 3387 2798 3442 όδὸν
2824 3385 2998 3439 ἐθνῶν
3052 3384 3131 3457 μὴ
3167 3382 3432 3452 ἀπέλθητε
3456 3396 3469 3411 ·
3496 3397 3513 3430 ι
3549 3369 3687 3439 ἐπειδὴ

2183 3488 2255 3539 τὰ
2288 3483 2417 3554 ἔθνη
2457 3483 2638 3537 πάντα
2668 3481 2770 3551 τῆς
2821 3479 2919 3534 τοῦ
2951 3479 3122 3548 νόμου
3162 3477 3258 3531 καὶ
3308 3475 3412 3528 τῶν
3459 3464 3688 3554 προφητῷν

2185 3551 2465 3637 πολιτείας
2519 3571 2624 3639 ἔξω
2674 3572 2930 3642 διήγοντο
2983 3566 3445 3640 ἀναστρεφόμενοι
3500 3551 3688 3627 rapidi“

2187 3668 2451 3722 πλατεῖαν
2481 3666 2624 3730 ὁδὸν,
2662 3665 2757 3719 καὶ
2786 3662 3128 3734 εὐρύχωρον,
3150 3662 3218 3733 ἢν
3251 3654 3588 3729 περιπατῆσαι
3600 3646 3689 3706 τούς

2191 3758 2441 3829 μαθητὰς
2471 3756 2732 3828 ἀπείργει
2778 3755 2807 3807 ὁ
2874 3753 3082 3824 Κύριος
3152 3752 3326 3820 λέγων
3354 3765 3368 3780 ·
3399 3766 3417 3800 ι
3481 3745 3563 3806 Εἰς

2188 3824 2361 3905 ἐθνῶν
2396 3849 2474 3920 μὴ
2499 3824 2798 3916 ἀπέλθητε.
2840 3865 2859 3898 ι
2893 3846 3006 3900 Καὶ
3040 3846 3100 3898 ἐν
3129 3843 3302 3913 ταύτῃ
3333 3842 3397 3911 τῇ
3431 3834 3522 3904 όδῷ
3547 3831 3617 3885 τδν
3639 3824 3690 3894 μὴ

2189 3941 2575 4014 ὲνιδρυνθέντα
2621 3940 2712 3995 διά
2762 3942 2863 4011 τῆς
2913 3938 3182 4002 στάσεως,
3231 3930 3504 4007 μακαρίζει
3542 3921 3689 3980 Δαϐίδ·

2194 4057 2213 4089 ι
2245 4036 2556 4106 Μακάριος,
2589 4033 2651 4097 ὃς
2695 4034 2754 4088 ὲν
2814 4031 2920 4104 ὁδῷ
2976 4028 3322 4101 ἁμαρτωλῶν
3377 4025 3470 4077 οὐκ
3524 4017 3686 4083 ἔστηι’

2189 4128 2411 4192 Ταύτην
2440 4127 2542 4197 τὴν
2585 4126 2704 4179 ὁδὸν
2740 4124 3015 4178 ἐκκλίνειν
3048 4119 3362 4194 παρεγγυᾷ,
3386 4115 3473 4169 καὶ
3500 4106 3689 4197 πῳιέιιι

2187 4223 2277 4277 διὰ
2312 4220 2411 4289 τῆς
2439 4195 2658 4282 εὐθείας
2691 4215 2814 4271 ὀδοῦ
2831 4234 2844 4246 ⁶
2867 4217 2970 4270 οὐκ
2988 4215 3207 4284 ἀγνοεῖς
3219 4213 3285 4277 δ’,
3312 4204 3474 4280 οἶμαι.
3493 4202 3576 4273 τὴν
3592 4195 3691 4258 ὀδδνν

2190 4315 2260 4368 δι’
2284 4309 2349 4387 ἦς
2377 4314 2427 4366 oi
2455 4311 2702 4383 μαθηταὶ
2727 4309 3047 4363 κελεύονται
3069 4305 3378 4378 εὐδρομεῖν,
3399 4295 3562 4370 μαθὼν
3585 4289 3692 4355 παρά

506 4396 684 4449 minus
722 4394 909 4462 jubet;
955 4412 1056 4452 nec
1095 4412 1225 4452 vero
1254 4415 1397 4463 eam,
1425 4401 1641 4468 opinor,
1666 4400 1885 4469 ignoras
1917 4398 2071 4459 viam,

2191 4406 2286 4460 τοῦ
2313 4406 2597 4465 εἰπόντος’
2630 4423 2649 4455 t
2706 4401 2851 4469 Ἐγώ
2900 4402 3019 4471 είμι
3076 4400 3111 4472 ἡ
3164 4398 3301 4463 ὁδός.
3339 4415 3357 4449 ι
3405 4391 3513 4446 Ἐπὶ
3554 4386 3691 4457 μέντοι

502 4507 601 4559 per
639 4509 799 4562 quam
850 4493 989 4549 bene
1044 4509 1266 4551 currere
1319 4497 1565 4566 discipuli
1610 4497 1911 4569 iubentur,
1960 4512 2071 4553 cunt

2192 4500 2304 4554 τῶν
2330 4498 2689 4568 Σαμαρειτῶν
2706 4498 2806 4568 οὐχ
2825 4495 2967 4560 ὁδὸν,
2998 4494 3142 4549 ἀλλά
3170 4492 3329 4547 πόλιν
3375 4486 3541 4557 φησὶν,
3565 4478 3693 4533 οὔτως

505 4586 826 4652 cognoveris
860 4587 930 4641 ab
968 4603 1033 4641 eo
1064 4589 1154 4658 qui
1184 4590 1323 4643 dixit
1351 4606 1364 4643 :
1399 4607 1418 4641 ι
1451 4589 1564 4659 Ego
1594 4605 1712 4645 sum
1739 4591 1823 4643 via
1847 4589 1919 4645 ³.»
1955 4587 2071 4644 Cun

2192 4591 2396 4648 εἰπών·
2438 4610 2459 4644 ι
2497 4591 2607 4644 Καὶ
2637 4592 2719 4653 είς
2750 4590 2905 4643 πόλιν
2927 4586 3290 4656 Σαμαρειτῶν
3325 4583 3396 4654 μὴ
3421 4574 3687 4641 εἰσέλθητε.»

506 4695 636 4734 vero
657 4682 724 4736 de
758 4683 1119 4740 Samaritauis
1152 4685 1411 4756 loquitur,
1445 4702 1552 4741 non
1583 4687 1703 4754 vite,
1733 4687 1828 4743 sed
1860 4686 2071 4741 civitati:

2190 4682 2375 4741 Ἦσαν
2404 4684 2514 4755 γάρ
2541 4686 2603 4737 ὲκ
2632 4683 2743 4738 τῶν
2765 4683 3082 4737 Μωσαῖκῶν
3105 4682 3289 4751 νόμων
3316 4679 3422 4739 τοῖς
3446 4661 3690 4756 Ἰονδαῖκοῖς

503 4780 765 4834 vocabulo
800 4782 970 4837 utitur
995 4781 1185 4840 dicens
1217 4800 1231 4838 :
1273 4802 1291 4836 ι
1318 4782 1379 4838 Ει
1407 4784 1458 4841 in
1490 4784 1764 4839 civitatem
1798 4783 2068 4839 Samarita

2194 4780 2341 4834 ἔθεσι
2373 4751 2802 4847 πλησιάσαντες,
2838 4778 2937 4830 καὶ
2958 4770 3047 4829 οἶα
3079 4775 3237 4828 πόλιν
3285 4768 3577 4839 οἰκήσαντες
3617 4751 3689 4821 τὴν

506 4889 720 4939 uorum,
773 4891 841 4930 ne
889 4876 1246 4933 iutraveritis.
1283 4896 1303 4930 ι
1356 4877 1568 4934 Etenim
1602 4892 1670 4932 ex
1696 4874 1933 4931 Mosaica
1980 4874 2071 4943 legt

2194 4870 2505 4927 εὐσέϐειαν.
2552 4869 2774 4938 Ἐπειδὴ
2806 4868 2865 4922 δὲ
2892 4868 2954 4934 ἐξ
2987 4866 3249 4938 ἡμισείας
3280 4861 3552 4929 ἐτύγχανον
3574 4848 3688 4943 εὐαε-

505 4964 570 5014 ad
605 4961 914 5021 Judazorum
947 4969 1276 5026 accedebant
1320 4984 1499 5025 mores
1533 4969 1676 5040 (48);
1710 4977 1765 5022 et
1798 4969 1937 5023 hanc
1972 4966 2068 5022 reii

2195 4966 2312 5030 δεῖς
2331 4981 2348 4998 ⁶
2379 4962 2587 5034 ἓτιγάρ
2618 4962 2698 5033 τῷ
2735 4936 2853 5034 ὖρει
2890 4936 3294 5034 προσεκύνουν,
3320 4958 3377 5011 ὲν
3401 4946 3443 5022 ᾧ
3470 4948 3529 5001 ct
3543 4936 3688 4997 εἴδωλα

579 5127 624 5159 ’⁸
646 5124 834 5252 Silani).
870 5141 1060 5193 xxvttt,
1100 5125 1189 5182 i9.
1263 5127 1311 5160 ⁹⁶
1343 5124 1500 5182 Joan.
1534 5140 1607 5194 tv,
1639 5127 1692 5189 i,
1723 5126 1815 5181 40.
1889 5126 1936 5157 ’⁷
2009 5122 2202 5179 Matth.
2233 5137 2345 5189 vtu,
2387 5121 2443 5177 6.
2518 5121 2567 5155 ⁸⁸
2599 5120 2789 5176 Matth.
2828 5134 2917 5182 xv,
2956 5117 3050 5172 22.
3090 5118 3133 5150 ’³
3157 5114 3298 5169 Psal.
3340 5127 3380 5174 ι,
3417 5109 3463 5163 l.
3530 5097 3682 5152 ‘Joan.

579 5212 623 5252 ν.
730 5237 744 5252 .

509 5212 623 5263 xw,
659 5212 744 5252 to.

1744 5287 2067 5351 Francisci
2101 5288 2311 5349 Scorsi
2345 5294 2514 5348 notte

583 5417 693 5488 (47)
719 5414 821 5471 Per
842 5415 1104 5487 primitias
1125 5415 1546 5488 masswaAddidi
1576 5414 1884 5486 explicandi
1927 5427 2091 5467 causa
2200 5411 2397 5465 adduxi
2451 5409 2518 5464 ad
2580 5410 2727 5465 hom.
2773 5408 2861 5472 58,
2915 5420 3034 5466 ttot.
3062 5405 3198 5461 Vide
3245 5403 3400 5460 etiam
3449 5398 3569 5451 hom.
3613 5383 3679 5447 59.

514 5489 567 5541 id
586 5486 687 5552 est,
713 5486 892 5542 carnis
913 5502 1044 5547 suae,
1071 5487 1286 5554 quodin
1313 5486 1500 5540 Graeco
1518 5501 1623 5540 non
1640 5495 1723 5541 est
1745 5498 2089 5554 expressum,
2200 5489 2317 5554 not.
2340 5552 2351 5554 Α
2439 5552 2445 5554 Α
2486 5552 2493 5554 Α
2563 5550 2585 5554 _
3069 5551 3077 5554 _
3117 5551 3125 5554 _
3505 5521 3677 5554 tum“

520 5533 1351 5625 iusensus-auctorisliacilius:
1374 5533 1433 5609 éI
1458 5533 1869 5625 prim-ovmentis
1896 5533 2089 5625 otttutti
2271 5552 2384 5625 (48)
2410 5552 2494 5625 Ad
2548 5550 2863 5606 Judworttm
2889 5622 2898 5625 _
2922 5551 3232 5625 accedebant
3277 5557 3484 5625 morer.“

1170 5605 1343 5715 ὧὶέξῐό
1382 5605 1863 5715 ἰὸ‹ῗιίιόέίίίέιὶιιόέ
1896 5605 2088 5677 Datrcs
2198 5605 2379 5715 eqim—l
2402 5622 2618 5715 iueratltt
2640 5639 2668 5676 a
2710 5622 2994 5715 sacertlme
3026 5621 3286 5715 Israelita,
3330 5605 3678 5715 (litigi:

516 5665 874 5764 tetrica;
906 5665 1595 5764 artari;arca-gssit
1627 5665 1915 5761 nunc;
1938 5665 2091 5762 τις.
2196 5665 2262 5747 εῑιι
2294 5665 3385 5752 iiist'rJé.iii&s'..B"v3§5.353321015qu
3409 5679 3516 5737 illuc
3546 5665 3676 5725 asar-
