3974 6220
328 347 438 412 865

1677 339 2006 400 HOMILIA
2047 339 2285 400 XLVII.

3475 334 3582 400 866

324 461 679 535 .’.xaxpt3<paro
712 475 725 488 '
761 459 852 511 καὶ
904 457 1035 526 γοῦν
1076 474 1209 526 φησι
1243 456 1371 526 περὶ
1393 454 1576 509 αὐτῶν
1607 456 1640 526 ἡ
1673 455 1900 525 Γραφή.

2018 452 2218 523 giouem
2240 451 2401 507 veluti
2423 451 2692 506 civitatem
2716 451 3002 520 quamdam
3022 452 3290 506 colebant.
3315 449 3582 517 Quoniam

332 573 354 605 ε
391 554 656 621 Ἔμειναν
683 548 964 611 ποιοῦντες
987 547 1079 598 τὸν
1109 547 1272 617 νόμον
1301 547 1393 598 τοῦ
1426 545 1580 606 Θεοῦ,
1616 544 1710 596 καὶ
1739 560 1906 612 προσ-

332 642 632 702 κυνοῦντες
687 641 800 699 τοῖς
829 637 1070 700 εἰδώλοις
1103 654 1116 666 ο
1161 638 1342 688 νοοῖτο
1397 637 1463 689 ἂν
1517 635 1670 696 πόλις
1715 636 1904 702 Σαμα-

331 734 533 806 ρειτῶν
568 731 682 799 ήέξ
714 728 978 798 ἡμισείας
1019 728 1299 792 εὐσέϐεια,
1337 723 1405 799 ἦς
1464 728 1722 794 ἐπιϐῆναι
1778 726 1906 787 τοὺς

333 824 584 894 μαθητὰς
614 822 894 888 ἀπότομον
929 823 1169 872 ποιεῖται
1196 822 1224 872 ὁ
1275 819 1498 888 Κύριο·.
1549 837 1566 867 ι
1603 817 1905 888 Πορεύεσθε

327 913 609 982 δὲμᾶλλον
660 911 799 975 πρὸς
839 909 908 961 τὰ
957 909 1207 977 πρόϐατα
1269 908 1338 959 τὰ
1383 907 1700 960 ἀπολωλότα
1754 907 1905 960 οἴκου

343 1005 592 1078 Ἰσραήλ⁶
632 1024 651 1057 ι
697 1003 946 1074 πρόϐατα
991 1003 1150 1056 καλεῖ
1196 1003 1287 1054 τὸν
1336 1000 1729 1072 Ἰσραηλιτικὺν
1778 997 1907 1051 λαὸν

327 1101 420 1152 διά
457 1116 515 1150 τε
541 1099 600 1149 τὸ
621 1096 886 1162 καθαρὸν,
916 1096 1006 1148 καὶ
1031 1096 1088 1148 τὸ
1116 1095 1249 1148 εἴσω
1297 1094 1398 1162 τῆς
1455 1093 1684 1163 νομικῆς
1737 1092 1908 1159 αὐλῆς

327 1188 630 1252 κλείεσθαι,
659 1191 755 1240 καὶ
781 1188 1142 1257 σημειοῦσθαι
1176 1187 1253 1255 τῷ
1307 1188 1404 1256 τῆς
1457 1185 1758 1254 περιτομῆς
1810 1200 1908 1254 ση-

333 1284 497 1354 μείῳ,
530 1285 624 1334 καὶ
655 1283 767 1342 τοῖς
781 1281 892 1333 τῶν
922 1279 1221 1351 προφητῶν
1249 1277 1683 1347 περιθάλπεσθαι
1705 1276 1906 1342 λόγοις,

331 1375 409 1438 ὡς
467 1377 532 1426 ἐκ
598 1373 706 1424 τῶν
757 1372 922 1442 ἐρίων
985 1372 1300 1441 θρέμματα,
1360 1369 1588 1438 πλείστῃ
1640 1370 1764 1440 ὅσῃ,
1812 1367 1910 1421 καὶ

328 1465 644 1535 ἀμφιλαφεῖ
688 1462 1145 1516 καταπιαίνεσθαι
1197 1464 1264 1532 τῇ
1338 1461 1448 1514 τῶν
1502 1461 1662 1514 θείων
1713 1460 1911 1529 λογίων

329 1559 472 1625 νομῇ
502 1571 515 1584 ·
546 1556 640 1606 καὶ
670 1557 697 1606 ὁ
719 1554 935 1623 ψαλμὸς
987 1553 1042 1605 δὲ
1093 1551 1238 1604 οὕτω
1265 1552 1431 1622 φησίν
1457 1567 1470 1580 ·
1513 1569 1531 1602 ι
1581 1550 1906 1620 Ὠδὴγησας,

329 1641 694 1716 ὡςκπρόϐατα
722 1645 815 1699 τὸν
845 1644 975 1698 λαόν
1005 1661 1097 1696 σου
1133 1659 1147 1674 ·
1192 1663 1211 1696 ι
1242 1645 1337 1696 καὶ
1368 1642 1631 1712 Ἰεζεκιὴλ
1678 1643 1735 1694 δὲ
1767 1659 1908 1711 προ-

331 1738 520 1799 ϐάτοις
556 1739 767 1801 εἰκάζει
790 1737 916 1799 τοὺς
943 1735 1004 1801 ἐξ
1035 1735 1274 1805 Ἰσραὴλ,
1338 1737 1397 1788 ἐν
1437 1728 1517 1796 οἷς
1565 1733 1673 1786 τῶν
1721 1734 1909 1804 ἱερέων

331 1795 938 1898 καθάπτεται-φάσκων
961 1795 1026 1879 ⁶-‹
1053 1795 1374 1894 Τόδέλέγει
1403 1828 1606 1897 Κύριος
1633 1843 1647 1856 ·
1679 1795 1811 1894 Οὑέὶ
1841 1827 1909 1878 τὰ
1941 1795 1982 1852 Β

333 1920 588 1991 πρόϐατά
617 1937 720 1990 μου
746 1919 1042 1991 βόσκουσιν
1073 1920 1122 1973 oi
1152 1920 1411 1989 ποιμένες
1431 1933 1446 1947 ⁸
1483 1918 1570 1971 διὰ
1595 1917 1757 1970 τοῦτο
1798 1916 1908 1969 ἰδοὺ

332 2013 626 2084 ἐκζητήσω
650 2013 720 2066 τὰ
745 2013 995 2084 πρόϐατά
1015 2030 1118 2084 μου
1146 2015 1210 2066 ἐκ
1263 2013 1372 2066 τῶν
1407 2012 1610 2082 χειρῶν
1646 2010 1848 2064 αὐτῶν.
1883 2027 1903 2061 ι

333 2107 380 2157 Τ
384 2105 526 2160 αῦτα
550 2107 614 2175 δὴ
644 2102 738 2160 οῦν
767 2108 834 2161 τὰ
853 2107 1103 2177 πρόϐατα
1130 2107 1271 2161 κατὰ
1305 2106 1511 2176 πολλὴν
1543 2105 1782 2177 ἐρημίαν
1804 2104 1911 2157 τῶν

329 2199 737 2268 ποιμαινόντων
771 2201 1100 2270 όρειάλωτα,
1127 2201 1221 2254 καὶ
1259 2200 1581 2254 ἀπολωλότα
1611 2201 1909 2268 γεγόνασιν

329 2291 442 2356 ἔξω
467 2292 564 2360 τῆς
593 2292 702 2344 τῶν
742 2292 973 2345 ἐντολῶν
1004 2293 1242 2362 μάνδρας
1276 2291 1768 2363 περιπλανώμενα,
1808 2292 1913 2355 ἕως

337 2401 357 2432 ι
415 2381 474 2435 '0
506 2383 710 2452 ποιμὴν
742 2383 770 2434 ό
801 2382 988 2447 καλὸς,
1023 2385 1050 2436 ό
1080 2383 1180 2453 τὴν
1201 2383 1380 2454 ψυχὴν
1407 2383 1574 2436 αὑτοῦ
1609 2383 1733 2444 δοὺς
1769 2383 1911 2451 ὑπὲρ

329 2473 448 2526 τῶν
472 2475 783 2543 προϐάτων,
824 2493 842 2526 ι
883 2477 1019 2542 πρὸς
1056 2475 1156 2537 τὰς
1214 2474 1537 2543 ζωηιρόρους
1585 2474 1681 2526 τοῦ
1736 2475 1914 2541 Εὐαγ-

334 2566 520 2632 γελίου
574 2567 746 2634 νομὰς
799 2564 974 2618 ταῦτα
1047 2567 1342 2633 συνήγαγε.
1408 2566 1522 2618 Οὐκ
1581 2562 1702 2617 εἷπε
1738 2565 1794 2618 δὲ
1833 2566 1912 2617 ὃτι

332 2658 672 2730 Πορεύθητε,
705 2658 852 2728 ὥραν
881 2657 1092 2720 ἐπιθεὶς
1114 2657 1188 2727 τῷ
1210 2657 1571 2726 βαπτίσματι,
1596 2659 1730 2712 ἀλλὰ
1762 2662 1914 2726 Πορ-

331 2751 571 2804 εύεσθε·
599 2751 686 2803 διὰ
717 2750 814 2818 τῆς
840 2749 1224 2818 παρατατικῆς
1244 2749 1520 2819 σημασίας
1549 2749 1647 2819 τὴν
1669 2751 1916 2820 ἀεικίνη-

332 2858 428 2892 τον
457 2841 684 2910 πορείαν
710 2841 860 2909 δηλοῖ
884 2840 980 2893 ἇτε
1011 2840 1108 2893 τοῦ
1149 2839 1509 2908 εὑαγγελικοῦ
1552 2839 1712 2906 λόγου
1750 2841 1913 2909 μέχρι

338 2933 542 2993 παντὸς
561 2933 1026 3002 ἐπεκτεινομένου
1049 2949 1131 2998 τε,
1160 2933 1255 2984 καὶ
1321 2932 1755 3002 προκόπτοντος,
1815 2932 1912 2984 καὶ

337 3027 532 3078 στάσιν
559 3027 664 3094 τῆς
705 3025 934 3093 πορείας
963 3026 1064 3078 οὐκ
1087 3027 1324 3094 ἔχοντος.

420 3136 438 3169 ι
481 3119 850 3188 Πορευόμενοι
881 3118 935 3170 δὲ
961 3117 1268 3188 κηρύσσετε
1307 3116 1584 3184 λέγοντες·
1645 3117 1912 3186 Ἤγγικεν
1938 3127 1982 3189 C

335 3215 372 3281 ἡ
409 3212 654 3280 βασιλεία
683 3213 792 3264 τῶν
811 3211 1074 3282 οὐρανῶν.
1116 3229 1134 3262 ι
1165 3210 1420 3281 Βασιλεία
1458 3212 1564 3264 τῶν
1581 3211 1824 3284 οὐρανῶν
1880 3215 1913 3282 ἡ

337 3302 430 3357 διὰ
475 3301 712 3364 πίστεώς
744 3306 861 3354 ἐστι
911 3304 1073 3371 χάρις
1107 3301 1218 3354 τῶν
1249 3303 1556 3370 ὰνεφίκτων
1612 3303 1705 3356 τοῦ
1750 3304 1916 3372 νόμου

345 3393 847 3464 παρατηρημάτων
873 3392 1235 3463 ἐλευθεροῦσα
1266 3393 1359 3443 τὸν
1392 3393 1698 3462 ἄνθρωπον,
1716 3395 1810 3446 καὶ
1849 3395 1914 3460 τῇ

340 3487 689 3554 πνευματικῇ
719 3483 962 3555 υίοθεσῐᾳ
997 3483 1220 3551 πολίτην
1249 3483 1478 3535 ποιοῦσα
1506 3483 1615 3535 τῶν
1650 3483 1917 3553 οὐρανῶν.

342 3578 604 3629 Βασιλεία
657 3577 714 3628 δὲ
742 3576 944 3646 μᾶλλον
971 3575 1218 3646 οὐρανῶν
1241 3575 1401 3637 αὑτός
1430 3579 1578 3626 ἐστιν
1599 3577 1626 3626 ὁ
1659 3574 1913 3644 Χριστὸς,

335 3667 369 3718 ὁ
385 3668 475 3720 διὰ
497 3668 695 3737 σαρκὸς
713 3667 934 3734 ἐγγίσας
962 3668 1093 3736 ἡμῖν
1121 3668 1230 3728 τοῖς
1259 3665 1476 3735 μακρὰν
1497 3664 1662 3718 αὑτοῦ
1687 3664 1916 3731 γενομέ-

339 3777 451 3822 νοις
473 3759 560 3812 διὰ
595 3760 929 3829 φαυλότητα.
964 3778 980 3811 ι
1004 3760 1394 3821 Ἀσθενοῦντας
1439 3757 1792 3830 θεραπεύετε,
1827 3759 1917 3811 λε-

338 3853 516 3923 προὺς
549 3853 896 3925 καθαρίζετε,
930 3855 1183 3922 δαιμόνια
1217 3853 1563 3905 ἐκϐάλλετε.»
1608 3853 1704 3905 Διὰ
1722 3855 1776 3904 τί
1805 3853 1915 3905 ἀπὸ

338 3946 452 3998 τῶν
475 3946 847 3999 ἀσθενούντων
874 3945 1138 3998 διέστειλε
1167 3945 1290 4008 τοὺς
1317 3943 1552 4016 λεπρούς
1576 3960 1590 4008 ;
1635 3945 1697 3996 'A
1711 3960 1778 4014 ρα
1803 3944 1911 4011 γὰρ

464 4109 529 4164 ιν
571 4109 702 4178 Reg.
736 4123 868 4170 xvn,
891 4106 982 4162 41.
1059 4107 1080 4138 ³
1107 4107 1253 4164 Psal.
1283 4123 1397 4174 xvi,
1423 4107 1518 4160 21.

1593 4107 1616 4138 ⁸
1636 4105 1834 4160 Ezech.
1877 4115 2062 4168 xxxxv,
2090 4104 2175 4156 ll.

2006 563 2134 602 vero
2165 564 2270 600 non
2297 549 2442 600 omni
2474 563 2539 600 ex
2589 553 2740 613 parte
2775 547 3023 613 pietatem
3054 550 3362 611 servabant,
3407 548 3582 603 adhuc

2005 641 2148 692 enim
2177 638 2232 693 in
2272 648 2453 692 monte
2475 639 2791 698 adorabant,
2819 637 2872 689 in
2912 652 3019 706 quo
3041 638 3424 694 occulebautur
3461 643 3586 697 ido-

2011 730 2092 797 la;
2131 735 2195 784 de
2242 730 2372 800 ipsis
2403 731 2543 784 enim
2577 730 2852 798 Scriptura
2902 729 3073 783 dicit:
3115 748 3131 780 ι
3165 730 3476 786 Manserunt
3527 735 3581 786 in

2009 824 2123 893 lege
2154 824 2244 877 Dei
2267 863 2282 884 ,
2314 834 2366 876 et
2401 823 2750 877 nihilominus
2799 821 2936 874 idola
2986 823 3396 880 adoraveranl'.
3432 844 3450 875 ι
3487 824 3588 878 Per

2007 914 2760 969 civitatemSamaritanorum
2800 913 2911 981 (49)
2961 914 3046 967 hic
3073 915 3383 969 dimidiatus
3415 917 3589 969 cultus

2007 1017 2186 1075 posset
2221 1007 2465 1075 intelligi,
2490 1021 2585 1074 per
2606 1021 2762 1069 quem
2790 1005 2956 1074 328
2979 1005 3247 1069 incedere.
3279 1007 3428 1060 brevi
3456 1023 3585 1061 usus

2009 1099 2325 1166 compendio
2383 1098 2640 1152 Dominus
2692 1108 2836 1150 vetat
2894 1116 2907 1151 :
2960 1116 2976 1146 ι
3011 1096 3116 1151 Sed
3171 1099 3345 1164 potius
3393 1099 3464 1152 ite
3521 1100 3587 1150 ad

2011 1206 2178 1252 oves,
2231 1206 2350 1260 quae
2395 1192 2670 1259 perierunt
2711 1189 2904 1243 domus
2934 1190 3134 1255 Israel;
3203 1209 3221 1240 ι
3266 1204 3392 1242 oves
3435 1198 3590 1243 vocat

2009 1286 2364 1340 lsraeliticum
2405 1287 2678 1355 populum,
2714 1301 2778 1338 co
2806 1289 2947 1353 quod
2980 1287 3138 1338 veluti
3183 1286 3438 1339 mundum
3475 1287 3577 1338 ani-

2012 1377 2155 1443 mal,
2210 1386 2264 1431 ct
2316 1377 2455 1430 intra
2503 1377 2684 1429 caulas
2736 1376 2985 1429 Mosaica;
3023 1377 3152 1445 lrgis
3181 1379 3500 1440 concinens,
3537 1385 3591 1431 et

2011 1466 2443 1522 circumcisionis
2467 1466 2718 1535 stigmate
2747 1467 2991 1535 signatus
3021 1474 3186 1531 esset,
3215 1477 3269 1520 et
3301 1469 3590 1536 proiilieta-

2012 1573 2130 1612 rum
2152 1556 2793 1612 sermonibusidentidem
2817 1556 2894 1610 uti
2919 1571 3111 1624 pecora
3133 1557 3418 1612 velleribus
3443 1558 3589 1612 love.

2010 1659 2216 1714 rentur,
2236 1657 2289 1701 et
2309 1648 2562 1716 plurimo,
2580 1657 2633 1700 et
2651 1648 2864 1702 abunde
2882 1657 3195 1717 suppetente
3216 1651 3365 1703 verbi
3382 1650 3471 1702 Dei
3493 1666 3554 1717 pa
3571 1679 3590 1692 ο

2010 1739 2134 1794 bulo
2153 1739 2529 1807 saginarentur
2549 1756 2561 1792 :
2581 1739 2759 1807 dequo
2786 1739 2947 1793 etiam
2973 1739 3180 1794 Psaltes
3201 1743 3278 1793 sic
3297 1743 3404 1794 ait:
3437 1760 3456 1792 ε
3481 1740 3558 1795 De
3583 1777 3588 1783 μ

2013 1829 2208 1882 duxisti
2228 1830 2369 1883 sicut
2393 1843 2522 1881 oves
2541 1829 2794 1896 populum
2822 1838 2969 1881 tuum
2990 1831 3031 1882 ³.
3064 1847 3082 1880 ι
3110 1831 3169 1883 Et
3194 1847 3318 1883 vero
3343 1831 3589 1884 Ezechiel

2012 1920 2198 1974 ovibus
2211 1927 2486 1987 comparat
2508 1919 2854 1974 Israeliticam
2875 1920 3135 1985 sobolem,
3151 1938 3256 1990 quo
3277 1923 3392 1975 loco
3408 1938 3589 1976 sacer-

2013 2012 2166 2064 dotes
2193 2011 2524 2078 perstriugil,
2544 2010 2767 2063 dicens:
2801 2029 2818 2060 i
2845 2009 2967 2064 Haec
2989 2011 3120 2065 dicit
3138 2011 3433 2066 Dominus:
3467 2012 3588 2066 Non

2012 2101 2239 2171 amplius
2255 2116 2384 2156 oves
2408 2116 2554 2154 meas
2570 2111 2800 2170 pascunt
2819 2113 3082 2170 pastores.
3105 2103 3231 2157 Ideo
3250 2119 3376 2157 ecce
3401 2107 3592 2174 exqui-

2013 2207 2128 2247 ram
2159 2207 2287 2248 oves
2318 2207 2465 2245 meas
2484 2191 2549 2245 de
2575 2192 2822 2244 manilius
2839 2207 3026 2245 eorum
3046 2193 3088 2246 ⁸.
3122 2212 3140 2244 ι
3171 2195 3260 2247 lla:
3283 2195 3444 2262 igitur
3461 2211 3591 2250 oves

2014 2292 2288 2349 pastorum
2309 2281 2508 2349 inOpia,
2525 2295 2588 2333 ac
2609 2281 2736 2334 vitio
2753 2280 2980 2336 desertae
3002 2299 3094 2348 per
3113 2291 3322 2336 montes
3339 2284 3592 2351 palabun-

2015 2377 2118 2438 dae,
2137 2389 2200 2429 ac
2231 2373 2450 2443 perditae
2477 2387 2630 2426 etira
2657 2383 3047 2443 praceptorum
3075 2375 3588 2443 septaoberrabant,

2015 2467 2208 2531 donec,
2236 2465 2447 2521 «Bonus
2473 2477 2680 2536 pastor,
2705 2465 2794 2534 qui
2818 2466 3052 2518 animam
3074 2482 3225 2520 suam
3259 2469 3348 2520 dat
3365 2484 3460 2538 pro
3476 2470 3592 2522 ovi-

2015 2557 2242 2612 bussuis
2262 2557 2304 2622 ⁸,
2336 2575 2354 2607 ›
2391 2572 2483 2609 cas
2513 2557 2578 2608 ad
2617 2556 2800 2608 vitalia
2821 2555 3096 2624 Evangelii
3133 2572 3330 2625 pascua
3355 2559 3585 2612 reduxit.

2018 2649 2130 2702 Non
2150 2651 2282 2703 dixit
2301 2664 2448 2711 Vero,
2472 2647 2625 2702 Ibitis
2643 2648 2776 2717 (50),
2791 2649 2942 2716 quasi
2973 2659 3182 2716 tempus
3202 2664 3362 2700 unum
3381 2648 3587 2716 baptis-
3647 2676 3652 2682 ~

2017 2741 2145 2793 mati
2192 2748 2467 2804 statuens;
2491 2740 2581 2792 sed
2613 2736 2714 2801 lie,
2745 2754 2841 2807 per
2872 2738 3321 2804 signiﬁcationem
3355 2739 3592 2794 extensi-

2019 2845 2133 2882 vam
2156 2829 2267 2899 (51)
2288 2838 2598 2897 perpetuum
2619 2828 2725 2881 iter
2741 2828 3053 2892 ostendens,
3076 2829 3270 2896 quippe
3290 2845 3409 2881 cum
3427 2844 3592 2882 evac-

2016 2921 2218 2988 gelicus
2235 2936 2412 2974 sermo
2432 2922 2482 2974 in
2508 2921 2814 2974 universum
2840 2925 3027 2975 orbem
3049 2922 3118 2974 sit
3139 2921 3514 2990 proferendus.
3536 2934 3591 2976 et

2017 3013 2088 3066 ita
2123 3026 2528 3080 progressurus,
2563 3022 2618 3063 ut
2656 3026 2932 3079 nunquam
2962 3027 2990 3064 a
3022 3027 3122 3065 suo
3143 3028 3306 3067 eursu
3343 3013 3587 3069 desistat.

2091 3123 2108 3155 ι
2144 3102 2346 3156 Euutes
2367 3115 2550 3161 autem
2595 3103 2882 3170 prazdicate
2913 3097 3178 3166 dicentes,
3210 3106 3334 3171 quia
3385 3106 3593 3173 Appro-

2020 3197 2299 3267 pinquavit
2352 3211 2574 3265 regnum
2616 3196 2898 3249 ctelorum.
2953 3213 2974 3246 ι
3034 3195 3271 3264 lii-gnum
3330 3196 3589 3249 cceloruin

2019 3295 2190 3360 gratia
2217 3300 2320 3353 est,
2367 3306 2485 3360 qua:
2511 3305 2604 3357 per
2637 3291 2794 3342 tidem
2821 3290 2999 3352 datur,
3036 3304 3064 3341 a
3097 3289 3232 3357 legis
3260 3288 3594 3343 observatio-

2021 3398 2200 3459 nibus,
2249 3411 2367 3463 qua:
2395 3393 2598 3448 servari
2630 3407 2733 3447 nou
2770 3402 2994 3463 possunt
3031 3393 3301 3446 hominem
3332 3394 3589 3460 liberans,

2020 3501 2249 3553 eumque
2309 3484 2573 3550 spirituali
2625 3486 2912 3550 adoptione
2967 3486 3020 3538 in
3075 3486 3194 3540 caeli
3257 3486 3429 3539 civem
3463 3488 3593 3538 ado-

2024 3589 2179 3642 ptans
2219 3593 2233 3628 :
2267 3593 2359 3632 seu
2395 3576 2571 3644 potius
2603 3591 2826 3644 regnum
2861 3578 3121 3632 caelorum
3159 3587 3238 3632 est
3280 3578 3392 3645 ipse
3433 3575 3594 3631 Chri-

2024 3677 2161 3730 stus,
2189 3669 2276 3736 qui
2309 3684 2404 3736 per
2432 3682 2646 3721 carnem
2689 3668 2841 3722 nobis
2865 3669 3316 3739 appropinquavit
3342 3685 3438 3737 per
3465 3684 3590 3737 pec-

2024 3771 2202 3815 catum
2261 3762 2328 3814 ab
2381 3760 2472 3812 illo
2523 3758 2678 3828 longe
2729 3761 2974 3814 semotis.
3042 3777 3060 3810 t
3103 3758 3353 3814 llllil'IIIOS
3383 3768 3592 3823 curate,

2024 3857 2266 3924 leprosos
2309 3858 2602 3919 inundate,
2654 3857 2926 3910 daemones
2981 3855 3180 3924 ejicite.
3230 3875 3248 3908 ι
3291 3855 3430 3920 Quid
3487 3867 3591 3918 est,

2020 3945 2161 4013 quod
2197 3943 2266 3998 ab
2297 3944 2527 3996 inlirmis
2563 3944 2806 4012 leprosos
2839 3945 3113 4013 seiunxit?
3157 3960 3284 3997 num
3321 3946 3462 3997 enim
3510 3943 3596 3996 in-

2252 4105 2274 4136 ⁸
2305 4101 2458 4157 Joau.
2496 4117 2549 4166 Χ,
2594 4103 2680 4158 Η.

1571 4239 1895 4302 Francisci
1928 4240 2138 4301 Scorst
2170 4247 2357 4300 notae.

345 4383 632 4424 manasare
687 4365 886 4420 missus
918 4366 1112 4427 luerat,
1146 4373 1204 4417 ut
1235 4363 1464 4418 habetur
1497 4362 1560 4416 IV
1584 4363 1716 4433 Reg.
1772 4378 1894 4432 cap.

345 4456 433 4496 xvt
463 4457 478 4495 :
520 4451 574 4493 et
604 4439 671 4491 ab
707 4437 807 4490 hoc
836 4445 1055 4487 auctore
1082 4433 1236 4486 latius
1285 4444 1367 4487 est
1393 4434 1694 4500 expositum
1750 4433 1896 4486 hom.

344 4512 410 4564 de
443 4508 699 4564 Samarit.
735 4520 856 4573 quae
901 4515 983 4558 est
1021 4502 1090 4557 58
1143 4503 1333 4556 ordine
1390 4520 1404 4555 :
1464 4507 1530 4556 ad
1571 4518 1734 4572 quam
1783 4505 1906 4556 vide

344 4593 519 4636 1101218.

417 4651 529 4719 (49)
560 4651 666 4702 Per
686 4647 948 4700 civitatem
975 4643 1457 4719 Samaritanorum.
1493 4641 1630 4706 Quid
1657 4652 1742 4719 est
1775 4642 1909 4696 reli-

352 4712 566 4788 gionem
641 4729 895 4788 tanquam
962 4715 1236 4788 civitatein
1295 4712 1907 4788 colere,_quoil51ipra

344 4781 525 4854 dixit,
559 4798 615 4840 et
641 4787 730 4855 qui
786 4786 1020 4839 civitatis
1062 4782 1421 4855 appellatione
1473 4781 1911 4855 dimidiatustlle

343 4851 524 4914 cultus
579 4851 724 4911 recte
763 4855 931 4921 possit
973 4851 1240 4921 intelligi?
1270 4851 1599 4921 lncuucinna
1637 4852 1911 4904 videbitur

346 4931 579 4983 fortasse
631 4919 946 4986 similitudo,
985 4924 1086 4975 nisi
1138 4920 1204 4973 ad
1263 4919 1673 4973 similitudinem
1721 4936 1909 4974 vocum

345 5002 562 5052 animus
622 4999 962 5056 advertatur,
997 5009 1113 5058 qua:
1172 4991 1223 5044 iu
1265 4990 1457 5044 Latino
1511 4993 1764 5043 idiomate
1826 4995 1909 5044 vix

345 5071 577 5123 exsistit.
607 5067 678 5119 Ea
714 5074 796 5118 est
820 5067 956 5116 inter
979 5063 1132 5114 πόλιν
1153 5077 1270 5128 qua:
1304 5063 1492 5112 civitas
1512 5098 1526 5122 ,
1548 5069 1603 5112 et
1634 5061 1912 5113 πολιτείαν

347 5154 471 5207 qua:
525 5137 668 5190 inter
716 5135 926 5187 vivendi
978 5135 1235 5185 rationein
1267 5147 1373 5207 non
1417 5133 1910 5207 Ιιυιιιξξιιειιιιιλυθείη,

349 5197 447 5264 sed
476 5218 638 5261 etiam
663 5220 872 5259 sacram
901 5214 955 5255 et
984 5207 1280 5255 secundum
1313 5203 1499 5253 Deum.
1535 5198 1686 5253 Unde
1714 5197 1778 5251 Ι).
1813 5199 1914 5250 Ba-

349 5280 527 5334 silius.
583 5275 750 5344 Epist.
801 5275 868 5325 ad
901 5271 1124 5344 Grrgor.
1160 5273 1269 5344 :rUi
1329 5272 1432 5337 βίοι
1460 5268 1568 5344 τῷν
1626 5269 1913 5344 μακαρίων

347 5348 560 5418 ἀνδρῶν
622 5339 732 5399 οἷον
760 5343 965 5418 είκόνες
999 5339 1410 5418 τινέςῆέμέιυχοι
1455 5340 1552 5418 τῇς
1604 5342 1744 5414 κατὰ
1779 5339 1911 5417 Θεὸν

350 5408 631 5478 πολίτείας
705 5417 1058 5483 πρόκεινταιο
1126 5411 1407 5461 Beutorum
1477 5411 1744 5483 hominum
1796 5408 1912 5458 vita:

349 5499 600 5554 tanquam
639 5480 920 5538 simulacra
948 5481 1189 5554 quicdum
1219 5492 1455 5530 ωιιηιιιιιι
1491 5480 1760 5546 proposita
1789 5487 1912 5554 sunt

353 5546 472 5611 vita;
521 5564 585 5607 ad
617 5571 849 5608 normam
882 5546 1107 5605 dirimim
1157 5550 1434 5601 institutis.
1486 5552 1557 5600 Ita
1609 5552 1766 5600 vertit
1808 5546 1913 5599 Bu-

353 5635 519 5680 iiteus.
567 5628 628 5679 Et
671 5630 728 5679 υ.
781 5623 1001 5683 Paulus,
1055 5623 1120 5672 ad
1163 5621 1393 5686 l’titlipp.
1431 5634 1531 5671 Iit:
1578 5618 1766 5684 Ἡμὼν
1804 5633 1912 5684 γαρ

352 5699 413 5747 τὸ
444 5696 748 5763 πολίτευμα
798 5698 852 5744 ἐν
899 5692 1146 5760 οὐρανοῖς
1177 5689 1416 5756 ὑπάρχει
1443 5705 1457 5720 ·
1517 5686 1713 5763 Nostra
1736 5697 1909 5763 autem

351 5758 684 5820 conversatio
732 5767 788 5819 in
823 5758 1091 5814 cwlis'est.
1129 5761 1386 5828 Adeoque
1433 5774 1536 5814 non
1575 5760 1753 5824 inepte
1812 5758 1908 5826 τὴν

1891 5977 1914 5984 ρ

2007 4365 2286 4416 πολιτείαν
2321 4379 2415 4419 seu
2449 4363 2753 4431 πολίτευμα
2783 4360 3200 4427 Samaritarum,
3232 4362 3331 4418 hoc
3363 4375 3440 4419 εει
3463 4382 3592 4420 con-

2015 4436 2378 4488 versationem
2422 4449 2630 4496 eornm,
2669 4448 2760 4486 seu
2797 4434 3009 4484 vivendi
3064 4438 3324 4486 rationein
3368 4445 3419 4487 et
3472 4439 3590 4490 enl-

1934 4475 1984 4534 D
2015 4514 2128 4556 tum
2176 4505 2332 4556 πόλιν
2388 4475 2661 4557 civitatein
2724 4504 2809 4554 hic
2861 4513 3049 4555 auctor
3106 4504 3362 4571 appellat.
3413 4506 3587 4559 Porro

2013 4573 2174 4626 ctiam
2208 4576 2398 4626 civitas
2451 4573 2639 4626 Latine
2701 4587 2806 4624 non
2862 4572 3072 4635 domos,
3122 4583 3175 4625 et
3217 4575 3439 4635 inmitia,
3497 4578 3590 4628 sed

2018 4644 2192 4710 ipsum
2251 4646 2638 4710 rempublicam
2676 4643 2988 4707 victumque
3033 4656 3372 4697 communem
3411 4647 3590 4713 pOpuli

2013 4714 2302 4781 signiﬁcat,
2336 4718 2477 4780 quod
2510 4713 2664 4776 vulgo
2695 4723 2878 4764 notum
2906 4721 3009 4766 est.

2087 4783 2202 4851 (50)
2242 4779 2363 4835 Non
2411 4784 2544 4835 dixit
2583 4798 2720 4843 vero,
2757 4781 2946 4833 Ibitis.
3012 4779 3084 4831 lta
3114 4781 3315 4832 reddidi
3349 4786 3490 4849 quod
3517 4784 3590 4836 ita

2013 4851 2267 4904 videatur
2307 4856 2524 4922 exigere
2555 4868 2748 4904 sensus
2807 4853 3064 4902 auctoris.
3115 4852 3383 4902 Uliservat
3437 4854 3582 4904 enim

2012 4923 2164 4974 verbi
2192 4923 2432 4982 modum.
2477 4933 2529 4975 ct
2579 4933 2808 4988 tempus,
2862 4930 3005 4971 utex
3043 4922 3391 4985 sequentibus
3422 4933 3588 4985 patet.

2021 4993 2170 5044 Unde
2225 4995 2472 5057 suspicor
2532 4992 2816 5058 legendum
2870 4988 3370 5058 πορευθήσετεηθι
3413 4991 3590 5045 facilis

2016 5062 2118 5114 fuit
2164 5064 2342 5128 lapsus
2381 5063 2538 5113 unius
2592 5057 2812 5126 Syllaba:
2840 5059 3195 5110 illlt‘l‘illetllil’.
3260 5057 3373 5110 Non
3406 5071 3587 5114 tamen

2015 5133 2156 5185 volui
2211 5136 2528 5198 scripturam
2570 5142 2804 5190 inut..re,
2838 5132 2927 5178 sed
2982 5143 3169 5198 notare
3199 5131 3588 5194 suspicionem,

2023 5197 2329 5269 pra‘.~erlltlt
2372 5201 2496 5268 quia
2546 5200 2632 5252 hic
2683 5198 2832 5249 locus
2889 5197 3176 5250 destitutus
3231 5213 3311 5251 εει
3364 5203 3485 5252 cod.
3528 5201 3586 5254 S.

2017 5271 2275 5323 auxilio:
2334 5287 2438 5322 non
2497 5269 2638 5334 quod
2682 5284 2745 5319 eo
2802 5283 3040 5330 caream,
3087 5270 3178 5320 sed
3237 5272 3466 5336 quodin
3523 5284 3589 5322 eo

2017 5343 2180 5391 inulta
2240 5343 2456 5401 desunt,
2518 5340 2772 5389 nimirqu
2843 5339 2910 5388 ab
2961 5342 3066 5390 llllS
3115 5345 3290 5391 verbis
3347 5340 3589 5407 ἡμέραις

2013 5408 2188 5471 δυσὶν,
2242 5424 2412 5477 usque
2458 5407 2570 5460 fere
2622 5408 2688 5459 ad
2743 5421 3060 5475 praesentem
3096 5410 3293 5469 locum,
3340 5409 3436 5459 ᾶτε
3492 5409 3587 5462 τοῦ

2015 5478 2373 5544 εὐαγγελικοῦ
2416 5478 2600 5541 λόγου.

2086 5551 2195 5617 (51)
2237 5547 2338 5599 Per
2385 5548 2828 5616 signi/irationem
2894 5548 3236 5601 extensivum.
3297 5546 3432 5611 Quid
3487 5548 3589 5603 sibi

2015 5621 2144 5671 velit
2203 5622 2314 5687 haec
2361 5631 2638 5670 extenstva
2674 5618 3023 5687 signiﬁcatio,
3065 5630 3197 5670 satis
3234 5621 3590 5687 CXPU.~UlI|lUS

2015 5693 2079 5743 ad
2108 5691 2253 5743 llOill.
2285 5683 2371 5755 Rt,
2405 5697 2515 5740 not.
2550 5687 2640 5752 87,
2672 5683 2832 5756 quam
2866 5688 3108 5742 consule.
