3974 6220
376 325 482 384 869

1709 322 2038 385 HGMILIA
2080 323 2224 386 XLV
2239 324 2255 382 l
2272 323 2351 384 ll.

3536 326 3640 388 870

372 437 496 500 λὶας
527 438 740 509 λειμὼν
771 440 882 492 τῶν
914 439 1314 511 χριστολέκτων
1346 440 1608 512 ῥημάτων
1644 437 1824 509 βρύων
1851 441 1956 499 τοῖς

2065 446 2278 503 pratum
2305 433 2593 489 verborum
2617 432 2820 489 Christi
2844 434 3071 490 ﬂoribus
3095 433 3377 492 abundans
3405 437 3641 494 delecta-

376 529 568 584 ἄνθεσι
608 532 1058 585 πολλαπλασίονα
1092 533 1325 602 παρέχει
1370 532 1470 600 τὴν
1527 531 1790 601 ἡδύτητα.
1851 531 1963 582 Καὶ

374 618 485 671 τῶν
521 621 624 689 μὲν
659 622 872 676 ἀνθέων
900 623 968 675 τὰ
1002 624 1266 677 κάλλιστα
1309 623 1445 692 ὁμοῦ
1493 640 1556 676 τε
1596 622 1821 693 ἤνθησε,
1863 623 1961 675 καὶ

380 715 578 784 μικρὸν
607 716 846 784 φανέντα
885 716 1226 786 μαραίνεται.
1265 717 1337 768 Τὸ
1381 716 1436 768 δὲ
1479 715 1578 783 τῆς
1625 715 1784 781 ἁγίας
1816 714 1960 783 Γρα-

377 805 486 873 φῆς
531 806 732 867 κάλλος
793 807 1092 871 διαπαντὸς
1147 811 1394 878 τηρεῖται
1441 805 1742 876 ἀλὼσητον.
1809 806 1962 858 Ἐπεὶ

373 899 470 952 οὖν
522 901 613 952 καὶ
657 902 807 971 ἡμᾶς
859 903 1097 956 ἐνταῦθα
1144 904 1500 975 συνήθροισεν
1529 904 1557 955 ὁ
1589 902 1698 955 τῶν
1754 903 1960 972 νοερῶν

374 990 658 1059 δυνάμεως
675 993 1132 1064 ’Λρχιστράτηγος
1156 993 1254 1062 τὴν
1275 994 1462 1047 τούτου
1488 993 1962 1062 πανηγυρίσοντας

377 1081 622 1145 σύναξιν,
659 1086 795 1154 φέρε
835 1085 914 1154 τῷ
968 1086 1197 1154 λειμῶνι
1234 1085 1311 1155 τῷ
1351 1085 1691 1155 εύαγγελικῷ
1723 1102 1962 1156 προσεγ-

375 1174 632 1242 γίσαντες
661 1176 730 1229 τὰ
757 1177 1110 1247 πνευματικὰ
1143 1177 1273 1248 ῥόδα
1294 1179 1677 1248 τρυγήσωμεν.

458 1281 476 1313 ι
516 1259 686 1317 Εἶπεν
746 1269 776 1318 ὁ
832 1266 1040 1338 Κύριος
1095 1270 1211 1330 τοῖς
1269 1266 1466 1319 ἑαυτοῦ
1525 1265 1834 1335 μαθηταῖς’
1899 1267 1960 1320 Ὀ

381 1355 599 1408 ἁκούων
649 1357 824 1426 ὑμῶν,
877 1358 1012 1427 ἐμοῦ
1043 1357 1255 1420 ἀκούει,
1308 1360 1405 1410 καὶ
1453 1359 1481 1410 ὁ
1538 1359 1747 1411 ἀθετῶν
1793 1361 1956 1431 ὑμᾶς,

341 1447 485 1513 ἐμὲ
537 1447 744 1503 ἀθετεῖ.
791 1467 807 1501 ι
873 1451 1145 1520 Πρότερον
1193 1451 1292 1519 μὲν
1349 1450 1558 1503 δώδεκα
1612 1453 1872 1519 φοιτητὰς
1932 1454 1960 1505 ὁ

385 1536 578 1606 Σωτὴρ
606 1537 907 1604 ἐξελέξατο,
939 1539 1156 1620 οὒςὶκαὶ
1189 1540 1539 1593 ἀποστέλλων
1586 1542 1725 1610 πρὸς
1765 1543 1825 1594 τὸ
1861 1543 1961 1613 κή-

381 1645 572 1697 ρυγμα
604 1630 932 1694 ἐνετείλατο,
969 1633 1107 1703 μήτε
1156 1634 1236 1696 εἰς
1283 1633 1402 1686 ὁδὸν
1456 1633 1627 1686 ἐθνῶν
1678 1633 1958 1698 ἀπελθεῖν,

385 1721 523 1790 μήτε
563 1723 644 1784 εἰς
695 1723 850 1777 πόλιν
898 1724 1257 1794 Σαμαρειτῶν
1313 1723 1592 1778 εἰσελθεῖν.
1648 1725 1802 1776 Ἐπεὶ
1843 1725 1898 1777 δὲ
1930 1729 1957 1778 ό

374 1811 760 1877 διδασκαλικὸς
810 1815 1144 1868 ἐπλατύνετο
1179 1814 1359 1883 λόγος,
1400 1818 1494 1868 καὶ
1530 1816 1580 1867 oi
1612 1817 1959 1880 πιστεύοντες

382 1904 774 1975 ἑπληθύνοντο,
808 1909 904 1960 καὶ
936 1910 1076 1962 κατὰ
1108 1909 1210 1978 τὴν
1254 1909 1594 1979 Δεσποτικὴν
1643 1910 1959 1981 παραϐολὴν

384 1989 448 2040 τὺ
480 1992 583 2058 μὲν
631 1992 790 2062 θέρος
825 1995 932 2046 τῶν
984 1993 1321 2046 πιστούντων
1354 1994 1566 2065 ὑπῆρχε
1603 1995 1759 2060 πολὺ,
1811 1998 1861 2049 οί
1901 1997 1956 2050 δὲ

381 2084 620 2152 γεωργοὶ
649 2083 973 2136 δυοκαίδεκα
1023 2085 1174 2154 μόνοι
1233 2085 1554 2154 ἐτύγχανον,
1588 2086 1867 2153 ἐκλέγεται
1894 2089 1957 2156 δὴ

381 2172 482 2224 καὶ
507 2172 724 2236 λοιποὺς
750 2174 1146 2244 ἐϐδομήκοντα,
1183 2177 1276 2228 καὶ
1307 2177 1434 2236 τοὺς
1462 2176 1560 2246 μὲν
1586 2176 1794 2230 δώδεκα
1819 2178 1959 2230 κατὰ

383 2263 478 2333 τὸν
516 2266 751 2334 ἀριθμὸν
799 2268 910 2320 τῶν
963 2267 1172 2320 δώδεκα
1202 2267 1336 2319 υἱῶν
1391 2267 1611 2332 Ἰακὼϐ,
1664 2268 1726 2332 ἐξ
1772 2262 1848 2322 ὧν
1903 2271 1958 2323 αἱ

379 2355 492 2408 τῶν
565 2356 832 2426 Ἑϐραίων
891 2359 1092 2428 φυλαὶ,
1146 2359 1174 2412 ὅ
1221 2360 1285 2427 δὴ
1339 2361 1876 2430 προεχρησμῴδησεν
1925 2367 1958 2430 ἡ

379 2445 582 2516 κινύρα
611 2449 774 2502 Δαόίδ
799 2468 811 2480 ·
850 2470 867 2502 ι
891 2450 1036 2503 Ἀντὶ
1060 2451 1166 2504 τῶν
1190 2452 1442 2522 πατέρων
1473 2466 1566 2502 σου
1597 2453 1960 2522 ἐγεννήθησαν

378 2542 433 2594 οἱ
458 2542 562 2594 υἱοί
600 2561 692 2597 σου
723 2561 738 2576 ο
773 2546 1142 2615 καταστήσεις
1180 2547 1377 2609 αὐτοὺς
1416 2548 1688 2618 ἄρχοντας
1725 2549 1819 2600 ἐπὶ
1853 2550 1961 2602 rud-

383 2649 486 2685 σαν
535 2635 633 2705 τὴν
679 2636 815 2705 γῆνο
854 2654 874 2686 ι
919 2636 1163 2708 πατέρας
1210 2637 1385 2706 λέγων
1439 2641 1566 2703 τοὺς
1614 2640 1960 2712 πατριάρχας

383 2727 679 2792 γεγονότας
718 2727 777 2779 τὸ
815 2727 960 2780 κατὰ
998 2730 1178 2799 σάρκα
1223 2731 1468 2800 πατέρας
1508 2732 1768 2802 Χριστοῦ,
1811 2735 1959 2797 uicti;

380 2818 441 2870 δὲ
481 2819 604 2882 τοὺς
661 2819 841 2890 ἱεροὺς
886 2820 1119 2883 ὀπαδοὺς
1167 2820 1263 2874 τοῦ
1306 2823 1565 2892 Χριστοῦ.
1621 2822 1806 2887 Οὕτως
1853 2826 1961 2892 γὰρ

382 2909 579 2970 αὐτοὺς
601 2910 848 2981 ὠνόμασε
878 2914 971 2965 καὶ
995 2914 1053 2966 ἐν
1077 2913 1220 2983 ἄλλῳ
1241 2913 1440 2983 ψαλμῷ
1464 2928 1480 2943 ·
1516 2931 1534 2964 ι
1558 2914 1849 2982 Ἐνέγκατε
1881 2916 1960 2986 τῷ

2069 528 2270 580 tionem
2323 525 2508 580 multis
2557 525 2801 595 partibus
2854 526 3113 594 maiorem
3163 526 3340 583 affert.
3393 529 3457 583 Et
3509 548 3642 586 sane

2067 618 2416 685 pulcherrimi
2447 618 2650 686 quique
2683 618 2878 672 ﬂorum
2929 620 3089 674 simul
3125 619 3381 684 ﬂoruere,
3427 634 3479 676 et
3510 640 3644 692 pau-

2068 708 2235 761 lulum
2268 723 2592 778 apparuere,
2628 719 3002 775 marcescunt;
3037 720 3092 764 at
3118 721 3320 767 sanctae
3346 715 3643 782 Scriptura:

2067 799 2413 865 pulchritudo
2479 815 2872 869 usquequaque
2932 801 3071 871 viget
3132 803 3318 858 illaesa.
3375 805 3639 871 Quoniam

2065 891 2230 957 igitur
2251 889 2702 945 intellectualium
2732 893 2988 946 virtutum
3025 893 3136 963 (55)
3163 895 3414 964 princeps
3434 899 3500 949 ad
3524 898 3642 965 ejus

2066 982 2270 1036 festum
2315 983 2699 1037 celebrandum
2755 1000 2854 1038 nos
2902 986 3004 1039 huc
3052 986 3212 1040 hodie
3253 991 3640 1056 congregavit:

2065 1088 2164 1144 age
2187 1073 2298 1144 jam
2337 1090 2403 1130 ac
2436 1076 2806 1146 evangelicum
2839 1077 3000 1147 330
3042 1080 3366 1134 accedamus
3401 1092 3638 1150 pratum,

2062 1181 2128 1222 ex
2173 1183 2345 1238 eoque
2381 1170 2734 1240 decerpamus
2769 1173 3082 1240 Spirituales
3123 1190 3274 1228 rosas
3298 1181 3342 1229 ⁷.

2137 1249 2338 1315 «Dixit
2364 1259 2523 1317 Jesus
2569 1263 2850 1332 discipulis
2885 1267 3000 1320 suis
3031 1283 3044 1320 :
3081 1264 3182 1331 Qui
3220 1282 3318 1320 vos
3347 1269 3515 1329 amlit,
3551 1285 3637 1325 me

2061 1353 2240 1417 audit;
2281 1365 2337 1406 et
2381 1355 2473 1422 qui
2506 1370 2602 1409 vos
2651 1357 2990 1425 spernit,me
3034 1358 3260 1426 spernit.
3293 1377 3312 1409 ›
3365 1358 3636 1427 Principio

2062 1443 2280 1511 quidem
2305 1445 2591 1500 duodecim
2623 1447 2920 1516 discipulos
2953 1447 3203 1503 Salvator
3228 1452 3412 1519 elegit,
3444 1453 3642 1521 quibus

2065 1531 2130 1583 ad
2166 1533 2566 1598 pracdicandum
2603 1537 2781 1590 missis
2809 1540 3091 1607 praecepit,
3126 1553 3192 1592 ne
3247 1541 3296 1592 in
3339 1543 3480 1593 viam
3507 1557 3637 1608 gen-

1992 1644 2033 1697 B
2065 1621 2198 1675 tium
2235 1625 2412 1689 irent,
2446 1641 2546 1680 nec
2580 1626 2630 1679 in
2680 1628 2928 1683 civitates
2959 1628 3425 1685 Samaritanorum
3471 1633 3641 1687 intra-

2069 1724 2184 1768 rent
2210 1714 2254 1766 ⁸.
2292 1714 2391 1769 Ubi
2443 1732 2572 1770 vero
2605 1717 2866 1786 prolatari
2900 1735 3080 1774 sermo
3119 1723 3401 1786 doctrinm,
3442 1733 3497 1777 et
3521 1739 3641 1778 cre-

2065 1806 2308 1861 dentium
2333 1800 2620 1864 multitudo
2650 1820 2826 1879 coepta
2861 1813 3140 1882 adaugeri,
3168 1826 3224 1868 et
3245 1814 3395 1881 juxta
3427 1815 3639 1870 Domini

2069 1897 2382 1965 parabolam
2416 1899 2610 1953 messis
2642 1901 2862 1968 quidem
2893 1904 3230 1956 credentium
3258 1906 3636 1974 multiplicata,

2065 1988 2298 2054 operarii
2353 2004 2483 2042 vero
2529 1991 2813 2046 duodecim
2853 2001 3061 2047 tantum
3101 2006 3280 2060 erant,
3329 1997 3510 2065 allegit
3559 1999 3643 2052 in-

2066 2094 2233 2147 super
2267 2079 2400 2135 alios
2435 2085 2800 2150 septuaginta,
2834 2083 2900 2153 [et
2947 2084 3229 2140 duodecim
3269 2088 3483 2156 quidem
3521 2088 3637 2158 (56)

2067 2175 2194 2246 legit
2222 2175 2377 2243 juxta
2402 2193 2688 2232 numerum
2713 2181 2993 2234 duodecim
3021 2182 3252 2236 ﬁliorum
3278 2182 3466 2248 Jacob,
3496 2188 3639 2240 unde

2067 2267 2311 2322 deductae
2361 2267 2712 2323 Hebraeorum
2774 2271 2992 2332 tribus,
3047 2273 3190 2341 quod
3249 2286 3303 2328 et
3355 2279 3638 2345 prmi-iuuit

2067 2358 2236 2412 David
2285 2363 2680 2429 cythartedus:
2719 2379 2736 2412 ι
2773 2359 2880 2415 Pro
2927 2365 3173 2431 patribus
3207 2366 3316 2417 tuis
3360 2367 3468 2441 nati
3512 2376 3638 2420 sunt

2069 2452 2162 2506 tibi
2211 2453 2335 2505 lilii:
2391 2455 2692 2509 constitues
2746 2471 2840 2509 eos
2890 2457 3164 2526 principes
3215 2474 3378 2529 super
3422 2475 3636 2515 omnem

2067 2546 2305 2596 terram’
2330 2561 2344 2601 :
2378 2564 2397 2595 ι
2429 2556 2610 2614 patres
2635 2547 2972 2615 patriarchas
3000 2550 3293 2618 appellans,
3319 2553 3408 2620 qui
3438 2554 3636 2607 Christi

2067 2639 2602 2700 secumhtmcaruem
2637 2641 3012 2710 pragenitores
3040 2640 3220 2707 fuere,
3257 2643 3394 2696 tilios
3420 2653 3639 2698 sanctos

2066 2727 2305 2781 asseclas
2353 2726 2592 2795 Christi;
2638 2730 2719 2783 sic
2762 2731 2906 2784 enim
2959 2741 3012 2784 et
3055 2732 3106 2783 in
3143 2730 3250 2783 alio
3285 2731 3494 2799 psalmo
3543 2747 3638 2787 crs

2069 2820 2278 2873 vocavit
2311 2839 2325 2875 :
2365 2839 2383 2873 ι
2414 2823 2619 2878 All‘erte
2650 2823 2902 2890 Domino,
2955 2825 3047 2878 lilii
3106 2823 3196 2877 Dei
3231 2826 3308 2891 ";
3350 2827 3440 2878 sed
3479 2838 3639 2878 voca-

2071 2909 2269 2963 tionem
2329 2913 2669 2981 septuaginta
2732 2913 3066 2968 Testamenti
3131 2915 3344 2970 Veteris
3392 2915 3636 2983 quaedam

384 3001 599 3072 Κυρίῳ,
629 3005 733 3055 υἱοὶ
759 3004 896 3057 Θεοῦ
926 3021 939 3036 ο
984 3023 1002 3057 ι
1035 3008 1134 3075 τὴν
1156 3006 1212 3058 δὲ
1235 3006 1432 3077 κλῆσιν
1456 3007 1564 3060 τῶν
1592 3007 1956 3078 ἑϐδομήκοντα

2070 3001 2296 3056 historia
2355 3004 2606 3074 ﬁguravit
2670 3005 2805 3074 (57).
2861 3003 3126 3073 Prazcepit
3179 3007 3321 3058 enim
3381 3005 3638 3059 [iotniuus

384 3093 528 3162 ἄλλη
567 3111 651 3156 τις
686 3095 897 3164 ἱστορία
941 3097 1164 3166 ᾐνίξατο
1206 3098 1434 3153 παλαιά.
1486 3098 1822 3151 Ἐνετείλατο
1850 3100 1960 3171 γὰρ

384 3189 417 3238 ὁ
448 3187 580 3250 θεὸς
606 3188 772 3240 πάλαι
801 3188 877 3258 τῷ
912 3189 1113 3259 θεόπτῃ
1145 3191 1336 3243 Μωσεί
1365 3190 1691 3256 ἐκλέξασθαι
1718 3192 1826 3246 ἀπὸ
1851 3193 1959 3246 τῶν

385 3281 777 3351 πρεσϐυτέρων
830 3280 924 3333 τοῦ
983 3281 1108 3335 λαοῦ
1161 3281 1359 3352 ἄνδρας
1424 3284 1822 3354 ἐϐδομήκοντα,
1865 3285 1960 3338 καὶ

386 3371 594 3441 κατέϐη
653 3373 856 3442 Κύριος
900 3373 959 3425 ἐν
1002 3373 1220 3443 νεφέλῃ,
1262 3375 1358 3427 καὶ
1411 3375 1667 3444 ἀφείλετο
1711 3378 1818 3428 ἀπὸ
1864 3377 1960 3429 τοῦ

387 3461 697 3531 ⁸’τνεύματος
737 3463 832 3515 τοῦ
889 3465 948 3515 ἐν
998 3463 1077 3534 τῷ
1121 3466 1331 3527 Μωσεί,
1395 3469 1487 3517 καὶ
1526 3467 1680 3519 ἐθετο
1736 3467 1795 3518 ἐν
1847 3471 1961 3530 τοῖς

388 3555 780 3625 ἐϐδομήκοντα,
805 3557 898 3610 καὶ
923 3549 1070 3609 οὗτοι
1097 3557 1175 3626 τῷ
1204 3557 1492 3630 νομοθέτῃ,
1522 3558 1960 3628 συναντελαμδάο

387 3663 563 3700 νοντο.
603 3649 774 3703 Τοῦτο
803 3650 863 3702 τὸ
895 3651 1092 3720 μέλλον
1123 3651 1572 3722 προεζωγράφει,
1607 3653 1700 3703 καὶ
1727 3653 1777 3704 οἱ
1807 3650 1960 3704 ἐϐδο-

392 3741 640 3810 μήκοντα
675 3743 872 3794 ἐκεῖνοι
910 3742 1102 3811 ἄνδρες
1132 3743 1243 3796 τῶν
1290 3741 1596 3812 ἰσαρίθμων
1624 3745 1827 3796 τούτων
1858 3763 1962 3815 μα-

390 3830 573 3900 θητῶν
600 3826 739 3901 ἦσαν
798 3831 1168 3902 προτύπωσις.
1239 3834 1401 3886 Ἀλλὰ
1460 3835 1554 3886 καὶ
1607 3835 1695 3887 ὅτε
1742 3834 1832 3887 διὰ
1864 3836 1961 3904 τῆς

389 3923 598 3992 ἐρήμου
624 3924 818 3993 ἤγοντο
852 3921 948 3976 τοῦ
995 3924 1212 3994 Ἰσραὴλ
1239 3925 1288 3976 οί
1321 3925 1574 3993 ἀπόγονοι
1595 3928 1661 3994 τῇ
1694 3925 1960 3996 όδηγούσῃ

387 4016 591 4088 νεφέλῃ
639 4016 894 4085 ἑπόμενοι
931 4018 1413 4086 καταλαμϐάνουσι
1459 4019 1626 4070 τόπον
1669 4017 1819 4070 ὕδατι
1864 4035 1962 4070 πο-

388 4110 536 4179 τίμῳ
573 4110 940 4181 κατάρρυτον,
967 4109 1292 4164 δυοκαίδεκα
1321 4113 1515 4183 πηγῶν
1543 4111 1761 4181 ἀφθόνῳ
1803 4128 1961 4182 περι-

468 4271 485 4300 '
524 4269 658 4322 Luc.
709 4285 764 4333 χ,
807 4269 872 4324 l6
929 4284 1082 4338 seqq.
1159 4270 1180 4300 '
1219 4271 1406 4328 Matth.
1451 4291 1504 4339 ιι,
1547 4275 1602 4330 ὅ.

390 4340 482 4396 25.
560 4342 602 4372 ⁸¹
639 4339 806 4394 Exod.
850 4355 938 4406 xv,
977 4341 1087 4406 27;
1135 4341 1292 4400 Num.
1328 4361 1525 4410 χχχιχ,
1569 4348 1621 4401 9.

1703 4277 1723 4308 ’
1756 4274 1904 4330 Psal.
1950 4291 2095 4338 XLIV,
2145 4275 2235 4329 l7.

2059 3097 2227 3168 Moysi
2278 3098 2694 3169 contemplatori
2726 3099 2843 3168 Dei,
2897 3111 2956 3154 ut
2999 3115 3062 3154 ex
3111 3100 3418 3154 senioribus
3457 3101 3637 3169 populi

2061 3192 2205 3244 viros
2242 3192 2587 3262 septuaginta
2622 3193 2924 3262 seligeret:
2971 3201 3021 3246 et
3063 3191 3345 3245 descendit
3392 3191 3444 3245 in
3498 3192 3641 3246 nubo

2062 3283 2342 3345 Dominus,
2377 3295 2430 3338 et
2462 3283 2686 3338 abstulit
2717 3286 2782 3336 de
2816 3285 3032 3352 spiritu,
3065 3284 3156 3352 qui
3189 3293 3305 3339 erat
3339 3286 3392 3337 in
3429 3282 3636 3353 Moyse,

2059 3385 2114 3427 et
2149 3374 2369 3428 tradidit
2403 3373 2510 3427 illis
2539 3374 2911 3442 septuaginta,
2955 3385 3117 3440 atque
3150 3374 3224 3425 ita
3268 3387 3390 3424 cum
3424 3370 3637 3440 legisla—

2062 3475 2177 3519 tore
2223 3467 2272 3519 hi
2317 3465 2550 3533 cooptati
2600 3465 2820 3517 sunt“.
2875 3463 2986 3518 Hoc
3036 3479 3168 3517 sane
3215 3462 3416 3516 factum
3467 3461 3637 3516 futuri

2059 3555 2401 3608 adumbratio
2431 3553 2558 3620 fuit,
2596 3564 2650 3607 et
2698 3557 3039 3624 septuaginta
3071 3555 3285 3622 quidem
3325 3553 3402 3608 illi
3450 3568 3632 3622 parem

2062 3647 2254 3700 horum
2289 3647 2681 3715 discipulormn
2718 3661 3005 3698 numerum
3041 3645 3460 3715 praesignavere.
3493 3644 3633 3710 Quin

2059 3741 2224 3794 etiam
2251 3741 2469 3808 quando
2501 3749 2726 3808 nepotes
2760 3738 2977 3792 lsraelis
3014 3754 3110 3807 per
3155 3739 3430 3794 desertum
3478 3739 3636 3792 nubis

2058 3833 2223 3888 ductu
2284 3834 2600 3902 pergebant,
2641 3831 2816 3886 locum
2876 3846 3072 3901 cepere
3135 3849 3276 3900 aqua
3329 3834 3395 3884 ad
3448 3839 3634 3899 potum

2061 3927 2252 3980 idonea
2288 3934 2588 3978 scatentem
2618 3925 2943 3980 :duodecim
2976 3923 3180 3978 scilicet
3214 3925 3440 3976 fontium
3465 3924 3636 3975 abun-

2059 4019 2227 4073 dante
2261 4032 2399 4083 aqua
2445 4017 2751 4085 irrigatum,
2805 4028 2860 4070 et.
2908 4016 3102 4085 palmis
3150 4016 3380 4070 excelsis
3417 4025 3636 4082 septua-

2059 4113 2206 4180 ginta
2231 4119 2516 4178 opacatum
2549 4108 2613 4160 “.
2641 4107 2934 4162 Duodecim
2967 4109 3130 4177 igitur
3151 4109 3326 4160 fontes
3349 4106 3630 4160 duodecim

2349 4276 2393 4306 ³⁸
2429 4271 2572 4327 Psal.
2606 4285 2800 4329 xxvttt.
2838 4271 2888 4324 l.
3006 4271 3047 4301 ²¹
3083 4268 3244 4322 Num.
3279 4283 3352 4326 xu,
3401 4266 3492 4332 l6,
3533 4265 3627 4329 24,

1612 4459 1930 4522 Francisci
1963 4459 2168 4522 Scorsi
2204 4467 2389 4520 notia.

475 4581 596 4652 (55)
630 4579 1078 4636 Intellectualium
1116 4583 1369 4635 virtutum
1398 4583 1658 4650 princeps.
1692 4581 1837 4636 Satis
1863 4583 1949 4637 hic

2065 4585 2120 4637 ad
2154 4585 2315 4638 verba
2360 4581 2555 4652 psal._:4
2595 4580 2890 4648 Ἐνέγκατε
2939 4576 3015 4646 τῷ
3037 4576 3262 4652 Κυρέῳ,
3303 4577 3410 4629 υἱοὶ
3459 4577 3628 4652 ΔΘεοῦ.

393 4653 558 4709 habui
629 4667 815 4706 vocem
874 4652 1339 4720 ἀρχιστράτηγος,
1395 4654 1636 4721 princeps
1702 4655 1948 4716 reddere,

394 4740 500 4778 non
533 4722 716 4776 addito
768 4721 968 4774 militia:
1029 4722 1262 4782 nomine,
1297 4725 1420 4789 quin
1465 4734 1812 4788 praecesserat
1841 4723 1950 4775 τῶν

390 4793 598 4863 νοερῶν
628 4792 940 4863 δυνάμεων;
992 4805 1113 4859 quae
1145 4794 1288 4859 quod
1323 4793 1512 4844 militia
1542 4795 1827 4863 funestis
1875 4797 1946 4863 sit

393 4860 568 4916 cuivis
603 4860 772 4928 patet.
807 4861 1102 4928 Itidemque
1145 4870 1286 4927 patet
1319 4863 1489 4915 cuivis
1529 4860 1714 4916 Graice
1755 4862 1946 4915 scienti

393 4937 523 5001 quid
553 4931 1180 5001 δοιιοιάρχιστράτηγος,
1210 4932 1462 5001 nimirum
1483 4934 1720 5000 princeps
1748 4933 1950 4984 militia:

393 4999 480 5056 vel
517 4999 792 5054 exercitus.
820 4999 826 5000 ⁷
853 4999 1035 5053 Solum
1074 5009 1161 5052 tnc
1217 4999 1437 5053 afferam
1485 5017 1548 5053 ex
1607 4999 1951 5055 interioribus

394 5073 592 5125 litteris
638 5071 891 5139 quiddam
929 5071 994 5121 ad
1024 5070 1225 5121 cultum
1255 5070 1312 5123 S.
1344 5069 1620 5122 Michaelis
1641 5069 1952 5137 εψιιιιϐηιξ-

394 5158 493 5195 cos
544 5142 806 5202 insignem
872 5141 1094 5192 faciens.
1146 5139 1220 5191 Ex
1260 5139 1495 5191 llainulis
1529 5150 1783 5207 quatuor,
1834 5155 1952 5206 qua:

395 5212 824 5281 prteferebantur
857 5211 1164 5277 imperatOri
1215 5207 1573 5281 Constantino
1637 5225 1699 5261 ex
1754 5209 1951 5274 palatio

393 5279 691 5349 ἐμηκΙὶωηὶ
744 5282 975 5347 primum
1010 5289 1162 5349 erat,
1217 5279 1660 5347 archistrategus,
1694 5281 1894 5332 dictum
1920 5295 1949 5333 a

397 5347 463 5405 υῖ
525 5351 802 5404 Michaelis
861 5347 1261 5417 imagiue,qnte
1300 5351 1350 5400 in
1405 5351 1492 5401 illo
1556 5349 1774 5401 ll.unulo
1831 5359 1950 5402 erat

393 5435 656 5491 expressa
703 5428 760 5474 et
802 5420 1002 5491 allicta.
1051 5418 1128 5471 Ita
1170 5419 1526 5491 archangelus
1571 5419 1796 5472 Michael
1853 5417 1953 5491 _t_oti

398 5489 617 5545 liaiuulo
669 5506 863 5544 nomen
905 5489 1067 5541 dabat
1121 5500 1180 5540 ut
1233 5490 1662 5558 arcltistrategus
1710 5489 1951 5555 appella-

399 5570 574 5616 retur.
620 5565 692 5616 Ex
754 5560 944 5613 Codin.
979 5560 1176 5626 Ουτοι).
1211 5560 1277 5611 de
1303 5561 1442 5614 ollic.
1472 5562 1637 5613 curia:
1686 5558 1953 5613 Constan-

396 5630 570 5700 tiuop.
605 5633 733 5684 Vide
749 5644 798 5685 et
834 5629 1072 5684 Gretser.
1102 5631 1166 5680 ad
1189 5644 1332 5700 eum.

474 5695 587 5772 (56)
620 5703 688 5756 Ει
715 5703 986 5754 duodecim
1018 5701 1245 5772 quidem.
1279 5699 1550 5772 Integrtttn
1575 5695 1940 5772 fragmentum

397 5766 491 5830 abi
517 5766 598 5829 his
629 5775 804 5829 verbis
849 5766 1076 5826 notatis:
1125 5770 1234 5822 Καὶ
1255 5770 1378 5831 τοὺς
1404 5767 1505 5832 μὲν
1524 5766 1751 5829 δώδεκα,
1773 5783 1940 5827 usque

2059 4657 2214 4709 deest
2250 4659 2298 4706 in
2355 4648 2478 4706 cod.
2516 4650 2638 4704 Vat.
2690 4666 2754 4705 ex
2824 4663 2930 4716 quo
2981 4649 3046 4698 ad
3106 4665 3188 4698 me
3244 4648 3627 4712 transcriptum

2060 4724 2338 4792 exemplar
2397 4723 2697 4775 amicorum
2757 4735 2920 4786 opera
2973 4718 3362 4792 pervenit,_et_
3406 4720 3622 4783 quidem

2058 4785 2316 4847 Omiss'nm
2371 4793 2420 4844 in
2458 4793 2560 4845 hac
2609 4785 2828 4844 humilia
2876 4799 3126 4854 tanquam
3154 4786 3278 4837 alibi
3314 4785 3382 4838 ab
3405 4798 3626 4840 auctore

2059 4864 2281 4927 dictum,
2337 4863 2478 4931 quod
2519 4862 2815 4937 ostendunt
2848 4859 2958 4937 inec
3014 4855 3523 4937 verba‘quaaﬁup‘t‘
3567 4858 3620 4908 in

2064 4933 2155 4987 illo
2215 4923 2401 4985 viui:
2463 4933 2573 4984 Kal.
2604 4931 2691 4982 διὰ
2726 4930 2776 4980 τί
2811 4929 2910 4994 μὲν
2955 4925 3082 4982 τοὺς
3115 4923 3319 4974 δώδεκα
3351 4924 3406 4974 ἐν
3441 4925 3624 4987 ἄλλοις

2062 5004 2195 5070 ἡμῖν
2224 5001 2625 5070 προεξήτασται
2651 5016 2665 5030 ο
2703 4999 2771 5050 Et
2799 5013 2901 5065 qua
2930 4995 3137 5070 quidem
3166 5009 3328 5045 causa
3352 4995 3624 5070 duodecim

2060 5063 2180 5125 inus
2212 5063 2443 5140 elégerii,
2483 5074 2535 5122 in
2583 5070 2702 5140 aliis
2734 5085 2764 5119 α
2793 5063 2872 5118 me
2910 5066 3334 5140 discussumeu.
3371 5063 3475 5116 Sed
3501 5080 3622 5140 cum

2061 5143 2174 5195 haec
2209 5134 2426 5195 humilia
2485 5141 2622 5194 desit
2677 5139 2818 5190 inter
2851 5150 2942 5188 eas
3001 5150 3136 5200 quas
3169 5134 3347 5186 adhuc
3381 5134 3621 5212 nancisri

2061 5213 2350 5280 potuerint,
2384 5223 2434 5262 et
2474 5219 2649 5280 Intueri
2679 5277 2686 5280 Δ
2711 5223 2827 5260 eam
2873 5219 3129 5280 cauSam,
3167 5214 3623 5280 seu-mystertnut

2060 5273 2295 5335 viderem
2330 5281 2382 5333 in
2418 5280 2538 5332 cod.
2591 5277 2728 5331 Gall.
2763 5275 3108 5343 explicatam,
3145 5273 3289 5324 uolui
3327 5274 3377 5325 id
3402 5282 3620 5339 practer-

2059 5352 2277 5404 ntittere
2310 5360 2564 5418 tanquam
2589 5350 2823 5418 auctoris
2854 5345 3148 5418 propriam.

2095 5445 2098 5448 ~
2137 5421 2252 5491 (57)
2282 5410 2538 5484 Quwdam
2591 5417 2813 5491 Itis-torio
2855 5410 3152 5491 ﬁguravit:
3196 5411 3342 5464 lianc
3377 5410 3621 5491 ﬁguram,

2064 5481 2480 5558 et'seqnentem
2534 5503 2598 5541 ex
2650 5481 2877 5553 palmis
2911 5484 3248 5558 septuaginta
3307 5494 3357 5558 et
3420 5481 3624 5558 (lutule-

2060 5564 2163 5615 cim
2199 5551 2455 5622 fontibus,
2511 5551 2730 5629 quibus
2757 5551 3425 5629 adumhratist'ptuaginta
3457 5551 3624 5629 disci-

2061 5631 2192 5699 puli,
2221 5637 2480 5699 recenset
2522 5622 2644 5683 cum
2684 5627 2804 5680 aliis
2837 5622 3019 5678 multis
3047 5622 3328 5675 Cornelius
3358 5632 3541 5675 noster
3573 5623 3624 5673 in

2052 5698 2170 5769 Cap.
2208 5698 2366 5753 Luca:
2404 5713 2455 5752 κ.
