3974 6220
301 373 442 435 895.

1675 356 2004 418 HOMILIA
2054 357 2271 420 XLIX.

3466 343 3572 407 886
3584 361 3588 364 '

308 491 385 560 μὴ
419 485 717 555 ἀσυντελὴς
762 485 900 551 δόξω
939 485 1004 554 τῇ
1046 480 1355 552 πανηγύρει
1401 477 1742 538 παντάπασι.
1791 475 1887 530 καὶ

2049 475 2156 520 tam
2216 463 2486 536 μεθίει-0⁷,
2516 478 2584 520 ne
2635 463 2819 518 videar
2859 469 3038 516 tamen
3096 457 3225 512 huic
3271 450 3572 510 celebritati

304 583 590 650 ἀνόνητος,
623 583 755 649 φέρε
777 582 842 649 τῇ
863 577 954 632 τοῦ
984 577 1282 632 ἀποστόλου
1306 575 1574 647 πρεσϐείᾳ
1610 574 1884 646 τεθαρρη-

304 676 442 739 κὼς.
478 677 580 737 τὰς
618 670 1066 740 ἀναγνωσθείσας
1113 673 1356 741 σήμερον
1402 669 1499 722 τοῦ
1545 668 1882 736 Εύαγγελίου

304 768 498 839 φωνὰς
531 767 649 828 ταῖς
680 765 953 834 φιλοθέοις
980 763 1137 832 ὑμῶν
1166 764 1357 826 ἀκοαῖς
1389 762 1762 831 ἐξηγήσομαι.

383 860 474 930 Τῷ
517 857 697 928 καιρῷ
735 857 932 926 ἐκείνῳ
974 875 992 907 ι
1026 854 1325 924 Ἠθέλησεν
1351 856 1377 907 6
1407 851 1615 923 Ἰησοῦς
1649 853 1886 916 ἐξελθεῖν

300 953 392 1026 εἰς
413 952 513 1022 τὴν
539 947 857 1013 Γαλιλαίαν,
890 947 986 1002 καὶ
1011 947 1258 1017 εὑρίσκει
1284 945 1575 1006 Φίλιππον,
1607 946 1702 998 καὶ
1736 944 1887 1009 λέγει

303 1045 498 1099 αὐτῶ·
549 1041 861 1096 Ἀκολούθει
891 1059 1000 1112 μοι.
1046 1060 1064 1093 s
1106 1040 1299 1093 Ἦνίκα
1352 1039 1452 1102 τὰς
1497 1040 1591 1092 ἐπὶ
1639 1040 1734 1108 τῆς
1785 1037 1888 1107 γῆς

303 1134 595 1205 διατριϐὰς
625 1134 652 1186 6
686 1132 879 1200 Σωτὴρ
917 1129 1234 1198 ἐπεποίητο.
1268 1128 1368 1196 τὴν
1401 1129 1481 1189 είς
1510 1128 1657 1197 ἡμᾶς
1681 1128 1889 1179 οἱκονο⁴

308 1228 445 1296 μίαν
475 1224 1029 1296 πραγματευόμενος,
1063 1223 1172 1276 ἔδει
1202 1221 1258 1275 δὲ
1284 1220 1378 1274 καὶ
1413 1220 1676 1290 μαθητῶν
1706 1219 1890 1290 ἀθροῖ-

308 1336 408 1373 σαι
457 1318 616 1388 χορὸν
666 1317 998 1385 ὀφειλόντων
1047 1314 1282 1386 κηρύξαι
1324 1313 1386 1367 τὸ
1429 1314 1528 1384 τῆς
1573 1314 1892 1380 οἰκονομίας

310 1411 638 1480 μυστήριον,
681 1409 930 1463 καλεῖται
975 1408 1189 1480 πρῶτος
1233 1407 1316 1469 εἰς
1348 1406 1651 1475 μαθητείαν
1687 1409 1714 1460 6
1756 1405 1890 1459 θαυ-

311 1503 511 1573 μάσιος
563 1501 850 1562 Φίλιππος.
903 1501 964 1553 Ei
1019 1500 1128 1570 γὰρ
1185 1500 1280 1554 καὶ
1343 1499 1602 1570 Ἀνδρέας
1655 1497 1894 1568 ἀρχῆθεν

307 1595 753 1666 ὲμαθητεύσατο,
795 1593 911 1648 ἀλλ’
941 1595 1150 1656 ἐκεῖνος
1211 1592 1512 1660 αύτοκλητὶ
1555 1591 1894 1661 παρεγένετο

308 1687 557 1749 ἀκούσας
581 1687 864 1758 εἰρηκότος
903 1685 1153 1740 Ἰωάννου
1173 1687 1299 1756 περὶ
1329 1683 1596 1755 Χριστοῦ,
1628 1685 1703 1746 ὡς
1734 1683 1895 1747 αὐτὸς

1990 555 2198 610 inutilis
2224 555 2502 610 exstitisse
2533 563 2587 609 et
2626 553 2850 608 omnino
2885 550 3286 608 infructuosus.
3329 560 3428 615 age
3449 545 3564 615 jam

1989 643 2236 712 apostolo
2267 644 2624 713 deprecatore
2661 639 2902 695 conlisus
2931 638 3065 692 lecta
3104 635 3264 689 hodie
3299 631 3573 703 Evangelii

1991 731 2153 785 verba
2189 732 2344 785 vobis
2372 731 2476 799 piis
2510 727 2849 783 amlitorihus
2871 722 3170 794 explanabo
3198 720 3277 774 ³¹μ

2061 831 2116 885 in
2145 831 2237 886 illo
2271 842 2509 901 tempore
2559 828 2769 885 «Voluit
2836 824 2992 880 Jesus
3017 824 3166 879 exire
3197 823 3250 876 in
3276 820 3578 877 Galilaeam

1991 931 2044 972 et
2079 920 2291 975 invenit
2316 919 2645 989 Philippum,
2671 926 2727 972 et
2755 917 2826 970 ait
2853 914 2955 978 illi,
2977 912 3218 981 Sequere
3250 925 3356 966 me.
3388 928 3406 962 ι
3436 909 3571 962 Cum

1991 1010 2158 1063 vitam
2206 1009 2260 1063 in
2316 1009 2477 1063 terris
2530 1015 2714 1077 ageret
2774 1003 3051 1067 Salvator,
3113 1010 3168 1054 et
3225 999 3290 1055 ad
3342 999 3572 1055 salutem

1991 1106 2257 1162 nostram,
2293 1112 2413 1165 quae
2466 1105 2621 1149 erant
2663 1093 2918 1162 disposita
2977 1088 3371 1158 negotiaretur,
3409 1085 3576 1141 discin

1995 1183 2242 1253 pnlorum
2271 1197 2417 1247 vero,
2443 1182 2534 1251 qui
2561 1177 2985 1250 dispensationis
3016 1177 3213 1230 divina;
3247 1173 3579 1244 mysterium

1993 1283 2150 1329 erant
2179 1273 2341 1344 337
2383 1270 2775 1342 promulgaturi
2824 1278 3026 1324 emtum
3059 1279 3255 1336 cogere
3288 1273 3578 1319 consenta-

1996 1378 2160 1418 neum
2190 1372 2365 1424 esset,
2399 1361 2629 1430 primnm
2655 1359 2895 1414 onmium
2923 1356 3037 1429 (7|)
3073 1353 3392 1422 discipulum
3426 1352 3591 1407 illum-

1994 1448 2367 1504 admirabilem
2402 1447 2514 1516 (72)
2583 1445 2888 1514 Philippum
2940 1442 3173 1497 vocavit.
3225 1439 3338 1495 Etsi
3428 1439 3575 1495 enim

1993 1539 2240 1600 Andreas
2262 1539 2370 1604 jam
2404 1538 2472 1592 ab
2501 1537 2656 1591 initio
2691 1533 2995 1604 discipulus
3025 1547 3146 1588 esse
3172 1529 3578 1599 cmperat,ipse

1998 1635 2329 1681 tamencum
2388 1623 2622 1678 audisset
2681 1637 2710 1675 a
2769 1619 2981 1674 Joanne
3014 1621 3081 1672 de
3137 1618 3378 1682 Christo,
3430 1617 3587 1687 quod--

1998 1719 2146 1768 esset
2201 1711 2388 1781 Agnus
2428 1709 2543 1773 Dei,
2578 1723 2608 1762 a
2657 1707 2952 1777 semetipso
3006 1705 3269 1760 invitatus
3325 1704 3574 1759 accessit.

308 1784 404 1850 εἴη
430 1783 458 1831 δ
496 1779 693 1849 ’Δμνὺς
731 1778 824 1832 τοῦ
855 1777 1012 1834 Θεοῦ.
1044 1775 1148 1831 Τὸν
1175 1777 1233 1830 δὲ
1263 1777 1556 1847 ἱερώτατον
1592 1777 1888 1840 Φίλιππον,

2006 1804 2417 1860 Sanctissimum
2473 1817 2602 1856 vero
2655 1799 2960 1868 Philippum
3025 1798 3188 1852 veluti
3255 1796 3577 1865 praet-larum

309 1869 431 1928 οἷόν
456 1890 510 1926 τι
541 1871 826 1925 κάλλιστον
852 1869 1098 1939 εὕρημα,
1134 1870 1226 1923 καὶ
1263 1867 1602 1938 ποθούμενον
1642 1866 1896 1938 εὑρηκὼς

308 1965 343 2018 6
368 1963 598 2034 Χριστὸς
623 1965 650 2016 6
676 1961 868 2032 Σωτὴρ
919 1961 1110 2032 ήμῶνο
1161 1959 1319 2014 τοῦτο
1355 1960 1463 2030 γὰρ
1513 1959 1774 2030 σημαίνει
1811 1959 1893 2024 τὸ,

316 2074 342 2108 s
389 2054 645 2124 Εὐρίσκει
693 2053 985 2116 Φίλιππον,
1017 2069 1036 2103 ι
1083 2051 1233 2120 λέγει
1268 2049 1418 2118 αύτῷ
1449 2065 1464 2081 ·
1517 2069 1537 2104 ι
1582 2050 1895 2105 Ἀκολούθει

313 2166 436 2218 μοι.
476 2166 496 2200 s
543 2147 602 2200 Ὀ
629 2147 739 2216 γὰρ
767 2145 831 2216 δὴ
873 2146 1161 2212 Φίλιππος,
1211 2145 1307 2198 καὶ
1351 2143 1522 2198 πάλαι
1561 2143 1801 2214 συνήθης
1826 2139 1896 2214 ἦν

308 2241 399 2312 τῷ
421 2239 642 2312 Χριστῷ
668 2239 1040 2308 ἀνατραφέντι
1073 2239 1130 2292 ὲν
1168 2235 1451 2308 Γαλιλαίᾳ,
1476 2234 1550 2299 ὡς
1571 2235 1813 2290 διδάσκει
1835 2237 1896 2290 τὸ

313 2335 678 2403 Εὐαγγὲλιον.
708 2333 943 2402 Ἔμελλε
966 2332 1011 2386 δ’
1035 2331 1144 2402 ἄρα
1187 2330 1486 2399 ύποδοχεὺς
1516 2329 1774 2397 γενέσθαι
1797 2329 1896 2400 τῆς

308 2425 604 2495 λαμπάδος
633 2422 729 2478 τοῦ
761 2423 1106 2492 Πνεύματος,
1154 2421 1250 2474 καὶ
1290 2420 1387 2489 τῆς
1421 2420 1672 2490 κλήσεως
1700 2422 1894 2493 φέρειν

308 2517 423 2588 τὴν
473 2517 676 2587 πρᾶξιν
725 2515 1088 2586 κατάλληλον.
1129 2512 1530 2586 Ἑρμηνεύεται
1569 2515 1680 2588 γὰρ
1720 2517 1897 2588 στόμα

311 2606 605 2678 λαμπάδος
638 2606 668 2659 6
691 2605 979 2668 Φίλιππος.

399 2695 506 2752 Ἦν
549 2699 605 2752 δὲ
647 2698 972 2761 omnum;
1009 2695 1118 2751 ἀπδ
1156 2695 1437 2768 Βηθσαῖδᾶ
1468 2698 1532 2752 ὲκ
1565 2698 1665 2768 τῆς
1699 2700 1895 2771 κώμης

314 2792 578 2862 ’Δνδρέου
627 2789 723 2844 καὶ
761 2789 995 2856 Πέτρου.
1043 2788 1118 2842 Τδ
1163 2788 1265 2861 τὴν
1307 2788 1504 2860 κώμην
1534 2794 1710 2845 εἰπεῖν
1738 2791 1797 2858 ἐξ
1827 2789 1897 2867 ἧς

313 2884 571 2954 ὥρμητο,
634 2881 711 2944 ὡς
760 2878 845 2948 εἴη
898 2879 1186 2944 Βεθσαῖδὰ,
1244 2880 1652 2951 ἐπιμνησθῆναι
1700 2883 1756 2936 δὲ
1803 2887 1897 2939 καὶ

311 2977 559 3044 Πέτρου,
589 2973 684 3028 καὶ
723 2971 977 3042 Ἀνδρέου
1005 2970 1182 3024 διττὸν
1207 2969 1386 3024 ώδίνει
1418 2972 1641 3028 σκοπόν.
1689 2973 1807 3027 Ἵνα
1838 2991 1895 3028 τι

316 3065 503 3140 δείξῃς
523 3064 598 3128 ώς
621 3064 691 3119 τὰ
727 3060 1135 3132 ἐξουθενημένα
1175 3061 1271 3116 τοῦ
1305 3062 1512 3134 κόσμου
1555 3063 1839 3132 ἐξελέξατο
1869 3070 1897 3122 6

1997 1895 2208 1950 lucrum
2243 1893 2381 1964 (75),
2424 1902 2473 1947 et
2537 1900 2850 1963 exoptatum
2905 1905 3025 1945 cum
3089 1889 3336 1944 Salvator
3395 1899 3582 1943 noster

1995 1986 2248 2042 Christus
2305 1985 2620 2044 invenisset.
2683 1984 2784 2037 hoc
2832 1983 2975 2036 enim
3029 1980 3269 2034 innuitur
3320 1994 3415 2048 per
3463 1978 3584 2034 haec

1997 2078 2159 2134 verba
2191 2119 2207 2144 ,
2250 2095 2269 2128 ι
2305 2073 2524 2129 invenit
2581 2073 2886 2141 Philippum
2913 2111 2927 2136 ,
2975 2090 2996 2123 ι
3029 2071 3102 2125 ait
3140 2069 3239 2135 illi,
3278 2089 3301 2122 ι
3338 2070 3582 2140 Sequere

1998 2185 2106 2224 me.
2143 2187 2162 2221 ι
2209 2166 2486 2236 Philippus
2539 2179 2698 2234 porro
2737 2163 2850 2231 jam
2911 2163 3120 2232 pridem
3178 2171 3338 2216 notus
3390 2159 3570 2215 fuerat

1999 2261 2241 2327 Christo,
2271 2260 2359 2330 qui
2393 2260 2446 2313 in
2474 2257 2693 2313 Galiltea
2716 2297 2730 2320 ,
2756 2267 2815 2309 ut
2843 2256 3000 2310 docet
3034 2253 3408 2321 Evangelium.
3445 2253 3580 2306 edu-

1997 2361 2153 2408 catus
2182 2351 2284 2406 fuit
2312 2351 2377 2404 ι’.
2411 2349 2675 2404 Debuerat
2706 2348 2869 2416 igitur
2893 2344 3004 2415 jam
3037 2345 3306 2413 recepisse
3337 2343 3592 2412 Spiritus

1999 2443 2170 2498 sancti
2218 2441 2481 2511 fulgorem
2533 2449 2588 2492 et
2635 2437 2774 2491 facta
2827 2435 2974 2491 ferre
3029 2435 3230 2488 nomini
3274 2448 3579 2505 congruen~

1999 2533 2095 2587 tia.
2139 2531 2452 2602 Philippum
2487 2531 2628 2584 enim
2664 2531 2738 2583 'os
2784 2526 3047 2596 lampadis
3085 2523 3197 2597 (7i)
3236 2524 3586 2594 interpretari

1999 2626 2122 2694 quis
2152 2632 2355 2692 posset.

2075 2734 2092 2766 ι
2118 2713 2246 2768 Erat
2268 2722 2447 2767 autem
2469 2711 2742 2782 Philippus
2757 2725 2787 2764 a
2809 2709 3088 2766 Bcthsaida
3114 2708 3334 2764 civitate
3353 2707 3580 2776 Andreae

1998 2814 2052 2862 et
2078 2805 2245 2861 Petri.
2286 2821 2304 2857 ι
2341 2804 2493 2872 Quod
2514 2805 2707 2860 civitas
2737 2819 2800 2857 ex
2835 2819 2939 2873 qua
2968 2813 3121 2857 ortus
3151 2813 3289 2864 erat,
3323 2801 3578 2854 nimirum

1999 2896 2287 2951 Bethsaida
2313 2896 2603 2962 indicetur,
2621 2895 2873 2965 quodque
2893 2895 3096 2949 mentio
3117 2894 3343 2947 Andreae
3360 2900 3411 2945 et
3433 2888 3591 2946 Petri-

1999 2987 2291 3050 inseratur,
2325 2985 2594 3054 duplicem
2648 2985 2790 3054 parit
2838 2983 3189 3039 intellectum.
3226 2981 3359 3036 Nam
3404 2991 3459 3036 et
3510 2997 3584 3036 es.

2007 3079 2109 3134 hoc
2133 3078 2435 3134 ostenditur
2465 3077 2630 3131 Deum
2664 3075 3086 3144 contemptibilia
3117 3075 3298 3130 mttndi
3330 3075 3584 3143 elegisse,

318 3161 486 3224 Θεὸς,
518 3159 611 3211 καὶ
637 3159 720 3211 δτι
745 3155 1064 3210 ὲὸεϐαιοῦτο
1105 3155 1194 3209 διὰ
1223 3155 1332 3209 τῶν
1363 3156 1543 3226 ἔργων
1579 3159 1674 3228 τῆς
1710 3157 1897 3230 κώμης

2006 3180 2062 3227 et
2123 3171 2198 3225 uti
2247 3171 2486 3226 civitatis
2549 3186 2742 3224 nomen
2807 3168 3257 3238 comprobaretur
3306 3169 3577 3238 operibus.

317 3250 389 3304 τὸ
423 3250 592 3318 ὄνομα
623 3265 640 3283 ο
680 3248 953 3318 Βηθσαϊδὰ
997 3246 1106 3316 γὰρ
1160 3243 1328 3313 οἶκος
1373 3248 1678 3316 θηρευτῶν
1729 3253 1905 3321 ἑρμη.

319 3341 548 3394 νεύεται
580 3343 646 3412 τῇ
688 3339 900 3393 Ἐλλάδι
925 3341 1102 3410 φωνῇ.
1160 3339 1259 3392 Ἐκ
1288 3336 1495 3409 ταύτης
1527 3341 1620 3395 οὖν
1657 3359 1905 3412 προσκα-

317 3435 499 3488 λεῖται
532 3435 661 3497 τοὺς
706 3432 982 3503 θηρευτὰς
1015 3432 1124 3486 τῶν
1163 3433 1521 3502 ἀνθρωπίνων
1552 3433 1760 3504 ψυχῶν,
1797 3436 1903 3488 [Ιέ-

319 3545 479 3597 τρον,
513 3529 606 3582 καὶ
637 3529 915 3599 ’Δνδρέαν,
949 3528 1047 3582 καὶ
1087 3528 1359 3582 Φίλιππον
1391 3567 1407 3593 ,
1443 3528 1538 3582 καλ⁵
1566 3528 1695 3592 τοὺς
1738 3529 1905 3583 Ζεϐε-

315 3616 479 3684 δαίου
525 3620 694 3684 υἱοὺς,
754 3614 837 3683 οἷς
894 3619 1052 3687 ἔλεγε
1089 3636 1104 3651 ο
1153 3639 1171 3669 ι
1207 3618 1370 3672 Δεῦτε
1412 3618 1592 3672 ὀπίσω
1629 3637 1753 3690 μου,
1809 3621 1904 3674 καὶ

320 3711 544 3782 ποιήσω
584 3711 728 3782 ὑμᾶς
768 3710 937 3774 ἁλιεῖς
963 3709 1326 3782 ἀνθρώπων.»
1351 3710 1417 3764 Τί
1439 3711 1530 3765 οὖν
1561 3714 1589 3764 6
1616 3713 1902 3780 Φίλιπποςς

321 3805 446 3873 ἅμα
475 3803 553 3871 τῷ
589 3801 859 3872 κληθῆναι
897 3801 1262 3871 ἑλλαμφθεὶς,
1293 3803 1395 3872 τὴν
1457 3803 1702 3856 διάνοιαν
1760 3805 1906 3872 ἔγνω

317 3896 416 3957 τίς
450 3896 478 3947 6
509 3893 715 3950 καλῶν.
752 3894 1028 3964 Διάπυρος
1067 3895 1122 3947 δὲ
1152 3894 1308 3962 φίλος
1334 3893 1411 3947 ὢν
1451 3894 1544 3947 τοῦ
1590 3895 1905 3968 Ναθαναὴλ,

243 4002 248 4005 ·
326 3985 428 4039 καὶ
458 3986 555 4038 σὺν
584 3985 732 4057 αύτῷ
767 3985 1008 4056 ἐρευνῶν
1038 3985 1104 4039 τὰ
1134 3985 1210 4057 τῷ
1234 3986 1407 4056 νόμῳ,
1431 3988 1525 4042 καὶ
1556 3991 1667 4052 τοῖς
1695 3991 1906 4059 προφή.

323 4077 452 4138 ταις
477 4077 782 4145 λαληθέντα
805 4081 936 4147 περὶ
960 4078 1222 4148 Χριστοῦ,
1255 4078 1432 4132 δεινὸν
1471 4081 1714 4148 ἡγεῖται,
1746 4081 1795 4133 εί
1825 4080 1900 4150 μὴ

323 4167 428 4221 καὶ
458 4168 534 4238 τῷ
561 4168 700 4239 φίλῳ
723 4168 815 4221 τὸν
843 4169 1137 4238 εὑρεθέντα
1164 4171 1556 4239 κοινωνήσαιτο
1597 4170 1892 4243 θησαυρόν.

2008 3260 2291 3318 Bethsaida
2317 3261 2514 3331 quippe
2528 3273 2833 3317 venatorum
2856 3261 3040 3316 domus
3059 3262 3170 3328 (75)
3189 3261 3372 3315 Graeca
3401 3262 3578 3329 lingua

2004 3356 2258 3410 vertitur.
2294 3354 2370 3407 Ex
2403 3353 2504 3408 hac
2531 3355 2695 3422 igitur
2728 3353 3085 3406 humanorum
3117 3353 3415 3404 animorum
3446 3366 3578 3404 con-

2004 3453 2158 3498 vocat
2187 3451 2472 3498 venatores
2524 3443 2739 3497 Petrum
2770 3451 2824 3498 et
2871 3445 3136 3496 Andream
3191 3453 3242 3497 et
3280 3441 3587 3511 Philippum

2004 3545 2061 3592 et
2098 3534 2236 3589 filios
2264 3533 2530 3598 Zebedaai,
2569 3535 2762 3603 quibus
2807 3535 2940 3588 dixit
2979 3550 2994 3589 :
3027 3553 3045 3585 ι
3082 3532 3265 3588 Venite
3302 3542 3421 3600 post
3471 3547 3578 3595 me,

2003 3625 2197 3681 faciam
2234 3641 2328 3680 vos
2353 3624 2464 3679 ﬁeri
2501 3626 2794 3692 piscatores
2812 3623 3088 3678 hominum
3111 3624 3176 3678 ³³.
3208 3643 3225 3675 ι
3256 3621 3390 3689 Quid
3418 3621 3582 3691 igitur

2001 3715 2308 3787 Philippus?
2335 3715 2506 3770 Simul
2531 3724 2752 3770 vocatus
2780 3723 2885 3781 est,
2908 3725 2955 3769 et
2980 3725 3156 3770 mente
3183 3713 3500 3776 illustratus,
3525 3722 3576 3766 et

2004 3816 2288 3864 vocantem
2338 3806 2614 3876 cognovit.
2657 3806 2722 3860 Et
2755 3821 2874 3862 cmn
2905 3806 3101 3861 ardens
3134 3805 3250 3875 ejus
3287 3805 3339 3858 in
3372 3803 3582 3858 Nutha-

2006 3899 2217 3954 naelem
2245 3897 2483 3951 studium
2515 3905 2679 3961 esset,
2707 3906 2761 3949 et
2793 3885 2896 3949 una
2932 3911 3051 3948 cum
3085 3894 3194 3958 illo,
3226 3907 3346 3960 qute
3379 3907 3408 3945 a
3438 3891 3586 3962 lege,

2011 4001 2067 4046 et
2115 3990 2392 4059 prophetis
2438 3990 2504 4043 de
2555 3987 2774 4042 Christo
2815 3989 2956 4040 dicta
3011 3995 3167 4040 erant
3214 3982 3584 4054 pervestigare

2007 4087 2345 4141 consuesset,
2365 4075 2671 4132 defuturum
2699 4091 2758 4133 se
2778 4075 2952 4132 cilicio
2969 4076 3313 4138 existimavit,
3329 4074 3430 4130 nisi
3454 4089 3575 4128 cum

2006 4172 2098 4226 illo
2127 4171 2194 4225 de
2217 4171 2437 4226 invento
2463 4169 2718 4225 thesauro
2743 4170 3187 4227 communicaret.
3217 4168 3385 4242 igitur
3405 4167 3592 4223 amico.

418 4304 456 4378 ει
485 4344 641 4403 Jonn.
671 4363 708 4414 ι,
741 4348 812 4404 ts
840 4364 991 4419 seqq.
1081 4348 1126 4380 δ’
1151 4348 1339 4404 Matth.
1368 4365 1430 4417 ιι,
1462 4349 1551 4405 εδ.
1631 4348 2123 4419 "Mattb.tv,16.

1564 4516 1888 4578 Francisct
1921 4515 2132 4577 Scorsi
2178 4523 2358 4578 notte.

410 4665 516 4736 (7i)
552 4663 790 4718 Primum
820 4678 1072 4736 omnium.
1106 4663 1252 4736 lianc
1282 4671 1462 4717 notam
1493 4661 1739 4736 conficiet
1764 4663 1900 4718 Cor-
1925 4661 1977 4722 D
2006 4661 2137 4736 [alis
2180 4663 2360 4736 retuli,
2396 4664 2592 4729 quibus
2636 4665 2704 4719 ita
2747 4665 2997 4733 congruit
3037 4673 3224 4719 noster
3263 4673 3326 4736 ut
3362 4665 3430 4736 ab
3464 4666 3575 4736 hoc

327 4733 510 4794 nelins
548 4744 730 4790 noster
768 4733 848 4786 vel
889 4735 1064 4800 potius
1104 4735 1344 4796 Toletus,
1371 4749 1434 4787 ex
1473 4748 1577 4801 quo
1613 4734 1732 4802 ipse
1773 4747 1890 4786 eam

331 4826 394 4864 se
425 4804 788 4873 desutupsisse
820 4802 1046 4866 fatetur,
1080 4814 1136 4858 ut
1167 4804 1298 4858 nihil
1335 4803 1464 4873 mihi
1499 4802 1792 4873 verendum
1826 4803 1894 4858 sit

332 4879 407 4934 ab
440 4871 669 4943 utroque
704 4874 970 4938 mutuari;
1012 4874 1090 4928 sic
1125 4875 1308 4942 itaque
1337 4871 1620 4926 Cornelius
1650 4874 1734 4925 cui
1763 4887 1896 4927 sane

331 4947 562 5003 multum
598 4943 855 4998 debemus
889 4943 959 4996 ob
991 4945 1302 4998 varietatem
1341 4943 1599 4996 doctrinae
1636 4943 1688 4994 in
1727 4944 1898 5011 expli-

329 5016 524 5072 candis
567 5013 738 5067 sacris
781 5013 958 5068 libris.
992 5028 1056 5068 ac
1097 5015 1393 5078 przesertim
1440 5011 1772 5080 Evangeliis,
1804 5027 1899 5080 po-

330 5096 538 5141 stremo
581 5083 697 5137 eius
739 5096 918 5150 opere.
953 5081 1044 5136 Sic
1093 5084 1258 5150 igitur
1302 5083 1390 5136 ille
1435 5083 1486 5134 in
1537 5083 1677 5135 hunc
1723 5081 1898 5135 locum

330 5156 492 5212 Joau.
535 5167 551 5207 :
597 5151 846 5221 Philippa
893 5151 988 5204 hoc
1033 5152 1221 5213 decus,
1254 5164 1299 5206 et
1346 5155 1455 5205 haec
1500 5152 1618 5204 laus
1665 5151 1901 5221 debetur,

333 5225 708 5297 quod'primus
746 5223 981 5275 omnium
1014 5239 1046 5275 a
1082 5223 1290 5297 Christo
1324 5222 1527 5297 dicente
1567 5237 1585 5275 :
1628 5239 1646 5272 ι
1684 5220 1911 5297 Sequere

333 5292 441 5359 me,
475 5312 493 5345 ι
540 5293 763 5347 exterius
807 5301 1020 5346 vocatus
1063 5295 1152 5355 sit,
1184 5304 1230 5346 et
1273 5294 1494 5346 interius
1536 5301 1756 5345 mentem
1793 5292 1907 5358 ejus

334 5364 638 5430 impellente
691 5361 890 5429 Spiritu
949 5374 1130 5417 sancto
1182 5364 1442 5415 vocatiom’
1494 5362 1614 5414 huic
1666 5361 1906 5414 obediens

331 5435 482 5488 illico
519 5432 786 5486 Christum
825 5442 1033 5486 secutus
1073 5433 1305 5500 sit,quiu
1345 5433 1452 5495 ipse
1490 5433 1756 5485 studiosus
1797 5441 1909 5484 erat

333 5503 464 5571 legis
490 5501 761 5566 Mosaica',
786 5514 832 5553 et
855 5503 918 5557 de
943 5504 1165 5557 adventu
1193 5499 1389 5554 Christi
1415 5501 1693 5556 sollicitus.
1717 5499 1908 5555 Petrus

335 5584 605 5626 autemet
649 5573 887 5626 Andreas
931 5574 1076 5641 prius
1120 5573 1287 5627 vocati
1340 5582 1461 5625 sunt
1507 5589 1596 5640 per
1638 5575 1896 5625 internum

335 5643 773 5706 impii-alienam,
822 5659 924 5695 non
985 5644 1213 5696 exterius
1269 5659 1358 5704 per
1407 5651 1674 5695 externam
1725 5657 1895 5694 vocem

335 5710 554 5774 Christi,
570 5712 657 5766 sed
689 5712 874 5764 audita
906 5729 1024 5766 voce
1051 5713 1212 5766 Jonn.
1242 5712 1498 5779 Baptista:
1533 5709 1781 5778 Magistri
1816 5711 1900 5764 sui

337 5782 560 5835 dicentis
597 5797 614 5834 :
655 5779 852 5851 t_Ecce
869 5799 1032 5851 agnus
1070 5782 1193 5840 Dei.
1236 5801 1256 5834 ι
1295 5785 1358 5834 ab
1391 5799 1450 5836 eo
1484 5797 1584 5833 non
1623 5783 1825 5841 vocati.
1853 5791 1900 5835 et

333 5861 520 5928 sponte
548 5869 644 5910 sua
669 5849 855 5907 Iesum
881 5849 1092 5909 adeunt.
1125 5851 1246 5910 litec
1275 5867 1335 5908 ex
1368 5851 1675 5910 auctoribus
1699 5867 1903 5909 memo-

2002 4729 2160 4803 Patre
2186 4732 2284 4803 illi,
2307 4748 2424 4800 qua:
2449 4736 2802 4802 scripserunt,
2826 4729 3040 4792 sumere
3066 4734 3360 4802 potuerint,
3386 4735 3429 4789 si
3453 4735 3572 4803 jam

2001 4802 2204 4856 editum
2236 4802 2412 4869 legere
2440 4806 2760 4870 potuissent.

2103 4872 2190 4939 7‘2)
2232 4873 2633 4928 Admirabilem.
2659 4875 2821 4928 Deest
2847 4873 2873 4925 6
2897 4870 3180 4940 θαυμάσος
3203 4872 3254 4924 in
3284 4887 3392 4931 uno
3422 4874 3574 4934 cod.,

2003 4941 2098 4996 sed
2131 4958 2242 5014 non
2282 4945 2434 4997 abest
2476 4960 2504 4997 a
2545 4945 2686 5014 stylo
2732 4942 3038 5014 Graecorum
3084 4941 3324 5014 Patrum,
3360 4943 3450 5014 qui
3488 4943 3581 4998 his

2008 5013 2266 5084 epithetis
2300 5025 2523 5084 sanctos,
2557 5011 2619 5065 ac
2649 5013 2948 5084 pratsertim
2991 5011 3264 5078 apostolos
3315 5011 3574 5084 insignire

2005 5082 2181 5136 solent
2208 5101 2221 5137 :
2265 5083 2478 5146 reposui
2513 5083 2676 5149 igitur
2698 5097 2760 5135 ex
2789 5080 2930 5136 Gali.

2081 5153 2194 5224 U3)
2244 5150 2430 5224 Veluti
2464 5153 2774 5224 praclarum
2827 5151 3050 5206 lucrum.
3087 5151 3179 5208 Sic
3233 5151 3365 5224 mihi
3399 5151 3578 5224 visum

2007 5219 2100 5277 est
2139 5233 2351 5275 vertere
2385 5219 2445 5273 τδ
2482 5221 2723 5288 εὕρημα,
2760 5236 2977 5275 sensum
3035 5233 3086 5276 et
3125 5223 3361 5276 auctoris
3412 5223 3572 5275 verba

2009 5292 2293 5360 sequentia
2329 5290 2703 5360 respicienti;
2748 5299 2802 5344 et
2850 5290 2976 5360 quia
3045 5293 3283 5359 ineptum
3341 5290 3577 5345 fortasse

2030 5359 2270 5414 futurum
2320 5359 2512 5413 fuisset
2544 5370 2795 5421 tanquam
2847 5359 3160 5426 praeclarum
3198 5362 3461 5414 inventum
3493 5361 3576 5411 in-

2008 5433 2228 5484 uenisset
2261 5448 2281 5495 ;
2321 5427 2540 5499 εὕρημα
2575 5444 2703 5482 vero
2736 5429 2871 5482 idem
2905 5433 3044 5498 quod
3085 5430 3314 5499 ἕρμαιον
3366 5429 3574 5482 lucrum

2011 5515 2155 5557 esse.
2203 5499 2282 5550 vel
2335 5513 2397 5551 ex
2456 5499 2847 5566 lexicographis
2896 5503 3088 5554 disces.
3142 5499 3199 5554 lu
3255 5499 3356 5552 hoc
3413 5514 3573 5553 sensu

2009 5570 2246 5640 videtur;
2289 5567 2349 5623 S.
2396 5567 2620 5640 Proeliis
2667 5583 2796 5640 usus
2843 5585 2971 5640 voce
3025 5569 3340 5640 εὑρηκέναι.
3381 5568 3576 5640 Uhidc

2010 5639 2066 5694 S.
2093 5639 2492 5708 Andrea,‘orat.
2518 5637 2590 5691 20
2619 5656 2632 5688 :
2658 5638 2756 5690 Διὰ
2781 5639 2942 5692 τοῦτο
2998 5637 3236 5708 σήμερον
3265 5641 3292 5690 6
3320 5638 3577 5708 Ἀνδρέας

2009 5708 2262 5778 καθάπερ
2322 5705 2598 5778 θησαυρὸν
2647 5710 2821 5774 φωτὸς
2861 5705 3110 5777 εὑρηκὼς
3139 5705 3230 5761 τὸν
3277 5705 3457 5762 κοινὸν
3482 5713 3578 5762 Δε-

2013 5780 2242 5846 σπότην,
2262 5777 2519 5848 θιςζΙιίεο
2545 5780 2784 5831 Andreas
2815 5779 2966 5833 hodie
2992 5792 3240 5848 tanquam
3274 5782 3575 5834 thesaurum

2011 5849 2286 5914 quemdam
2314 5847 2445 5904 lucis
2469 5864 2794 5905 communem
2823 5847 3102 5906 Dominum
3123 5868 3239 5905 cum
3273 5849 3587 5906 inecnlsset.’
