3974 6220
335 363 442 425 889

1713 371 2044 433 HOMIIJA
2083 373 2291 436 XLIX.

3499 386 3607 450 870

335 482 550 554 Εῦηθες
584 483 694 556 γὰρ
723 485 852 558 τῇδε
883 488 1073 558 νοῆσαι
1115 487 1208 542 τὸν
1233 487 1529 561 Ναθαναὴλ
1568 486 1742 558 ἄνδρα
1792 489 1894 542 ἐπιι

2023 489 2308 556 thanaelis,
2339 488 2580 545 hominis
2623 489 2718 560 qui
2749 507 2868 562 qua:
2889 494 2954 550 de
2995 494 3383 554 Christodicta
3419 514 3597 566 erant,

339 576 618 639 στατικῶς
656 577 726 630 τὰ
759 577 889 649 περὶ
923 579 1168 647 Χριστοῦ
1203 580 1601 650 ἐρευνήσαντα.
1645 578 1804 633 Ἀλλὰ
1833 579 1914 632 τό·

332 668 400 721 Τί
424 669 648 737 ἀγαθὸν,
679 671 802 724 ἀντὶ
817 672 935 736 τοῦ,
958 671 1096 727 Λίαν
1126 673 1350 742 ἀγαθὸν,
1385 672 1604 740 νοητέον
1633 673 1786 742 ἡμῖν.
1810 672 1916 726 Τε-

333 762 642 831 τριμμένον
671 763 728 816 δὲ
757 762 820 817 τὸ
851 765 1004 833 ῥῆμα
1035 764 1196 819 τοῦτο
1216 806 1231 829 ,
1280 766 1377 820 καὶ
1411 765 1644 836 σύνηθες
1671 767 1738 836 τῇ
1768 765 1912 833 Γρα-

339 852 440 920 φῇ.
467 850 601 906 ’ῢτε
628 852 740 922 γὰρ
773 853 940 907 Δαὸὶδ
968 855 1109 925 πρὸς
1131 856 1192 909 1:6
1222 856 1428 927 πλῆθος
1468 855 1780 924 ἰλιγγιάσας
1805 855 1913 908 τῶν

331 943 684 1013 πειρασμῶν,
719 963 738 997 ι
770 945 963 1017 Κύριε,
1000 947 1052 1000 τί
1088 946 1508 1018 ὲπληθύνθησαν
1543 950 1593 1002 οἰ
1635 946 1910 1012 θλίϐοντες

331 1037 401 1102 μέ
433 1050 481 1102 ςι
519 1037 683 1106 φησί’
723 1039 785 1091 Τί
807 1038 964 1092 τοῦτο
988 1039 1186 1108 λέγων,
1224 1040 1296 1102 ὡς
1329 1040 1466 1096 Δίαν
1491 1039 1912 1110 ἐπληθύνθησαν

326 1128 380 1180 οἰ
410 1127 615 1197 ἐχθροί.
649 1129 760 1184 Καὶ
807 1132 835 1183 6
882 1130 1046 1195 καλὸς
1088 1131 1405 1200 ἀδελφιδοῦς
1448 1135 1507 1187 ὲν
1551 1135 1628 1203 τῷ
1663 1135 1908 1207 ’ᾼσματι

331 1219 637 1288 θαυμάζων
669 1221 731 1274 τὸ
761 1221 960 1286 κάλλος
991 1224 1090 1292 τῆς
1139 1223 1417 1296 σώφρονος
1467 1225 1722 1296 νύμφης,
1762 1223 1908 1278 οὕτω

327 1310 492 1378 φησί·
532 1330 552 1362 ‹
591 1312 657 1364 Τί
707 1313 1121 1380 ὲκαλλιώθησαν
1165 1317 1216 1368 οἰ
1265 1317 1465 1387 μαστοί
1509 1335 1642 1379 σου,
1701 1317 1903 1389 ἀδελφή

327 1417 436 1468 μου
472 1400 698 1472 νύμφηί
732 1422 750 1455 ι
790 1405 922 1470 Καὶ,
955 1424 973 1457 ι
1021 1405 1087 1458 Τί
1129 1405 1495 1478 ὠραιώθησαν
1546 1407 1604 1460 αἰ
1657 1407 1905 1474 σιαγόνες

324 1511 425 1546 σου
458 1495 472 1549 l
506 1514 524 1547 ι
563 1497 674 1550 Καὶ
708 1499 837 1569 περὶ
876 1499 979 1570 τῆς
1029 1498 1140 1553 τῶν
1174 1499 1386 1570 ἀρετῶν
1413 1500 1622 1553 εἰσόδου
1675 1501 1841 1569 φησὶν
1875 1500 1905 1553 6

321 1583 519 1655 Σωτὴρ
546 1586 959 1658 Θαυμαστικῶς·
998 1608 1018 1641 ι
1057 1589 1123 1642 Τί
1172 1589 1333 1660 στενὴ
1385 1591 1418 1660 ἡ
1457 1589 1624 1660 πύλη.
1678 1590 1710 1660 ἠ
1761 1589 1905 1643 ἀπά-

317 1692 497 1744 γουσα
524 1679 604 1741 εἰς
634 1679 734 1748 τὴν
763 1679 952 1750 ζωήνί
991 1699 1012 1734 ι
1070 1682 1133 1734 Εἰ
1193 1681 1299 1752 γὰρ
1351 1679 1705 1751 ἀπορητικῶς
1742 1681 1901 1734 τοῦτο

315 1764 479 1820 εἶπεν
509 1771 536 1822 6
567 1771 888 1843 Ναθαναὴλ,
921 1771 998 1835 ὡς
1030 1771 1294 1827 ἀδύνατον
1334 1773 1500 1843 δῆθεν
1546 1773 1604 1825 ὲν
1642 1772 1898 1843 Ναζαρέτ

317 1877 376 1912 τι
406 1860 614 1928 ἀγαθὸν
645 1824 1126 1934 γενέσθαιμῆνήαν
1387 1824 1760 1934 ’νιᾷῥαηλιτήςξ
1801 1824 1897 1915 καὶ
1921 1824 1975 1882 ’Β

316 1953 564 2022 δολερὸς,
594 1955 690 2006 καὶ
717 1954 818 2006 ούκ
869 1953 936 2008 ἂν
976 1956 1130 2024 παρὰ
1168 1955 1262 2009 τοῦ
1305 1954 1572 2026 ἀψευδοῦς
1628 1955 1898 2024 πόματος

315 2045 561 2099 τοιοῦτον
583 2047 793 2115 εἰλήφει
823 2047 913 2099 τὸν
948 2046 1195 2101 ἔπαινον.
1252 2066 1270 2099 ι
1320 2028 1443 2102 Εἷδε
1475 2048 1608 2118 γὰρ,
1646 2049 1831 2116 φησὶν,
1867 2046 1897 2098 6

331 2136 545 2208 Ἰησοῦς
575 2140 668 2192 τὸν
695 2137 1006 2209 Ναθαναὴλ
1045 2141 1342 2209 ἐρχόμενον
1381 2139 1518 2210 πρὸς
1561 2137 1762 2201 αὐτὸν,
1803 2136 1895 2190 καὶ

313 2231 470 2296 λέγει
497 2232 624 2300 περὶ
658 2231 825 2285 αὑτοῦ
855 2249 870 2263 ο
906 2232 1013 2286 Ἴδε
1064 2231 1287 2300 ἀληθῶς
1342 2230 1709 2301 Ἰσραηλίτης,
1765 2231 1824 2282 ὲν
1852 2221 1896 2296 ᾧ

312 2323 474 2385 δόλος
495 2322 596 2374 οὐκ
619 2323 790 2375 ἔστιν.
821 2341 840 2374 ι
878 2317 1034 2375 Εἷδεν
1082 2320 1247 2374 αὐτὸν
1293 2322 1589 2392 ἐρχόμενον
1637 2319 1746 2375 ἀπὸ
1795 2324 1895 2392 τῆς

317 2415 484 2474 σκιᾶς
515 2413 648 2483 πρὸς
707 2413 808 2482 τὴν
835 2412 1112 2484 ἀλήθειαν,
1145 2413 1253 2466 ἀπὸ
1273 2415 1370 2483 τῆς
1391 2413 1486 2465 τοῦ
1521 2413 1690 2482 νόμου
1723 2413 1896 2482 συκῆς

315 2505 462 2574 πρὸς
495 2505 586 2558 τὸν
617 2505 687 2558 τὰ
727 2503 904 2573 φύλλα
935 2503 1036 2573 τῆς
1066 2503 1298 2574 νομικῆς
1329 2504 1503 2572 συκῆς
1535 2503 1626 2556 διὰ
1656 2503 1756 2574 τὴν
1789 2503 1896 2558 τῶν

315 2599 546 2669 ἀγαθῶν
591 2600 872 2670 ἀκαρπίαν
912 2600 1248 2671 ξηράναντα,
1311 2601 1406 2654 καὶ
1473 2600 1599 2656 ἰδὼν
1648 2603 1892 2671 γνήσιον,

311 2691 416 2745 καὶ
463 2693 524 2743 ού
582 2692 734 2746 νόθον
786 2693 1133 2764 Ἰσραηλίτην
1167 2692 1476 2762 ὠνόμασεν.
1521 2692 1741 2763 Ἐπειδὴ
1787 2693 1894 2763 γὰρ

310 2781 665 2853 Ἰσραηλίτης
700 2784 855 2850 νοῦς
888 2783 1046 2853 ὀρῶν
1073 2785 1182 2839 τὸν
1227 2785 1378 2841 Θεὸν
1417 2785 1788 2858 ἑρμηνεύεται
1817 2803 1832 2818 ’
1866 2789 1895 2840 6

306 2878 373 2929 δὲ
410 2877 702 2949 Ναθαναὴλ
735 2880 880 2949 μέγα
932 2879 1141 2948 ἀγαθὸν
1185 2880 1465 2951 ὀνομάσας
1507 2880 1602 2935 τὸν
1630 2880 1892 2951 Χριστὸν,

308 2970 450 3024 Θεὸν
475 2969 635 3023 αὑτὸν
677 2969 1071 3040 ὡμολόγησενο
1103 2971 1281 3036 οὐδεὶς
1322 2973 1432 3043 γὰρ
1474 2972 1683 3039 ἀγαθὸς
1719 2975 1770 3026 εἰ
1817 2974 1894 3046 μὴ

304 3057 394 3124 εἷς
427 3064 454 3115 6
477 3061 608 3124 Θεός
628 3079 644 3095 ο
675 3064 904 3128 εἰκότως
934 3064 1151 3134 ἀληθῶς
1186 3063 1529 3137 ἰσραηλίτης
1553 3065 1890 3135 ὠνόμασται,

2019 580 2384 637 solertissime
2439 582 2868 652 investigasset:
2927 588 3022 642 sed
3071 589 3207 656 hoc,
3235 589 3443 661 aliquid
3485 593 3606 649 boni

2017 688 2147 738 esse,
2181 672 2253 727 ita
2286 673 2438 729 nobis
2469 675 2873 744 intelligendum
2901 688 3004 744 est,
3038 695 3102 735 ac
3135 683 3179 737 si
3213 682 3399 739 dicat:
3432 687 3604 752 Quid-

2015 766 2138 818 dam
2173 765 2326 819 valde
2376 767 2573 821 bonum
2619 778 2724 824 est.
2757 767 2911 823 Trita
2940 786 3102 839 porro
3157 783 3209 829 et
3263 779 3461 831 usitata
3516 789 3600 832 est

2017 855 2132 910 haec
2157 855 2361 910 locutio
2389 857 2442 910 in
2473 859 2644 914 sacris
2669 859 2910 914 Litteris.
2936 861 3072 916 Nam
3097 873 3149 918 et
3175 865 3606 923 Davidmultitu-

2012 946 2138 1003 diue
2185 949 2564 1004 insectantium
2588 951 2989 1008 circumventus
3005 955 3215 1010 dicebat
3248 976 3260 1011 :
3287 977 3306 1010 ι
3335 957 3587 1028 Domine,

2010 1057 2173 1112 quam
2207 1044 2548 1113 multiplicati
2580 1057 2727 1113 sunt,
2759 1048 2851 1117 qui
2880 1048 3146 1103 tribulant
3177 1066 3262 1104 me
3300 1052 3366 1114 ³⁸,
3389 1070 3407 1103 ι
3461 1053 3602 1108 hanc

2009 1137 2326 1207 particulam
2355 1138 2428 1202 τί,
2462 1155 2642 1209 quam,
2692 1153 2896 1207 ponens
2932 1154 3027 1207 pro
3053 1156 3067 1194 :
3091 1140 3260 1206 Quam
3288 1142 3445 1196 valde
3474 1145 3603 1199 mul-

2011 1231 2231 1299 tiplicati
2255 1240 2382 1286 sunt
2409 1232 2640 1287 inimici!
2663 1241 2717 1288 et
2755 1232 2978 1302 pulcher
3003 1231 3278 1287 fratruelis
3299 1235 3351 1287 in
3380 1237 3599 1290 cantico

2007 1334 2174 1378 castae
2243 1340 2458 1395 sponsae
2517 1325 2977 1393 pulchritudinem
3055 1325 3363 1381 admiratus
3443 1326 3521 1380 ait
3580 1345 3598 1384 :

2011 1435 2030 1468 ι
2067 1415 2237 1482 Quam
2270 1417 2492 1485 pulchra
2519 1416 2656 1471 facta
2698 1427 2824 1471 sunt
2859 1416 3027 1472 ubera
3066 1429 3176 1476 tua.
3209 1432 3410 1485 sponsa
3446 1417 3532 1472 "l
3573 1437 3593 1471 ι

2003 1519 2101 1563 et:
2143 1527 2162 1560 ι
2190 1509 2361 1576 Quam
2406 1509 2667 1578 speciosae
2710 1508 2866 1562 facta:
2919 1517 3047 1562 sunt
3097 1524 3250 1578 genae
3298 1519 3402 1564 tua:
3444 1511 3532 1564 "l
3574 1529 3594 1563 ι

2001 1611 2057 1656 et
2104 1601 2170 1656 de
2217 1601 2389 1669 prima
2451 1600 2793 1668 ingressione
2844 1599 3102 1653 virtutum
3162 1599 3411 1654 Salvator
3494 1617 3597 1671 per

2003 1690 2418 1745 admirationem
2478 1690 2555 1744 ait
2605 1706 2621 1745 :
2688 1710 2706 1741 ι
2741 1689 2912 1755 Quam
2967 1699 3194 1759 angusta
3254 1702 3431 1759 porta,
3475 1707 3596 1761 quae

2002 1778 2155 1834 ducit
2183 1781 2249 1833 ad
2284 1781 2448 1834 vitam
2484 1780 2568 1832 "l
2605 1797 2625 1830 ι
2673 1777 2809 1831 Nam
2854 1777 2899 1833 si
2947 1777 3244 1833 dubitando
3291 1776 3598 1831 Nuthanael

2004 1873 2115 1925 haec
2149 1871 2414 1933 dixisset,
2468 1871 2610 1940 quod
2667 1871 2924 1924 nimirum
2983 1884 3010 1921 a
3069 1867 3341 1923 Nazarelh
3396 1868 3596 1937 aliquid

2001 1964 2124 2016 boui
2158 1979 2264 2018 non
2310 1973 2491 2034 posset
2519 1964 2810 2029 exsistere,
2875 1961 3040 2016 falsus
3103 1960 3294 2014 fuisset
3327 1958 3594 2021 Israelita,

1999 2062 2053 2108 et
2079 2053 2320 2118 dolosus,
2369 2068 2545 2122 neque
2574 2052 2736 2106 talem
2775 2054 2842 2106 ab
2890 2065 2985 2106 ore
3022 2050 3272 2105 veritatis
3326 2048 3595 2104 retulisset

1999 2146 2256 2199 laudem:
2299 2163 2318 2196 ι
2357 2145 2524 2209 Vidit,
2554 2145 2722 2209 enim,
2772 2145 2970 2212 inquit,
3013 2143 3174 2198 Jesus
3207 2143 3595 2197 Nathanaelem

2003 2237 2314 2292 venientem
2355 2238 2421 2291 ad
2468 2253 2548 2302 se,
2590 2245 2644 2292 et
2677 2239 2751 2291 ait
2806 2237 2873 2291 de
2906 2237 3040 2291 illo:
3079 2236 3221 2291 Ecce
3253 2252 3383 2291 vere
3417 2237 3594 2290 Israe-

1999 2331 2118 2395 lita,
2168 2330 2219 2384 in
2271 2345 2380 2398 quo
2429 2329 2588 2385 dolus
2647 2345 2752 2384 non
2805 2338 2908 2384 est.
2947 2348 2964 2380 ι
3019 2329 3166 2384 Vidit
3253 2329 3430 2396 ipsum
3500 2342 3596 2382 ve-

1999 2423 2234 2476 nieulem
2280 2424 2348 2474 ab
2409 2423 2597 2475 umbra
2649 2421 2716 2475 ad
2743 2419 3050 2481 veritatem,
3085 2435 3114 2472 a
3153 2418 3255 2472 ficu
3290 2417 3424 2488 legis
3455 2415 3591 2487 (77)v

1999 2513 2068 2568 ad
2117 2528 2265 2575 eum,
2299 2512 2390 2582 qui
2446 2512 2638 2582 legalis
2682 2512 2926 2567 ﬁculnea:
2973 2510 3125 2576 folia,
3181 2513 3324 2581 quod
3381 2512 3594 2564 fructus

1999 2621 2106 2660 non
2151 2606 2459 2660 attulissent
2492 2606 2757 2660 bonorum
2786 2619 3044 2672 operum,
3079 2603 3342 2667 arefecit;
3374 2611 3431 2657 et
3465 2617 3591 2656 eum

1999 2699 2206 2763 videns,
2225 2713 2560 2767 germanum,
2595 2712 2693 2752 nec
2720 2696 3082 2751 adulterinum
3107 2696 3401 2764 appellavit
3422 2695 3594 2749 israe-

1998 2791 2173 2845 litam.
2210 2789 2477 2856 Quoniam
2511 2788 2657 2843 enim
2706 2787 2955 2842 Israelita
2995 2802 3141 2840 mens
3195 2785 3358 2839 Deum
3411 2785 3592 2838 videns

1998 2883 2112 2956 (78)
2177 2882 2712 2954 interpretaturﬁet
2797 2878 3091 2934 Nathanael
3162 2879 3321 2933 valde
3391 2877 3590 2931 bonum

1997 2972 2278 3028 Christum
2325 2985 2528 3026 vocans
2553 2967 2720 3023 Deum
2757 2969 2933 3037 ipsum
2976 2967 3260 3022 confessus
3291 2975 3374 3020 est
3409 2968 3591 3037 (nemo

1997 3068 2196 3138 quippe
2213 3068 2408 3130 bonus,
2441 3067 2544 3122 nisi
2569 3065 2718 3120 solus
2736 3065 2876 3118 Deus
2894 3063 2962 3132 ³³)
2989 3079 3004 3127 ς
3040 3061 3206 3133 339
3238 3062 3432 3115 merito
3464 3076 3594 3115 vero

305 3152 390 3215 ὡς
414 3151 488 3223 μὴ
520 3154 661 3223 ἔχων
699 3153 850 3208 δόλον
881 3155 1025 3219 τινὰ,
1067 3155 1162 3208 καὶ
1193 3155 1511 3240 ὑπόκρισιν.
1551 3152 1641 3217 Ὠς
1670 3155 1771 3225 μὲν
1795 3154 1889 3209 οῦν

2005 3157 2245 3216 Israelita
2284 3157 2462 3212 dictus
2503 3165 2606 3221 est,
2647 3166 2705 3210 ut
2749 3156 2841 3226 qui
2897 3154 3104 3208 nullum
3141 3153 3349 3215 dolum,
3391 3153 3590 3205 nullam

322 3247 671 3318 ’Ῑσραηλίτης
729 3248 946 3318 ἐπέγνω
1001 3249 1094 3302 τὸν
1129 3247 1284 3313 Θεὸν,
1343 3248 1420 3312 ὡς
1480 3249 1537 3304 δὲ
1590 3249 1894 3321 Ναθαναὴλ

303 3339 487 3410 δῶρον
509 3340 796 3410 προσήχθη
821 3340 996 3410 αὐτῷ,
1051 3340 1421 3412 ἑρμηνεύεται
1452 3341 1562 3411 γὰρ
1589 3341 1890 3412 Ναθαναὴλ

302 3430 468 3501 δόμα
497 3431 670 3488 Θεοῦ.
702 3432 896 3504 Ἀθρει
926 3434 985 3487 δὲ
1020 3434 1116 3487 καὶ
1148 3434 1242 3488 τοῦ
1276 3433 1575 3505 Ναθαναὴλ
1608 3434 1668 3488 τὸ
1693 3433 1888 3488 σταθε-

311 3524 432 3594 ρὸν,
475 3527 574 3578 καὶ
622 3525 964 3582 ἀθὼπευτον.
1013 3528 1357 3592 Ἐπαινεοείς
1391 3529 1502 3602 γὰρ
1560 3529 1667 3583 οὐδ’
1709 3529 1890 3584 ὁτιοῦν

306 3616 681 3687 ἐκεχαύνωτο,
712 3617 848 3672 ἀλλὰ
892 3637 910 3671 t
953 3619 1122 3672 Πόθεν
1156 3637 1224 3691 με
1269 3618 1603 3690 γινώσκεις;
1634 3639 1652 3673 ι
1695 3621 1889 3690 εἰπὼν,

308 3709 673 3778 φιλοπευστεῐ
701 3728 867 3766 τινων
895 3712 1230 3784 ἀπορρήτων
1269 3714 1486 3785 μαθεῖν.
1531 3715 1644 3770 Καὶ
1676 3715 1738 3768 τὸ
1780 3733 1892 3786 ση-

311 3805 472 3874 μεῖον
498 3807 649 3875 παρά
676 3805 846 3870 πόδας
874 3806 1060 3871 εὐθύς.

390 4094 410 4128 ι
449 4073 564 4146 Πρδ
613 4074 709 4129 τοῦ
761 4093 821 4130 σε
871 4076 1141 4131 Φίλιππον
1199 4079 1454 4149 φωνῆσαι
1483 4080 1618 4134 ὄντα
1657 4081 1761 4134 ὑπὸ
1790 4082 1892 4152 τὴν

305 4169 490 4239 συκῆν
519 4165 663 4242 εἶδόν
696 4185 778 4221 σε.
809 4187 828 4221 ι
858 4165 968 4223 Ἦν
1004 4169 1106 4240 μὲν
1136 4170 1246 4241 γὰρ
1287 4172 1383 4224 καὶ
1413 4172 1519 4226 ὑπὸ
1556 4173 1732 4244 συκῆν
1766 4175 1893 4243 ἑφε-

304 4263 563 4332 ζόμενος,
612 4261 701 4314 ὅτε
762 4262 901 4332 πρὸς
943 4261 1040 4314 τοῦ
1097 4261 1371 4316 Φιλίππου
1413 4265 1543 4334 περὶ
1583 4263 1678 4318 τοῦ
1713 4264 1889 4336 Ἰησοῦ

303 4353 846 4423 ἑμεμυσταγώγητο.
873 4353 1022 4420 Πλὴν
1043 4353 1125 4406 ὅτι
1145 4355 1242 4408 καὶ
1263 4355 1365 4427 τὴν
1391 4355 1485 4410 τοῦ
1520 4357 1686 4426 νόμου
1711 4356 1890 4425 συκῆν

1992 3251 2395 3308 simulationem
2413 3248 2656 3304 haberet.
2675 3247 2844 3317 Igitur
2869 3257 2927 3302 ut
2948 3246 3192 3302 Israelita
3218 3244 3388 3299 Deum
3416 3260 3591 3314 agno-

1994 3345 2112 3408 vit;
2161 3351 2219 3396 ut
2252 3355 2384 3396 vero
2420 3338 2724 3394 Nathanael
2773 3340 2928 3408 quasi
2964 3341 3164 3393 donum
3210 3338 3310 3408 ipsi
3374 3338 3593 3394 oblatus

1993 3445 2100 3492 est.
2117 3433 2421 3489 Nathanael
2441 3432 2642 3502 quippe
2662 3431 2758 3486 Dei
2778 3433 2976 3486 donum
2995 3432 3106 3499 (79)
3137 3430 3429 3496 signiﬁcat.
3445 3431 3592 3484 Con-

1993 3527 2178 3583 sidera
2243 3538 2408 3594 porro
2462 3523 2686 3578 solidam
2766 3532 2820 3576 et
2899 3523 3188 3592 ingenuam
3238 3519 3590 3574 Nathanaelis

1996 3626 2254 3672 mentem.
2287 3613 2564 3669 Laudibus
2593 3614 2766 3679 enim,
2807 3629 2874 3667 ne
2914 3614 3316 3683 aliquantulum
3367 3610 3590 3681 quidem

1995 3709 2212 3766 inflatus
2241 3708 2457 3772 est.sed
2503 3707 2729 3762 dicens:
2785 3725 2804 3760 ι
2841 3706 2993 3763 Unde
3039 3723 3126 3763 me
3176 3706 3365 3761 nosti?
3397 3721 3418 3758 ι
3475 3716 3593 3760 ειυ-

1994 3802 2206 3858 diosum
2236 3813 2298 3855 se
2343 3813 2601 3855 arcanum
2636 3797 2840 3868 aliquid
2895 3797 3146 3853 discendi
3193 3799 3401 3867 praebet
3433 3805 3487 3851 et
3510 3797 3588 3852 si-

1994 3909 2160 3964 gnum
2190 3893 2404 3964 quidem
2432 3891 2485 3947 in
2515 3902 2766 3962 promptu
2799 3898 2907 3946 est.

2069 4089 2089 4122 ι
2129 4070 2432 4138 Antequam
2463 4067 2745 4135 Philippus
2800 4074 3020 4119 vocaret
3059 4075 3132 4130 te,
3155 4081 3277 4120 cum
3311 4079 3461 4120 esses
3490 4067 3590 4121 sub

1994 4162 2118 4230 ﬁcu,
2160 4161 2282 4216 novi
2333 4167 2408 4215 te.
2470 4179 2490 4212 ι
2524 4159 2852 4215 Considebat
2897 4173 3028 4213 sane
3077 4157 3177 4212 sub
3231 4160 3332 4211 licu
3384 4172 3505 4211 cum
3557 4173 3587 4212 ιι

1993 4253 2239 4324 Philippo
2285 4253 2350 4306 de
2376 4250 2504 4307 Jesu
2541 4252 2850 4306 doceretur.
2909 4249 3296 4304 Verumtamen
3353 4263 3446 4317 per
3475 4248 3588 4302 haec

1995 4349 2158 4403 etiam
2191 4345 2356 4402 verba
2391 4344 2548 4399 Iicum
2600 4343 2735 4405 legis
2786 4343 3153 4405 adumbravit,
3199 4341 3355 4410 cujus
3387 4341 3579 4394 umbra

302 4447 400 4501 διὰ
429 4447 635 4500 τούτων
657 4447 925 4518 ᾐνίττετο,
956 4442 1022 4518 ἧς
1054 4449 1088 4517 ἠ
1123 4448 1253 4502 σκιὰ
1285 4449 1421 4518 πρὸς
1447 4449 1545 4521 τὴν
1587 4450 1887 4522 μετουσίαν

2005 4440 2133 4494 lucis
2159 4437 2495 4493 consortium
2531 4435 2874 4504 prohibebat.
2921 4434 3074 4488 Sicut
3109 4434 3252 4488 enim
3295 4433 3381 4486 [lci
3413 4433 3586 4501 stipes

231 4531 238 4537 ’
296 4538 405 4592 τοῦ
441 4539 620 4608 φωτὸς
644 4507 958 4593 διεκώλυεν.
980 4507 1205 4610 ’Ὥσπερ
1227 4507 1339 4611 γὰρ
1362 4507 1461 4608 τῆς
1495 4507 1668 4612 συκῆς
1702 4541 1762 4596 τὸ
1788 4541 1886 4611 μὲν

2005 4533 2211 4605 quidem
2236 4540 2318 4585 est
2347 4539 2558 4599 gustatu
2582 4543 2820 4592 amarus,
2852 4525 2980 4581 folia
3011 4541 3136 4580 vero
3197 4539 3387 4594 aspera
3417 4531 3583 4585 tactu,

301 4630 564 4701 στέλεχος
589 4633 704 4684 ἐστὶ
730 4634 795 4702 τῇ
823 4631 1010 4700 γεύσει
1043 4631 1261 4702 πικρὸν,
1293 4632 1361 4685 τὰ
1393 4632 1450 4686 δὲ
1478 4633 1653 4702 φύλλα
1684 4634 1890 4705 τραχέα

298 4727 377 4790 τῇ
416 4726 626 4795 ἐπαφῇ,
651 4725 744 4791 ὅγε
781 4724 885 4795 μὴν
917 4725 977 4790 ἐξ
1002 4725 1221 4794 ἐκείνης
1245 4725 1459 4796 καρπὸς
1480 4726 1624 4796 μάλα
1655 4726 1886 4794 γλυκὺς.

301 4812 455 4868 οὕτω
483 4815 578 4869 τοῦ
613 4817 780 4888 νόμου
814 4818 1012 4888 πικραὶ
1044 4819 1144 4888 μὲν
1169 4819 1226 4870 αἱ
1257 4815 1558 4888 τιμωρίαι,
1591 4815 1803 4887 τραχέα
1834 4815 1891 4870 δὲ

1996 4626 2092 4683 sed
2117 4625 2209 4695 qui
2238 4640 2303 4679 ex
2330 4623 2437 4678 illis
2466 4621 2675 4676 fructus
2701 4619 2920 4674 exsistit
2957 4617 3246 4672 admodum
3272 4615 3466 4680 dulcis,
3500 4615 3580 4668 sic

1997 4717 2159 4772 etiam
2219 4715 2356 4785 legis
2410 4713 2620 4769 acerbae
2672 4712 2890 4782 quidem
2947 4725 3158 4779 pceuaz,
3214 4721 3405 4776 aspera
3454 4721 3584 4759 vero

2000 4810 2251 4864 mandata
2295 4822 2520 4878 qumque
2575 4803 2864 4861 diﬂiculter
2917 4803 3124 4857 servari
3173 4808 3435 4869 possent,
3489 4799 3583 4853 sed

387 4997 433 5029 ³³
460 4995 605 5052 Psal.
649 5011 733 5062 ut,
775 4999 831 5054 2.
909 4998 956 5030 ⁸⁸
994 4997 1162 5054 Cant.
1193 5013 1267 5054 tv.
1300 4996 1388 5051 IO.
1465 4995 1506 5026 ⁸⁹
1541 4993 1702 5049 Cant.
1733 5009 1772 5053 ι.
1811 4992 1894 5046 IO.

2005 4988 2237 5044 ’Matth.
2267 5001 2367 5053 vn,
2408 4986 2496 5039 14.
2572 4983 2616 5016 ⁸⁸
2647 4981 2835 5037 Matth.
2867 4995 2922 5046 ι,
2964 4977 3048 5032 18σ

1553 5106 1880 5171 Francisci
1915 5100 2129 5166 Scorsi
2173 5108 2362 5161 notas.

304 5218 429 5282 ὸδδς
479 5219 512 5287 ἡ
561 5218 849 5289 ἐπάγουσα
899 5221 980 5284 εἰς
1040 5221 1142 5290 τὴν
1197 5219 1366 5290 ζωήν.
1414 5215 1517 5272 Alii
1580 5213 1748 5290 c_odd_._
1789 5211 1889 5290 ba-

309 5293 459 5360 bent
490 5283 591 5352 ὅτι,
625 5283 746 5360 qua
788 5291 967 5343 itidem
1001 5283 1390 5360 est'partic'ula
1435 5283 1748 5360 intendeudi
1778 5283 1882 5338 vim

303 5359 553 5414 eamdem
605 5355 830 5415 habens.
866 5360 924 5414 Et
976 5355 1191 5429 quidem
1249 5360 1300 5413 iu
1353 5359 1542 5414 Graeco
1593 5355 1740 5429 nulla
1802 5364 1886 5408 est

310 5430 559 5497 anposita
623 5425 1014 5500 interrogatio,
1073 5441 1131 5483 ut
1205 5445 1308 5484 non
1381 5430 1574 5500 mirum
1634 5425 1883 5500 videatur

309 5496 458 5553 illam
485 5502 798 5567 particulam
831 5496 927 5571 pro
956 5519 1115 5571 quam
1148 5503 1434 5570 ὲπιτατικῇ
1470 5501 1536 5553 ab
1565 5499 1664 5552 hoc
1687 5496 1878 5551 Grznco

307 5571 450 5623 sumi
486 5587 501 5623 :
542 5571 655 5624 ᾔτεε
683 5572 912 5626 fortasse
947 5573 1113 5626 videri
1145 5575 1312 5640 possit
1359 5571 1614 5624 minutior
1647 5571 1875 5635 diligen-

316 5641 414 5701 tia,
445 5642 536 5693 sed
571 5656 635 5694 eo
664 5642 752 5695 illa
788 5657 816 5693 a
851 5657 933 5696 me
965 5644 1224 5708 adhibita,
1253 5657 1318 5696 ne
1347 5643 1456 5704 eui,
1489 5645 1577 5708 qui
1604 5641 1701 5693 hos
1731 5640 1882 5696 locos

313 5723 424 5761 non
455 5711 523 5762 sit
553 5721 944 5779 perscrutatus,
975 5715 1108 5767 inira
1135 5724 1190 5768 et
1251 5714 1486 5768 absurda
1519 5713 1786 5777 videatur,
1822 5723 1877 5766 ut

310 5779 447 5842 dixi,
480 5781 590 5853 haec
622 5783 790 5835 nostri
822 5781 1165 5852 Theophanis
1193 5783 1566 5853 interpretatio
1589 5801 1602 5852 ;
1624 5795 1876 5840 caeterum

313 5850 588 5918 sequenda
620 5850 981 5910 communior.

2067 5204 2182 5275 (77)
2211 5204 2264 5275 ΔΑ
2309 5202 2412 5275 ﬁcu
2448 5199 2602 5275 legis.
2655 5195 2804 5250 Idem
2834 5203 3066 5275 sanctus
3091 5190 3430 5275 ‘Gregori‘us,

1994 5261 2128 5330 xviii
2164 5261 2364 5328 Mardi.
2395 5287 2414 5326 :
2437 5261 2566 5324 Cu'm
2597 5283 2732 5320 esse:
2761 5266 2855 5320 sub
2889 5265 3016 5334 ﬁcu,
3046 5263 3102 5316 id
3129 5261 3354 5334 est.sub
3393 5261 3578 5334 umbro

1991 5347 2141 5415 legis.
2176 5345 2284 5415 vidi
2314 5354 2381 5403 te,
2407 5351 2459 5415 ut
2490 5330 2938 5415 transferremlid
2967 5337 3126 5415 vitant
3153 5331 3252 5385 mei
3282 5330 3578 5415 @vaugelij.

2066 5399 2180 5486 (79)
2226 5399 2380 5466 Meus
2411 5408 2805 5486 Deumrideus.
2836 5405 2960 5486 'Iji-‘ia
3006 5412 3133 5456 sunt
3165 5401 3398 5486 nomina,
3435 5399 3578 5486 unde:

1985 5469 2201 5540 Isriicli's
2232 5498 2424 5536 nomen
2457 5480 2717 5546 originem
2781 5478 2942 5530 trahit
2975 5493 2988 5528 :
3020 5486 3140 5533 rut-1
3179 5473 3272 5534 vir,
3303 5479 3398 5528 um
3450 5469 3580 5522 cidit

1985 5579 2041 5623 et
2090 5551 2164 5627 ΒΝ
2205 5565 2500 5635 Deus,qna:
2533 5560 2691 5615 simul
2717 5559 3054 5635 significant,
3089 5554 3228 5635 quod
3259 5553 3330 5605 ait
3367 5563 3574 5635 noster,

1988 5641 2068 5693 vir
2095 5625 2273 5690 uidens
2310 5625 2472 5687 Deum
2519 5648 2537 5686 :
2584 5632 2728 5700 quod
2776 5625 2978 5686 nomen
3019 5625 3326 5694 impOsitum
3399 5625 3474 5677 illi
3531 5639 3561 5676 a

1989 5712 2100 5763 Deo
2135 5707 2396 5771 Gen.cap,
2453 5719 2584 5757 xxii.

2063 5778 2173 5847 (79)
2219 5765 2524 5830 Nat/lanae!
2557 5773 2742 5840 quippe
2777 5770 2871 5824 Dei
2901 5770 3118 5824 donum.
3153 5768 3198 5822 Δ
3231 5765 3444 5823 duobus
3473 5778 3567 5822 no.

1991 5862 2221 5920 minibus
2245 5872 2354 5922 nn:
2385 5861 2526 5916 dedit
2559 5869 2612 5916 et
2633 5859 2704 5920 ἡκ
2737 5856 2872 5913 Deus
