3974 6220
510 300 614 366 891

513 514 764 582 inquam,
795 529 860 569 ex
896 514 1078 568 radice
1132 513 1307 586 Jesse,
1346 522 1624 589 speciosus
1667 535 1751 580 est
1779 525 1953 584 forma
2000 545 2109 600 pra:

527 605 653 659 filiis
707 604 1011 669 hominum,
1041 615 1095 660 et
1128 608 1301 664 dulcis
1327 626 1490 680 super
1540 614 1646 668 mel
1703 625 1759 670 et
1807 617 1986 675 favum
2036 631 2106 678 ιο.

521 693 719 747 Verum
750 695 970 765 quidam
1003 707 1109 751 tam
1137 699 1478 768 impudentes
1511 714 1660 768 sunt,
1718 716 1775 760 ιιι
1810 708 1894 763 his
1933 712 2109 766 verbis

513 785 811 838 fabulosam
857 788 1148 856 quamdam
1200 795 1565 848 narrationem
1619 794 1898 866 aﬂingant.
1945 799 2111 865 Aiuu;

513 878 656 930 enim
694 877 1108 946 Natbanaelem,
1142 897 1266 936 cum
1303 885 1481 938 adhuc
1527 889 1820 943 obvolutus
1867 891 2109 947 fascibus

513 982 542 1020 ο
573 970 762 1023 matris
790 987 1024 1026 mamma
1054 974 1337 1041 penderet,
1375 977 1478 1031 sub
1522 978 1758 1047 quadam
1796 981 1925 1048 ficu,
1953 998 1982 1035 a
2019 997 2110 1051 pa'

513 1062 761 1118 rentibus
793 1065 1148 1129 occultatum,
1172 1079 1226 1122 et
1256 1069 1400 1124 foliis
1423 1070 1539 1140 ejus
1567 1072 1782 1139 stipatis
1805 1075 2106 1158 obtectum,

521 1168 626 1221 qua
665 1155 879 1210 scilicet
909 1168 1231 1226 tempestate
1263 1163 1477 1232 tyranni
1512 1163 1736 1232 imperio
1760 1167 1913 1234 quasi
1943 1155 2107 1221 herba

517 1245 929 1303 demetebantur
959 1251 1194 1307 infantes
1221 1268 1236 1316 ;
1266 1262 1425 1322 atque
1460 1255 1531 1308 ita
1581 1245 1821 1310 evasisse
1853 1270 2103 1314 mortem.

516 1337 696 1405 Atque
724 1340 850 1405 hoc,
894 1341 1167 1411 inquiunt,
1227 1345 1471 1400 indicant
1525 1346 1612 1400 illa
1642 1349 1825 1412 verba,
1864 1347 1976 1404 Sub
2007 1351 2105 1404 ﬁcu

518 1429 641 1482 novi
677 1439 748 1484 te.
787 1431 924 1485 Sunt
965 1444 1143 1488 autem
1186 1436 1302 1490 haec
1338 1437 1664 1503 perridicula
1721 1439 2102 1505 deliramenta,

515 1528 570 1571 et
595 1522 903 1587 putidarum
937 1526 1277 1582 anicularum
1327 1527 1534 1583 fabella:
1570 1530 1834 1586 conﬁctae.
1869 1530 2107 1588 Herodes

513 1612 656 1665 enim
701 1629 922 1683 pueros,
957 1619 1048 1687 qui
1088 1621 1140 1674 in
1209 1620 1484 1676 Bethleem
1525 1623 1748 1687 ﬁnibus,
1784 1642 1889 1680 non
1920 1626 2009 1693 qui
2045 1629 2098 1681 in

511 1701 725 1758 Galilaza
759 1719 964 1771 essent,
1008 1709 1172 1779 jussit
1201 1714 1399 1768 occidi.
1460 1715 1659 1768 Verqu
1693 1717 1779 1772 his
1815 1717 1888 1771 uti
1939 1719 2105 1773 inuti-

513 1789 654 1846 libus
680 1794 847 1850 ramis
872 1797 1052 1852 arbori
1084 1799 1329 1853 veritatis
1350 1801 1567 1855 adnatis
1594 1804 1780 1857 critica
1837 1809 2101 1862 sermonis
2135 1791 2174 1846 Β

513 1883 651 1936 talce
695 1890 991 1956 amputatis
1033 1928 1048 1954 ,

513 1985 636 2025 mus
673 1989 688 2026 2

1105 1889 1458 1950 Natbanaelis
1513 1894 1836 1964 theologiam
1906 1901 2100 1955 audia-

589 2155 815 2223 cRabbi,
852 2169 904 2215 tu
940 2178 1000 2218 es
1024 2163 1189 2220 Filius
1214 2167 1454 2232 Dei,Rex
1484 2164 1666 2224 Israel.
1694 2193 1711 2226 ι
1750 2177 1792 2229 υ
1823 2177 2100 2235 caelestem

515 2243 854 2312 Splendorem
895 2253 985 2320 qui
1025 2263 1268 2310 sanctam
1308 2260 1454 2316 illius
1486 2277 1725 2322 mentem
1766 2271 2056 2325 illustravit
2085 2289 2105 2338 ;.

513 2351 573 2397 ut
633 2342 958 2410 profundius
1009 2344 1258 2414 aliquid,
1326 2361 1379 2405 et
1443 2351 1750 2414 Israelitica
1823 2362 2104 2418 nubilitate

513 2436 726 2504 dignius
772 2436 1121 2508 intelligeret,
1158 2457 1321 2508 quam
1352 2449 1496 2516 quod
1539 2447 1819 2523 Philippus
1855 2455 2102 2510 testimo-

513 2530 606 2584 nio
637 2543 735 2583 suo
773 2532 1100 2598 prodiderat.
1162 2535 1264 2592 Hic
1313 2541 1458 2593 enim
1514 2541 1707 2597 Filium
1756 2562 1875 2600 eum
1904 2545 2101 2617 Joseph

515 2620 831 2687 appellavit,
870 2623 961 2677 ille
1011 2642 1141 2681 vero
1168 2643 1289 2683 cum
1320 2646 1574 2697 magnum
1603 2638 1870 2701 quoddam
1904 2640 2100 2694 bonum

513 2712 690 2775 primo
737 2721 1006 2780 vocasset,
1058 2733 1202 2774 nunc
1248 2725 1557 2790 expressius
1607 2728 1862 2793 praedicat
1908 2728 2100 2785 Filium

514 2800 629 2869 Dei,
663 2813 718 2859 et
770 2805 937 2860 Israel
983 2806 1211 2878 Regem,
1266 2814 1536 2883 duplicem
1577 2818 1628 2872 in
1677 2819 1896 2876 Christo
1943 2835 2101 2878 natu-

514 2907 630 2946 ram
661 2901 973 2954 ostendens.
1004 2901 1106 2967 Qui
1133 2903 1274 2957 enim
1323 2917 1443 2962 erat
1493 2921 1681 2964 natura
1713 2911 1877 2983 340
1930 2907 2100 2970 Filius

515 2981 630 3048 Dei,
663 2988 908 3054 accipere
941 3005 1168 3060 regnum
1198 3009 1226 3046 a
1260 2993 1423 3049 Patre
1449 2981 1878 3067 perlnibetur,_ttt
1914 3004 2097 3058 homo.

515 3073 586 3126 ita
619 3077 684 3126 ad
721 3076 994 3142 Virginem
1025 3082 1240 3138 dicente
1269 3085 1525 3145 Gabriele
1563 3108 1576 3145 :
1616 3110 1634 3144 ι
1668 3092 1823 3146 Dabit
1873 3094 1946 3146 illi
1993 3095 2098 3149 Do-

1733 321 2236 390 THEOI’HANIS
2275 333 2618 402 εΕιιΑΜΕι
3623 360 3701 424 δθτὶ

511 423 606 491 qni
647 437 712 478 ex
740 437 1034 492 synagoga,
1057 436 1120 478 ac
1157 423 1272 494 lege
1316 437 1542 485 exortus
1579 442 1664 487 est
1711 433 1940 502 fructus,
1983 439 2096 506 ille,
2127 445 2174 500 Α

2201 447 2267 499 τὰ
2307 459 2757 528 παρατηρήματα
2779 500 2795 524 ,
2844 464 2942 516 καὶ
2991 463 3338 530 δυσφύλακτα
3366 484 3378 496 ·
3410 470 3436 521 6
3477 469 3527 522 δὲ
3557 473 3608 524 ἐκ
3631 476 3702 545 τῆς

2215 548 2562 618 συναγωγῆς,
2587 553 2684 604 καὶ
2713 553 2808 606 τοῦ
2841 553 3010 624 νόμου
3045 556 3348 626 βλαστήσας
3375 562 3561 630 καρπὸς
3585 566 3608 617 6
3631 571 3704 637 τῆς

2214 634 2372 706 ῥίζης
2409 642 2634 706 Ἰεσσαὶ,
2667 644 2873 716 ὡραῖος
2905 647 3092 702 κάλλει
3132 652 3284 719 παρὰ
3318 654 3434 716 τοὺς
3473 657 3602 719 υἱοὺς
3629 634 3706 712 των

2211 733 2536 804 ἀνθρώπων,
2568 737 2664 791 καὶ
2721 740 2929 803 γλυκὺς
2961 742 3100 812 ὑπὲρ
3135 743 3254 811 μέλι
3287 745 3374 796 καὶ⁵
3394 748 3582 815 κηρίον.
3603 751 3708 804 Ἀλλ’

2213 824 2312 896 ἤδη
2351 827 2496 889 τινες
2531 831 2789 884 τοσοῦτον
2825 833 3272 904 ἀπηρυθρίασαν,
3317 836 3386 898 ὡς
3424 840 3478 890 ὲν
3509 840 3575 909 τῷ
3599 845 3710 913 ῥητῷ

2211 920 2388 989 τούτῳ
2427 920 2675 988 μυθῶδες
2702 925 3014 981 ἀναπλάσαι
3051 930 3316 1000 διήγημα.
3351 932 3476 983 Φασὶ
3525 934 3614 1004 γὰρ
3643 939 3709 989 τδν

2211 1011 2506 1084 Ναθαναὴλ
2531 1020 3022 1090 σπαργανούμενον
3046 1021 3146 1083 ἔτι,
3180 1025 3274 1077 καὶ
3290 1027 3354 1094 τῇ
3383 1028 3584 1099 μητρῷα
3605 1030 3706 1100 θηλῇ

2213 1106 2627 1175 προσανέχοντα
2680 1114 2835 1182 παρά
2888 1112 2998 1166 τῶν
3037 1116 3312 1169 τεκόντων
3357 1119 3456 1171 ὑπό
3496 1137 3601 1173 τινα
3643 1140 3710 1174 κε-

2211 1198 2454 1267 κρύφθαι
2487 1203 2680 1273 συκῆν,
2716 1209 2783 1276 τῇ
2820 1208 2930 1260 τῶν
2961 1208 3181 1278 φύλλων
3211 1210 3536 1280 καλυφθέντα
3561 1214 3709 1266 πυκνό-

2209 1309 2356 1356 τητι,
2400 1295 2489 1346 ὅτε
2541 1297 2654 1350 τῶν
2706 1300 2925 1365 νηπίων
2973 1302 3074 1371 τὴν
3119 1303 3285 1372 χλόην
3324 1305 3352 1356 6
3393 1303 3478 1356 τοῦ
3505 1306 3708 1373 τυράννου

2211 1384 2376 1450 νόμος
2400 1387 2639 1457 ὲθέρισε,
2669 1391 2764 1444 καὶ
2786 1391 2931 1446 οὕτω
2958 1393 3245 1463 διαδράναι
3274 1394 3364 1446 τὸν
3391 1394 3608 1450 θάνατον.
3636 1398 3710 1450 Καὶ

2209 1475 2369 1528 τοῦτο
2405 1481 2689 1549 σημαίνει,
2734 1486 2888 1552 φασὶ,
2925 1485 2987 1538 τὸ
3038 1483 3195 1538 Εἷδόν
3233 1503 3292 1538 σε
3323 1486 3422 1540 ὑπὸ
3448 1486 3535 1556 τὴν
3567 1489 3705 1556 συκῆν.

2223 1568 2371 1621 Ἐστι
2405 1570 2461 1623 δὲ
2490 1574 2686 1645 κομιδῇ
2726 1577 2913 1643 γελοῖα
2951 1577 3019 1631 τὰ
3048 1577 3280 1631 τοιαῦτα
3313 1580 3706 1650 παραληρήματα.
3797 1653 3800 1655 Α

2209 1663 2304 1714 καὶ
2353 1663 2542 1734 γραῶν
2602 1671 3039 1724 κατασαπεισῶν
3089 1671 3448 1742 πεπλασμένα
3493 1672 3706 1743 λογύδρεα.

2220 1755 2280 1808 '0
2316 1757 2427 1824 γὰρ
2471 1757 2718 1830 Ἡρώδης
2744 1763 2873 1825 τοὺς
2901 1763 2959 1814 ὲν
2979 1766 3093 1826 τοῖς
3121 1763 3292 1833 ὁρίοις
3319 1763 3547 1833 Βηθλεὲμ
3568 1767 3708 1828 παῖδας

2209 1849 2588 1919 ἀναιρεθῆναι,
2615 1851 2677 1905 ού
2711 1855 2838 1917 τοὺς
2871 1856 2928 1908 ἐν
2957 1855 3224 1927 Γαλιλαίᾳ
3251 1844 3709 1926 προσέταξενπέλλὰ

2206 1939 2379 1993 ταῦτα
2425 1937 2513 1996 οἷά
2560 1961 2714 2023 τιναε
2759 1945 2938 2010 ὄζους,
2975 1947 3069 2000 καὶ
3117 1948 3471 2016 παραφυάδας
3515 1948 3603 2001 τῶν
3639 1948 3708 2017 τῆς

2206 2033 2466 2099 ἀληθείας
2496 2036 2730 2104 δένδρων
2758 2043 2824 2108 τῇ
2860 2043 3083 2109 κριτικῇ
3109 2040 3206 2094 τοῦ
3234 2041 3392 2109 λόγου
3415 2043 3621 2110 δρεπάνῃ
3641 2058 3708 2094 κσ-

2207 2123 2472 2191 θάραντες
2497 2127 2593 2194 τῆς
2623 2128 2718 2181 τοῦ
2752 2130 3049 2202 Ναθαναὴλ
3093 2131 3375 2201 θεολογίας
3429 2133 3702 2200 ἀκούσωμεν.

2283 2233 2303 2266 ι
2346 2215 2559 2281 Ῥαϐϐἱ,
2597 2220 2662 2271 σὺ
2694 2217 2742 2273 εί
2769 2224 2797 2274 6
2831 2223 2956 2286 Υἱὸς
2980 2223 3072 2276 τοῦ
3099 2224 3263 2288 Θεοῦ,
3300 2226 3361 2278 σὺ
3393 2221 3438 2278 εἷ
3466 2228 3490 2278 6
3519 2225 3708 2295 βασιλεὺς

2203 2305 2300 2359 τοῦ
2340 2309 2581 2379 Ἰσραήλ.
2613 2331 2629 2363 ι
2670 2315 2734 2365 Ὢ
2773 2313 2928 2378 θείας
2976 2317 3310 2388 ἐλλάμψεως
3359 2322 3707 2389 καταυγασάσης

2205 2398 2298 2450 τὸν
2330 2401 2476 2470 ἱερὸν
2503 2403 2670 2458 αὐτοῦ
2703 2407 2848 2473 νοῦν,
2879 2410 2955 2473 ὡς
2996 2411 3098 2481 τῆς
3135 2413 3229 2465 τοῦ
3263 2413 3517 2466 Φιλίππου
3557 2431 3706 2483 μαρτν·

2210 2491 2331 2560 ρίας
2361 2495 2552 2564 νοῆσαί
2606 2516 2660 2552 τι
2713 2500 3036 2574 βαθύτερον,
3087 2506 3192 2558 καὶ
3239 2507 3335 2578 τῆς
3387 2507 3709 2576 Ἰσραηλιτικῗς

2206 2586 2488 2654 εὐγενείας
2522 2591 2746 2656 ἐπάξιον
2775 2596 2788 2648 1
2827 2595 2886 2648 ’0
2921 2596 3021 2666 μὲν
3051 2599 3170 2669 γὰρ
3202 2599 3320 2652 υἱὸν
3348 2599 3500 2652 αὑτὸν
3527 2597 3622 2651 εἷπε
3647 2597 3708 2651 τοῦ

2204 2679 2424 2751 Ἰωσὴφ,
2447 2685 2475 2734 6
2499 2682 2553 2736 δὲ
2574 2684 2837 2756 πρότερόν
2857 2705 2910 2740 τι
2928 2690 3139 2756 ἀγαθὸν
3155 2691 3450 2762 κεκληκὼς,
3468 2692 3549 2744 νῦν
3565 2693 3710 2757 ἐκφαν-

2204 2775 2571 2846 τορικὼτερον
2603 2780 2731 2834 Υίὺν
2767 2783 3029 2853 κηρύττει
3060 2784 3228 2847 Θεοῦ,
3275 2786 3367 2837 καὶ
3415 2787 3611 2838 Βασιλέα
3645 2786 3707 2838 τοῦ

2205 2867 2444 2940 Ἰσραὴλ,
2473 2873 2534 2926 τδ
2550 2874 2726 2928 διττὸν
2745 2877 2853 2930 τῶν
2872 2882 2961 2932 ἐπὶ
2985 2879 3234 2951 Χριστοῦ
3259 2884 3350 2937 δύο
3371 2883 3563 2951 φύσεων
3589 2881 3709 2934 ἐνδει-

2204 2963 2491 3031 κνύμενος.
2516 2968 2642 3031 Υίὸς
2667 2971 2778 3039 γὰρ
2800 2974 2942 3026 κατά
2972 2974 3142 3042 φύσιν
3174 2976 3249 3030 ὢν
3280 2978 3372 3031 τοῦ
3393 2977 3534 3040 Θεοῦ,
3557 2977 3616 3039 ὡς
3644 2975 3709 3028 ἄν·

2207 3054 2422 3124 θρωπος
2438 3058 2653 3127 λέγεται
2671 3063 2854 3118 λαϐεῖν
2866 3067 2963 3137 τὴν
2983 3067 3271 3135 βασιλείαν
3288 3072 3431 3139 παρὰ
3445 3070 3524 3123 τοῦ
3539 3068 3708 3136 Πατρός.

521 3163 704 3218 minus
742 3163 880 3221 Dens
913 3170 1095 3224 sedem
1129 3175 1296 3228 David
1333 3179 1502 3245 putris
1533 3180 1651 3250 ejus
1685 3182 1750 3236 δι.
1789 3203 1808 3234 ι
1857 3181 1958 3237 Ubi
2003 3185 2098 3254 igi-

2209 3144 2364 3200 Οὖτω
2394 3151 2530 3220 πρδς
2546 3149 2645 3220 τὴν
2666 3129 3209 3225 παρθένονείπόντος
3240 3161 3332 3213 τοῦ
3362 3129 3616 3231 Ϋαϐριήλιι
3634 3129 3711 3210 se

515 3260 604 3305 tur
636 3251 899 3312 Detninus
930 3275 1052 3315 eum
1085 3263 1154 3318 de
1180 3265 1290 3321 Deo
1311 3267 1381 3322 ita
1403 3269 1708 3344 loquentem
1735 3275 1886 3344 vidit,
1907 3279 1974 3332 ad
2017 3251 2099 3332 al-

515 3343 651 3398 tiora
684 3347 1030 3418 intelligenda
1061 3359 1307 3413 oratione
1331 3343 1666 3421 manuducit.

605 3453 623 3486 ι
657 3434 790 3502 Quia
819 3439 929 3494 dixi
966 3443 1082 3508 tibi,
1118 3443 1232 3500 Vidi
1260 3457 1313 3504 te
1345 3451 1446 3505 sub
1502 3454 1627 3518 ﬁcu,
1672 3459 1877 3528 credis;
1927 3463 2100 3532 majus

514 3522 600 3578 bis
641 3526 886 3597 videbis;
921 3551 939 3584 ι
982 3536 1178 3601 quibus
1205 3540 1384 3596 verbis
1413 3542 1857 3606 Resurrectionis
1886 3568 2102 3624 specta-

515 3627 688 3672 torem
748 3621 898 3678 illum
951 3625 1190 3684 futurum
1243 3635 1528 3699 promittit.
1587 3639 1800 3698 Sciebat
1871 3621 2094 3716 quippe,

513 3709 746 3775 sciebat,
791 3716 880 3783 qui
939 3717 1117 3773 futura
1172 3731 1426 3794 tanquam
1476 3733 1762 3796 praesentia
1816 3709 2096 3806 perspicit,

514 3796 902 3867 Natbanaelem
942 3817 1060 3874 post
1095 3811 1388 3889 salutarem
1421 3819 1591 3887 ipsius
1624 3824 2098 3886 Resurrectiouem

515 3904 617 3943 una
646 3908 766 3947 cum
796 3896 1078 3969 discipulis
1113 3902 1495 3962 interfuturum
1529 3911 1580 3964 in
1609 3915 1744 3968 mari
1773 3913 2096 3988 'I'iberiadis,

514 3991 568 4034 et
605 3990 860 4054 mysteria
897 3989 971 4046 ibi
1015 3998 1318 4062 peragenda
1361 4015 1682 4070 prunarum,
1724 4009 1878 4075 panis
1938 4023 2101 4083 atque

510 4072 773 4139 pultnenti
818 4077 1054 4134 visurum
1096 4081 1204 4150 δ”,
1238 4099 1292 4140 et
1325 4089 1390 4142 de
1413 4091 1730 4160 signiﬁcatis
1761 4111 1854 4164 per
1885 4098 1972 4153 illa
2017 4102 2100 4156 in-

511 4171 778 4219 structum
802 4169 888 4223 iri.
922 4171 1048 4227 Ideo
1080 4175 1156 4228 ait
1187 4193 1202 4230 :
1247 4195 1266 4229 ι
1300 4177 1476 4248 Majus
1503 4184 1587 4239 his
1619 4187 1850 4242 videbis.
1885 4208 1904 4242 ι
1954 4190 2100 4246 Prae-

513 4253 656 4306 dicta
676 4255 840 4326 igitur
863 4275 959 4328 per
984 4261 1098 4319 hac
1121 4266 1283 4322 verba
1313 4269 1736 4329 Resurrectione
1757 4288 1821 4330 ex
1850 4281 2096 4345 mortuis,

512 4344 758 4416 adjungit
785 4351 948 4406 etiam
979 4356 1180 4409 sensim
1212 4361 1598 4418 Ascensionem
1629 4363 1682 4418 in
1716 4364 1916 4420 caelum
1947 4344 2095 4438 (80):

2207 3257 2286 3292 σει
2310 3241 2458 3311 αὐτῷ
2491 3243 2694 3316 Κύριος
2711 3247 2738 3296 6
2754 3248 2885 3312 Θεδς
2901 3248 2992 3301 τὸν
3012 3248 3209 3319 θρόνον
3241 3251 3401 3306 Δαϐὶδ
3445 3252 3528 3305 τοῦ
3558 3250 3708 3314 πατρὸς

2203 3332 2419 3390 αὐτοῦδ
2447 3336 2576 3389 Ὅτε
2594 3336 2687 3391 οὖν
2711 3333 2850 3393 εἶδεν
2875 3341 3040 3394 αὑτὸν
3066 3343 3212 3396 οὕτω
3231 3343 3611 3414 θεολογήσαντα,
3627 3341 3706 3395 τότε

2203 3426 2341 3499 πρὸς
2367 3428 2704 3500 ὑψηλοτέρας
2725 3433 2935 3498 ἐννοίας
2963 3435 3051 3488 διὰ
3088 3437 3184 3489 τοῦ
3228 3437 3387 3504 λόγου
3427 3435 3706 3507 χειραγωγεί.

2277 3538 2296 3570 ι
2324 3521 2448 3573 Ὀτι
2503 3517 2658 3577 εἶπόν
2722 3527 3036 3594 σοι,φησὶν,
3067 3528 3150 3581 ὅτι
3187 3524 3342 3583 Εἷδόν
3403 3547 3456 3582 σε
3511 3527 3707 3581 ὑποκάτω

2200 3611 2300 3681 τῆς
2323 3616 2514 3684 συκῆς,
2541 3615 2839 3681 πιστεύεις,
2875 3619 3101 3686 μείζονα
3133 3621 3336 3674 τούτων
3354 3621 3515 3691 ὄψει.)
3539 3615 3708 3670 Arimi-

2201 3723 2310 3758 των
2345 3706 2686 3775 ὑπισχνεῖται
2743 3709 2938 3774 δείξειν
2973 3711 3124 3781 αύτῷ
3148 3713 3246 3784 τὴν
3290 3712 3708 3782 ἀνάστασιν.ᾝόει

2200 3799 2329 3868 γὰρ,
2351 3798 2468 3870 ᾔδει
2484 3800 2582 3852 ότὸ
2603 3801 2794 3869 μέλλον
2816 3800 3033 3870 βλέπων
3048 3802 3129 3867 ὠς
3151 3805 3402 3866 ἐνεστὼς,
3425 3807 3499 3858 ὅτι
3518 3799 3708 3872 μετᾶτὴν

2201 3889 2368 3943 αὑτοῦ
2398 3891 2669 3961 σωτήριον
2687 3891 2906 3961 ἔγερσιν
2937 3893 3222 3964 παρέσται
3248 3897 3346 3948 σὺν
3371 3898 3479 3958 τοῖς
3498 3892 3710 3963 μαθηταῖς

2203 3985 2260 4035 ὲν
2298 3985 2365 4053 τῇ
2407 3981 2656 4054 θαλάσσῃ
2681 3983 3003 4050 Τιϐεριάδος
3044 3986 3368 4058 Ναθαναὴλ,
3391 3981 3709 4055 καὶδψεταιτὰ

2202 4076 2413 4130 ἐκεῖθεν
2462 4079 2758 4148 μυστήρια,
2779 4078 2877 4150 τὴν
2914 4079 3252 4151 ἀνθρακιὰν,
3283 4084 3375 4137 τὸν
3391 4084 3559 4154 ἄρτον,
3578 4079 3650 4132 καὶ
3670 4077 3711 4128 τὸ

2201 4167 2449 4238 ὀψάριον,
2471 4169 2564 4223 καὶ
2585 4171 3156 4243 μυσταγωγηθήσεται
3178 4177 3247 4230 τὰ
3264 4177 3351 4230 διὰ
3369 4175 3557 4228 τούτων
3572 4168 3711 4242 δηλού-

2207 4275 2362 4328 μενα.
2389 4258 2489 4312 Διὰ
2507 4259 2665 4312 τοῦτο
2687 4263 2873 4330 equi.“
2900 4263 3140 4326 Μείζονα
3162 4266 3367 4319 τούτων
3391 4267 3550 4336 ὄψει.»
3572 4266 3712 4333 “post-

2202 4349 2318 4404 πὼν
2352 4352 2407 4405 δὲ
2428 4353 2518 4406 διὰ
2538 4353 2747 4407 τούτων
2776 4354 2876 4426 τὴν
2910 4357 2974 4410 ἐκ
3006 4357 3222 4428 νεκρῶν
3256 4360 3554 4419 ἀναϐίωσιν,
3587 4369 3708 4425 προσ·

516 4451 537 4484 ι
570 4437 778 4494 Atnodo
835 4443 1090 4501 videbitis
1117 4449 1312 4505 coelum
1344 4461 1617 4522 apertum,
1647 4465 1702 4512 et
1747 4461 1968 4529 angelos
2003 4437 2097 4517 Dei

2205 4445 2418 4516 τίθησιν
2459 4447 2667 4516 ἠρέμα,
2699 4449 2794 4501 καὶ
2839 4448 2939 4516 τὴν
2971 4451 3052 4513 είς
3108 4451 3379 4520 οὐρανοὺς
3402 4449 3709 4517 ἀναφοίτησιψ

513 4529 867 4589 ascendentes
890 4545 944 4590 et
965 4537 1354 4598 descendentes
1373 4559 1535 4616 super
1553 4547 1752 4603 Filium
1787 4552 2039 4614 hominis,
2070 4573 2089 4607 ι

509 4616 782 4682 Quoniam
857 4627 1011 4683 illum
1092 4635 1254 4702 paulo
1309 4639 1563 4707 superius
1615 4656 1804 4697 verum
1885 4645 2098 4700 dixerat

508 4713 832 4782 Israelitam,
856 4723 1050 4777 astruit
1077 4715 1313 4784 laudem.
1342 4729 1552 4788 Etenim
1581 4743 1734 4790 vetus
1756 4735 1947 4802 Israel,
1971 4753 2093 4793 cum

506 4802 748 4861 venisset
790 4809 844 4864 in
882 4811 1119 4870 Charras
1153 4817 1220 4884 δ’,
1251 4835 1278 4872 a
1313 4821 1471 4875 rebus
1496 4837 1660 4878 sensu
1699 4828 1966 4896 perceptis
1998 4828 2096 4881 ab-

503 4899 772 4963 stractus,
809 4897 910 4955 hoc
940 4905 1083 4959 enim
1112 4909 1474 4976 patriarcbam
1513 4912 1853 4970 obdormisse
1887 4917 2094 4986 signiti-

505 4991 615 5048 c:tt,
639 4995 697 5040 ut
729 4988 853 5044 illud
883 5011 897 5048 :
924 5013 942 5047 ι
980 4996 1089 5068 Ego
1118 5001 1347 5066 dormio,
1366 5014 1530 5056 etcur
1559 5020 1733 5059 meum
1753 5007 2036 5075 vigilat“;
2069 5029 2087 5062 ι

505 5093 604 5148 per
649 5085 883 5150 speciem
942 5093 1143 5144 scalam
1204 5095 1375 5161 ipsam
1440 5096 1592 5159 vidit,
1655 5112 1682 5148 a
1726 5111 1831 5167 qua
1905 5114 2094 5154 ascen-

504 5170 712 5228 debant
743 5185 797 5232 et
823 5177 1226 5238 descendebant
1260 5167 1435 5256 angeli
1472 5185 1581 5244 Dei.
1620 5188 1775 5256 Quod
1807 5190 1975 5260 igitur
2007 5193 2095 5248 ille

2213 4537 2302 4591 «Ἀ
2312 4539 2476 4609 πάρτι
2495 4539 2590 4608 δψε
2600 4541 2692 4593 σθε
2706 4540 2797 4593 τὸν
2815 4542 3046 4610 οὐρανὸν
3069 4543 3350 4614 ἀνεῳγότα
3370 4538 3708 4606 καὶτοὺςάγγέ-

2203 4631 2327 4694 λους
2361 4631 2455 4683 τοῦ
2480 4631 2617 4685 Θεοῦ
2661 4633 3055 4698 ἀναϐαίνοντας
3090 4636 3188 4690 καὶ
3231 4637 3624 4696 καταϐαίνοντας
3647 4629 3711 4683 ἐπὶ

2202 4725 2293 4779 τὸν
2311 4725 2441 4777 Υίδν
2463 4724 2556 4778 τοῦ
2596 4725 2908 4797 ἀνθρώπου.
2945 4745 2962 4779 ι
2988 4729 3212 4799 Ἐπειδὴ
3235 4730 3396 4782 αὐτὸν
3416 4728 3598 4783 ἄνωθεν
3619 4724 3709 4788 ἀλη-

2203 4818 2311 4882 θῶς
2329 4819 2670 4889 Ἰσραηλίτην
2690 4820 2965 4890 ὠνόμασε,
2997 4824 3404 4888 κατασκευάζει
3420 4824 3504 4876 τὸν
3521 4820 3706 4874 ἔπαινον.

2210 4911 2272 4964 '0
2298 4912 2398 4982 μὲν
2421 4912 2530 4982 γάρ
2553 4912 2785 4977 παλαιὸς
2807 4913 3047 4984 Ἰσραὴλ,
3067 4915 3156 4967 ὅτε
3173 4909 3312 4986 ἧκεν
3337 4918 3416 4978 είς
3432 4915 3522 4984 τὴν
3534 4907 3706 4981 Χαρῤἆν

2200 5005 2496 5073 γενόμενος
2525 5005 2630 5071 ἔξω
2662 5006 2772 5060 τῶν
2803 5006 3080 5077 αἰσθητῶν
3117 5024 3131 5038 ο
3163 5007 3326 5061 τοῦτο
3357 5007 3460 5078 γάρ
3491 5005 3544 5058 τὸ
3572 4998 3704 5056 ὑπνῶ·

2203 5116 2294 5150 σαι
2325 5097 2418 5151 τὸν
2444 5100 2795 5169 πατριάρχην
2825 5103 2965 5153 νοεῖν
2991 5100 3334 5165 ὑποτίθεται,
3364 5100 3438 5162 ὡς
3465 5099 3538 5160 τὺ,
3567 5115 3582 5146 ί
3601 5093 3704 5156 Ἐτω

2201 5190 2471 5256 καθεύδω,
2503 5191 2651 5261 καὶὴ
2685 5192 2880 5264 καρδία
2909 5211 3010 5264 μου
3038 5196 3371 5265 ἀγρυπνεῖί
3414 5194 3466 5245 ἐν
3492 5183 3701 5260 φαντασίᾳ

579 5334 627 5366 ⁸ο
656 5333 797 5392 Psal.
827 5352 971 5402 τινι,
1005 5339 1072 5404 3;
1111 5357 1264 5408 xvm,
1317 5343 1405 5404 II.
1480 5344 1561 5383 δ’*
1593 5346 1725 5404 Luc.
1759 5365 1796 5413 ι,
1830 5350 1920 5404 51.
1997 5351 2041 5384 ⁸¹
2069 5351 2098 5407 .I

2211 5392 2223 5405 .
2259 5367 2372 5419 χιιι,
2402 5353 2487 5414 10.
2564 5357 2609 5390 η
2637 5359 2772 5420 Gen,
2819 5371 3012 5421 xxvm,
3055 5355 3141 5410 11.
3220 5356 3267 5388 ⁸³
3291 5356 3440 5411 Cant.
3476 5367 3523 5419 v,
3556 5348 3597 5402 1.

1739 5447 2064 5512 Francisci
2107 5451 2313 5513 Scorsi
2350 5460 2542 5516 notas.

583 5531 694 5599 (80)
733 5532 1187 5618 Ascensionenrjn
1215 5541 1433 5618 malum.
1470 5544 1621 5602 Varii
1658 5559 1786 5603 sunt
1815 5549 2004 5606 Patres
2034 5560 2089 5604 et
2196 5555 2353 5609 candi
2389 5555 2577 5610 modus
2603 5564 2852 5609 recenset
2877 5571 3067 5610 omnes
3091 5552 3311 5609 Cornel.
3337 5568 3362 5604 a
3392 5547 3566 5618 Lapide
3594 5543 3696 5618 inter

509 5597 839 5680 lpt‘e‘rpretes
875 5608 1148 5680 Evangelii
1183 5613 1234 5666 in
1281 5613 1603 5680 estplicandu
1643 5621 1746 5674 hoc
1782 5620 1899 5673 loco
1930 5637 1945 5674 :
1991 5620 2085 5674 Vi-

512 5670 700 5753 debitis
732 5675 916 5753 calum
947 5670 1211 5748 apertum,
1243 5693 1292 5737 et
1319 5670 1543 5753 A'ngelos
1581 5670 2080 5753 οέϊᾱεέέὶεέιέηιέὲ,

513 5747 565 5792 et
615 5742 991 5802 descendentes
1037 5742 1209 5819 super.
1248 5742 1449 5808 Filium
1481 5742 2081 5831 hominisgeosex’p‘li;

2193 5639 2330 5708 gnos
2369 5635 2423 5680 et
2465 5627 2607 5708 huuc
2659 5627 2726 5680 de
2771 5626 3103 5708 Ascensione
3156 5611 3692 5708 QhﬁSIiﬂI-tDI‘ILIIﬂP

2194 5692 2281 5748 liic
2313 5706 2514 5751 noster.
2541 5697 2779 5766 Czeteros
2805 5697 2927 5750 vide
2957 5696 3094 5766 apud
3129 5695 3354 5750 citatum
3385 5692 3689 5758 interpretem.

2197 5765 2497 5837 itidemque
2530 5768 2669 5838 apud
2705 5765 3000 5824 Maldonat.
