3974 6220
332 390 443 454 8)3

1712 404 2043 467 HOMILIA
2087 409 2302 474 XLIX.

3489 413 3595 478 894

328 510 434 578 τῆς
500 504 768 574 κλίμακος
803 505 1018 577 ἐκείνης
1074 505 1328 576 ἐγένετο,
1369 512 1462 582 ἀφ’
1495 507 1564 585 ἧς
1612 516 1896 572 ἀνέϐαινον

2025 539 2110 591 per
2169 539 2422 580 somnum
2473 527 2875 597 cautemplatus
2934 535 3053 594 est,
3112 529 3213 582 hoc
3279 528 3588 598 vigilantem

329 601 428 654 καὶ
459 598 779 652 κατέϐαινον
811 599 860 652 οἱ
888 600 1122 668 ἄγγελοι
1152 604 1246 656 τοῦ
1273 603 1506 659 Θεοῦ.“0
1540 605 1672 675 γοῦν
1705 609 1909 674 ἐκεῖνος

2025 615 2256 672 visurum
2309 616 2698 672 Nathanaelem
2753 619 3054 688 pollicetur.
3098 619 3298 673 Verum
3334 621 3587 690 quoniam

331 690 724 754 ἐνυπνιασθεὶς
756 691 1041 758 ἐθεάσατο,
1074 692 1233 747 τοῦτο
1276 695 1368 748 τὸν
1415 695 1713 769 Ναθαναὴλ
1761 699 1909 768 ὕπαρ

331 784 464 836 ίδεῖν
507 781 930 849 ἐπαγγέλλεται.
1004 782 1146 836 Ἀλλ’
1194 785 1318 838 ἐπεὶ
1367 787 1726 842 πεπίστευται
1782 791 1909 853 τοὺς

327 874 602 943 ἀγγέλους
637 875 693 926 ὲν
718 873 993 942 ούρανοτς,
1032 875 1065 945 ἢ
1096 875 1238 945 ὑπὲρ
1276 879 1402 941 τοὺς
1443 880 1708 948 οὐρανοὺς
1745 877 1906 946 εἶναι,

327 965 590 1020 κάκεῖθεν
607 965 743 1034 πρὸς
775 966 868 1020 τοῦ
883 967 1016 1019 Θεοῦ
1049 967 1419 1038 λειτουργίας,
1449 971 1524 1034 ὡς
1554 971 1905 1041 λειτουργικὰ

330 1055 626 1124 πνεύματα
657 1056 896 1126 καταπέ⁶
972 1057 1153 1119 ευθαι,
1184 1054 1253 1128 ἦν
1285 1059 1349 1112 ἂν
1394 1059 1524 1124 ἴσως
1551 1061 1905 1115 ἀκολουθότε-

331 1164 452 1218 ρον,
479 1146 578 1217 τήν
609 1147 915 1201 κατάϐασιν
943 1148 1212 1218 προτάξαι
1243 1150 1344 1219 τῆς
1387 1151 1730 1216 ἀναϐάσεως.
1783 1153 1908 1218 Πῶς

327 1241 444 1310 γὰρ
493 1240 540 1292 οἱ
605 1239 682 1308 μὴ
736 1239 1083 1306 καταϐάντες
1140 1242 1517 1309 ἀναϐαίνοιενς
1582 1244 1909 1315 Ἐπίστησον

330 1327 574 1382 ἐνταῦθα
603 1330 693 1382 τὸν
723 1329 986 1401 λογισμόν
1016 1348 1030 1364 ο
1076 1331 1224 1388 ἄνιθι
1255 1334 1391 1403 πρὸς
1435 1334 1648 1399 ἐννοίας
1699 1335 1909 1406 ἰσχνὰς,

328 1420 506 1488 γνῶθι
533 1421 592 1473 τὸ
621 1421 802 1492 δόγμα
836 1423 896 1476 τὸ
926 1425 1316 1496 κεκρυμμένον
1363 1428 1423 1480 ὲν
1455 1426 1534 1498 τῷ
1564 1429 1790 1498 ῥήματι·
1818 1429 1907 1482 ὲν·-

330 1511 510 1564 ταῦθα
572 1513 681 1584 γὰρ
742 1513 915 1567 πολλά
965 1515 1032 1570 τὰ
1067 1517 1399 1588 ζητούμενα,
1423 1517 1508 1580 τίς
1535 1519 1643 1588 ἀρα
1679 1519 1787 1571 τῶν
1815 1519 1906 1570 ού-

331 1601 542 1672 ρανίων
597 1605 785 1659 πυλῶν
860 1605 1157 1672 διάνοιξις,
1225 1609 1320 1662 καὶ
1390 1608 1557 1671 πότε,
1608 1609 1702 1662 καὶ
1789 1610 1906 1672 πῶς

2016 707 2120 764 fide
2149 709 2414 764 creditum
2446 719 2529 765 est
2557 711 2779 782 angelos
2809 712 2860 766 in
2891 711 3050 776 cmlo,
3083 712 3166 767 vel
3206 728 3367 783 supra
3395 715 3589 769 coelum

2013 813 2155 864 esse,
2186 810 2348 869 atque
2383 802 2506 858 inde
2539 813 2597 856 ιιι
2625 803 3115 858 administratorios
3146 805 3372 874 spiritus
3399 806 3462 858 ad
3487 805 3589 858 mi-

2020 892 2244 946 nisteria
2275 894 2454 947 divina
2488 895 2696 949 demitti
2726 893 2794 958 “,
2829 905 3246 948 consentaneum
3279 894 3454 949 fuerat
3482 893 3594 948 for-

2015 992 2157 1037 tasse
2203 985 2374 1052 magis
2417 985 2824 1040 descensionem
2879 985 3184 1042 ascensioni
3252 1000 3588 1052 praeponere.

2014 1074 2294 1141 Quomodo
2328 1077 2470 1132 enim
2507 1079 2803 1133 ascendant
2825 1119 2840 1140 ,
2885 1077 2979 1148 qui
3013 1094 3118 1132 non
3151 1055 3596 1132 descenderunt?

2014 1164 2235 1220 lutende
2285 1167 2352 1220 ad
2388 1167 2502 1221 hate
2529 1176 2787 1232 mentem,
2818 1177 2978 1235 atque
3013 1168 3078 1220 ad
3113 1167 3425 1222 subtiliores
3471 1183 3594 1222 sen-

2017 1269 2110 1310 sus
2139 1269 2385 1322 assurge,
2419 1256 2636 1325 percipe
2682 1257 2735 1310 in
2776 1257 2860 1311 his
2896 1258 3074 1310 verbis
3101 1259 3290 1324 dogma
3341 1257 3609 1311 recondi-‘

2022 1353 2160 1401 tum.
2226 1344 2388 1400 Multa
2439 1347 2582 1400 enim
2629 1347 2718 1401 bic
2767 1347 3054 1416 quaerenda
3092 1363 3106 1399 :
3160 1346 3296 1413 Quid
3333 1347 3432 1401 sibi
3471 1347 3596 1400 velit

2015 1433 2265 1489 caelestes
2314 1436 2512 1502 aperiri
2571 1446 2792 1505 portas;
2845 1444 2899 1490 et
2951 1435 3191 1505 quando,
3239 1445 3294 1489 et
3325 1436 3596 1504 quomodo

2021 1523 2124 1578 illa:
2152 1523 2461 1578 horninibus
2497 1525 2698 1579 fuerint
2726 1525 3032 1579 obseratae?
3080 1525 3148 1580 Et
3193 1539 3362 1593 quare
3413 1523 3596 1576 Domi-

2017 1631 2138 1681 nus,
2157 1615 2319 1671 simul
2347 1630 2410 1670 ac
2443 1630 2661 1670 carnem
2699 1617 3015 1686 assumpsit,
3044 1631 3138 1671 eas
3162 1631 3265 1670 non
3293 1616 3553 1671 reseravit
3573 1615 3600 1670 2

329 1698 454 1759 τοῖς
511 1695 820 1764 ἀνθρώποις
885 1698 1282 1770 ἐκλείσθησαν,
1345 1701 1442 1756 καὶ
1499 1699 1588 1755 διὰ
1649 1702 1705 1754 τί
1786 1705 1815 1756 ὁ
1885 1703 2074 1778 Σωτήρ
2131 1707 2561 1779 ὲνανθρωπήσας
2619 1709 2721 1762 οὐκ
2785 1707 2946 1772 εὐθὺς
2999 1709 3270 1782 ἐνήργησε
3328 1709 3426 1780 τὴν
3476 1707 3599 1760 τού’

327 1807 446 1843 των
500 1789 777 1857 διάνοιξιν.

411 1884 598 1954 Φαμὲν
626 1880 744 1952 οὖν,
772 1885 849 1951 ὡς
885 1887 1161 1959 ἀνεῷχθαι
1190 1890 1342 1960 λέγει
1373 1891 1500 1953 τοὺς
1534 1893 1804 1962 οὐρανοὺς
1828 1893 1916 1947 διὰ

2089 1896 2399 1952 Asserimus
2447 1897 2612 1967 igitur
2658 1896 2856 1953 caelum
2907 1897 3011 1951 dici
3061 1903 3326 1964 apertum,
3363 1911 3428 1951 eo
3456 1896 3597 1963 quod

333 1979 440 2043 τὴν
469 1979 868 2046 ἀνεμπόδιστον
903 1981 1011 2032 τῶν
1047 1982 1354 2053 ἀνθρώπων
1387 1985 1523 2055 πρὸς
1551 1985 1686 2038 Θεὸν
1705 1985 1913 2053 ἄνοδον,

334 2069 410 2140 ἢν
440 2070 671 2140 Χριστὸς
702 2073 832 2142 ήμίν
855 2073 1168 2142 ἐχαρίσατο,
1198 2080 1278 2138 είς
1303 2077 1568 2148 οὐρανοὺς
1627 2077 1916 2147 ἀνυψώσας

330 2163 400 2214 τὸ
425 2162 694 2233 ἡμέτερον
725 2163 972 2235 φύραμα.
1007 2166 1081 2220 Ἠ
1107 2167 1214 2244 γὰρ
1246 2167 1346 2235 τῆς
1383 2168 1660 2238 ἁμαρτίας
1689 2170 1922 2241 παρείσ-

331 2257 486 2318 δυσις
556 2251 667 2309 οἷον
739 2256 993 2326 φραγμός
1054 2275 1114 2310 τε
1191 2259 1288 2312 καὶ
1345 2259 1660 2330 μεσότειχον
1715 2260 1920 2330 μεταξὺ

332 2347 500 2410 Θεοῦ,
548 2349 642 2401 καὶ
685 2347 996 2420 ἀνθρώπων
1054 2349 1295 2418 ἐγένετο.
1362 2352 1427 2404 '0
1479 2351 1543 2415 δὴ
1579 2352 1848 2421 περιῆρεν
1894 2352 1922 2404 ὁ

341 2439 554 2506 Κύριος
618 2438 737 2502 ὁδὸς
791 2441 924 2509 ἡμῖν
977 2440 1328 2512 χρηματίσας
1385 2441 1486 2510 τῆς
1534 2443 1616 2504 είς
1659 2443 1924 2510 οὐρανοὺς

335 2529 693 2595 ἀναϐάσεως,
744 2529 908 2593 εὐθὺς
941 2531 1040 2600 μὲν
1070 2531 1163 2584 διὰ
1192 2532 1293 2601 τῆς
1335 2532 1583 2596 ἑνώσεως
1615 2533 1826 2596 θεὼσας
1864 2533 1926 2587 τὸ

344 2620 716 2691 πρόσλημμα,
756 2621 1064 2698 παρασχὼν
1093 2621 1150 2674 δὲ
1197 2622 1295 2693 τὴν
1345 2623 1650 2678 ἀθανασίαν
1686 2624 1776 2678 διὰ
1824 2624 1926 2693 τῆς

339 2710 744 2777 ’Δναστάσεως,
773 2712 863 2765 διὰ
881 2713 938 2766 δὲ
968 2713 1064 2782 τῆς
1093 2714 1415 2785 ἀναλήψεως
1434 2715 1534 2784 τῆς
1554 2715 1766 2778 τελείας
1789 2717 1927 2786 πρὸς

344 2804 443 2856 τὸν
476 2804 698 2875 Πατέρα
731 2804 1082 2874 καταλλαγῆς
1117 2805 1360 2870 ἀξιώσας
1396 2808 1543 2878 ἡμᾶς
1587 2808 1654 2878 ἣν
1701 2807 1928 2861 ἐκάλεσε

347 2897 615 2964 διάνοιξιν
660 2897 912 2968 οὐρανῶν
936 2912 950 2926 ο
978 2897 1068 2951 διὰ
1106 2897 1162 2950 δὲ
1194 2896 1290 2951 τοῦ
1327 2899 1596 2970 προτάξαι
1649 2899 1750 2968 τὴν
1797 2899 1926 2953 ἀνά-

351 2984 514 3039 ϐασιν
566 2984 676 3037 τῶν
723 2983 974 3051 ἀγγέλων
1021 2984 1120 3054 τῆς
1171 2985 1535 3049 καταϐάσεως
1591 2985 1816 3051 ἔδειξεν,
1853 2985 1929 3047 ῶς

346 3081 409 3132 ού
455 3079 660 3141 πάσαις
711 3080 831 3140 ταῖς
883 3077 1212 3146 ἀγγελικαίς
1248 3077 1547 3149 δυνάμεσιν
1578 3077 1821 3148 ἔγνωστο
1869 3078 1930 3130 τὸ

2018 1987 2299 2055 expeditus
2349 1987 2421 2041 sit
2468 1987 2775 2041 hominibus
2806 2000 3073 2042 ascensus
3106 1985 3174 2038 ad
3231 1984 3419 2047 Deum,
3457 1985 3597 2051 quod

2019 2093 2148 2132 sane
2175 2078 2329 2133 nobis
2360 2078 2534 2146 gratia
2567 2078 2764 2132 Christi
2798 2078 2982 2132 datum
3011 2085 3094 2132 est
3121 2091 3246 2130 cum
3287 2075 3468 2128 carnis
3497 2089 3596 2128 no-

2020 2177 2146 2222 stra‘.
2174 2184 2405 2223 massam
2463 2168 2579 2238 (8l)
2635 2167 2866 2222 elevavit
2925 2168 2976 2221 in
3028 2167 3247 2222 caelum.
3301 2165 3600 2220 lnsinuatio

2021 2259 2218 2330 quippe
2240 2259 2446 2328 peccati
2465 2259 2823 2328 velntisepcm
2842 2267 2894 2314 et
2918 2259 3150 2313 medium
3180 2258 3474 2328 quemdam
3509 2272 3601 2323 pa-

2025 2351 2218 2404 rin-tem
2246 2358 2578 2419 opposuerat
2620 2350 2764 2403 inter
2784 2349 2971 2412 Deum,
3002 2359 3056 2402 et
3088 2349 3380 2402 hominem.
3414 2347 3588 2414 Quem

2022 2442 2181 2514 351
2220 2459 2352 2499 sane
2384 2445 2587 2498 amovit
2635 2443 2918 2508 Dominus,
2954 2447 3203 2512 viamque
3253 2457 3314 2496 se
3365 2439 3598 2510 praebuit

2027 2537 2181 2589 nobis
2203 2534 2531 2590 ascendendi
2554 2536 2606 2589 in
2626 2535 2842 2599 malum,
2870 2534 3053 2588 statim
3075 2533 3289 2601 quidem
3311 2547 3375 2587 ac
3394 2544 3600 2586 assum-

2027 2638 2172 2697 ptam
2193 2643 2408 2683 carnem
2429 2644 2524 2696 per
2542 2630 2795 2684 unionem
2811 2629 3080 2685 deificavit
3099 2628 3210 2698 (8‘2)
3228 2643 3244 2692 ;
3262 2629 3354 2680 sed
3377 2626 3602 2677 immor-

2028 2716 2289 2771 talitatem
2323 2732 2418 2782 per
2448 2717 2948 2786 Resurrectionem,
2993 2720 3402 2789 perfectamque
3465 2729 3592 2770 cum

2029 2808 2191 2864 Patre
2237 2809 2737 2865 reconciliationem
2818 2826 2914 2878 per
2990 2810 3378 2865 Ascensionem
3442 2807 3600 2862 nobis

2032 2901 2291 2970 impertiit
2339 2919 2354 2961 ;
2401 2917 2564 2972 quam
2619 2917 2753 2956 sane
2801 2902 3136 2972 apertionem
3184 2901 3310 2956 caali
3363 2899 3598 2954 vocavit.

2030 2991 2184 3059 Quod
2220 3007 2349 3048 vero
2373 2993 2690 3064 angelorum
2715 2993 2998 3048 descensui
3030 2993 3287 3062 praemisit
3311 2991 3601 3046 Ascensio-

2032 3101 2178 3148 nem,
2200 3085 2436 3140 ostendit
2459 3101 2564 3138 non
2603 3087 2858 3140 omnibus
2890 3085 3149 3155 angelicis
3172 3082 3283 3152 ι85)
3309 3083 3602 3136 virtutibus

346 3173 450 3242 τῆς
491 3171 806 3240 οἰκονομίας
859 3173 1196 3241 μυστήριον,
1231 3173 1368 3226 ἀλλά
1421 3173 1603 3242 μόνοις
1645 3176 1758 3236 τοῖς
1792 3171 1920 3243 πρὸς

2034 3175 2230 3231 divina:
2257 3176 2681 3246 dispensationis
2711 3176 3030 3246 mysterium
3067 3185 3250 3228 notum
3286 3173 3476 3234 fuisse,
3507 3171 3602 3226 sed

343 3264 502 3318 τοῦτο
519 3261 1022 3334 ύπηρετήσασιν.υϊ
1047 3262 1114 3334 δὴ
1141 3265 1238 3318 καὶ
1257 3265 1314 3316 ὲν
1337 3267 1404 3335 τῇ
1427 3265 1694 3336 ἀναλήψει
1721 3265 1928 3320 ἀνιόντι

348 3355 501 3428 αύτῷ
561 3355 953 3410 συνανέϐαινον
1011 3355 1111 3419 τάς
1168 3357 1456 3426 ούρανίους
1515 3357 1691 3420 πύλας
1753 3359 1929 3429 αῐρειν

349 3449 670 3512 κελεύοντες
696 3464 709 3478 ·
744 3442 826 3521 οἷς
870 3449 928 3503 δὲ
975 3449 1338 3520 ἀπερινόητον
1383 3446 1452 3520 ἦν
1497 3449 1559 3502 τὸ
1605 3451 1924 3520 μυστήριον,

345 3537 492 3598 οὗτοι
527 3541 981 3604 καταϐαίνοντες,
1045 3559 1063 3592 ι
1098 3541 1194 3604 Τίς
1228 3535 1389 3606 οὗτος
1438 3544 1466 3594 ὁ
1511 3541 1772 3606 Βασιλεὺς
1828 3543 1928 3611 τῆς

344 3635 526 3705 δνίξης,
560 3652 578 3685 ι
631 3633 1015 3687 ἐπυνθάνοντο.
1066 3631 1419 3703 ’Υψηλοτέρῳ
1466 3631 1522 3685 δὲ
1568 3632 1757 3704 τρόπῳ
1799 3633 1929 3686 ἀνα-

308 3773 319 3782 .
345 3726 625 3778 ϐαίνουσιν
663 3724 712 3776 οἱ
758 3723 978 3792 ἄγγελοι
1010 3727 1128 3787 ταῖς
1161 3723 1273 3778 ἀνω
1307 3723 1564 3794 θεωρίαις
1619 3739 1929 3794 καταστρα-

347 3819 612 3886 πτόμενοι
648 3815 784 3887 πρὸς
831 3817 893 3869 τὸ
945 3816 1080 3884 ὕψος
1129 3817 1228 3886 τῆς
1279 3817 1434 3881 θείας
1485 3818 1776 3887 περιωπῆς
1827 3819 1926 3888 τῆς

347 3912 636 3984 τριαδικῆς
663 3911 913 3972 ὲνὼσεως
933 3913 1026 3963 καὶ
1055 3912 1184 3980 μιᾶς
1214 3911 1390 3981 ἀρχῆς
1408 3925 1425 3942 ο
1451 3910 1926 3981 ἀνθυποφέρονται

346 4003 402 4056 δὲ
444 4002 871 4066 καταϐαίνοντες
897 4004 1035 4073 πρὸς
1083 4001 1144 4054 τὸ
1190 4001 1355 4070 βάθος
1386 4002 1488 4070 τῆς
1534 4003 1779 4074 ἀρρήτου
1831 4002 1924 4056 τοῦ

347 4096 511 4163 λόγου
563 4093 900 4165 σαρκώσεως
932 4134 948 4160 ,
998 4093 1094 4146 ἕνα
1145 4095 1212 4163 τῇ
1262 4093 1560 4149 ὑποστάσει
1619 4095 1713 4148 τὸν
1763 4093 1926 4147 αὐτὸν

351 4186 586 4257 ὁρῶντες
608 4187 752 4252 μετά
782 4184 880 4255 τὴν
902 4184 1122 4240 ἕνωσιν.
1155 4184 1463 4249 Μανθάνεις
1503 4186 1612 4258 γὰρ
1651 4186 1926 4253 ἐντεῦθεν,

355 4277 430 4340 ὡς
460 4277 579 4330 οὐδὲ
608 4277 831 4346 ἄγγελοι
865 4277 1122 4331 δύνανται
1143 4277 1482 4332 καταλαϐεῖν
1512 4279 1612 4348 τῆς
1637 4277 1791 4342 θείας
1823 4277 1927 4347 φύ-

355 4385 494 4430 σεως
523 4366 585 4419 τὸ
617 4368 942 4438 μυστήριον,
970 4367 1106 4421 ἀλλά
1140 4370 1234 4422 καὶ
1256 4364 1401 4424 οὗτοι
1433 4370 1788 4423 ἀναϐαίνουσι
1826 4369 1927 4440 μὲν

348 4453 438 4510 οἷα
469 4459 589 4519 νὸες
616 4457 956 4529 ὑψηλότερον
985 4460 1084 4529 τῆς
1113 4459 1466 4529 ἀνθρωπίνης
1499 4459 1789 4521 ἀσθενείας
1828 4474 1928 4512 κα·

2033 3267 2100 3321 iis
2127 3267 2324 3328 solum,
2353 3268 2444 3336 qui
2485 3265 2552 3320 ad
2582 3265 2687 3320 hoc
2727 3265 3159 3320 subservierunt.
3207 3261 3308 3327 Qui
3360 3258 3603 3329 profecto

2030 3357 2083 3411 iu
2108 3355 2443 3410 Ascensione
2469 3354 2630 3410 simul
2663 3371 2782 3408 cum
2819 3355 2935 3424 ipso
2979 3355 3032 3408 in
3069 3353 3267 3408 cmlum
3297 3359 3602 3404 revertente

2031 3447 2420 3512 ascendebant,
2449 3449 2708 3502 cmleStes
2744 3457 2929 3517 portas
2965 3447 3380 3516 tollijubeutes;
3408 3443 3605 3513 quibus

2029 3554 2161 3596 vero
2187 3539 2501 3608 mysterium
2533 3549 2651 3594 erat
2684 3539 2951 3608 ignotum,
2973 3540 3026 3594 hi
3055 3555 3184 3594 sane
3208 3538 3603 3594 descendentes

2030 3630 2491 3701 interrogabant:
2544 3650 2562 3683 ι
2601 3631 2736 3696 Quis
2788 3642 2873 3686 est
2925 3631 3028 3686 iste
3080 3630 3198 3686 Rex
3259 3628 3595 3708 gloriaa‘nr

2028 3723 2240 3779 Altiore
2275 3739 2408 3778 vero
2447 3738 2611 3778 sensu
2645 3723 2949 3778 ascendunt
2973 3723 3149 3794 angeli
3185 3723 3442 3792 supernis
3471 3736 3604 3776 con-

2030 3817 2472 3886 templatiouibus
2541 3816 2798 3870 illustrati
2875 3817 2940 3869 ad
3003 3815 3201 3870 divina:
3255 3813 3604 3868 celsitudinis

2028 3909 2236 3978 apicem
2284 3906 2419 3978 (84),
2468 3908 2570 3961 hoc
2617 3915 2700 3960 est
2760 3906 3156 3975 singularitatis
3206 3907 3258 3959 in
3310 3903 3601 3969 Trinitate,

2030 3998 2302 4067 uniusque
2335 3997 2612 4067 principii.
2639 3997 3019 4066 Subjiciuntur
3054 4011 3182 4049 vero
3211 3995 3605 4050 descendentes

2029 4091 2096 4144 ad
2139 4089 2466 4160 profundum
2519 4088 2808 4143 ineffabilis
2865 4086 3022 4143 Verbi
3064 4087 3464 4142 [incarnationis
3489 4101 3604 4156 my-

2029 4184 2306 4249 sterium,
2371 4197 2492 4236 cum
2553 4181 2702 4236 illum
2760 4182 2935 4250 ipsum
2985 4189 3109 4248 post
3161 4179 3601 4248 coniunctionem

2031 4290 2202 4328 unum
2241 4274 2522 4344 hypostasi
2554 4275 2754 4328 vident.
2809 4273 2986 4329 Discis
3019 4274 3182 4328 etiam
3228 4273 3376 4337 hinc,
3427 4284 3604 4338 neque

2029 4367 2251 4436 angelos
2286 4366 2482 4420 divina:
2536 4375 2744 4420 natura:
2778 4368 3096 4437 mysterium
3155 4381 3313 4435 posse
3352 4376 3602 4428 compre-

2030 4455 2270 4510 heudere
2291 4496 2307 4522 ,
2340 4457 2434 4510 sed
2468 4457 2570 4511 hos
2619 4467 2802 4524 utpote
2837 4471 3000 4526 puras
3037 4468 3246 4510 mentes
3276 4455 3438 4509 altius
3470 4467 3604 4507 sane

346 4547 813 4619 ταλαμϐάνοντες,
851 4550 1248 4604 καταϐαίνουσι
1272 4549 1329 4602 δὲ
1353 4551 1447 4603 καὶ
1470 4548 1790 4620 αὑτοὶπρδς
1829 4549 1920 4602 τὸν

2029 4564 2190 4620 quam
2227 4549 2466 4602 humana
2510 4546 2856 4601 imbecillitas
2891 4547 3082 4617 possit,
3114 4545 3412 4601 ascendere
3444 4559 3458 4598 :
3507 4543 3606 4598 de-

348 4642 734 4712 ἀκατάληπτον
774 4642 981 4712 φθάσαι
1033 4642 1109 4714 μὴ
1158 4643 1524 4713 ἐξισχύοντες.
1575 4643 1760 4697 Ταῦτα
1824 4647 1922 4717 μὲν

349 4737 498 4806 ἡμᾶς
524 4737 588 4790 τὸ
622 4737 767 4808 ἱερὸν
795 4736 1272 4808 ἑμυσταγὼγησεν
1305 4735 1659 4806 Εὐαγγέλιον.

423 5005 469 5038 ⁵⁸
501 5003 667 5063 Hebr.
704 5022 744 5072 ι,
777 5006 868 5064 Η.
944 5007 990 5040 ⁵⁸
1010 5005 1158 5061 Psal.
1189 5021 1348 5074 nm,
1381 5007 1467 5063 l0.

2030 4642 2291 4696 scendere
2322 4655 2450 4694 vero
2495 4640 2660 4693 etiam
2703 4640 2870 4709 ipsos,
2911 4655 3034 4693 cum
3068 4639 3135 4692 ad
3187 4636 3605 4706 incomprehen-

2033 4734 2247 4789 sibilem
2284 4735 2568 4803 pervenire
2601 4750 2707 4788 non
2743 4735 2979 4789 valeant.
3021 4736 3100 4790 Ac
3138 4735 3204 4790 de
3245 4735 3332 4789 his
3380 4732 3602 4800 quidem

2038 4842 2140 4882 nos
2178 4843 2394 4884 sacrum
2438 4829 2790 4899 Evangeliqu
2823 4828 3038 4884 edocet.

1575 5101 1901 5165 Francisci
1937 5103 2150 5167 Scorsi
2185 5112 2373 5167 nota).

447 5224 535 5291 8i)
577 5222 769 5278 Carnis
795 5232 990 5276 nostra:
1016 5238 1262 5278 massam.
1289 5222 1364 5278 lla
1398 5221 1610 5278 locutus
1639 5223 1726 5278 hic
1751 5222 1911 5279 Pater

352 5295 499 5350 hom.
531 5295 600 5350 58
629 5305 681 5346 et
712 5294 802 5357 59,
831 5292 898 5346 ad
927 5307 1060 5362 quas
1093 5293 1210 5345 vide
1242 5305 1397 5346 natas
1433 5292 1502 5348 88
1524 5301 1580 5347 et
1614 5292 1701 5346 Η».

445 5365 534 5430 82)
583 5363 684 5416 Per
713 5361 956 5416 unionem
997 5361 1276 5427 deiﬁcavit.
1309 5362 1532 5425 Θεὼσας
1561 5362 1637 5416 ait
1672 5362 1916 5428 Graecus,

357 5451 464 5503 quo
500 5450 639 5503 vero
669 5448 830 5486 sensu
864 5433 984 5503 vide
1013 5432 1078 5485 ad
1116 5432 1264 5503 hom.
1293 5431 1361 5486 56
1382 5473 1396 5496 ,
1438 5443 1550 5503 not.
1587 5431 1679 5503 65.

431 5505 544 5574 (85)
588 5500 709 5555 Non
738 5502 974 5574 omnibus
1005 5499 1254 5574 angeljcis
1289 5502 1599 5574 virtutibus.
1626 5502 1700 5558 De
1730 5504 1830 5558 hac
1862 5519 1921 5558 re

355 5571 567 5644 longius
597 5573 816 5644 disserit
847 5573 984 5644 idem
1023 5574 1106 5624 hic
1137 5571 1322 5644 Pater,
1357 5573 1504 5644 hom.
1543 5573 1636 5637 59,
1691 5589 1812 5644 qua
1838 5581 1920 5629 est

355 5651 418 5701 de
447 5639 778 5705 dscensione,
812 5639 876 5694 ad
907 5657 1065 5708 quam
1099 5642 1220 5693 vide
1253 5651 1364 5693 not.
1399 5641 1490 5694 35.

427 5713 540 5782 (84)
578 5712 660 5782 Ad
706 5712 895 5782 divinis
928 5710 1267 5782 celsitudinis
1317 5713 1539 5782 apicem.
1591 5721 1778 5768 braa‘e
1835 5723 1922 5768 est

359 5779 500 5853 Πρξς
524 5779 600 5834 ’τὸ
625 5779 761 5850 ὕψος
788 5780 889 5850 τῆς
921 5779 1075 5853 θείας
1095 5780 1402 5853 περιωπῆς.
1451 5781 1516 5836 Et
1564 5797 1694 5838 sane
1723 5799 1916 5837 nomen

363 5851 616 5928 πέριωπή
648 5853 865 5924 proprie
899 5851 1194 5922 speculam,
1223 5861 1276 5906 et
1314 5851 1492 5908 locum
1526 5853 1915 5910 cditisssimum

2020 5228 2162 5280 unde
2214 5226 2554 5295 circumspici
2597 5227 2649 5281 in
2675 5239 2865 5282 omnes
2892 5225 3096 5295 plagas,
3141 5233 3196 5278 et
3239 5222 3408 5295 longe
3477 5221 3612 5291 capi

2030 5307 2352 5366 prospectus
2394 5293 2586 5366 possit,
2633 5295 2905 5366 significat
2936 5313 2950 5350 :
2984 5293 3079 5351 sed
3130 5293 3395 5366 explicavi
3429 5303 3605 5346 meta-

2032 5363 2281 5434 phoram,
2317 5363 2438 5422 cuiu
2487 5368 2620 5420 verti
2672 5363 2918 5431 apicem;
2955 5367 3250 5436 potuissem
3305 5363 3609 5436 enirnspe:

2031 5429 2230 5498 calam,
2255 5429 2297 5490 si
2334 5437 2485 5490 verbi
2518 5429 2722 5490 sonum
2740 5429 3034 5491 voluissem
3064 5434 3391 5502 exprimere.
3429 5429 3612 5484 Simili

2033 5506 2350 5574 metaphora
2377 5507 2429 5560 in
2467 5521 2525 5560 re
2556 5507 2759 5574 dispari
2787 5521 2917 5559 usus
2943 5500 3310 5575 Theophanes
3329 5500 3606 5575 Nicaenus,

2031 5569 2196 5644 epist.
2226 5577 2282 5638 5,
2317 5577 2411 5630 ubi
2446 5569 2679 5644 loquitur
2729 5578 2794 5629 de
2815 5577 3074 5643 dignitate
3096 5569 3466 5644 sacerdotis:
3513 5571 3604 5644 Et;
3689 5575 3694 5582 ‘

2030 5640 2288 5713 τοιαύτην
2317 5640 2632 5716 περιωπήν,
2657 5647 2754 5700 καὶ⁵
2786 5640 2946 5708 δοξαν
2967 5644 3291 5716 ἀνείκαστον
3308 5656 3333 5716 °_
3363 5640 3444 5692 Ad
3497 5640 3614 5716 tale

2031 5710 2324 5786 cacumen,
2387 5710 2435 5770 et
2499 5710 2960 5785 incomparabilem
3012 5715 3258 5786 gloriam.
3318 5710 3397 5766 Ita
3443 5711 3611 5766 vertis

2028 5785 2247 5844 Consal.
2287 5785 2486 5846 Pouce.
