3974 6220
213 187 306 256 8θῖ
1611 189 1949 255 HOMILIA
1983 193 2054 255 L.
3367 195 3474 260 898

209 319 328 374 τωρ,
361 302 407 356 si
426 301 594 368 δοκεῖ,
623 303 852 373 λογικῆς
913 304 1044 376 ὑμῖν
1067 302 1388 367 πανδαισίας
1445 303 1774 375 γενήσομαι.

1894 319 1916 360 3
1961 317 2136 360 ccetus
2184 304 2295 360 Deo
2345 303 2734 370 dilectissime,
2785 306 3110 364 concelebro
3162 307 3463 364 solemnem

221 394 389 464 Ὑμεῖς
416 395 473 448 δὲ
495 395 570 460 ὡς
607 396 934 466 δαιτυμόνες
989 396 1272 450 σπουδαῖοι
1335 394 1457 466 μεθ’
1482 395 1676 467 ἡδονῆς
1706 397 1777 451 τὰ

1900 413 2029 451 tunc
2079 397 2221 451 diem
2247 437 2263 463 ,
2295 408 2349 452 et
2392 399 2651 468 patriam,
2683 400 2908 454 charum
2960 400 3158 466 solum,
3195 401 3469 471 aspiciens

210 487 518 557 προτεθέντα
547 488 921 554 εἰσδέξασθαι,
951 490 1046 542 καὶ
1081 487 1396 557 ,ἁρπαλέως
1447 487 1589 541 αὐτὰ
1655 490 1771 552 τοῖς

1899 505 1994 542 .atn
2037 488 2288 560 religiose
2336 500 2654 544 sanctorum
2718 493 3036 546 memoria‘m
3079 493 3468 559 celebrantem,

205 579 299 648 τῆς
365 579 620 642 διανοίας
676 579 858 633 ὀδοῦσι
919 581 1262 646 κατέδοντες,
1332 579 1400 632 ἵν’
1444 577 1774 649 ἀπέλθοιμεν

1900 579 2080 636 ιη’ρωι·
2109 582 2339 648 gaudio.
2377 591 2428 635 et
2459 581 2698 636 exsulto.
2735 583 2998 652 Equidem
3037 599 3137 654 ego
3183 586 3469 642 rationalis

205 671 439 724 ἐντεῦθεν
463 673 899 742 καρπωσάμενοι
929 671 1028 742 τῆς
1091 673 1272 742 ψυχῆς
1331 670 1430 742 τὴν
1473 670 1772 739 ὠφέλειαν.

1891 670 2130 740 hujusce,
2162 673 2402 742 lautique
2429 675 2660 728 convivii
2689 684 2896 743 patrem
2931 691 3018 730 me
3049 677 3227 743 vobis,
3263 679 3307 732 si
3345 680 3460 747 pla-

209 767 330 834 ’Δγε
359 765 420 826 δὴ
470 765 532 817 τὸ
579 765 724 834 ἱερὸν
787 765 1201 835 ἀναπτήξαντες
1261 763 1630 832 Εὐαγγέλιον,
1675 761 1776 825 τὰς

1894 775 1992 832 cet,
2020 767 2287 820 exhibeo:
2323 783 2420 821 vos
2451 783 2580 822 vero
2609 768 2683 821 uti
2716 768 2944 822 studiosi
2973 770 3220 824 conviva:
3254 779 3307 823 et
3340 785 3463 824 cum

197 855 616 926 ἀναγνωσθείσας
649 858 782 926 ἡμῖν
817 857 1031 928 ὑψηλὰς
1056 857 1312 928 θεωρίας,
1371 857 1446 922 ὡς
1515 857 1764 924 δυνατὸν,

1898 856 2195 926 voluptate,
2232 872 2351 926 qua:
2387 867 2513 912 sunt
2557 860 2799 927 apposita
2823 899 2840 924 ,
2873 861 3054 925 capite
3078 901 3092 925 ,
3118 861 3467 930 jucundeque

199 947 616 1018 ἀνιχνεύσωμεν.

1895 945 2132 1002 lentibus
2189 947 2559 1020 intelligentia:
2604 952 2963 1016 manducate,
2998 962 3058 1006 ut
3107 954 3235 1007 hinc
3283 953 3464 1021 aliqua

197 1044 374 1096 animae
438 1043 673 1097 utilitate
734 1053 990 1114 percepta
1045 1043 1401 1099 decedamus.
1463 1044 1577 1112 Age
1630 1055 1762 1112 ergo
1802 1054 2022 1095 sacrum
2098 1042 2452 1113 Evangelium
2502 1044 2839 1114 explicantes
2908 1047 3170 1101 sublimes
3217 1059 3466 1103 conteru-

196 1135 440 1204 plationes
474 1149 540 1188 ex
581 1135 651 1188 iis
682 1149 800 1203 quae
836 1134 974 1190 lecta
1007 1145 1153 1199 sunt,
1188 1143 1454 1203 quantum
1492 1135 1544 1188 in
1590 1115 1754 1189 nobis
1794 1132 1924 1196 erit,
1956 1133 2352 1198 investigemus
2386 1137 2455 1190 “.
2803 1131 2808 1136 ’

263 1227 341 1298 Τῷ
372 1227 548 1299 καιρῷ
581 1228 781 1298 ἐκείνῳ
817 1246 836 1280 ι
885 1230 1143 1300 Είστήκει
1173 1230 1200 1280 δ
1239 1228 1516 1296 Ἰωάννης,
1564 1229 1660 1283 καὶ
1703 1229 1768 1280 ὲκ

1945 1226 2106 1299 343
2144 1229 2202 1284 lu
2266 1230 2357 1286 illo
2406 1239 2651 1302 tempore
2711 1250 2732 1284 ‹
2772 1232 2936 1288 Stetit
2974 1232 3250 1301 Joannes,
3290 1245 3347 1288 et
3395 1244 3461 1291 ex

192 1320 294 1375 τῶν
316 1320 568 1391 μαθητῶν
597 1321 766 1375 αὐτοῦ
796 1321 892 1375 δύο
918 1338 930 1352 ·
970 1322 1068 1376 καὶ
1132 1320 1414 1392 ὲμὸλέψας
1468 1321 1548 1392 τῷ
1581 1321 1761 1392 Ἰησοῦ

1885 1317 2152 1387 liscipulis
2183 1318 2302 1387 ejus
2346 1319 2450 1373 duo
2471 1358 2486 1382 .
2516 1329 2571 1374 et
2622 1321 2919 1390 respiciens
2948 1321 3133 1378 Jesum
3167 1325 3454 1379 ambulan-

191 1415 599 1483 περιπατοῦντι,
623 1413 774 1481 λέγει
801 1429 816 1444 ο
850 1414 957 1468 Ἴδε
984 1415 1013 1467 ό
1061 1413 1256 1485 Ἀμνδς
1285 1412 1380 1467 τοῦ
1413 1413 1551 1467 Θεοῦ
1587 1429 1603 1445 ο
1665 1412 1760 1468 καὶ

1878 1419 2012 1472 lem.
2040 1410 2217 1468 dicit:
2254 1411 2393 1466 Ecce
2427 1415 2633 1482 {Agnus
2684 1414 2822 1479 Dei,
2870 1425 2924 1470 et
2982 1415 3270 1470 audierunt
3326 1433 3447 1471 eum

189 1507 417 1577 ἥκουσαν
442 1506 610 1560 αὑτοῦ
634 1509 682 1560 oi
713 1507 809 1560 δύο
841 1507 1087 1578 μαθηταὶ
1151 1503 1465 1572 λαλοῦντος,
1493 1507 1587 1561 καὶ
1627 1509 1758 1577 ἡκο-

1886 1501 1976 1557 luo
2019 1503 2272 1572 discipuli
2331 1505 2643 1574 loquentem
2702 1513 2758 1560 et
2804 1507 2974 1561 secuti
3026 1516 3152 1561 sunt
3187 1507 3394 1563 Jcsum.
3435 1527 3455 1560 ι

189 1598 448 1668 λούθησαν
479 1597 559 1667 τῷ
610 1599 812 1668 Ἰησοῦ.
856 1617 875 1650 ι
947 1597 1099 1668 Ἀρτι
1162 1596 1260 1649 τοῦ
1313 1599 1619 1668 προφήτου,
1674 1597 1758 1651 καλ

1887 1591 2006 1646 Cum
2030 1594 2142 1661 jam
2175 1594 2264 1649 ille
2286 1596 2544 1664 propheta
2577 1595 2827 1666 idemque
2854 1613 3032 1666 praeco
3058 1610 3111 1652 et
3139 1597 3456 1657 Przecursor

186 1693 443 1760 κήρυκος,
496 1680 592 1742 καὶ
625 1690 964 1761 Προδρόμου,
1003 1688 1098 1743 καὶ
1137 1689 1448 1744 Βαπτιστοῦ
1500 1690 1599 1753 τὰς
1629 1691 1755 1760 ἐρη-

1889 1685 2184 1754 ιιΒιψιίεια
2236 1687 2289 1740 in
2321 1701 2504 1741 eremo
2554 1690 2888 1758 commorari
2956 1691 3244 1754 desiisset.
3292 1704 3343 1747 et
3392 1694 3458 1748 ad

187 1781 751 1853 μικὰς⁶ἀπολιπόντος
812 1782 1116 1852 διατρισὰς,
1175 1784 1273 1836 καὶ
1320 1783 1419 1846 τὰς
1490 1783 1756 1854 Ἰορδάνου

1896 1773 2116 1828 ordanis
2181 1773 2381 1828 ﬂumen
2438 1773 2788 1842 advenisset,
2841 1794 3077 1848 cumque
3139 1783 3460 1849 splendores

181 1875 573 1938 καταλαϐόντος
601 1876 751 1944 ῥοὰς,
789 1877 884 1928 καὶ
908 1875 1262 1945 ὲκφαίνοντος
1291 1878 1391 1940 τὰς
1425 1875 1540 1946 ,τῆς
1575 1892 1747 1944 μετα-

1890 1867 2198 1922 ιωηίιθιιιὶαι
2232 1869 2591 1931 ostenderet,
2625 1881 2679 1922 et
2725 1885 2846 1938 quae
2878 1871 2947 1925 ab
2998 1872 3284 1929 Salvatore
3315 1875 3459 1930 dicta

182 1966 330 2029 νοίας
355 1967 550 2034 αὐγὰς,
587 1968 683 2020 καὶ
709 1968 1038 2038 τρανοῦντος
1070 1967 1170 2031 τὰς
1195 1967 1326 2038 περὶ
1363 1967 1458 2021 τοῦ
1489 1967 1746 2037 Σωτῆρος

1884 1956 2078 2012 ’uerant
2105 1999 2122 2023 ,
2152 1960 2204 2013 in
2235 1970 2483 2028 apertum
2511 2000 2526 2025 ,
2579 1959 2863 2029 lucemque
2917 1961 3228 2030 proferret,
3260 1965 3326 2017 ad
3361 1966 3453 2019 ba-

183 2058 385 2126 φωνὰς,
419 2059 679 2130 συνέῥρεε
712 2059 814 2129 μὲν
857 2061 885 2113 ὁ
938 2058 1066 2122 λαὸς
1121 2059 1260 2130 πρὸς
1317 2059 1380 2112 τὸ
1452 2058 1752 2130 βάπτισμα.

1889 2049 2122 2103 uisurum
2154 2051 2383 2119 populus
2414 2049 2752 2107 conﬂuebat.
2793 2053 2954 2107 Venit
2987 2069 3115 2107 vero
3147 2055 3310 2110 etiam
3342 2057 3458 2125 ipse

184 2149 446 2220 Ἔρχεται
478 2150 533 2202 δὲ
568 2150 665 2202 καὶ
691 2149 854 2213 αὐτὸς
882 2152 909 2202 ὁ
936 2150 1219 2220 Δεσπότης
1237 2151 1397 2221 ἡμῶν
1439 2150 1639 2220 Ἰησοῦς
1667 2150 1753 2204 καὶ

1885 2141 2130 2195 )ominus
2163 2153 2346 2196 noster
2377 2141 2557 2206 Jesus,
2590 2153 2643 2199 et
2682 2145 2850 2212 ipsius
2875 2143 3132 2214 Baptistae
3159 2164 3320 2200 manu
3343 2148 3454 2217 (88)

175 2246 554 2314 χειραπτεῖται
584 2246 650 2314 τῇ
673 2244 908 2315 παλάμῃ
966 2242 1061 2297 τοῦ
1103 2242 1438 2307 Βαπτιστοῦ,
1476 2242 1744 2312 καθαίρωε

1885 2234 2220 2304 :ontingitur,
2254 2249 2341 2288 me
2370 2237 2595 2288 omnino
2639 2250 2738 2304 per
2777 2234 2930 2289 illum
2966 2237 3290 2305 baptismum
3323 2254 3454 2304 pur-

176 2337 399 2397 πάντως
438 2336 538 2403 ἐμὲ
578 2335 666 2389 διὰ
697 2335 793 2390 τοῦ
850 2336 1234 2406 βαπτίσματος
1267 2350 1282 2365 ⁶
1314 2336 1376 2388 οὐ
1405 2336 1513 2404 γὰρ
1547 2337 1745 2399 ἐκεῖνος

1886 2339 2042 2393 ξοπιες
2090 2339 2262 2394 neque
2294 2325 2439 2378 enim
2481 2326 2827 2396 purgationis
2875 2326 3172 2395 indigebat.
3217 2329 3455 2384 Joannes

169 2426 351 2496 δήπου
391 2426 562 2479 ἐδεῖτο
601 2426 948 2498 καθάρσεως.
994 2427 1052 2480 Ὀ
1085 2427 1183 2498 μὲν
1222 2426 1316 2480 οῦν
1358 2428 1610 2497 Ἰωάννης
1634 2427 1738 2481 καί

1887 2409 2033 2484 gitur
2061 2433 2370 2487 quanquam
2424 2417 2574 2471 illum
2618 2432 2684 2471 ex
2730 2419 2920 2472 matris
2954 2429 3142 2474 ventre
3192 2423 3451 2487 novisset,

176 2533 289 2586 περ
322 2516 473 2578 εἰδὼς
513 2518 676 2570 αὐτὸν
733 2521 795 2571 ἐκ
850 2519 1111 2588 γαστρὸς,
1174 2520 1270 2571 καὶ
1307 2520 1668 2589 μαρτυρήσας
1699 2521 1745 2572 ὲ)

1886 2517 1920 2562 ιι
1950 2519 2242 2577 antequam
2294 2511 2464 2564 solem
2513 2509 2782 2576 aspiceret
2807 2549 2823 2574 ,
2855 2519 3082 2565 testatus
3119 2512 3268 2565 illum
3308 2523 3455 2570 esset

172 2607 371 2677 νηδύος
397 2609 529 2680 πρὶν
551 2609 615 2679 δὴ
649 2611 741 2662 καὶ
770 2610 964 2679 βλέψαι
994 2611 1085 2663 τὸν
1104 2611 1281 2680 ἥλιον,
1343 2611 1496 2679 ὅμως
1539 2609 1728 2679 βεόαιό

1884 2617 1933 2657 ιι
1971 2614 2148 2668 utero,
2186 2620 2309 2657 cum
2341 2614 2518 2657 tamen
2552 2601 2787 2671 Spiritus
2835 2616 3057 2659 sanetus
3105 2605 3158 2658 in
3192 2607 3453 2661 columba!

167 2716 338 2767 τερος
375 2701 586 2768 γίνεται
633 2706 697 2771 τῇ
751 2705 807 2754 ἐν
847 2703 978 2755 εἴδει
1034 2705 1369 2772 περιστερᾶς
1420 2705 1736 2775 ὲπιφοιτήσε

1883 2697 2050 2763 specie
2095 2712 2263 2766 super
2287 2714 2412 2751 eum
2445 2699 2632 2763 venit,
2689 2707 2744 2752 et
2778 2697 2944 2753 Pater
2975 2709 3204 2753 testatus
3233 2709 3316 2752 est
3352 2699 3452 2754 de-

157 2793 268 2844 τοῦ
306 2794 647 2863 Πνεύματος,
686 2799 779 2847 καὶ
809 2798 876 2866 τῇ
906 2794 1114 2849 ἄνωθεν
1145 2793 1241 2848 τοῦ
1283 2795 1503 2866 [ἰατρὸς
1543 2812 1725 2866 μαρτυ

1882 2803 2064 2857 super,
2096 2790 2305 2843 iirrnior
2346 2791 2396 2843 in
2431 2787 2546 2857 ejus
2592 2790 2903 2859 cognitione
2937 2790 3295 2858 stabiliorqne
3324 2806 3451 2859 per-

161 2886 286 2956 ριᾳ,
321 2888 415 2938 καὶ
442 2886 656 2940 ἵσταται
686 2889 1056 2958 ἑδραιότερος.
1089 2887 1263 2941 Τοῦτο
1292 2887 1402 2958 γὰρ
1427 2886 1652 2959 ᾐνίξατο
1667 2888 1730 2941 διε

1880 2883 2037 2937 sistit.
2072 2883 2183 2938 Hoc
2210 2885 2352 2937 enim
2396 2887 2632 2951 quodam
2682 2885 2833 2950 quasi
2878 2885 3168 2952 aenigmate
3221 2883 3449 2941 involvit

155 2977 266 3046 τῆς
298 2977 539 3040 στάσεως
562 2979 622 3031 τὸ
649 2980 795 3050 ίερξν
819 2979 1171 3048 Εὑαγγέλιον.
1193 2979 1412 3049 Ἐπειδὴ
1432 2981 1543 3048 γὰρ
1584 2980 1724 3033 πολλη

1877 2990 1918 3028 ηιι
1953 2976 2122 3030 verbo
2156 2976 2336 3030 standi
2377 2975 2750 3042 livangelium.
2801 2977 3067 3041 Quoniam
3099 2975 3244 3029 enim
3281 2977 3446 3030 multa

157 3070 294 3140 περὶ
326 3070 562 3140 Χριστοῦ
591 3072 858 3142 πρότερον
907 3072 1130 3141 εἴρηκεν
1159 3084 1174 3100 ⁶
1209 3088 1228 3122 ι
1266 3073 1380 3124 Οὐκ
1423 3073 1541 3140 είμί
1599 3071 1710 3138 ἐγὼ

1882 3079 1994 3125 inte
2033 3071 2098 3123 de
2149 3071 2366 3124 Christo
2415 3070 2629 3123 dixerat
2671 3085 2687 3122 :
2741 3087 2759 3120 ι
2803 3068 2916 3122 Non
2968 3087 3086 3124 sum
3139 3085 3239 3139 ego
3289 3071 3451 3126 Chri-

152 3163 422 3230 Χριστὸς,
445 3182 462 3214 ι
510 3164 624 3231 καὶ,
652 3184 669 3215 ι
721 3165 1392 3236 Ἐρχεταιὸίσχυρότερός
1423 3183 1550 3234 μου,
1593 3185 1611 3218 ι
1645 3167 1721 3218 κα¹

1879 3174 1984 3218 ilus
2010 3162 2086 3228 ‘7;
2124 3182 2142 3214 ι
2173 3172 2230 3218 et
2278 3181 2292 3218 :
2335 3182 2352 3214 ι
2392 3163 2609 3218 Fortior
2640 3179 2723 3216 tne
2757 3163 2900 3216 venit
2936 3162 3021 3228 ⁶⁸;
3061 3183 3076 3212 ι
3122 3174 3178 3216 et
3223 3180 3236 3217 :
3291 3182 3309 3215 ι
3345 3164 3448 3229 Qui

157 3270 179 3303 ι
219 3252 287 3304 '0
305 3253 602 3323 ἐρχόμενος
636 3256 811 3307 ὀπίσω
841 3273 941 3325 μου
992 3255 1301 3326 ἔμπροσθέν
1366 3273 1470 3324 μου
1518 3256 1726 3325 γέγονεη

1876 3267 1991 3325 post
2016 3273 2100 3310 me
2130 3260 2314 3321 venit,
2349 3268 2478 3310 ante
2509 3271 2592 3309 me
2624 3256 2800 3309 factus
2832 3264 2956 3318 est,
3007 3253 3169 3322 cujus
3204 3271 3304 3324 ego
3336 3271 3445 3310 non

146 3346 236 3408 ὠς
265 3347 343 3416 μὴ
369 3346 633 3401 δύνασθαί
669 3365 735 3417 με
765 3349 857 3401 τὸν
890 3349 1090 3419 ἱμάντα
1120 3348 1301 3413 λῦσαι,
1325 3350 1418 3400 τὸν
1447 3348 1715 3418 δεσμοῦντ

1876 3363 1986 3401 sum
2021 3349 2216 3418 dignus
2272 3357 2332 3401 ut
2382 3348 2588 3402 solvam
2637 3347 2757 3416 ejus
2803 3348 3091 3416 corrigiam
3139 3347 3445 3402 calcanten-

149 3436 360 3489 τούτου
391 3439 453 3490 τὸ
483 3437 723 3492 πέδιλον.
767 3458 786 3490 ι
825 3439 936 3492 Καὶ
998 3440 1105 3509 μὴν
1145 3441 1244 3492 καὶ
1303 3441 1606 3510 πνεύματι,
1659 3457 1718 3492 κο

1872 3442 1904 3494 ti
1936 3440 2000 3492 ".
2043 3459 2063 3492 ι
2119 3439 2185 3493 Ει
2217 3455 2347 3494 vero
2376 3441 2553 3509 ipsum
2585 3443 2634 3492 in
2680 3441 2886 3510 Spiritu
2931 3451 2984 3494 et
3019 3442 3126 3510 igni
3159 3440 3441 3506 baptizare

148 3531 298 3600 πυρὶ
334 3528 620 3593 βαπτίζειν
649 3526 805 3584 εἶπεν
831 3532 1018 3592 αὑτὸν,
1053 3533 1147 3585 καὶ⁷
1172 3526 1261 3586 οἷα
1291 3533 1459 3586 πτύον
1510 3533 1612 3601 τὴν
1655 3549 1717 3584 κα

1874 3535 2076 3588 .lixerat
2106 3533 2153 3564 ⁸⁸
2178 3571 2195 3599 ,
2232 3541 2286 3586 et
2319 3533 2473 3598 quasi
2521 3533 2884 3586 vemilalirmn
2917 3531 3178 3602 purgandi
3215 3531 3443 3585 faculta-

140 3623 430 3693 θαρτικὴν
453 3625 640 3695 φέρειν
683 3623 934 3693 δύναμιν,
962 3626 1071 3677 ἀπὶ)
1119 3623 1213 3677 τοῦ
1287 3624 1596 3694 εὐχρήστου
1619 3625 1705 3676 δια

1875 3642 1968 3680 em
2001 3626 2043 3659 “
2069 3665 2085 3691 ,
2133 3632 2192 3680 et
2221 3622 2374 3679 utilis
2401 3625 2466 3677 ab
2501 3623 2676 3676 inutili
2715 3625 3033 3677 secernendi
3066 3624 3118 3676 in
3149 3639 3311 3677 manu
3348 3625 3444 3680 Ita-

141 3711 368 3779 ροῦσαν
397 3712 460 3764 τὸ
480 3711 782 3783 ἄχρηστον.
817 3713 927 3766 Καὶ
964 3731 982 3764 t
1021 3714 1129 3766 Ἴδε
1167 3714 1195 3766 ό
1239 3714 1436 3784 Ἀμνὸς
1465 3713 1561 3767 τοῦ
1593 3713 1710 3766 Θεοί

1870 3727 2095 3783 υετο;ει
2141 3733 2156 3772 :
2217 3735 2236 3770 ι
2278 3716 2422 3772 Ecce
2465 3732 2641 3784 agnus
2689 3715 2781 3769 Dei
2830 3716 2919 3785 qui
2974 3716 3111 3770 tollit
3158 3727 3439 3782 peccatum

127 3804 167 3856 ὁ
199 3805 388 3874 αἴρων
412 3804 513 3874 τὴν
541 3806 818 3875 ἁμαρτίαν
865 3805 958 3858 τοῦ
985 3807 1194 3875 κόσμου
1225 3819 1242 3836 ⁸
1283 3825 1302 3859 ι
1335 3808 1393 3860 ὲν
1411 3806 1584 3877 ταύτῃ
1606 3805 1696 3859 aea

1874 3809 2047 3870 mundi
2076 3808 2160 3875 δίς
2205 3825 2224 3858 ι
2277 3822 2404 3860 cum
2438 3806 2604 3875 igitur
2647 3806 2938 3860 admodum
2984 3805 3211 3858 lirtniter
3252 3807 3302 3858 in
3340 3805 3443 3859 hac

132 3897 446 3968 μαρτυρίᾳ
505 3897 649 3966 μάλα
697 3897 944 3969 στερῤὦς
1019 3895 1270 3968 ἑστηκὼς
1358 3897 1698 3968 ἀμετεωρίστ

1872 3899 2251 3955 testiﬁcatione
2301 3897 2623 3966 persisteret
2653 3938 2668 3962 ,
2722 3913 2820 3950 nec
2871 3897 2990 3962 ejus
3033 3896 3246 3950 excelsa
3283 3913 3441 3950 mens

121 3993 238 4043 καὶ
268 3990 492 4044 ἀκλινεῖ
530 3989 796 4062 λογισμῷ,
828 3991 1056 4054 εἰκότως
1080 3991 1304 4045 ἑστάναι
1337 3990 1582 4059 λέγεται,
1667 3992 1690 4043 ti

1868 3992 2048 4061 aliqua
2090 4005 2159 4045 ex
2197 3997 2352 4060 parte
2379 3999 2633 4052 nutaret,
2692 3989 2887 4042 merito
2916 3987 3094 4042 dictus
3139 3997 3224 4043 est
3269 3998 3437 4051 stare,

205 4174 264 4204 “
301 4170 466 4224 Juan.
501 4186 556 4236 t,
588 4172 657 4226 '56
687 4186 839 4239 seqq.
913 4170 957 4202 ⁸⁷
991 4168 1149 4225 Joan.
1181 4187 1228 4235 ι,
1254 4169 1345 4225 20.
1422 4169 1470 4203 “
1547 4169 1736 4225 Matth.

1862 4185 1909 4224 ut
1935 4208 1950 4234 ,
1988 4170 2095 4238 22;
2137 4168 2302 4224 Marc.
2335 4183 2391 4235 ι,
2431 4168 2484 4222 7.
2564 4167 2609 4199 δ’
2634 4166 2791 4224 Joan.
2823 4184 2878 4234 ι,
2907 4167 2999 4224 27.
3079 4168 3125 4200 ⁸⁸
3158 4167 3292 4224 Luc.
3331 4185 3390 4222 Ill
3417 4207 3431 4234 ,

113 4243 227 4298 16.
316 4243 365 4272 ⁸³
412 4241 544 4295 Ibid.
586 4243 672 4295 17.
747 4242 792 4272 ⁵⁸
831 4241 988 4296 Joan.
1027 4257 1082 4306 ι,
1122 4242 1213 4296 29.
1279 4251 1281 4254 ‘

1407 4354 1734 4418 Francisci
1770 4356 1979 4418 Scursi
2020 4362 2210 4416 noue.

115 4501 257 4542 uno
284 4485 465 4538 verbo
490 4482 674 4537 dicunt
696 4481 860 4554 iidem
891 4481 1599 4554 ἀντιπελαργεῖν,’ῐηιιχῑιηθ
1619 4498 1683 4537 ve

1867 4484 2074 4548 ιεερρὶι.
2099 4498 2218 4535 cum
2242 4479 2427 4554 relatio
2449 4479 2989 4554 gratiaruut‘ciconiaa
3029 4481 3281 4537 vocabqu
3299 4501 3436 4538 nun-

101 4557 394 4613 oiﬁcimn
427 4553 725 4623 rnutriendi
782 4553 1110 4621 l'ovendique
1162 4551 1260 4607 eos
1313 4569 1344 4607 a
1391 4555 1590 4622 quibus
1629 4553 1734 4607 ali-
1853 4565 2097 4615 cnpatur.
2170 4557 2342 4619 Atque
2402 4551 2516 4604 haec
2571 4561 2654 4623 est
2709 4553 3188 4623 ἀντιπελάργωσις
3259 4559 3430 4610 nostri

96 4626 374 4698 ηυιιιιόι)
411 4622 580 4678 fueris
605 4625 1011 4698 cducatns‘aut
1036 4625 1312 4698 institutus
1346 4642 1359 4678 :
1389 4621 1446 4698 ut
1483 4626 1524 4698 si
1559 4623 1726 4698 liberi
1843 4623 2215 4698 Theophanis,
2255 4623 2346 4688 qui
2371 4621 2665 4698 senatoriis
2689 4623 2925 4690 gratiam
2967 4621 3150 4698 retulit
3197 4626 3429 4698 ei‘tern-

94 4689 308 4752 értate
341 4696 522 4749 fessos
555 4705 807 4761 parentes
833 4695 1070 4747 vicissim
1100 4694 1266 4756 alant,
1293 4704 1352 4747 ut
1390 4693 1435 4748 si
1471 4693 1726 4762 discipuli
1839 4695 1948 4760 plo,
1975 4689 2056 4747 vel
2089 4694 2420 4746 monasterio
2455 4689 2514 4744 S.
2549 4689 2780 4762 Andreae
2809 4710 2834 4744 a
2867 4709 2974 4760 quo
3005 4697 3116 4758 ipse
3149 4694 3432 4748 institutus

87 4778 546 4838 praeceptorem
582 4765 812 4838 invicem
861 4764 1128 4838 erudiant.
1165 4762 1232 4838 ld_
1262 4779 1290 4815 a
1318 4765 1580 4838 __ci‘cuni:e_
1622 4761 1732 4816 'na-
1837 4779 1973 4838 puer
2007 4778 2175 4838 saera
2225 4764 2500 4838 doctrina.
2547 4761 2668 4838 _N_ee
2727 4778 2857 4816 vero
2903 4766 3167 4838 ‘omittam
3231 4777 3427 4816 scitum

90 4831 255 4892 iura
291 4831 602 4902 sumptum,
625 4848 745 4900 quin
771 4831 975 4888 Graecis
996 4832 1274 4902 πελαργὸς
1299 4833 1514 4887 dicitur.
1543 4835 1729 4897 Quan-
1834 4834 2110 4902 quippiam
2145 4843 2198 4886 et
2225 4833 2351 4886 huic
2386 4832 2557 4884 nostri
2592 4831 2948 4902 Theophanis
2983 4835 3166 4898 pietati
3201 4847 3264 4885 ac
3297 4850 3429 4885 scn-

83 4923 244 4962 (um
281 4900 460 4967 enini,
489 4906 664 4973 inquit
700 4902 918 4956 Solinus
953 4918 1069 4970 cap.
1095 4900 1185 4966 45,
1212 4904 1563 4969 impenderim
1588 4906 1726 4954 cico-
1831 4900 1915 4973 sui
1938 4900 2098 4973 belle
2128 4904 2450 4966 c0nciuens,
2492 4903 2637 4969 quod
2664 4904 2714 4954 in
2754 4900 2867 4953 Vua
2912 4901 2970 4954 S.
3027 4901 3280 4973 ltadberti
3334 4917 3431 4971 per

72 4983 229 5034 nia:
257 4975 469 5044 fetibus
493 4971 802 5038 educandis,
832 4981 1037 5025 tantum
1061 4981 1112 5044 et
1142 4975 1268 5044 ipsa:
1294 4989 1410 5025 cum
1435 4973 1726 5044 senuerint,
1832 4971 2095 5044 {acobum
2121 4973 2614 5044 Sirrmtndutnsoc.
2631 4984 2851 5034 nostra»,
2870 4973 2986 5037 ejus
3008 4972 3262 5044 operibus
3293 4988 3432 5038 pra:-

67 5067 128 5103 α
190 5039 389 5116 pullis
419 5046 530 5116 sujs
564 5044 778 5098 invicem
808 5044 1046 5116 aluntur.
1101 5042 1371 5116 Insignem
1410 5051 1465 5116 et
1502 5043 1721 5116 longum
1835 5042 1938 5096 ﬁxa
1978 5045 2173 5116 legitur
2216 5060 2231 5097 :
2266 5043 2331 5094 In
2362 5039 2750 5116 I’sal._inquit,
2809 5056 2932 5116 κων
2957 5080 2972 5101 ,
3001 5043 3262 5116 insignem
3312 5055 3427 5116 tra-

63 5110 268 5174 satis
333 5115 408 5167 de
455 5113 692 5169 Ciconiae
745 5117 948 5181 pietate
1004 5114 1177 5166 locum
1221 5110 1293 5166 ’D.
1347 5110 1617 5181 Ambrosii
1668 5113 1724 5166 in
1830 5122 2036 5166 clatum
2077 5114 2246 5166 tribus
2288 5112 2556 5164 contexuit
2585 5110 2751 5163 libris
2780 5113 2848 5162 ad
2880 5112 3319 5166 sanctimoniales
3356 5113 3420 5165 Β.

61 5188 386 5245 Hastam.
421 5183 661 5238 referunt
693 5179 891 5236 laudati
929 5199 957 5232 a
989 5200 1073 5236 me
1101 5181 1360 5254 Mendoza
1394 5193 1448 5235 et
1482 5179 1724 5236 Lacerda
1845 5181 1988 5254 Virg.
2014 5181 2406 5254 Suessianensis
2430 5185 2655 5247 gratiam
2685 5181 2791 5254 illis
2818 5182 3100 5254 rependen_s
3127 5184 3425 5249 primariw,

56 5264 397 5323 itemque
425 5254 720 5323 per-bellum
748 5255 1016 5307 emblema
1045 5253 1237 5306 Alciati
1267 5254 1332 5306 de
1363 5255 1574 5316 eadem,
1605 5268 1726 5322 quae
1831 5250 1988 5320 quant
2020 5253 2161 5318 apud
2191 5253 2317 5306 illa;
2345 5250 2620 5312 hauserat,
2654 5251 3010 5305 educationis.
3053 5251 3194 5306 Ecce
3226 5268 3416 5322 parem

49 5343 252 5386 cum
303 5327 460 5392 apud
507 5339 603 5378 eos
651 5323 705 5376 in
758 5333 1009 5390 promptu
1064 5325 1288 5386 habeas,
1338 5323 1417 5377 vel
1459 5323 1624 5376 etiam
1658 5324 1724 5376 ab
1841 5323 2098 5376 R‘adberti
2127 5327 2404 5392 pietatem.

50 5405 78 5456 ἰ
98 5411 254 5468 pso
287 5390 484 5468 possis
507 5403 955 5468 petereauctore,
975 5395 1360 5468 supervacanei
1383 5395 1732 5462 essetoperis
1914 5393 2028 5468 (8_8)
2073 5390 2254 5462 Ipsius
2309 5390 2566 5468 Baptista:
2597 5408 2780 5446 manu.
2834 5391 3050 5468 (ἣμερα
3079 5407 3182 5468 vox
3227 5407 3422 5468 χειρατ

50 5459 230 5526 ιὶυο
278 5459 527 5518 referre.
563 5463 710 5516 Nihil
742 5471 923 5533 autem
956 5459 1156 5516 vetabit
1187 5463 1326 5516 hanc
1361 5474 1543 5533 notam
1586 5459 1727 5529 'pau-
1839 5459 2072 5527 πτοῦσα,
2108 5459 2270 5533 quam
2305 5466 2614 5533 emphasim
2657 5473 2711 5516 et
2747 5465 2997 5531 spiritum
3043 5459 3257 5515 habeat
3281 5459 3424 5533 apud

49 5539 274 5596 culis
311 5537 498 5604 ipsius
530 5532 805 5604 Ambrosii
833 5534 1016 5587 verbis
1047 5533 1339 5604 obsignare
1383 5550 1397 5586 :
1439 5532 1730 5604 lietributio
1842 5533 1942 5588 SS.
1993 5531 2180 5590 Patres
2214 5531 2438 5588 Graecos
2495 5532 2766 5604 explicavi
2800 5534 2964 5589 latius
3010 5534 3098 5587 ad.
3144 5534 3293 5586 hom.
3325 5531 3423 5597 28,

49 5601 531 5675 beneﬁciorum
563 5603 1040 5675 αντιπελάργωσις
1093 5603 1417 5675 nominaturi
1454 5602 1618 5675 πελαρ

529 5603 1040 5675 ,αντιπελάργωσις
1093 5603 1417 5675 nominaturi
1454 5601 1730 5675 πελαργὸς
1842 5615 1956 5661 not.
2007 5604 2098 5662 78.

49 5672 270 5739 enini
327 5675 546 5732 ciconia
595 5672 1040 5731 αἰσίων-(γίνεαι
1098 5675 1273 5744 itaque
1320 5673 1384 5728 ab
1417 5674 1497 5729 Itis
1544 5687 1730 5729 nomen
