3934 6222
261 219 367 292 901

1684 253 2016 314 HOMILIA
2058 257 2128 319 L.

3444 261 3550 330 902

266 345 285 377 ι
326 342 584 453 Ιιὲίστήκει
616 345 645 400 6
715 347 974 422 Ἰωάννης
1023 352 1232 426 ἠρέμα,
1293 358 1410 424 πῶς
1465 359 1704 417 ἐνταῦθα
1762 365 1841 435 τὴ¹

1967 368 2224 424 culationi
2263 377 2460 427 nostra:
2501 372 2728 430 historia
2771 387 3034 435 consonet
3060 377 3196 453 (92).
3229 378 3363 438 Cum
3401 389 3546 442 enim

263 435 461 489 στάσιν
491 438 834 510 ἡρμήνευσε.
867 443 942 497 Τὸ
967 446 1078 518 γὰρ
1103 449 1307 516 εἰπεῖν,
1371 469 1389 503 ι
1447 454 1555 508 Ἴδε
1583 458 1610 509 6
1654 456 1855 527 Ἀμνδς

259 527 356 582 τοῦ
395 528 558 595 Θεοῦ,
597 551 616 584 ι
651 533 880 601 ἔνδειξίς
907 538 1080 605 ἐστιν,
1110 539 1186 606 ὡς
1213 544 1451 610 ἀκλινῶς
1485 547 1721 618 ἕστηκεν
1773 553 1854 615 εἰς

259 623 328 675 τὰ
355 621 589 689 δόξαντα
625 627 914 697 πρότερον.
937 626 1106 696 Οὗτος
1141 635 1251 705 γὰρ
1275 637 1421 708 αἴρει
1446 641 1545 710 τὴν
1569 640 1854 710 ἁμαρτίαν

259 713 354 766 τοῦ
383 715 614 784 κόσμου,
649 716 932 788 βαπτίζων
979 723 1038 774 ἐν
1073 727 1371 798 πνεύματι,
1402 732 1497 783 καὶ
1519 732 1677 802 πυρί.
1711 733 1852 788 Ἀλλ’

260 806 806 878 ἐμφιλοχωρήσωμεν
839 811 1274 887 φιλοπονώτερον
1337 821 1414 893 τῷ
1448 823 1707 894 νοήματι.
1745 828 1856 880 Κα·

261 895 441 961 θάπερ
475 897 584 969 γὰρ
617 899 726 952 άπὸ
751 899 1020 972 λειμῶνος
1053 908 1414 978 πολυανοοῦς,
1457 917 1518 966 οὐ
1579 915 1724 970 Θέλει
1759 936 1854 972 τα-

260 988 407 1059 χέως
437 993 469 1060 ἡ
498 990 621 1061 ὄψις
650 993 1014 1064 ἀφίστασθαι,
1036 998 1212 1064 οὕτως
1234 1002 1346 1072 ἐγὼ
1365 1005 1455 1058 τὸν
1492 1007 1851 1078 εῦαγγελικδν

259 1079 511 1150 λειμῶνα
569 1084 914 1156 περιαθρῶν,
971 1091 1336 1164 ἐνδιατρίϐειν
1397 1097 1612 1163 τούτοις
1672 1101 1848 1157 ποθῶ.

259 1174 395 1226 Οὐδὲ
427 1177 537 1246 γὰρ
576 1178 635 1230 τὸ
667 1179 976 1250 ἐμϐλέψας
998 1185 1321 1253 τῷἿηοόὗ,
1363 1191 1668 1264 βαθυτέρας
1713 1194 1851 1248 θεω-

261 1268 384 1336 ρίας
405 1270 783 1340 ἀπήλλακται.
815 1277 877 1328 Ei
906 1278 1014 1348 γὰρ
1043 1281 1174 1350 περὶ
1211 1286 1532 1354 σωματικῆς
1563 1286 1692 1351 θέας
1718 1290 1851 1359 ἡμῖν

257 1360 550 1430 διελέγετο,
586 1361 742 1418 εἶπεν
770 1368 837 1420 ἂν
866 1370 1068 1439 μᾶλλον
1094 1373 1403 1444 ἐμϐλέψας
1441 1379 1552 1431 τὸν
1579 1379 1846 1449 Ἰησοῦν.

261 1451 378 1505 Νῦν
412 1453 468 1504 δὲ
518 1458 586 1526 τῇ
650 1456 838 1530 δοτικῇ
922 1463 1174 1534 σημασίᾳ
1243 1467 1596 1538 χρησάμενος
1652 1471 1849 1542 νοητὴν

261 1543 539 1613 ἐδήλωσεν
571 1548 786 1619 ὅρασιν,
834 1551 920 1606 ἵνα
953 1555 1150 1626 μηδ’ἐν
1194 1559 1371 1630 τούτῳ
1427 1561 1535 1615 τῶν
1575 1542 1851 1635 προφητιοι

258 1641 374 1692 κῶν
398 1641 703 1713 ἀπολειφθῇ
743 1645 1122 1718 ὲκφαντοριῶν
1143 1667 1156 1680 ο
1195 1652 1446 1706 τοιαῦται
1477 1656 1588 1726 γὰρ
1622 1658 1847 1710 καὶτῶν

1957 460 2207 528 dixisset,
2242 463 2384 532 quod
2425 482 2444 516 ι
2485 464 2676 519 Stabat
2704 465 2971 538 Joannes,
3008 489 3027 523 ι
3059 471 3186 541 quid
3218 489 3315 544 per
3345 483 3545 531 statum

1955 552 2295 621 signiﬁcaret
2319 594 2334 618 ,
2369 556 2456 611 hic
2492 558 2657 612 tacite
2693 561 3094 629 quodammodo
3129 565 3546 635 interpretatur.

1956 642 2068 697 Hoc
2098 646 2241 699 enim
2267 646 2443 714 ipsum
2482 650 2624 719 quod
2660 649 2794 704 dicit
2833 670 2847 706 :
2901 671 2918 703 ι
2953 654 3095 709 Ecce
3128 672 3296 727 agnus
3333 657 3464 724 Dei,
3512 679 3531 713 ι

1955 731 2160 788 indicio
2183 745 2266 789 est
2301 733 2475 804 ipsum
2505 736 2558 789 in
2588 739 2771 805 priore
2804 745 3075 797 sententia
3109 745 3336 801 firmiter
3359 762 3535 805 stare.

1971 823 2067 878 llic
2096 825 2358 895 siquidem
2402 827 2540 882 tollit
2569 840 2790 898 peccata
2827 834 3010 886 mundi
3040 873 3055 900 ,
3092 838 3181 904 qui
3231 838 3283 892 in
3319 839 3541 909 Spiritu

1957 925 2012 970 et
2042 917 2151 986 igni
2190 918 2456 988 baptizat.
2506 920 2615 976 Sed
2646 924 2791 976 enim
2830 923 2882 976 in
2913 925 3015 979 hoc
3044 941 3203 980 sensu
3233 934 3544 988 accuratius

1952 1010 2313 1077 expcndendo
2359 1011 2597 1065 libenter
2652 1013 3028 1067 immorentur.
3083 1015 3254 1070 Sicuti
3308 1021 3453 1074 enim
3509 1039 3540 1077 δ

1951 1112 2109 1170 prato
2140 1100 2335 1156 ﬂorum
2370 1105 2655 1168 varietate,
2686 1114 2738 1159 et
2774 1107 2927 1174 copia
2969 1105 3172 1161 referto
3208 1125 3313 1164 non
3339 1114 3543 1180 patitur

1951 1193 2134 1247 subito
2166 1195 2392 1248 obtutus
2424 1195 2620 1262 averti,
2651 1196 2730 1251 sic
2756 1213 2856 1262 ego
2888 1215 3138 1267 campum
3168 1204 3540 1273 evangelicum

1952 1285 2466 1353 circumspectans,
2529 1287 2581 1340 in
2647 1288 2729 1340 his
2781 1287 2989 1342 diutius
3041 1291 3326 1346 immorari
3394 1295 3538 1352 volo.

1951 1374 2137 1443 Neque
2163 1376 2306 1428 enim
2340 1377 2482 1445 quod
2514 1377 2588 1429 ait
2651 1377 2784 1448 (95),
2819 1378 2981 1450 345
3033 1381 3314 1451 ἐμϐλέψας
3339 1383 3537 1454 Ἰησοῦ,

1953 1464 2055 1519 hoc
2089 1474 2192 1528 est,
2230 1465 2512 1535 respiciens
2540 1467 2597 1518 in
2632 1463 2758 1518 Iesu
2785 1507 2799 1530 ,
2832 1467 3188 1536 profundiore
3226 1473 3542 1526 considera-

1954 1557 2100 1612 tione
2130 1567 2310 1612 vacat.
2347 1559 2402 1611 Si
2436 1557 2580 1611 enim
2621 1572 2944 1626 corporeum
2990 1560 3144 1614 nobis
3175 1562 3539 1630 signiﬁcasset

1951 1661 2256 1719 aspectum,
2275 1650 2494 1703 dixisset
2511 1648 2689 1718 potius
2716 1647 2990 1719 ἐμϐλέψας
3005 1648 3082 1720 τῷ
3100 1650 3410 1720 Ἰησοῦ,Ιιοο
3435 1664 3536 1718 est,

259 1729 572 1800 βλεπόντων
598 1737 900 1807 προφητῶν
920 1739 977 1791 αί
1005 1741 1229 1811 ὁράσεις
1257 1743 1576 1816 ἐτύγχανον.
1618 1748 1841 1818 Ἐμὸλέι

1949 1739 2266 1810 Respiciens
2297 1739 2523 1804 Jesnm;
2577 1755 2721 1794 nunc
2753 1752 2936 1795 autem
2992 1743 3392 1812 signiﬁcatione
3439 1744 3539 1799 da-

255 1827 365 1897 ψας
399 1822 495 1881 οὖν
524 1826 600 1898 τῷ
631 1830 691 1882 ἐν
729 1829 807 1901 τῷ
868 1831 1082 1902 σώματι
1133 1834 1228 1888 τοῦ
1290 1836 1492 1907 Ἰησοῦ,
1560 1839 1843 1912 άφύρτως,

258 1922 355 1974 καὶ
385 1921 733 1991 ἀσυγχύτως,
752 1922 850 1978 καὶ
879 1926 1203 1998 ἀχωρίστως
1221 1929 1476 1984 ἐνωθέντι
1507 1931 1666 2003 Λόγῳ
1684 1932 1842 2001 Θεοῦ,

258 2015 354 2068 καὶ
387 2015 477 2067 τὸν
512 2015 608 2068 ἕνα
643 2019 709 2088 τῇ
744 2017 1043 2073 ὑποστάσει
1081 2007 1431 2092 κατανοήσας
1463 2027 1530 2095 τῇ
1555 2025 1718 2094 φύσει
1763 2027 1845 2080 δι-

261 2105 451 2173 πλοῦν,
481 2106 937 2182 τὴνθεολογικὴν
990 2113 1173 2183 ἀφῆκε
1243 2115 1450 2187 φωνὴν,
1493 2117 1555 2170 τὸ
1605 2119 1845 2188 ἑκάστης

257 2198 478 2267 φύσεως
507 2200 891 2273 θεσπιωδήσας
923 2206 1265 2276 κατάλληλον
1295 2226 1310 2241 ·
1380 2228 1399 2261 ι
1437 2211 1543 2264 Ἴδε
1575 2214 1601 2265 6
1643 2213 1842 2283 Ἀμνὸς

254 2292 351 2345 τοῦ
367 2293 521 2357 Θεοῦ,
547 2293 762 2367 όαῑρων
791 2297 891 2368 τὴν
923 2299 1203 2372 ἁμαρτίαν
1231 2303 1322 2355 τοῦ
1359 2303 1589 2374 κόσμου.
1627 2324 1646 2356 ι
1682 2307 1844 2379 Ὁρᾷς

256 2385 350 2438 τοῦ
392 2387 513 2452 ἐνὸς
547 2389 790 2459 Χριστοῦ
827 2391 888 2443 τὸ
943 2392 1054 2445 τῶν
1091 2392 1188 2446 δύο
1235 2394 1454 2464 φύσεων
1541 2395 1842 2465 σύνθετον;

267 2479 467 2547 Ἀμνὸν
499 2479 672 2533 είπὼν
700 2480 796 2534 τοῦ
830 2482 968 2536 Θεοῦ
1015 2483 1272 2553 ἐμφαίνει
1329 2486 1390 2539 τὸ
1446 2487 1787 2561 πρόσλημμα
1825 2503 1840 2520 ⁸

253 2571 346 2624 τὶν
373 2571 580 2626 άκακον
617 2572 787 2636 ὅντως
841 2575 1036 2644 ἀμνὸν,
1072 2577 1165 2629 τὸν
1215 2577 1359 2649 ὑπὲρ
1405 2580 1564 2650 ἡμῶν
1609 2581 1842 2652 ἀχθέντα

252 2665 336 2726 είς
359 2664 753 2719 θάνατον.⁹1να
804 2667 862 2720 δὲ
919 2667 994 2737 μὴ
1048 2666 1205 2739 ψιλὸν
1263 2671 1554 2741 ἄνθρωπον
1609 2675 1843 2746 νομίσῃς

251 2758 470 2809 τουτονὶ
500 2759 592 2812 τὸν
625 2760 820 2828 ἀμνὸν,
856 2762 1190 2833 προστίθησι
1235 2765 1384 2834 μάλα
1410 2765 1654 2836 γοργῶς,
1703 2787 1720 2820 ι
1776 2769 1837 2822 '0

252 2848 431 2918 αἴρων
459 2850 558 2919 τὴν
587 2851 868 2922 ἁμαρτίαν
918 2853 1014 2906 τοῦ
1061 2854 1270 2924 κόσμου
1301 2874 1314 2888 ·
1349 2875 1368 2909 >
1403 2857 1562 2910 τοῦτο
1618 2859 1728 2930 γὰρ
1761 2858 1840 2930 τῷ

252 2940 508 3012 προτέρῳ
545 2943 782 3015 συνῆψεν
809 2946 1080 3016 ὅπερέστὶ
1099 2947 1404 3020 δηλωτικὸν
1431 2951 1530 3022 τῆς
1556 2951 1832 3022 θεότητος.

249 3032 476 3102 Ἀνάγει
504 3036 562 3088 δὲ
590 3036 659 3088 δι’
689 3039 1025 3108 ἀμφοτέρων
1053 3041 1135 3104 είς
1167 3040 1266 3110 τὴν
1303 3034 1398 3096 τοῦ
1441 3029 1666 3098 Ἡσαΐου
1699 3065 1834 3118 προ-

249 3125 485 3196 φητείαν
517 3125 610 3181 τὸν
633 3129 849 3182 ἐπαΐειν
874 3130 1176 3201 δυνάμενον
1214 3136 1497 3204 μονονουχὶ
1525 3135 1834 3206 κεκραγώς·

251 3211 426 3281 Οὗτός
447 3221 564 3273 ἐστι
587 3221 720 3293 περὶ
749 3221 812 3274 οῦ
849 3221 1081 3286 Ἡσαΐας
1120 3225 1307 3295 φησὶν,
1359 3243 1377 3278 ι
1413 3227 1502 3292 Ὠς
1565 3206 1841 3298 πρόϐατον

247 3310 344 3364 ἐπὶ
371 3311 589 3382 σφαγὴν
618 3313 784 3383 ἤχθη,
807 3315 903 3366 καὶ
919 3313 1190 3384 ὡς’ἀμνὺς
1223 3316 1469 3370 ἐναντίον
1491 3316 1584 3370 τοῦ
1623 3319 1839 3388 κείρον-

242 3418 341 3464 τος
404 3404 592 3458 αὐτόν.
635 3405 807 3468 Αὐτὸς
839 3405 940 3470 τὰς
978 3406 1211 3477 ἀνομίας
1234 3408 1393 3479 ἡμῶν
1423 3408 1716 3476 ἐϐάστασε,
1746 3411 1840 3464 καὶ

247 3494 331 3565 τῷ
364 3497 593 3568 μώλωπι
621 3497 787 3551 αὐτοῦ
819 3500 982 3571 ἡμεῖς
1013 3501 1303 3573 ἱάθημεν.»

1953 1831 2046 1885 tivi
2086 1846 2236 1893 usus,
2274 1829 2617 1899 spiritualem
2649 1830 2913 1885 indicavit
2945 1832 3238 1898 intuitum,
3273 1844 3330 1888 ut
3364 1851 3538 1906 neque

1949 1922 2039 1978 hic
2099 1922 2540 1992 prophetiearum
2616 1924 3016 1978 revelationum
3085 1939 3282 1995 expers
3344 1926 3534 1983 fuerit.

1948 2013 2270 2085 Huiusmodi
2311 2015 2454 2072 enim
2503 2016 2801 2071 videntium
2854 2017 3243 2086 prophetarum
3298 2020 3537 2076 visiones

1947 2121 2124 2163 erant.
2171 2107 2305 2164 Cum
2353 2110 2518 2181 igitur
2563 2111 2846 2180 conjectus
2891 2119 3041 2166 esset
3069 2112 3190 2181 ejus
3224 2113 3446 2167 obtutus
3483 2114 3536 2168 in

1945 2201 2073 2256 Jesu
2125 2217 2324 2272 corpus
2358 2244 2374 2268 ,
2425 2203 2567 2272 quod
2620 2203 2738 2257 sine
2789 2203 3171 2257 commistione
3213 2204 3325 2277 (9t)
3355 2245 3370 2270 ,
3421 2207 3538 2260 sine

1945 2292 2268 2347 confusione
2299 2333 2314 2358 ,
2356 2293 2474 2348 sine
2510 2293 2776 2346 divisione
2819 2291 2913 2348 Dei
2952 2293 3117 2348 verbo
3143 2305 3262 2348 erat
3301 2297 3532 2363 unitum,

1945 2394 2000 2441 et
2035 2400 2204 2439 ttnum
2252 2385 2305 2439 in
2341 2384 2617 2455 hypostasi
2657 2384 2987 2455 intelligeret
3026 2400 3177 2450 eum,
3213 2386 3304 2456 qui
3340 2397 3534 2442 natura

1945 2477 2145 2548 duplex
2180 2491 2322 2545 erat,
2365 2495 2553 2535 vocem
2607 2481 2750 2534 illam
2783 2481 2966 2536 divina
3018 2481 3262 2536 doctrina
3316 2484 3532 2553 plenam

1945 2569 2150 2633 emisit,
2171 2585 2274 2639 qua
2293 2571 2420 2638 quid
2451 2578 2597 2624 esset
2618 2569 2910 2638 unicuique
2942 2580 3152 2624 naturae
3180 2571 3532 2639 conveniens,

1950 2659 2138 2714 divino
2165 2660 2389 2715 oraculo
2425 2661 2664 2718 cecinit:
2707 2685 2724 2713 ι
2763 2660 2902 2716 Ecce
2926 2677 3101 2731 agnus
3128 2660 3246 2729 Dei,
3278 2663 3367 2732 qui
3399 2664 3536 2718 tollit

1945 2758 2230 2818 peccatum
2266 2751 2472 2807 mundi.
2512 2769 2530 2802 ι
2587 2749 2754 2805 Vides
2792 2752 2844 2804 in
2900 2765 3006 2804 uno
3039 2750 3258 2806 Christo
3305 2753 3533 2807 duarum

1947 2851 2270 2895 naturarum
2320 2841 2795 2910 compositionem.
2830 2841 2964 2896 Cum
3002 2841 3136 2895 dicit
3171 2857 3373 2911 agnum
3413 2842 3532 2907 Dei,

1945 2949 2279 3005 assumptam
2317 2935 2709 2989 humanitatem
2764 2936 3047 3000 ostendit,
3098 2950 3298 3005 agnum
3343 2952 3533 2993 revera

1944 3027 2288 3081 innocentem
2317 3041 2412 3096 pro
2445 3026 2602 3080 nobis
2633 3025 2860 3079 ductum
2891 3024 2959 3078 ad
3007 3035 3261 3080 mortem.
3293 3023 3370 3078 Nc
3403 3041 3533 3081 vero

1948 3133 2145 3188 purum
2176 3119 2450 3173 hominem
2477 3117 2622 3172 hunc
2659 3132 2856 3186 agnum
2882 3117 3249 3182 existimares,
3281 3119 3532 3186 protinus

1947 3211 2195 3266 addidit:
2234 3229 2252 3262 ι
2287 3211 2389 3278 Qui
2419 3211 2557 3265 tollit
2590 3219 2873 3280 peccatum
2903 3211 3128 3276 mutuli;
3171 3227 3190 3261 ι
3234 3210 3336 3263 hoc
3362 3210 3532 3277 enim,

1944 3305 2091 3376 quod
2137 3314 2220 3361 est
2276 3304 2582 3360 divinitatis
2638 3304 2895 3359 indicium
2925 3343 2941 3368 ,
2988 3302 3159 3372 priori
3212 3301 3530 3356 connexuit.

1944 3397 2048 3453 Per
2081 3380 2376 3465 utrumque
2426 3411 2560 3450 vero
2609 3395 2813 3451 dictum
2867 3395 2933 3450 ad
2987 3393 3140 3448 Isaia:
3185 3391 3528 3462 prephetiatn

1947 3519 2184 3564 mentem
2211 3507 2329 3576 eius
2352 3506 2615 3572 traducit,
2647 3508 2741 3575 qui
2779 3507 2971 3561 audire
2999 3504 3194 3575 pOSsiI,
3227 3506 3388 3560 modo
3419 3517 3526 3559 non

243 3594 490 3649 clamans
519 3611 534 3648 :
573 3593 671 3648 Hic
701 3605 785 3650 est
807 3595 874 3649 de
897 3609 1004 3664 quo
1032 3595 1203 3651 Isaias
1233 3598 1366 3652 dicit
1397 3617 1409 3653 :
1451 3616 1469 3651 ι
1512 3598 1582 3655 Ut
1610 3603 1729 3657 ovis
1767 3602 1833 3658 ad
1873 3603 2203 3658 occisionem
2239 3602 2438 3655 ductus
2467 3610 2572 3667 est,
2608 3608 2662 3656 et
2688 3609 2747 3654 ιιι
2779 3614 2952 3670 agnus
3015 3615 3205 3656 coram
3272 3601 3529 3655 tondente

239 3703 320 3744 se.
363 3687 484 3755 lp~e
510 3687 823 3757 iniquitates
856 3698 1070 3744 nostras
1101 3693 1368 3758 portavit,
1396 3702 1450 3747 et
1483 3693 1650 3748 livore
1701 3696 1820 3765 ejus
1859 3697 2045 3754 sanati
2075 3710 2266 3750 sumus
2290 3695 2360 3750 “.
2405 3711 2426 3748 ι

323 3779 488 3833 Ἀλλά
516 3796 584 3850 με
610 3780 964 3852 παρέδραμεν
998 3782 1379 3848 ἀνεξέταστον,
1417 3785 1533 3850 πῶς
1580 3785 1672 3840 τὸν
1706 3787 1814 3856 μέν

252 3874 512 3945 Ἰωάννην
537 3875 760 3927 ἐστᾶναί
792 3891 944 3945 φησι,
976 3878 1302 3946 περιπατεῖν
1352 3877 1409 3932 δὲ
1451 3879 1544 3932 τὸν
1590 3879 1826 3950 Ἰησοῦν.

247 3987 267 4021 ι
308 3970 567 4039 Εὶστήκει
625 3968 757 4040 γὰρ,
797 3971 983 4041 φησιν,
1016 3972 1044 4024 ό
1088 3972 1367 4044 Ἰωάννης,
1413 3974 1508 4027 καὶ
1548 3976 1828 4046 ἐμϐλέψας

238 4060 320 4131 τῷ
363 4060 536 4131 Ἰησοῦ
569 4062 988 4134 περιπατοῦντι.
1027 4083 1045 4115 ι
1083 4061 1154 4117 'A
1169 4081 1240 4136 ρα
1279 4065 1386 4137 γὰρ
1417 4067 1478 4120 οὐ
1497 4066 1646 4121 δοκεῖ
1667 4068 1827 4122 τοῦτο

239 4153 339 4205 καὶ
370 4153 500 4222 ὑμῖν
536 4153 687 4218 ἄξιον
718 4155 1026 4221 ἐξετάσεως
1051 4175 1066 4223 ;
1101 4157 1236 4227 Φέρε
1264 4157 1329 4230 δὴ
1359 4160 1615 4232 καθάπερ
1643 4161 1828 4232 ἀφυὴς

240 4245 522 4315 θεριστὴς,
554 4245 615 4298 τὸ
646 4245 960 4317 παροραθὲν
989 4249 1408 4320 καλαμήσομαι.
1443 4250 1506 4304 Ἥ
1529 4251 1622 4305 τοῦ
1645 4252 1854 4307 Ίωάν--

236 4353 334 4389 νου
370 4337 578 4403 στάσις,
594 4338 786 4411 ἐδήλου
815 4341 936 4410 μὲν,
968 4341 1042 4405 ὡς
1065 4341 1228 4414 ἔφην,
1254 4342 1350 4396 καὶ
1371 4343 1472 4412 τῆς
1486 4346 1828 4417 προφητείας

317 4521 362 4552 ⁸⁸
401 4519 506 4575 lsa.
548 4534 680 4593 Lttl,
720 4522 824 4580 45.

2009 3789 2117 3845 Sed
2144 3788 2270 3843 illud
2308 3802 2394 3842 me
2433 3802 2540 3843 non
2569 3785 2874 3841 discussum
2925 3785 3212 3855 prmteriit,
3235 3800 3340 3854 qua
3363 3800 3526 3843 causa

1934 3882 2195 3938 Joannem
2231 3882 2450 3950 quidem
2498 3881 2740 3944 stetisse,
2771 3877 2958 3935 Jesum
3002 3893 3131 3933 vero
3161 3880 3361 3932 dixerit
3396 3895 3519 3932 ant-

1935 3975 2188 4030 hulasse:
2231 3992 2251 4026 ι
2281 3973 2472 4028 Stabat
2498 3973 2645 4028 enim
2673 3972 2753 4026 ait
2790 3969 3048 4037 Joannes,
3106 3979 3161 4026 et
3213 3971 3522 4043 respiciens

1935 4065 2119 4121 Jesum
2165 4065 2556 4121 ambulantem.
2595 4082 2614 4115 ι
2678 4065 2758 4118 An
2795 4063 2899 4117 hoc
2943 4064 3099 4118 vobis
3134 4063 3358 4132 dignum
3411 4079 3517 4116 non

1934 4160 2150 4214 videtur
2201 4157 2344 4228 quod
2417 4155 2837 4227 expendamus?
2909 4156 3022 4224 Age
3078 4155 3191 4226 jam
3257 4161 3520 4222 tanquam

1937 4251 2153 4322 ineptus
2187 4264 2420 4314 messor,
2463 4249 2730 4304 demetam
2779 4247 2922 4318 quod
2957 4244 3388 4317 praetermissum
3412 4251 3519 4298 est.

1936 4345 2166 4401 Joannis
2198 4353 2377 4401 status
2420 4342 2720 4413 prophetia:
2753 4343 3070 4396 ﬁrmitatem
3133 4338 3430 4404 indicabat,
3463 4346 3521 4391 ut

1481 4610 1810 4673 Francisci
1840 4610 2051 4673 Scorsi
2090 4622 2282 4675 noue.

310 4742 422 4812 ‘92)
465 4740 619 4805 Quod
651 4737 999 4809 speculationi
1034 4742 1227 4812 nostra:
1254 4731 1490 4812 _historia
1520 4740 1802 4812 consonat.
1839 4741 1884 4798 ι)
1913 4733 2475 4812 simplicitcrvertiLt
2505 4733 2574 4788 Et
2607 4735 2918 4812 _respiciens
2958 4733 3162 4786 Iesum.
3200 4732 3274 4812 _Ex
3312 4732 3514 4812 quibus

231 4799 329 4866 Ita‘
355 4799 454 4865 hoc
471 4799 603 4864 loco
637 4799 847 4862 traduxi
883 4822 1066 4882 vocem
1100 4804 1394 4882 θεωρίαν-ι
1438 4803 1533 4856 sed
1581 4815 1634 4882 et
1676 4802 1807 4882 aliis
1920 4799 2132 4882 Latinis
2175 4805 2356 4882 nttlltts
2413 4799 2791 4882 Theophanis
2815 4820 3011 4882 sensus
3057 4812 3162 4856 est.
3199 4799 3409 4882 Itaque;
3448 4805 3505 4856 in

231 4883 362 4935 alibi
391 4882 570 4934 verbis
597 4880 840 4934 eamdem
873 4893 1009 4942 rem,
1032 4871 1239 4946 θεωρία
1267 4873 1464 4942 quippe
1496 4875 1648 4941 παρὰ
1674 4871 1811 4924 Θεω-
1920 4877 2173 4929 versione
2207 4874 2402 4946 Latina
2439 4871 2671 4946 apposui
2719 4879 2886 4930 etiam
2921 4874 3112 4928 Graeca
3151 4885 3276 4924 cum
3337 4873 3511 4946 inter-

233 4940 1224 5023 psiv,contemplari,speculari,unde
1250 4940 1470 4998 sensum
1496 4940 1804 5012 mysticum,
1907 4945 2228 5066 gretatione
2289 4940 2487 5001 Latina
2512 4940 2528 4946 ’
2560 4949 2666 5000 illis
2737 4956 3144 5023 consentanea;
3223 4951 3279 4992 ut
3341 4940 3515 4996 lector

233 5027 354 5066 nim
385 5023 771 5066 tmnnluaicnm
811 5016 1046 5066 θεωρίαν
1074 5015 1310 5066 auoellat
1350 5014 1436 5066 hic
1472 5027 1655 5066 noster
1687 5013 1805 5066 Dltl-
1960 5017 2082 5066 neci
2140 5019 2411 5066 sermonis
2464 5021 2688 5066 ignarus
2741 5017 2928 5066 statim
2982 5028 3090 5066 Vim
3115 5051 3132 5066 .
3164 5017 3221 5063 et
3271 5023 3509 5066 mentem

229 5009 771 5090 sive'tropolugicnm
806 5009 1805 5090 bstupiav'appellatdiie_tto_Ster_pln-
1907 5009 2411 5090 Grmcisermonis
2464 5021 2688 5090 ignarus
2741 5017 2928 5070 statim
2982 5015 3132 5077 vim,
3164 5017 3221 5063 et
3271 5023 3509 5066 mentem

228 5093 400 5146 scutis
433 5083 623 5154 locis;
663 5094 898 5157 itemque
925 5083 1261 5164 aliipatres.
1312 5083 1465 5164 Anpud
1517 5084 1578 5136 D.
1613 5083 1795 5164 Hiero-
1905 5083 2668 5164 aueterisdeprellendEret._
2729 5157 2741 5164 _
2899 5154 2931 5164 _
2979 5155 3010 5164 Α,
3092 5152 3124 5164 ν,
3216 5153 3229 5164 _
3309 5153 3321 5164 ,

228 5179 454 5232 ttytnum
493 5152 773 5235 observavi
815 5152 1099 5235 allegorias
1133 5171 1302 5235 sacrae
1334 5155 1799 5235 Seriptttrzeﬂsq»

1949 5155 2086 5235 (94)
2125 5157 2277 5235 Quod
2308 5158 2422 5235 sine
2443 5228 2454 5235 _
2478 5157 2863 5235 contmt'stt'rmet
2898 5154 3044 5208 Satis
3073 5152 3414 5235 theologice,
3450 5163 3510 5235 et

229 5225 361 5303 ρῖας
406 5233 610 5286 vocari.
647 5230 722 5284 lta
784 5230 948 5303 etiam
984 5226 1489 5303 animadversiones
1523 5233 1576 5276 et
1607 5226 1798 5303 obser-
1899 5225 2058 5303 plane
2089 5227 2412 5303 scholastice
2442 5228 2681 5303 loquitur
2717 5226 3005 5303 l_i_ic_l_’_ater,
3031 5234 3088 5277 ut
3112 5237 3255 5303 saepe
3288 5225 3422 5303 alias
3450 5226 3505 5303 in

226 5294 479 5356 'vationes
510 5303 654 5369 ipsas
685 5297 1204 5376 eampiaiappellari
1252 5295 1698 5376 nota_t_La’cer.da,
1741 5294 1795 5347 in
1899 5294 2065 5376 hisce.
2087 5299 2459 5376 sermonibus,
2498 5294 2566 5351 de
2628 5296 2890 5351 incﬂ‘abili
2962 5297 3237 5376 mysterio
3263 5295 3510 5376 .unio'nis

222 5363 737 5443 Atursarfsag‘is,
787 5363 854 5422 ex
887 5363 1150 5443 Dlesensj,
1193 5379 1312 5433 cap.
1364 5365 1451 5419 75.
1511 5363 1617 5443 sed
1684 5367 1798 5443 ham
1899 5367 2247 5443 diviniverhi
2269 5383 2390 5421 cum
2415 5369 2648 5443 humana
2675 5363 3199 5443 natura;etqitidem
3223 5363 3508 5443 hicndzpzip-

220 5451 416 5511 aperta
458 5455 584 5513 sunt
619 5441 806 5496 erce
835 5438 1071 5513 Scienti;
1095 5436 1312 5513 fuellmtt
1345 5444 1524 5513 tamen
1559 5435 1801 5490 breviter

1949 5456 2027 5502 υς,
2072 5438 2166 5490 καὶ
2216 5435 2566 5513 άσυγχύτως,
2610 5439 2704 5513 καὶ
2761 5438 3085 5508 ἀχωρίστους
3125 5449 3256 5513 eam.
3310 5436 3506 5487 laetam

217 5506 375 5567 a'tne
408 5512 782 5582 signiﬁcanda,
817 5521 875 5563 ut
909 5511 1161 5582 omnibus
1192 5506 1347 5582 ﬁeret
1389 5507 1543 5582 sa_t_i_s.
1637 5576 1650 5582 _
1757 5575 1768 5582 .
1900 5511 2158 5564 unionem
2190 5509 2347 5582 dicit,
2389 5506 2763 5582 quorum‘duo
2801 5506 3078 5582 postrema
3113 5506 3332 5582 nemina
3379 5514 3508 5556 sunt

300 5584 412 5651 (93)
458 5574 637 5651 Neque
668 5584 804 5633 enim
840 5577 979 5649 quod
1013 5578 1110 5651 ait,
1141 5586 1247 5651 etc.
1287 5574 1412 5651 Haec
1447 5575 1802 5651 Theophanis
1903 5594 1965 5632 ex
1997 5593 2152 5651 conc.
2180 5574 2437 5651 Chalced.
2475 5590 2581 5633 act.
2618 5577 2672 5632 6.
2696 5574 2895 5633 Locum
2930 5577 3050 5630 vide
3083 5575 3307 5628 relatum
3338 5586 3505 5642 supra

221 5641 434 5723 θεωρία
455 5641 746 5723 admodum
769 5641 941 5723 piaex
965 5648 1144 5723 verbis
1165 5644 1370 5723 graecis
1395 5641 1614 5723 exsistit
1636 5644 1797 5698 1mm.

1949 5665 2057 5706 om.
2086 5649 2176 5716 48,
2210 5659 2324 5704 ιιοι.
2361 5648 2451 5703 00.

216 5741 238 5781 ι
280 5742 292 5778 :
325 5716 422 5777 καὶ
458 5721 746 5793 ’ὲμὸλὲιψας
772 5716 871 5791 τῷ
911 5718 1110 5788 Ἰησοῦ.
1158 5717 1288 5782 utne
1357 5716 1795 5785 nustcrinterp.
