3934 6222
285 275 397 340 917

1678 287 2003 348 IlOMlLlA
2052 293 2126 351 Ll
2147 293 2197 351 Ι.

3440 293 3549 356 sts

286 386 704 459 λαμϐανόμενος
759 386 958 442 ἑαυτοῦ
1007 388 1102 443 ἐπὶ
1149 390 1431 464 ἀθετήσει,
1489 393 1865 468 ἢέλλείψει,ἣ

1976 401 2064 469 qui
2145 402 2630 472 transgressionem
2707 405 2787 458 vel
2870 403 3387 475 praetermissionent
3474 401 3555 461 vel

283 479 523 551 ἀμελείᾳ
556 479 695 533 Θεοῦ
719 481 966 552 ἐντολῆς.

365 679 385 712 ι
420 659 704 729 Μακάριοι
771 664 821 715 σί
881 630 1245 736 εἰρηνοποιοί.
1277 667 1360 720 ὅτι
1402 667 1561 719 αὐτοὶ
1594 668 1696 719 υἱοὶ
1734 667 1870 719 Θεοῦ

285 753 675 824 κληθήσονται.
715 773 734 807 ι
782 752 907 809 Εἶεν
970 760 1071 830 μὲν
1121 759 1462 832 εἰρηνοποιοὶ
1533 759 1629 813 καὶ
1663 761 1713 812 οἱ
1744 761 1868 821 τοὺς

286 845 676 913 ἐχθραίνοντας
701 846 769 900 δι’
800 850 1107 915 ἐπιεικείας
1150 851 1593 922 φιλοποιούμενοι
1625 869 1640 883 υ
1668 845 1781 904 εἷεν
1814 853 1871 904 δὲ

288 938 392 991 καὶ
410 939 459 990 oi
483 938 576 993 τὸν
607 939 801 1009 θυμὸν,
840 943 934 995 καὶ
967 945 1017 996 si
1052 945 1151 1014 τὴν
1179 944 1479 1014 ἐπιθυμίαν
1511 945 1578 1012 ἀγ
1592 946 1870 1016 ριαινόμε-

288 1048 400 1095 νοι,
434 1029 834 1102 ἐξημεροῦντες
862 1035 932 1088 δι’
951 1037 1175 1107 ἀρετῆς,
1205 1039 1347 1091 κατά
1370 1037 1453 1103 τὸ,
1485 1056 1504 1090 ι
1540 1038 1871 1108 Εἱρηνεύετε

288 1125 531 1189 ἑαυτοῖς,
562 1124 641 1194 τῷ
674 1127 863 1198 Κυρίῳ
895 1128 1086 1200 λεχθέν
1109 1148 1123 1160 ·
1159 1148 1178 1181 ι
1209 1130 1550 1201 είρηνοποιοὶ
1580 1131 1639 1184 δὲ
1686 1131 1780 1185 καὶ
1824 1131 1873 1183 οἱ

284 1213 380 1266 διὰ
419 1212 513 1266 τοῦ
567 1214 950 1270 διδασκαλικοῦ
1026 1217 1188 1286 λόγου
1244 1219 1372 1282 τοὺς
1426 1220 1870 1292 δι’ἀσέϐειαν,ῆ

286 1304 498 1374 φαῦλον
558 1305 673 1377 βίον
727 1307 958 1380 ἐχθροὺς
983 1312 1312 1380 γενομένους
1338 1312 1457 1382 Θεῷ
1517 1316 1597 1376 είς
1621 1312 1683 1366 τὸ
1714 1312 1872 1376 εύθὲς

290 1400 701 1469 μεταφέροντες
739 1400 834 1454 καὶ⁵
892 1402 1080 1470 φίλους
1122 1404 1407 1467 ποιοῦντες
1448 1405 1597 1476 αὐτῷ
1625 1424 1639 1438 ο
1666 1407 1747 1460 διὸ
1777 1407 1873 1460 καὶ

284 1490 367 1553 ὡς
394 1493 633 1563 μιμηταὶ⁵
660 1491 798 1546 Θεοῦ
824 1493 918 1547 τοῦ
948 1496 1472 1567 είρηνοποιήσαντος
1505 1498 1594 1553 διὰ
1624 1499 1719 1553 τοῦ
1741 1500 1871 1553 ἰδίου

283 1581 524 1650 αἵματος
580 1581 650 1635 τά
704 1583 951 1655 ἡμέτερα
1005 1586 1321 1653 εἰσάγονται
1378 1588 1458 1651 είς
1512 1587 1611 1659 τὴν
1658 1589 1871 1644 ἐκείνου

284 1674 640 1742 συγγένειαν.

281 1857 370 1910 ὅτι
407 1857 591 1912 αὐτῶν
638 1859 791 1912 ἐστιν
821 1861 854 1929 ἡ
889 1860 1147 1929 βασιλεία
1203 1861 1316 1916 τῶν
1349 1863 1625 1933 οὐρανῶν.
1670 1864 1730 1918 '0
1768 1865 1868 1936 μὲν

279 1948 447 2015 λόγος
469 1948 561 2002 τὸν
596 1950 741 2003 κατά
763 1950 875 2004 τῶν
914 1952 1211 2024 μαρτύρων
1262 1954 1554 2027 ὑποτίθησι
1586 1956 1826 2027 διωγμόν
1851 1974 1867 1992 ·

280 2040 345 2092 ὃν
382 2040 571 2094 ἕνεκεν
595 2041 965 2114 δικαιοσύνης,
992 2047 1136 2117 φημὶ
1160 2045 1224 2119 δὴ
1277 2047 1371 2101 τοῦ
1423 2048 1686 2119 Χριστοῦ,
1714 2050 1871 2104 ἐδιώ-

280 2131 513 2201 χθησαν.
542 2131 877 2207 Δικαιοσύνη
925 2135 1037 2207 γὰρ
1083 2136 1243 2204 Θεοῦ,
1280 2140 1374 2193 καὶ
1411 2140 1645 2211 Πατρδς,
1677 2143 1761 2207 τίς
1801 2143 1869 2198 ἂν

281 2225 377 2294 εἴη
411 2225 549 2296 πλὴν
573 2226 656 2280 ὅτι
687 2228 927 2298 Χριστός
954 2245 969 2295 ;
998 2230 1160 2285 Οὕτω
1208 2233 1319 2303 γὰρ
1364 2233 1530 2287 αὐτὸν
1554 2237 1582 2288 δ
1613 2235 1745 2299 Θεὸς
1773 2236 1869 2289 καὶ

283 2317 480 2389 Πατὴρ
502 2319 776 2373 ἀποκαλεῖ
819 2321 998 2387 λέγων
1027 2338 1041 2354 ·
1080 2342 1100 2374 ι
1149 2325 1394 2394 Ἐγγίζει
1424 2327 1564 2397 ταχὺ
1594 2329 1628 2398 ἡ
1662 2327 1871 2382 δικαιο-

285 2410 424 2481 σύνη
477 2428 604 2481 μου,
639 2412 737 2466 καὶ
766 2414 829 2466 τὸ
860 2414 1010 2477 ἔλεός
1047 2432 1150 2485 μου
1180 2416 1666 2486 ἀποκαλυφθῆναι.
1701 2440 1719 2471 ι
1753 2418 1871 2472 Μα-

282 2503 473 2574 κάρισι
512 2500 608 2558 οῦν
654 2506 843 2560 ἕνεκεν
895 2507 1062 2562 αὐτοῦ
1090 2509 1197 2562 ὑπὸ
1223 2511 1334 2561 τῶν
1358 2509 1574 2563 ἀσεϐῶν
1599 2511 1867 2579 διωκόμε-

280 2614 368 2650 νοι
425 2598 517 2651 καὶ
551 2598 962 2670 ὀνειδιζόμενοι.
996 2600 1144 2673 Πλὴν
1170 2601 1307 2656 ἀλλὰ
1336 2602 1434 2656 καὶ
1467 2602 1563 2657 τοῦ
1592 2603 1865 2673 κοσμικοῦ

281 2688 520 2757 θορύϐου
550 2691 781 2755 ἑαυτοὺς
805 2691 1188 2759 ἐκδιώξαντες,
1221 2692 1314 2745 καὶ
1356 2692 1449 2748 τὸν
1495 2694 1736 2765 χρηστὸν
1770 2692 1867 2747 τοῦ

284 2779 496 2849 Κυρίου
532 2780 697 2849 ζυγὸν
730 2781 1113 2851 προελόμενοι,
1160 2782 1256 2836 καὶ
1283 2782 1400 2836 ὅσοι
1427 2783 1580 2853 παρά
1615 2782 1725 2837 τῶν
1765 2785 1867 2836 £1:-

284 2871 632 2939 ηρεαζόντων
659 2872 972 2935 διώκονται,
1003 2873 1376 2943 ὑϐριζόμενοι,
1428 2873 1866 2946 λοιδορούμενοι,

282 2961 397 3015 τῶν
463 2962 613 3017 ἰδίων
671 2963 1049 3037 στερούμενοι,
1098 2965 1195 3019 καὶ
1255 2965 1437 3020 πάντα
1457 2966 1547 3020 διὰ
1570 2967 1671 3036 τὴν
1696 2966 1868 3031 ὅντως

276 3056 633 3128 δικαιοσύνην
656 3059 1008 3129 εὐχαρίστως
1042 3059 1347 3131 δεχόμενοι,
1379 3052 1527 3114 οὗτοι
1567 3060 1771 3125 πάντες
1809 3062 1867 3113 ὲν

279 3147 588 3202 ἀπολαύσει
613 3149 857 3217 γίνονται
882 3151 983 3220 τῆς
1011 3151 1296 3221 βασιλείας
1340 3153 1450 3207 τῶν
1483 3153 1763 3224 οὐρανῶν·
1800 3147 1870 3225 ἦς

279 3240 499 3307 γένοιτο
521 3243 953 3313 κατατρυφῆσαι
978 3244 1188 3308 πάντας
1216 3246 1366 3316 ἡμᾶς
1417 3244 1740 3315 πρεσϐείαις
1772 3246 1868 3300 τοῦ

282 3334 527 3404 μεγάλου
598 3337 814 3407 Πατρδς
845 3377 860 3402 ,
911 3338 1010 3391 καὶ
1070 3337 1490 3408 θαυματουργοῦ
1569 3339 1869 3405 Νικολάου,

282 3427 385 3479 καὶ
407 3426 627 3482 πάντων
680 3427 789 3482 τῶν
811 3428 987 3496 ἁγίων
1040 3430 1152 3482 τῶν
1195 3429 1682 3501 εύαρεστησάντων
1726 3429 1866 3501 Θεῷ,

277 3512 331 3586 ᾧ
373 3518 575 3589 πρέπει
625 3519 760 3592 τιμὴ
812 3522 963 3577 πᾶσα
1018 3523 1115 3576 καὶ
1193 3522 1326 3589 δόξα
1370 3523 1452 3585 είς
1478 3524 1608 3586 τοὺς
1640 3521 1867 3585 αἰῶνας.

294 3611 496 3683 ’Δμήν.

850 3720 1111 3776 ΟΜΙΛΙΔ.
1150 3721 1278 3775 NB’.

768 3838 875 3901 Εἰς
904 3835 975 3890 τὰ
1008 3836 1145 3908 ἅγια
1185 3837 1391 3904 νήπια.

367 3944 490 4000 Ἐπὶ
544 3944 643 4018 τὴν
704 3946 857 4018 ίεράν
893 3947 1145 4019 Βηθλεὲμ
1192 3950 1316 4018 ἄγει
1359 3950 1602 4021 σήμερον
1647 3950 1863 4022 ἡμᾶςή

275 4035 549 4089 θεσπεσία
572 4037 682 4091 τῶν
711 4038 1069 4107 Εύαγγελίων
1123 4041 1296 4112 φωνή.
1338 4041 1449 4105 Διὸ,
1499 4041 1754 4112 καθάπερ
1785 4044 1865 4104 είς

276 4129 430 4182 θεῖον
454 4129 600 4198 ἱερὸν
648 4129 891 4183 εἰσδῦναι
944 4130 1253 4200 μέλλοντες,
1318 4131 1653 4202 ἀγιοπρεπεί
1700 4131 1862 4203 νήψει

273 4220 377 4274 τὸν
426 4221 551 4275 νοῦν
611 4220 846 4286 ἕκαστος
887 4222 1043 4292 ήμῶν
1095 4222 1528 4293 ἐκκαθάραντες,
1579 4223 1735 4276 δεῦτε
1785 4224 1863 4296 τῷ

274 4313 433 4383 λόγῳ
464 4314 603 4383 πρὸς
636 4313 752 4386 ,τὴν
794 4313 949 4367 πόλιν
1001 4313 1347 4384 ὲπειχθῶμεν
1374 4314 1578 4369 Δαϐίδσ
1612 4315 1708 4369 καὶ¹
1735 4315 1862 4379 τοὺς

1973 495 2134 567 353
2165 498 2545 569 negligentiam
2583 497 2716 568 legis
2757 498 2951 553 divinm
2981 497 3035 551 in
3071 512 3131 553 se
3169 496 3289 568 ipso
3318 512 3427 553 non
3463 497 3559 552 de-

1904 576 1913 589 “
1975 587 2282 655 prehendit.

2051 695 2071 729 ι
2106 675 2253 730 Beati
2278 677 2508 746 paciﬁci,
2533 678 2785 749 quoniam
2809 679 2906 749 ipsi
2935 680 3025 734 lilii
3057 680 3147 734 Dei
3168 680 3551 734 vocabuntur.»

1979 768 2195 823 Paciﬁci
2242 770 2466 839 intelligi
2512 781 2757 840 possunt,
2789 773 2870 826 vel
2899 774 2987 841 qui
3024 774 3275 827 inimicos
3308 786 3375 827 ex
3398 786 3556 841 aequo

1980 865 2230 933 bonoque
2283 867 2614 931 conciliant;
2671 866 2894 936 intelligi
2948 867 3112 920 etiam
3171 873 3417 933 possunt,
3464 864 3557 934 qui

1978 954 2123 1010 circa
2178 955 2507 1011 irascibilem
2565 957 2645 1013 vel
2704 948 3201 1027 concupiscibi!em
3239 956 3446 1011 ell'erati
3499 972 3560 1011 se

1978 1045 2126 1115 ipsos
2155 1046 2608 1114 mansuefaciuut,
2633 1049 2787 1119 juxta
2821 1048 2949 1103 illud
2978 1064 3004 1101 ιι
3036 1048 3267 1102 Domino
3299 1050 3499 1102 dictum
3543 1069 3555 1102 :

1981 1155 2000 1189 ι
2037 1137 2232 1193 Pacem
2282 1140 2474 1194 habete
2518 1140 2572 1194 in
2603 1140 2757 1195 vobis
2794 1140 2943 1207 ipsis.
3006 1157 3025 1193 ι
3077 1139 3297 1194 Pacilici
3345 1154 3557 1215 quoque

1976 1234 2124 1290 sunt,
2145 1224 2235 1294 qui
2276 1240 2367 1278 eos
2389 1227 2477 1295 qui
2507 1242 2601 1296 per
2644 1228 2976 1295 impietatem
3023 1236 3078 1282 et
3100 1243 3322 1297 pravam
3345 1228 3557 1280 vivendi

1978 1315 2250 1371 rationem
2310 1316 2524 1389 inimici
2567 1328 2694 1373 sunt
2744 1318 2874 1383 Deo,
2926 1319 3251 1374 hortationis
3293 1317 3459 1372 verbo
3504 1318 3554 1370 in

1979 1417 2184 1462 rectam
2213 1406 2488 1464 deducunt
2521 1410 2682 1476 viam,
2718 1417 2773 1463 et
2806 1412 2858 1462 in
2908 1410 3202 1465 amicitiam
3245 1410 3362 1480 ejus
3404 1409 3561 1462 restio

1977 1505 2157 1553 tuunt.
2197 1497 2352 1556 Unde
2384 1502 2544 1555 veluti
2596 1503 2900 1559 imitatores
2948 1502 3061 1565 Dei,
3092 1503 3183 1571 qui
3214 1517 3309 1570 per
3340 1500 3559 1569 sangui—

1978 1600 2101 1639 nem
2131 1602 2291 1641 suum
2340 1596 2524 1644 nostra
2572 1590 2898 1660 paciﬁcavit,
2946 1591 2999 1646 in
3028 1592 3195 1661 ipsius
3225 1589 3320 1646 Dei
3364 1605 3559 1661 cogna-

1888 1711 1893 1716 -
1977 1676 2178 1732 tionem
2209 1679 2559 1735 adootantur.

363 1695 640 1742 γγενειαν.
1888 1711 1893 1716 -
1977 1695 2178 1732 tionem
2209 1695 2348 1749 auop

363 1784 383 1817 ι
426 1766 710 1836 Μακάριοι
765 1767 816 1820 οί
871 1768 1230 1840 δεδιωγμένοι
1263 1770 1454 1826 ἕνεκεν
1488 1772 1865 1844 δικαιοσύνης,
1900 1752 1943 1810 Β
2050 1785 2068 1819 ι
2129 1767 2279 1823 Beati

2050 1785 2068 1819 ι
2129 1767 2279 1823 Beati
2355 1770 2452 1839 qui
2509 1772 2946 1840 persecutionem
3001 1773 3280 1842 patiuntur
3335 1779 3558 1840 propter

1966 1855 2264 1926 justitiam,
2300 1862 2554 1931 quoniam
2582 1864 2822 1933 ipsorum
2845 1871 2931 1917 est
2963 1878 3186 1934 regnum
3215 1862 3499 1919 caelorum.
3532 1878 3552 1913 ι

1971 1951 2087 2006 Iloc
2107 1951 2255 2008 dicto
2280 1948 2714 2022 persecutionem
2742 1967 3042 2027 martyrum
3071 1955 3361 2024 signiﬁcat,
3393 1965 3558 2020 quam

1973 2043 2077 2113 ipsi
2147 2053 2368 2115 propter
2423 2045 2729 2115 justitiam,
2785 2058 3006 2115 propter
3056 2046 3338 2102 Christum
3400 2044 3554 2110 dico,

1971 2135 2268 2206 patiuntur.
2320 2135 2536 2193 Justitia
2581 2139 2723 2193 enim
2762 2138 2875 2208 Dei}
2912 2150 2967 2193 et
3008 2138 3208 2203 Patris,
3243 2137 3365 2206 quis
3416 2136 3558 2191 alius

1970 2244 2134 2298 quam
2180 2228 2433 2285 Christus
2485 2230 2591 2285 sit?
2620 2230 2711 2285 Sic
2742 2231 2887 2286 enim
2919 2231 3094 2301 ipsum
3130 2231 3275 2285 Deus
3301 2238 3358 2285 et
3393 2227 3558 2283 Pater

1973 2316 2203 2386 appellat
2246 2336 2261 2372 :
2301 2338 2320 2371 ι
2370 2320 2786 2391 Appropinquat
2834 2321 3017 2375 statim
3057 2320 3267 2390 justitia
3308 2334 3462 2385 mea;
3499 2327 3555 2373 et

1973 2410 2350 2466 misericordia
2385 2427 2527 2475 mea,
2558 2422 2617 2466 ut
2655 2412 2922 2468 reveletur
2957 2412 3023 2465 τί.
3070 2410 3223 2466 Beati
3265 2410 3431 2480 igitur
3463 2409 3555 2479 qui

1973 2502 2347 2559 insectationis
2389 2504 2558 2574 ipsius
2601 2519 2766 2559 eausa
2805 2507 2873 2559 ab
2909 2504 3090 2575 impiis
3128 2507 3422 2559 sustinent.
3459 2500 3559 2555 Ve-

1970 2603 2277 2647 rumtamen
2309 2593 2400 2663 qui
2423 2595 2490 2649 ab
2520 2595 2624 2650 hoc
2654 2595 2842 2649 mtmdi
2869 2595 3101 2648 tumultu
3136 2595 3294 2664 quasi
3327 2608 3386 2649 se
3408 2593 3556 2661 ipsos

1969 2696 2368 2755 persequentes
2390 2689 2681 2753 excedunt,
2704 2699 2759 2741 et
2786 2686 2990 2742 Christi
3015 2687 3202 2758 jugum
3228 2694 3553 2756 praeoptarit,

1968 2786 2025 2832 et
2057 2787 2328 2848 quotquot
2368 2793 2399 2831 a
2424 2779 2910 2834 calumniatoribus
2936 2779 3279 2834 contumeliis
3319 2786 3374 2833 et
3407 2775 3555 2846 inju-

1971 2874 2069 2928 riis
2096 2873 2277 2931 all'ecti
2304 2885 2455 2942 sunt,
2486 2883 2542 2931 et
2567 2875 2727 2932 bonis
2761 2877 2995 2947 propriis
3020 2874 3260 2946 spoliati,
3291 2885 3347 2930 et
3366 2873 3550 2930 omnia

1969 2974 2195 3035 propter
2243 2981 2429 3022 veram
2479 2967 2750 3036 justitiam
2802 2984 2927 3024 cum
2985 2968 3285 3039 gratiarum
3342 2966 3554 3020 actione

1895 3096 1939 3152 Ο
1971 3056 2301 3126 suscipiunt,
2329 3057 2382 3112 hi
2415 3073 2606 3114 omnes
2637 3059 2898 3115 ctelorum
2926 3074 3092 3128 regno
3128 3058 3377 3113 fruentur
3404 3073 3419 3111 :
3448 3069 3555 3124 quo

1974 3144 2184 3200 utinam
2203 3148 2358 3203 nobis
2386 3149 2547 3218 potiri
2571 3150 2851 3220 contingat
2879 3150 3132 3220 precibus
3154 3146 3553 3219 magniPatris.
3640 3174 3653 3193 ι

1974 3254 2036 3293 ac
2081 3241 2452 3315 thaumaturgi
2483 3243 2716 3306 Nicolai.
2740 3254 2794 3299 et
2822 3245 3067 3299 omnium
3095 3252 3430 3306 sanctorum,
3460 3240 3552 3309 qni

1972 3331 2082 3388 Deo
2110 3333 2468 3405 placuerunt;
2492 3337 2577 3391 cui
2607 3337 2836 3393 debetur
2857 3336 3036 3413 omnis
3061 3336 3234 3407 gloria
3256 3336 3308 3389 in
3331 3333 3551 3389 saecula.

1970 3424 2164 3479 Amen.

2538 3722 2815 3778 [IOMILIA
2888 3723 2993 3778 LII.

2422 3839 2481 3894 In
2514 3851 2720 3894 sanctos
2767 3842 3098 3894 Innocentrs.

2039 3951 2119 4005 Ad
2152 3965 2363 4005 sacram
2395 3950 2560 4005 hodie
2590 3949 2871 4004 Bethleem
2905 3950 3085 4004 divina
3116 3948 3391 4017 Evangelii
3420 3962 3549 4002 voce

1968 4043 2307 4097 deducimur.
2356 4040 2562 4097 Idcirco
2613 4051 2869 4110 tanquam
2921 4041 2974 4094 in
3009 4048 3257 4094 sanctum
3312 4037 3539 4109 aliquod

1969 4132 2265 4204 ingressuri
2295 4131 2557 4200 templum
2586 4147 2648 4185 ea
2673 4145 2792 4199 qua:
2816 4138 3036 4184 sanctos
3056 4130 3261 4192 deccat,
3287 4128 3549 4182 mumlitie

1967 4234 2203 4280 mentem
2235 4223 2612 4294 unusquisque
2650 4236 2804 4275 suam
2857 4221 3204 4291 puriﬁcuutes
3259 4220 3401 4290 agite
3435 4218 3546 4288 jam

1968 4315 2019 4369 in
2053 4313 2329 4369 civitatem
2379 4314 2543 4368 David
2570 4328 2822 4369 sermone
2854 4314 2970 4382 ipso
3013 4327 3459 4383 approperemus,
3490 4318 3545 4364 et

278 4405 386 4475 μὲν
410 4406 626 4476 Πέρσας
651 4406 833 4460 οἴκαδε
863 4404 1350 4477 παραπέμψωμεν,
1378 4406 1454 4469 ὡς
1481 4407 1740 4479 ἀπαρχὴν
1761 4407 1861 4477 τῆς

1976 4408 2161 4463 Persas
2175 4406 2387 4476 quidem
2403 4407 2737 4460 dimittamus
2757 4407 2995 4471 domum,
3012 4407 3102 4475 qui
3120 4406 3272 4474 quasi
3292 4402 3546 4473 primitiae

271 4499 505 4567 ὲῖινικῆς
536 4500 732 4571 μοίρας
767 4500 867 4572 ἤδη
903 4499 1311 4569 προσαχθέντας
1348 4500 1590 4573 Χριστῷ.
1621 4499 1860 4563 Τούτους

268 4608 311 4657 γ
334 4589 392 4659 ἰρ
404 4592 503 4659 τῆς
522 4589 663 4645 κατὰ
683 4591 774 4644 τοῦ
797 4591 1044 4644 διαϐόλου
1065 4591 1241 4663 πάλης
1264 4592 1475 4661 εἰλήφει
1528 4591 1859 4662 πρωτόλεια.

271 4676 445 4735 Οὗτοι
477 4682 578 4751 μὲν
609 4679 702 4736 οῦν
731 4684 811 4746 είς
837 4683 1073 4751 Περσίδα
1113 4682 1182 4736 δι’
1250 4682 1417 4753 ἄλλης
1460 4683 1580 4736 ὁδοῦ
1624 4683 1859 4752 ἀγγέλου

269 4773 447 4846 βουλῇ
472 4773 863 4845 βαδιζέτωσαν,
906 4774 1004 4846 τὴν
1033 4776 1205 4847 καλὴν
1250 4775 1553 4848 ἐμπορείαν
1584 4779 1859 4849 ἐμπορευ-

275 4865 514 4932 σάμενοι
541 4881 556 4896 ’
586 4865 710 4918 ἀντὶ
739 4864 968 4936 χρυσοῦ,
1025 4867 1121 4920 καὶ
1154 4865 1400 4933 λιϐάνου,
1436 4867 1531 4922 καὶ
1585 4869 1853 4940 σμύρνης,

267 4952 383 5023 τὴν
438 4954 535 5009 τοῦ
588 4953 725 5008 Θεοῦ
767 4956 1165 5027 κεκερδακότες
1192 4956 1528 5026 ἐπίγνωσιν·
1573 4957 1771 5030 Ἰωσὴφ
1797 4959 1855 5011 δὲ

354 5108 400 5141 ⁷⁸
438 5109 545 5166 lsa.
578 5126 652 5176 LI,
686 5110 757 5180 5;
799 5126 911 5176 va,
953 5112 1003 5165 l.

1970 4500 2300 4553 haereditatis
2324 4495 2488 4570 354
2513 4513 2577 4551 ex
2610 4496 2861 4566 gentibus
2887 4496 3188 4565 aequis-itte.
3220 4496 3383 4552 oblati
3420 4505 3547 4550 sunt

1968 4589 2211 4645 Christo.
2263 4588 2371 4644 llos
2404 4592 2548 4644 enim
2601 4589 2765 4644 veluti
2812 4605 2873 4644 ex
2922 4604 3098 4659 pugna
3151 4604 3275 4644 cum
3330 4588 3546 4643 diaholo

1970 4681 2241 4736 decertata
2272 4682 2443 4751 prima
2487 4682 2671 4735 retulit
2714 4680 2907 4752 spolia.
2945 4681 3006 4735 lli
3059 4682 3223 4751 igitur
3251 4696 3347 4749 per
3382 4680 3543 4733 aliam

1970 4772 2109 4825 viam
2146 4773 2322 4842 angeli
2354 4774 2559 4827 monitu
2589 4774 2967 4842 regrediautur
2993 4774 3044 4826 iu
3074 4772 3370 4835 Persidem,
3405 4779 3548 4840 post-

1968 4880 2128 4933 quam
2161 4865 2419 4934 optimam
2453 4864 2632 4921 fecere
2662 4878 3059 4931 mercaturam;
3095 4873 3148 4917 et
3199 4877 3352 4930 auro,
3385 4862 3545 4916 thure

1966 4968 2020 5010 ct
2068 4958 2286 5028 myrrha
2320 4959 2642 5025 permutatis
2678 4959 2772 5014 Dei
2819 4959 3068 5014 notitiam
3122 4958 3315 5013 Iucrati
3377 4964 3538 5013 sunt'

1509 5231 1831 5293 Francisci
1861 5234 2070 5295 Scorsi
2111 5242 2297 5297 uola).

271 5349 637 5423 (εἰμί-ἀθειψὶ
679 5350 733 5406 in
774 5352 894 5408 Vat.
922 5352 1111 5423 ῶσπερ
1145 5353 1174 5404 ὁ
1204 5354 1479 5423 ᾼάζαρος,
1524 5356 1666 5423 quod
1711 5366 1763 5410 et
1807 5357 1859 5410 in

273 5422 374 5491 illo
400 5418 581 5473 Basilii
610 5430 756 5475 textu
784 5432 840 5476 et
872 5426 923 5475 in
948 5418 1162 5491 exemp.
1188 5421 1326 5479 Gall.
1354 5418 1633 5479 exaratum
1665 5437 1860 5482 exstat.

272 5489 578 5566 Litlemqtte
605 5506 700 5566 pro
729 5492 975 5566 ὁπωσοῦν
1005 5489 1309 5566 συμϐᾶσαν,
1341 5511 1458 5562 qua:
1498 5504 1583 5550 est
1608 5511 1860 5566 germana

276 5560 695 5633 Basiliigloentio
715 5572 770 5633 et
798 5563 933 5615 bene
971 5562 1137 5616 relata
1174 5560 1552 5633 a‘fl‘heophane
1588 5560 1744 5633 p'ruut
1782 5566 1861 5617 In-

273 5629 464 5701 quitur
482 5629 682 5701 iu_Ga|l.
699 5632 983 5697 depravata
1003 5641 1120 5684 erat
1138 5631 1317 5686 inVat.
1335 5629 1417 5688 his
1433 5629 1634 5701 verbis,
1653 5635 1863 5687 ὐπωσ-

270 5697 348 5768 ίὴ
386 5698 587 5755 ποτοῦν
616 5701 927 5771 συμϐᾶσαν.
974 5701 1196 5756 Demuni
1222 5719 1385 5773 supra
1432 5704 1591 5759 etiam
1621 5697 1856 5760 summa

1962 5371 2085 5411 sunt
2112 5360 2378 5427 quaedam,
2416 5375 2478 5412 ex
2505 5359 2691 5412 eodem
2719 5357 2858 5413 Gall.
2887 5358 2956 5412 ab
2980 5358 3089 5413 illis
3118 5358 3298 5414 verbis
3324 5358 3416 5413 καὶ
3441 5360 3542 5427 τῆς

1962 5429 2298 5498 Δεσποτικῆς
2327 5427 2601 5490 πολιτείας
2636 5442 2804 5496 usque
2836 5429 2902 5481 ad
2937 5428 3215 5499 βασιλείαν
3240 5429 3350 5481 τῶν
3375 5429 3537 5498 ούραι

1962 5500 2086 5562 νῶν,
2116 5514 2234 5566 qua:
2264 5501 2336 5552 ita
2371 5500 2594 5565 praecisa
2630 5507 2775 5559 sunt,
2804 5507 2859 5551 ut
2883 5500 2927 5554 si
2956 5500 3077 5567 quis
3100 5514 3161 5553 ea
3188 5514 3294 5550 non
3318 5500 3460 5567 legat
3486 5505 3538 5554 in

1963 5569 2067 5620 alio
2107 5571 2226 5622 cod.
2258 5570 2340 5622 vix
2373 5570 2425 5622 in
2467 5569 2829 5636 suspicionem
2862 5570 3049 5622 venire
3076 5568 3319 5622 defectus
3342 5571 3537 5637 possit.

1962 5639 2212 5691 Attamen
2259 5637 2312 5691 in
2354 5637 2491 5693 Gall.
2540 5648 2751 5706 reperta
2786 5639 2970 5693 censui
3015 5653 3138 5692 esse
3170 5641 3538 5695 resarcie-nda.

1964 5717 2149 5778 utpote
2170 5707 2236 5762 ad
2263 5723 2454 5763 sensus
2487 5708 2872 5778 plenitudinem
2902 5710 3247 5779 pertinentia.
