3934 6222
336 257 438 321 991

1681 277 2019 340 HOMlLIA
2063 285 2193 349 Lll.

3471 300 3577 364 922

338 371 470 441 λὴνς
547 372 948 448 Ἀντερήσομαί
1004 397 1062 434 σε
1115 382 1208 436 τὸν
1259 383 1402 438 οὕτω
1457 386 1889 459 θρασυπομοῦν·

2007 395 2241 455 infantes
2272 401 2538 459 insidias?
2560 405 2664 461 Sed
2689 421 2786 476 ego
2806 417 2993 464 contra
3019 425 3256 480 quaeram
3287 425 3350 464 ex
3381 419 3454 477 te,
3482 411 3574 480 qui

332 482 404 517 ατ
481 465 661 534 κάγὼ,
730 471 826 523 καὶ
878 474 990 536 τοῖς
1066 473 1160 526 τοῦ
1192 475 1327 530 Θεοῦ
1377 480 1644 547 κρίμασιν
1701 482 1905 551 ἀντεμ-

334 557 616 610 εαίνοντα.
668 559 820 614 Τίδέ
871 565 986 624 τοῖς
1043 566 1262 635 νηπίοις
1307 568 1517 638 βέλτιον
1575 568 1902 644 ἧν;οὕτως

268 647 280 655 ”
333 648 514 719 ἀὸρως
537 653 860 724 μαρτυρικῷ
909 656 1106 726 αἵματι
1148 660 1555 727 τελειωθέντας,
1585 669 1685 729 τὰς
1737 667 1902 719 πολυ-

332 741 526 803 παθεῖς
572 744 668 795 τοῦ
728 745 847 814 βίου
896 747 1077 818 κῆρας
1124 755 1334 821 φυγεῖν,
1397 756 1492 807 καὶ
1541 757 1642 827 τῆς
1690 759 1904 812 ἐκεῖθεν

335 837 756 903 κατατρυφῆσαι
811 841 1231 912 μακαριότητος,
1267 847 1297 917 ἤ
1343 847 1613 919 ζήσαντας
1656 851 1754 921 τὴν
1783 853 1904 904 ἐπί-

335 941 499 977 πονον
527 927 731 998 ταύτην
763 929 930 1000 ζωὴν,
966 934 1068 1003 τῆς
1121 942 1396 1011 πατρικῆς
1445 944 1735 1008 ἀπειθείας
1787 963 1902 1000 κοι-

332 1016 596 1084 νωνῆσαι,
623 1020 717 1071 καὶ
744 1020 845 1089 τὴν
865 1023 1038 1094 ἀσεϐῆ
1080 1029 1178 1079 καλ⁴
1211 1031 1493 1100 τολμηρὰν
1526 1035 1742 1104 ἐκείνην
1758 1036 1902 1091 κατά

328 1105 428 1159 τοῦ
457 1110 682 1199 ,Κυρίου
731 1112 894 1182 ῥῆξαι
913 1116 1117 1188 φωνὴν,
1149 1115 1338 1192 Ἀρον,
1377 1120 1535 1194 ἆρον,
1580 1128 1901 1199 σταύρωσον

331 1198 497 1254 αὐτόν
527 1216 542 1233 ⁸
573 1201 632 1255 ἐν
658 1205 825 1275 πείρᾳ
847 1223 908 1260 τε
947 1211 1203 1277 γενέσθαι
1257 1215 1367 1268 τῶν
1398 1216 1644 1288 ὑστέρων
1686 1198 1898 1288 κακῶν,

331 1294 428 1343 καὶ
453 1292 751 1348 δυσοίστων
779 1298 880 1365 τῆς
910 1302 1290 1372 αίχμαλωσίας
1312 1311 1628 1381 συμφορῶν,
1660 1313 1901 1383 ὁπηνίκα

333 1383 806 1456 πολιορκούμενοι,
841 1391 937 1444 καὶ
983 1394 1492 1468 λιμαγχονούμενοι,
1536 1406 1630 1456 καὶ
1680 1407 1900 1476 σαρκῶν

329 1475 694 1546 ἀνθρωπίνων
753 1484 1069 1551 ἐγεύσαντο,
1104 1492 1343 1558 ἁλῶντες
1388 1495 1444 1548 δέ
1494 1497 1740 1568 ἀνηλεῶς
1770 1518 1901 1554 κατ-

327 1567 609 1664 εκόπησαν
644 1588 658 1637 ;
690 1568 819 1644 ’Ἆρ’
867 1575 961 1631 οὖν
1011 1581 1072 1634 οὐ
1125 1585 1268 1654 μέγα
1328 1588 1519 1659 κέρδος
1571 1567 1682 1656 τοῖς
1733 1595 1898 1664 ἱεροῖς

326 1659 545 1728 νηπίοις
574 1664 603 1716 ὁ
645 1664 831 1731 ἄδικος
858 1670 1050 1738 γέγονε
1081 1673 1312 1740 θάνατος
1337 1695 1352 1744 ;

395 1831 506 1888 Ἦν
538 1837 637 1906 μὲν
666 1840 760 1893 καὶ
789 1841 956 1905 ἄλλας
985 1847 1166 1912 αἰτίας
1200 1854 1497 1924 προσθῆναι
1527 1861 1626 1928 τῆς
1658 1876 1764 1914 των
1793 1881 1892 1934 νη-

322 1925 474 2015 πίων
495 1930 731 1999 σφαγῆς,
763 1932 878 1985 ἀλλ’
905 1936 1086 2007 ἐνηχεί
1119 1957 1219 2008 μου
1251 1942 1349 2007 τὰς
1383 1945 1474 1998 τοῦ
1509 1925 1627 2014 νοδς
1662 1925 1892 2015 ἁκοάςυό

323 2013 446 2067 τότε
488 2018 777 2086 γενόμενος
817 2019 1072 2092 θόρυϐος,
1114 2029 1211 2082 καὶ
1247 2031 1308 2084 τὸ
1354 2036 1494 2088 κατὰ
1535 2037 1644 2091 τῶν
1688 2013 1892 2097 παίδων

325 2106 1078 2206 ἀπηνέστατον-πρόσταγμα,
1115 2122 1209 2176 καὶ
1249 2125 1282 2194 ἡ
1325 2125 1708 2185 ἀκουτισθείσα
1741 2137 1892 2206 φωνὴ

325 2195 388 2294 ἐν
413 2197 612 2294 ’ἐδαμιῄ
638 2204 732 2255 καὶ
756 2203 816 2257 τὸ
845 2207 1001 2273 Οὐαὶ,
1028 2211 1122 2263 καὶ
1151 2213 1178 2264 ὁ
1207 2213 1403 2284 θρῆνος
1422 2219 1522 2287 τῆς
1553 2195 1895 2294 Ῥαχὴλέκεί

321 2289 416 2342 τὸν
441 2290 597 2360 λόγον
623 2295 937 2362 ὑφέλκεται.
976 2301 1136 2354 Ἀλλά
1166 2306 1319 2368 ποῖος
1344 2307 1410 2360 ἂν
1437 2289 1681 2380 ἐφίκοιτο
1706 2289 1887 2386 λόγος,

321 2383 462 2452 πρὸς
493 2391 746 2441 τοσούτου
782 2390 989 2454 πάθους
1021 2394 1331 2466 ἀφήγησινς
1365 2401 1459 2464 Τίς
1491 2404 1657 2470 ἀξίως
1691 2383 1894 2480 sum;

321 2476 590 2569 γῳδήσειε
616 2479 714 2549 τῆς
742 2487 1031 2553 συμφορᾶς
1059 2489 1276 2560 ἐκείνης
1304 2493 1365 2546 τὸ
1396 2498 1659 2567 μέγεθος;
1689 2500 1734 2554 ὣ
1761 2476 1890 2569 θέας

317 2567 634 2639 ἀπευκτῆςί
677 2570 722 2624 ὣ
765 2574 964 2640 γνόφου
1013 2579 1184 2634 δεινοῦ
1232 2589 1596 2657 κατασχόντος
1632 2595 1753 2648 τότε
1793 2597 1891 2667 τὴν

318 2657 603 2731 Βηθλεέμι
643 2661 689 2715 ὣ
729 2667 999 2730 γυναικῶν
1040 2671 1334 2743 ὀλολυγῆς,
1376 2683 1624 2753 οἰμωγῆς
1662 2703 1720 2738 τε
1763 2657 1889 2741 παί-

318 2749 426 2803 δων
458 2751 851 2848 ἀρπαζομέεσων
885 2759 964 2821 εἰς
1003 2761 1251 2834 δλεθρονί
1293 2749 1589 2842 Ἐθρήνουν.
1617 2779 1885 2848 πατέρες,

321 2845 694 2912 προσέπιπτον
721 2851 833 2911 τοῖς
868 2853 1250 2921 στρατιώταις,
1283 2861 1547 2929 ίκέτευον,
1580 2871 1669 2921 καὶ
1705 2845 1888 2944 μητηρ

321 2935 680 3005 περιεκέχυτο
739 2941 938 3007 παῖδα,
993 2946 1174 3017 πατὴρ
1226 2949 1281 3002 δέ
1333 2953 1648 3012 ἀνεκαλεῖτο
1699 2935 1883 3034 γονήν.

2009 497 2117 543 tam
2177 496 2433 549 audacter
2481 495 2718 565 loqueris
2756 509 2809 554 et
2837 499 3034 567 judicia
3075 501 3254 554 divina
3289 503 3573 572 pervadis;

2005 579 2146 646 Quid
2183 597 2313 638 vero
2347 586 2540 640 melius
2583 587 2876 642 infantibus
2917 592 3136 645 evenire
3181 593 3436 660 poterat?
3465 603 3573 647 tam

2007 687 2349 744 prtepropere
2405 679 2649 748 martyrii
2686 680 2950 748 sanguine
2970 692 3396 746 consummatos,
3425 694 3500 738 tot
3521 693 3576 738 et

2006 773 2113 818 tam
2163 783 2464 824 aerumnosa
2516 769 2624 823 fata
2675 770 2796 824 vitae
2842 771 3000 840 hujus
3047 773 3306 840 effugere,
3345 783 3398 828 et
3431 773 3574 827 illius

2005 858 2229 916 alterius
2277 861 2611 916 beatitudine
2657 863 2900 933 perfrui;
2954 881 3020 920 an
3072 866 3394 921 laboriosam
3434 867 3574 920 hanc

2003 950 2168 1003 vitam
2198 952 2442 1006 viventes
2473 965 2711 1022 paterna:
2747 955 3079 1010 infidelitatis
3106 971 3227 1011 esse
3260 957 3570 1026 participes,

2003 1048 2057 1094 et
2103 1039 2321 1110 impiam
2367 1043 2509 1096 illam
2562 1059 2624 1098 ac
2673 1047 3014 1100 temerariam
3055 1058 3239 1102 contra
3289 1049 3571 1102 Dominum

2002 1145 2189 1186 vocem
2219 1134 2558 1203 abrumpere,
2593 1152 2612 1186 ι
2646 1135 2820 1199 Tolle,
2851 1138 2996 1206 tolle,
3023 1140 3277 1206 crucifige
3303 1155 3422 1192 eum
3453 1141 3521 1202 τις
3549 1160 3567 1191 ο

2002 1228 2057 1273 et
2099 1221 2235 1273 mala
2279 1236 2400 1290 qua:
2443 1222 2566 1276 hinc
2614 1234 2838 1278 ventura
2880 1235 3054 1290 erant,
3101 1233 3155 1279 et
3205 1225 3574 1279 intolerabiles

2001 1311 2276 1367 servitutis
2345 1315 2579 1383 experiri
2643 1316 3014 1394 calamitates,
3080 1318 3295 1383 quando
3362 1317 3572 1371 scilicet

2001 1403 2286 1458 obsidione
2327 1405 2521 1472 pressi,
2569 1415 2622 1460 et
2653 1407 2704 1461 in
2745 1406 2904 1461 famis
2942 1423 3173 1477 angores
3206 1407 3408 1461 redacti
3445 1423 3569 1460 cum

2001 1506 2194 1546 carnes
2229 1493 2494 1547 humanas
2520 1505 2804 1563 gustarunt
2850 1495 2984 1566 (16),
3027 1506 3136 1548 tum
3181 1497 3343 1566 capti,
3375 1505 3431 1549 et
3463 1496 3568 1548 itu-

2001 1582 2423 1637 misericorditer
2465 1586 2668 1638 c0ucisi
2724 1585 2983 1639 fuerunt?
3023 1587 3106 1640 Au
3153 1586 3315 1655 igitur
3365 1585 3568 1639 sanctis

2003 1671 2300 1726 infantibus
2347 1672 2544 1741 injusta
2593 1690 2737 1730 mors
2774 1676 2827 1729 in
2860 1690 3054 1746 magno
3082 1675 3233 1730 lucro
3262 1674 3565 1743 deputanda

1957 1763 1968 1788 '
2003 1779 2106 1817 non
2138 1763 2260 1817 est?

2073 1872 2292 1927 Possem
2326 1872 2487 1927 etiam
2520 1882 2571 1926 et
2601 1871 2732 1926 alias
2759 1871 3042 1926 infantium
3065 1871 3227 1926 caedis
3249 1885 3440 1924 causas
3471 1868 3567 1920 ad-

1995 1965 2221 2033 jnugere
2249 1981 2262 2017 :
2292 1963 2388 2019 sed
2425 1963 2686 2017 tumultus
2710 1979 2774 2018 eo
2804 1973 3042 2032 tempore
3068 1970 3290 2016 exortus
3313 1968 3568 2028 personat

1999 2069 2160 2108 aures
2191 2069 2336 2109 meas
2357 2092 2374 2118 ,
2424 2062 2478 2108 et
2514 2052 2945 2107 crudelissimum
2983 2062 3169 2107 contra
3199 2052 3432 2106 infantes
3459 2049 3564 2100 im-

2000 2146 2206 2215 perium
2244 2146 2466 2212 datum;
2498 2153 2552 2197 et
2584 2159 2684 2197 vox
2724 2144 2811 2196 illa
2855 2145 2908 2196 in
2940 2143 3104 2196 Ratna
3139 2143 3342 2204 audita,
3379 2140 3565 2205 eth,

1999 2245 2054 2290 et
2105 2235 2419 2289 lamentatio
2477 2233 2785 2288 Rachelis"
2843 2235 2968 2288 illuc
3027 2233 3328 2288 orationem
3373 2231 3565 2287 trahit.

2000 2327 2098 2394 Qui
2153 2341 2332 2381 sermo
2384 2335 2547 2380 tantae
2603 2325 2896 2381 calamitati
2931 2325 3262 2394 explicandae
3311 2338 3406 2393 par
3443 2315 3588 2376 esse

1998 2419 2197 2488 queat?
2227 2418 2348 2487 quis
2404 2417 2544 2472 illius
2577 2417 2748 2471 cladis
2778 2416 3203 2487 magnitudinem
3241 2429 3339 2483 pro
3386 2412 3566 2479 digni-

2000 2517 2107 2563 tate
2143 2509 2346 2578 tragico
2369 2507 2471 2560 ritu
2507 2507 2778 2575 deploret?
2836 2523 2868 2562 ο
2901 2506 3260 2574 Spectacnlum
3295 2518 3566 2558 execran-

1996 2602 2153 2656 dum!
2189 2617 2220 2654 ο
2254 2612 2370 2654 atra
2419 2600 2612 2669 caligo,
2645 2616 2763 2669 qua:
2793 2609 2918 2653 tunc
2949 2597 3217 2653 Bethleem
3243 2591 3559 2664 occupavit!

1995 2708 2028 2747 ο
2060 2693 2344 2748 mulierum
2384 2691 2620 2746 ululatus
2643 2732 2658 2755 ,
2692 2707 2724 2744 ο
2748 2690 2904 2745 ﬂetus
2937 2705 3248 2758 puerorum,
3288 2687 3378 2756 qui
3417 2685 3563 2738 abri-

1995 2786 2279 2853 piebantur
2303 2784 2368 2837 ad
2402 2791 2624 2837 mortem
2648 2783 2660 2836 l
2699 2781 2986 2834 Plorabant
3010 2781 3301 2849 genitores,
3329 2777 3395 2830 ad
3423 2774 3565 2828 mili-

1998 2885 2105 2930 tum
2137 2882 2298 2945 pedes
2325 2877 2642 2930 accidebant
2666 2915 2682 2941 ,
2708 2873 2872 2944 356
2895 2870 3288 2939 supplicabant;
3316 2875 3371 2921 et
3389 2876 3565 2920 mater

1995 2971 2210 3037 quidem
2251 2968 2499 3036 amplexu
2535 2947 2758 3036 puerum
2823 2963 3166 3029 occultabatf,
3219 2970 3373 3029 pater
3432 2972 3563 3012 vero

322 3024 510 3130 ἷξὶρεια
539 3029 674 3130 γυνὴ
712 3031 1058 3130 πρὸς-φυγὴν
1093 3040 1289 3110 φόρτον
1320 3047 1432 3107 τοῖς
1463 3045 1634 3117 ὤμοις
1667 3024 1726 3105 τδ
1760 3024 1889 3110 παι-

1996 3024 2197 3129 prolem
2231 3024 2548 3128 appellabat'
2587 3073 2762 3113 suam.
2818 3056 2873 3108 ln
2919 3057 3096 3124 fugam
3130 3024 3460 3123 proripiebat
3493 3065 3554 3104 se

317 3113 431 3167 δίον
460 3117 758 3186 ἐπάγουσα,
789 3122 906 3174 ἀλλ’
927 3120 995 3196 ἦν
1024 3127 1130 3183 τῶν
1162 3132 1448 3204 ὑπηρετῶν
1478 3113 1733 3212 όῠδρόμος
1760 3148 1883 3212 ὀξύ..

314 3222 495 3307 τερος.
533 3209 808 3307 ’βλλήλοις
849 3214 905 3267 δὲ
949 3221 1355 3291 συνεκρούοντο,
1397 3230 1490 3282 καί
1528 3209 1702 3298 φωναὶ
1746 3209 1886 3307 συμο

319 3301 501 3367 μιγεῖς
535 3301 910 3372 ἀνηγείροντοι
949 3309 1234 3365 Ἢπείλουν
1264 3317 1312 3368 οἱ
1351 3323 1676 3389 στρατιῶται
1714 3301 1887 3382 δεινόν

314 3406 371 3442 τι
404 3390 498 3444 καὶ
525 3392 891 3459 δρακοντῶδες
921 3399 1287 3471 ἠγριωμένοις
1315 3407 1621 3480 δεδορκότες
1649 3421 1759 3482 τοῖς
1787 3419 1888 3488 δμ-

316 3499 508 3577 μασιν.
547 3486 826 3551 Ὠλόλυζον
869 3493 1103 3562 μητέρες
1140 3498 1338 3566 αἵμασι
1378 3508 1748 3577 πεφυρμέναι,
1795 3486 1887 3565 καὶ

311 3575 615 3646 δάκρυσιν·
669 3579 1013 3653 ὠλοφύροντο
1062 3587 1231 3654 νήπια
1281 3575 1534 3657 ἐλεεινῶς
1582 3603 1885 3666 συγκοπτό-

513 3669 592 3725 Τὰ
634 3674 741 3745 γὰρ
782 3675 929 3746 ξίφη,
965 3677 1040 3740 ὡς
1079 3679 1286 3751 ἔτυχεν,
1321 3685 1410 3735 ἐπ’
1432 3685 1568 3740 αὐτὰ
1610 3690 1886 3761 φερόμενα

311 3757 516 3822 ἀθλίως
561 3763 965 3833 ὴκρωτηρίαζε.
1012 3770 1120 3821 Καὶ
1163 3771 1225 3822 τὸ
1273 3773 1373 3841 μὲν
1415 3778 1614 3847 χειρῶν
1656 3757 1885 3835 ἀπεστέο

316 3866 472 3921 ρητο,
502 3851 564 3932 te
589 3851 646 3904 δὲ
671 3853 748 3906 τὼ
781 3856 906 3909 πόδε
937 3861 1218 3929 συντριϐἐν
1243 3864 1301 3928 ἐξ
1332 3866 1586 3935 ἡμισείας
1613 3869 1881 3928 ἀπώλετο.

320 3943 485 3998 Ἀλλο
524 3961 582 3997 τε
629 3949 871 4018 κατεάγη
918 3950 1017 4021 τὴν
1061 3954 1340 4025 κεφαλὴν,
1384 3958 1479 4012 τοῦ
1527 3955 1774 4031 σώματος
1815 3965 1885 4019 τὰ

317 4036 1029 4111 νέρθεραοπερισπώμενον,
1067 4047 1129 4097 τὸ
1168 4047 1223 4099 δὲ
1265 4048 1383 4101 ὅλον
1425 4029 1700 4122 ἐτέμνετο,
1744 4029 1820 4120 ῶς
1855 4060 1884 4112 ὁ

317 4129 491 4200 θυμὸς
527 4133 698 4187 ἐδίδου
739 4137 1116 4205 αὐτοματίζων
1149 4141 1380 4195 ἑκάστου
1413 4146 1504 4198 τὸν
1539 4146 1785 4204 θάνατον.
1819 4153 1885 4205 Ὢ

318 4223 476 4276 πόσοι
498 4225 708 4290 παῖδες,
749 4229 911 4295 μέσον
956 4232 1276 4300 τμηθέντες,
1320 4237 1604 4309 ἡμίθνητοι
1646 4245 1885 4314 μεμενή-

315 4331 470 4380 κασι,
519 4317 654 4388 μηδέ
699 4319 956 4392 τελευτὴν
999 4322 1262 4393 ὀξυτέραν
1309 4330 1700 4399 κερδαίνοντες,
1749 4334 1882 4388 ἀλλά

1990 3153 2101 3220 (17)
2139 3150 2335 3204 mulier
2363 3150 2604 3204 humeris
2636 3158 2852 3218 gestans
2882 3161 3017 3200 onus
3055 3143 3298 3204 infantis,
3324 3143 3415 3195 sed
3444 3150 3561 3194 erat

1989 3243 2283 3312 pernicior‘
2319 3242 2613 3296 satellitum
2651 3254 2864 3295 cursus.
2897 3238 3047 3292 Alter
3069 3252 3189 3291 cum
3218 3236 3391 3289 altero
3412 3232 3563 3287 colli-

1989 3333 2213 3386 debatur
2241 3341 2294 3387 et
2322 3348 2480 3388 voces
2507 3333 2740 3387 confuse
2770 3330 3116 3394 tollebantur,
3151 3329 3343 3382 acerbe
3369 3324 3562 3379 effere—

1987 3441 2093 3495 que
2124 3424 2320 3479 milites
2351 3425 2824 3479 comminabantur
2861 3431 3013 3476 torvo
3042 3421 3314 3475 intuentes
3339 3421 3559 3481 obtutu;

1987 3517 2392 3585 complorabaut
2456 3524 2655 3567 matres
2690 3513 2948 3579 sanguine
2987 3511 3144 3566 simul
3202 3509 3559 3578 lacrymisque

1988 3622 2297 3677 conspersa:
2338 3623 2352 3660 :
2403 3604 2675 3673 ejulabaut
2719 3604 2954 3658 infantes
2989 3602 3372 3656 mist-rabiliter
3410 3597 3553 3653 caesi.

1988 3698 2198 3755 Etenim
2262 3697 2424 3770 gladii
2455 3698 2505 3752 in
2540 3698 2679 3762 illos,
2741 3705 2800 3750 ut
2844 3711 3004 3751 casus
3050 3697 3277 3759 ferebat,
3336 3692 3550 3754 intenti,

1989 3807 2231 3848 summos
2279 3784 2430 3846 artus
2493 3791 2870 3866 miserabiliter
2924 3788 3307 3860 amputabant;
3365 3796 3419 3842 et
3469 3787 3556 3840 hic

1987 3883 2202 3952 quidem
2258 3891 2445 3935 trunca
2500 3897 2655 3934 manu
2698 3903 2709 3936 :
2753 3881 2839 3935 ille
2873 3897 3000 3934 vero
3055 3881 3280 3934 succisis
3328 3879 3555 3947 pedibus

1983 3973 2094 4043 jam
2129 3971 2350 4026 dimidia
2383 3971 2466 4025 sui
2503 3980 2654 4040 parte
2685 3981 2926 4024 mortuus
2960 3979 3097 4023 erat.
3139 3969 3290 4022 Alius
3322 3969 3556 4022 dissecto

1987 4064 2166 4132 capite
2218 4060 2491 4116 inferioris
2530 4061 2773 4129 corporis
2825 4060 2934 4131 (l8)
2983 4061 3219 4114 membra
3279 4061 3549 4123 trahebat,

1987 4157 2122 4207 alter
2179 4168 2307 4208 vero
2363 4153 2565 4222 integer
2603 4152 2945 4216 caedebatur,
3015 4161 3067 4205 et
3131 4151 3548 4219 uniuSCujusque

1988 4245 2200 4315 generis
2241 4246 2430 4298 mortis
2460 4243 2660 4298 arbitra
2701 4243 2865 4296 libido
2903 4243 3131 4296 militum
3162 4252 3297 4298 erat.
3343 4241 3386 4296 Ο
3420 4252 3551 4310 quot

1990 4336 2138 4404 βηρτὶ
2167 4335 2341 4388 media
2371 4344 2528 4403 parte
2548 4334 2672 4388 caesi
2709 4334 3039 4388 semimortui
3081 4334 3550 4401 relinquebantur,

313 4407 636 4478 καταδραχὺ
675 4411 1088 4484 δαπανώμενοιί
1134 4418 1258 4481 Πῶς
1299 4421 1536 4491 παρέθεε
1577 4427 1642 4495 τῇ
1693 4429 1878 4496 μητρὶ,

1996 4439 2046 4483 ut
2073 4445 2244 4499 neque
2278 4431 2379 4483 hoc
2408 4443 2471 4482 ex
2509 4443 2694 4481 eorum
2725 4429 3040 4483 crudelitate
3072 4427 3270 4481 lucrari
3306 4436 3550 4498 possent,

311 4501 411 4553 καὶ
463 4501 790 4578 ψελλιςούσῃ
848 4510 997 4580 φωνῇ
1057 4508 1154 4580 τὴν
1207 4513 1473 4568 τεκοῦσαν
1528 4515 1876 4574 ἀνεκαλεῖτοῐ

1989 4537 2043 4577 ιιι
2075 4522 2208 4575 mori
2245 4521 2449 4585 liceret,
2482 4521 2574 4576 sed
2606 4520 2864 4590 paulatim
2916 4519 3353 4576 absumebantur.
3385 4517 3552 4584 Quale

385 4653 432 4688 ⁷⁸
470 4653 623 4711 Joan.
666 4671 786 4725 xu,
829 4657 916 4713 15.
993 4659 1037 4690 ⁷⁵
1066 4659 1254 4719 Matth.
1289 4677 1348 4726 tt,
1379 4660 1480 4727 l8;
1511 4661 1710 4718 Jcrem.
1745 4683 1893 4731 χχχι,
1928 4669 2014 4723 15.

1541 4809 1866 4871 FranCtsci
1898 4810 2107 4872 Scorsi
2139 4819 2322 4874 nota).

385 4919 497 4991 (l6)
539 4919 736 4993 Caritas
785 4920 1049 4976 humanas
1085 4937 1386 4993 gustarunt.
1433 4930 1545 4987 Hoc
1592 4942 1772 4988 notum
1826 4946 1881 4992 et

314 4989 584 5073 prouitum
609 4989 914 5073 aOJosepho,
945 4993 1037 5073 li_b.
1065 4989 1155 5060 vit,
1184 4997 1258 5052 De
1285 4999 1593 5073 bellglud"
1616 5019 1736 5071 cap.
1763 4989 1876 5073 vni,

313 5073 368 5114 et
395 5076 425 5114 a
457 5060 684 5114 Baronio
708 5061 876 5130 ipsum
908 5062 1173 5118 referente
1198 5081 1338 5122 anno
1368 5070 1564 5126 Christi
1584 5060 1695 5127 '62..
1721 5060 1879 5130 Deest

311 5131 521 5210 vero-in
552 5132 671 5210 c_od.
714 5129 778 5186 P.
810 5145 908 5186 vox
964 5132 1477 5210 λιμαγχονούμενοι,
1518 5157 1636 5210 qua:
1669 5129 1879 5199 videtur

310 5201 483 5278 magis
506 5201 922 5278 cohaererectun
944 5201 1372 5278 sequentibus'in
1399 5201 1497 5264 hac
1525 5201 1647 5267 nota
1671 5213 1874 5278 relatis,

309 5271 423 5348 ἐξα).
439 5270 662 5348 σαρκῶν
704 5270 1064 5348 ἀνθρωπίνων
1087 5275 1402 5348 ἐγεύσαντο.
1445 5279 1627 5348 Itaque
1665 5270 1875 5339 restitui

309 5339 457 5411 illum
491 5355 558 5411 ex
585 5340 756 5411 altero
793 5339 1004 5411 cod.et
1047 5339 1165 5410 poSt
1191 5347 1505 5411 ἐγεύσαντο.
1542 5339 1742 5407 Desunt
1784 5353 1874 5406 iti-

305 5409 429 5461 dem
489 5408 854 5484 inAPanorm.
923 5408 1183 5477 Ἀλῶντες
1232 5408 1294 5468 δὲ
1352 5421 1596 5484 ἀνηλεῶς
1648 5423 1876 5474 κατεκό-

307 5493 518 5559 πησαινἶ
559 5478 688 5559 Quae
723 5495 834 5533 rem
878 5484 1045 5559 magis
1091 5495 1302 5559 augent
1334 5497 1390 5542 et
1430 5478 1668 5545 sunt'ex
1715 5493 1874 5559 genio

305 5550 795 5621 at_tctor_is._ltaque
845 5550 1044 5605 reddidi
1078 5569 1141 5606 ex
1167 5550 1364 5621 'Gall.;
1406 5570 1460 5612 et
1501 5561 1683 5614 itidem
1716 5550 1869 5615 infra

310 5617 438 5669 illud
479 5618 595 5671 ἀλλ’
627 5617 933 5700 οὐκάφῆκε
968 5622 1040 5700 ’τὸ
1072 5624 1275 5700 ἀπηνὲς
1321 5617 1419 5700 con
1457 5631 1718 5700 τυράννου
1751 5631 1872 5683 ἐπί-

307 5701 601 5751 summe:
646 5691 832 5744 eodem
883 5693 1001 5748 cod.
1059 5691 1218 5762 atque
1261 5695 1360 5752 bas
1405 5698 1458 5752 iu
1504 5691 1642 5755 hunc
1691 5701 1865 5754 locmn

1976 4933 2164 5058 ἴαυεςί
2235 4937 2412 4992 varias
2477 4937 2732 4993 lectiones
2792 4951 2911 5007 quae
2955 4935 3069 4992 suis
3118 4934 3250 4990 locis
3298 4936 3546 4991 notanda:

2001 5014 2210 5058 nerant.

2001 5014 2210 5059 nerant.

2050 5075 2160 5146 (Π)
2203 5075 2268 5129 1η
2307 5075 2487 5146 fugam
2528 5094 2583 5132 se
2629 5075 2965 5146 proripiebat.
3025 5073 3137 5130 Hoc
3185 5074 3542 5145 fragmentum

1975 5144 2124 5198 deest
2150 5149 2201 5198 in
2232 5163 2334 5200 uno
2364 5144 2482 5202 cod.
2513 5149 2658 5216 ὅρμα
2687 5144 2855 5215 usque
2881 5147 2947 5199 ad
2979 5144 3397 5213 ἐπάγουσαίιιοη
3427 5150 3544 5204 sine

1975 5215 2296 5269 detrimento
2343 5227 2396 5270 et
2436 5215 2626 5272 sens‘us
2660 5227 2712 5269 et
2745 5218 3060 5282 venustatis.
3103 5216 3202 5282 Qui
3234 5218 3375 5270 enim
3423 5234 3543 5282 pos-

1973 5295 2098 5356 sunt
2129 5288 2406 5354 sequentia
2453 5287 2673 5355 intelligi
2703 5302 2716 5338 :
2758 5285 2898 5338 Ἀλλ’
2940 5281 3009 5356 ἦν
3047 5286 3154 5339 τῶν
3189 5281 3478 5356 ὑπηρετῶν
3513 5289 3541 5340 ὁ

1971 5352 2173 5426 δρόμος
2207 5352 2492 5426 ὀξύτερος.
2528 5352 2658 5409 Illud
2703 5371 2831 5424 ergo
2862 5352 3057 5426 cuique
3087 5352 3541 5426 legenti—omnino

1972 5422 2268 5478 desiderari
2301 5422 2590 5480 videbitur.

2041 5493 2151 5563 (l8)
2189 5494 2461 5565 Inferioris
2489 5496 2737 5561 corporis.
2769 5495 2875 5550 Τοῦ
2922 5493 3173 5564 σώματος
3203 5495 3538 5565 τάγνέρτερα

1967 5562 2404 5635 περισπώμενον,
2440 5582 2504 5619 ex
2529 5565 2650 5620 cod.
2669 5565 2806 5620 Gall.
2830 5581 2954 5635 qua:
2974 5562 3023 5616 in
3057 5567 3257 5635 codice.
3279 5562 3533 5620 Panort'u.

1965 5634 2164 5706 otitissa
2215 5637 2447 5697 fuerant,
2499 5647 2553 5689 et
2600 5637 2812 5702 quidem
2850 5634 2996 5688 idolo
3028 5649 3131 5706 non
3163 5634 3322 5692 facile
3343 5636 3538 5706 depre-

1968 5702 2170 5768 henso;
2201 5711 2306 5758 stat
2337 5707 2529 5776 quippe
2561 5706 2676 5760 sine
2708 5706 2809 5760 illis
2843 5704 3133 5760 sententia.
