3934 6222
527 229 635 294 923

1725 239 2207 303 THEOPHANIS
2245 243 2583 314 CERAMEI

3594 267 3668 332 92$

525 345 889 417 spectaculum
917 352 1035 400 erat
1088 347 1270 404 videre
1293 348 1456 406 alium
1489 366 1857 409 accurrentem
1890 358 1953 410 ad
1985 374 2090 411 ma-

2215 360 2375 416 Ἀλλά
2409 361 2768 436 στρατιώτης,
2807 363 3033 431 ἐξάπινα
3051 366 3365 437 είσδραμὼν,
3386 372 3601 445 άφηρεῐτο
3617 398 3672 453 τῳ

531 447 696 506 trem,
743 444 796 494 et
826 438 1157 494 balbutiente
1190 455 1321 496 voce
1341 457 1458 498 eam
1496 444 1780 499 identidem
1838 448 2097 502 invocan-

528 539 635 586 tem
660 546 676 584 :
701 529 797 585 sed
833 528 987 583 miles
1010 530 1301 600 derepente
1325 533 1537 589 irruens
1560 537 1903 591 abscindebat
1925 540 2100 607 gladio

534 630 719 691 caput,
754 620 894 689 quod
930 620 1117 691 utique
1144 623 1308 678 etiam
1340 625 1465 679 dum
1519 626 1847 696 loqueretur,
1880 634 2098 698 pulvere

530 713 876 767 miscebatur.
906 710 972 767 Et
1005 728 1139 769 sane
1168 732 1234 769 eo
1270 732 1352 771 me
1404 717 1551 774 ducit
1583 723 1758 776 oratio
1791 732 1848 776 ut
1885 724 2096 790 poetica

526 804 614 858 illa
652 802 854 868 dicam,
892 803 1120 859 Omnem
1154 816 1365 862 aetatem
1397 809 1507 878 (l9)
1540 810 1822 867 calamitas
1860 828 1921 868 ea
1955 823 2095 867 tem-

526 904 735 965 pestate
765 895 1273 965 comprehenderat,
1306 910 1358 951 et
1385 898 1611 969 Erynuis
1630 904 1896 969 quaedam,
1923 906 2097 971 qualis

521 986 748 1041 excitari
776 987 828 1041 in
863 988 1143 1056 tragmdiis
1175 990 1335 1053 solet,
1381 988 1650 1046 Bethleem
1701 994 2098 1051 circumcursa-

526 1076 637 1139 bat,
669 1084 724 1129 et
750 1076 1020 1132 intestinis
1052 1092 1172 1132 eam
1212 1077 1366 1132 bellis
1404 1082 1652 1136 versabat
1688 1091 1741 1137 et
1768 1084 2092 1155 ﬂagellabat.

524 1165 593 1220 Et
619 1166 804 1220 senior
837 1182 967 1221 sane
993 1182 1132 1236 agre
1164 1166 1389 1243 ferebat,
1424 1172 1564 1239 quod
1595 1174 1662 1227 ad
1693 1189 1812 1229 eam
1847 1176 2094 1233 durasset

525 1266 763 1318 aetatem,
820 1268 979 1323 atiue
1014 1259 1079 1311 ad
1111 1274 1205 1314 eas
1227 1272 1478 1316 servatus
1517 1271 1661 1318 esset
1706 1280 1999 1335 aerumnas,
2037 1280 2093 1326 et

525 1359 751 1402 mortem
779 1348 1058 1404 incusabat
1078 1360 1134 1405 ut
1164 1353 1405 1422 tardam;
1432 1365 1604 1410 mater
1627 1372 1754 1413 vero
1785 1359 1886 1414 hoc
1908 1360 2085 1429 ipsum

522 1442 973 1507 conquerebatur,
1010 1442 1147 1510 quod
1181 1453 1359 1509 esset;
1398 1443 1568 1502 mater
1626 1447 1811 1505 felices
1841 1449 2095 1506 diceban-

525 1536 612 1583 tur
650 1516 905 1600 'virgines
935 1541 990 1586 et
1018 1533 1227 1589 steriles
1259 1544 1312 1589 et
1337 1552 1455 1605 quae
1487 1538 1715 1594 feminas
1738 1544 2091 1613 peperissent,

523 1629 576 1674 el
606 1634 724 1688 quae
751 1621 947 1677 liberos
971 1625 1193 1679 omnino
1221 1641 1326 1680 non
1347 1629 1677 1694 genuissent.
1701 1631 1769 1687 Et
1798 1634 1894 1688 has
1927 1635 2113 1690 etiam-

2205 452 2351 519 ξίφει
2394 455 2493 524 τήν
2531 454 2806 524 κεφαλὴνο
2851 456 3220 527 φθεγγομένου
3264 459 3329 513 δι’
3347 462 3445 533 ἄρα
3481 469 3604 523 τοῦδε

2204 543 2352 613 κάρα
2377 544 2679 614 κατεμίχθη
2705 548 2772 615 τῇ
2804 546 2952 599 κόνει
2969 563 2986 579 ⁸
3012 547 3207 615 ἁγάγει
3233 551 3335 620 γάρ
3362 569 3422 622 με
3446 556 3468 606 ὁ
3489 556 3611 625 λόγος
3626 566 3674 617 τὰ

2202 633 2301 703 τῆς
2334 635 2607 704 ποιήσεως
2643 635 3011 703 φθέγξασθαι,
3046 639 3225 691 πᾶσαν
3251 641 3448 710 ἡλικίαν
3472 647 3524 700 τὸ
3550 651 3675 716 πάθος

2203 721 2324 775 τότε
2353 724 2652 782 κατέλαϐε,
2681 726 2773 778 καὶ
2801 726 3106 795 τραγῳδίας
3137 729 3368 799 Ἐριννὺς
3405 737 3463 804 τῇ
3491 736 3677 810 Βηθλεὲμ

2204 812 2550 881 ἐπεκώμαζε,
2567 815 2679 877 τοῖς
2701 814 2913 867 οἴκοθεν
2933 816 3105 886 αὐτὴν
3128 818 3371 888 πολέμοις
3394 826 3676 891 μαστίζονσε.

2202 902 2314 955 Καὶ
2349 903 2657 974 πρεσϐύτης
2695 892 2793 975 μὲν
2828 907 3175 979 ἐδυσχέραινε
3207 911 3294 964 τὸν
3325 917 3511 982 μακρὸν
3537 922 3677 989 χρόνον

2203 995 2652 1064 καταιτιώμενος,
2676 995 2748 1059 ώς
2774 997 3003 1053 πάθεσιν
3028 999 3190 1080 αὐτὸν
3213 1003 3319 1065 τοῖς
3344 1005 3546 1074 παροῦσι
3563 1026 3678 1082 τετη-

2204 1084 2444 1153 ρηκὸτα,
2481 1086 2575 1137 καὶ
2608 1084 2698 1138 τὸν
2732 1085 2962 1140 θάνατον
2993 1087 3069 1151 ώς
3106 1088 3428 1158 βραδύναντά
3457 1099 3676 1169 κατεμέμ-

2202 1191 2331 1244 φετο
2355 1215 2369 1241 ,
2432 1178 2464 1246 ἡ
2494 1176 2550 1229 δὲ
2583 1178 2788 1247 μήτηρ,
2815 1181 2900 1232 ὅτι
2930 1180 3026 1234 καὶ
3056 1182 3244 1250 γέγονε
3273 1185 3444 1256 μήτηρ
3464 1187 3674 1258 ὠδύρετο·

2200 1266 2600 1337 ἐμακαρίζοντο
2625 1267 2681 1320 δὲ
2714 1268 2993 1340 παρθένοι,
3027 1273 3119 1325 καὶ
3151 1281 3373 1345 στεῖραι,
3405 1278 3489 1331 καὶ
3513 1277 3678 1349 θηλυτό-

2201 1374 2309 1423 κοι,
2345 1360 2438 1411 καὶ
2472 1359 2675 1426 ἄγονοι.
2713 1361 2865 1430 Τάχα
2897 1362 2954 1415 δὲ
2989 1364 3085 1416 καὶ
3119 1368 3241 1427 ταῖς
3272 1368 3523 1433 τοιαύταις
3551 1376 3677 1425 κοινὸν

2199 1443 2267 1517 ἦν
2293 1450 2352 1501 τὸ
2377 1454 2473 1520 τῆς
2502 1454 2806 1522 συμφορᾶς,
2834 1454 2892 1516 ἐξ
2919 1454 3217 1525 ἑταιρείας.
3242 1456 3274 1527 ἦ
3299 1459 3523 1528 αἵματος.
3544 1464 3677 1534 ἦτρίι

2201 1557 2303 1594 που
2332 1543 2801 1612 ἀνακοινούμενον.
2836 1540 2991 1599 Εἶδον
3017 1547 3128 1615 ἐγὼ
3156 1550 3308 1602 τοῦτο
3332 1550 3390 1603 τὸ
3419 1552 3561 1617 πάθος
3581 1556 3678 1624 χρώ-

2204 1649 2331 1702 ματι
2361 1636 2743 1704 γεγραμμένον
2765 1636 2824 1687 ὲν
2853 1636 3065 1699 πίνακι,
3096 1638 3191 1691 καὶ
3218 1638 3347 1710 πρὸς
3372 1638 3530 1695 οῐκτον
3552 1645 3678 1712 ἐκινή-

522 1709 799 1764 culamitas
828 1711 916 1765 illa
946 1711 1177 1768 fortasse
1208 1718 1480 1786 tangebat,
1513 1729 1566 1774 et
1592 1721 1671 1776 vel
1710 1724 1985 1791 amicitiae,
2010 1726 2090 1782 vel

2195 1726 2323 1792 θην,
2365 1726 2456 1777 καὶ
2500 1726 2728 1795 δάκρυα.
2765 1727 3105 1797 Ἐγέγραπτο
3149 1709 3269 1799 γάρ
3294 1732 3321 1783 δ
3366 1733 3457 1801 μὲν
3485 1709 3677 1803 τύραννος

522 1800 824 1866 sanguinis,
858 1802 941 1855 vel
977 1819 1185 1859 morum
1213 1808 1597 1878 conjunctione
1625 1817 1929 1869 communis
1950 1828 2088 1871 erat.

526 1886 650 1942 Vidi
683 1903 782 1956 ego
808 1890 945 1945 hanc
969 1895 1168 1947 caedem
1196 1894 1467 1952 coloribus
1507 1899 1773 1967 depictam
1807 1903 1859 1957 in
1886 1905 2089 1972 tabula,

520 1987 578 2033 et
615 1978 682 2033 ad
720 1981 1138 2038 misericordiam
1205 1985 1580 2059 lacrymasque
1610 2005 1913 2050 commotus
1947 2014 2087 2054 sum.

525 2067 826 2139 Expressus
882 2075 1025 2128 enim
1056 2076 1163 2130 illic
1206 2085 1324 2132 erat
1355 2080 1443 2135 ille
1471 2091 1732 2151 tyrannus
1762 2085 2005 2143 Herodes
2037 2092 2088 2144 in

520 2161 633 2217 alto
656 2165 887 2234 quodam
919 2167 1054 2222 solio
1075 2171 1306 2240 superbe
1329 2174 1640 2243 considens,
1668 2180 1778 2233 acri
1823 2196 1888 2235 ac
1915 2180 2090 2235 ferino

516 2253 795 2309 oculorum
829 2256 1076 2327 eonjectu
1132 2270 1187 2314 et
1216 2260 1460 2319 inhianle
1488 2267 1656 2323 vultu.
1682 2268 1932 2326 Ereclum
1964 2289 2091 2329 vero

520 2360 588 2401 ex
619 2346 815 2413 vagina
847 2348 1084 2416 gladium
1107 2352 1325 2408 sinistra
1358 2358 1538 2424 quiete
1568 2361 1874 2426 retinebat;
1907 2366 2091 2419 dexte-

524 2454 640 2493 ram
671 2454 801 2494 vero
835 2444 1164 2510 protendens
1195 2446 1455 2500 militibus
1490 2448 1755 2518 imperare
1788 2452 2088 2521 videbatur,

521 2535 580 2581 ut
621 2529 740 2582 sine
786 2530 1158 2586 misericordia
1210 2534 1496 2591 infantium
1546 2538 1708 2609 357
1759 2542 2093 2600 demeterent

515 2630 777 2690 segetem.
814 2622 897 2676 Illi
932 2625 1058 2678 vero
1085 2625 1380 2682 belluarum
1410 2644 1558 2685 more
1584 2632 1905 2708 insilientes,
1931 2638 2115 2699 mise-.

516 2725 607 2767 ros
630 2726 827 2780 pueros
841 2713 1029 2773 diriter
1046 2718 1513 2775 contrucidabant.
1536 2722 1884 2780 Describehat
1924 2728 2089 2796 etiam

518 2802 694 2872 pictor
737 2802 978 2859 infelices
1007 2814 1206 2861 matres
1257 2809 1637 2867 miserabiliter
1669 2817 2086 2887 complorantes,

520 2904 576 2947 et
603 2894 867 2965 sanguine
896 2895 1167 2967 laerymas
1198 2900 1607 2959 confundentes.
1637 2906 1704 2961 Et
1735 2909 1837 2963 alia
1873 2910 2088 2979 quidem

2195 1816 2401 1878 ἐκεῖνος
2439 1815 2684 1888 Ἡρώδης
2726 1819 2811 1886 ἐφ’
2840 1818 3045 1888 ὑψηλοῦ
3087 1836 3234 1883 τινος
3277 1820 3455 1892 θρόνου
3495 1825 3678 1895 σοδαρῶς

2194 1906 2555 1976 ἐφεζόμενος,
2587 1906 2754 1979 δριμύ
2786 1899 2845 1963 τε
2902 1912 2999 1964 καὶ
3046 1902 3309 1982 θηριῶδες
3341 1912 3469 1981 ὁρῶν
3495 1915 3676 1983 κεχηνότι

2190 1998 2270 2069 τῷ
2314 1999 2605 2070 βλέμματι.
2640 2000 2831 2071 Ὀρθὺν
2866 2001 2922 2055 δὲ
2968 2003 3181 2073 στήσας
3221 2006 3278 2057 ὲν
3310 2003 3470 2075 κολεῷ
3496 2006 3546 2057 τὸ
3575 2006 3678 2073 ξίφος

2190 2091 2289 2158 τὴν
2312 2090 2468 2144 λαιάν
2498 2092 2584 2144 ἐπ’
2603 2091 2754 2162 αῦτῷ
2781 2092 3097 2160 διανέπαυε,
3124 2096 3225 2165 τὴν
3245 2096 3413 2159 δεξιάν
3434 2098 3675 2165 προτείνων,

2191 2180 2501 2234 ἐπιτάττειν
2531 2181 2690 2253 ἐῴκει
2716 2186 2825 2247 τοῖς
2860 2184 3247 2257 στρατιώταις,
3278 2187 3500 2257 ἀνηλεῶς
3525 2187 3678 2257 θερίσαι

2189 2273 2301 2326 τῶν
2334 2274 2545 2343 νηπίων
2577 2276 2675 2343 τὴν
2709 2276 2970 2345 ἄρουραν.
3010 2277 3076 2331 Οί
3116 2278 3179 2331 δὲ
3219 2277 3568 2347 θηριοπρεπῶς
3598 2280 3678 2330 ἐπι-

2193 2364 2552 2434 θρώσκοντες,
2597 2367 2838 2437 ἀνηλεῶς
2861 2373 2929 2422 τὰ
2946 2368 3161 2423 δείλαια
3183 2369 3679 2438 κατεμέλιζον.Ἕγρα·

2190 2458 2290 2527 ψεν
2308 2458 2336 2509 ὀ
2362 2456 2648 2527 ζωγράφος
2668 2460 2765 2512 καὶ
2785 2459 2882 2523 τάς
2906 2461 3098 2525 ἀθλίας
3127 2461 3366 2532 μητέρας
3382 2460 3566 2529 οίκτρδν
3582 2475 3680 2512 συνι-

2194 2548 2404 2609 στώσας
2431 2548 2650 2619 θρῆνον,
2676 2550 2771 2603 καὶ
2793 2552 2904 2614 τοῖς
2927 2551 3127 2621 αἵμασι
3153 2554 3416 2622 κιρνώσας
3434 2552 3493 2604 τὰ
3509 2550 3676 2620 δάκρυα.

2192 2644 2301 2698 Καὶ
2328 2644 2361 2713 ἡ
2394 2644 2494 2712 μὲν
2521 2643 2696 2696 ἔτελλε
2726 2644 2823 2708 τάς
2854 2645 3049 2713 κόμας,
3078 2646 3111 2715 ἡ
3143 2646 3199 2698 δὲ
3228 2649 3342 2709 ταῖς
3369 2645 3498 2709 ὄνυξι
3521 2644 3596 2705 τὰς
3614 2658 3678 2694 πα·

2196 2736 2348 2804 ρειάς
2377 2735 2761 2805 περιέδρυφεν.
2786 2735 2953 2805 Ἀλλη
2980 2736 3272 2807 διέρῤησσε
3299 2735 3384 2788 τὸν
3410 2734 3594 2797 πέπλον,
3614 2729 3677 2785 καὶ

2190 2829 2259 2880 τά
2290 2826 2486 2895 στέρνα
2521 2827 2954 2895 παραγυμνοῦσα
2982 2827 3074 2879 τὸν
3107 2828 3312 2895 μαστὸν
3339 2826 3585 2879 ύπεδιίκνυ
3609 2840 3676 2874 κα-

2189 2917 2551 2985 ταλειφθέντα
2584 2917 2675 2969 τοῦ
2721 2916 3044 2987 θη).άζον,τος
3086 2918 3311 2989 ἔρημον.
3343 2918 3516 2988 Ἑτέρα
3548 2915 3591 2967 δὲ
3614 2910 3676 2965 τοῦ

517 2984 847 3040 dilacerabat
880 3002 1081 3052 comas,
1117 2989 1221 3042 alia
1270 2989 1566 3049 dilaniabat
1600 2999 1868 3067 unguibus
1894 3017 2081 3069 genas,

521 3072 686 3105 nllnpn
721 3074 1049 3105 t‘:bn:nn'n'snl
1086 3080 1297 3105 κηλῇ-..η
1354 3090 1398 3105 ..ι
1438 3084 1631 3105 ----_|_._
1668 3096 1879 3105 ..-μηδ

2193 2984 2592 3070 κατακοπέντος
2615 2984 2825 3059 παιδίου
2844 3009 2911 3059 τά
2930 2984 3304 3079 διεσπαρμένα
3327 2984 3676 3077 μέληουνέὶεγε.

518 3072 688 3127 altera
721 3074 1053 3131 discindcbat
1085 3080 1323 3148 peplum,
1351 3090 1403 3135 et
1438 3084 1637 3140 nudato
1667 3096 1885 3154 pectore
1914 3104 2087 3145 mam-

518 3179 659 3217 mam
694 3163 927 3221 lactente
944 3169 1261 3225 ostendebat
1289 3173 1532 3228 orbatam
1557 3190 1571 3239 ;
1603 3176 1707 3230 alia
1735 3192 1860 3233 vero
1885 3180 2089 3237 concisi

516 3254 731 3324 pueruli
762 3256 999 3312 membra
1026 3259 1332 3331 colligebat,
1381 3273 1433 3317 et
1460 3264 1564 3320 alia
1606 3266 1869 3324 infantem
1899 3285 2089 3330 recens

513 3348 757 3403 occisum
802 3365 966 3419 super
1019 3364 1192 3425 genua
1227 3363 1414 3411 tenens
1454 3372 1640 3415 amare
1688 3361 1983 3432 plorabat:
2032 3376 2088 3422 et

524 3457 839 3512 quanquam
871 3460 976 3501 non
1044 3457 1260 3517 poterat
1319 3451 1513 3507 artifex
1571 3453 1758 3511 indere
1815 3458 2090 3516 coloribus

515 3547 730 3602 vocem,
754 3536 1096 3594 lineamentis
1126 3549 1303 3615 tamen
1333 3542 1444 3612 (20)
1475 3545 1601 3613 ipsis
1629 3547 1870 3604 lamenta
1896 3550 2083 3621 signa-

519 3625 635 3680 bat.
661 3623 959 3682 Videbatur
990 3631 1132 3684 euim
1161 3632 1351 3688 mulier
1383 3634 1486 3690 hoc
1514 3636 1628 3693 fere
1651 3640 1809 3696 modo
1838 3641 2090 3699 flebiliter

514 3714 841 3771 lamentari:
882 3716 1133 3775 Oinfelix
1170 3736 1302 3789 puer
1327 3724 1644 3783 infelicioris
1672 3730 1883 3797 matris,
1939 3732 2092 3803 igno-

386 3861 407 3873 ,
514 3805 682 3861 rabas
708 3804 893 3876 igitur,
919 3817 971 3863 te
999 3808 1175 3877 gladio
1216 3822 1381 3881 atque
1408 3819 1617 3871 acerbae
1637 3820 1795 3874 morti
1819 3822 2083 3894 progigni!

512 3911 549 3951 ο
590 3906 779 3953 uterus
806 3898 1005 3955 frustra
1033 3902 1329 3960 fecundus!
1361 3922 1392 3961 ο
1441 3908 1652 3964 scilicet
1688 3913 1975 3970 invidenda
2006 3914 2087 3973 fe-

515 3987 800 4057 cunditas,
835 4005 955 4060 qua:
989 3996 1169 4063 gaudii
1201 3997 1513 4066 paululum,
1568 4001 1830 4059 molestiae
1880 4006 2092 4065 miserm

516 4077 649 4134 mihi
684 4079 973 4149 plurimum
1012 4086 1280 4141 attulisti!
1326 4104 1358 4144 ο
1388 4099 1569 4146 tenera
1600 4097 1866 4162 membra,
1896 4106 1950 4152 et
1987 4099 2090 4155 lin-

516 4186 622 4242 gua
646 4173 802 4231 dulce
834 4176 1139 4234 bulhutieus
1171 4195 1185 4234 :
1220 4196 1361 4237 nunc
1393 4196 1521 4238 vero
1546 4184 1649 4238 heu
1685 4186 1736 4239 in
1762 4198 2080 4257 perpetuum

514 4265 895 4324 obmutescens
919 4270 932 4323 ί
961 4285 994 4325 o
1022 4272 1239 4328 dextera
1267 4274 1474 4342 iniqua,
1504 4291 1623 4345 qua:
1644 4278 1821 4348 gladio
1853 4293 2085 4349 armata,

2190 3100 2301 3157 Καὶ
2327 3100 2459 3169 ἄλλη
2486 3099 2780 3167 νεοσφαγὲς
2801 3103 2914 3164 τοῖς
2938 3101 3134 3167 γόνασι
3161 3099 3428 3170 κρατοῦσα
3448 3100 3501 3151 τὸ
3519 3098 3676 3166 νήπιον,

2191 3190 2402 3260 πικρῶς
2424 3189 2757 3260 ὠλοφύρετο.
2796 3192 2903 3243 Καὶ
2937 3192 3127 3260 ἐπειδὴ
3168 3191 3241 3262 μὴ
3276 3186 3414 3261 εἶχεν
3442 3193 3466 3243 ὁ
3492 3189 3678 3257 τεχνίτης

2190 3282 2372 3353 φωνὴν
2395 3282 2631 3335 ἐνθεῖναι
2651 3285 2762 3345 τοῖς
2786 3282 3094 3352 χρώμασιν.
3122 3284 3359 3355 ὲσῆμανε
3382 3283 3490 3342 τοὺς
3511 3280 3677 3349 θρήνους

2186 3375 2300 3436 τοῖς
2334 3372 2677 3445 γράμμασιν.
2713 3374 2918 3427 Ἐδόκει
2954 3376 3064 3443 γάρ
3103 3374 3479 3445 ἐπιτραγῳδεῖν
3507 3366 3590 3424 ὧδὲ
3617 3385 3677 3420 τοι

2186 3463 2248 3517 τὸ
2275 3463 2514 3531 γύναιον.
2536 3460 2607 3515 Ὦ
2638 3462 2850 3516 παιδίον
2876 3462 3137 3534 δυστυχὲς
3167 3463 3486 3533 ἁθλιωτέρας
3513 3457 3676 3530 μητρὸς,

2188 3554 2478 3617 ἐλάνθανες
2508 3552 2616 3626 ἄρα
2651 3552 2792 3621 ξίφει
2838 3554 2933 3609 καὶ
2964 3553 3186 3626 θανάτῳ
3218 3554 3380 3625 ἀώρῳ
3406 3548 3676 3618 τικτόμενονῖ

2193 3645 2258 3698 Ὦ
2280 3644 2378 3715 τῆς
2405 3645 2581 3715 μάτην
2603 3644 2829 3714 γονίμου
2853 3644 3120 3715 γαστρόςί
3146 3644 3191 3698 ὦ
3213 3644 3447 3715 ζηλωτῆς
3468 3639 3678 3699 εὐτεκνίας

2189 3735 2275 3788 ἐπ’
2300 3733 2477 3802 ὀλίγον
2520 3734 2621 3804 μὲν
2657 3733 3033 3804 εύςρρανάσης,
3074 3735 3170 3787 ἐπὶ
3211 3734 3368 3789 πλέον
3403 3734 3455 3786 δὲ
3488 3729 3679 3794 ἀνιούοης

2188 3826 2286 3897 τὴν
2324 3826 2560 3879 δειλαίαν
2604 3825 2740 3895 ὲμέι
2779 3823 2824 3878 ὣ
2867 3824 3046 3896 μελῶν
3092 3827 3345 3894 ἁπαλῶν,
3377 3824 3464 3878 καὶ
3497 3821 3677 3891 γλώττης

2189 3914 2543 3986 ψελλιζούσης
2575 3916 2694 3985 ήδὺ,
2722 3917 2816 3968 νῦν
2843 3915 2900 3968 δὲ
2929 3916 3031 3985 φεῦ
3065 3917 3370 3989 σιγησάσης
3401 3914 3599 3984 ἐσχάτην
3622 3926 3678 3962 σι-

2189 4004 2321 4078 γῆνῙ
2348 4005 2393 4060 ὦ
2418 4007 2595 4073 δεξιᾶς
2622 4006 2806 4061 ἀδίκου
2832 4006 3119 4079 ξιφήρους,
3147 4010 3229 4063 ὅτι
3256 4010 3330 4081 μή
3354 4008 3453 4079 πρὸ
3474 4005 3570 4069 σοῦ,
3588 4017 3679 4054 τισι-

2188 4101 2337 4167 δίον,
2379 4100 2479 4170 τὴν
2521 4098 2786 4152 τεκοῦσαν
2828 4099 3186 4153 ἀπέκτεινενι
3212 4100 3407 4170 Ἕγρεο
3447 4095 3679 4161 σπλάγχνον

2192 4192 2353 4262 ἐμὸν,
2388 4187 2710 4254 ἀποτίναξον
2745 4189 2833 4242 τὸν
2869 4189 3039 4260 βαρὺν
3070 4191 3263 4244 τοῦτον
3296 4191 3473 4253 ὕπνον,
3503 4189 3551 4240 ὄν
3578 4180 3680 4286 aeui

2191 4282 2405 4354 ἀπηνὴς
2458 4279 2837 4352 στρατηλάτης
2886 4281 3169 4353 ἐνέθηκεν.
3209 4280 3562 4352 ’Υςραπλώθητι
3598 4279 3680 4331 ωε

515 4372 637 4426 qua:
674 4374 781 4414 non
815 4370 943 4416 ante
971 4371 1198 4418 matrem
1258 4380 1419 4435 quam
1456 4377 1528 4435 te,
1552 4370 1745 4439 puelle,
1777 4373 2083 4429 interemit!

2193 4374 2460 4442 ἀγκάλαις
2510 4371 2608 4442 τῆς
2663 4373 2760 4443 σῆς
2814 4371 3007 4437 ἀθλίας
3057 4374 3291 4446 μητρός.
3329 4354 3582 4426 Ἐπιλαόοῦ
3617 4360 3679 4416 τοῦ

517 4448 935 4520 Expergiscere,
983 4454 1080 4520 fili,
1113 4456 1320 4513 viscera
1353 4475 1493 4527 mea,
1539 4472 1733 4519 excute
1763 4467 2087 4536 profundum

517 4542 663 4596 hunc
720 4557 969 4598 somnum
1009 4560 1168 4615 quem
1208 4548 1308 4603 tibi
1336 4550 1556 4607 immitis
1586 4555 1803 4611 satelles
1834 4557 2077 4623 immisit;

519 4630 734 4701 conjice
785 4640 838 4687 te
876 4632 929 4687 in
981 4634 1136 4691 ulnas
1193 4638 1406 4694 misera:
1453 4644 1775 4712 genetricis;
1810 4646 2084 4715 prehende

522 4737 812 4777 mammam
837 4723 964 4779 olim
1000 4724 1092 4780 tibi
1125 4726 1395 4796 capitam;
1429 4733 1669 4789 suaviter
1692 4736 1873 4802 matri,
1925 4752 1988 4792 ac
2020 4740 2086 4795 de

518 4829 669 4871 more
697 4817 936 4875 subride.
977 4818 1083 4874 Sed
1130 4834 1236 4874 non
1272 4819 1327 4875 id
1355 4824 1621 4892 permittit
1649 4826 1933 4897 imperium
1969 4847 2091 4887 cru-

517 4906 637 4969 dele
671 4911 912 4980 tyranni.
964 4908 1089 4967 Haec
1119 4911 1264 4983 loqui
1311 4914 1603 4974 verisimile
1635 4929 1771 4989 erat,
1813 4928 1868 4977 et
1896 4921 2085 4980 forsan

2200 4464 2330 4536 πρίν
2353 4480 2434 4517 σοι
2462 4463 2797 4534 ποθουμένου
2827 4463 3023 4535 μαζοῦ.
3049 4464 3345 4531 Ἐπίδειξον
3366 4463 3421 4517 τὸ
3443 4458 3584 4531 γλυκὺ
3620 4451 3679 4505 11"

2188 4556 2419 4627 σύνηθες
2448 4556 2623 4607 ἐκεῖνο
2653 4555 2940 4627 μειδίαμα.
2973 4556 3115 4609 Ἀλλ’
3138 4558 3240 4611 οὐκ
3264 4556 3435 4627 ἀφῆκε
3458 4553 3509 4607 τὸ
3532 4544 3682 4612 ἀπηνὲς

2188 4654 2282 4709 τοῦ
2320 4652 2586 4723 τυράννου
2621 4652 2922 4723 ἐπίταγμα.
2958 4654 3193 4708 Τοιαῦτα
3235 4653 3407 4721 λέγειν
3439 4648 3590 4719 ἐῴκει,
3620 4638 3680 4693 καῖ

2196 4748 2440 4815 συνεῖρεν
2481 4743 2612 4806 ἴσως
2644 4743 2715 4796 τὰ
2747 4745 2848 4814 τῆς
2886 4744 3107 4815 Νιόϐης,
3151 4746 3246 4798 καὶ
3284 4745 3378 4814 τῆς
3411 4738 3680 4794 Ἀλκίστεως·

2195 4834 2387 4904 Μάτην
2420 4833 2528 4904 ἄρα
2562 4848 2620 4884 σε
2655 4832 2842 4886 τέκνον
2875 4832 3220 4904 ἐθρεψάμην,
3259 4835 3427 4904 μάτην
3459 4825 3680 4901 ἐμόχθουν.

2198 4926 2292 4981 καὶ
2333 4923 2667 4992 κατεξάνθην
2707 4924 2909 4989 πόνοις.
2951 4925 3108 4998 Ζηλῶ
3151 4925 3197 4979 δ’
3218 4926 3454 4995 ἀγάμους
3485 4916 3681 4989 γυναῖκα

1745 5082 2065 5147 Francisci
2094 5070 2305 5151 Scorsi
2334 5090 2523 5148 noue.

589 5203 966 5290 “Sil-Omnem
1022 5222 1248 5290 (etatem.
1281 5213 1404 5290 “Hic
1463 5219 1674 5288 poetico
1720 5221 1822 5272 ritu
1854 5220 1996 5290 loqui
2036 5237 2095 5279 se

516 5276 653 5331 Velle
675 5276 1032 5346 Theophanes
1066 5281 1161 5335 ait.
1193 5283 1407 5341 Nullum
1458 5276 1633 5342 t'ameu
1674 5290 1853 5342 innuit
1881 5276 2088 5346 certum

515 5358 689 5414 poeta:
741 5344 942 5423 locum,
997 5364 1060 5402 ex
1083 5365 1189 5417 quo
1218 5358 1452 5423 tragicos
1498 5357 1618 5412 illos
1648 5358 1836 5413 modus
1890 5362 1953 5413 ad
1980 5344 2090 5415 rem

516 5431 670 5469 suam
734 5419 1136 5494 transduxerit;
1172 5419 1344 5494 neque
1380 5440 1510 5481 vero
1534 5443 1633 5494 ego
1667 5429 1894 5482 similem
1931 5430 2080 5485 illum

516 5495 780 5567 hactenus
848 5488 1048 5567 reperi,
1091 5488 1374 5567 unde'es
1419 5488 1633 5565 ingenio
1679 5513 1778 5551 suo
1808 5514 1975 5567 pauca
2002 5503 2089 5554 illa

518 5556 815 5639 componit.
874 5556 1016 5639 Infra
1042 5562 1257 5639 quidem
1315 5556 1636 5639 Alcestidem
1672 5577 1725 5620 et
1757 5556 1963 5624 Nioben
1998 5585 2091 5639 ap-

520 5623 703 5693 pe'lat,
731 5625 795 5681 de
818 5628 1014 5695 quibus
1050 5623 1290 5688 dicemus
1322 5649 1418 5689 suo
1446 5636 1580 5691 loco.

2263 5226 2376 5297 (20)
2404 5224 2757 5300 Lineameutis
2791 5232 2984 5300 tamen.
3023 5220 3135 5300 Qui
3173 5235 3280 5275 non
3327 5219 3488 5300 videat
3518 5219 3680 5300 pratis:

2188 5292 2367 5351 fuisse
2412 5296 2528 5349 haec
2583 5294 2827 5367 ὲσήμανε
2863 5295 2988 5354 τοὺς
3021 5292 3251 5363 θρήνους
3310 5292 3416 5373 τοῖς
3455 5292 3679 5357 γράμματι

2190 5364 2624 5399 ηηοιηλιηηηῖιῖμηι
2686 5368 3031 5399 .mmnaccprnl
3090 5361 3181 5399 νηὶ
3240 5358 3417 5399 ἐπειῆῇ
3472 5356 3533 5399 [ﬁt
3574 5346 3677 5399 εῐγεν

2189 5364 2625 5434 quandoquidem
2669 5356 3187 5434 'przecesserat'jai.
3240 5358 3418 5434 ἐπειδὴ
3470 5356 3533 5425 μὴ
3574 5356 3677 5434 εῐχεγ

2188 5426 2223 5489 ὅ
2267 5426 2516 5504 τεχνίτης
2562 5426 2752 5507 φωνήν
2776 5432 3032 5485 ἐνθεῖναι.
3052 5426 3247 5507 igitur:
3266 5446 3323 5483 ea
3361 5426 3676 5507 lucratus-stult

2188 5519 2254 5558 ex
2276 5499 2445 5558 altero
2473 5499 2682 5566 codice,
2708 5499 3030 5579 semperque
3052 5500 3101 5552 in
3126 5514 3194 5553 eo
3222 5499 3418 5579 nimim
3437 5499 3675 5579 ῼΡῙῘΠῩἯἯ

2191 5588 2366 5627 meam
2403 5573 2564 5627 etiam
2603 5574 2709 5639 illa,
2742 5566 2861 5650 quas
2891 5566 3138 5650 videntur
3160 5568 3350 5650 omitti.
3378 5566 3579 5635 potuisse
3599 5566 3678 5611 n03

2186 5643 2356 5699 fuisse
2388 5644 2455 5700 ab
2484 5652 2726 5711 auctore,
2762 5641 2855 5698 sed
2889 5654 2919 5693 a
2944 5641 3211 5709 scriptore
3248 5641 3454 5693 omissa.
