3934 6222
252 325 362 391 92-9
633 302 704 364 '

1594 326 1933 390 HOMILIA
1974 326 2143 389 LIII.

3416 339 3519 408 930

138 478 141 479 ν
246 440 421 495 σάϐετ
454 438 672 511 ή’γυνὴ
720 438 1020 510 Ζαχαρίου,
1079 443 1172 498 καὶ
1220 445 1589 518 περιέκρυϐεν
1638 445 1823 517 suum

1947 451 1997 497 et
2030 442 2343 501 occultabat
2373 457 2434 500 se
2460 445 2739 502 mensibus
2759 448 3018 519 quinque.
3042 466 3061 502 ι
3093 447 3385 523 Postquam
3412 455 3508 511 Za-

247 532 426 602 μῆνας
457 531 643 584 πέντε.
678 549 699 583 s
746 531 969 602 Ἐπειδὴ
1003 534 1032 585 ὁ
1065 535 1166 604 μὲν
1194 538 1492 608 Ζαχαρίας,
1524 538 1823 609 ἀπιστήσας

1941 535 2188 604 charias,
2215 537 2357 606 quod
2390 536 2553 593 ﬁdem
2581 536 2816 594 Gabrieli
2867 555 2975 596 non
3008 541 3304 612 habuisset,
3339 555 3514 602 mutus

240 624 326 694 τῷ
353 624 621 693 Γαϐριὴλ,
649 624 1027 694 ὲκεκὼφευτο,
1052 629 1120 697 τῇ
1143 629 1202 681 δὲ
1243 629 1532 684 Ἐλισάϐετ
1551 629 1823 700 ὲνηργήθη

1939 628 2135 693 evasit,
2165 629 2440 685 Elisabeth
2489 644 2618 685 verc
2666 633 2937 702 concepit,
2986 648 3159 705 usque
3203 637 3271 690 ad
3306 650 3516 693 certum

241 718 281 785 ἡ
321 715 605 786 σύλληψις,
661 716 826 787 μέχρι
868 718 968 786 μέν
997 736 1141 782 τινος
1172 720 1537 791 περιὲκρυϐεν
1572 720 1778 792 ἑαυτήν
1811 734 1825 749 ⁸

1943 727 2154 788 tempus
2172 721 2288 789 ipsa
2319 720 2550 776 delituit.
2575 721 2647 776 Ea
2682 722 2892 779 scilicet
2922 740 3087 783 causa
3113 736 3168 781 ut
3188 729 3514 798 quibusdam

244 811 326 875 ὡς
359 810 458 880 μέν
500 826 613 862 τισι
643 808 813 875 δοκεῖ,
864 813 947 863 ὅτι
974 811 1063 865 διὰ
1096 812 1158 864 τὸ
1212 815 1391 884 γῆρας
1428 815 1696 885 ᾐσχύνετο
1730 814 1823 884 τὴν

1938 810 2174 878 videtur,
2209 815 2351 882 quod
2396 821 2608 868 uterum
2642 814 2788 871 ferre
2818 824 2926 870 tam
2952 817 3329 889 intempestiva
3358 832 3515 877 actate

238 904 446 975 ἔξωρον
499 902 879 977 εὐλαϐουμένη
942 907 1264 975 κυοφορέαν,
1330 908 1492 977 ἡμεῖς
1525 905 1583 959 δέ
1623 923 1826 976 φαμεν,

238 995 321 1059 ὡς
356 973 420 1049 οὐ
453 996 541 1049 διὰ
569 973 733 1050 τοῦτο
772 973 1144 1068 περιέκρυϐεν
1171 973 1397 1070 ἑαυτήν.
1422 996 1533 1053 Ἦν
1555 973 1663 1069 γάρ
1688 973 1827 1069 αὐτῇ

244 1089 455 1161 μᾶλλον
501 1091 681 1159 χαρᾶς
731 1092 763 1160 ή
810 1089 1072 1160 σύλληψις
1124 1092 1407 1159 πρόξενος,
1447 1092 1508 1145 οὐ
1551 1092 1711 1162 μόνον
1744 1094 1827 1147 ὃτι

161 1179 175 1193 ⁸
248 1183 436 1250 μήτηρ
456 1181 687 1248 ἐγίνετο,
718 1181 781 1233 τὸ
815 1182 990 1249 γλυκὺ
1010 1183 1245 1253 πρᾶγμα
1275 1186 1369 1237 καὶ
1390 1183 1582 1253 ὄνομα,
1606 1183 1721 1237 ἀλλ’
1745 1185 1827 1239 ὅτι

241 1276 347 1327 καὶ
371 1268 500 1343 παρ’
534 1273 703 1327 αὐτοῦ
741 1273 838 1327 τοῦ
869 1274 1039 1345 νόμου
1065 1270 1137 1346 ἦν
1170 1293 1253 1337 τις
1284 1277 1416 1346 τιμὴ
1447 1279 1569 1332 ταῖς
1602 1277 1822 1348 μητράο

248 1383 358 1429 σιν,
388 1359 544 1437 ἧςόὺ
580 1369 831 1437 μετεῖχον
854 1368 910 1419 αί
931 1369 1145 1436 στεῖραι
1206 1367 1302 1419 καὶ
1346 1368 1556 1435 ἄγονοι.
1581 1368 1706 1432 Πῶς
1731 1367 1827 1423 οὖν

241 1457 514 1528 ῂτχύνετθ
539 1456 638 1525 τῆς
670 1457 903 1526 νομικῆς
942 1457 1199 1526 εὐλογίας
1224 1460 1689 1529 ἐπιτυγχάνουσα,
1730 1463 1826 1516 καὶ

244 1551 365 1615 ἃμα
402 1545 741 1600 κοινωνοῦσα
769 1550 836 1617 τῇ
872 1547 1123 1616 μακαρίᾳ
1158 1546 1349 1620 Σάρρᾳ
1392 1549 1535 1602 κατὰ
1560 1549 1661 1622 τὴν
1692 1550 1822 1617 ἔξωο

246 1657 342 1709 ρον
366 1639 627 1712 σύλληψιν
648 1656 663 1704 ;
686 1639 814 1692 Ὀτι
841 1641 951 1709 γὰρ
965 1639 1054 1692 διὰ
1079 1638 1178 1693 τοῦ
1204 1638 1366 1693 τόκου
1390 1644 1705 1714 περιῃρεῖτο
1724 1641 1824 1715 τῆς

242 1731 501 1794 ἀτεκνίας
548 1733 609 1784 τὸ
636 1730 865 1794 ὄνειδος,
900 1733 964 1784 ἐκ
1002 1730 1113 1784 τῶν
1147 1732 1320 1802 αὐτῆς
1345 1732 1520 1800 λόγων
1557 1733 1677 1785 ἔστι
1716 1750 1823 1804 μα-

1935 903 2305 959 erubesceret.
2334 904 2445 961 Nos
2466 921 2595 961 vero
2631 923 2739 961 non
2777 922 2896 963 eam
2930 907 3102 964 fuisse
3138 913 3401 966 rationent
3436 914 3514 966 la-

1938 997 2082 1052 tendi
2103 998 2501 1064 existimamus,
2533 1001 2713 1068 potius
2740 1001 2884 1055 enim
2916 1000 3117 1056 leitia!
3150 1005 3515 1060 materiesille

1932 1098 2227 1159 conceptus
2249 1099 2400 1145 esset
2428 1092 2654 1146 debebat
2689 1105 2797 1146 non
2834 1094 2992 1147 modo
3018 1101 3160 1161 quod
3182 1107 3353 1150 mater
3368 1105 3513 1151 esset

1932 1180 2149 1248 ellecta,
2176 1182 2335 1237 dulce
2368 1182 2579 1239 scilicet
2610 1199 2833 1251 nomen,
2861 1195 2915 1239 et
2959 1200 3047 1241 res
3072 1186 3206 1258 (27),
3243 1191 3337 1243 sed
3367 1191 3509 1259 quod

1931 1274 2095 1328 etiam
2118 1290 2184 1330 ex
2205 1273 2319 1345 ipsa
2346 1276 2461 1344 lege
2486 1279 2705 1346 quidam
2730 1287 2932 1332 matres
2960 1280 3287 1349 sequebatur
3312 1282 3511 1347 honor,

1930 1366 2086 1436 cujus
2105 1376 2357 1436 expertes
2386 1377 2544 1423 erant
2567 1368 2783 1424 steriles
2813 1377 2869 1447 et
2904 1370 3228 1425 infecundae.
3261 1371 3389 1438 Qure
3414 1374 3514 1443 igi-

1933 1468 2019 1514 tur
2048 1469 2194 1515 esset
2223 1476 2389 1517 causa
2421 1462 2663 1530 pudoris,
2699 1477 2823 1518 cum
2858 1462 3288 1519 benedictionem
3325 1465 3504 1535 legiti-

1929 1563 2072 1603 nzam
2114 1560 2409 1606 consecuta
2452 1561 2632 1619 esset;
2664 1564 2719 1609 et
2773 1554 2933 1609 simul
2991 1569 3112 1609 cum
3143 1558 3297 1611 beata
3343 1555 3508 1613 Sarra

1928 1654 2273 1696 communem
2324 1641 2550 1697 haberet
2615 1642 3052 1713 intempestivum
3116 1646 3168 1699 itt
3226 1656 3508 1704 senectute

1927 1735 2293 1804 conceptum?
2323 1733 2466 1803 quod
2496 1738 2661 1817 enim.
2694 1751 2789 1804 per
2828 1748 3039 1805 partum
3074 1739 3381 1796 sterilitatis
3414 1742 3509 1797 dea

245 1822 386 1876 θεῖν.
428 1823 566 1894 Φησὶ
601 1823 706 1891 γάρ
733 1838 746 1851 ·
796 1842 814 1875 ι
851 1822 1039 1886 Οὕτως
1070 1840 1170 1899 ,μοι
1209 1800 1481 1894 πεποίηκε
1526 1800 1729 1898 Κύριος
1760 1825 1819 1879 ὲν

1931 1800 2668 1894 letutnvessetopprobrium,
2698 1800 2762 1878 ex
2796 1800 3080 1894 ipsiusmet
3114 1830 3294 1885 verbis
3354 1832 3510 1886 intel-

242 1918 503 1987 ήμέραις,
537 1910 624 1977 αἷς
658 1915 870 1969 ἐπεῖδεν
902 1916 1124 1985 ἀφελεῖν
1155 1916 1216 1971 τὸ
1248 1917 1448 1981 ὄνειδός
1483 1935 1586 1988 μου
1625 1920 1683 1972 ἐν
1720 1921 1817 1974 ἀν-

243 2008 503 2079 θρώποις.
539 2027 559 2060 s
591 2008 747 2072 Τίνος
801 2006 894 2061 οὖν
921 2007 1110 2063 ἕνεκεν
1154 2009 1355 2081 ἑαυτὴν
1414 2010 1818 2082 περιέκρυϐεν;

254 2101 575 2171 ’Δαρωνῖτις
606 2099 764 2164 οὖσα,
796 2100 891 2154 καὶ
921 2099 1016 2153 τοῦ
1053 2100 1297 2171 μεγάλου
1331 2101 1521 2173 ἱερέως
1552 2101 1823 2172 ὀμόζυγος

241 2193 508 2246 σπουδαία
537 2187 606 2259 ἦν
650 2193 709 2245 ὲν
740 2194 807 2264 τῇ
861 2192 983 2245 κατ’
1027 2192 1230 2264 ἀρετήν
1284 2192 1509 2264 ἀκριϐεῖ
1553 2193 1819 2265 πολιτείᾳ.

242 2285 547 2339 Ιιύλαϐεῖτο
586 2281 681 2339 οὖν
714 2286 772 2353 ἐξ
818 2287 995 2357 ἀρχῆς
1018 2275 1355 2357 ὁμολογῆσαι
1393 2287 1492 2358 τὴν
1536 2286 1821 2357 σύλληψιν,

240 2379 331 2431 ἵνα
359 2377 434 2448 μὴ
466 2377 653 2430 πολλοὶ
684 2380 1091 2450 ἀπιστήσαντες
1125 2379 1187 2431 τὸ
1224 2379 1318 2432 τοῦ
1351 2380 1622 2450 Ζαχαρίου
1650 2380 1826 2431 ἐπιτί-

243 2486 370 2540 μιον
410 2470 708 2539 λήψωνται.
739 2466 848 2524 Ἦν
888 2474 997 2543 γὰρ
1027 2471 1107 2542 τῷ
1146 2470 1283 2543 πρὸς
1327 2470 1426 2542 τὴν
1474 2471 1636 2540 φύσιν
1682 2472 1821 2523 ἀπο-

242 2561 502 2615 ϐλέποντι
554 2562 628 2626 ὡς
674 2562 890 2633 ἀληθῶς
932 2564 1318 2628 ἀπιστότατον,
1370 2566 1606 2632 γυναῖκα
1647 2562 1825 2633 παρή-

236 2651 395 2720 ’λικα,
428 2656 637 2726 ῥυσσὴν
677 2655 738 2708 τὸ
765 2657 948 2725 σῶμα,
981 2657 1387 2728 ὲρυτιδωμένην
1415 2655 1477 2708 τὸ
1504 2655 1820 2727 πρόσωπον,

244 2745 566 2801 ὲνανθεῖσαν
617 2747 803 2817 γήρει,
858 2746 1022 2814 φύσιν
1069 2745 1483 2818 στειρεύουσαν,
1528 2745 1619 2799 sui
1656 2745 1824 2798 τέκνα

243 2838 502 2907 γενέσθαι
547 2839 642 2891 καὶ.
693 2838 910 2909 μητέρα
962 2838 1173 2902 παιδός.
1224 2839 1361 2908 Ἤδη
1419 2840 1527 2909 γὰρ
1561 2837 1825 2891 ὲπέσϐετο

242 2934 343 2986 καὶ
375 2933 534 3003 αὐτῇ,
564 2933 756 3003 ὥσπερ
777 2934 843 3002 τῇ
877 2932 1086 3003 Σάρρᾳ.
1115 2932 1299 2984 ἐκεῖνα
1319 2930 1388 2984 δι’
1414 2924 1489 2983 ὧν
1521 2930 1824 3000 ἐνεργεῖται

241 3027 277 3096 ή
319 3024 602 3095 σύλληψις.
675 3024 790 3077 Οὐκ
847 3019 943 3076 οὖν
982 3022 1296 3093 αἰδουμένη,
1358 3021 1497 3075 ἀλλὰ
1547 3020 1821 3092 κηδομένη

245 3118 616 3189 περιέκρυϐεν
656 3118 878 3187 ἑαυτήν.
910 3116 1140 3186 Ἐπειδὴ
1173 3115 1231 3168 δὲ
1262 3117 1381 3179 ταῖς
1422 3117 1564 3168 κατά
1623 3114 1821 3185 μικρὸν
1848 3147 1891 3206 c

239 3211 340 3265 τοῦ
371 3210 612 3280 ἐμϐρὺου
645 3208 938 3279 αὑξήσεσιν
978 3209 1010 3279 ή
1042 3208 1255 3279 γαστὴρ
1285 3207 1634 3279 ἑνηυρύνετο,
1666 3207 1727 3260 αἱ
1759 3223 1819 3260 τε

239 3304 404 3375 θηλαὶ
463 3302 705 3373 δαψιλῶς
759 3301 1098 3372 ἐπληροῦντο
1145 3302 1241 3355 τοῦ
1285 3301 1581 3368 γάλακτος,
1608 3299 1727 3355 τότε
1756 3300 1821 3370 δὴ

235 3399 344 3453 οὐκ
372 3397 698 3468 ἀπέκρυπτε
724 3394 787 3448 τὸ
820 3393 897 3466 μὴ
935 3394 1272 3460 ἀπιστῆσθαι
1309 3393 1629 3465 δυνάμενον.

321 3600 340 3634 ι
373 3582 463 3634 Ἐν
499 3580 558 3634 δὲ
583 3581 660 3651 τῷ
697 3580 830 3652 μηνὶ
870 3580 947 3652 τῷ
992 3580 1138 3650 ἕκτῳ
1192 3579 1475 3651 ἀπεστάλη
1515 3583 1543 3635 ὀ
1588 3580 1823 3649 ἄγγελος

237 3674 486 3745 Γαϐριὴλ
533 3673 641 3727 ὕπὸ
685 3672 778 3726 τοῦ
813 3674 951 3726 Θεοῦ
1004 3676 1086 3737 είς
1125 3673 1284 3727 πόλιν
1316 3673 1418 3744 τῆς
1465 3670 1822 3749 Γαλιλαίαςῇ

237 3766 417 3830 ὄνομα
477 3764 732 3835 Ναζαρὲτ
793 3765 931 3835 πρὸς
993 3763 1264 3834 παρθένον
1331 3766 1823 3836 μεμνηστευμένην

237 3853 423 3925 ἀνδρὶ,
457 3847 500 3923 ᾧ
526 3854 699 3925 ὅνομα
731 3855 952 3925 Ἰωσήφ.
988 3873 1008 3906 s
1039 3854 1465 3926 Φιλοπευστήσει
1494 3858 1550 3911 δέ
1574 3873 1684 3922 τις,
1712 3857 1823 3911 τῶν

236 3950 367 4003 λίαν
399 3947 731 4019 ζητητικῶν,
768 3949 891 4002 ὅτου
924 3947 1088 4019 χάριν
1128 3948 1273 4002 κατά
1318 3949 1412 4002 τὸν
1439 3949 1658 4020 πρῶτον
1687 3948 1824 4020 παρ’

249 4041 527 4109 Ἐὄραέοις
548 4041 725 4110 ὲμῆνα
752 4041 986 4093 ἐτελεῖτο
1014 4038 1172 4093 τοῦτο
1191 4039 1252 4094 τὸ
1285 4043 1584 4112 μυστήριον
1608 4057 1622 4109 ;
1650 4042 1822 4111 Δῆλον

238 4132 379 4202 γὰρ,
415 4132 497 4195 ὼς
544 4132 703 4195 ἓκτος
746 4131 844 4201 μὲν
884 4131 1096 4201 ὑπῆρχε
1133 4130 1240 4202 μὴν
1264 4132 1365 4201 τῆς
1397 4132 1646 4187 Ἰωάννου
1698 4134 1820 4189 συλ-

240 4224 488 4293 λήψεως,
544 4222 764 4296 πρῶτος
810 4223 868 4277 δὲ
909 4223 1004 4277 τοῦ
1038 4224 1162 4277 ὅλου
1210 4224 1480 4280 ἐνιαυτοῦ.
1520 4226 1743 4297 Ἐπειδὴ
1764 4212 1823 4281 δὲ

236 4320 270 4370 ὁ
313 4316 574 4388 αἰσθητὸς
624 4315 830 4385 κόσμος
874 4308 1055 4378 οὗτος,
1101 4314 1246 4370 κατά
1277 4317 1469 4372 τοῦτον
1516 4318 1608 4371 τὸν
1631 4319 1823 4391 καιρὸν

234 4409 695 4481 δημιουργηθεὶς,
744 4409 811 4478 τῇ
862 4405 957 4461 τοῦ
989 4408 1280 4481 ἀνθρὼπδυ
1328 4411 1640 4481 παραϐάσει
1693 4427 1820 4467 συνο

1923 1913 2091 1986 ligere
2126 1916 2273 1973 licet.
2342 1914 2431 1969 Ait
2483 1917 2628 1970 enim
2663 1931 2678 1968 :
2712 1934 2732 1968 ι
2768 1914 2858 1970 Sic
2898 1914 3024 1970 fecit
3058 1918 3195 1972 mihi
3245 1918 3508 1974 Dominus

1923 2012 1977 2066 in
2007 2009 2432 2079 diebus,quibus
2462 2009 2703 2079 respexit
2729 2008 2944 2064 auferre
2968 2008 3135 2081 360
3150 2012 3503 2080 opprobrium

1925 2115 2103 2155 meum
2132 2102 2275 2156 inter
2310 2100 2580 2155 homines.
2608 2118 2627 2150 ι
2662 2098 2778 2167 Qua
2817 2100 2983 2168 igitur
3026 2116 3189 2154 causa
3238 2115 3298 2155 sc
3333 2101 3509 2169 ipsam

1923 2192 2201 2247 occuluit?
2228 2189 2364 2246 Cum
2420 2205 2484 2244 ex
2514 2190 2694 2245 Aaron
2732 2190 2976 2244 traheret
3021 2207 3209 2260 genus,
3249 2200 3509 2261 essetque

1923 2289 2102 2356 magni
2133 2285 2433 2340 sacerdotis
2457 2298 2614 2344 uxor,
2640 2283 2706 2336 ad
2733 2292 2978 2337 exactam
3001 2282 3218 2337 virtutis
3252 2298 3502 2337 normam

1922 2378 2087 2433 vitam
2121 2376 2356 2446 dirigere
2380 2376 2631 2431 studebat
2652 2390 2829 2430 suam.
2867 2373 3199 2445 Conceptutn
3235 2377 3400 2447 igitur
3429 2376 3503 2431 ab

1923 2468 2082 2524 initio
2114 2468 2343 2538 prodere
2370 2468 2683 2529 verebatur,
2718 2481 2785 2521 ne
2819 2466 2972 2520 multi
3001 2465 3268 2521 increduli
3311 2467 3501 2521 eadem

1923 2574 1988 2615 ac
2023 2558 2317 2614 Zacharias
2356 2559 2511 2628 poena
2543 2559 2923 2613 multarentur.
2969 2558 3100 2613 Erat
3130 2559 3276 2613 enim
3312 2572 3504 2614 revera

1924 2652 2191 2722 spectanti
2233 2662 2439 2707 natura:
2468 2651 2708 2707 rationes
2739 2653 2977 2705 maxime
3024 2651 3345 2706 incredibile
3370 2667 3507 2722 pro-

1923 2756 2080 2802 vecta
2114 2745 2230 2814 jam
2278 2754 2435 2800 aetate
2470 2745 2770 2807 mulierem,
2802 2744 2950 2815 rugis
2998 2746 3049 2799 in
3110 2759 3340 2813 corpore
3368 2759 3507 2800 con-

1923 2843 2133 2904 tractis,
2160 2853 2385 2909 quthue
2411 2838 2524 2907 jam
2552 2846 2834 2893 senectute
2856 2837 3200 2901 deﬂorat-rat,
3226 2845 3281 2891 et
3309 2846 3504 2892 natura

1924 2933 2126 2988 sterilis
2150 2942 2289 2995 erat,
2316 2946 2683 3001 prtrgnantem
2717 2929 2854 2994 ﬁeri,
2887 2928 3223 2998 liberumque
3250 2940 3502 2985 matrem.

1925 3025 2040 3080 Jatn
2070 3024 2213 3078 enim
2279 3024 2380 3092 ipsi
2424 3023 2570 3078 itide:
2615 3061 2631 3073 .
2692 3038 2757 3078 ac
2807 3022 2987 3077 Sarrae
3037 3023 3375 3092 concipiendi
3415 3038 3508 3078 ex-

1926 3118 2119 3173 stincta
2146 3120 2225 3172 vis
2246 3130 2384 3172 erat.
2414 3114 2529 3170 Non
2549 3115 2715 3188 igitur
2734 3119 2937 3185 pudore
2956 3114 3236 3179 deterrita,
3274 3115 3368 3170 sed
3385 3114 3508 3169 aliis

1925 3210 2241 3266 consulendi
2263 3211 2444 3264 studio
2475 3209 2741 3265 latitabut.
2762 3208 2953 3263 Postea
2976 3222 3105 3262 vero
3135 3223 3295 3277 quam
3317 3207 3508 3278 paula-

1928 3304 2022 3357 tim
2053 3314 2374 3369 augescente
2391 3300 2521 3357 fmtu
2547 3300 2712 3370 ccepit
2729 3310 2915 3355 uterus
2932 3300 3319 3356 intumescere.
3335 3315 3508 3354 mam-

1925 3410 2134 3463 mazquc
2168 3395 2417 3447 ulteriore
2436 3394 2574 3447 lacte
2596 3401 2923 3461 turgescere,
2946 3403 3060 3446 tum
3084 3406 3211 3445 vero
3232 3391 3505 3447 occultum

1925 3501 2032 3540 non
2061 3484 2269 3548 habuit,
2303 3484 2448 3551 quod
2480 3481 2794 3537 incredibile
2816 3483 2986 3537 videri
3015 3497 3123 3537 non
3154 3490 3390 3552 poterat.

2004 3595 2023 3629 ι
2060 3576 2118 3631 lu
2146 3590 2333 3630 mense
2361 3556 2539 3630 autem
2594 3583 2748 3630 sexto
2781 3575 2979 3631 missus
3008 3585 3093 3632 est
3140 3575 3364 3646 angelus
3394 3574 3509 3632 Ga-

1925 3669 2059 3725 briel
2092 3684 2122 3724 at
2149 3667 2257 3724 Deo
2278 3667 2331 3723 in
2360 3668 2636 3723 civitatem
2665 3666 2901 3723 Galiltcaa
2952 3670 3038 3723 cui
3109 3683 3303 3724 nomen
3336 3668 3513 3723 Naza-

1926 3765 2071 3830 retb,
2129 3765 2194 3819 ad
2233 3764 2509 3832 Virginem
2564 3764 2949 3832 desponsatam
3004 3763 3141 3826 viro.
3174 3762 3263 3818 cui
3308 3777 3509 3817 nomen

1925 3864 2043 3912 erat
2078 3853 2302 3924 Joseph.
2337 3872 2356 3907 ›
2394 3853 2645 3910 Studehit
2676 3854 2766 3908 hic
2806 3869 2995 3909 eorum
3034 3855 3254 3924 aliquis,
3290 3854 3381 3923 qui
3422 3854 3511 3907 in-

1927 3948 2089 4018 genio
2114 3947 2178 4001 ad
2211 3961 2299 4000 res
2330 3945 2684 4014 inquirendas
2712 3943 2915 4007 valent,
2943 3957 3274 4013 cognoscere
3298 3957 3403 4011 qua
3439 3941 3512 3997 de

1926 4056 2092 4097 causa
2137 4040 2313 4109 primo
2339 4036 2479 4106 apud
2511 4035 2765 4091 Hebraeos
2796 4047 2982 4088 mense
3019 4033 3131 4104 (28)
3167 4033 3268 4087 hoc
3302 4040 3511 4102 myste-

1926 4135 2068 4188 rium
2098 4142 2371 4203 peractum
2404 4129 2515 4186 sit?
2542 4136 2754 4183 sextum
2799 4127 2944 4181 enim
3002 4141 3032 4180 a
3069 4123 3275 4179 Joanne
3313 4138 3511 4179 conce-

1930 4237 2051 4298 pto,
2080 4228 2322 4298 primum
2350 4239 2478 4279 vero
2504 4223 2671 4278 totius
2691 4221 2816 4275 anni
2834 4218 3005 4275 fuisse
3025 4217 3368 4276 manifestum
3398 4226 3512 4276 est.

1931 4320 2201 4389 Quoniam
2232 4333 2363 4374 sane
2395 4315 2632 4371 mundus
2671 4315 2771 4370 iste
2816 4312 3072 4370 sensibus
3117 4308 3364 4380 obiectus
3406 4310 3512 4364 hoc

1929 4414 2046 4485 ipso
2072 4424 2315 4484 tempore
2344 4412 2467 4466 anni
2491 4410 2606 4481 (29i
2633 4406 2886 4464 conditus
2915 4404 3105 4463 eodem
3130 4419 3237 4460 una
3268 4402 3510 4461 cumho-

1479 4573 1800 4640 Francisci
1833 4577 2047 4641 Scorsi
2082 4585 2270 4638 noue.

311 4715 628 4792 (Ἦλυιιισο
650 4716 848 4792 scilicet
893 4728 1147 4792 nomenAet
1178 4735 1279 4774 res.
1304 4719 1527 4792 Gregor.
1556 4721 1816 4783 Nazianz.
1847 4724 1902 4788 D

228 4787 398 4864 ornt,
420 4789 630 4864 [Rupilii
662 4787 1038 4864 ittgms‘arittm
1051 4789 1289 4864 _fl‘all‘t':.tll
1325 4787 1653 4864 parentibus
1680 4810 1822 4864 praB-
1856 4830 1859 4831 ν

229 4857 939 4933 sentibusItabitazol'e00_al
960 4874 1027 4933 με
1050 4860 1200 4933 ἴσως,
1215 4853 1259 4912 ὦ
1275 4853 1440 4929 φίλοι,
1452 4864 1553 4933 καὶ
1576 4853 1820 4933 ἀδελφοὶ,

224 4934 335 4989 καὶ
361 4930 618 5002 πατέρες,
644 4930 706 4982 τὸ
732 4928 906 4996 γλυκὺ
928 4930 1025 5002 καῖ
1047 4928 1295 5002 πρᾶγμα
1329 4933 1422 4985 καὶ
1448 4932 1620 5002 ὄνομα
1645 4950 1659 4964 ·
1710 4928 1819 4990 Επᾷ

225 5002 490 5059 istiumtis
537 4999 783 5072 fortasse,
817 5014 847 5051 ο
870 5000 1027 5072 amici
1048 4999 1101 5052 et
1142 5000 1357 5069 fratrea,
1381 5012 1431 5054 et
1448 4999 1687 5072 parentes
1717 5022 1820 5061 non

226 5089 294 5128 re
320 5080 603 5133 duntaxat,
653 5071 743 5123 srtt
786 5070 994 5123 nomine
1046 5085 1248 5142 quoque
1284 5074 1396 5142 ipso
1420 5070 1615 5128 dulces.
1648 5073 1819 5141 Quem

223 5141 485 5209 Gregorii
543 5155 773 5212 sensum
812 5149 975 5212 atque
1002 5140 1382 5212 getiamiverba
1428 5144 1513 5196 hic
1541 5140 1817 5212 exprimit,

224 5224 303 5284 ut
330 5215 653 5281 plerumque
696 5210 832 5264 solet
877 5210 963 5262 hic
997 5210 1180 5263 Pater.
1201 5211 1270 5267 Μ.
1304 5212 1530 5284 Τιιιιηίιι
1560 5210 1699 5269 orat.
1721 5230 1816 5284 pro

225 5283 433 5337 Planc.
488 5284 629 5335 hunc
656 5293 998 5334 communem
1040 5293 1258 5335 sensum
1289 5298 1409 5337 esse
1437 5282 1592 5348 dicit,
1626 5295 1678 5338 et
1705 5282 1817 5337 titil-

222 5354 515 5406 cissituatu
575 5350 1097 5421 commendationem
1145 5363 1350 5406 natura;
1400 5362 1451 5406 et
1473 5369 1567 5421 pro
1596 5353 1813 5409 Cluent.

219 5422 401 5476 Avito
432 5438 446 5474 :
501 5421 618 5485 Otto
658 5422 795 5473 enim
825 5432 897 5472 est
935 5420 1108 5486 ipsum
1140 5437 1324 5475 nomen
1350 5420 1612 5478 amantius
1639 5425 1818 5478 indul—

219 5498 549 5563 gentiusqur.
572 5504 869 5563 paternum.
906 5490 1010 5543 Sed
1056 5489 1250 5563 similia
1282 5495 1422 5547 dicta
1460 5494 1592 5549 velle
1621 5510 1820 5563 (:0!th-

225 5559 367 5616 i'erc
391 5559 473 5616 est
504 5565 616 5615 otio
645 5559 813 5626 abuti,
839 5562 1173 5634 _ctttn_nbyia
1206 5562 1315 5615 sint
1345 5565 1645 5634 pra-sertim
1681 5559 1818 5634 apud

222 5641 434 5702 poetas
477 5647 598 5702 qua:
642 5631 849 5702 contuli
875 5645 937 5684 ex
995 5630 1499 5695 Tullio,contuliex
1531 5630 1821 5688 occasione

214 5699 465 5775 (ἔτεκον.
497 5699 779 5757 ’Νεῑὶυιιι
815 5703 967 5773 cujus
1012 5716 1109 5759 ore
1139 5713 1322 5759 noster
1355 5703 1439 5758 hic
1470 5702 1729 5775 loquitur,
1763 5713 1821 5758 ut

211 5773 374 5829 dixi.

2000 4724 2111 4795 (28)
2152 4722 2332 4778 Primo
2374 4723 2515 4793 apud
2564 4721 2816 4777 Ileomos
2849 4734 3041 4795 mense.
3094 4715 3194 4773 llic
3220 4719 3391 4795 _apud_
3416 4733 3514 4778 eos

1932 4785 2104 4852 Nisau'
2156 4795 2358 4859 dictus,
2407 4785 2471 4849 ὀι
2526 4795 2735 4863 primus
2768 4800 2887 4863 erat
2918 4788 3128 4863 ex_lege
3168 4785 3330 4863 οῖ)εο
3359 4789 3510 4856 data,

1924 4866 1992 4921 de
2026 4881 2131 4936 qua
2166 4864 2285 4919 vide
2312 4856 2432 4936 quas
2465 4856 2699 4919 diiimus
2717 4864 2784 4936 ad
2806 4861 2949 4914 hom.
2978 4857 3032 4925 1,
3062 4856 3176 4912 not.
3212 4856 3312 4925 l4;
3335 4872 3515 4929 neque

1924 4931 2068 4990 enim
2096 4944 2227 4989 sunt
2262 4931 2452 4990 eadem
2478 4931 2789 5004 repetenda.

2000 5005 2110 5075 (29)
2135 5004 2250 5060 Hoc
2271 5006 2383 5075 ipso
2408 4998 2635 5071 tempore
2657 5001 2801 5075 anni.
2830 4998 2895 5052 Et.
2919 4998 2987 5075 de
3012 4999 3115 5054 hac
3137 4998 3337 5075 itidem
3360 5014 3513 5070 qua.

1925 5069 2101 5131 stioue
2128 5069 2338 5144 egimus
2368 5078 2433 5127 ad
2464 5069 2710 5128 eamdem
2735 5070 2881 5144 hom.
2915 5070 2968 5135 1,
2988 5069 3220 5144 not.00,
3246 5070 3340 5124 nhi
3368 5069 3511 5144 tione

1928 5145 2073 5199 nulla
2111 5140 2421 5198 testimmiia
2458 5155 2699 5198 veterum
2735 5140 2957 5194 Patrum
3021 5140 3366 5212 addunitnus.
3414 5143 3511 5212 qui

1929 5216 2053 5270 huic
2074 5215 2362 5268 sententia:
2380 5212 2745 5281 suifraguntttr
2761 5228 2774 5264 :
2789 5212 2983 5276 quibus
2999 5212 3137 5266 adde
3161 5210 3219 5265 S.
3245 5210 3503 5280 Cyrillum

1925 5285 1967 5339 H
1992 5287 2282 5355 erosolym.
2318 5286 2409 5352 qui
2440 5280 2692 5355 Xantico,
2727 5282 2919 5350 inquit,
2961 5297 3135 5336 mense
3180 5288 3412 5355 instante
3429 5288 3509 5355 est

1924 5352 2217 5425 reliquum}
2274 5365 2450 5425 estque
2496 5354 2593 5406 hoc
2628 5362 2852 5425 _tempus
2898 5355 3088 5425 mensis
3117 5353 3315 5421 primus
3364 5352 3505 5425 apud

1931 5421 2199 5489 Hebrwos,
2234 5440 2333 5493 quo
2388 5424 2576 5492 festum
2619 5421 2838 5476 Pasclue
2881 5424 3075 5490 prioris
3128 5430 3242 5475 erat
3281 5424 3509 5493 typt'cte;

1926 5512 2063 5548 nunc
2090 5511 2205 5548 vero
2243 5491 2318 5547 est
2351 5491 2504 5557 verm,
2526 5493 2622 5546 hoc
2651 5501 2725 5547 est
2757 5505 2957 5561 tempus
2979 5493 3259 5547 creationt's
3288 5491 3509 5556 mundi;

1928 5578 2050 5618 tunc
2102 5567 2243 5617 enim
2290 5566 2424 5618 dixit
2462 5563 2644 5617 Deus:
2705 5582 2722 5614 t
2770 5560 3034 5615 Pruducut
3090 5574 3235 5616 terra
3292 5562 3507 5616 herbam

1927 5637 2197 5689 virentem.
2244 5654 2263 5686 ι
2324 5635 2399 5689 Ita
2458 5636 2517 5690 S.
2572 5633 2806 5704 Cyrillus
2840 5649 2999 5699 quem
3052 5633 3232 5704 retuli,
3262 5636 3385 5702 quia
3418 5641 3507 5686 at-

1932 5706 2092 5775 tingit
2136 5707 2399 5759 rationem
2434 5721 2463 5760 a
2521 5703 2710 5775 nostro
2744 5704 3075 5775 Theophane
3117 5703 3407 5775 adductam
3438 5717 3509 5775 ex

1930 5771 2283 5847 proﬂuetione
2322 5775 2653 5848 plantarum.
2689 5774 2829 5846 Lege
2855 5771 3117 5831 Jzicobum
3144 5771 3423 5830 Salianum
3449 5773 3513 5827 in
