3934 6222
224 345 345 410 933

1688 331 2023 394 HOMILIA
2063 329 2229 392 LIII.

3393 325 3500 391 93$

218 458 387 519 ὅντα,
423 455 500 519 ὡς
527 454 593 508 ἐκ
617 453 729 508 τῶν
764 453 911 508 ἰδίων
948 453 1131 525 μερῶν
1164 449 1686 525 συμπληρούμενον,
1707 444 1809 514 τὴν

1926 442 2115 506 Deum,
2145 450 2198 495 et
2243 435 2540 509 perfectum
2587 454 2742 510 aeque
2782 438 3059 496 hominem
3107 438 3494 500 exsistentem;

220 550 517 622 ἀναφορὰν
545 548 692 620 ἔχειν
714 549 796 612 είς
826 548 916 602 τδν
949 548 1080 603 Υίδν
1105 546 1201 602 τοῦ
1245 545 1406 610 Θεοῦ,
1437 544 1576 596 Θεὸν
1607 538 1817 593 τέλειον

220 643 385 709 ὄντα,
427 641 524 695 καὶ
562 640 772 693 τέλειον
824 639 1134 711 ἄνθρωπον.
1190 638 1302 693 Καὶ
1340 637 1534 706 ὥσπερ
1583 625 1742 694 οὖτος
1790 628 1820 680 6

219 732 467 803 ἀριθμὸς
505 733 586 796 εἰς
622 733 692 785 τὰ
727 733 836 786 ίδια
861 733 1002 803 μέρη
1033 730 1421 800 ἀναλυόμενος,
1448 725 1818 780 συντεθέντων

220 824 391 888 αὖθις
435 822 547 875 τῶν
566 821 772 890 μερῶν,
802 823 879 885 είς
914 821 1108 875 ἑαυτὸν
1138 820 1303 875 πάλιν
1329 817 1765 873 ἀποκαθίσταται
1796 829 1814 848 ο

222 917 409 980 οὕτως
423 917 453 969 6
485 915 582 969 106
612 913 751 967 Θεοῦ
772 912 1068 985 μονογενὴς,
1087 912 1240 977 Υίδς,
1264 910 1547 972 κενωθεὶς,
1579 908 1675 959 καὶ
1694 902 1818 959 δού-

222 1014 332 1061 λου
364 1004 579 1078 μορφὴν
605 1003 809 1071 λαϐὼν,
847 1003 942 1057 καὶ
970 1002 1135 1057 οἱονείΙ
1185 998 1540 1071 σμικρυνθεὶς
1593 995 1675 1058 είς
1712 992 1814 1063 τὴν

221 1098 431 1154 ἑαυτοῦ
475 1098 814 1169 τελειότηται
852 1095 949 1150 καὶ
987 1094 1166 1161 ἀξίαν,
1216 1093 1380 1148 πάλιν
1410 1086 1795 1160 ἀνεπληρώθη,

221 1193 495 1246 οὐδέποτε
542 1189 639 1244 τοῦ
669 1189 878 1251 τέλειος
918 1184 1061 1242 εἶναι
1085 1185 1406 1257 ζημιωθείς.

316 1282 380 1338 '0
407 1283 467 1337 δὲ
496 1283 767 1354 ἡμέτερος
799 1280 958 1349 λόγος
1001 1279 1363 1342 νεανιεύεται,
1403 1274 1496 1329 καὶ
1532 1272 1693 1328 τοῦτο
1724 1271 1817 1343 ζη-

1922 546 1976 588 et
2005 533 2168 587 sit-uti
2204 546 2465 587 numerus
2501 532 2590 587 bic
2619 532 2709 586 ubi
2761 533 2816 587 in
2857 547 2987 588 suas
3019 532 3268 603 proprias
3296 530 3503 587 resolu-

1924 633 2010 679 tus
2041 632 2127 678 est
2162 634 2365 694 partes,
2402 624 2722 694 compositis
2763 634 2959 681 rursus
3002 625 3131 694 illis,
3160 625 3214 679 in
3256 624 3496 694 seipsum

1924 717 1992 769 de
2030 716 2244 786 integro
2277 716 2418 770 redit
2450 724 2611 784 atque
2639 716 2910 783 consistit;
2960 717 3037 772 sic
3060 718 3371 784 unigenitus
3406 715 3500 770 Dei

1920 807 2090 863 Filius
2120 823 2244 862 cum
2278 822 2337 861 se
2381 807 2719 861 exinanisset
2761 817 2814 861 et
2872 807 3107 861 formam
3167 808 3308 863 servi
3357 821 3506 861 sum-

1920 902 2120 967 psisset
2146 897 2213 963 “,
2250 907 2306 953 et
2329 898 2496 952 veluti
2527 897 2891 952 imminuisset
2921 899 2972 951 in
2999 912 3151 952 suam
3184 897 3353 966 ipsius
3382 914 3504 967 per-

1920 989 2214 1045 fectionem
2266 989 2726 1060 dignitatemque,
2802 1004 2994 1044 rursus
3042 990 3350 1059 completus
3393 999 3499 1054 est,

1923 1081 2135 1138 nullum
2166 1096 2404 1153 unquam
2448 1096 2640 1150 passus
2687 1078 3039 1149 perfectionis
3095 1080 3499 1135 detrimentum.

1993 1289 2192 1345 Verum
2244 1289 2335 1346 hic
2386 1289 2564 1345 oratio
2614 1296 2800 1343 nostra
2849 1285 3177 1357 iuvenescit,
3222 1294 3279 1340 et
3339 1284 3504 1341 audet

220 1379 339 1433 τεῐ.
391 1377 505 1447 Τῆς
553 1375 966 1446 ἁρχαγγελικῆς
1009 1371 1216 1436 τάξεως
1249 1369 1468 1441 πρῶτον
1520 1366 1681 1436 ῐσμεν
1719 1365 1812 1418 τὸν

1926 1384 2080 1439 etiam
2114 1382 2241 1437 illud
2277 1382 2576 1451 inquirere.
2615 1379 2751 1434 Cum
2806 1376 3255 1448 arrltangelorum
3290 1375 3498 1430 ordinis

220 1469 481 1540 Μιχαὴλ,
509 1468 585 1531 ὡς
613 1470 647 1538 ἠ
668 1467 764 1520 τοῦ
781 1465 982 1536 Δανιὴλ
1011 1465 1159 1536 ἡμᾶς
1185 1461 1493 1536 προφητεία
1525 1474 1816 1531 μυσταγω-

1916 1472 2214 1543 principem
2269 1472 2507 1527 sciamus
2555 1486 2677 1525 esse
2730 1467 3045 1524 Michaelent
3075 1508 3089 1532 ,
3139 1467 3213 1521 uti
3264 1465 3503 1520 Danielis

223 1564 347 1631 γεῖ,
379 1554 536 1622 οὗτος
566 1559 625 1612 δὲ
660 1557 755 1612 καὶ
782 1556 881 1610 τοῦ
916 1555 1216 1611 Ἰουδαϊκοῦ
1255 1554 1387 1609 λαοῦ
1435 1555 1536 1625 τὴν
1565 1550 1815 1621 φυλακὴν

1926 1562 2202 1632 pr0pltetia
2236 1577 2336 1618 nos
2380 1560 2557 1624 docet,
2588 1561 2895 1629 eidemque,
2936 1567 2995 1613 ut
3039 1572 3194 1614 sacra
3231 1565 3501 1613 testantur

224 1652 621 1714 ἐπεπίστευτο,
641 1650 711 1703 τὰ
738 1653 862 1723 ἱερὰ
889 1649 1049 1718 λόγια
1077 1648 1173 1702 καὶ
1194 1646 1354 1700 τοῦτό
1381 1663 1516 1715 φασι
1540 1661 1556 1677 ⁸
1586 1644 1703 1706 πῶς
1718 1640 1813 1696 οὖν

1926 1652 2145 1722 Eloquia
2178 1653 2247 1721 ⁸⁷,
2276 1651 2490 1708 Judaici
2515 1651 2694 1721 populi
2717 1652 2981 1721 permissa
3008 1652 3251 1706 custodia
3278 1650 3369 1715 sit,
3393 1665 3497 1716 qua

226 1745 338 1798 οὐκ
360 1745 523 1806 αὐτὸς
559 1744 762 1814 μᾶλλον
801 1742 1078 1812 ὑπουργὸς
1104 1740 1200 1795 106
1235 1740 1542 1812 μυστηρίου
1571 1739 1809 1808 γίνεται,

231 1837 356 1890 ἀλλ’
382 1838 410 1890 6
432 1836 675 1908 Γαϐριὴλ
697 1837 797 1907 τὴν
828 1837 1113 1911 Παρθένον
1154 1835 1546 1905 μυσταγωγεί;
1594 1831 1815 1902 Ἐπειδὴ

234 1932 381 1982 κατά
430 1929 530 2000 τὴν
583 1930 810 2001 πρώτην
871 1928 1087 1999 γένεσιν
1132 1927 1358 1998 δευτέρα
1416 1925 1669 1998 παρήχθη
1721 1923 1814 1979 τοῦ

233 2018 431 2089 ἀνδρὸς
459 2021 492 2089 η
526 2019 689 2090 γυνὴ,
718 2018 809 2073 διὰ
848 2017 1009 2072 τοῦτο
1031 2018 1141 2073 τῶν
1173 2017 1534 2089 ἀρχαγγέλων
1569 2019 1598 2069 6
1625 2015 1811 2069 δεύτε-

239 2127 339 2181 ρος
361 2110 495 2182 πρὸς
519 2110 582 2163 16
620 2109 875 2180 δεύτερον
908 2110 1085 2179 γένος,
1105 2108 1182 2173 ὼς
1210 2109 1378 2176 εἰκὸς,
1401 2106 1815 2171 ἀποστέλλεται,

233 2202 503 2273 δευτέραν
524 2200 621 2255 τοῦ
647 2201 858 2272 κόσμου
896 2202 1118 2272 μηνύων
1139 2201 1446 2256 διάστασιν.
1482 2202 1596 2256 Καὶ
1622 2200 1816 2272 ἐπειδὴ

234 2294 305 2348 τὸ
333 2293 429 2348 τοῦ
456 2294 694 2366 Γαϐριὴλ
728 2295 901 2366 ὄνομα
932 2296 1190 2366 δύναμις
1243 2295 1390 2349 Θεοῦ
1431 2295 1815 2367 ἑρμηνεύεται,

1843 1787 1892 1844 Β

1919 1746 2129 1799 ratione
2160 1759 2267 1799 non
2305 1743 2422 1812 ipse
2476 1743 2653 1812 potius
2692 1744 2935 1812 mysterii
2994 1742 3241 1797 minister
3271 1739 3499 1805 exstitit,

1921 1839 2015 1894 sed
2052 1835 2275 1893 Gabriel
2314 1835 2382 1891 de
2410 1834 2628 1890 arcanis
2668 1833 2943 1904 Virginem
2978 1834 3203 1889 edocet?
3235 1833 3503 1905 Quoniam

1922 1930 1976 1984 in
2007 1929 2181 1999 prima
2218 1926 2405 1982 mundi
2434 1927 2709 1982 creatione
2756 1931 2994 1981 secunda
3040 1936 3164 1994 post
3210 1926 3386 1979 virum
3420 1939 3507 1977 se-

1920 2024 2078 2077 dllCla
2110 2019 2309 2076 mulier
2340 2028 2443 2085 est,
2480 2018 2600 2074 ideo
2629 2020 2901 2075 secundus
2946 2017 3397 2088 archangelorum
3436 2016 3503 2070 ad

1920 2115 2220 2170 secundum
2243 2129 2456 2177 sexum,
2483 2122 2544 2168 ut
2564 2128 2661 2178 par
2682 2120 2764 2167 est
2792 2112 3056 2176 mittitur,
3084 2111 3173 2179 qui
3213 2109 3503 2163 secundam

1920 2209 2132 2264 nuntiet
2151 2208 2333 2261 mundi
2356 2207 2746 2261 conditiOnem.
2763 2204 2828 2258 Et
2844 2206 3099 2274 quoniam
3116 2201 3385 2257 Gabrielis
3409 2218 3508 2256 no-

1922 2316 2042 2356 men
2059 2301 2171 2370 ('55)
2198 2298 2295 2355 Dei
2318 2300 2683 2367 fortitudinem
2708 2299 3147 2366 interpretamur,
3167 2305 3221 2347 et
3263 2295 3503 2349 futurum

234 2385 439 2455 ἔμελλε
468 2385 526 2439 δὲ
552 2385 893 2457 σαρκοῦσθαι
919 2387 948 2440 6
977 2387 1107 2451 Υίδς
1130 2386 1226 2440 τοῦ
1252 2385 1413 2453 Θεοῦ,
1444 2387 1504 2451 ὃς
1536 2389 1654 2440 ἐστι
1678 2385 1817 2440 Θεοῦ

1926 2395 2027 2466 iam
2049 2405 2187 2460 erat,
2215 2403 2274 2448 ιιι
2305 2408 2526 2448 carnem
2560 2400 2802 2446 sumeret
2830 2388 2923 2443 Dei
2952 2388 3141 2452 Filius,
3171 2387 3262 2458 qui
3294 2397 3377 2441 est
3408 2386 3502 2442 Dei

239 2478 412 2545 σοφία
436 2476 533 2531 καὶ
553 2476 786 2549 δύναμις
813 2493 829 2510 ⁸
859 2478 1090 2541 εἰκότως
1127 2472 1282 2541 οὗτος
1309 2478 1727 2546 εὐαγγελίζεται
1758 2479 1820 2532 16

238 2571 569 2642 μυστήριον.
594 2571 696 2624 Διὰ
722 2571 777 2624 τί
802 2570 858 2624 δὲ
883 2570 960 2643 μὴ
984 2570 1119 2642 πρὸς
1146 2572 1237 2626 τὸν
1269 2573 1558 2643 μνηστῆρα
1590 2569 1816 2641 Ἰωσὴφ,

234 2662 381 2716 ἀλλὰ
410 2663 548 2732 πρὸς
564 2662 666 2735 τὴν
698 2662 975 2734 Παρθένον
1002 2665 1030 2717 6
1051 2662 1285 2732 ἄγγελος
1310 2665 1617 2734 πέμπεται;
1638 2665 1817 2729 Ἐπεὶ,

238 2755 330 2809 ὅτι
402 2755 540 2827 ᾔδει,
601 2754 756 2809 οὐδὲν
803 2755 984 2810 κοινὸν
1022 2755 1102 2826 τῷ
1149 2756 1350 2828 Ἰωσὴφ
1399 2756 1536 2827 πρὸς
1581 2756 1681 2828 τὴν
1722 2754 1818 2810 τοῦ

241 2847 453 2920 Κυρίου
487 2849 768 2918 γέννησιν,
810 2849 916 2904 κᾶν
948 2850 1031 2903 61:
1061 2849 1296 2920 μάλιστα
1330 2849 1505 2918 φύλαξ
1544 2853 1643 2920 τῆς
1672 2850 1821 2920 Παρο

239 2940 403 2994 θένου
448 2941 545 2994 xui.
575 2938 843 3013 κηδεστὴς
875 2943 1274 3014 ἐχρημάτισεν.
1314 2942 1458 2995 Ἀλλ’
1490 2942 1687 3013 ἐπειδὴ
1717 2943 1818 3013 άρ-

238 3031 415 3103 χῆθεν
450 3032 539 3087 διὰ
586 3035 847 3102 γυναικὸς
890 3036 1115 3104 γέγονεν
1165 3036 1199 3107 ὴ
1244 3036 1343 3107 τῆς
1391 3036 1671 3107 ἁμαρτίας
1716 3051 1823 3086 πα-

1920 2490 2093 2543 virtus
2119 2503 2182 2543 ac
2204 2487 2469 2555 sapientia
2490 2482 2562 2549 ⁸⁸,
2586 2470 2951 2554 congruenter
2980 2498 3112 2537 sane
3142 2482 3231 2537 ille
3254 2481 3500 2551 mysterii

1922 2579 2147 2637 nuntius
2173 2590 2275 2632 est.
2305 2576 2445 2644 Quid
2475 2591 2601 2629 vero
2635 2583 2739 2638 est,
2777 2574 2918 2643 quod
2974 2589 3080 2627 non
3128 2573 3196 2627 ad
3245 2587 3504 2639 spmtsum

1922 2669 2146 2737 Joseplt,
2174 2669 2265 2723 sed
2286 2670 2352 2720 ad
2387 2666 2655 2736 Virginem
2683 2666 2913 2719 mittitur
2945 2662 3210 2733 angelus?
3235 2661 3502 2728 Quoniam

1924 2763 2056 2818 nihil
2089 2774 2401 2824 commune,
2432 2761 2579 2829 quod
2601 2758 2713 2826 jam
2738 2757 2966 2822 sciebat,
3005 2758 3054 2810 in
3097 2754 3307 2809 Domini
3338 2768 3507 2824 gene-

1923 2851 2358 2921 ratioueJosepb
2374 2851 2641 2912 -habebat.
2660 2849 3009 2921 quantumvis
3036 2858 3217 2902 custos
3253 2855 3308 2899 et
3347 2860 3509 2913 spon-

1924 2960 2018 3001 sus
2040 2944 2285 3015 Virginis
2319 2944 2708 3015 appellaretur.
2746 2943 2852 2997 Sed
2883 2941 3140 3009 quoniam
3173 2953 3203 2992 a
3240 2936 3509 3007 principio

1886 3082 1895 3093 .
1925 3056 2022 3111 per
2044 3040 2324 3095 mulierem
2368 3045 2652 3108 peccatum
2686 3049 2745 3090 se
2792 3032 3114 3095 insinuavit,
3149 3030 3270 3084 ideo
3294 3027 3507 3095 iustitia

240 3123 536 3194 ρείσδυσις,
594 3125 684 3180 διὰ
716 3125 811 3180 τοῦ
867 3127 1033 3180 αὐτοῦ
1075 3129 1268 3196 γένους
1301 3130 1605 3199 ἐνεργεῖται
1646 3129 1678 3198 ἠ
1719 3129 1817 3198 τῆς

1926 3147 2021 3201 per
2052 3132 2191 3186 idem
2232 3144 2402 3200 genus
2445 3127 2765 3198 ingreditur.
2799 3123 3069 3190 Quoniam
3107 3136 3238 3176 vero
3289 3135 3387 3201 nos
3418 3133 3507 3172 sa-

235 3214 591 3287 δικαιοσύνης
631 3217 953 3280 είσέλευσις.
989 3219 1143 3273 Ἐπεὶ
1169 3218 1226 3273 δὲ
1268 3220 1414 3291 ἡμᾶς
1447 3219 1476 3272 6
1503 3218 1666 3289 σοφὸς
1706 3218 1816 3274 ὲδίσ

234 3308 371 3373 δαξε
399 3309 652 3381 Μάξιμος
706 3313 799 3365 καὶ
834 3312 899 3365 ὲκ
926 3311 1034 3365 τῶν
1067 3314 1351 3383 στοιχείων
1390 3314 1501 3366 τῶν
1530 3314 1814 3383 ὀνομάτων

242 3400 315 3453 εκ
395 3417 467 3454 τε-
518 3400 616 3455 τοῦ
708 3402 947 3475 ἀριθμοῦ
1023 3405 1205 3458 αὐτῶν
1271 3405 1408 3476 πρὸς
1476 3404 1817 3474 ὑψηλοτέρας

238 3492 461 3556 ἑννοίας
518 3492 845 3562 ἀνάγεσθαι,
896 3495 1038 3549 ἑπτὰ
1094 3495 1150 3549 δὲ
1193 3497 1435 3566 στοιχεῖα
1480 3497 1580 3566 τὴν
1620 3496 1815 3566 κλῆσιν

236 3581 622 3654 ἀναπληροῦσι
676 3583 772 3637 τοῦ
835 3584 1120 3657 Γαϐριὴλ,
1191 3585 1450 3655 ἐμφαίνει
1503 3586 1565 3639 τὸ
1618 3585 1811 3656 ὄνομα,

237 3673 374 3737 ὡςό
450 3673 557 3727 ὑπὸ
633 3673 879 3745 Γαϐριὴλ
974 3675 1465 3745 εὐαγγελιζόμενος
1557 3676 1817 3745 τεχθῆναι

242 3763 482 3835 Χριστὸς
524 3765 619 3818 ἐπὶ
693 3767 939 3836 σωτηρίᾳ
997 3766 1124 3835 ἥκει
1181 3764 1277 3819 τοῦ
1321 3765 1529 3835 κόσμου
1569 3766 1769 3829 παντὸς
1798 3804 1815 3833 ,

234 3856 339 3912 τοῦ
413 3857 787 3929 μετρουμένου
856 3859 966 3911 ὑπὸ
1044 3858 1142 3926 τῆς
1202 3859 1567 3931 ἐϐδοματικῆς
1613 3858 1819 3931 ταύτης

238 3952 513 4016 κινήσεως
542 3990 558 4017 ,
623 3949 719 4004 καὶ
808 3951 1220 4022 περατουμένου
1281 3952 1339 4005 ὲν
1393 3952 1587 4006 αίῶσιν
1655 3952 1817 4008 ἑπτά.

241 4042 310 4097 Ei
362 4041 422 4095 δὲ
481 4042 555 4114 μὴ
608 4042 902 4116 περίεργος
950 4043 1093 4110 δόξει
1143 4047 1257 4108 τοῖς
1312 4044 1528 4109 πολλοῖς
1573 4046 1822 4117 ὴὲξέτα-

243 4151 370 4199 σις,
425 4133 548 4189 οὐδὲ
607 4134 718 4188 τῶν
756 4133 853 4188 τοῦ
902 4134 1165 4205 ὀνόματος
1230 4136 1473 4207 μονάδων
1513 4139 1541 4191 6
1585 4137 1820 4208 ἀριθμὸς

239 4229 355 4295 ἔξω
388 4227 645 4280 πέπτωκε
680 4226 916 4298 θεωρίας
944 4229 1042 4298 τῆς
1075 4229 1369 4299 μυστικῆς.
1401 4231 1515 4284 Καὶ¹
1541 4232 1607 4284 ὲκ
1626 4231 1818 4285 τούτου

240 4320 359 4391 γὰρ
395 4321 494 4392 τὴν
546 4321 801 4389 πρόνοιαν
844 4321 944 4392 τῆς
986 4321 1149 4390 ἁγίας
1198 4322 1423 4391 Γραφῆς
1468 4326 1820 4395 μηνυομένην

239 4413 578 4483 εὑρήσομεν.
618 4414 700 4467 Τὰ
742 4412 853 4482 γάρ
878 4413 1132 4486 τέσσαρα
1187 4414 1286 4468 καὶ
1316 4416 1653 4487 πεντήκοντα
1685 4416 1821 4486 πρὸς

235 4507 361 4569 τοῖς
408 4505 624 4570 ἑκατὸν,
668 4505 813 4576 ἆπερ
845 4507 911 4559 ἐκ
961 4507 1059 4575 τῆς
1109 4505 1206 4559 τοῦ
1248 4507 1485 4578 Γαϐριὴλ
1528 4508 1823 4577 συνάγεται
1854 4491 1900 4547 Ῑ)

238 4601 522 4670 κλήσεως,
570 4599 725 4669 δηλοί
761 4598 856 4652 16v
898 4598 1393 4671 εὐαγγελιζόμενον
1422 4602 1631 4656 τέλειον
1667 4603 1824 4669 Θεὸν,

236 4696 343 4749 καὶ
371 4692 576 4747 τέλειον
592 4692 899 4763 ἄνθρωπον.
931 4693 994 4745 Ἦ
1012 4692 1119 4764 γάρ
1144 4709 1228 4745 τοι
1256 4693 1419 4758 δεκὰς
1448 4696 1632 4749 τελεία
1664 4694 1824 4764 οὖσα,

232 4788 321 4852 ὡς
353 4785 682 4858 περιεκτικὴ
721 4784 925 4849 παντὸς
980 4784 1240 4856 ἀριθμοῦ,
1287 4789 1368 4851 είς
1410 4787 1610 4859 ἑαυτὴν
1655 4790 1822 4844 πολυ.

234 4880 663 4952 ’κλασιαζομένη
695 4881 794 4950 τὴν
829 4879 1163 4933 ἑκατοντάδα
1197 4882 1362 4945 ποιεῖ,
1394 4881 1516 4950 ἥτις
1544 4881 1819 4956 δηλωτική

230 4977 365 5028 ἐστι
389 4974 490 5045 τῆς
521 4973 848 5038 παντελείας
878 4973 1155 5045 θεότητος.
1204 4973 1269 5027 Ἦ
1302 4972 1359 5027 δὲ
1404 4975 1703 5047 πενταδικὴ
1730 4977 1820 5032 δεο

232 5065 351 5129 κάς
371 5064 471 5136 τῆς
496 5066 710 5130 τελείας
730 5065 825 5120 τοῦ
851 5064 1142 5139 ἀνθρώπου
1172 5066 1355 5138 ψυχῆς
1378 5067 1494 5121 ἔστι
1527 5068 1820 5140 σύμϐολον,

230 5156 477 5230 ἐχούσης
512 5159 614 5231 μὲν
633 5159 733 5231 τὴν
753 5161 819 5214 ἐκ
848 5159 946 5215 τοῦ
980 5158 1101 5223 νοὸς
1127 5157 1467 5230 τελειότητα,
1489 5162 1822 5234 ἐνεργούσης

313 5319 365 5355 ⁸⁸
388 5320 620 5391 Philipp.
644 5336 707 5388 ll,
741 5320 797 5377 8.
871 5323 919 5357 ⁸⁷
949 5320 1085 5377 Dan.
1120 5338 1177 5388 ι,
1202 5324 1288 5391 13,
1311 5325 1403 5383 21.
1484 5320 1532 5355 ⁸⁸
1560 5321 1731 5379 ICor.
1758 5341 1799 5392 ι,
1823 5324 1916 5381 24.

1483 5439 1801 5503 Francisci
1837 5439 2047 5504 Scorsi
2074 5443 2268 5501 notae.

316 5566 431 5639 (35)
456 5563 717 5623 Gabrielis
738 5585 945 5624 nomen.
971 5567 1047 5623 Ita
1078 5568 1240 5623 etiam
1268 5566 1327 5622 S.
1376 5567 1673 5639 Gregorius
1701 5567 1816 5622 Ma-

235 5637 418 5709 gnus,
465 5648 649 5709 et,est
670 5655 768 5709 res
800 5641 1185 5709 manifesta.“
1209 5647 1378 5707 etym.
1418 5648 1522 5698 -ω
1554 5637 1701 5692 enim
1729 5638 1838 5709 {0r-

233 5694 421 5763 ῧιιιάο
462 5694 610 5769 et‘m
656 5707 825 5774 Deus,
912 5710 1034 5765 inde
1098 5694 1321 5771 Sisini}.

320 5778 434 5852 (36)
455 5777 742 5836 Maximus.
783 5781 857 5836 De
872 5779 1220 5837 bocdiaimus
1242 5789 1386 5835 ιιοιιι.
1417 5779 1465 5848 i,
1501 5786 1613 5835 not.
1659 5779 1711 5837 9.
1733 5779 1838 5837 L0-

1925 3198 2079 3297 ptens
2113 3222 2203 3277 ille
2232 3198 2501 3277 Maximus
2533 3219 2643 3285 (36)
2668 3218 2875 3279 docuit,
2904 3225 2961 3269 ut
2994 3217 3060 3268 ab
3091 3198 3379 3270 elementis
3408 3229 3510 3269 no-

1927 3319 2131 3370 minum
2196 3328 2493 3383 eorumque
2548 3325 2773 3367 numero
2810 3309 2876 3363 ad
2931 3306 3274 3378 intelligenda
3316 3307 3508 3361 altiora

1924 3409 2293 3476 erigerentur;
2333 3420 2526 3458 nomen
2559 3419 2686 3457 vero
2710 3401 2976 3458 Gabrielis
3006 3409 3210 3469 septem
3243 3399 3509 3453 elementa

1924 3497 2234 3557 coniiciunt,
2268 3494 2505 3548 declarat
2540 3494 2723 3561 utique
2749 3492 2925 3560 ipsum
2967 3500 3187 3555 nomen,
3221 3487 3382 3559 362
3413 3487 3506 3555 qui

1926 3587 2243 3645 naScitut-us
2283 3587 2311 3641 ὸ
2338 3583 2590 3640 Gabriele
2618 3583 2919 3649 nuntiatur,
2944 3581 3217 3636 Christum
3249 3582 3431 3635 venire
3454 3581 3507 3634 in

1927 3683 2156 3738 salutem
2178 3679 2363 3734 mundi
2382 3673 2880 3745 totius,septenario
2903 3670 3107 3729 scilicet
3123 3672 3234 3745 (57)
3258 3674 3510 3742 temporis

1926 3783 2077 3830 motu
2119 3772 2370 3835 dimensi,
2396 3780 2452 3826 et
2485 3780 2695 3840 septem
2749 3768 2962 3823 sarculis
3008 3766 3239 3821 deliniti.
3275 3763 3426 3830 Quod
3461 3766 3508 3819 si

1926 3874 2153 3929 minime
2180 3871 2394 3927 curiosa
2427 3869 2612 3924 multis
2646 3866 2930 3937 inquisitio
2972 3864 3238 3924 videatur,
3269 3875 3368 3915 nec
3405 3875 3509 3914 nu-

1929 3980 2113 4022 merus
2156 3965 2271 4034 ipse
2300 3963 2571 4017 Imitatum
2623 3975 2687 4015 ex
2730 3958 2929 4029 quibus
2977 3961 3190 4011 constat
3220 3966 3438 4015 nomen,
3470 3965 3502 4005 a

1929 4059 2158 4131 mystica
2186 4055 2627 4111 consideratione
2662 4051 2941 4119 sejunrtus
2966 4057 3079 4113 est;
3110 4062 3171 4101 ex
3219 4044 3320 4099 hoc
3360 4046 3505 4098 enim

1929 4152 2046 4222 ipso
2072 4160 2274 4206 sancta:
2326 4146 2627 4215 Scriptura:
2674 4140 3069 4213 providentiam
3102 4137 3323 4191 indicari
3352 4149 3506 4190 com-

1927 4244 2223 4317 periemus.
2271 4237 2487 4294 Etenim
2526 4247 2759 4305 quatuor
2801 4240 2857 4287 et
2916 4228 3307 4303 quinquaginta
3339 4243 3506 4299 supra

1928 4346 2170 4399 centum,
2194 4349 2314 4403 ηιιω
2348 4346 2378 4385 a
2411 4328 2679 4385 Gabrielis
2713 4326 2932 4381 nomine
2956 4336 3167 4378 summa
3198 4320 3505 4386 deducitur,

1929 4427 2221 4484 ostendunt
2244 4438 2388 4487 ettm,
2411 4420 2501 4491 qui
2536 4420 2814 4473 nuntiatur
2836 4416 3137 4488 perfectum
3175 4413 3343 4467 Deum
3365 4424 3506 4476 esse,
3553 4433 3560 4442 -

1928 4533 1983 4578 et
2020 4520 2295 4576 hominem
2328 4517 2481 4584 juxta
2517 4513 2847 4584 perfectum.
2890 4512 3061 4564 Decas
3096 4505 3240 4563 enim
3273 4505 3511 4574 perfecta

1930 4627 2053 4667 cum
2082 4611 2253 4675 sit,ut
2306 4622 2427 4677 quae
2466 4620 2681 4660 omnem
2726 4616 3011 4657 numerum
3059 4596 3510 4666 comprehendat,

1930 4704 1985 4758 in
2017 4717 2078 4757 se
2112 4701 2284 4771 ipsam
2314 4695 2669 4765 multiplicata
2714 4706 2997 4748 numerum
3053 4687 3218 4742 efﬁcit
3249 4694 3507 4739 centena-

1931 4800 2097 4864 rium,
2131 4796 2224 4867 qui
2255 4809 2386 4850 sane
2420 4792 2761 4850 divinitatem
2806 4787 3062 4842 omnibus
3111 4782 3360 4835 numeris
3387 4793 3512 4847 per-

1926 4892 2128 4947 feetam
2190 4887 2449 4944 ostendit.
2482 4882 2782 4952 Quinquies
2821 4889 2998 4933 autem
3062 4872 3293 4943 repetita
3348 4872 3511 4925 decas

1928 4981 2177 5054 perfecta:
2199 4977 2435 5033 hominis
2458 4976 2651 5028 animae
2679 4968 3101 5050 symbolum‘est,
3133 4978 3253 5033 quae
3277 4978 3303 5013 a
3331 4971 3512 5015 mente

1924 5064 2145 5142 iquidem
2199 5070 2590 5141 perfectionem
2622 5065 2843 5126 habeat,
2877 5075 2971 5129 per
2999 5071 3191 5113 sensus
3230 5069 3358 5107 vero
3390 5068 3514 5121 cpe.

1930 5174 2103 5221 retur.
2128 5161 2375 5230 Quatuor
2398 5172 2549 5220 vero.
2573 5170 2691 5227 qum
2735 5158 2995 5224 superant
3022 5161 3243 5216 corpus,
3278 5152 3515 5216 quatuor

3054 5384 3080 5423 δ

1924 5585 2048 5625 cum
2069 5575 2250 5624 autem
2281 5564 2332 5619 in
2350 5562 2605 5634 operibus
2626 5574 2744 5630 quae
2758 5565 2978 5625 exstant
2992 5552 3153 5625 huius
3174 5547 3374 5614 Patr-is,
3405 5562 3512 5603 non

1935 5640 2158 5695 memini
2185 5636 2365 5690 adhuc
2392 5636 2590 5704 legere.

2010 5689 2156 5779 (ii—7‘)“
2178 5689 2487 5779 septumi;
2540 5704 2756 5779 scilicet.
2782 5697 2976 5779 “Vide
3012 5695 3175 5779 etiam
3214 5692 3279 5750 de
3307 5689 3412 5748 hoc
3442 5690 3512 5747 ad

1936 5766 2084 5835 ιιοὶιι.
2104 5766 2170 5842 ἰ,
2193 5766 2302 5831 not.
2338 5776 2390 5831 ιι
2434 5784 2484 5831 et
2509 5775 2572 5829 ad
2588 5774 2730 5829 hum.
2772 5766 2861 5837 tu,
2893 5777 3003 5824 ηυι.
3033 5766 3086 5820 ε.
