3934 6222
302 208 410 273 931

1672 206 2001 269 HOMILIA
2040 206 2211 269 LIII.

3449 201 3554 264 933

303 319 493 374 αὑτοῦ.
531 319 820 376 Δείκνυσιν
848 317 964 389 οῦν,
999 321 1076 387 ὡς
1105 323 1138 394 ἡ
1180 323 1488 395 προφητεία
1517 321 1618 394 ήδη
1663 323 1875 394 πεπλήο

1989 320 2216 377 ostendit
2291 318 2455 392 igitur
2489 321 2602 393 jam
2647 321 2920 393 impletam
3002 335 3126 379 esse
3201 319 3566 391 prophetiam.

304 428 493 481 ρωται.

378 523 397 556 ι
427 505 533 560 Καὶ
562 503 724 558 δώσει
754 506 927 578 αὐτῷ,
961 509 1152 577 φησὶν,
1175 511 1201 562 ὁ
1225 509 1359 576 Θεὸς
1408 513 1500 567 τὸν
1539 513 1730 584 θρόνον
1781 517 1886 568 Δα-

303 593 391 646 διδ
433 593 529 646 τοῦ
575 595 786 665 πατρὸς
848 597 1034 651 αὐτοῦ.
1065 616 1084 649 ι
1145 600 1256 652 Καὶ
1313 600 1470 655 τοῦτο
1526 603 1886 675 ἀνθρωπίνως

302 683 604 755 ἐκληπτέον
639 700 652 714 ·
681 687 757 751 ὼς
781 687 881 756 μὲν
905 689 1013 759 γὰρ
1051 689 1204 755 Θεὸς,
1236 690 1450 757 αἰώνιός
1483 695 1601 747 ἔστι
1633 695 1885 766 βασιλεὺς

301 777 691 847 ἑρηρεισμένον
731 780 872 849 ἒχων
902 781 962 833 τὸ
986 783 1187 852 κράτος
1231 783 1418 848 aream;
1449 800 1463 816 ·
1492 786 1566 850 ὡς
1600 786 1884 860 ἄνθρωπος

303 862 363 917 δὲ
392 864 693 936 λαμϐάνειν
721 868 821 937 τὴν
865 867 1148 938 βασιλείαν
1177 871 1398 940 λέγεται
1437 874 1590 946 παρὰ
1639 875 1736 929 τοῦ
1769 877 1885 930 Πα-

299 957 453 1026 τρὸς,
482 957 746 1030 καθάπερ
779 963 876 1015 καὶ
909 963 1068 1026 αὐτὸς
1097 967 1210 1027 τοῖς
1247 964 1516 1036 μαθηταῖς
1561 985 1694 1038 φησι
1746 969 1885 1040 μετά

300 1051 401 1120 τὴν
429 1052 738 1106 ἀνάστασιν
765 1070 779 1084 ο
817 1071 836 1104 ι
887 1054 1083 1126 Ἐδόθη
1123 1073 1213 1128 μοι
1254 1059 1404 1112 πᾶσα
1432 1058 1652 1124 ἐξουσία
1706 1063 1764 1115 ὲν
1795 1063 1886 1117 οὐ-

305 1138 452 1210 ρανῷ
486 1141 582 1194 καὶ
623 1143 716 1194 ἐπὶ
746 1145 869 1212 γῆς.
909 1163 928 1196 ι

378 1233 512 1299 Καὶ,
554 1252 574 1286 ι
617 1234 1062 1290 Βασιλεύσειὲπὶ
1093 1240 1184 1293 τὸν
1209 1235 1359 1292 οἷκον
1405 1241 1600 1294 Ἰακὼϐ
1649 1243 1728 1305 εἰς
1789 1244 1885 1298 τὸν

302 1323 493 1378 αἰῶνα.
534 1343 554 1376 ι
609 1327 684 1379 Οὐ
745 1328 874 1396 περὶ
938 1329 1034 1382 τοῦ
1099 1331 1362 1403 αἰσθητοῦ
1418 1350 1582 1404 φησιν
1651 1332 1880 1387 Ἰακώϐο

304 1416 468 1480 αὐτὸς
499 1417 609 1488 γὰρ
631 1419 987 1491 ὲκϐἐὸληται,
1009 1422 1106 1476 καὶ
1133 1423 1437 1494 μεμίσηται
1465 1425 1884 1496 πεπαρῳνηκὼς

307 1509 387 1570 εἰς
409 1507 500 1560 τὸν
536 1509 824 1565 πλάσαντα
853 1528 868 1544 ο
928 1513 1065 1568 ἀλλὰ
1105 1515 1199 1568 τοῦ
1259 1516 1455 1587 νοητοῦ
1521 1520 1740 1591 Ἰσραὴλ
1788 1521 1882 1575 τοῦ

304 1599 372 1652 ὲκ
400 1598 618 1654 πάντων
638 1602 748 1654 τῶν
787 1603 961 1658 ἐθνῶν
998 1608 1421 1679 συνειλεγμένου
1467 1610 1592 1664 κατ’
1648 1611 1882 1684 ἐκλογὴν

305 1690 550 1761 χάριτος,
581 1693 639 1755 ὃς
678 1695 829 1748 ἐστιν
859 1695 1012 1760 ἔθνος
1060 1697 1240 1767 ἅγιον,
1274 1701 1369 1754 καὶ
1426 1701 1698 1772 βασίλειον
1732 1706 1884 1775 ἱερά-

305 1800 506 1852 τευμα.
549 1783 674 1838 Ἐπὶ
708 1787 800 1840 τὸν
830 1783 982 1844 οἰκον
1004 1790 1196 1844 τούτου
1229 1792 1323 1846 τοῦ
1367 1795 1561 1847 πιστοῦ
1636 1795 1820 1852 hisch
1857 1799 1886 1851 ὁ

305 1872 547 1943 Χριστὸς
584 1875 978 1945 βεϐασίλευκεν
1009 1881 1090 1944 εἰς
1106 1882 1198 1935 τὸν
1219 1882 1416 1950 αἰῶνα,
1453 1884 1734 1954 βασιλείαν
1788 1887 1885 1942 πόα

310 1981 412 2035 ρας
441 1964 544 2018 οὐκ
579 1966 831 2036 ἔχουσαν.
865 1968 931 2022 Τί
969 1969 1063 2024 οὖν
1116 1974 1251 2044 πρὸς
1288 1974 1463 2030 ταῦτα
1517 1978 1552 2048 ὴ
1610 1977 1883 2049 Μαριάμς

313 2055 578 2110 Ἄκουσον
616 2059 862 2132 καθαρᾶς
912 2063 1189 2134 Παρθένου
1266 2068 1486 2140 φωνήνο
1527 2087 1545 2121 ι
1576 2071 1699 2134 Πῶς
1731 2071 1884 2125 ἔσται

313 2164 404 2217 μοι
442 2148 600 2204 τοῦτο
623 2151 745 2204 ἐπεὶ
762 2153 936 2226 ἄνδρα
966 2157 1026 2208 οὐ
1048 2155 1340 2224 γινώσκω;
1388 2176 1408 2210 ι
1451 2159 1604 2231 ᾜδει
1643 2159 1772 2230 γὰρ,
1809 2161 1886 2224 ὡς

309 2239 339 2290 ὸ
383 2240 580 2312 Ἰωσὴφ
602 2243 705 2298 οὐκ
736 2244 877 2317 ἀνὴρ
921 2246 1114 2318 αὐτῆς,
1168 2248 1304 2302 ἀλλὰ
1365 2248 1539 2320 φύλαξ
1595 2253 1882 2323 ἐτύγχανε,

309 2330 406 2382 καὶ
434 2324 504 2399 ἦν
527 2332 813 2402 ἀμήχανον
844 2337 1177 2407 κοινωνῆσαι
1206 2337 1413 2411 ταύτην
1441 2338 1597 2412 ἀνδρί
1623 2355 1638 2371 ⁶
1667 2343 1718 2395 εἰ
1774 2344 1885 2413 γὰρ

310 2415 506 2484 ἤλπιζε
532 2417 609 2487 τῷ
659 2419 858 2490 Ἰωσὴφ
893 2425 1225 2494 κοινωνῆσαί
1261 2443 1390 2480 ποτε
1430 2427 1580 2498 νόμῳ
1625 2429 1724 2498 τῆς
1780 2428 1884 2498 φύ-

309 2517 469 2569 σεως,
499 2505 599 2558 οὐκ
627 2505 695 2559 ἂν
721 2507 860 2579 αὑτῇ
883 2509 911 2561 ὁ
949 2509 1106 2573 τόκος
1135 2511 1399 2567 ἀδύνατον
1459 2513 1760 2585 ἐνομίζετο,
1789 2515 1884 2570 τοῦ

308 2594 487 2663 γάμου
517 2597 736 2664 πάντως
769 2599 1164 2670 προξενοῦντος
1221 2603 1320 2674 τὴν
1375 2605 1658 2677 σύλληψιν.
1745 2607 1884 2662 Ἀλλ’

307 2687 499 2758 ἐπειδὴ
528 2691 1022 2764 ὲπεπληροφόρητο
1052 2695 1127 2759 ὡς
1149 2696 1227 2766 τῷ
1250 2697 1370 2768 Θεῷ
1390 2693 1461 2768 ἦν
1489 2699 1882 2770 ἀφιερωθεϊσα,

311 2779 408 2832 καὶ
440 2781 698 2836 οὐδέποτε
729 2785 790 2838 τὸ
822 2785 921 2857 τῆς
958 2786 1260 2859 παρθενίας
1326 2788 1489 2854 ἄνθος
1519 2791 1888 2863 ἀφαιρεθήσε-

309 2888 422 2939 ται,
457 2874 683 2938 εἰκότως
711 2877 805 2930 τοῦ
837 2877 1002 2934 τόκου
1023 2881 1120 2933 τὸν
1151 2880 1352 2951 τρόπον
1383 2881 1668 2952 διαπορεῖ*
1707 2903 1726 2936 ι
1775 2885 1884 2938 Καὶ

2061 527 2080 558 ι
2124 507 2192 562 Ει
2239 508 2407 574 dabit,
2461 509 2656 577 inquit,
2690 511 2738 566 ei
2787 510 2926 567 Deus
2975 510 3158 566 sedem
3193 509 3362 563 David
3394 509 3564 579 patris

1987 599 2093 667 sui,
2133 619 2152 652 ι
2184 609 2239 655 et
2267 601 2370 656 boe
2412 617 2544 656 sane
2571 603 2637 657 de
2670 604 2901 657 humana
2940 611 3128 657 natura
3165 602 3558 672 accipiendum.

1988 690 2196 745 Etenim
2227 707 2332 759 qua
2365 692 2504 748 Deus
2532 693 2645 749 Rex
2673 704 2753 749 est
2787 704 3019 749 a-ternus
3063 695 3276 748 firmum
3322 709 3384 746 ac
3415 708 3565 748 sem-

1988 777 2254 844 piternum
2304 779 2588 850 imperium
2637 782 2864 847 habens,
2894 798 2997 853 qua
3027 799 3155 838 vero
3186 782 3348 836 homo
3391 791 3493 845 est,
3531 797 3562 836 a

1989 868 2147 924 Patre
2175 871 2375 925 dicitur
2404 888 2628 941 regnum
2665 876 2947 945 accipere;
2990 875 3148 930 sicuti
3194 884 3247 930 et
3299 875 3414 945 ipse
3442 887 3562 944 pos:

1989 963 2436 1017 resurrectionem
2486 965 2765 1036 discipulis
2794 984 2808 1022 :
2843 985 2862 1020 ι
2903 969 3030 1023 Data
3067 975 3150 1021 est
3179 967 3330 1032 mihi,
3364 965 3560 1036 inquit,

1986 1053 2169 1107 omnis
2199 1062 2435 1122 potestas
2463 1055 2515 1110 in
2557 1057 2693 1114 coelo
2717 1069 2770 1114 et
2805 1060 2858 1113 in
2906 1068 3048 1114 terra
3080 1059 3144 1112 ".
3185 1076 3203 1110 ι

2059 1253 2088 1280 ι
2128 1233 2188 1286 Ει
2225 1235 2469 1304 regnabit
2497 1236 2550 1290 in
2583 1237 2742 1293 domo
2773 1234 2939 1294 Iacob
2972 1239 3025 1292 in
3065 1246 3348 1292 aeternum.
3393 1256 3412 1288 ι
3442 1237 3560 1292 Non

1987 1321 2053 1376 de
2080 1323 2321 1379 sensibili
2349 1323 2516 1383 Jacob
2544 1327 2820 1400 loquitur;
2857 1331 2942 1385 bic
2975 1330 3118 1385 enim
3151 1329 3379 1399 ejectus,
3411 1329 3570 1384 odio-

1985 1429 2090 1483 que
2119 1423 2204 1470 est
2236 1417 2472 1482 habitus,
2504 1433 2785 1490 postquam
2814 1422 2867 1476 in
2895 1422 3228 1476 conditorem
3261 1420 3568 1476 debaccha-

1987 1510 2076 1559 tus
2102 1514 2186 1561 est
2213 1521 2368 1562 suum
2399 1525 2415 1562 :
2446 1511 2538 1563 sed
2572 1511 2639 1566 de
2673 1511 2940 1581 spirituali
2990 1512 3153 1567 Israel
3203 1527 3268 1567 ex
3313 1511 3566 1565 omnibus

1987 1597 2236 1666 gentibus
2280 1611 2607 1671 congregato
2646 1604 2940 1659 secundum
2982 1606 3300 1661 electionem
3349 1604 3562 1675 gratiae.

1989 1691 2079 1758 qui
2110 1702 2193 1746 est
2225 1708 2357 1761 gens
2384 1707 2593 1761 sancta,
2619 1706 2672 1750 et
2697 1697 2874 1767 regale
2903 1699 3264 1754 sacerdotium
3291 1698 3358 1752 ".
3390 1697 3566 1766 Super

1988 1777 2208 1848 hujusce
2257 1782 2428 1839 ﬁdelis
2468 1784 2636 1840 Jacob
2680 1790 2894 1842 domum
2938 1788 3186 1844 Christus
3227 1789 3469 1860 regnavit
3511 1787 3564 1842 in

1989 1877 2274 1937 artcrnum,
2302 1874 2460 1944 cujus
2491 1889 2715 1943 regnum
2748 1893 2853 1933 non
2881 1879 3041 1934 habet
3068 1879 3249 1936 tinem.
3285 1881 3424 1948 Quid
3459 1881 3564 1953 igi-

1992 1977 2079 2021 tur
2112 1968 2180 2023 ad
2228 1969 2342 2028 haec
2386 1972 2590 2028 Maria?
2633 1973 2834 2047 Accipe
2881 1991 3030 2046 purae
3064 1977 3293 2049 Virginis
3322 1997 3508 2035 vocem
3544 2000 3559 2038 :

1993 2076 2011 2110 ι
2035 2057 2315 2125 Quomodo
2335 2063 2422 2119 liet
2455 2064 2600 2120 istud
2617 2067 2869 2135 quoniam
2890 2069 3060 2122 virum
3091 2084 3194 2124 non
3213 2072 3512 2142 cognosro?
3538 2092 3556 2124 ι

1987 2145 2153 2203 Norat
2183 2151 2380 2222 quippe
2408 2151 2698 2224 Josepbum
2744 2171 2852 2211 non
2892 2157 3064 2212 virum
3095 2160 3222 2225 sibi,
3252 2161 3344 2215 sed
3374 2173 3560 2217 custo-

1987 2238 2108 2293 dem
2140 2241 2322 2296 datum
2359 2261 2374 2298 :
2408 2260 2508 2300 nec
2541 2245 2654 2301 ﬁeri
2687 2262 2846 2316 posse
2889 2261 2948 2303 ut
2983 2250 3095 2317 ipsa
3135 2266 3255 2305 cum
3288 2253 3402 2307 viro
3429 2269 3562 2307 con-

1987 2333 2332 2390 suetudinem
2382 2337 2624 2394 haberet.
2673 2339 2730 2394 Si
2764 2340 2908 2396 enim
2961 2355 3230 2412 sperasset
3273 2343 3562 2414 aliquando

1991 2418 2226 2479 futurum
2279 2437 2338 2480 ut
2367 2440 2488 2482 cum
2513 2427 2712 2498 Ioseph
2743 2429 2857 2500 lege
2889 2441 3092 2486 natura:
3121 2437 3561 2492 consuetudinem

1989 2512 2235 2579 haberet,
2273 2532 2548 2588 nunquam
2577 2534 2708 2575 sane
2748 2532 2963 2591 partum
3006 2525 3394 2594 impossibilem
3427 2541 3561 2582 ceno

1987 2603 2210 2672 suisset,
2237 2623 2356 2662 cum
2391 2611 2590 2682 nuptiae
2619 2611 2726 2666 sint
2750 2626 2913 2668 causa
2945 2621 3239 2684 conceptus
3269 2618 3398 2672 :sed
3425 2634 3566 2687 quo:

1988 2696 2131 2751 niam
2180 2707 2388 2756 certum
2421 2703 2525 2757 sibi
2581 2718 2648 2760 ac
2693 2719 3013 2775 persuasum
3045 2717 3180 2773 erat,
3217 2721 3274 2763 se
3308 2708 3416 2763 Deo
3444 2725 3564 2766 esse

1986 2785 2260 2852 devotam.
2301 2808 2403 2849 nec
2433 2810 2670 2866 unquam
2704 2797 2808 2853 sibi
2839 2799 3191 2854 auferendum
3232 2801 3561 2872 virginitatis

1985 2876 2193 2948 ﬂorem,
2228 2886 2423 2941 merito
2447 2902 2578 2944 sane
2600 2889 2667 2944 de
2703 2891 2862 2944 modo
2889 2892 3098 2946 dubitat
3127 2893 3366 2961 pariendi
3397 2913 3412 2950 :
3445 2913 3463 2947 ι
3495 2895 3563 2950 Et

311 2965 455 3032 πῶς,
489 2969 674 3036 φησὶν,
703 2969 860 3023 ἔσται
900 2989 989 3041 μοι
1010 2972 1187 3038 τοῦτο,
1228 2991 1248 3025 s
1293 2973 1419 3027 ἐπεὶ
1445 2973 1550 3029 τῶν
1584 2976 1880 3048 ἀμηχάνων

1989 2977 2274 3040 quomodo,
2307 2978 2504 3048 inquit,
2541 2980 2642 3036 hoc
2687 2981 2850 3054 365
2893 2983 3026 3038 mihi
3078 2983 3190 3050 ﬁet,
3223 3002 3243 3036 ι
3307 2985 3561 3054 quoniam

309 3056 465 3109 ἐστὶν
502 3057 696 3129 ἀνδρὸς
725 3061 1055 3133 πειραθῆναί
1087 3080 1155 3134 με
1180 3080 1194 3130 ;
1215 3063 1274 3118 '0
1315 3065 1498 3121 τοίνυν
1526 3068 1888 3138 ἀρχάγγελος,

310 3145 441 3200 ἰδὼν
476 3149 580 3203 οὐκ
613 3151 978 3218 ἀπιστοῦσαν,
1016 3155 1156 3210 ἀλλὰ
1186 3156 1761 3229 πολυπραγμονοῦσαν
1797 3163 1891 3214 τὸν

305 3235 509 3304 τρόπον
542 3239 758 3306 μαθεῖν,
810 3258 828 3292 t
869 3241 1097 3312 Πνεῦμα
1123 3283 1136 3305 ,
1180 3245 1368 3315 φησὶν,
1401 3248 1556 3313 ἅγιον
1600 3248 1890 3303 ἐπελεύσε-

305 3343 398 3378 ται
424 3330 516 3381 ὲπὶ
552 3329 634 3393 σὲ,
662 3331 1003 3404 καΥδύναμις
1045 3335 1306 3405 Ὑψίστου
1358 3339 1670 3393 ἐπισκιάσει
1725 3358 1829 3397 σοι.
1867 3362 1884 3393 ι

311 3419 381 3472 '0
391 3437 459 3490 ρα
489 3422 606 3486 πῶς
627 3422 862 3478 ἐνταῦθα
881 3426 979 3497 τὴν
996 3427 1204 3498 Τριὰδα
1234 3429 1364 3499 ὃλην
1385 3430 1667 3500 ἐνέφηνεν.
1699 3432 1761 3484 Εἰ
1781 3435 1892 3505 γὰρ

305 3512 404 3564 καὶ
432 3513 593 3581 μόνος
617 3515 968 3584 σεσάρκωται
997 3520 1026 3570 ὁ
1093 3518 1238 3584 Υἱὸς,
1272 3519 1366 3572 καὶ
1411 3520 1634 3589 γέγονεν
1676 3521 1890 3594 ἄνθρω-

305 3618 427 3668 πος,
461 3602 534 3674 μὴ
568 3605 774 3670 ἐκστὰς
843 3607 942 3662 τοῦ
977 3604 1119 3664 εἶναι
1167 3611 1320 3674 Θεὸς,
1359 3612 1496 3666 ἀλλὰ
1536 3617 1702 3686 συνῆν
1743 3617 1890 3688 αὐτῷ

307 3691 669 3761 σαρκουμένῳ
690 3695 785 3746 καὶ
823 3695 854 3749 ό
884 3695 1096 3768 Πατὴρ,
1145 3701 1242 3753 καὶ
1289 3700 1352 3754 τὸ
1409 3701 1652 3773 Πνεῦμα,
1695 3705 1783 3759 διὰ
1827 3708 1889 3761 τὸ

301 3781 614 3852 ἀδιαίρετον
636 3786 736 3856 τῆς
788 3789 1228 3860 ὀμοουσιότητος.
1295 3793 1403 3846 Καὶ
1451 3793 1610 3847 τοῦτό
1660 3796 1809 3850 ἐστιν
1857 3799 1885 3851 ὅ

306 3891 474 3944 φησιν
501 3878 530 3928 ὁ
547 3876 689 3941 θεῖος
725 3880 1048 3945 ’Δπόστολος
1069 3898 1082 3913 ·
1107 3900 1125 3934 ι
1151 3884 1237 3940 Ἐν
1271 3884 1419 3956 αὐτῷ
1442 3886 1734 3961 κατῴκησε
1779 3893 1887 3946 πᾶν

306 3961 373 4012 τὸ
398 3963 671 4035 πλήρωμα
724 3968 823 4036 τῆς
863 3968 1118 4040 θεότητος
1172 3975 1520 4044 σωματικῶς,
1552 3996 1572 4031 ι
1609 3981 1888 4037 τουτέστιν

304 4052 604 4119 οὐσιωδῶς.
635 4058 831 4126 Γέγονε
857 4061 968 4131 γὰρ
989 4064 1055 4133 τῇ
1088 4063 1349 4136 Παρθένῳ
1373 4068 1626 4142 καθάπερ
1641 4071 1886 4145 θάλαμος

312 4146 466 4215 ητοῦ
510 4148 769 4219 Ὑψίστου
826 4150 1078 4222 δύναμις,
1129 4151 1220 4210 οἷα
1272 4159 1470 4230 νεφέλη
1519 4161 1724 4234 ταύτην
1759 4166 1884 4219 ἑπισ-

1991 3065 2104 3119 tieri
2140 3067 2286 3122 nullo
2319 3073 2478 3125 modo
2513 3081 2722 3142 potest,
2779 3083 2836 3127 ιιι
2885 3075 3136 3143 experiar
3180 3076 3352 3131 virum
3384 3078 3562 3132 ?Cum

1988 3157 2152 3228 igitur
2197 3176 2316 3216 eam
2371 3163 2724 3235 arcltangelus
2769 3182 2872 3221 non
2925 3166 3027 3222 nde
3081 3167 3436 3235 laborantem,
3470 3171 3562 3225 sed

1989 3251 2204 3305 modum
2255 3268 2581 3323 cognoscere
2631 3265 2966 3328 satagentem
3048 3260 3561 3328 animadvertisset,

1993 3358 2010 3391 ι
2043 3339 2276 3411 Spiritus
2297 3356 2540 3413 sanctus,
2561 3349 2752 3419 inquit,
2777 3353 3125 3420 superveniet
3150 3354 3201 3408 in
3226 3363 3296 3418 te,
3315 3365 3369 3410 et
3386 3357 3560 3412 virtus

1989 3431 2252 3490 Altissimi
2283 3437 2629 3494 obumbrabit
2657 3441 2774 3498 tibi.
2816 3461 2834 3494 ι
2873 3443 3088 3498 Vident
3115 3445 3217 3499 hoc
3249 3446 3364 3501 loco
3393 3456 3558 3502 totam

1989 3525 2306 3582 Trinitatem
2337 3533 2624 3600 explicuit;
2661 3548 2782 3588 nam
2815 3545 2867 3589 et
2900 3537 2944 3591 si
2977 3536 3124 3593 solus
3164 3536 3332 3594 Filius
3377 3540 3559 3595 incar-

1985 3629 2163 3684 natus,
2203 3632 2256 3676 et
2288 3621 2459 3678 lactus
2493 3633 2576 3678 est
2610 3625 2770 3680 homo
2803 3641 2907 3681 nOn
2945 3628 3212 3684 desistens
3247 3645 3364 3685 esse
3420 3634 3562 3701 quod

1985 3720 2104 3768 erat
2146 3712 2309 3780 Deus,
2344 3729 2466 3770 cum
2505 3731 2570 3772 eo
2623 3727 2800 3773 tamen
2849 3733 3016 3776 carne
3063 3722 3396 3778 circumdato
3441 3735 3562 3778 erat

1987 3820 2089 3859 una
2125 3804 2304 3874 Pater,
2342 3816 2396 3863 et
2429 3808 2662 3880 Spiritus
2705 3822 2950 3877 sanctus,
2981 3823 3200 3883 propter
3230 3816 3558 3871 individuam

1987 3898 2628 3956 consubstantialitatem.
2659 3903 2834 3973 Atque
2872 3903 2972 3958 hoc
3007 3913 3110 3965 cst,
3141 3903 3284 3973 quod
3315 3907 3389 3960 ait
3423 3907 3560 3960 divi-

1988 4002 2090 4042 nus
2117 3988 2405 4056 Apostolus
2437 4007 2452 4044 :
2489 4009 2507 4042 ι
2542 3989 2597 4044 ln
2629 3991 2745 4062 ipso
2783 3993 3048 4048 habitavit
3077 3995 3253 4048 omnis
3288 3996 3557 4065 plenitudo

1984 4078 2284 4134 divinitatis
2331 4081 2684 4148 corporaliter
2713 4083 2798 4150 ⁹⁶;
2859 4102 2878 4136 ι
2934 4085 3036 4139 hoc
3085 4094 3168 4140 est
3219 4089 3550 4144 substantia-

1984 4169 2102 4224 liter
2125 4169 2258 4242 (40).
2283 4170 2492 4226 Etenim
2517 4181 2576 4227 ut
2602 4173 2868 4231 thalamus
2889 4173 3093 4247 Virgini
3116 4177 3255 4232 facta
3283 4190 3364 4234 es:
3387 4179 3560 4235 virtus

307 4239 634 4309 σκιάζουσα,
659 4243 868 4313 πυρσὸς
889 4243 947 4296 δὲ
978 4247 1269 4318 γαμήλιος,
1307 4251 1341 4320 ἡ
1371 4250 1465 4304 τοῦ
1513 4253 1671 4322 ἁγίου
1709 4258 1882 4313 Πνεῦ-

1989 4239 2273 4329 Altissimi,
2309 4261 2463 4332 quasi
2502 4263 2674 4320 nubes
2697 4279 2820 4321 eam
2855 4239 3198 4332 inum'brans;
3227 4268 3400 4323 sancti
3431 4283 3560 4323 vero

377 4395 424 4430 "
451 4396 634 4456 Matth.
679 4416 864 4468 ssvut,
900 4400 987 4456 18.
1063 4402 1109 4435 ⁸⁸
1141 4403 1344 4490 IPetr.
1376 4423 1437 4472 ιι,
1472 4407 1523 4463 9.
1600 4412 1648 4446 ’°
1683 4411 1895 4470 Coloss.
1932 4433 1993 4482 ιι,
2025 4417 2079 4472 9.

1540 4529 1854 4596 Francisci
1893 4537 2106 4600 Scorsi
2134 4546 2324 4602 notua.

379 4645 496 4729 (ἰο)
548 4643 999 4729 substantialiter.
1062 4653 1360 4729 Obotwbt'b;
1383 4657 1617 4725 explicat
1651 4665 1790 4729 quod
1821 4661 1880 4718 S.

301 4714 506 4769 Paulus
552 4718 622 4797 ad
661 4715 1106 4797 [coloss._cap.
1154 4739 1218 4790 ιι,
1258 4714 1390 4780 dixit
1447 4714 1788 4797 σωματικῶς
1830 4714 1885 4787 et

304 4798 486 4858 recte;
537 4785 635 4858 ubi
682 4788 824 4840 enim
851 4789 912 4843 D.
942 4785 1139 4848 Paulus
1190 4785 1428 4849 ostendit
1463 4785 1798 4854 divinitatem
1829 4785 1881 4858 in

299 4857 521 4936 phristo
567 4856 917 4936 inhabitasse,
954 4877 1058 4936 non
1090 4865 1409 4936 umbratice,
1451 4882 1626 4936 neque
1675 4885 1770 4936 per
1803 4856 1885 4926 so;

299 4929 411 5006 iam
467 4926 864 5006 Operationem,
929 4942 985 4984 ut
1013 4931 1067 4986 in
1099 4926 1466 5006 prOphetis'et
1500 4926 1702 4992 sanctis
1732 4939 1876 5006 aliis,

301 4997 401 5053 sed
450 5010 574 5048 vere
598 5005 672 5070 et_
701 4999 918 5052 realiter
983 5017 1078 5070 per
1102 4997 1252 5054 suain
1284 5005 1638 5059 substantiam
1665 4997 1872 5064 nnitani

304 5074 632 5140 as_sumpta3_
661 5066 998 5140 humanitati
1031 5071 1391 5140 bypostatice.
1423 5072 1500 5128 Ita
1537 5075 1600 5128 D.
1638 5075 1877 5131 Thomas

300 5138 510 5215 relatus
537 5155 563 5186 a
593 5135 844 5215 C_ornelio
875 5135 1176 5215 nostroqui
1202 5142 1360 5196 etiam
1391 5159 1454 5197 ex
1487 5144 1584 5199 SS.
1615 5145 1876 5215 Prospero

300 5217 360 5259 et
414 5207 715 5269 Augustino
737 5216 984 5282 nostram
1041 5207 1448 5280 explicationem
1476 5215 1716 5282 pluribus
1744 5207 1878 5268 dila-

299 5285 433 5351 tat;
476 5275 802 5351 σωματικῶς
840 5275 1201 5351 corporaliter,
1246 5282 1441 5350 inquit,
1476 5275 1559 5337 ’ἑά
1613 5297 1719 5351 est,
1772 5303 1875 5341 non

298 5346 610 5419 umbratica,
639 5347 776 5398 sicut
835 5346 1086 5403 habitarit
1118 5351 1172 5402 in
1213 5346 1595 5419 propitiatorio,
1631 5346 1875 5409 taberna-

295 5417 439 5493 culo,
469 5424 519 5466 et
566 5420 908 5493 sacramentis
966 5420 1158 5493 veteris
1179 5417 1339 5493 legis,
1370 5438 1472 5475 non
1524 5426 1678 5477 etiam
1709 5427 1872 5493 phan-

295 5487 510 5562 tastice,
565 5487 643 5537 uti
701 5486 972 5562 voluerunt
1018 5486 1315 5552 Manichazi,
1364 5508 1468 5544 non
1508 5486 1730 5562 denique
1785 5512 1876 5562 per

293 5554 792 5628 accidenstautum,
826 5560 1020 5612 scilicet
1041 5573 1132 5626 per
1154 5568 1372 5628 motum,
1414 5569 1462 5613 et
1498 5554 1872 5628 operationem.

290 5625 376 5676 uti
408 5625 582 5676 docuit
617 5622 914 5689 Nestorius,
944 5622 1050 5681 sed'
1084 5627 1452 5704 cornpraliter,
1481 5622 1537 5684 id
1563 5643 1637 5687 est
1670 5622 1870 5702 revera,

671 5719 949 5782 l’s‘rnoc.
986 5722 1102 5785 Gn.
1145 5721 1456 5783 CXXX".

1991 4665 2734 4747 realiteretsubstantialiter.
2760 4665 3220 4747 Πιεαϐοιίιςιῑυς,
3239 4667 3378 4747 apud
3396 4683 3555 4737 quem

1989 4737 2405 4791 substantialiter
2450 4735 2590 4790 idem
2627 4747 2710 4790 est
2760 4752 2823 4790 ac
2849 4735 3122 4799 οὐσιωδῶς
3140 4752 3244 4804 quo
3267 4735 3437 4790 utitur
3458 4755 3558 4790 ιιο-

1989 4819 2148 4876 SIer:
2183 4805 2406 4876 adde‘et
2436 4805 2734 4876 Theophyl.
2769 4806 2848 4876 sic
2887 4805 3242 4876 explicantem
3272 4805 3336 4858 τὸ
3367 4822 3558 4874 σωμα-

1986 4874 2156 4937 τικῶς
2211 4892 2228 4908 ο
2268 4894 2286 4927 ι
2313 4873 2452 4941 Quia
2475 4876 2528 4928 in
2571 4873 2683 4943 ipso
2714 4874 2913 4927 habitat
2955 4875 3122 4943 omnis
3151 4874 3419 4942 plenitudo
3476 4882 3559 4927 tlt-

1990 4945 2220 5014 pinitatis
2263 4941 2681 5014 corporaliter,»
2707 4948 2802 5014 hoc
2831 4952 2928 5014 est,
2985 4941 3178 5014 inquit,
3215 4949 3556 5014 quodcunque

1981 5013 2120 5067 Deus
2149 5025 2226 5069 est
2283 5013 2532 5075 Verbum,
2555 5014 2607 5066 in
2635 5013 2746 5080 ipso
2773 5012 3119 5082 ltabitat.rsed
3154 5029 3216 5066 ne
3241 5013 3376 5082 forte
3400 5012 3556 5068 inita-

1979 5084 2170 5146 bitasse
2189 5086 2326 5138 hunc
2365 5083 2582 5136 audiens
2611 5084 2870 5135 existimes
2897 5081 3180 5143 habitasse,
3213 5081 3257 5136 et
3283 5097 3556 5149 operatum

1977 5144 2088 5223 esse
2137 5152 2573 5223 quemadmodum
2605 5162 2654 5204 et
2680 5150 2961 5223 prophetia
2993 5153 3250 5216 solebant,
3282 5144 3336 5204 in
3368 5155 3555 5223 quibus

1984 5222 2120 5276 Deus
2149 5221 2472 5275 inhabitabat
2507 5223 2792 5273 secundum
2825 5221 2963 5288 quod
2994 5223 3242 5286 scriptum
3279 5221 3394 5276 est}
3431 5241 3448 5272 ι
3485 5221 3556 5274 Et

1980 5292 2282 5345 inhabitabo
2315 5294 2373 5344 in
2399 5291 2472 5344 eis
2497 5299 2544 5342 et
2576 5291 2934 5355 inambulabo,
2991 5309 3009 5341 ι
3048 5293 3404 5359 corporaliter,
3456 5293 3556 5344 ad-

1979 5362 2172 5428 iunxit,
2207 5364 2302 5414 hoc
2329 5370 2404 5415 est
2429 5397 2445 5422 ,
2498 5375 2599 5411 non
2625 5360 2921 5426 operatione
2950 5360 3153 5430 aliqua,
3201 5362 3293 5414 sed
3312 5361 3559 5415 substan-

1980 5432 2076 5494 tia,
2100 5441 2148 5484 et
2203 5443 2452 5499 tauquam
2477 5441 2781 5496 corporatus
2813 5445 2831 5484 :
2867 5439 2916 5484 et
2973 5431 3270 5484 substantia
3295 5448 3399 5485 una
3439 5433 3557 5484 esi-

1979 5503 2167 5555 sistens
2223 5518 2336 5576 cunt
2361 5514 2518 5576 carne
2549 5509 2836 5576 assumpta.
2859 5499 2942 5576 Ita
2963 5499 3259 5576 Theophyl.
3279 5502 3418 5573 quod
3447 5515 3554 5556 uno

1978 5573 2141 5627 verbo
2177 5572 2477 5643 theologico
2503 5581 2686 5626 noster
2708 5570 3008 5633 οὑσιωδῶς,

2203 5738 2334 5780 ι,
3084 5725 3160 5786 30
