3934 6222
279 351 387 415 95Ἱ
1655 352 1832 413 ΗΟΜ)

1984 406 1990 414 .
2025 355 2144 417 LV.
3423 353 3537 420 954

274 465 370 518 τὸν
394 458 758 534 τερπνότατον
809 459 1000 516 τοῦτον
1043 460 1152 518 τιῖιν
1179 459 1442 534 κηρύκων
1480 460 1629 528 ναδν,
1657 461 1718 516 ὃν
1753 479 1827 516 κα

1983 479 2066 519 ioc
2095 463 2301 520 addidit
2329 461 2501 519 animi
2528 476 2655 520 vere
2681 462 3038 534 imperatorii,
3063 471 3119 517 et
3144 463 3322 534 magni
3365 481 3534 537 argu-

277 551 458 622 θάπερ
505 549 749 621 κρηπίδα
813 552 911 605 καὶ⁸
939 551 1244 620 ἀσφάλειαν
1272 553 1332 606 ὲν
1359 554 1476 616 τοῖς
1525 553 1828 623 ἀνακτόροι

1986 565 2219 610 mentum
2261 554 2704 610 venustissimum
2753 555 2856 610 hoc
2907 554 3352 610 concionatorum
3398 566 3539 612 tem-

275 642 555 712 ἐδείματο,
607 641 869 711 μέγιστόν
901 659 964 696 τε
1017 644 1114 697 καὶ
1164 643 1479 709 κάλλιπον,
1530 645 1626 698 καὶ
1674 645 1828 700 κάλλι

1987 648 2114 702 ilum
2157 645 2478 719 (58),'qund
2520 646 2858 701 fundamenti
2884 645 3077 710 instar,
3104 660 3170 700 ac
3217 649 3540 704 munimenti

282 733 587 804 καινοτὲρῳ
625 732 1123 802 διαπρεπέστατον,
1160 736 1256 789 καὶ
1285 737 1427 803 φωτὶ³
1477 735 1835 806 φαιδρότατον

1995 752 2028 790 ιι
2074 737 2276 805 palatio
2323 736 2618 790 aedificavit
2677 736 2974 789 maximum
3023 745 3188 804 atque
3236 738 3542 805 pulcherri-

275 826 372 880 καὶ
401 824 588 896 χρυσῷ
616 825 1029 894 διαυγέστατον,
1085 827 1180 881 καὶ
1206 827 1401 898 ψηφίσι
1459 827 1828 882 στιλπνότατοη

1985 844 2142 892 mum,
2176 828 2321 898 quod
2351 838 2406 883 et
2434 828 2652 883 insolito
2687 827 2922 897 quodam
2950 837 3142 882 ornatu
3169 830 3538 898 magnificum,

278 917 378 970 καὶ
412 919 656 986 γραφαῖς
685 917 1082 987 ἀνθηρότατον.
1131 919 1232 972 Ὃν
1269 936 1353 982 τις
1403 917 1526 972 ίδὼν
1579 919 1831 982 πολλάκις

1978 929 2024 974 et
2063 919 2348 990 splendore
2378 920 2751 989 conspicuum,
2786 928 2842 975 et
2867 935 3001 974 auro
3051 919 3531 990 lulgentissimum,

276 1009 373 1063 καὶ
405 1007 571 1062 πάλιν
605 1007 756 1072 ἰδὼν,
799 1008 876 1070 ὡς
904 1007 1000 1062 νῦν
1031 1007 1180 1078 αὑτῷ
1213 1008 1436 1079 πρῶτον
1463 1008 1703 1076 φανέντα
1730 1007 1829 1062 θαυ

1990 1011 2180 1083 lapillis
2217 1012 2329 1084 (59)
2364 1013 2752 1078 clarissimum,
2787 1021 2841 1065 et
2873 1013 3102 1081 picturis
3129 1014 3284 1081 quasi
3317 1013 3543 1070 ﬁoribus

281 1101 472 1172 μάζει,
503 1102 602 1153 καὶ
638 1099 845 1170 τέθηπε
897 1102 1181 1171 πανταχοῦ
1223 1102 1291 1171 τῇ
1343 1100 1442 1170 θέᾳ
1491 1098 1834 1170 πλανώμενος

1985 1107 2424 1165 ιωωηίεεῑωυπι.
2460 1104 2616 1172 Quod
2644 1120 2766 1159 cum
2801 1103 3002 1172 saepius
3048 1105 3247 1158 viderit
3270 1105 3538 1174 quispiam

287 1195 350 1248 Ὀ
386 1193 486 1262 μὲν
528 1193 638 1264 γὰρ
680 1192 881 1262 ὄροφος
912 1190 1192 1262 ἄπληστός
1226 1193 1344 1246 ἐστι
1383 1192 1503 1262 θέᾳ,
1548 1193 1644 1247 καὶ
1674 1191 1840 1262 θαῦμι

1988 1205 2024 1252 ιι
2051 1197 2217 1252 semel
2260 1207 2426 1266 atque
2461 1198 2657 1252 iterum
2697 1195 2860 1250 fuerit
2897 1197 3326 1261 contemplatus,
3353 1206 3413 1251 ut
3444 1211 3541 1252 no-

281 1287 412 1339 [δείν
477 1284 574 1338 καὶ
601 1282 858 1338 ἀκοῦσαι.
885 1283 1123 1351 Γλυφαϊς
1145 1301 1256 1336 τισι
1286 1282 1638 1354 λεπτοτέραις
1659 1284 1741 1347 είς
1769 1301 1834 1336 κα

1986 1304 2120 1354 tum,
2157 1304 2222 1344 ac
2259 1305 2407 1344 nunc
2439 1291 2671 1358 primum
2703 1291 2882 1343 visum
2917 1289 3220 1342 admiratur
3248 1297 3303 1344 et
3349 1288 3539 1343 obstu-

277 1372 560 1425 λαθίσκων
609 1370 797 1441 σχῆμα
846 1371 1288 1441 ποικιλλομέναις
1336 1371 1735 1443 ὡραῖζόμενος.
1771 1389 1830 1427 κο

1987 1380 2161 1448 )escit,
2185 1381 2522 1436 errabundos
2545 1381 2732 1435 oculos
2755 1381 2859 1435 huc
2877 1381 3111 1450 illucque
3130 1379 3540 1436 circumferens.

282 1462 626 1533 πανταχόθεν
655 1462 732 1533 τῷ
762 1463 948 1534 χρυσῷ
972 1464 1453 1553 περιαστράπτων,
1490 1468 1740 1536 μιμεῖται
1769 1465 1832 1518 τὸ

1983 1470 2192 1526 l‘ectum
2221 1474 2364 1528 enim
2409 1472 2722 1542 huiusmodi
2770 1483 2872 1536 est,
2910 1481 2968 1527 ut
3012 1489 3110 1528 nec
3150 1475 3268 1540 ejus
3316 1483 3536 1539 aspectu

282 1556 538 1628 οὐρανὸν,
581 1556 670 1608 ὅτε
705 1555 926 1628 καθαρᾷ
949 1555 1141 1627 αἰθρίᾳ
1173 1556 1251 1626 τῷ
1279 1557 1390 1610 τῶν
1433 1557 1682 1630 ἀστέρων
1720 1561 1835 1630 χορι

1981 1565 2160 1619 satiari
2191 1565 2314 1634 quis
2342 1564 2549 1634 possit;
2601 1573 2654 1619 et
2694 1580 2816 1620 cum
2853 1566 3185 1628 videntibus,
3225 1575 3338 1618 tum
3369 1566 3534 1620 etiam

279 1648 711 1718 περιλάμπεται.
788 1647 985 1710 Κίονες
1029 1647 1086 1701 δὲ
1148 1647 1413 1702 κάλλιστα
1475 1647 1576 1712 τὰς
1629 1650 1832 1719 ἄντυγα

1988 1656 2319 1711 iudicantibus
2371 1655 2634 1711 miraculo
2697 1657 2766 1710 sit
2835 1656 3001 1710 variis
3049 1656 3365 1711 calathiscis
3405 1657 3541 1724 poli-

279 1738 688 1809 ὑπερείδουσαι,
721 1740 800 1800 είς
830 1738 1115 1809 ἀμήχανον
1136 1739 1267 1809 ὕψος
1291 1739 1382 1794 τὸν
1403 1739 1601 1810 ὄροφον
1623 1740 1832 1811 αἴρουσι

1988 1748 2179 1802 ,issima
2219 1756 2338 1800 arte
2377 1746 2584 1801 caelatis
2639 1747 2958 1802 distinctum
2995 1761 3058 1801 ac
3097 1748 3433 1811 decoratum,
3486 1756 3541 1802 et

279 1805 474 1885 T06'6é
508 1830 641 1884 ναοῦ
674 1831 734 1884 τὸ
771 1805 1083 1900 ἁγιωτάτον
1115 1805 1345 1886 δάπεδον
1391 1805 1636 1903 ἀτεχνῶς
1665 1805 1832 1903 ἐαρινι

1983 1837 2321 1906 undicunque
2347 1851 2482 1890 auro
2513 1851 2814 1892 coruscans
2843 1837 3130 1890 aemulatur
3159 1837 3377 1904 cmlum,
3412 1852 3536 1891 cum

277 1925 512 1994 λειμῶνι
549 1925 920 1995 παρείκασται
957 1925 1182 1998 ποικίλῃ
1209 1925 1520 1996 μαρμάρων
1543 1926 1756 1997 ψηφὶδι,
1793 1927 1830 1982 ὡ

1988 1942 2108 1995 Juro
2164 1942 2228 1982 ac
2258 1941 2454 1982 sereno
2493 1943 2618 1984 aere
2644 1936 2918 1983 astrorum
2949 1929 3121 1982 choro
3152 1927 3405 1982 collucet.
3432 1927 3541 1983 Co-

285 2018 494 2083 ᾱνθεσι,
540 2016 1048 2089 καθωραῖζόμενον.
1105 2018 1255 2088 Πλὴν
1301 2020 1434 2090 παρ’
1473 2020 1599 2074 ὅσον
1645 2019 1716 2072 τὰ
1771 2022 1838 2090 μὲ

1994 2035 2170 2076 umnte
2225 2035 2356 2076 vero
2406 2035 2569 2075 arcus
2623 2021 2828 2091 optime
2873 2017 3252 2074 suﬂ‘ulcientes
3310 2019 3365 2072 in
3421 2033 3541 2073 eam

285 2110 422 2179 ἄνθη
462 2109 810 2178 μαραίνεται,
848 2111 942 2162 καὶ⁸
971 2109 1322 2173 ἀλλάττεται,
1349 2111 1378 2164 ὀ
1400 2110 1458 2164 δὲ
1485 2111 1692 2182 λειμὼν
1712 2106 1838 2167 οὖτο

1994 2113 2316 2168 iltitudinem
2365 2121 2566 2168 tectum
2617 2114 2860 2182 erigunt,
2909 2121 2969 2166 ut
3027 2111 3310 2166 machinas
3358 2125 3547 2166 omnes

283 2202 602 2274 ἀμάραντός
647 2203 787 2267 ἐστι,
832 2201 927 2256 καὶ
979 2202 1168 2268 ἀΐδιος,
1216 2202 1402 2274 τηρῶν
1465 2204 1554 2274 ιφ’
1590 2205 1770 2274 ἑαυτῷ
1809 2223 1836 2257 τ

1989 2216 2252 2275 memque
2281 2219 2540 2273 superare
2567 2203 2835 2258 videatur.
2867 2202 2985 2258 Jam
3034 2204 3216 2272 templi
3256 2202 3542 2258 sanctissi-

285 2295 450 2357 ἄνθος
486 2293 779 2350 ἀθάνατον.
823 2294 934 2356 Πᾶς
969 2293 1027 2346 δὲ
1053 2295 1235 2363 τοῖχος
1279 2295 1526 2365 ποικιλίᾳ
1558 2297 1837 2365 μαρμάρω

1987 2314 2119 2352 mum
2175 2298 2542 2366 pavimentum
2575 2295 2735 2364 371
2775 2295 3062 2349 marmoris
3096 2293 3205 2365 (60)
3240 2294 3540 2363 segmentis

288 2383 784 2455 περικαλύπτεται.
823 2385 868 2438 Τ
871 2385 905 2438 ὰ
931 2384 986 2438 δὲ
1023 2384 1230 2438 τούτων
1258 2387 1516 2456 ἀνωτέρω
1561 2388 1739 2460 χρυσῆ
1765 2406 1841 2442 καί

1988 2391 2125 2460 ιιιθεὶ
2167 2389 2392 2444 ﬂoribus
2421 2389 2626 2458 ubique
2656 2390 2992 2453 decoratum,
3017 2397 3172 2455 prato
3199 2401 3368 2441 verno
3399 2396 3541 2440 tem-

283 2479 482 2533 λύπτει
515 2477 710 2547 ψηφὶς,
738 2479 839 2530 ὃσα
885 2477 961 2546 μὴ
989 2477 1310 2545 συνείληφεν
1346 2479 1374 2532 ὁ
1408 2477 1518 2533 τῶν
1550 2481 1764 2534 σεπτῶν
1789 2481 1836 2533 sl

1993 2496 2104 2538 tore
2142 2479 2505 2536 clliorescenti
2552 2480 2714 2549 plane
2743 2479 3080 2533 simillimum
3114 2487 3218 2543 est,
3247 2477 3350 2532 hoc
3382 2491 3546 2532 exce-

283 2575 462 2627 κόνων
503 2571 684 2641 χορός.
723 2569 800 2622 Τὸ
840 2567 898 2622 at
939 2569 1039 2638 τῆς
1085 2569 1330 2640 ἀρρήτου
1381 2569 1607 2640 τελετῆς
1646 2571 1836 2641 χωρίον

1988 2586 2064 2630 ιιο
2103 2576 2249 2643 quod
2296 2573 2459 2628 ﬂores
2493 2573 2566 2627 ibi
2599 2571 2984 2635 deﬂorescunt,
3015 2580 3072 2625 et
3123 2569 3541 2636 submittantur;

284 2664 594 2736 μαρμάρων
615 2660 820 2731 θώραξ,
843 2662 958 2724 τοῖς
981 2658 1192 2730 ἱερεῦσι
1213 2661 1516 2730 περικλείει
1537 2662 1631 2716 τὸν
1656 2664 1834 2734 χῶρον

1988 2673 2079 2721 hoc
2107 2676 2289 2720 autem
2321 2674 2533 2733 pratum
2568 2679 2843 2732 nunquam
2886 2661 3200 2726 marcescit,
3249 2667 3304 2715 et
3349 2675 3541 2731 perpe-

283 2753 374 2824 ὲφ’
421 2747 498 2807 ὧν
539 2755 688 2807 ἐστιν
737 2753 1194 2808 ἑποιναπαύεσθαί
1237 2771 1303 2820 τι
1360 2756 1454 2810 καὶ
1512 2757 1653 2826 μετὰ
1689 2759 1836 2826 ἁσφα

1988 2770 2124 2808 .uum
2187 2756 2331 2826 viget
2379 2752 2566 2807 ﬂorem
2632 2753 2685 2807 in
2751 2768 2811 2807 se
2864 2767 3090 2807 servans
3151 2751 3541 2806 immortalem.

282 2846 436 2910 λείας
485 2845 732 2910 ἑστάναι,
779 2844 878 2898 καὶ
921 2845 1148 2914 τέρπειν
1187 2848 1254 2916 τῇ
1290 2845 1390 2918 θέᾳ
1421 2847 1522 2918 τὴν
1559 2848 1704 2917 ὄψιν.
1747 2849 1835 2904 Κὼ

1990 2841 2118 2901 Nihil
2161 2846 2215 2900 in
2255 2843 2559 2915 parietibus
2610 2858 2722 2897 non
2775 2857 3048 2896 marmore
3070 2842 3226 2895 vario
3265 2839 3543 2896 conveSti-

284 2939 437 3008 λυμα
468 2937 524 2991 δι
567 2937 729 2990 τοῦτο
778 2937 910 3002 τῶν,
987 2935 1123 3000 εῐτις
1171 2937 1452 3008 προπετὴς
1497 2940 1593 2994 καὶ
1641 2942 1832 3011 ἀνίερο

1988 2954 2120 3004 .mn;
2151 2935 2437 3005 superiora
2460 2949 2590 2988 vero
2617 2933 2817 3003 lapillis
2839 2933 3022 2988 aureis
3047 2940 3236 3001 operta
3261 2940 3408 2994 sunt,
3435 2945 3541 2998 qua

283 3031 423 3084 εἴσω
475 3029 583 3082 τῶν
613 3028 823 3082 ἀδύτων
874 3028 1186 3099 ὑπερϐῆναι
1226 3033 1513 3099 φιλονικεῖ.
1555 3031 1622 3086 Ἦ
1661 3033 1717 3086 δὲ
1748 3034 1836 3088 θείς

1995 3043 2149 3082 amen
2171 3043 2202 3082 a
2233 3027 2677 3082 veneramlarum
2716 3025 3007 3094 imaginum
3041 3025 3210 3078 choro
3242 3037 3350 3078 non
3377 3036 3546 3076 occu-

284 3117 562 3189 τράπεζα,
591 3119 713 3177 ταῖς
748 3115 807 3183 ἐξ
835 3115 1079 3186 ἀργύρου
1104 3119 1198 3170 καὶ
1233 3119 1434 3188 χρυσοῦ
1471 3125 1837 3192 μαρμαρυγαϊ

1991 3131 2186 3174 lantur.
2214 3117 2391 3173 Locus
2423 3117 2538 3182 ille,
2563 3117 2616 3170 in
2649 3131 2756 3185 quo
2787 3130 3048 3169 arcanum
3072 3115 3352 3185 peragitur
3372 3110 3544 3167 sacri-

284 3211 785 3280 ἀπαστράπτουσα,
824 3209 1210 3288 ,καταπλήττει
1255 3211 1348 3265 τὸν
1409 3212 1629 3285 θεατήν.
1683 3216 1764 3270 Τὰ
1809 3216 1837 3270 δ

1987 3212 2154 3265 icium
2205 3224 2511 3265 marmoreo
2547 3209 2772 3263 thorace
2805 3215 3048 3275 septum,
3098 3212 3154 3259 et
3186 3201 3540 3259 circumscri-

283 3302 452 3356 λοιπὰ
475 3301 684 3372 ταύτης
711 3301 965 3372 τιμάσθω
1007 3306 1158 3373 σιγῇ.
1219 3302 1286 3358 '0
1320 3305 1376 3358 δὲ
1418 3306 1546 3368 ναὸς
1579 3306 1728 3370 ἅπας
1753 3309 1836 3362 τοϊ

1986 3315 2125 3372 ptum
2157 3312 2242 3357 est
2271 3303 2676 3366 sacerdotibus,
2712 3300 2804 3376 ubi
2837 3308 2892 3355 et
2923 3300 3286 3369 requiescere,
3329 3305 3382 3352 et
3425 3303 3539 3350 tuto

289 3389 478 3462 ᾄδουσι
508 3391 635 3452 τοὺς
677 3389 854 3454 θείους
884 3390 1107 3459 ὕμνους,
1145 3393 1336 3462 ὥσπερ
1363 3393 1433 3448 τὰ
1466 3394 1640 3466 ἄντρα
1681 3396 1842 3466 ἠρέμι

1988 3393 2290 3456 :onsistere,
2320 3399 2376 3445 et
2421 3402 2704 3459 aspectum
2738 3388 3049 3458 spectaculo
3073 3388 3200 3442 licet
3243 3387 3541 3441 oblectare.

289 3484 618 3551 συναπηχεῖ,
650 3481 752 3553 τῆς
777 3483 964 3552 φωνῆς
991 3486 1321 3557 ἐπανιούσης
1341 3487 1478 3558 πρὸς
1503 3487 1704 3559 ἑαυτὴν
1725 3504 1842 3540 κατι

1993 3485 2133 3552 dque
2155 3483 2452 3538 claustrum
2484 3482 2652 3537 etiam
2684 3481 2753 3536 ab
2783 3495 3009 3536 accessu
3041 3480 3320 3550 prohibet,
3345 3479 3390 3534 si
3423 3477 3543 3547 quis

283 3573 384 3628 τὸν
417 3572 734 3628 ἀντίτυπον.
778 3573 1311 3646 Παοαπετασμάτων
1348 3576 1407 3630 δὲ
1445 3575 1648 3646 πλῆθος
1677 3575 1833 3646 ήὼρη

1985 3575 2293 3632 temerarius
2327 3589 2394 3632 ac
2434 3573 2696 3644 profanus
2753 3574 2920 3645 adyta
2975 3585 3268 3644 penetrare
3313 3581 3538 3628 conten-

1520 3732 1842 3796 Francisci
1877 3733 2086 3796 Scorsi
2119 3738 2311 3796 notae.

365 3878 477 3950 (58)
513 3879 960 3936 Concionatorum
996 3881 1266 3949 templum.
1301 3879 1400 3938 Ubi
1441 3879 1696 3935 nimirum
1733 3895 1862 3936 con-
1965 3881 2191 3936 chorum
2227 3879 2287 3934 S.
2316 3879 2600 3950 Benedicti
2637 3888 2854 3935 auctum
2881 3891 2934 3950 et
2963 3879 3540 3950 loctipletatum,qnod

288 3948 477 4005 ciones
505 3965 674 4006 sacrae
717 3951 770 4004 in
817 3952 1018 4020 palatio
1050 3948 1116 4006 ad
1145 3953 1336 4018 imper.
1367 3962 1422 4006 et
1455 3951 1660 4006 aulicos
1689 3953 1861 4006 habe-
1965 3965 2097 4004 sane
2123 3965 2247 4005 cum
2277 3951 2484 4015 videas,
2506 3949 2610 4020 hoc
2653 3951 2824 4018 ipsum
2847 3966 2872 4001 a
2904 3948 3236 4017 Theophane
3280 3949 3381 4020 hac
3407 3964 3537 4020 ora-_

292 4028 483 4093 rentur
508 4021 648 4093 quod
675 4030 730 4093 et
753 4018 921 4093 hodie
961 4022 1240 4093 factitatur
1270 4022 1325 4076 in
1371 4020 1568 4093 palatio
1613 4022 1859 4093 proregis
1966 4021 2110 4093 tione
2139 4027 2392 4093 ornatum
2420 4060 2436 4084 ,
2491 4019 2799 4093 arbitreris.
2833 4020 2995 4093 Certe
3030 4020 3102 4093 illi
3141 4035 3245 4093 non
3279 4019 3425 4093 cedit
3458 4018 3542 4093 vel

289 4088 492 4160 Sicilia:
525 4091 576 4160 in
607 4092 723 4146 aede
753 4089 821 4160 D.
850 4089 994 4145 Petri
1029 4092 1224 4147 ibidem
1253 4091 1494 4148 condita.
1613 4088 1629 4092 ’
1778 4088 1803 4093 ⁷
1967 4088 2334 4160 τιτιίίίοἱοαει
2368 4098 2608 4160 sumptu,
2643 4091 2727 4141 vel
2761 4090 3151 4160 magnitudine.
3211 4088 3285 4144 De
3317 4088 3402 4144 his
3431 4089 3543 4158 agit

364 4159 480 4228 (59)
511 4159 754 4230 Lapillis.
785 4159 891 4216 Eos
929 4161 1192 4227 intelligo,
1235 4176 1304 4215 ex
1345 4161 1545 4230 quibus
1575 4161 1850 4217 musivum
1964 4157 2428 4230 Thomas‘Farell.
2457 4159 2553 4230 lib.
2589 4173 2683 4212 vin
2717 4157 3079 4230 decfprimte.

287 4245 430 4294 onus
457 4227 764 4292 coniicitur,
795 4244 1024 4298 quorum
1073 4231 1163 4285 alii
1203 4246 1338 4286 auro
1365 4227 1511 4294 illiti,
1561 4230 1652 4284 alii
1685 4232 1857 4286 versi-
2037 4227 2150 4298 (60)
2181 4227 2494 4282 Harmonia
2537 4229 2833 4299 segmentis.
2875 4227 2972 4283 Ex
3017 4229 3214 4296 quibus
3271 4243 3407 4298 opus
3453 4243 3542 4281 se-

287 4301 504 4355 colores
527 4300 800 4371 advarias
828 4300 1026 4368 figuras
1056 4301 1441 4368 esprimendas
1470 4303 1610 4355 inter
1634 4315 1692 4356 se
1720 4303 1854 4355 mira
1965 4307 2346 4371 ginentatum,
2377 4314 2474 4354 seu
2501 4299 2916 4371 vermiculaturn
2963 4299 3192 4371 dictum,
3235 4300 3396 4368 quale
3450 4300 3542 4353 de-

290 4380 412 4424 arte
439 4367 936 4438 compinguntnrﬂet
967 4380 1346 4426 conseruntur.
1375 4371 1500 4425 Tria
1532 4371 1713 4439 itaque
1734 4386 1856 4440 quae
1965 4367 2157 4424 scribit
2177 4368 2438 4440 Lucilius,
2460 4384 2612 4440 exeo
2630 4367 3050 4440 similitudinem
3079 4367 3541 4440 elegantissimam

290 4441 347 4494 in
381 4437 589 4492 musivo
621 4437 886 4502 (mttsaico
916 4443 1075 4508 vulgo
1096 4441 1351 4507 dicimus)
1383 4440 1590 4508 lapillo,
1618 4437 1712 4494 seu
1743 4437 1852 4494 tota
1887 4501 1923 4510 κ
1945 4447 1967 4494 t
1992 4441 2213 4510 rahens,
2236 4447 2308 4510 iet
2353 4438 2406 4492 in
2460 4438 2736 4510 Albinium
2787 4438 3005 4504 ludens,
3057 4437 3202 4510 quod
3256 4439 3422 4494 refert
3468 4437 3542 4492 Μ.

289 4509 501 4563 musiva
543 4501 814 4564 structura
852 4501 1221 4574 continentur,
1269 4501 1540 4575 expressit
1565 4501 1854 4579 Theopha-
1887 4501 1932 4559 D
1961 4501 2296 4573 Tullius,De
2326 4519 2464 4563 orat.
2499 4508 2598 4562 lib.
2631 4524 2690 4563 Ill
2717 4526 2729 4562 :

284 4594 412 4643 nes,
441 4592 574 4649 cum,
599 4581 852 4648 templum
885 4582 1016 4634 dicit
1045 4598 1060 4632 :
1090 4581 1200 4634 Καὶ
1219 4579 1409 4649 χρυσῷ
1441 4580 1834 4648 διαυγέστατον

1967 4580 2138 4645 Quam
2165 4579 2332 4647 lepide
2357 4579 2514 4633 lexeis
2543 4581 2842 4647 composite,
2874 4591 2928 4633 ut
2953 4581 3219 4635 tesserula
3249 4595 3451 4644 omnes,

287 4649 391 4701 καὶ
435 4647 634 4720 ψηφίσι
686 4647 1104 4715 στιλπνότατον,
1167 4647 1270 4703 καῖ
1327 4647 1587 4720 γραφαῖς
1619 4650 1840 4720 ἀνθήροι

1767 4668 1857 4720 ρο-
1963 4653 2092 4720 Arte
2123 4651 2419 4720 pavimento
2441 4659 2595 4719 atque
2617 4649 2922 4705 emblemate
2951 4651 3309 4720 vermiculato.

284 4734 476 4780 τατον,
517 4719 662 4771 Auro
691 4720 1198 4783 splendidissimum,
1228 4717 1426 4789 lapillis
1456 4717 1853 4786 clarissimum,
1963 4719 2043 4774 Ad
2072 4720 2124 4772 id
2157 4721 2318 4773 etiam
2355 4717 2537 4784 Quint.
2588 4720 2886 4788 respiciens
2934 4721 3024 4774 lib.
3075 4737 3127 4774 ιι
3159 4737 3174 4774 :
3210 4717 3538 4781 Tessarulas,

286 4802 339 4842 et
384 4789 600 4859 picturis
625 4789 1075 4859 ﬂorentissimum.
1109 4788 1426 4856 Hujnsmodi
1468 4805 1631 4859 porro
1661 4793 1854 4855 templa
1963 4789 2158 4858 inquit,
2193 4798 2249 4841 ut
2278 4791 2357 4842 ait
2382 4789 2640 4854 Lucilius,
2675 4799 2841 4842 struet
2889 4800 2942 4843 et
2991 4789 3346 4843 vermiculate
3373 4788 3541 4859 lexeis

289 4856 488 4911 musivi
529 4859 706 4927 operis
748 4858 1057 4915 Greecorum
1094 4874 1244 4914 more
1291 4859 1432 4913 facta
1464 4856 1710 4914 videmus
1757 4859 1858 4914 Pa-
1961 4856 2289 4913 committet.
2323 4859 2426 4914 Sed
2459 4861 2790 4927 principium
2824 4859 3048 4912 secundi
3088 4859 3347 4912 versiculi
3396 4858 3539 4923 apud

291 4926 644 4998 normiduo,
671 4927 898 4983 alterum
948 4931 997 4982 in
1050 4929 1253 4998 palatio
1293 4930 1539 4998 proregis
1583 4927 1643 4983 S.
1695 4928 1857 4985 Petro
1961 4927 2196 4998 Plinium
2229 4928 2424 4997 legitur
2455 4926 2548 4982 lib.
2585 4926 2769 4998 xsxvt.
2807 4929 2934 4982 Arte
2967 4931 3365 4993 pavimentum;
3392 4939 3542 4998 utro-

287 4997 540 5068 apnstolo
590 4999 848 5068 dicatum,
900 4996 1059 5067 quod
1093 5014 1184 5052 rex
1224 4996 1513 5068 Rogerius
1541 5000 1751 5064 erexit;
1804 5011 1858 5054 et
1961 4998 2122 5068 hique
2159 4996 2319 5054 falso.
2359 4998 2691 5066 Legendum,
2715 4996 2864 5068 Endo
2891 4998 3190 5068 pavimento
3220 4997 3528 5068 ἀρχαϊκῶς,

289 5081 428 5121 sane
458 5067 637 5138 simile
669 5067 793 5122 huic
825 5072 966 5135 quod
1009 5070 1059 5122 iu
1096 5068 1384 5123 Constant.
1432 5067 1637 5137 palatio
1683 5069 1853 5123 tedill-
1962 5067 2114 5122 utin
2172 5069 2442 5137 plerisque
2500 5070 2695 5138 legitur
2744 5067 2920 5123 libris.
2976 5068 3055 5138 Ad
3111 5083 3222 5122 rem
3273 5087 3288 5122 :
3337 5067 3405 5121 de
3441 5070 3542 5121 hoc

290 5147 474 5206 catum
506 5135 595 5206 hic
632 5146 826 5192 auctor
855 5138 1148 5201 describit;
1187 5154 1310 5192 nam
1359 5135 1451 5206 ad
1480 5138 1624 5191 illam
1677 5138 1853 5193 idenm
1959 5151 2144 5206 opere,
2174 5135 2239 5191 ’nt
2271 5135 2574 5205 intelligam
2616 5138 2798 5206 potius
2834 5137 3246 5206 TheOphanem,
3275 5153 3437 5204 quam
3470 5138 3540 5191 de

288 5205 431 5260 alias
461 5205 580 5260 aliis
613 5207 665 5260 in
699 5207 830 5262 locis
860 5223 888 5261 a
918 5207 1133 5273 regibus
1159 5208 1322 5262 etiam
1379 5205 1571 5262 North.
1619 5208 1856 5262 exaedili-
1959 5205 2232 5262 tessellato
2283 5205 2629 5274 pavimento,
2676 5208 2870 5262 suadet
2949 5205 3252 5262 similitudo
3296 5207 3490 5261 ﬂorum
3523 5223 3537 5258 :

289 5287 449 5330 calas
495 5291 614 5330 esse
658 5291 847 5346 sacras
874 5279 1019 5334 aedes
1046 5278 1322 5345 coniicio:
1357 5279 1587 5332 alterum
1628 5278 1681 5333 in
1728 5293 1852 5333 arca
1959 5278 2101 5331 unde
2129 5277 2396 5336 coniicere
2416 5277 2549 5346 licet
2576 5278 2625 5329 id
2659 5277 3026 5345 pavimentum
3074 5278 3298 5331 calculis
3326 5277 3532 5346 ψηφίσι

291 5347 536 5418 praetorii
590 5361 625 5418 a7
669 5345 900 5414 Georgio
954 5344 1294 5418 Antiocheno
1347 5347 1566 5415 Rogerii
1619 5349 1854 5418 primum
1957 5347 2379 5418 versicoloribus
2407 5344 2577 5418 fuisse
2609 5344 2960 5418 picturatum,
2987 5347 3230 5416 adeoque
3265 5344 3540 5418 non'tes-

290 5417 512 5469 comitis
545 5417 737 5471 deinde
766 5419 930 5472 etiam
975 5416 1217 5484 ejusdem
1267 5419 1410 5484 regis
1451 5416 1730 5472 Admirato
1755 5434 1854 5473 ex-
1956 5416 2123 5480 sellis,
2165 5416 2261 5471 sed
2313 5417 2612 5484 segmentis
2650 5417 3032 5471 minutissimis
3085 5417 3531 5471 vermiculatum.

286 5495 579 5551 structum,
642 5488 784 5554 quod
835 5487 991 5542 hodie
1043 5489 1402 5541 Marturanam
1462 5502 1740 5542 vocamus.
1799 5490 1852 5543 In
1955 5485 2033 5541 De
2080 5487 2354 5542 tessellato
2382 5500 2512 5540 vero
2535 5487 2848 5556 pavimento
2871 5488 2986 5556 lege
3007 5487 3339 5549 Vitruvium,
3369 5487 3405 5538 I.
3437 5501 3534 5550 vn,

289 5567 479 5627 monte
519 5571 648 5610 vero
682 5561 844 5625 regali
877 5557 1268 5627 amplissimum
1314 5559 1440 5627 item
1487 5571 1552 5611 ac
1603 5558 1852 5625 magnifi-
1954 5571 2076 5626 cap.
2108 5559 2160 5624 1,
2207 5557 2352 5626 apud
2399 5571 2558 5627 quem
2590 5555 2808 5610 differre
2851 5555 3059 5611 videbis
3101 5557 3414 5625 pavimenta
3470 5573 3538 5609 ex

288 5626 665 5696 centissimnm
697 5624 888 5681 viaitur
937 5624 984 5680 a'
1021 5626 1270 5682 Wilelmo
1314 5624 1357 5679 ll
1405 5627 1604 5681 Sicilia:
1668 5624 1792 5696 rege
1821 5645 1849 5682 a
1957 5624 2198 5692 tesseris,
2229 5624 2284 5680 et
2312 5625 2589 5696 sectilib_ns
2622 5627 2687 5678 ad
2727 5628 2984 5681 amussim
3025 5624 3330 5696 compactis
3390 5627 3535 5696 inter

291 5694 664 5750 fundamentis
738 5698 1030 5752 excitatum
1087 5705 1142 5750 et
1188 5696 1620 5759 exaedificatum,
1672 5693 1753 5751 ac—
1787 5699 1849 5754 Ι).
1953 5710 2032 5750 se.
2066 5697 2360 5752 Suetonius
2390 5699 2456 5753 de
2503 5693 2808 5754 Tessellato
2843 5697 3095 5754 meminit
3125 5695 3180 5750 in
3210 5695 3359 5753 Julio
3385 5695 3531 5752 Cas.

292 5765 474 5821 Maria:
504 5766 707 5835 Virgini
738 5778 1136 5833 consecratum,
1176 5765 1436 5823 Coenobio
1465 5767 1627 5822 etiam
1660 5781 1850 5822 mona--
1954 5782 2074 5835 cap.
2121 5767 2210 5822 46.
