3934 6222
199 352 314 414 957

1611 356 1944 418 HOMILIA
1981 363 2077 425 LV

3351 365 3456 428 958

193 467 306 522 Διὰ
334 465 388 520 τί
417 465 476 521 δὲ
511 465 614 520 οὐκ
658 467 718 520 ἐν
779 466 1162 539 Ἰερουσαλὴμ,
1207 468 1322 522 ἀλλ’
1375 469 1454 536 εἰς
1501 468 1572 522 τά
1631 470 1775 540 μέρη

1890 471 2090 537 ﬁdeles,
2134 474 2380 530 indicans
2399 475 2836 544 coniunctionem
2869 476 3099 530 duarum
3131 475 3182 530 in
3215 491 3274 530 se
3301 487 3464 530 natu-

199 557 553 628 Καισαρείας
591 556 754 610 τοῦτο
783 560 963 626 ποιεῖς
999 558 1152 629 Τάχα
1185 577 1286 613 που
1320 560 1410 614 τὸν
1451 559 1650 629 φθόνον
1684 562 1780 614 ἐκ-

197 651 404 704 κλίνων
453 649 564 702 τῶν
614 649 911 714 Ἰουδαίων,
957 653 1054 704 καὶ
1103 652 1165 704 τὸ
1216 651 1394 722 δόγμα
1445 653 1677 706 ἐκείνων
1721 652 1784 706 τὸ

192 739 489 802 δυσσεόές.
520 739 710 808 Δόγμα
742 739 850 810 γὰρ
880 740 1086 806 ἔθεντο,
1134 740 1222 795 ἵνα
1270 743 1420 806 ὅστις
1467 743 1779 814 ὁμολογήσῃ

199 831 376 884 αὑτὸν
399 831 658 902 Χριστὸν,
685 833 1123 900 ἀποσυνάγωγος
1149 834 1400 904 γένηται.
1443 835 1659 903 Ἐξάγει
1686 831 1781 889 οὖν

199 925 336 987 τοὺς
376 922 630 996 μαθητάς
655 922 750 976 τοῦ
793 923 1082 992 περιδεοῦς
1116 925 1283 978 τόπου
1327 926 1542 996 μακρὰν
1567 967 1580 987 ,
1614 927 1689 991 ὡς
1717 928 1784 982 ἂν

200 1013 404 1077 πτοίας
453 1017 544 1066 καὶ
573 1014 778 1078 δειλίας
811 1015 1219 1084 ἀπαλλαγέντες
1270 1017 1371 1087 τὴν
1399 1017 1606 1070 ἑαυτῶν
1640 1017 1781 1086 γνώ-

205 1124 322 1175 μην
354 1106 843 1176 ἀπαρακαλύπτως
885 1108 1224 1178 ἐμφὴνωσιν.
1269 1109 1344 1162 Οὐ
1395 1109 1573 1179 μάτην
1601 1112 1659 1165 δὲ
1688 1111 1782 1165 τοῦ

202 1197 447 1250 τόπου“ό
491 1197 888 1269 εὐαγγελιστὴς
925 1199 1331 1270 ἐμνημόνευσεν
1375 1198 1547 1263 οὕτως
1577 1203 1775 1256 εἰπών·

211 1308 233 1340 ι
287 1288 488 1343 Ἐλθὼν
543 1292 571 1343 ὁ
625 1290 833 1361 Ἰησοῦς
863 1293 946 1354 εἰς
985 1291 1055 1344 τὰ
1104 1291 1245 1361 μέρη
1302 1293 1646 1362 Καισαρείας
1681 1295 1781 1364 τῆς

204 1378 500 1433 Φιλίππου.
536 1397 555 1430 ι
605 1378 749 1432 Ἀλλ’
783 1380 972 1450 ἐπειδὴ
1008 1380 1139 1450 ἔστη
1167 1382 1262 1434 καὶ
1283 1382 1420 1450 άλλη
1451 1383 1779 1454 Καισάρεια,

206 1472 247 1540 ἠ
281 1469 548 1540 λεγομένη
603 1469 694 1523 τοῦ
746 1471 1087 1541 Στράτωνος,
1147 1473 1236 1526 ἵνα
1273 1474 1346 1542 μή
1380 1491 1464 1536 τις
1501 1474 1678 1546 πλάνη
1719 1476 1783 1528 ἐκ

207 1563 312 1632 τῆς
342 1563 667 1633 ὁμωνυμίας
703 1563 934 1632 γένηται
967 1565 1081 1627 τοῖς
1109 1565 1412 1634 ἀκροαταῖς
1464 1567 1782 1634 ἀναγκαίως

202 1655 309 1724 τὴν
343 1653 667 1724 ὁμωνυμίαν
705 1654 987 1712 διέστειλε.

286 1764 305 1798 ι
329 1745 465 1799 τίνα
497 1764 564 1816 με
592 1746 846 1814 λέγουσιν
875 1749 926 1800 οί
956 1747 1234 1819 ἄνθρωποι
1262 1744 1513 1803 είναιτὺν
1530 1749 1662 1803 Υίδν
1682 1749 1779 1804 τοῦ

1893 581 2098 628 rarum,
2131 578 2189 621 ut
2218 567 2356 621 inl‘ra
2387 569 2614 624 dicetur.
2647 567 2829 634 Quare
2861 577 3040 623 autem
3065 583 3168 621 non
3203 567 3459 624 Hierosoo

1889 657 2050 727 lymze
2079 659 2180 712 hoc
2209 670 2449 728 praestat,
2471 662 2564 715 sed
2597 660 2914 729 in'partibus
2935 659 3236 714 Caesareae?
3255 661 3459 724 Forsan

1893 760 1952 803 ut
1992 747 2300 804 Judazorum
2348 751 2552 813 devitet
2583 751 2839 806 invidiam
2869 759 2924 804 ct
2957 751 3176 820 impium
3211 751 3338 804 illud
3371 753 3465 804 de-

1891 850 2130 907 cretum;
2158 844 2512 904 decreverant
2555 843 2698 898 enim
2732 853 2812 909 ut,
2847 844 2888 896 si
2913 845 3036 912 quis
3070 843 3244 910 ipsum
3289 843 3462 896 conli-

1893 942 2117 994 teretur,
2171 943 2322 988 extra
2371 934 2710 1005 Synagogam
2759 935 3000 989 fieret“.
3035 936 3078 986 Λ
3126 935 3247 988 loco
3299 935 3462 1004 igitur

1893 1024 2245 1079 formidoloso
2275 1025 2454 1078 educit
2490 1026 2645 1095 longe
2688 1024 2999 1094 discipulos,
3032 1034 3089 1077 ut
3119 1034 3262 1079 metu
3308 1027 3460 1079 omni

1892 1130 1955 1169 ac
1990 1113 2282 1170 formidine
2323 1115 2508 1178 soluti,
2537 1125 2720 1183 aperte
2740 1116 3064 1169 sententiam
3114 1131 3266 1169 suam
3296 1115 3461 1170 eﬂ‘er-

1895 1215 2034 1259 rent.
2061 1205 2247 1274 Neque
2281 1221 2407 1261 vero
2439 1206 2556 1261 sine
2589 1222 2751 1260 causa
2805 1206 2905 1261 loci
2959 1207 3285 1262 mentionem
3337 1208 3464 1262 fecit

1889 1295 2244 1365 evangelista,
2289 1297 2372 1349 his
2401 1296 2621 1351 verbis:
2660 1314 2678 1348 ι
2708 1294 2955 1365 ξνθηὶεηε
2985 1294 3142 1352 Jesus
3179 1298 3234 1351 in
3281 1309 3464 1367 partes

1889 1384 2149 1440 Caesarea:
2197 1385 2444 1456 Philippi.
2481 1405 2499 1436 ι
2535 1385 2669 1440 Nam
2723 1389 2977 1457 quoniam
3022 1396 3105 1442 est
3144 1389 3306 1442 etiam
3358 1389 3462 1442 alia

1891 1474 2136 1528 (ἱέρεαι-εει
2173 1474 2445 1531 Stratonis
2469 1475 2582 1547 (64)
2607 1477 2770 1542 dicta,
2797 1492 2861 1531 ne
2882 1478 3004 1546 quis
3027 1493 3090 1532 ex
3110 1479 3464 1547 ambiguitate

1890 1566 2168 1618 nominum
2199 1567 2541 1622 auditoribus
2571 1582 2730 1624 error
2767 1568 3078 1637 obreperet,
3107 1583 3226 1623 eam
3266 1570 3463 1623 distin-

1889 1659 2068 1711 ctione
2101 1657 2285 1712 tollere
2325 1662 2690 1715 necessarium
2727 1661 2900 1715 visum
2937 1670 3042 1714 est.

1965 1765 1984 1798 ι
2023 1748 2192 1814 Quem
2219 1764 2303 1803 me
2323 1749 2514 1803 dicunt
2531 1751 2776 1806 homines
2795 1765 2913 1806 esse
2939 1750 3136 1805 Filium
3162 1752 3391 1805 hominis
3406 1753 3457 1805 ἲ»

207 1835 536 1905 ἀνθρώπους
571 1855 590 1888 ι
637 1838 753 1892 Ούκ
783 1835 963 1904 εἶπεν,
1009 1839 1144 1892 Τίνα
1177 1857 1246 1909 με
1285 1839 1540 1909 λέγουσιν
1587 1843 1635 1893 oi
1689 1839 1788 1893 ἄνευ

1891 1836 2006 1890 Non
2047 1839 2182 1892 dixit
2215 1857 2228 1894 :
2256 1840 2428 1907 Quem
2473 1857 2557 1896 me
2597 1842 2781 1896 dicunt
2821 1843 3071 1897 homines
3114 1858 3234 1898 esse
3270 1843 3461 1897 Filium

210 1927 422 1998 θρωποι
471 1923 616 1981 εἶναι
671 1931 762 1982 τὸν
816 1929 944 1982 Υίδν
995 1930 1092 1982 τοῦ
1145 1929 1317 1996 Θεοῢς
1367 1931 1635 1985 ἐκκλίνων
1687 1932 1783 1985 τοῦ

211 2017 427 2087 κόμπου
470 2020 550 2100 ¹τὰ
574 2022 819 2090 ῥήματα,
863 2021 977 2074 ἀλλ’
1012 2021 1136 2091 ἐμὲ,
1169 2022 1331 2091 φησὶ,
1362 2021 1454 2076 τὸν
1491 2023 1786 2093 γενόμενον

211 2111 521 2181 ἄνθρωπον,
593 2112 686 2164 τὸν
747 2115 807 2167 ἐν
867 2115 1110 2183 σχήματι
1186 2114 1376 2168 δούλου
1439 2115 1783 2185 φαινόμενον.

213 2203 350 2256 Οὖδέ
390 2205 516 2274 περὶ
586 2204 897 2274 Φαρισαίων
944 2206 1038 2259 καὶ
1088 2205 1471 2277 Γραμματέων
1529 2206 1788 2276 φιλοπευ-

215 2294 374 2344 στείο
427 2291 558 2346 Τίνα
614 2311 683 2364 με
742 2292 994 2362 λέγουσιν
1046 2297 1096 2348 οἱ
1157 2296 1514 2365 Γραμματεῖς
1571 2297 1666 2350 καὶ
1736 2297 1786 2349 οι

210 2385 432 2454 ἔξαρχοι
479 2384 572 2438 τοῦ
613 2385 744 2438 λαοῦ
766 2403 781 2451 ;
803 2384 919 2456 ᾔδει
939 2387 1156 2458 γὰρ-τὸν
1180 2389 1237 2440 ἐν
1258 2389 1445 2452 αὐτοῖς
1467 2389 1560 2444 τοῦ
1587 2391 1784 2458 φθόνου

211 2473 448 2538 καπνὸν,
501 2474 628 2536 ὅσος
697 2474 1112 2544 ὑποτυφόμενος
1166 2470 1436 2542 ἧν·άλλά
1493 2479 1623 2548 περὶ
1688 2477 1785 2530 τοῦ

210 2564 489 2619 ἀπλάστου
565 2564 660 2618 καὶ
737 2565 948 2618 ἀκάκου
1011 2566 1168 2621 λαοῦ.
1234 2568 1402 2620 Ὅθεν
1447 2571 1497 2621 oi
1543 2569 1787 2639 μαθηταὶ

209 2666 316 2730 τὴν
341 2659 599 2730 διάφορον
632 2658 740 2713 τῶν
772 2660 869 2713 ἀνθ
880 2658 1080 2730 ρώπων
1097 2662 1226 2731 περὶ
1242 2662 1406 2714 αὑτοῦ
1425 2662 1578 2726 δόξαν
1601 2665 1788 2732 σαφῶς

213 2750 574 2820 ἐπιστάμενοι
619 2751 1048 2821 ἀποκρίνονταιο
1098 2770 1117 2803 ι
1157 2753 1220 2806 Oi
1255 2752 1355 2821 μὲν
1406 2751 1659 2825 Ἰωάννην
1695 2755 1788 2808 τὸν

217 2843 548 2914 Βαπτιστὴν,
579 2843 728 2896 ἄλλοι
758 2843 816 2896 δὲ
854 2845 1066 2909 Ἠλίαν,
1093 2844 1126 2912 ἦ
1157 2845 1254 2898 ἕνα
1280 2845 1390 2898 τῶν
1418 2846 1736 2917 προφητῶν.
1760 2866 1780 2899 ι

215 2937 288 2988 Τί
318 2936 409 2989 οὖν
443 2936 503 2987 τὸ
534 2938 728 2989 πεῖσαν
753 2936 879 2998 τοὺς
914 2937 1108 3006 δχλους
1151 2936 1284 3006 περὶ
1323 2936 1562 3006 Χριστοῦ
1610 2937 1787 2992 τοιάδε

213 3030 501 3094 ὕπονοεῖν;
537 3028 628 3099 Μὴ
660 3028 769 3098 γὰρ
793 3029 896 3081 οὐκ
922 3028 1166 3098 ᾔδεισαν,
1195 3029 1278 3081 ὃτι
1319 3027 1518 3080 Ἠλίαν
1561 3028 1662 3097 μὲν
1711 3028 1788 3091 ὡς

1888 1927 2028 1983 Dei?
2061 1939 2115 1982 ut
2167 1931 2422 1985 elationis
2477 1932 2641 1985 verba
2696 1932 2930 1999 vitaret;
2986 1933 3081 1986 sed
3142 1948 3250 1997 me,
3303 1934 3462 1998 dixit,

1889 2021 2160 2076 hominem
2207 2021 2430 2088 factum,
2457 2024 2510 2076 in
2550 2024 2736 2079 habitu
2776 2024 2918 2078 servi
2950 2036 3323 2094 apparentem.
3356 2025 3464 2079 Ne-

1891 2128 1995 2181 qne
2021 2127 2152 2168 vero
2188 2113 2255 2168 de
2301 2113 2588 2170 Pharisaeis
2616 2125 2671 2170 et
2717 2115 2926 2170 Scribis
2977 2117 3200 2186 inquirit
3229 2135 3265 2171 ε’
3293 2117 3461 2183 Quem

1872 2222 1976 2278 ⁵ιιιει
2015 2206 2205 2259 dicunt
2259 2204 2484 2271 Scribte,
2542 2215 2598 2260 et
2659 2207 2934 2276 principes
2991 2205 3212 2275 populi?
3261 2208 3467 2262 sciebat

1889 2289 2031 2342 enim
2063 2298 2300 2356 quantus
2331 2289 2438 2341 illis
2469 2287 2676 2342 oliustts
2711 2297 2855 2342 esset
2877 2288 3092 2342 invidiae
3127 2287 3338 2354 fumus;
3369 2291 3464 2343 sed

1888 2381 1954 2434 de
1989 2380 2180 2449 populo
2209 2381 2445 2434 versutie
2473 2394 2536 2434 ac
2567 2381 2769 2434 malitia
2805 2395 2998 2434 Vacuo.
3035 2380 3184 2435 Unde
3215 2381 3462 2449 discipuli

1888 2488 2011 2528 cum
2049 2474 2209 2541 plane
2241 2474 2444 2527 scirent
2475 2472 2790 2527 diﬂerentes
2836 2474 2902 2526 de
2930 2487 2994 2528 eo
3032 2473 3213 2541 populi
3248 2472 3463 2541 opinio-

1890 2579 2008 2628 nes,
2045 2565 2444 2633 responderunt
2473 2580 2488 2617 :
2533 2583 2550 2616 ι
2591 2565 2693 2618 Alii
2725 2564 2985 2619 Joannem
3017 2563 3341 2632 Baptistatn,
3375 2562 3463 2616 alii

1890 2671 2019 2709 vero
2062 2655 2232 2708 Eliam
2275 2667 2369 2709 ant
2411 2671 2576 2710 unum
2610 2672 2674 2709 ex
2704 2657 3000 2725 prOphetis.
3040 2675 3058 2708 ι
3095 2657 3234 2723 Quid
3283 2666 3461 2710 autem

1892 2748 2149 2819 populum
2190 2747 2242 2800 in
2297 2762 2390 2802 eas
2435 2749 2500 2802 de
2545 2747 2764 2802 Christo
2808 2750 3089 2818 opiniones
3140 2748 3464 2803 induxerat!

1888 2840 1969 2893 An
1997 2840 2324 2909 ignorabant
2350 2839 2522 2893 Eliam
2551 2840 2765 2910 quidem
2799 2840 3075 2894 ﬂammato
3102 2855 3270 2893 curru
3296 2839 3461 2894 veluti

1890 2943 2195 3000 correptum
2257 2935 2308 2986 in
2341 2933 2540 2986 caelum
2593 2932 2728 3002 (65),
2777 2941 2830 2986 et
2878 2934 3161 3000 ignem-um
3201 2946 3464 3001 equorum

1889 3023 2148 3093 quadriga
2180 3025 2500 3079 subvectum
2532 3025 2620 3077 “?
2646 3022 2912 3078 Joannem
2938 3038 3065 3078 vero
3097 3039 3194 3093 per
3219 3025 3466 3078 occasio-

211 3122 298 3183 εἰς
323 3121 586 3191 οὐρανοὺς
619 3119 953 3189 ἀνηρείψατο
975 3122 1009 3192 ἡ
1035 3119 1146 3174 τῶν
1192 3121 1476 3192 φλογερῶν
1522 3122 1787 3192 ἁρμάτων

1893 3130 2015 3170 nem
2056 3115 2310 3169 adulterii
2347 3114 2576 3170 Herodis
2607 3126 2657 3168 et
2701 3115 2912 3169 lasciva:
2941 3116 3129 3180 puella:
3173 3115 3466 3183 perniciter

211 3213 489 3278 ὲπίὸασις,
522 3213 672 3284 καὶὴ
702 3213 1003 3282 τέθριππος
1035 3212 1144 3266 τῶν
1181 3213 1426 3283 πυρίνων
1446 3213 1628 3266 ἵππων
1663 3213 1787 3266 ἐπί-

213 3303 428 3370 ζευξιςς
495 3304 752 3374 Ἰωάννην
801 3305 859 3358 δὲ
916 3303 1281 3373 ἐπεφονεύκει
1317 3307 1350 3374 ἡ
1401 3308 1502 3373 τῆς
1547 3305 1787 3375 Ἡρώδου

218 3397 468 3466 μοιχείας
513 3396 774 3458 ὑπόθεσις
816 3395 912 3450 καὶ
965 3397 1065 3464 τῆς
1101 3397 1477 3464 ποδοστρόφου
1516 3397 1789 3465 μαχλάδος

213 3490 253 3559 ἡ
284 3489 561 3559 ,ὄρχησιςς
623 3488 896 3558 Ἱερεμίας
947 3489 1006 3541 δὲ
1049 3489 1221 3552 λίθοις
1255 3488 1624 3550 ἀποκτανθεὶς
1668 3490 1788 3541 ἐτε-

210 3581 436 3644 λείωτος
473 3580 615 3632 Ἀλλ’
640 3581 830 3651 ἐπειδὴ
860 3582 1103 3650 Μωῦσῆς
1135 3582 1234 3648 μὲν
1264 3581 1394 3651 περὶ
1417 3580 1515 3648 τῆς
1541 3580 1784 3634 ἀναστά-

214 3690 360 3736 σεως
416 3673 571 3726 οὐδέν
643 3691 696 3727 τι
754 3674 1298 3744 ἀνακεκαλυμμένως
1372 3673 1736 3742 ἐνομοθέτησε
1768 3689 1783 3704 ο

211 3765 432 3834 πρῶτος
482 3766 539 3818 δὲ
591 3765 758 3819 Δαόὶδ
794 3765 966 3819 είπὼν
1004 3767 1133 3836 περὶ
1170 3766 1554 3828 ἀναστάσεως.
1597 3766 1660 3818 οὐ
1689 3783 1789 3837 τη-

210 3859 435 3925 λαυγῶς
463 3858 636 3923 ἔδειξε
663 3860 723 3913 τὸ
757 3860 1057 3930 μυστήριον
1077 3876 1090 3889 υ
1115 3861 1164 3912 oi
1207 3859 1485 3929 προφῆται
1540 3858 1598 3911 δὲ
1649 3876 1785 3913 σπο-

215 3949 387 4021 ράδην
437 3951 709 4021 ἐνέφηναν
754 3951 1173 4020 αἰνιγματωδῶς
1203 3951 1304 4020 τὴν
1338 3951 1657 4013 ἀνάστασιν,
1697 3951 1786 4004 διὰ

212 4039 372 4093 τοῦτο
421 4040 700 4110 διαφόροις
754 4040 935 4105 δόξαις
985 4041 1081 4095 καὶ
1131 4042 1518 4110 πλανωμέναις
1563 4042 1788 4094 ἐταλαν-

211 4130 457 4186 τεύοντο.
490 4133 682 4203 ¹Ἰιὶοντο
709 4131 817 4202 γὰρ
841 4135 900 4185 ἐν
933 4133 1011 4200 τῷ
1044 4134 1274 4203 παρόντι
1307 4133 1409 4204 βίῳ
1439 4132 1786 4203 ἐνεργεῖσθαι

212 4223 317 4291 τὴν
349 4221 456 4275 τῶν
487 4223 699 4292 νεκρῶν
752 4222 1074 4277 ἀναϐίωσιν.
1136 4225 1245 4277 Καὶ
1284 4227 1425 4294 τάχα
1481 4224 1686 4289 ταύτης
1717 4222 1787 4296 ἦν

213 4313 319 4380 τῆς
349 4315 506 4384 δόξης
566 4316 664 4369 καὶ
693 4318 719 4368 ὁ
749 4316 1059 4386 τετράρχης
1094 4313 1362 4386 Ἡρώδης,
1386 4317 1444 4379 ὃς
1472 4316 1786 4382 ἐνωτισθεὶς
1810 4350 1823 4364 ο

209 4405 312 4458 τοῦ
335 4405 542 4476 Κυρίου
572 4406 642 4458 τὰ
676 4405 954 4475 θαύματα,
991 4403 1131 4475 ᾤετο
1155 4405 1786 4461 ἀναόεόιωκέναιΊωάν-

210 4515 318 4567 νην
371 4499 464 4551 τὸν
512 4498 848 4567 Βαπτιστήν.
896 4497 988 4550 Διὸ
1032 4499 1127 4550 καὶ
1177 4497 1404 4565 ἔλεγεν·
1461 4516 1479 4548 ι
1541 4500 1638 4553 ’ον
1674 4500 1786 4568 ἐγὼ

209 4590 601 4658 ἀπεκεφάλισα
617 4589 892 4660 Ἰωάννην,
913 4588 1073 4650 αὐτὸς
1091 4589 1391 4658 ἐγήγερται
1421 4590 1486 4642 ἐκ
1512 4590 1779 4659 νεκρῶν.»

225 4680 328 4731 Ἐκ
381 4679 588 4748 ταύτης
619 4678 714 4732 οὖν
750 4680 846 4746 τῆς
880 4677 1246 4748 προφάσεως,
1301 4677 1351 4730 οί
1387 4677 1488 4746 μὲν
1531 4679 1788 4749 Ἰωάννην

208 4771 380 4825 αὑτὸν
430 4767 572 4824 εἶναι
635 4767 898 4833 εἴκαζον,
937 4771 985 4821 oi
1039 4769 1096 4820 δὲ
1141 4769 1447 4838 Ἰερεμίαν,
1504 4770 1598 4822 καὶ
1638 4770 1788 4825 ἄλλοι

220 4861 435 4914 Ἠλίαν.
473 4864 636 4933 Φήμη
672 4863 781 4932 γὰρ
819 4861 1139 4931 ἐπεκράτει,
1175 4861 1246 4924 ὡς
1279 4861 1400 4931 ἥξει
1427 4861 1587 4914 πάλιν
1605 4863 1789 4928 Ἠλίας

207 4956 310 5008 ἐπὶ
336 4957 438 5025 τῆς
472 4957 599 5026 γῆς.
639 4953 986 5023 Ἐλεγκτικδν
1024 4951 1118 5006 οὖν
1156 4953 1394 5022 ὁρῶντες
1425 4953 1516 5005 τὸν
1555 4953 1830 5027 Κύριονηλ

204 5046 640 5116 ἐπιστομίζοντα
695 5046 834 5116 μετὰ
920 5045 1231 5116 παρρησίας
1279 5045 1408 5106 τοὺς
1457 5045 1788 5115 Φαρισαίους

1891 3209 2138 3263 saltantis
2168 3207 2459 3262 occisum?
2493 3206 2784 3262 Jeremiam
2819 3221 2948 3262 vero
3004 3207 3272 3274 lapidibus
3309 3221 3467 3262 exse-

1888 3311 2036 3356 ctum
2062 3310 2224 3371 atque
2277 3299 2758 3356 consummatum?
2801 3304 2892 3354 sed
2937 3300 3193 3369 quoniam
3251 3299 3462 3370 Moyses

1889 3400 2110 3468 quidem
2183 3399 2252 3451 de
2315 3398 2716 3452 resurrectione
2766 3396 2898 3451 nihil
2938 3398 2992 3450 in
3036 3398 3153 3466 lege
3209 3398 3463 3462 dixerat;

1888 3491 2096 3561 primus
2146 3506 2284 3544 vero,
2306 3489 2470 3544 David
2496 3490 2562 3545 de
2595 3492 2993 3545 resurrectione
3017 3490 3226 3544 locutus
3254 3490 3415 3559 373
3441 3530 3457 3554 ,

1888 3599 1994 3638 non
2023 3590 2203 3637 tamen
2235 3590 2420 3649 aperte
2451 3582 2766 3652 mysterium
2813 3583 3150 3652 explicarat;
3185 3582 3464 3651 prephette

1887 3693 2019 3733 vero
2105 3677 2340 3746 sparsim
2391 3687 2440 3731 et
2506 3691 2600 3746 per
2654 3677 2941 3745 aenigmata
2996 3674 3460 3730 resurrectionem

1888 3772 2282 3843 signillcaraut,
2329 3769 2449 3824 ideo
2497 3769 2729 3825 diversis
2765 3767 3070 3823 errantibus
3117 3768 3462 3836 opinionibus

1887 3863 2167 3932 su5pensis
2204 3862 2544 3915 tenebantur.
2579 3861 2790 3916 Etenim
2835 3861 2886 3914 in
2919 3861 3016 3913 hac
3048 3859 3156 3912 vita
3203 3867 3464 3925 praesente

1887 3953 2341 4008 resurrectionem
2371 3952 2649 4006 hominum
2673 3951 3032 4019 peragendam
3057 3948 3460 4002 existimabant.

1888 4044 1954 4099 Et
1975 4044 2225 4099 fortassis
2249 4043 2303 4097 in
2325 4041 2428 4096 hac
2455 4051 2575 4098 erat
2605 4041 2857 4110 opinione
2887 4039 3129 4095 Herodes
3165 4040 3461 4101 tetrarcha,

1891 4136 2008 4206 qui,
2041 4135 2253 4190 Domini
2291 4134 2488 4188 auditis
2535 4131 2834 4196 miraculis,
2861 4129 3124 4186 Joannem
3158 4131 3455 4199 Baptistam

1892 4229 2258 4285 resurrexisse
2301 4227 2597 4291 censebat;
2629 4226 2771 4279 unde
2814 4224 3071 4280 dicebat:
3113 4241 3130 4274 ι
3163 4223 3330 4287 Quem
3363 4235 3462 4289 ego

1890 4321 2146 4378 decollari
2172 4319 2434 4375 Joannem
2467 4319 2581 4389 ipse
2611 4317 2849 4370 surrexit
2887 4331 2915 4370 a
2951 4314 3181 4369 mortuis
3212 4314 3280 4368 ’⁸.
3323 4331 3340 4364 ›
3381 4311 3460 4365 Es

1891 4415 1994 4468 hac
2017 4413 2178 4482 igitur
2201 4427 2377 4466 causae
2401 4409 2579 4480 specie
2602 4408 2690 4462 alii
2718 4406 3006 4471 Joannem,
3034 4406 3122 4461 alii
3144 4404 3458 4466 Jeremiam,

1892 4504 1979 4558 alii
2012 4501 2184 4556 Ellam
2218 4499 2505 4555 Dominum
2545 4512 2668 4554 esse
2685 4499 3124 4568 suspicabantur.
3155 4495 3275 4550 Jain
3313 4494 3457 4547 enim

1891 4595 2197 4651 obtinuerat
2249 4594 2392 4649 fama
2433 4602 2721 4650 venturum
2759 4607 2948 4647 rursus
2982 4591 3036 4645 in
3061 4599 3235 4644 terras
3259 4586 3458 4640 Eliam.

1891 4686 2024 4740 Cum
2058 4687 2218 4755 igitur
2261 4685 2544 4739 Dominum
2597 4683 2974 4752 castigatorem
3023 4694 3142 4736 esse
3189 4677 3458 4741 viderent.

1890 4790 2192 4845 magnaque
2246 4790 2368 4830 cum
2442 4775 2692 4842 libertate
2747 4772 3049 4826 Pharisaeos
3130 4767 3459 4836 Seribasque

1888 4867 2323 4936 redarguentem,
2343 4865 2513 4920 Eliam
2528 4867 2674 4920 illum
2699 4879 2818 4919 esse
2839 4863 3020 4916 animo
3041 4876 3138 4915 suo
3166 4861 3457 4929 ﬁngebant.

1887 4956 1989 5010 Alii
2023 4971 2149 5012 vero
2191 4957 2508 5026 sapientiam
2542 4956 2608 5008 ab
2641 4955 2758 5024 ipso
2806 4952 2924 5021 ejus
2975 4951 3188 5019 ingenio
3231 4963 3336 5003 non
3388 4947 3460 5000 ab

1891 5048 1993 5102 ulla
2013 5049 2293 5118 disciplina
2318 5047 2617 5118 profectam
2642 5053 2954 5114 reputantes
2971 5041 3464 5112 obstupescebant;

3347 5131 3362 5152 Ι

283 5188 330 5220 ’³
363 5187 518 5243 Joan.
549 5202 626 5256 Ix,
663 5185 754 5239 27.
830 5183 876 5216 ³⁵
903 5183 968 5238 IV
1003 5183 1135 5252 Reg.
1173 5199 1230 5247 ιι,
1268 5182 1355 5236 12.
1432 5182 1480 5213 ⁸⁸
1507 5180 1675 5237 Marc.
1711 5200 1787 5248 vr,
1822 5184 1910 5239 16.

1441 5296 1761 5360 Francisci
1795 5299 2010 5363 Scorsi
2043 5309 2231 5362 notae.

285 5429 397 5494 (δι)
432 5428 549 5481 Alia
599 5428 843 5483 Caesarea
878 5421 1170 5494 Stratonis.
1217 5417 1456 5494 Ioseph.
1498 5421 1590 5476 lib.
1640 5439 1657 5477 ι
1708 5424 1782 5479 De

201 5489 350 5555 bello
381 5489 627 5561 Judairo,
659 5512 778 5564 cap.
818 5495 906 5556 16,
936 5503 990 5548 et
1016 5491 1109 5546 lib.
1143 5505 1210 5542 ιν
1240 5489 1500 5558 Antiquit.
1541 5507 1660 5563 cap.
1691 5495 1779 5562 15,

198 5583 264 5627 et
300 5569 615 5638 llieronym.
657 5568 769 5638 hoc,
795 5569 929 5638 loco.

1891 5425 2048 5481 llont.
2088 5426 2283 5494 Odyss.
2320 5424 2389 5490 ζ’.
2422 5426 2555 5482 Vide
2586 5427 2947 5482 Eustathium.
2974 5427 3265 5480 Dednctmn
3301 5431 3385 5478 est
3418 5438 3463 5475 aut

1885 5499 2050 5550 verbo
2111 5497 2473 5566 ἀνερείπτειν.
2546 5498 2722 5567 Etytn.
2782 5515 2920 5565 rnag.
2967 5499 3110 5550 ἐστὶν
3139 5495 3274 5567 γάρα
3319 5495 3458 5567 ἡγῇ

1882 5567 1948 5620 ὲκ
1982 5567 2174 5649 τούτου
2203 5569 2414 5649 γίνεται
2434 5565 2646 5646 ἐρέπτω
2665 5568 2727 5648 es
2751 5568 2961 5649 eigjﬁv
2981 5565 3332 5649 καταϐάλλω-,1
3352 5565 3454 5649 καὶ

283 5638 398 5709 (65)
423 5631 733 5710 Ποῖτεμιιιηι
758 5637 809 5687 in
833 5633 1042 5710 calum.
1068 5631 1240 5710 Ornat
1268 5642 1320 5685 et
1347 5639 1504 5710 auget
1529 5632 1633 5686 hoc
1661 5633 1780 5688 loco

1890 5639 1972 5710 iws
1985 5639 2186 5710 ρέπτω,
2215 5631 2225 5634 ⁷
2252 5638 2346 5710 καὶ
2365 5707 2377 5710 _
2396 5631 2717 5710 πλεονασμῴ
2761 5631 2879 5710 τοῖν
2904 5631 3236 5710 άνερείπτει.
3292 5633 3461 5692 Unde

199 5705 387 5763 sacer
408 5717 594 5784 orator
622 5707 784 5784 verbo
815 5705 1024 5784 poetico
1045 5705 1528 5784 orati0ttein,"dutn
1563 5711 1776 5771 raptum

1890 5705 2240 5780 Ξινηρείψαντο
2273 5709 2321 5761 οἱ
2358 5707 2471 5761 θεοὶ
2494 5708 2602 5761 άπδ
2635 5705 2732 5778 τῆς
2767 5709 2871 5778 γῆς
2907 5705 3258 5784 ἀνήρπασαν.

199 5780 344 5835 Elite
379 5779 432 5833 in
463 5777 664 5834 cmlum
706 5769 994 5844 ritu'plane
1024 5769 1236 5842 poetico
1269 5771 1520 5843 esplicat,
1555 5769 1774 5829 eo‘usus
