3934 6222
207 272 303 335 965

1565 263 1902 327 HOMILIA
1955 267 2070 328 LV.

3354 272 3459 338 966

204 385 235 436 ὁ
263 381 459 451 Πέτρος
487 379 818 433 καθίσταται
847 395 865 446 ;
897 377 1051 446 Θύρα
1075 379 1176 450 μὲν
1205 377 1371 442 αὑτός
1401 379 1549 433 ἐστιν
1572 380 1600 432 ὁ
1635 381 1770 451 Χρι-

1880 380 2042 435 Porta
2086 379 2199 434 haec
2226 377 2480 434 Christus
2519 387 2602 434 est
2631 377 2746 451 (76)
2776 377 2892 450 ipse
2935 379 3029 450 qui
3061 381 3240 437 dixit:
3276 401 3297 436 ι
3345 386 3456 456 Ego

209 475 344 542 στὺς,
389 476 418 527 δ
467 471 676 526 εἰπών·
716 491 734 524 ι
773 471 919 542 Ἐγὼ
975 473 1094 544 είμι
1152 473 1186 545 ἡ
1239 471 1420 544 θύρα·
1465 491 1484 524 ›
1544 473 1690 536 κλεῖς
1716 472 1773 526 δὲ

205 567 396 637 ταύτης
451 564 552 635 τῆς
599 565 771 636 θύρας
800 567 834 634 ή
865 565 1074 630 πίστις,
1103 567 1170 637 ἣν
1237 565 1537 635 ἐγχειρίζει
1577 563 1654 634 τῷ
1683 581 1775 618 κο⁸

209 658 410 730 ρυφαίῳ
440 657 474 709 δ
520 656 729 727 Κύριος
753 672 767 687 ο
801 657 897 710 καὶ
942 658 1087 728 τάχα
1143 655 1322 728 τούτῳ
1356 659 1436 727 τῷ
1465 655 1706 726 κλείθρῳ
1740 658 1773 728 ή

203 749 576 821 ᾀσματίζουσα
626 747 816 817 νύμφη
888 748 1153 820 διήνοιγε,
1202 748 1444 802 ποθοῦσα
1491 749 1582 801 τὸν
1607 748 1776 801 καλὸν

200 839 514 910 ἀδελφιδοῦν
576 840 967 906 ὑποδέξασθαι,
1019 841 1192 911 ταύτη
1243 858 1329 894 τοι
1396 841 1492 894 καὶ
1545 840 1772 909 ἔλεγεν·

207 954 232 986 ι
276 933 388 986 Ἐπὶ
441 932 635 1004 θύραις
690 933 785 985 τοῦ
822 933 1076 1004 κλείθρου
1135 933 1322 1003 ἧνοιξα
1367 931 1481 1001 ἐγὼ
1507 932 1586 1002 τῷ
1618 932 1774 987 ἁδελ-

200 1025 334 1096 φιδῷ
365 1043 488 1096 μου.
522 1044 541 1077 ι
573 1025 802 1078 Δίδωσιν
828 1021 923 1079 οὖν
977 1026 1166 1096 Πέτρῳ
1211 1026 1307 1079 καὶ
1335 1030 1448 1088 τοῖς
1479 1026 1601 1078 κατ’
1635 1026 1776 1077 ἐκεῖ·

197 1136 288 1172 νον
323 1117 418 1179 τὰς
451 1117 620 1182 κλεῖς,
677 1117 753 1180 ὡς
797 1119 864 1170 ἂν
909 1119 1009 1187 μὲν
1033 1121 1148 1181 τοῖς
1186 1119 1486 1188 αἱρετικοῖς
1508 1118 1711 1181 ἄϐατος
1740 1118 1775 1186 ἡ

198 1210 331 1281 θύρα
370 1212 453 1279 εἴη
506 1211 605 1279 τῆς
639 1209 748 1262 τῶν
801 1211 1050 1280 οὐρανῶν
1097 1209 1405 1281 βασιλείας,
1433 1211 1532 1265 καὶ
1579 1213 1774 1279 άδυτος

194 1305 304 1365 τοῖς
341 1302 392 1354 δὲ
430 1303 647 1364 πιστοῖς
674 1301 1024 1364 εὐεπίϐατος,
1060 1302 1135 1364 ὡς
1169 1301 1524 1371 βεϐαιοῦσθαι
1554 1304 1652 1375 τὴν
1678 1305 1772 1360 τοῦ

200 1396 399 1465 Κυρίου
435 1396 736 1462 ἀπόφασιν.
789 1414 807 1447 ι
849 1396 1024 1458 Etet;
1068 1395 1128 1449 ού
1173 1396 1412 1468 γεννηθῇ
1453 1397 1521 1450 δι’
1557 1399 1772 1464 ὓδατος.

196 1489 296 1542 καὶ
322 1489 660 1559 Πνεύματος,
719 1489 781 1540 οὐ
820 1488 898 1559 μὴ
945 1491 1167 1561 είσέλθη
1223 1493 1305 1556 είς
1339 1493 1438 1564 τὴν
1489 1493 1774 1565 βασιλείαν

194 1583 304 1634 τῶν
334 1583 599 1651 οὐρανῶν.
638 1603 658 1635 ι
694 1587 754 1638 Oi
779 1587 877 1654 μὲν
902 1583 996 1641 οὖν
1022 1589 1256 1643 ἐναντίοι
1287 1591 1387 1661 τῆς
1409 1591 1651 1656 πίστεως
1679 1593 1774 1645 καὶ

197 1675 450 1743 πολέμιοι
482 1675 650 1729 πύλαι
708 1677 839 1748 ᾅδου
898 1679 1235 1750 ἐκλήθησαν,
1296 1684 1324 1734 ὁ
1374 1682 1431 1736 δὲ
1491 1684 1772 1754 Δεσπότης

1877 486 1998 526 sum
2033 471 2231 527 ostium
2251 471 2334 536 ³⁰;
2371 488 2390 522 ι
2449 470 2567 540 ejus
2593 485 2721 526 vero
2753 472 2921 528 clavis
2963 483 3049 528 est
3079 472 3247 544 ﬁdes,
3294 491 3457 548 quam

1880 561 2138 618 Dominus
2189 561 2580 634 discipulorum
2643 564 2935 633 coryphaeo
2999 568 3313 622 committit.
3394 568 3462 623 Et

1877 650 2127 708 fortassis
2167 655 2268 709 hoc
2304 655 2574 723 pessulum
2615 657 2831 726 aperuit
2873 658 3084 716 cantrix
3124 674 3324 728 sponsa
3375 663 3462 715 di-

1878 742 2074 797 lectum
2129 759 2286 798 suum
2344 746 2630 814 pulchrum
2691 748 2943 815 excipere
2993 750 3239 818 cupiens,
3297 763 3461 820 atque

1879 835 2040 887 verba
2085 834 2396 900 hujusmodi
2439 835 2702 890 dicebat:
2738 854 2758 887 t
2791 835 3076 892 Pessulum
3103 841 3232 894 ostii
3273 842 3463 910 aperui

1873 940 1977 994 ego
2003 926 2202 980 dilecto
2231 941 2372 987 meo,
2401 946 2420 978 ›
2449 929 2546 982 Dat
2571 929 2735 996 igitur
2757 929 2940 994 Petro,
2974 941 3030 984 et
3054 934 3462 989 successoribus

1874 1017 2000 1085 ejus
2043 1016 2158 1086 ΠΤ)
2191 1017 2389 1085 claves,
2428 1029 2487 1072 ut
2541 1020 2815 1075 haereticis
2849 1021 3066 1089 quidem
3095 1023 3355 1091 impervia
3407 1034 3463 1080 et

1885 1109 2313 1179 impenetrabilis
2363 1111 2434 1164 sit
2462 1109 2626 1177 janua
2665 1115 2816 1182 regni
2874 1113 3160 1168 ctelestis:
3214 1115 3462 1171 ﬁdelibus

1875 1213 2005 1253 vero
2037 1202 2102 1253 ad
2137 1215 2256 1254 eam
2301 1210 2485 1270 pateat
2532 1202 2747 1268 aditus;
2796 1213 2960 1272 atque
2989 1204 3063 1257 ita
3119 1204 3209 1258 illa
3249 1205 3464 1261 Domini

1874 1291 2040 1363 376
2063 1295 2328 1348 sententia
2368 1293 2520 1346 ﬁrma
2559 1295 2916 1364 permaneat?
2963 1313 2982 1347 ι
3028 1295 3144 1350 Nisi
3200 1297 3325 1367 quis
3380 1312 3467 1353 re-

1877 1397 2036 1440 natus
2063 1385 2226 1442 fuerit
2253 1401 2317 1440 ex
2347 1401 2487 1456 aqua
2519 1397 2572 1443 et
2601 1387 2808 1457 Spiritu
2844 1399 3057 1452 sancto,
3099 1406 3205 1444 non
3237 1392 3464 1446 intrabit

1879 1476 1932 1531 in
1964 1494 2191 1549 regnum
2227 1481 2575 1536 calorum“.
2604 1500 2624 1533 ι
2659 1481 2826 1552 Igitur
2862 1482 3160 1537 adversarii
3189 1493 3244 1539 et
3281 1483 3464 1538 hostes

1877 1572 1998 1626 ﬁdei
2045 1587 2215 1643 portae
2264 1575 2423 1629 inferi
2472 1576 2725 1646 appellati
2767 1587 2914 1630 sunt.
2968 1578 3228 1632 Dominus
3285 1584 3462 1634 autem

1877 1666 2219 1731 Emmanuel,
2275 1669 2478 1722 ostium
2525 1677 2580 1721 et
2604 1679 2759 1737 porta
2815 1671 2965 1739 regni
2999 1673 3284 1735 caelorum;
3321 1671 3466 1724 unde

207 1766 573 1838 Ἐμμανουήλ,
608 1742 746 1840 θύρα
779 1771 874 1822 καὶ
921 1742 1062 1840 πύλη
1093 1742 1202 1841 τῆς
1223 1742 1504 1843 βασιλείας
1537 1775 1644 1827 τῶν
1680 1742 1770 1828 ob:

1880 1759 2215 1827 adhortando
2250 1775 2440 1814 omnes
2489 1760 2690 1813 clamat
2733 1776 2748 1814 :
2792 1779 2810 1812 ι
2851 1761 2954 1817 Per
3008 1777 3095 1817 me
3147 1764 3190 1818 si
3227 1764 3348 1833 quis
3383 1763 3466 1817 in-

198 1855 387 1926 ραιῶν.
422 1859 516 1911 Διὸ
550 1860 644 1912 καὶ¹
696 1861 1089 1932 προτροπάδην
1127 1864 1265 1916 πᾶσι
1298 1863 1397 1934 βοᾷ
1423 1881 1434 1893 ·
1469 1883 1489 1915 r
1520 1863 1600 1917 At’
1632 1866 1766 1934 ἐμοῦ

193 1952 287 2005 ἐάν
308 1969 388 2012 τις
445 1951 702 2014 εἰσέλθοι,
730 1953 1060 2023 σωθήσεται,
1099 1973 1118 2006 ι
1147 1955 1264 2020 καὶ,
1301 1975 1320 2008 t
1361 1957 1651 2010 Είσὲλθετε
1680 1958 1770 2012 διὰ

189 2048 287 2113 τῆς
308 2045 497 2114 στενῆς
520 2044 717 2118 πύλης,
747 2065 764 2099 ι
791 2047 888 2110 τὰς
911 2047 1178 2112 πλατείας
1197 2049 1291 2103 καὶ
1314 2050 1391 2112 είς
1417 2050 1544 2121 ᾅδου
1571 2051 1771 2122 φερού-

191 2153 295 2200 σας
325 2137 698 2202 ἐκκλίναντες.

265 2227 401 2280 Ἀλλ’
440 2229 490 2280 oi
523 2229 622 2298 τῆς
662 2228 982 2298 Ἑλληνικῆς
1031 2230 1252 2293 ἀπάτης
1309 2232 1408 2302 τὴν
1444 2231 1624 2303 τρύγα
1675 2234 1768 2304 ερ-

193 2320 516 2389 ροφηκότες,
572 2321 668 2372 καὶ
731 2321 874 2376 κατὰ
929 2323 1032 2392 τῆς
1097 2324 1288 2392 ὑγιοῦς
1335 2323 1495 2396 ἡμῶν
1523 2324 1767 2390 πίστεως

188 2411 388 2474 πολλάς
424 2413 765 2483 δυσφημίας,
820 2414 896 2478 ὥς
925 2433 1049 2468 τινα
1095 2416 1362 2486 βόρόορον
1382 2417 1766 2488 ὲρευξάμενοι,

188 2507 328 2574 πρδς
357 2506 466 2568 τοῖς
498 2505 682 2568 ἄλλοις
734 2505 1021 2576 ληρήμασι
1080 2505 1175 2559 καὶ
1203 2507 1364 2560 τοῦτο
1395 2509 1572 2560 είπεῖν
1605 2509 1766 2579 ἐθρα-

197 2594 496 2667 σύνθησαν,
531 2599 650 2660 πῶς
702 2600 731 2652 ὁ
773 2600 982 2669 Πέτρος
1028 2599 1282 2666 ἀξιωθεὶς
1310 2603 1556 2654 τοιούτου
1600 2620 1751 2672 μακα

190 2689 415 2758 ρισμοῦ,
447 2691 542 2742 καὶ
578 2690 958 2760 μαρτυρηθεὶς
991 2691 1096 2744 ὑπὸ
1122 2691 1300 2762 Ἰησοῦ
1337 2695 1401 2747 ἐκ
1432 2694 1530 2748 τοῦ
1560 2696 1771 2766 Πατρὺς

185 2781 436 2850 δεδέχθαι
469 2782 570 2850 τὴν
633 2782 1007 2852 ἀποκάλυψιν,
1040 2784 1133 2836 καὶ
1187 2785 1288 2847 τὰς
1319 2785 1470 2850 κλεῖς
1529 2787 1772 2855 είληφὼς

186 2874 294 2942 τῆς
330 2874 609 2942 βασιλείας
666 2875 776 2927 τῶν
805 2875 1054 2946 οὐρανῶν
1078 2917 1092 2941 ,
1125 2876 1266 2929 κατὰ
1300 2877 1390 2930 τὸν
1427 2878 1523 2932 τοῦ
1556 2879 1771 2943 Πάθους

183 2965 383 3034 καιρὸν
408 2967 591 3035 τρίτον
617 2967 893 3038 ἠρνήσατο
914 2967 1007 3019 τὸν
1025 2967 1377 3032 διδάσκαλον,
1403 2971 1619 3042 φαύλης
1644 2990 1772 3026 παι-

1878 1853 2115 1918 troierit,
2148 1852 2541 1918 salvahitur",
2574 1871 2593 1904 ι
2629 1862 2682 1908 et
2713 1870 2725 1905 :
2767 1871 2787 1904 ι
2815 1853 3014 1908 lntrate
3061 1870 3157 1924 per
3183 1866 3464 1923 angustam

1876 1938 2184 2016 portam";
2223 1963 2242 1997 ι
2280 1945 2416 2001 latas
2451 1945 2571 2002 illas
2602 1960 2830 2016 qumque
2884 1947 2951 2001 ad
2999 1944 3207 2002 inferos
3235 1947 3462 2011 ducunt,

1876 2041 2231 2098 declinantes.

1955 2223 2153 2279 Verum
2186 2225 2279 2294 qui
2311 2223 2626 2280 Graecorum
2656 2240 2874 2280 errores
2906 2226 3076 2279 instar
3100 2225 3250 2279 {:ecis
3272 2226 3466 2280 absor-

1877 2319 2078 2382 bucrc,
2140 2329 2196 2373 ct
2258 2330 2447 2374 contra
2501 2334 2694 2374 sanam
2756 2345 2763 2353 υ
2827 2331 2995 2375 stram
3056 2320 3212 2375 ﬁdem
3269 2320 3466 2376 multas

1881 2411 2249 2483 blasphetnias
2274 2451 2289 2477 ,
2327 2411 2479 2480 quasi
2524 2422 2747 2467 'cwnum
2783 2421 3066 2478 eructant;
3099 2415 3311 2468 cmteris
3367 2413 3466 2467 de-

1883 2504 2186 2559 liramentis
2211 2506 2314 2558 hoc
2334 2505 2500 2559 etiam
2521 2504 2635 2558 ausi
2656 2513 2784 2559 sunt
2809 2505 3027 2568 addere,
3057 2505 3324 2574 quomodo
3376 2505 3468 2562 Pe-

1881 2608 1996 2654 trus
2025 2613 2091 2654 eo
2141 2599 2422 2669 dignitatis
2481 2608 2726 2665 evectus,
2765 2607 2824 2653 ut
2860 2609 2914 2654 et
2945 2597 3071 2654 Jesu
3106 2615 3236 2655 voce
3277 2601 3464 2655 beatus

1880 2691 2288 2762 praedicaretur,
2317 2700 2372 2746 et
2392 2690 2632 2760 ejusdem
2659 2693 2967 2746 testimonio
3012 2707 3040 2746 a
3065 2691 3224 2747 Patre
3257 2694 3466 2749 revela-

1881 2783 2084 2838 tionem
2113 2783 2371 2839 habuisse
2403 2785 2696 2848 diceretur,
2733 2793 2787 2838 et
2829 2785 3008 2838 claves
3041 2784 3190 2852 regni
3223 2785 3464 2842 caelestis

1879 2877 2170 2946 acciperet,
2199 2876 2479 2934 Passionis
2507 2884 2753 2945 tempore
2789 2884 2872 2931 ter
2897 2877 3114 2944 negavit
3144 2875 3464 2946 magistrum

1880 2982 2079 3030 suum,
2131 2969 2284 3038 quasi
2335 2967 2605 3038 pucllulus
2665 2969 2796 3023 levis
2850 2967 3132 3037 cujusdam
3196 2969 3466 3023 ancillula:

182 3057 380 3129 δίσκης
401 3057 592 3110 τοῦτον
613 3058 1058 3128 μορμολυξάσης,
1083 3059 1157 3124 ὡς
1186 3060 1510 3132 βρεφύλλιον
1536 3081 1551 3128 ;
1584 3064 1770 3119 Ταῦτά

1881 3062 2025 3115 larva
2075 3061 2546 3131 perterrefactud?
2577 3060 2703 3117 Hazc
2747 3062 2976 3126 dicunt,
3032 3061 3122 3130 qui
3177 3063 3464 3116 veritatem

185 3166 359 3218 φασιν
392 3151 444 3202 οἱ
478 3154 545 3220 τῇ
576 3151 809 3222 ἀληθείᾳ
844 3153 1182 3223 μαχόμενοι·
1205 3153 1323 3208 ἀλλ’
1354 3156 1517 3225 ἡμεῖς
1539 3157 1613 3220 ὡς
1636 3158 1768 3229 βέλη

183 3242 402 3310 νηπίων
427 3244 528 3305 τάς
580 3243 839 3308 τοιαύτας
885 3245 1105 3315 πληγὰς
1153 3247 1263 3299 τῶν
1290 3249 1552 3301 ἐναντίων
1594 3251 1768 3321 ἡγοῦ-

187 3351 365 3404 μενοι,
425 3334 570 3387 οὓτω
624 3337 830 3398 ταύτας
879 3337 1330 3408 ἁποκρουόμεθα.
1374 3342 1561 3410 Φαμὲν
1632 3343 1765 3414 γὰρ,

183 3427 270 3490 ὡς
303 3429 584 3498 οἰκονομία
610 3424 678 3499 ἦν
708 3431 774 3482 ἐκ
796 3429 931 3482 Θεοῦ
966 3435 1370 3502 παραχώρησις
1405 3435 1504 3503 τῆς
1531 3433 1626 3487 τοῦ
1664 3437 1772 3489 1ιέ-

182 3537 324 3591 τρου
358 3523 664 3593 ἀρνήσεως.
697 3523 920 3594 Ἐπειδὴ
948 3525 1058 3594 γὰρ
1096 3525 1238 3595 ὑπὲρ
1274 3526 1400 3588 τοὺς
1420 3525 1612 3588 ἄλλους
1634 3545 1773 3598 συμ·

180 3615 456 3684 φοιτητὰς
490 3616 841 3685 ἐκαυχήσατο
863 3614 1260 3669 συναποθανεῖν
1289 3616 1366 3686 τῷ
1392 3619 1766 3690 μυσταγωγῷ,

179 3707 250 3760 οὐ
284 3708 428 3760 πάνυ
465 3707 948 3777 περισκεψάμενος
970 3707 1071 3777 τῆς
1099 3707 1303 3778 σαρκὸς
1323 3709 1424 3778 τὴν
1441 3708 1728 3764 ἀσθένειαν
1754 3728 1768 3742 ο

177 3798 370 3852 καίτοι
418 3798 540 3851 ’τοῦ
611 3801 816 3869 Κυρίου
869 3799 1337 3864 διαὸεσαιοῦντος,
1420 3803 1496 3864 ὼς
1571 3804 1774 3868 πάντες

179 3890 721 3962 σκανδαλισθήσεσθε
747 3907 760 3921 ·
800 3891 892 3944 διὰ
942 3892 1102 3944 τοῦτο
1143 3891 1254 3945 ἔδει
1292 3894 1388 3946 καὶ
1421 3894 1582 3948 αὐτὸν
1614 3897 1772 3964 ἐλεγ-

175 3980 388 4051 χθῆναι
448 3981 526 4044 ὡς
572 3981 864 4053 ἄνθρωπος
909 3978 1000 4053 ἢν,
1035 3984 1213 4055 δειλίᾳ
1264 3988 1504 4057 σαρκικῇ
1542 3987 1772 4040 ὑποκεί-

178 4091 378 4144 μενος,
414 4076 507 4127 καὶ
533 4074 630 4128 τοῦ
660 4077 868 4146 Κυρίου
915 4077 1200 4148 δειχθῆναι
1231 4076 1325 4132 τὸν
1371 4078 1530 4147 λόγον
1559 4081 1769 4151 ἐπαλη-

173 4163 441 4229 θεύοντα,
488 4167 582 4218 καὶ
632 4165 733 4236 τὴν
797 4166 1028 4236 ἄρνησιν
1081 4167 1539 4239 προμηνύσαντα.
1596 4169 1770 4224 Τοῦτο

172 4255 430 4308 πέπονθε
468 4257 564 4309 καὶ
593 4257 762 4308 Δαϐὶδ
788 4257 816 4308 ὁ
863 4257 1159 4328 προφήτης
1207 4260 1303 4311 καὶ
1345 4258 1622 4328 βασιλεύς.
1661 4261 1772 4330 Τῆς

169 4349 513 4418 πρεπούσης
570 4351 680 4420 γὰρ
739 4351 942 4414 ἐκστὰς
985 4353 1405 4417 καταστάσεως,
1431 4353 1530 4422 τὴν
1561 4354 1772 4424 ὑπερή-

1877 3164 2216 3224 oppuguant.
2272 3153 2387 3209 Nos
2449 3170 2581 3209 vero
2639 3156 2736 3210 hos
2798 3155 3234 3209 adversariorum
3298 3154 3464 3219 ictus,

1878 3249 2032 3316 quasi
2068 3246 2354 3302 infantium
2391 3248 2492 3302 tela
2542 3258 2884 3317 reputantes,
2916 3249 2998 3302 sic
3030 3263 3090 3302 ea
3116 3247 3462 3316 depellimus.

1882 3341 2121 3394 Dicimus
2150 3341 2294 3394 enim
2350 3340 2444 3396 Dei
2480 3340 3262 3408 dispcnsationemegationem
3316 3341 3465 3394 Petri

1880 3433 2222 3500 permissam.
2257 3431 2524 3497 Quoniam
2548 3432 2693 3486 enim
2724 3448 2886 3501 super
2916 3442 3144 3486 caeteros
3174 3431 3467 3499 discipulos

1880 3539 1940 3579 se
2001 3525 2321 3594 gloriatione
2371 3526 2671 3591 eﬁ‘erehat,
2725 3526 3172 3581 commoriturum
3229 3540 3288 3580 se
3341 3543 3464 3580 cum

1881 3613 2108 3668 Domino
2154 3615 2404 3684 jactans,
2457 3616 2638 3670 carnis
2668 3615 3096 3670 imbecillitatem
3160 3631 3266 3670 non
3326 3617 3464 3672 bene

1879 3707 2207 3779 dispiciens;
2238 3724 2357 3763 cum
2385 3709 2688 3779 praesertim
2725 3711 3043 3765 scandalum
3071 3724 3330 3780 passuros
3353 3725 3468 3763 om-

1880 3815 1977 3856 nes
2016 3802 2274 3855 Dominus
2316 3799 2673 3868 aﬁirmasset;
2731 3802 2852 3856 ideo
2887 3804 3177 3872 Oportebat
3227 3800 3463 3864 ostendi,

1881 3892 2053 3961 ipsum
2109 3907 2324 3962 quoque
2353 3893 2629 3947 hominem
2677 3908 2798 3948 esse
2839 3895 3078 3947 humano
3111 3892 3287 3946 timori
3333 3891 3466 3944 sub-

1875 3984 2103 4054 jcctum,
2140 3994 2194 4038 et
2245 3985 2533 4039 Dominum
2585 4000 2709 4039 vera
2743 3985 2947 4048 dicere,
2984 3985 3072 4054 qui
3123 3984 3462 4052 negationem

1880 4088 2008 4130 ante
2035 4079 2381 4146 prmdixerat.
2420 4076 2534 4131 Hoc
2565 4079 2724 4131 etiam
2760 4077 2923 4130 David
2958 4075 3231 4146 pmpheta:
3272 4082 3324 4129 et
3349 4077 3459 4146 regi

1881 4167 2131 4235 contigit.
2187 4170 2320 4221 Cum
2378 4167 2522 4222 enim
2557 4165 2624 4220 de
2676 4176 2816 4222 statu
2868 4168 3066 4220 mentis
3111 4167 3465 4220 conveniente

1881 4260 2236 4325 excessisset,
2288 4261 2575 4329 snperbam
2631 4258 2775 4312 illam
2811 4274 2995 4313 vocem
3032 4257 3208 4312 emisit
3241 4271 3256 4308 :
3291 4274 3309 4308 ι
3348 4254 3466 4310 Non

1882 4354 2144 4406 tnovebor
2189 4353 2242 4406 in
2269 4349 2620 4405 aeternum”.
2661 4369 2679 4402 ι
2713 4351 2837 4404 Ideo
2874 4365 2993 4405 cum
3018 4366 3045 4403 a
3072 4349 3248 4403 divina
3291 4350 3465 4419 ipsum

168 4458 361 4510 φανον
393 4443 613 4512 ἐκείνην
666 4443 846 4512 ἀφῆκε
875 4443 1082 4515 φωνὴν,
1116 4461 1134 4494 ι
1175 4445 1248 4497 Ού
1301 4445 1376 4514 μὴ
1410 4445 1656 4497 σαλευθῶ
1688 4446 1770 4511 είς

1883 4452 2205 4515 protegente
2256 4442 2454 4496 virtute
2513 4442 2807 4496 destitutus
2870 4442 3144 4511 paulisper
3195 4451 3375 4508 esset,
3433 4456 3466 4495 a

156 4536 269 4586 τὸν
327 4534 524 4591 αἰῶνα.
575 4553 592 4586 ι
629 4535 731 4587 Διὰ
811 4535 973 4589 τοῦτο
1062 4537 1262 4607 μικρὸν
1314 4536 1770 4608 ἐγκαταλειφθεὶς

1882 4535 2030 4589 lteda
2086 4535 2363 4604 voluptate
2397 4535 2658 4590 subactus
2689 4545 2884 4605 praeter
2925 4533 3175 4588 adulterii
3205 4531 3465 4603 ﬂagitium

253 4716 309 4746 ³ο
333 4713 501 4770 Joau.
535 4733 594 4782 ι,
626 4718 680 4774 9.
757 4720 800 4753 ³¹
837 4719 994 4775 Joan.
1023 4737 1104 4789 ιιι,
1137 4721 1188 4776 5.
1234 4721 1278 4753 ³¹
1306 4717 1464 4774 Joan.
1500 4737 1554 4784 ι,
1588 4720 1642 4776 9.
1721 4721 1766 4753 ³³

1884 4720 1984 4774 tth.
2017 4736 2114 4784 vn.
2149 4721 2233 4776 l3.
2309 4721 2353 4752 "
2384 4718 2530 4775 Psal.
2558 4737 2706 4783 uix,
2741 4720 2793 4776 7.

1437 4870 1763 4933 Francisci
1796 4872 2006 4936 Scorsi
2043 4880 2233 4936 noles.

253 5011 380 5082 (76)
439 5011 604 5090 Porta
659 5015 771 5090 Ita'c
825 5015 1070 5090 Christus
1119 5025 1219 5074 est.
1265 5016 1442 5090 Pauca
1496 5017 1783 5090 admodum
1883 5029 2312 5087 succedentium,
2343 5035 2640 5090 eorumque
2675 5019 3052 5074 auctoritatem
3086 5019 3461 5080 alﬁrmandam

143 5084 501 5159 fragmenta
529 5089 720 5140 deesse
750 5087 802 5140 in
836 5103 938 5141 ms.
972 5087 1094 5159 Vat.
1126 5089 1365 5155 comperi
1396 5103 1459 5143 ex
1493 5087 1612 5140 aliis
1643 5103 1780 5142 mss.
1882 5091 2080 5159 quibus
2125 5106 2247 5145 cum
2284 5084 2436 5146 datas
2469 5084 2651 5146 claves
2687 5091 2775 5144 hic
2809 5091 2970 5145 Pater
3005 5103 3211 5148 asserat
3243 5093 3462 5148 δίδωσιν

144 5171 306 5224 quae
332 5156 525 5231 habui.
555 5171 618 5210 ac
640 5159 951 5231 praisertitn
971 5173 1033 5231 ex
1057 5157 1308 5231 l’atribus
1325 5160 1390 5213 de
1415 5159 1608 5231 quibus
1627 5173 1770 5227 supr.

1880 5156 1975 5215 οὖν
2022 5162 2246 5231 Πέτρῳ,
2283 5165 2378 5214 καὶ
2423 5167 2536 5224 τοῖς
2582 5161 2705 5214 κατ’
2741 5165 2947 5214 ἐκεῖνον
2996 5165 3094 5227 τὰς
3136 5163 3282 5226 κλεῖς
3310 5180 3324 5196 θ
3359 5166 3463 5219 Dat

142 5234 298 5280 nol.
449 5226 617 5304 Igitur
640 5229 752 5280 hau:
778 5227 919 5296 θύρα
949 5228 1046 5304 μεν
1066 5224 1522 5304 μαύτόςμεστινίὶὺί
1550 5224 1770 5304 ornisSa,

1880 5231 2047 5304 igitur
2092 5224 2282 5294 Petro,
2316 5242 2364 5285 et
2411 5231 2804 5286 successoribus
2852 5233 2967 5303 ejus
3018 5224 3220 5298 claves,
3256 5224 3464 5304 absque

134 5305 221 5350 et
259 5297 667 5370 quidet‘n'vitio
690 5298 1031 5370 properantis
1063 5298 1272 5352 librarii
1303 5300 1426 5370 quis
1459 5314 1564 5352 non
1597 5301 1778 5370 videt?
1880 5297 2043 5356 dubio
2091 5317 2184 5356 eos
2241 5317 2365 5357 esse
2415 5315 2572 5370 caput
2628 5306 2793 5358 totius
2848 5297 3100 5358 Ecclesia:
3147 5297 3458 5360 fatetur'et

131 5379 347 5443 ξει-ρςα
394 5367 559 5443 etiam
587 5369 766 5443 ⁸φήμῃ
815 5367 926 5438 γὰρ
981 5369 1276 5443 ἐπικρατεῖ
1319 5367 1394 5443 ὡς
1443 5369 1568 5441 ἥξει
1610 5369 1770 5422 πάλιν

1880 5372 2065 5438 docet;
2097 5373 2236 5443 quid
2254 5375 2320 5426 ad
2355 5373 2467 5428 haec
2483 5367 2774 5443 'aggercre,
2796 5375 2878 5428 vel
2909 5376 3204 5443 obgannire
3237 5385 3462 5442 passum

146 5435 384 5498 Ἠλίας
422 5437 517 5514 sit}
553 5437 652 5507 τῆς
670 5435 811 5514 γῆς,
842 5435 962 5506 quae
994 5435 1237 5514 subjecta
1275 5441 1409 5493 ratio
1445 5435 1527 5514 a'b_
1548 5453 1772 5514 auctore
1877 5435 2374 5514 Graeculi'lmjusce
2415 5435 2674 5511 temporis
2711 5435 3088 5498 schismati'ci?
3119 5435 3249 5514 quid
3283 5447 3461 5498 haere-

129 5507 850 5584 ggensumilliuscomplet
881 5525 895 5574 ;
932 5511 1295 5578 prwtermissa
1337 5525 1465 5565 vero
1501 5509 1680 5564 fuerat
1717 5513 1770 5564 in
1877 5514 1982 5584 tici
2019 5507 2572 5584 caeteri—novatores;
2615 5515 2880 5584 adversus
2923 5530 3062 5584 quos
3111 5507 3244 5570 satis
3293 5516 3461 5570 multa

135 5575 304 5630 Vat.
336 5578 527 5630 eodem
560 5575 755 5631 vitio.’
932 5575 950 5578 “
1875 5583 2030 5638 multi
2089 5585 2384 5642 scriptores
2441 5575 2568 5640 suc;
2611 5582 2806 5641 Bellar.
2869 5575 3120 5640 Coatrae.
3176 5589 3240 5639 de
3297 5585 3459 5642 Pam.

236 5647 372 5727 (7.7)
412 5645 487 5727 Et.
507 5651 893 5727 successoribus
923 5653 1058 5722 ejus.
1091 5651 1231 5718 Quid
1268 5651 1371 5727 huc
1403 5651 1686 5727 illustrius,
1715 5663 1770 5706 et
1872 5651 2139 5727 Damam;
2186 5645 2383 5712 Franc.
2413 5656 2573 5712 Turr.
2607 5660 2728 5714 loco
2751 5671 2917 5727 supra
2943 5657 3111 5712 citato
3137 5654 3375 5713 Maldou.
3405 5661 3463 5714 in

125 5718 390 5775 clarius
423 5719 488 5773 ad
520 5721 717 5776 seriem
749 5718 1115 5778 Romanorum
1149 5725 1462 5788 pontiﬁcum
1518 5723 1575 5777 S.
1607 5723 1768 5779 Petro
1871 5722 2017 5780 hunc
2051 5727 2248 5782 locum.
