3934 6222
584 229 689 295 967

1792 216 2281 281 THEOPHANIS
2318 213 2658 276 CERAMEI
3620 230 3689 293 968

587 355 757 397 ausus
810 346 897 395 est
943 336 1106 392 etiam
1140 329 1487 390 homicidium
1531 335 1864 400 perpetrare.
1894 324 2165 380 Praeterea

2272 324 2375 376 ὑπὸ
2396 322 2496 391 τῆς
2529 320 2693 375 αὑτὸν
2727 319 3042 390 σκεπούσης
3066 321 3210 387 θείας
3263 323 3522 397 δυνάμεως,
3563 336 3695 411 imi;

589 432 845 505 quoniam
895 431 1085 485 Petrus
1126 428 1318 483 ovibus
1349 426 1557 479 ratione
1585 422 1825 492 praeditis
1858 418 2157 489 praeﬁcien-

589 530 690 582 dus
722 532 859 585 erat,
888 532 942 577 et
995 519 1237 577 solvendi
1316 516 1621 587 ligandique
1698 522 2031 584 potestatem
2069 524 2162 564 ac-

589 628 867 687 cepturus,
893 630 960 669 ne
988 613 1043 668 in
1075 620 1366 681 peccantes
1385 608 1676 663 vehemens
1717 614 1771 659 et
1800 599 2157 672 implacabilis

588 717 751 771 esset,
784 715 838 761 et
863 706 1073 760 duriter
1128 714 1291 772 atque
1321 696 1822 755 immisericorditer
1859 708 2048 763 poenas
2080 692 2164 745 in-

590 801 807 866 ﬂigeret
859 797 996 867 (78),
1046 796 1265 850 meliore
1314 790 1651 862 providentia
1695 786 1808 859 (79)
1838 794 2001 853 atque
2035 798 2165 838 con-

590 893 714 947 silio
759 888 1091 959 permittitur
1116 886 1333 951 cadere,
1368 894 1427 938 ut
1458 899 1521 937 ex
1551 897 1611 937 se
1640 880 1761 950 ipso
1783 879 2014 934 disceret
2036 888 2162 945 erga

591 981 973 1049 delinquentes
1004 992 1124 1032 esse
1155 976 1556 1046 longanimem;
1597 982 1652 1025 et
1680 986 1843 1041 quam
1881 968 1994 1038 ipse
2019 967 2169 1021 heni-

589 1072 849 1142 gnitatem
922 1084 988 1124 ac
1052 1070 1263 1123 veniam
1312 1065 1673 1129 obtinuisset,
1724 1077 1841 1116 eam
1877 1061 2209 1115 clementer’

592 1163 716 1217 aliis
748 1160 1069 1228 impertiret.
1103 1158 1216 1213 Nisi
1239 1157 1379 1213 enim
1431 1156 1671 1225 provisa,
1702 1153 1866 1223 377
1892 1166 1955 1206 ac
1978 1150 2166 1219 dispo-

594 1254 696 1309 sita
736 1252 952 1323 negatio
983 1251 1132 1305 Petri
1165 1249 1378 1315 fuisset,
1422 1263 1692 1316 nunquam
1746 1259 1880 1299 sane
1928 1250 2004 1298 tot
2032 1252 2160 1297 ante

594 1341 810 1397 saeculis
856 1341 1070 1395 divinus
1103 1338 1273 1393 David
1330 1352 1448 1391 eam
1482 1335 1902 1407 praenuntiasset
1952 1348 2020 1388 ex
2050 1347 2171 1403 per-

596 1449 731 1489 sona
776 1433 981 1489 Christi
1017 1432 1202 1487 dicens
1232 1434 1254 1486 ξ
1293 1449 1311 1483 ι
1342 1430 1407 1485 Ει
1430 1430 1521 1498 qui
1578 1428 1878 1483 laudabant
1931 1441 2038 1491 me,
2071 1425 2167 1479 ad-

596 1541 786 1581 versus
822 1541 910 1580 me
958 1523 1209 1591 iurabant
1230 1523 1295 1576 ³⁸.
1327 1541 1347 1574 ι
1386 1523 1523 1575 Nam
1558 1521 1698 1575 idem
1746 1520 1856 1587 ille,
1915 1519 2007 1588 qui
2038 1533 2163 1572 eum

597 1619 648 1671 in
684 1617 935 1688 praesenti
983 1616 1188 1680 laudat,
1237 1627 1291 1670 et
1336 1613 1528 1669 Filium
1573 1612 1667 1668 Dei
1718 1613 1825 1669 vivi
1855 1612 2164 1675 conﬁtetur,

590 1710 799 1780 juravit
822 1719 1010 1780 postea
1044 1707 1296 1763 eumdem
1325 1722 1429 1762 non
1460 1720 1641 1761 nosse.
2145 1714 2155 1723 '

674 1985 828 2051 Quod
879 1985 924 2040 si
958 1984 1217 2039 rationem
1270 1983 1446 2052 magis
1488 1979 1823 2036 reconditam
1854 1980 1982 2035 licet
2016 1978 2174 2033 attin-

600 2092 753 2147 gere,
785 2075 1002 2145 aliquod
1033 2076 1084 2129 in
1122 2075 1223 2128 hac
1269 2074 1556 2143 negatione
1583 2071 1738 2126 Petri
1780 2072 1925 2127 velut
1960 2071 2171 2126 involu-

603 2181 711 2221 tum
737 2169 1025 2236 muigmate
1057 2165 1419 2235 signiﬁcatur.
1453 2165 1764 2235 Usquedum
1814 2166 1957 2218 enim
1984 2164 2175 2218 Petrus

598 2273 726 2327 erga
784 2256 1099 2325 Magistrum
1155 2269 1339 2309 amore
1388 2254 1664 2322 fervebat,
1720 2256 1792 2308 ita
1855 2253 2175 2309 fortitudine

602 2352 838 2406 munitus
893 2358 1049 2415 erat,
1097 2359 1159 2404 ut
1208 2364 1383 2415 neque
1421 2347 1687 2410 custodia,
1726 2361 1903 2415 neque
1952 2348 2172 2412 cohors,

603 2458 776 2512 neque
823 2440 1094 2503 tribunus,
1141 2455 1314 2508 neque
1358 2438 1544 2508 gladii,
1599 2452 1775 2508 neque
1807 2438 1973 2503 taedae,
2005 2451 2177 2506 neque

601 2534 788 2603 virgae,
814 2548 910 2586 nec
936 2546 1093 2586 enses
1123 2531 1272 2586 illum
1303 2528 1798 2598 perterrcfecerint.
1829 2527 2021 2583 Postea
2048 2543 2177 2584 vero

603 2639 763 2693 quam
816 2624 881 2678 ad
911 2637 1094 2693 pyram
1130 2637 1159 2675 a
1190 2621 1420 2678 Caesaris
1474 2620 1739 2675 militibus
1773 2634 2056 2675 accensam
2084 2635 2176 2676 ac-

610 2715 801 2779 cessit,
843 2725 969 2768 tunc
991 2729 1125 2768 sane
1180 2725 1305 2767 tunc
1338 2712 1617 2767 imbecillis
1649 2711 1856 2768 ancilla:
1886 2712 2175 2767 ludibrium

600 2804 804 2861 factum
853 2816 958 2861 est.
996 2808 1059 2861 Et
1096 2823 1191 2862 nos
1242 2806 1405 2876 igitur
1448 2807 1573 2861 dum
1606 2805 1808 2860 Christi
1861 2820 2069 2871 amore,
2121 2812 2179 2860 et

601 2898 743 2967 ignis
772 2898 959 2952 aeterni
1019 2898 1364 2952 meditatione
1394 2896 1825 2968 ﬂagraverimus,
1888 2910 1990 2950 nec
2050 2896 2175 2963 tela,

2268 415 2523 486 ρυπαρᾶς
2550 414 2729 484 ἥττων
2768 412 2988 481 ἐγένετο
3041 413 3099 467 τὸ
3130 415 3223 485 τῆς
3264 422 3475 488 μοιχείας
3499 423 3598 493 ἄγος
3638 434 3700 484 χιι

2265 508 2362 579 τὴν
2390 508 2483 561 τοῦ
2538 508 2700 577 φόνου
2754 506 2963 577 τόλμαν
3010 506 3436 581 διαπραξάμενος.
3467 518 3626 583 ’Δλλοις
3645 540 3696 587 τε,

2265 601 2362 655 καὶ
2390 600 2580 671 ἐπειδὴ
2611 592 2768 663 οὗτος
2797 599 2991 670 ἔμελλε
3014 601 3121 654 τῶν
3153 602 3367 671 λογικῶν
3394 608 3625 677 προϐάτων
3640 615 3701 683 τὴν
3798 648 3799 653 η

2269 693 2614 764 προστασίαν
2659 692 3030 758 εἰσδέξασθαι,
3059 695 3252 749 καὶτοῦ
3278 697 3468 768 δεσμεῖν
3494 703 3570 755 καὶ
3605 705 3701 759 λύειν

2266 785 2368 855 τὴν
2396 784 2646 849 ἐξουσίαν
2672 784 2878 849 λαϐεῖν,
2921 786 3010 839 ἵνα
3038 786 3110 855 μὴ
3129 785 3289 858 βαρύς
3315 806 3388 852 τις
3491 796 3567 845 καὶ
3594 794 3704 866 MT.

2267 893 2512 944 γνωστος
2569 878 2684 940 τοῖς
2734 877 3163 947 ἁμαρτάνουσιν,
3196 880 3459 951 ἀποτόμως
3496 886 3704 958 mitium.

2269 969 2457 1032 παθῶς
2480 969 2705 1036 ἐπάγων
2753 969 2823 1023 τὰ
2881 968 3152 1040 ἐπιτίμια,
3198 973 3475 1044 προμηθείᾳ
3516 978 3702 1046 κρείττονι

2268 1080 2346 1115 πα
2353 1080 2502 1133 ραχω
2509 1064 2683 1131 ρείται
2707 1065 2916 1127 πεσεῖν,
2981 1063 3057 1126 ὡς
3079 1062 3144 1117 ἄν
3159 1062 3401 1129 ὲξὲαυτοῦ
3412 1068 3621 1139 παιδευθῇ
3637 1074 3703 1134 τοῖς

2271 1157 2561 1209 πταίουσιν
2603 1152 2773 1208 εἶναικ
2799 1156 3176 1226 μακρόθυμος,
3208 1157 3511 1221 ἀνεξικάκως
3539 1163 3611 1213 καὶ
3636 1166 3701 1224 τοῖς

2270 1248 2452 1310 ἄλλοις
2480 1248 2821 1319 μεταδιδοὺς,
2861 1245 2929 1321 ἧς
2982 1249 3145 1311 αὐτὸς
3202 1249 3398 1318 εἰλήφει
3442 1252 3703 1321 χρηστότητίς

2268 1357 2327 1394 τε
2372 1338 2468 1393 καὶ
2515 1340 2947 1411 συγχωρήσεως.
2975 1341 3037 1393 Εί
3075 1340 3183 1411 γὰρ
3215 1341 3286 1410 μὴ
3320 1336 3380 1411 ἦν
3411 1344 3631 1410 οἰκονομία
3648 1345 3701 1396 τοῦ

2271 1432 2481 1501 Πέτρου
2509 1432 2543 1503 ἡ
2578 1433 2830 1502 ἄρνησις,
2894 1432 2994 1485 οὐκ
3025 1431 3092 1485 ἂν
3120 1432 3224 1502 πρὸ
3274 1431 3511 1485 τοσούτων
3532 1435 3703 1500 γενεώνὸ

2271 1523 2562 1588 θεσπέσιος
2589 1524 2755 1577 Δαὸὶδ
2790 1523 2949 1578 τοῦτο
2975 1524 3317 1593 προεμήνυσε
3363 1523 3511 1593 λέγων
3533 1527 3580 1578 ἐγ
3606 1542 3704 1592 προς-

2270 1613 2420 1668 ὠπου
2451 1614 2689 1686 Χριστοῦ
2724 1632 2737 1646 ο
2785 1634 2804 1666 ι
2842 1616 2952 1669 Καὶ
2974 1616 3022 1667 οἱ
3053 1614 3393 1677 ἐπαινοῦντές
3432 1632 3490 1684 με
3520 1616 3703 1683 κατ’ἑμοῦ

2271 1704 2509 1774 ὤμνυον.
2548 1724 2564 1757 ι
2614 1705 2674 1758 '0
2706 1704 2816 1775 γὰρ
2861 1706 2956 1759 νῦν
3010 1704 3299 1767 ἐπαινέσας
3340 1706 3503 1770 αὑτὸν,
3540 1706 3607 1757 καὶ
3632 1706 3705 1756 Υἰὲν

2271 1797 2410 1852 Θεοῦ
2442 1798 2536 1852 τοῦ
2564 1798 2767 1863 ζῶντος
2795 1795 3189 1868 ὡμολογηκὼς,
3225 1795 3395 1868 ὤμνυε
3420 1797 3521 1850 τότε
3544 1798 3703 1868 μὴείδέ-

2269 1907 2359 1943 ναι
2391 1891 2580 1944 αὐτόν.
2642 1922 2649 1931 ι
3348 1928 3354 1934 ·

2344 1981 2411 2034 El
2442 1979 2498 2033 δὲ
2523 1979 2607 2033 δεῖ
2643 1992 2738 2033 και
2799 1980 3227 2052 μυστικωτέρων
3281 1980 3443 2049 λόγων
3479 1979 3704 2047 ἐφάψασθαι,

2275 2072 2509 2141 αἴνιγμα
2534 2065 2602 2142 ἦν
2639 2072 2702 2124 τὸ
2753 2070 2842 2125 διὰ
2874 2071 2975 2139 τῆς
3004 2072 3286 2143 ἀρνήσεως
3330 2073 3511 2140 Πέτρου
3537 2069 3705 2140 δηλούμε-

2272 2180 2384 2217 νον.
2417 2163 2596 2234 Μέχρι
2629 2162 2731 2233 μὲν
2760 2162 2869 2233 γάρ
2904 2162 2982 2232 τῷ
3013 2164 3153 2233 πρὸς
3193 2166 3281 2217 τὸν
3311 2160 3590 2216 Διδάσκαλον
3612 2161 3707 2228 ἔρωτι

2276 2256 2306 2310 ὁ
2337 2255 2543 2326 Πέτρος
2568 2254 3001 2325 διεθερμαίνετο,
3047 2256 3269 2327 ἀνδρείᾳ
3324 2254 3575 2323 ὲστόμωτο,
3600 2249 3706 2303 ιιιὶοῦ

2274 2349 2569 2403 κατεπτόει
2594 2347 2785 2401 τοῦτον
2812 2347 3141 2414 κουστωδία,
3167 2349 3259 2401 καὶ
3278 2350 3477 2416 σπεῖρα,
3495 2345 3569 2399 καὶ
3584 2342 3711 2413 χιλίαρ-

2276 2462 2391 2516 χος,
2422 2446 2517 2497 καὶ
2547 2441 2699 2512 ξίφη,
2733 2443 2827 2496 καὶ
2852 2443 3030 2514 δᾷδες,
3054 2443 3147 2496 καὶ
3168 2442 3401 2515 κορύναι,
3440 2442 3709 2509 accipimur.

2280 2536 2413 2591 Ὅτε
2438 2534 2494 2588 δὲ
2525 2536 2867 2607 προσήγγισε
2921 2538 2989 2607 τῇ
3054 2537 3224 2606 πυρᾷ,
3249 2536 3312 2606 ἡν
3336 2533 3520 2603 ἀνῆψαν
3553 2533 3589 2584 οί
3610 2545 3710 2599 στρι-

2285 2630 2482 2683 τιῶται
2531 2627 2626 2681 τοῦ
2683 2628 2983 2698 Καίσαρος,
3017 2632 3143 2683 τότε
3185 2630 3247 2699 δὴ
3277 2629 3389 2682 τότε
3413 2627 3583 2696 φαύλης
3606 2622 3711 2674 παιδί-

2287 2737 2426 2790 σκης
2453 2719 2674 2786 ἐγένετο
2705 2718 2981 2785 παίγνιον.
3013 2719 3165 2782 Ἕως
3197 2719 3260 2772 ἂν
3285 2713 3374 2771 οῦν
3416 2716 3493 2768 καὶ
3516 2714 3622 2783 ἡμᾶς
3644 2711 3713 2762 διι-

2296 2810 2569 2883 θερμαίνῃ
2598 2812 2625 2863 ὁ
2657 2810 2793 2878 πρὸς
2848 2809 2980 2863 Θεὸν
3008 2810 3171 2881 ἔρως,
3204 2812 3345 2881 καὶὴ
3376 2810 3535 2879 μνήμη
3555 2804 3623 2857 τοῦ
3644 2804 3714 2853 αἰω-

2282 2901 2400 2955 νίου
2469 2902 2663 2972 πυρὸς,
2693 2901 2752 2954 οὐ
2810 2900 3129 2972 πτοούμεθα
3160 2904 3224 2956 τά
3254 2902 3395 2971 ξίφη,
3422 2898 3596 2959 καὶτὰς

603 3005 703 3043 nec
753 2988 900 3044 faces
953 2990 1349 3054 tentationum,
1390 3006 1489 3044 nec
1539 2991 1842 3044 dazmonum
1874 2989 2174 3052 cohortem,

2279 2994 2392 3047 τῶν
2436 2993 2786 3064 πειρασμῶν,
2823 2993 2943 3047 οὑδὲ
2998 2996 3104 3064 τὴν
3134 2996 3239 3048 τῶν
3291 2993 3532 3063 δαιμόνων
3556 2989 3713 3052 σπεῖραν,

606 3093 709 3131 nec
744 3078 1019 3132 tribunum
1079 3080 1230 3133 illum
1279 3080 1576 3149 principem
1626 3081 1977 3134 tenebrarum
2011 3078 2177 3150 perti-

608 3184 912 3226 mescemus
944 3188 957 3224 :
992 3171 1036 3225 si
1080 3186 1204 3225 vero
1252 3170 1320 3225 ad
1364 3170 1697 3242 voluptatum
1750 3185 1950 3241 prunas
1976 3211 1991 3236 ,
2043 3186 2177 3241 quas

609 3260 811 3316 milites
838 3264 1111 3333 principes
1139 3263 1359 3333 hujusce
1388 3264 1567 3318 mundi
1600 3265 1954 3331 succendunt,
1987 3279 2179 3333 appro-

606 3355 1067 3423 pinquaverimus,
1106 3371 1210 3410 non
1242 3356 1467 3410 multum
1501 3357 1720 3411 habebit
1750 3357 1949 3426 negotii
1994 3357 2177 3410 inimio

605 3462 703 3500 cus
751 3457 957 3511 noster,
1018 3458 1075 3501 ut
1125 3463 1225 3503 nos
1273 3450 1508 3504 abducat
1552 3464 1583 3503 a
1624 3447 1755 3504 Deo.
1790 3448 2004 3515 Quaevis
2034 3449 2177 3502 enim

609 3553 773 3606 parva
837 3554 901 3593 ac
932 3541 1108 3594 tenuis
1136 3540 1330 3595 ancilla
1361 3542 1427 3595 ad
1458 3540 1704 3595 violanda
1733 3552 1887 3612 pacta
1919 3555 2041 3594 cum
2070 3540 2180 3594 Deo

608 3630 739 3684 inita
793 3646 888 3685 nos
937 3633 1175 3687 inducet.
1219 3631 1536 3700 Hujusmodi
1570 3633 1745 3703 ignem
1773 3634 2035 3688 adversus
2064 3650 2179 3687 ma-

609 3737 771 3791 gnum
798 3721 946 3775 illum
977 3721 1234 3778 Davidem
1265 3725 1535 3779 daemones
1562 3723 1983 3777 inllammarunt.
2011 3723 2181 3777 Simul

609 3813 753 3866 enim
791 3829 855 3867 ac
906 3813 1205 3870 Bcthsabce
1234 3816 1697 3885 pulchritudinem
1720 3815 1948 3885 aspexit,
1982 3814 2181 3870 oblitus

608 3916 693 3960 εει
723 3905 813 3959 Dei
840 3907 907 3962 ³⁸.
941 3906 1093 3971 Quod
1127 3908 1270 3961 enim
1308 3907 1647 3976 voluptatum
1680 3907 2035 3961 incitamenta
2073 3906 2181 3975 igni

611 3999 915 4053 consimilia
948 4001 1076 4065 sint,
1115 4002 1371 4056 admonet
1402 4001 1654 4055 Salomon
1684 4015 1699 4053 :
1731 4015 1801 4053 ne
1837 4000 1994 4053 nudis
2032 3997 2181 4067 pedi-

608 4091 710 4145 bus
741 4090 858 4159 (80)
888 4092 1177 4147 carbonem
1225 4093 1593 4162 attingamus,
1646 4106 1818 4156 neque
1862 4104 2184 4159 reponamus

608 4181 784 4252 ignem
823 4183 876 4235 in
913 4183 1031 4237 sinu
1061 4201 1074 4245 ;
1112 4185 1275 4252 pedes
1329 4186 1471 4239 enim
1508 4194 1562 4239 et
1607 4185 1784 4238 sinum
1820 4183 2028 4237 adustio
2054 4199 2188 4237 con-

607 4275 946 4342 sequetur”.
1000 4274 1094 4329 Vis
1155 4277 1261 4343 igni
1326 4278 1507 4331 divino
1549 4276 1939 4331 etl'ervescere?
1974 4277 2183 4342 mortis,

607 4373 661 4416 et
692 4365 957 4417 tremendi
984 4364 1171 4433 judicii
1219 4367 1499 4421 meditatio
1530 4368 1600 4421 sit
1631 4368 1741 4422 vita
1780 4378 1906 4431 tua;
1938 4377 2099 4437 atque
2126 4370 2178 4421 in
2217 4344 2259 4397 D

613 4454 919 4522 lmjusmodi
985 4459 1335 4511 meditatione
1397 4461 1714 4513 exardescet
1767 4459 1989 4528 ignis”.
2038 4460 2179 4526 Quid

610 4544 774 4613 igitur
800 4546 874 4635 ‘ab
907 4544 1010 4600 hoc
1043 4548 1310 4616 coryphaai
1342 4546 1484 4603 tacto
1521 4549 1662 4602 velut
1694 4550 1980 4618 amigmate
2013 4548 2183 4604 disci-

611 4650 732 4689 mus
759 4636 778 4689 !
802 4636 1043 4691 devitarc
1067 4639 1398 4707 voluptatum
1428 4641 1628 4705 ignem,
1646 4648 1700 4694 et
1717 4653 1817 4693 nos
1845 4640 1988 4711 ipsos
2014 4655 2043 4693 a
2066 4656 2181 4694 ma-

2290 3085 2387 3139 καὶ
2417 3086 2508 3139 τὸν
2543 3084 2756 3155 ζοφώδη
2812 3085 3101 3156 χιλίαρχον
3128 3102 3141 3116 '
3177 3086 3225 3138 εί
3281 3086 3336 3138 δὲ
3380 3080 3715 3155 προσεγγίσαιμεν

2278 3178 2389 3232 τῶν
2420 3179 2624 3250 ἡδονῶν
2651 3181 2717 3249 τῇ
2752 3181 3018 3249 πυρκαῖᾷ,
3056 3179 3125 3249 ἢν
3153 3178 3468 3247 ὑφάπτουσιν
3486 3176 3524 3226 oi
3548 3167 3716 3241 στρατιῶ-

2280 3287 2371 3324 ται
2426 3268 2522 3321 τοῦ
2585 3270 3057 3339 κοσμοκράτορος,
3123 3270 3182 3323 ού
3218 3270 3377 3331 πολὺς
3405 3268 3535 3320 ἔσται
3559 3261 3715 3329 κάματος

2280 3362 2358 3432 τῷ
2396 3360 2586 3433 ἐχθρῷ
2641 3361 2952 3431 ἀποστῆσαι
3002 3363 3155 3432 ἡμᾶς
3209 3362 3300 3415 τοῦ
3350 3360 3489 3413 Θεοῦ.
3514 3358 3599 3411 Καὶ
3617 3350 3715 3421 napi

2280 3451 2391 3522 γάρ
2422 3469 2506 3515 τις
2536 3451 2626 3503 καὶ
2657 3450 2836 3520 φαύλη
2866 3452 3129 3522 παιδίσκη
3158 3451 3533 3522 παρασκευάσει
3555 3444 3623 3507 τὰς
3641 3441 3716 3510 πρὸς

2281 3543 2416 3596 Θεὸν
2446 3543 2721 3612 συνθήκας
2767 3545 3143 3613 ἀρνήσασθαι.
3186 3545 3426 3597 Τοιοῦτον
3456 3541 3548 3610 πῦρ
3586 3535 3716 3600 might

2281 3637 2329 3687 οί
2370 3634 2621 3703 δαίμονες
2650 3634 2792 3686 κατὰ
2820 3633 2913 3687 τοῦ
2952 3637 3196 3705 μεγάλου
3233 3635 3388 3687 Δαϐίδ
3412 3650 3425 3664 ⁸
3454 3629 3565 3701 ὁμοῦ
3593 3644 3633 3678 τε
3659 3623 3716 3689 γάρ

2282 3720 2389 3776 εῐδε
2417 3723 2477 3776 τὸ
2512 3723 2706 3787 κάλλος
2757 3724 3073 3794 Βηρσαϐεὲ,
3110 3727 3203 3779 καὶ
3231 3725 3323 3779 τοῦ
3363 3722 3483 3777 Θεοῦ
3512 3716 3717 3773 ἐπελάθετο.

2285 3816 2406 3868 Ὅτι
2436 3816 2545 3885 γὰρ
2579 3816 2649 3868 τὰ
2700 3815 2811 3869 τῶν
2872 3817 3082 3885 ἡδονῶν
3136 3816 3517 3885 ὑπεκκαύματα
3558 3808 3615 3877 τῷ
3647 3801 3718 3869 πυρὶ

2284 3908 2669 3977 ἀφωμοίωται,
2708 3912 2969 3979 παραινεῖ
2992 3911 3251 3980 Σολομῶν
3273 3926 3290 3942 ο
3323 3911 3392 3980 μὴ
3429 3905 3651 3983 ἐπιψαύειν
3673 3896 3720 3947 ί·

2285 4000 2488 4070 θρακος
2538 3998 2732 4068 γυμνῷ
2757 3999 2836 4068 τῷ
2865 4001 2985 4053 ποδί
3017 4016 3030 4031 ·
3074 4005 3214 4072 μήτε
3272 4001 3378 4070 πῦρ
3398 3998 3465 4067 τῷ
3497 3984 3634 4059 κόλπῳ
3655 3991 3719 4037 Μ’

2286 4090 2638 4145 ποτίθεσθοιι⁸
2676 4092 3110 4160 ἐπακολουθήσει
3168 4093 3337 4165 γὰρὴ
3385 4089 3575 4148 καῦσις,
3608 4074 3722 4139 καὶτῷ

2286 4183 2474 4252 κόλπῳ
2508 4184 2599 4235 καὶ
2629 4182 2706 4253 τῷ
2739 4183 2883 4237 ποδί.
2910 4183 3103 4237 Βούλει
3136 4184 3487 4255 θερμανθῆναι
3506 4179 3604 4246 θείῳ
3622 4170 3719 4238 πνρὲς

2295 4273 2509 4342 Μελέτη
2543 4290 2625 4325 σοι
2652 4272 2738 4325 διὰ
2771 4272 2886 4341 βίου
2916 4271 3058 4326 ἔστω
3084 4274 3113 4325 ὁ
3138 4273 3381 4337 θάνατος,
3414 4266 3557 4322 καὶτὸ
3583 4256 3723 4330 φάθ’

2288 4363 2631 4432 λογοθέσιον,
2663 4364 2759 4417 καὶ
2786 4365 2844 4415 ὲν
2904 4367 2971 4434 τῇ
3007 4364 3238 4436 τοιαύτῃ
3290 4362 3472 4435 μελέτῃ
3512 4374 3584 4409 σου
3605 4354 3720 4403 tum

2293 4457 2521 4528 θήσεται
2549 4454 2683 4527 πῦρ.
2710 4456 2776 4508 Τί
2804 4451 2900 4509 οῦν
2959 4456 3038 4527 τῷ
3065 4457 3163 4511 τοῦ
3218 4455 3493 4527 κορυφαίου
3544 4445 3723 4511 divinum

2291 4546 2698 4615 παιδευόμεθα;
2739 4546 2822 4599 Τὸ
2853 4546 2964 4619 πῦρ
3020 4548 3292 4603 ἐκκλίνειν
3341 4547 3442 4601 τῶν
3492 4528 3723 4613 ἡδονῶν,γ²ῖ

2296 4639 2493 4712 πόρρω
2518 4639 2799 4709 διατηρεῖν
2840 4641 3071 4707 ἑαυτοὺς
3105 4643 3202 4697 τοῦ
3234 4640 3401 4696 κακοῦ
3429 4632 3721 4708 γειτονὴμιτθὲο

683 4782 729 4813 ⁸⁵
759 4782 900 4838 Psal.
928 4798 1001 4849 οι,
1034 4786 1085 4840 9.
1168 4785 1214 4817 ⁸⁸
1244 4784 1286 4839 ll
1316 4784 1448 4857 Reg.
1479 4803 1551 4853 ιι,
1588 4788 1642 4843 '5.
1720 4788 1941 4844 "Prov.
1969 4804 2045 4856 vi,
2072 4788 2168 4857 27,

2265 4789 2295 4841 ι.
2372 4789 2416 4821 ³⁸
2444 4786 2588 4845 Psal.
2625 4804 2854 4856 xxxvm,
2884 4790 2941 4845 4.

1842 4900 2164 4963 Francisci
2201 4900 2412 4963 Scorsi
2444 4910 2631 4964 noun.

683 5026 795 5097 (78)
852 5026 1041 5083 Poenas
1092 5029 1373 5099 inﬂigeret.
1422 5027 1709 5095 Ἐπιτίμια
1761 5027 1922 5081 habet
1966 5026 2188 5099 Graecus

612 5100 853 5164 apposite
896 5115 910 5149 :
962 5111 1088 5152 sunt
1133 5098 1274 5151 enim
1322 5100 1537 5168 proprie
1582 5098 1948 5151 ecclesiastica
1997 5098 2185 5163 multa,

609 5182 839 5239 quarum
862 5170 1128 5239 rationem
1156 5181 1209 5222 et
1234 5169 1462 5223 fortnam
1494 5173 1635 5236 leges
1667 5169 1855 5239 synod.
1880 5182 1953 5222 VII
1986 5182 2186 5222 mcum.

611 5246 717 5287 act.
744 5236 798 5299 2,
827 5237 914 5290 libi
945 5238 1063 5303 ejus
1091 5241 1332 5293 vocabuli
1364 5255 1508 5294 usus.
1537 5236 1995 5304 Quod‘adnutavit
2021 5240 2183 5291 etiam

610 5304 879 5361 Duronius
919 5322 1008 5362 an.
1042 5307 1166 5373 869,
1202 5307 1440 5363 referens
1480 5310 1670 5380 synodi
1703 5309 1888 5380 ipsius
1933 5318 2040 5361 act.
2072 5305 2188 5360 Non

611 5391 746 5448 nego
805 5380 944 5445 apud
991 5389 1201 5432 veteres
1257 5379 1545 5448 scriptorcs
1601 5390 1655 5433 et
1695 5379 1805 5445 jam
1868 5394 1964 5447 pro
2021 5379 2188 5448 multa

605 5444 894 5512 iudiciaria
925 5450 1198 5516 usurpari.
1224 5449 1341 5514 Dio,
1367 5444 1459 5503 lib.
1484 5464 1592 5512 Liv,
1618 5460 1671 5503 et
1698 5444 1790 5503 lib.
1816 5444 2003 5513 xixvr,
2031 5447 2188 5501 initio

611 5530 676 5567 eo
706 5533 855 5571 USIIS.

687 5586 1052 5708 ﬂigi-Meliore
1081 5589 1432 5659 providentia.
1464 5589 1598 5645 Vide
1627 5604 1791 5658 supra
1821 5590 1887 5644 ad
1920 5588 2065 5643 hom.
2095 5586 2183 5654 '57,

612 5663 726 5707 not.
756 5663 844 5710 67.

2361 5028 2473 5099 (80)
2528 5025 2709 5099 Nm!“
2758 5024 2996 5099 Pedibus.
3039 5022 3122 5099 Es
3170 5022 3330 5099 Prov.
3364 5034 3472 5087 cap.
3504 5015 3725 5099 rusei-IT

2289 5083 2395 5153 non
2428 5083 2589 5151 verba
2620 5083 2874 5157 desumit,
2904 5111 3022 5163 qua:
3054 5094 3165 5146 alio
3194 5094 3377 5163 ordine
3404 5083 3726 5163 εἰιηιξουοίῇιξξ

2288 5144 3033 5239 ἔίῖεέιῖἰηίῖιεῖιιὲιῐίέ’ξᾸτέὸο-ιι
3044 5144 3240 5225 σει-τις
3266 5144 3375 5239 πῦρ
3401 5159 3453 5210 ὲν
3478 5144 3727 5239 attingi:

2291 5239 2484 5320 inﬁma.
2512 5238 2572 5324 ού
2597 5252 2775 5319 κατακ
2786 5215 3403 5324 αιῖιὶσειιξίπεριπατήσει
3430 5244 3503 5313 τις
3524 5223 3592 5277 ἐπ’
3607 5215 3729 5324 ἓξ)ξῖ

2297 5299 2409 5360 κῶν
2436 5306 2630 5374 πυρὸς,
2650 5305 2778 5366 τοὺς
2813 5304 2868 5356 δὲ
2911 5299 3077 5374 πόδας
3118 5299 3188 5374 ού
3220 5299 3715 5374 κατακῂαύσειςρῠῖφξν

2723 5354 2974 5441 ’ξυναῖκα
3021 5354 3293 5442 ῦῖτανδρον
3317 5386 3331 5401 ·
3373 5354 3599 5435 Λιιηιᾳιιὶά

2294 5428 2803 5500 Ιιοηιοναὺδεοιίάρὶτ
2845 5445 3014 5529 ignem
3056 5444 3109 5494 in
3154 5428 3276 5529 sinu
3314 5457 3421 5502 suo,
3455 5428 3731 5529 strauit":

2296 5517 2442 5570 illius
2484 5532 2584 5601 non
2630 5504 2890 5601 ardeant?
3058 5514 3327 5601 imbuta.”

2294 5603 2398 5640 non
2431 5588 2805 5638 comburantur
2838 5584 3029 5652 planta:
3048 5584 3190 5649 ejus,
3230 5585 3302 5635 sic
3338 5571 3426 5649 qui
3454 5571 3715 5645 ingreditur”

2294 5656 2559 5710 mulierem
2589 5655 2813 5723 proximi
2843 5654 2944 5707 sui.
