3934 6222
350 307 454 373 969

1723 305 1914 366 HOM]
1927 305 2054 366 LIA
2095 306 2242 367 LVI.

3487 306 3590 368 9ῗο

351 418 494 472 Εἰδέ
531 434 636 470 τινι
667 416 848 487 συμϐῇ
876 415 1032 469 τοῦτο
1065 414 1318 484 γενέσθαι
1363 417 1510 481 ποτὲ,
1549 416 1642 469 καὶ
1685 416 1778 470 τοῦ
1809 433 1915 469 πυ-

2030 415 2198 471 lorum
2238 414 2433 470 vicinia
2475 413 2658 484 procul
2691 414 3000 485 abiungere.
3035 413 3185 482 Quod
3241 415 3284 472 si
3334 416 3420 472 cui
3455 416 3596 472 forte

352 512 445 582 ρὸς
481 512 802 580 μετασχεῖν,
839 510 872 580 ἢ
903 509 996 562 τοῦ
1047 509 1256 562 καπνοῦ
1294 512 1393 580 τῆς
1439 509 1920 578 συγκαταθέσεως,

353 601 630 673 ὀτραλέως
692 601 1069 671 ἀποπηδῆσαι,
1121 603 1218 656 καὶ
1272 601 1468 656 θᾶττον
1503 602 1609 667 ἔξω
1665 601 1922 670 γενέσθαι

349 694 444 747 τοῦ
467 695 789 764 πτώματος,
832 695 910 764 τῷ
951 695 1046 747 τοῦ
1096 694 1335 764 μεγάλου
1390 695 1598 764 Πέτρου
1648 694 1922 763 ἑπόμενον

350 788 784 859 παραδείγματι,
812 788 870 850 ὃς
913 789 1051 858 μετὰ
1085 787 1183 858 τὴν
1241 788 1470 857 ἄρνησιν
1520 786 1786 855 ἐξελθὼν,
1816 785 1923 851 ἔξω

349 877 444 931 τοῦ
477 877 770 947 πτώματος
795 876 995 947 δηλαδὴ
1016 876 1244 930 ἔκλαυσε
1266 877 1504 948 πικρῶς,
1537 878 1631 930 καὶ
1653 875 1798 929 οὕτω
1823 876 1922 946 τὴν

349 966 524 1042 ἧτταν
550 970 939 1022 ἀνεκαλέσατο.
979 967 1246 1021 Τοσοῦτον
1304 968 1480 1038 ἰσχύει
1513 968 1574 1021 τὸ
1614 969 1714 1037 τῆς
1752 985 1922 1037 μετα-

349 1061 500 1125 νοίας
529 1061 809 1114 θεόσδοτον
841 1059 1154 1130 φάρμακον.
1191 1059 1354 1113 Ταῦτ’
1382 1057 1477 1114 οὖν
1525 1061 1749 1126 εἰδότες,
1786 1063 1921 1127 ἁγα-

350 1155 536 1224 πητοὶ,
566 1153 668 1223 τὴν
698 1153 992 1222 μετάνοιαν
1022 1152 1426 1222 ἀσπασώμεθα,
1460 1153 1802 1225 ἐλεημοσύνη
1827 1155 1922 1206 καὶ

349 1246 583 1315 δάκρυσι
607 1245 677 1297 τὰ
702 1243 1022 1314 ἐσφαλμένα
1073 1246 1206 1312 ἡμῖν
1251 1243 1705 1314 ἐκκαθαίροντες·
1772 1245 1922 1297 ἀδια-

350 1335 586 1396 λείπτως
643 1334 930 1404 εὐχόμενοι
991 1335 1050 1386 ὲν
1103 1333 1327 1396 πολλαῖς
1370 1335 1508 1388 ὲτῶν
1561 1335 1831 1406 περιόδοις
1862 1337 1922 1388 τὸ

351 1429 547 1498 κράτος
565 1426 1021 1496 διαφυλάττεσθαι
1044 1425 1136 1479 τοῦ
1160 1428 1418 1492 εὐσεϐοῦς
1437 1428 1701 1498 βασιλέως
1723 1430 1878 1499 ἡμῶν
1907 1447 1918 1460 ·

350 1519 404 1582 6;
433 1519 691 1589 εὐσεϐείᾳ
723 1519 848 1582 τοὺς
870 1519 1044 1589 ἀρχῆς
1079 1519 1279 1572 ἰθύνων
1314 1522 1443 1584 τούς
1473 1521 1691 1584 οἴακας,
1715 1522 1808 1575 καὶ
1836 1520 1923 1574 λό-

350 1627 468 1677 γοις
525 1609 749 1680 κοσμῶν
829 1609 890 1662 τὺ
947 1610 1205 1680 διάδημα,
1268 1615 1362 1663 καὶ
1431 1612 1764 1682 χρηστότητι
1798 1613 1923 1683 τρό-

349 1718 471 1754 πων
501 1702 898 1770 κοσμούμενος,
928 1699 987 1763 ὲξ
1015 1701 1216 1771 ἀρετῆς
1251 1702 1472 1770 γνήσιον
1498 1701 1610 1770 ἔχει
1637 1701 1729 1753 τὸν
1764 1702 1923 1754 ἔπαι-

350 1805 458 1841 νον.
496 1788 686 1857 Τούτῳ
710 1789 780 1840 τὰ
839 1789 1098 1858 σκῆπτρα
1127 1789 1450 1860 διατηρήσοι
1494 1792 1552 1843 ὲν
1607 1791 1799 1862 εἰρήνῃ
1829 1793 1923 1846 καὶ

349 1877 701 1948 γαληνότητι,
737 1880 764 1930 6
786 1877 910 1941 δοὺς
941 1878 1091 1948 αὐτῷ
1123 1879 1184 1932 τὸ
1222 1880 1426 1949 κράτος
1460 1881 1718 1950 Χριστὸς,
1751 1884 1778 1933 6
1827 1883 1923 1934 σὺν

350 1970 551 2040 ΙΙατρὶ,
589 1971 682 2023 καὶ
709 1970 989 2041 Πνεύματι
1027 1969 1408 2042 δοξαζόμενος,
1443 1972 1538 2027 καὶ
1583 1972 1922 2042 ὑμνούμενος

350 2063 464 2124 νῦν,
523 2063 619 2116 καὶ
670 2063 782 2127 ἀεὶ,
852 2064 948 2119 καὶ
1000 2066 1084 2128 εἰς
1137 2063 1265 2127 τοὺς
1322 2064 1531 2128 αἰῶνας
1552 2065 1660 2118 τῶν
1686 2064 1918 2120 αἰώνων.

362 2157 415 2206 Ἃ
429 2157 558 2225 μήν.

913 2267 1158 2320 ΟΜΙΛΙΑ
1185 2265 1326 2335 Nq'.

358 2361 612 2429 Ἐ.1έχθη
641 2360 707 2412 ἐν
725 2358 796 2427 τῇ
817 2359 993 2428 ἑορτῇ
1021 2359 1125 2413 τοῦ
1152 2361 1324 2428 ἁγίου
1345 2361 1704 2428 Προκοπίου,
1738 2363 1923 2428 -Εἰς

608 2441 676 2483 το
702 2447 714 2459 ·
753 2450 770 2481 ι
807 2429 1000 2485 Ταῦτα
1035 2431 1394 2499 ἐντέλλομαι
1430 2430 1592 2499 ὑμῖν.
1629 2447 1646 2481 ι
1783 2437 1786 2440 ’

423 2524 536 2576 Καὶ
557 2522 862 2594 κιθαρῳδὸς
892 2520 1034 2592 ἀνὴρ
1067 2523 1326 2586 πολλάκις
1355 2523 1455 2586 τὰς
1486 2523 1688 2591 ἀγυιὰς
1711 2525 1925 2596 διερχό-

353 2633 534 2686 μενος,
573 2617 668 2669 καὶ
711 2613 982 2688 όμηγύρει
1040 2615 1287 2678 νεολαίας
1335 2617 1573 2689 ὲντυχζυν
1609 2619 1750 2672 κατὰ
1784 2621 1923 2690 πάρ-

349 2709 490 2773 οδον,
517 2709 616 2772 τὰς
663 2708 861 2780 χορδὰς
889 2709 1052 2771 εὐθὺς
1103 2709 1386 2776 ἐπιτείνει,
1424 2713 1518 2763 καὶ
1549 2711 1609 2764 τὺ
1647 2711 1923 2783 πλῆκτρον

351 2801 588 2864 ἐπιθεὶς,
622 2801 780 2870 μέλος
808 2799 1176 2854 ἀναϐάλλεται
1209 2800 1485 2855 σύντονον.
1530 2802 1683 2854 Ἐπεὶ
1712 2801 1806 2854 οὖν
1829 2803 1925 2854 καὶ

351 2895 512 2963 ἡμεῖς
549 2893 628 2954 εἰς
662 2891 758 2960 τὴν
836 2893 987 2961 ἱεράν
1057 2892 1262 2962 ταύτην
1311 2894 1620 2962 πανήγυριν
1676 2895 1740 2946 ἐκ
1789 2911 1928 2964 παρ-

351 2989 474 3040 όδου
530 2987 890 3058 συνήλθομεν,
954 2991 1017 3058 τῇ
1054 2991 1153 3059 τῆς
1209 2989 1404 3061 ἑορτῆς
1450 2990 1803 3061 λαμπρότητι
1826 2992 1924 3064 τὴν

2027 507 2306 576 contingat
2346 506 2448 561 hoc
2497 506 2804 575 aliquando,
2837 516 2894 561 ut
2924 507 3080 577 hujus
3134 508 3276 578 ignis
3324 510 3594 579 particeps

2031 599 2142 665 (lat,
2176 609 2232 655 et
2269 614 2566 655 consensus
2597 599 2744 654 fumo
2773 601 3111 667 involvatnr,
3165 601 3291 656 inde
3330 617 3490 670 quam
3518 605 3598 658 ei-

2029 689 2238 745 tissime
2286 691 2532 751 exsilire.
2588 699 2643 744 et
2694 691 2832 744 Petri
2890 691 3137 759 exemplo
3167 691 3236 746 ab
3289 691 3376 747 illa
3409 693 3592 747 statim

2030 782 2181 835 ruina
2226 783 2500 847 revocari,
2537 783 2628 852 qui
2669 793 2951 851 postquam
3005 784 3272 850 peccavit,
3304 783 3492 849 exivit,
3525 786 3595 840 ab

2027 872 2117 926 illo
2165 874 2373 929 scilicet
2420 875 2569 944 lapsu
2608 876 2847 938 recessit,
2891 886 2965 936 et,
3009 895 3026 926 ι
3070 875 3211 929 ﬂevit
3239 891 3421 932 amare
3468 877 3533 941 ",
3574 895 3592 928 ι

2028 965 2392 1034 damnumque
2425 968 2496 1022 ita
2531 969 2922 1034 compensavit.
2971 966 3201 1020 Tantum
3241 968 3377 1022 valet
3418 968 3596 1037 poeni-

2029 1058 2210 1110 tentia:
2237 1059 2533 1111 remedium
2583 1059 2674 1113 Dei
2725 1059 2986 1114 bcnelicio
3017 1059 3224 1115 datum.
3262 1060 3385 1115 llaec
3436 1062 3600 1131 igitur

2028 1149 2282 1216 scientes,
2510 1151 2872 1216 dilectissimi,
2901 1153 3272 1221 pceuiienliam
3304 1152 3600 1222 amplecta-

2030 1257 2170 1305 mur,
2224 1241 2606 1312 eleemosyma,
2647 1253 2695 1297 et
2747 1241 3002 1313 iacrymis
3035 1253 3256 1312 peccata
3286 1253 3472 1297 nostra
3503 1259 3600 1298 ex-

2026 1331 2252 1399 piemus;
2275 1347 2370 1388 nec
2388 1348 2626 1402 unquam
2642 1335 2966 1388 desistamus
2984 1335 3109 1388 illud
3123 1350 3154 1388 a
3171 1335 3281 1389 Deo
3299 1337 3601 1406 precari,nt

2027 1425 2346 1491 permultos
2367 1439 2630 1479 annorum
2665 1425 2930 1480 circuitus
2971 1425 3058 1495 pio
3082 1426 3394 1496 imperatori
3417 1437 3602 1482 nostro

2026 1525 2308 1569 conservet
2335 1516 2648 1585 potentiam,
2685 1518 2774 1586 qui
2813 1517 2936 1571 dum
2971 1533 3066 1586 per
3095 1519 3346 1588 pietatem
3391 1517 3600 1572 clavum

2025 1607 2236 1676 imperii
2257 1609 2460 1677 dirigit,
2499 1618 2554 1662 et
2588 1625 2712 1663 cum
2735 1626 2939 1664 morum
2959 1610 3222 1680 probitate
3240 1621 3464 1666 ornatus
3488 1612 3602 1680 ipse

2026 1699 2116 1759 sit,
2143 1709 2254 1751 tum
2275 1699 2437 1752 etiam
2459 1699 2706 1771 diadema
2731 1699 2991 1755 doctrinis
3017 1699 3128 1772 (Si)
3150 1711 3397 1768 exornet,
3418 1716 3600 1756 veram

2029 1790 2424 1859 ingenuamque
2455 1790 2664 1843 laudem
2721 1790 2930 1845 obtinet
2974 1808 3002 1844 a
3033 1793 3233 1847 virtute
3273 1793 3598 1863 profectam.

2024 1879 2182 1944 Huic,
2234 1881 2474 1949 inquam,
2505 1881 2557 1935 in
2590 1896 2744 1951 pace,
2795 1893 2850 1936 et
2881 1885 3272 1951 tranquillitate
3317 1895 3595 1954 sceptrum

2024 1980 2302 2027 conservet
2335 1973 2426 2026 ille
2455 1972 2546 2041 qui
2577 1974 2722 2028 dedit
2748 1975 3031 2044 imperium
3053 1975 3328 2040 Christus,
3357 1978 3451 2048 qui
3475 1993 3602 2032 eum

2023 2061 2205 2129 Patre,
2259 2071 2311 2116 et
2343 2063 2546 2132 Spiritu
2574 2063 2933 2133 glorificatur,
2964 2075 3018 2120 et
3041 2067 3349 2122 celebratur
3381 2082 3521 2122 nunc
3548 2078 3604 2123 et

2025 2169 2260 2222 semper,
2297 2164 2349 2208 et
2382 2156 2431 2207 in
2455 2157 2653 2210 saecula
2683 2158 3028 2214 saeculorum.
3053 2160 3247 2214 Amen.

2609 2283 2888 2340 llOIilLlA
2923 2285 3057 2341 LVI.

2025 2374 2176 2428 Dicta
2205 2387 2278 2430 est
2308 2378 2358 2430 in
2388 2376 2522 2445 festo
2542 2375 2622 2446 κδ.
2659 2375 3056 2446 Ιινοεοινὶὶι(8ἓ).
3087 2409 3157 2418 -
3186 2379 3249 2433 In
3282 2380 3374 2434 illa
3395 2382 3547 2435 verba
3581 2399 3600 2436 :

2477 2464 2495 2497 ι
2531 2444 2660 2500 Ηανσ
2697 2449 2890 2500 mando
2926 2444 3089 2502 vobis.
3130 2467 3149 2500 ι

2098 2540 2478 2610 Saepenumero
2499 2539 2844 2609 eytharmdus
2861 2539 3021 2592 etiam
3043 2539 3306 2610 quispia-n
3331 2557 3428 2611 per
3455 2558 3603 2598 com-

2027 2635 2136 2704 pita
2162 2631 2541 2697 obambulans,
2575 2640 2628 2686 et
2652 2631 2989 2702 frequentem
3017 2630 3276 2700 juvenum
3309 2635 3485 2689 obiter
3513 2651 3604 2690 co-

2026 2738 2215 2777 rouam
2234 2721 2510 2779 oli‘endens
2532 2723 2732 2778 chorda
2749 2738 2807 2778 se
2828 2724 3053 2792 vestigio
3071 2724 3319 2789 intendit,
3338 2735 3392 2778 et
3411 2726 3600 2780 admo-

2031 2825 2084 2869 to
2105 2799 2330 2885 plectro,
2356 2824 2719 2884 contentaque
2739 2829 2870 2871 voce
2897 2815 3091 2884 occipit
3119 2816 3443 2870 cantionem.
3465 2818 3599 2871 Cum

2031 2905 2196 2974 igitur
2251 2915 2305 2960 et
2354 2921 2455 2962 nos
2507 2909 2572 2960 ad
2631 2921 2842 2961 sacram
2895 2907 3035 2962 hanc
3091 2908 3454 2962 ce'ebritatem
3509 2925 3605 2979 per

2033 2999 2316 3052 transitum
2348 2999 2786 3061 convenerimus,
2837 2999 2902 3052 ad
2935 2998 3042 3053 diei
3097 2999 3216 3053 festi
3257 2998 3602 3068 splendorem

348 3079 452 3149 τῆς
481 3078 829 3141 διδασκαλίας
858 3080 1178 3151 προσθήκην
1203 3081 1514 3151 εἰσάξομεν.
1554 3084 1788 3151 Ἀλογον
1816 3085 1922 3154 γὰρ

2030 3091 2297 3144 sermonis
2330 3091 2490 3160 hujus
2522 3090 2863 3144 corollarium
2917 3091 3254 3157 adjiciemus.
3291 3091 3602 3146 Ahsurdum

351 3173 477 3234 τοὺς
519 3171 618 3242 μὲν
651 3171 780 3242 περὶ
813 3171 914 3234 τὰς
949 3174 1272 3242 σωματικὰς
1313 3175 1614 3245 ἐμπορείας
1647 3176 1926 3246 ἐπτοημέ-

351 3279 503 3328 νους,
545 3263 682 3334 πρὸς
722 3262 938 3326 ὲκείνας
983 3263 1418 3334 ἐνασχολεῖσθαι,
1471 3265 1546 3329 ὡς
1575 3265 1640 3320 ἂν
1672 3267 1746 3338 μὴ
1785 3285 1925 3340 παρ-

352 3357 556 3410 έλθοιεν
575 3357 677 3428 τὴν
711 3357 1021 3428 πανήγυριν
1040 3357 1516 3428 ἁπραγμάτευτοι,
1549 3361 1697 3429 ἡμᾶς
1717 3360 1773 3412 δὲ
1798 3364 1924 3424 τοὺς

350 3449 814 3519 ὲμπιστευθέντας
871 3448 974 3517 τῆς
1041 3448 1391 3512 διδασκαλίας
1439 3450 1500 3504 τὸ
1533 3450 1815 3517 τάλαντον,
1850 3451 1926 3522 μὴ

352 3542 682 3595 καταλαϐεῖν
707 3541 838 3594 αὐτὸ
869 3543 982 3603 τοῖς
1014 3541 1198 3603 καλοῖς
1249 3541 1403 3610 ὑμῶν
1443 3540 1820 3613 τραπεζίταις,
1849 3543 1926 3606 ὡς

349 3629 418 3687 ἂν
438 3634 528 3687 διὰ
559 3633 660 3703 τῆς
688 3633 797 3686 τῶν
852 3632 1086 3685 ἐντολῶν
1128 3632 1415 3702 ἐργασίας,
1444 3632 1924 3704 πολυπλασιάσητε

351 3731 414 3782 τὸ
443 3730 594 3782 κάτω
624 3726 1098 3796 καταϐαλλόμενον
1125 3767 1140 3792 ,
1175 3729 1270 3779 καὶ
1316 3727 1489 3780 ταῦτα
1542 3726 1926 3797 πολυπληθοῦς

351 3821 518 3891 οὔσης
573 3822 674 3888 τῆς
733 3819 1164 3891 συνεκχεύσεως,
1198 3821 1292 3873 καὶ
1338 3819 1559 3874 πάντων
1615 3821 1926 3891 κεχηνὸτων

356 3917 493 3985 πρὸς
523 3915 622 3984 τὴν
651 3915 939 3985 ἀκρόασιν.
967 3914 1160 3966 Αὐτῶν
1191 3913 1286 3966 οὖν
1316 3913 1428 3966 τῶν
1463 3913 1926 3984 ἀναγνωθησομέ-

352 4025 462 4060 νων
485 4006 784 4060 θεολεκτῶν
809 4007 1074 4077 ῥημάτων
1100 4005 1450 4076 ἀκούσωμεν.

431 4119 451 4151 ι
487 4097 653 4153 Εἶπεν
680 4102 706 4152 6
740 4097 946 4170 Κύριος
998 4101 1112 4160 τοῖς
1153 4097 1349 4152 ἑαυτοῦ
1389 4098 1662 4169 μαθηταῖς
1687 4113 1700 4126 ⁸
1739 4097 1924 4151 Ταῦτα

355 4191 675 4261 ἐντέλλομαι
711 4193 861 4260 ὑμῖν,
899 4191 988 4243 ἵνα
1011 4191 1264 4258 ἀγαπᾶτε
1289 4189 1576 4259 ἀλλήλους.
1613 4191 1756 4260 »Τὴν
1786 4190 1925 4258 ὑπὲρ

351 4282 463 4335 τῶν
522 4281 832 4354 ἀνθρώπων
877 4282 1197 4348 οἰκονομίαν
1252 4281 1477 4350 πληρῶν
1505 4283 1533 4333 ὁ
1593 4282 1802 4351 Σωτὴρ,
1833 4281 1926 4333 καί

348 4376 452 4447 ἤδη
491 4377 630 4447 πρὸς
677 4378 739 4428 τὸ
767 4375 1070 4444 κεφάλαιον
1120 4375 1295 4445 αὐτῆς
1351 4376 1588 4444 ἰέμενος,
1637 4375 1774 4444 ὅπερ
1796 4371 1867 4444 ἦν
1895 4374 1923 4426 6

426 4515 469 4548 ³⁸
495 4515 685 4570 Matth.
722 4531 890 4580 χχιιι,
927 4515 1016 4570 57.
1093 4513 1138 4546 ⁸ο
1165 4514 1321 4568 Joan.
1360 4531 1450 4576 xv,
1491 4513 1556 4566 12
1588 4527 1741 4580 seqq.

2028 3178 2170 3232 enim
2207 3190 2290 3233 est
2333 3194 2425 3233 eos
2473 3179 2564 3249 qui
2618 3178 2877 3232 ﬂuxarnm
2917 3193 3076 3248 opum
3123 3191 3440 3235 mercatura:
3487 3191 3605 3235 stu-

2028 3275 2174 3333 dent,
2208 3270 2278 3324 ita
2311 3271 2378 3326 iis
2411 3279 2649 3326 attentos
2678 3286 2818 3335 esse,
2843 3279 2900 3325 ut
2938 3270 3276 3340 frequentem
3301 3282 3601 3326 mercatum

2029 3365 2232 3418 nullum
2287 3369 2632 3430 praetereant,
2688 3361 2739 3413 in
2789 3376 2896 3429 quo
2931 3376 3034 3415 non
3075 3362 3443 3431 negotientur.
3492 3361 3605 3416 Nos

2028 3469 2156 3508 vero
2190 3453 2385 3520 quibus
2434 3452 2693 3506 doctrinae
2725 3451 2999 3506 tradenda:
3041 3453 3301 3507 talentum
3347 3454 3606 3508 commis-

2028 3560 2146 3600 sum
2177 3554 2282 3608 est,
2319 3558 2424 3596 non
2455 3542 2610 3608 ,ξηιιά
2644 3543 2783 3611 apud
2823 3558 2918 3597 vos
2948 3545 3184 3614 Optimos
3221 3545 3511 3614 trapezitae
3546 3547 3600 3600 in

2028 3637 2179 3692 lucro
2213 3650 2435 3703 ponere,
2490 3644 2544 3689 ut
2582 3649 2677 3700 per
2725 3636 3044 3691 exercitium
3082 3646 3472 3706 praeceptorum
3509 3639 3604 3692 de-

2029 3729 2260 3796 positum
2321 3727 2758 3796 multiplicetur:
2812 3743 2935 3783 cum
2989 3728 3286 3798 praesertim
3348 3728 3602 3792 frequen-

2032 3825 2274 3879 tissimus
2340 3832 2636 3879 conventus
2691 3822 2782 3878 hic
2832 3825 2939 3887 sit,
2993 3832 3048 3878 et
3099 3837 3290 3878 omnes
3346 3823 3603 3878 audiendi

2030 3915 2356 3971 avidissimi.
2433 3915 2550 3983 Ipsa
2625 3913 2788 3983 igitur
2871 3915 3120 3983 praelecta
3201 3915 3365 3969 verba
3421 3915 3603 3970 divina

2028 4007 2314 4061 audiamus
2333 4006 2377 4037 ⁸ο
2411 4021 2424 4056 :
3186 4057 3202 4067 .

2105 4116 2122 4148 ‹
2165 4095 2308 4150 Dixit
2340 4094 2495 4151 Jesus
2525 4094 2802 4163 discipulis
2839 4095 2954 4149 suis
2984 4111 2998 4148 :
3036 4093 3159 4150 Hzec
3192 4095 3388 4148 mando
3423 4095 3598 4158 vobis,

2029 4198 2087 4243 ut
2112 4188 2349 4256 diligatis
2374 4188 2626 4242 invicem.
2657 4205 2675 4238 ι
2715 4186 2853 4241 Cum
2883 4201 2968 4251 ea,
2993 4202 3114 4256 qua:
3150 4187 3403 4242 humana:
3457 4187 3603 4240 salu-

2031 4281 2098 4333 tis
2161 4295 2326 4336 causa
2383 4281 2641 4350 disposita
2697 4287 2874 4344 erant,
2911 4279 3160 4334 Salvator
3200 4279 3499 4348 implesset,
3546 4287 3602 4334 et

2023 4375 2137 4440 jam
2171 4373 2236 4427 ad
2262 4373 2640 4442 imponendum
2677 4372 2742 4428 iis
2769 4385 3061 4439 summam,
3107 4387 3326 4427 crucem
3369 4373 3600 4439 scilicet,

1577 4635 1896 4696 Francisci
1936 4634 2138 4698 Scorsi
2174 4642 2365 4695 noue.

424 4761 535 4832 (8i)
565 4759 821 4814 Diademn
853 4762 1133 4819 doctrinis.
1163 4760 1237 4814 Ex
1271 4761 1372 4814 hoc
1401 4758 1746 4832 epilogoduo
1777 4759 1917 4832 sumi
1953 4767 1996 4821 ι)
2023 4775 2164 4832 vero,
2202 4762 2440 4816 tenuisse
2486 4776 2580 4830 per
2625 4762 2831 4831 aliquot
2876 4777 3047 4816 annos
3094 4779 3214 4816 cum
3267 4764 3381 4831 ipso
3423 4764 3604 4820 Leone

351 4829 939 4901 argttmenlaposmnt
988 4849 1000 4883 :
1054 4834 1284 4898 primum
1329 4831 1470 4901 quod
1517 4829 1667 4901 initio
1710 4831 1918 4893 monui,

354 4898 495 4956 hanc
531 4899 803 4952 homiliam
841 4901 1074 4954 habitam
1111 4898 1607 4963 Constantinopoli;
1654 4907 1920 4962 praesente

277 4981 284 4988 '
349 4973 496 5026 enim
527 4969 871 5038 imperatore,
905 4973 988 5022 cui
1023 4972 1154 5024 bene
1184 4977 1455 5038 precatur,
1484 4982 1643 5033 quem
1677 4967 1860 5038 laudat
1889 4984 1919 5021 a

352 5056 565 5095 morum
600 5037 886 5108 probitate,
920 5055 948 5092 a
992 5040 1259 5098 doctrina,
1297 5037 1473 5108 habita
1512 5051 1639 5108 esse
1679 5037 1918 5101 videtur,

352 5122 518 5178 atque
564 5106 612 5163 is
656 5107 1123 5178 Constantinopoli
1173 5107 1461 5162 residebat.
1495 5106 1921 5178 Altertmi_tern-

350 5175 484 5250 pore
509 5179 688 5250 Basilii
716 5175 1035 5250 Macedonis,
1061 5180 1151 5247 qui
1180 5179 1425 5250 conditor
1444 5175 1630 5250 templi
1665 5175 1723 5228 S.
1752 5175 1918 5250 P_e_tri,

355 5244 414 5303 ut
444 5249 653 5306 ostendi
691 5251 851 5303 etiam
889 5263 952 5302 ex
985 5244 1192 5303 Joanne
1226 5246 1584 5313 Cnropalata,
1616 5255 1669 5298 et
1700 5244 1918 5313 quidem

353 5335 458 5372 una
494 5334 614 5374 eum
653 5320 761 5372 lilio
791 5318 970 5372 Leone
1008 5319 1392 5385 quiSapientis
1433 5331 1726 5383 cognomen
1773 5318 1918 5369 obti-

353 5389 502 5452 nuit,
545 5388 897 5456 imperantis;
949 5388 1069 5441 huic
1119 5391 1264 5441 enim
1316 5387 1548 5456 maxime
1594 5386 1922 5456 conveniunt

353 5458 542 5511 laudes
575 5455 835 5511 ductrinae
878 5468 933 5511 et
971 5459 1316 5525 eloquentur).
1349 5455 1474 5509 Fuit
1508 5455 1650 5508 enim
1689 5455 1843 5525 juris,
1865 5465 1921 5509 et

351 5529 520 5582 totius
539 5528 888 5597 philosophiae
900 5524 1312 5590 scientissimus,
1339 5525 1481 5597 quod
1517 5534 1778 5597 testantur
1803 5524 1920 5591 ejns

349 5594 553 5664 opera,
576 5613 693 5664 quae
726 5594 1001 5651 numerata
1051 5601 1193 5663 leges
1243 5601 1381 5664 apud
1427 5594 1804 5647 Leonclavinm
1853 5597 1920 5648 de

349 5666 469 5732 iure
499 5668 688 5722 Graeco
717 5667 874 5720 Rom.
910 5669 960 5720 in
996 5667 1319 5734 Chronolog.
1359 5664 1643 5734 praemissa
1667 5664 1814 5726 operi
1850 5679 1918 5717 ex

355 5737 672 5807 Marquedo;
722 5745 778 5790 et
819 5737 956 5804 apud
1001 5733 1288 5791 Barouiuni
1339 5745 1394 5788 et
1439 5733 1594 5788 alios.
1629 5733 1918 5803 Imperium

678 5830 949 5889 PATROL.
991 5832 1104 5889 Gtt.
1153 5826 1441 5889 CXXXII.

2025 4830 2308 4896 Basilinm,
2347 4833 2438 4897 qui
2485 4847 2608 4886 eum
2655 4830 2969 4904 coronatum
3016 4831 3182 4904 voluit
3225 4849 3255 4886 a
3291 4830 3360 4888 'S.
3395 4834 3604 4904 lgnatio

2023 4904 2330 4968 patriarcha
2367 4903 2420 4955 in
2456 4905 2635 4955 sedem
2672 4901 3318 4969 Constantinopolitanam
3355 4901 3603 4959 restituto

2023 4987 2167 5024 anno
2201 4973 2401 5025 Christi
2431 4969 2534 5026 870
2565 4970 2933 5039 Theophaniw
2966 4972 3190 5024 solemni
3223 4971 3307 5024 die
3348 4983 3600 5038 testatur,

2023 5041 2112 5108 qui
2171 5040 2416 5094 interfuit
2442 5041 2784 5108 ,Auastasius
2825 5039 3074 5092 Biblioth.
3107 5047 3159 5092 et
3193 5055 3258 5095 ex
3295 5055 3359 5095 eo
3397 5041 3594 5099 Baron.

2025 5107 2211 5181 eodem
2243 5126 2415 5181 anno:
2431 5107 2536 5163 Sed
2567 5111 2631 5181 de
2661 5110 2747 5181 hi_s_
2773 5109 2924 5181 plura
2954 5109 3008 5163 in
3038 5109 3273 5181 Prorem.
3300 5112 3437 5181 lsag.
3465 5128 3524 5168 ιι.

2039 5205 2042 5208 ~
2101 5177 2214 5244 (8‘2)
2269 5177 2327 5232 S.
2378 5178 2642 5244 Praecpii.
2693 5177 2820 5244 Ejus
2876 5177 3017 5232 idem
3070 5177 3266 5233 festum
3322 5177 3602 5236 celebrant

2031 5247 2206 5302 Graeci
2236 5263 2329 5301 VIII
2366 5247 2492 5300 ldus
2517 5247 2660 5311 Jul.;
2694 5257 2856 5316 atque
2884 5262 2950 5300 ex
2979 5249 3395 5305 solemnioribns
3429 5251 3603 5308 fuisse

2030 5319 2752 5405 quiquemobservarentnr,
2791 5317 3074 5405 colligitur
3125 5335 3195 5405 e‘x
3251 5319 3599 5405 Balsalll.'iil

2029 5387 2205 5441 Photii
2237 5385 2459 5460 Nemec.
2495 5388 2578 5438 tit.
2617 5400 2685 5460 vlt
2729 5386 2853 5460 :LH
2890 5385 2962 5455 η’,
2996 5389 3081 5460 ὅτι
3115 5390 3206 5440 τὸν
3243 5390 3601 5460 μεγαλῳ-ἀρ.

2028 5474 2169 5526 τυρα
2235 5456 2543 5524 Προκόπιον
2613 5454 2964 5524 ἑορτάζομεν.
3020 5454 3391 5513 Οειουα’‹1ἱεε
3453 5454 3600 5526 (ΜΙἰί

2029 5526 2098 5581 fe:
2117 5529 2223 5578 iata
2250 5526 2352 5595 est)
2378 5527 2517 5594 quod
2544 5527 2597 5578 in
2625 5541 2686 5578 ea
2709 5542 2954 5595 magnum
2979 5539 3258 5596 martyrem
3286 5528 3602 5596 Procopium

2030 5596 2367 5649 celebramus.
2413 5598 2484 5649 De
2534 5611 2599 5650 eo
2647 5599 2974 5650 vide.etiam
3023 5596 3164 5649 Men.
3208 5607 3262 5651 et
3311 5598 3506 5652 Baron.
3545 5603 3597 5653 in

2032 5665 2184 5737 Notis
2215 5667 2278 5719 ad
2311 5665 2595 5737 Martyrol.
2623 5675 2677 5720 et
2705 5666 2822 5734 ejus
2860 5666 3160 5737 certamina
3202 5671 3342 5737 apud
3383 5667 3599 5724 Surium

2031 5751 2093 5792 ex
2127 5735 2494 5805 Metaphraste
2527 5736 2691 5793 relata
2725 5746 2852 5792 tom.
2884 5735 2972 5803 IV,
3004 5737 3142 5790 dicta
3173 5735 3277 5790 die.

3170 5825 3238 5888 31
