3934 6222
420 250 526 316 975

1594 245 1950 305 ΤΠΕΟΙἮΑ
1964 245 1999 301 l\

2126 245 2465 301 CEHAMEI
3510 254 3592 314 975

420 365 541 419 illos
568 361 772 433 optime
804 360 1107 423 imbuisset,
1139 356 1394 428 deinceps
1453 372 1516 414 ea
1564 359 1810 428 praedicit
1872 371 1992 427 quie

2104 354 2314 422 ιὺτοὺς,
2344 352 2730 424 προαναφωνεῖ
2753 351 2959 419 λοιπὸν,
2995 349 3088 408 καὶ
3130 354 3195 409 τὰ
3231 356 3469 428 μέλλοντα
3495 364 3593 416 τού-

423 457 489 512 ab
517 451 698 526 ἰηιρίἱὲ
720 453 1027 509 hominibus
1057 458 1243 507 essent
1280 451 1386 507 illis
1443 462 1723 506 eventura.
1771 449 1990 504 Interim

423 562 577 612 vero,
631 557 688 601 ut
735 559 831 600 eos
891 542 1180 610 charitate,
1218 557 1340 614 quas
1395 545 1628 599 virtutes
1679 539 1990 613 perficiendi

426 640 533 693 vim
572 637 752 700 habet,
774 633 967 689 reddat
991 633 1132 688 inter
1155 649 1214 689 se
1239 633 1755 704 coniunctissimos:
1791 652 1808 684 ι
1844 633 1990 696 Haec,

428 729 622 797 inquit,
663 725 858 780 mando
887 725 1044 780 vobis
1076 725 1393 796 utdiligatis
1422 725 1674 780 invicem.
1738 743 1758 777 ›
1824 724 1991 777 Eum-

408 822 549 893 _dem
583 833 891 873 sermonem
924 817 1218 872 identidem
1250 817 1431 882 iterat,
1481 832 1586 872 non
1640 817 1888 872 molestia
1935 825 1995 872 ut

429 909 549 963 illos
569 908 783 973 alliciat,
817 908 911 963 sed
943 909 1022 963 uti
1053 908 1268 962 assidua
1299 908 1718 964 commonitione
1746 922 1840 963 eos
1870 922 1996 962 con-

429 998 609 1053 ﬁrmet
651 998 844 1068 magis,
888 1007 941 1052 et
983 995 1271 1053 charitatis
1313 997 1550 1060 vinculo,
1589 997 1730 1066 quod
1773 997 1995 1051 uniendi

430 1090 540 1142 vim
573 1086 757 1154 habet,
802 1087 855 1142 in
904 1103 1071 1142 unum
1127 1089 1412 1156 astringat.
1473 1087 1604 1142 Illud
1635 1083 1796 1143 vero
1852 1089 2000 1157 quis-

2093 463 2206 510 τοις
2239 444 2559 516 συμϐαίνειν
2600 443 2705 497 ὑπὸ
2755 443 2865 497 τῶν
2931 445 3216 514 θεομιᾰῶν.
3257 447 3398 510 Τέως
3425 467 3480 518 γε
3514 455 3597 526 μὴν

2093 539 2157 607 τῇ
2186 537 2501 608 τελειωτικῇ
2532 536 2640 590 τῶν
2673 537 2883 605 ἀρετῶν
2911 538 3100 608 ἀγάπῃ
3147 539 3392 593 ἐνοποιῶν
3418 543 3598 612 αὐτοὺς,

2094 628 2269 681 ταῦτὰ
2301 645 2485 698 φησιν,
2520 645 2538 679 ι
2583 627 2936 696 Ἐντέλλομαι
2971 628 3118 696 ὑμῖν,
3147 627 3230 680 ἵνα
3275 630 3502 698 ἀγαπᾶτε
3527 634 3602 688 ἀλ-

2096 719 2314 788 λήλους.
2345 736 2363 769 i
2401 718 2505 770 Τὸν
2538 718 2700 771 αὑτὸν
2725 717 2886 786 λόγον
2936 718 3232 770 ἀνακυκλοί
3265 722 3498 791 συνεχῶς,
3521 726 3602 778 οὐκ

2097 807 2426 878 ὲρεσχελῶν,
2455 805 2592 860 ἀλλὰ
2621 808 2686 877 τῇ
2718 808 2935 875 συνεχεῖ
2961 807 3260 877 ἀναμνήσει
3277 807 3605 881 βεϐαιοτέρους

2099 901 2298 963 αὐτοὺς
2323 899 2611 964 καθιστῶν,
2653 899 2747 952 καὶ
2767 899 2842 968 τῷ
2866 899 2968 968 τῆς
3000 899 3220 968 ἀγάπης
3251 900 3472 972 ἑνωτικῷ
3503 921 3603 958 συν-

2100 994 2308 1063 δέσμῳ,
2340 993 2420 1056 εἰς
2455 993 2512 1045 ἓν
2577 993 2828 1059 συνάγων
2878 993 3096 1056 αὐτούς.
3147 993 3348 1047 Ἐκεῖνο
3371 994 3423 1047 δέ
3452 1012 3522 1058 τις
3545 998 3608 1049 εἰ·

2105 1087 2277 1149 κότως
2310 1086 2556 1152 ἐξετάσει
2588 1085 2992 1153 φιλοπευστῶν,
3024 1085 3142 1149 πῶς
3165 1085 3261 1156 τὴν
3290 1087 3364 1150 εις
3389 1086 3609 1154 ἀλλήλους

1625 1257 1964 1319 ,Francisci
1990 1257 2204 1319 Scorsi
2243 1265 2428 1318 nota).

435 1427 565 1484 serit
592 1425 732 1480 idem
759 1439 880 1479 esse
903 1438 1174 1491 unumque
1201 1422 1520 1492 principium
1568 1420 1706 1480 Filii,
1745 1432 1793 1472 et
1831 1420 2005 1492 Spiri-

438 1511 525 1551 tus
559 1494 752 1557 saneti,
786 1504 946 1560 atque
975 1495 1107 1546 adeo
1145 1491 1381 1545 excludit
1432 1492 1580 1558 plura
1625 1492 1887 1558 principia
1924 1491 2005 1542 his

435 1566 642 1626 verbis,
671 1565 810 1631 quod
841 1564 1078 1618 Itzcrctici
1108 1563 1358 1631 dicebant
1389 1578 1535 1631 :iiou
1567 1561 1802 1614 excludit
1830 1569 2002 1631 autem

437 1637 633 1690 Filium
678 1630 706 1685 a
756 1633 1050 1701 spiratione
1107 1632 1308 1701 activa
1336 1630 1568 1697 Spiritus
1617 1632 1820 1689 sancti,
1862 1630 2002 1696 quod

2113 1421 2256 1472 dicat
2311 1418 2565 1484 Spiritum
2611 1435 2676 1472 ea:
2721 1416 2880 1471 Patre
2911 1419 3214 1482 subsistere,
3239 1421 3436 1475 idenim
3465 1425 3609 1478 tribuit

2120 1490 2287 1544 Patri.
2326 1501 2569 1557 tanquam
2612 1490 2885 1554 principali
2922 1491 3148 1551 auctori,
3181 1492 3308 1542 sicut
3333 1495 3430 1554 ipse
3462 1495 3585 1547 Domi
3597 1526 3608 1537 -

2115 1577 2209 1611 nus
2245 1559 2372 1610 dixit
2405 1575 2422 1611 :
2459 1577 2476 1606 σ
2511 1558 2613 1622 Qui
2652 1575 2716 1610 ea:
2755 1557 2917 1628 Patre
2946 1562 3197 1620 procedit.
3232 1581 3248 1610 i
3302 1563 3607 1628 Eanulcinqnc

2115 1629 2531 1700 explicationem
2563 1628 2715 1679 aﬂ'ei't
2749 1631 2813 1700 a_il
2865 1625 3104 1700 il_li_t:ii_lo
3142 1645 3226 1700 u_n
3266 1631 3316 1678 S.
3368 1625 3604 1700 Dionysius

439 1703 737 1758 adversarii
776 1697 941 1755 nostri
978 1701 1166 1754 vellent
1198 1716 1258 1752 ex
1299 1700 1397 1752 hoc
1428 1701 1541 1751 loco
1586 1702 1866 1751 deducere.
1897 1701 1956 1750 At
1980 1727 2000 1736 -
2037 1709 2072 1760 η
2111 1699 2180 1750 De
2203 1699 2359 1750 divin.
2394 1698 2591 1750 namia.
2619 1713 2736 1762 cap.
2766 1697 2822 1758 2,
2860 1697 2946 1748 tibi
2993 1698 3063 1749 ait
3106 1717 3118 1751 :
3153 1697 3305 1751 Stilus
3337 1697 3607 1765 {niissum-

438 1791 543 1844 que
575 1775 688 1844 hate
718 1786 847 1825 sane
883 1770 1204 1844 explicandi,
1243 1781 1293 1819 ιιι
1336 1771 1626 1822 excusandi
1661 1767 2001 1844 Timophanis

444 1838 612 1897 nostri
647 1844 784 1894 ratio
816 1855 920 1893 non
959 1838 1224 1893 videbitur
1260 1855 1397 1892 tiova
1445 1851 1495 1891 et
1537 1838 1794 1906 gratuiti,
1839 1849 2002 1904 atque

425 1929 507 1966 ex
553 1922 738 1965 nostro
784 1908 955 1962 Marte
1003 1910 1173 1962 solu-n
1214 1907 1398 1976 petita,
1449 1909 1491 1961 si
1543 1910 1664 1976 quis
1712 1909 2002 1976 adverterit

426 1983 630 2034 vadem
681 1980 886 2032 ratione
933 1978 1178 2031 excusari
1216 1973 1594 2043 'et'cxpliear'i
1643 1977 1698 2030 S.
1743 1973 2000 2027 Joannem

443 2051 762 2104 Damasi-ett.
808 2065 834 2098 a
889 2046 1141 2100 Bellarni.
1198 2047 1314 2099 loco
1356 2048 1449 2099 cit.
1490 2059 1542 2099 et
1577 2063 1603 2098 a
1641 2047 1918 2100 Getinailio
1951 2054 2004 2096 et

444 2121 782 2173 Bessarione.
826 2115 960 2170 Cum
997 2117 1140 2168 enim
1199 2117 1286 2169 ille
1319 2117 1540 2169 dixisset
1577 2118 1670 2170 lib.
1703 2133 1717 2168 I
1758 2115 1828 2166 De
1862 2116 1999 2182 ﬁde,

441 2205 562 2257 i-ap.
594 2189 678 2248 Il,
706 2185 964 2257 Spiritum
995 2202 1097 2257 non
1284 2201 1310 2237 ιι
1345 2185 1498 2257 Filio.
1527 2187 1616 2257 sed
1647 2201 1740 2251 per
1762 2183 1953 2235 Filium
1986 2201 1997 2237 :

449 2253 565 2311 Non
618 2253 874 2325 negassel
910 2255 1091 2325 inquit
1142 2253 1417 2318 Bellaiiii.,
1451 2253 1699 2322 Spiritum
1761 2268 1999 2325 sanctum

440 2323 715 2391 procedere
743 2342 806 2379 ea:
828 2323 990 2383 Filio,
1029 2326 1163 2391 quod
1199 2325 1264 2374 ad
1297 2340 1401 2375 rem
1430 2326 1632 2384 attinet,
1665 2340 1780 2375 cum
1814 2323 2001 2375 dixerit

442 2397 698 2463 Spiritum
728 2411 836 2448 esse
862 2394 1141 2463 imaginem
1171 2391 1392 2463 Filii,_et
1421 2407 1512 2458 per
1535 2391 1732 2443 Filium
1763 2409 1892 2463 esse,
1917 2393 2003 2463 sed

439 2459 772 2520 existimasse
817 2459 985 2516 tutius
1012 2462 1116 2514 dici
1161 2476 1251 2528 per
1302 2459 1516 2524 Filium,
1550 2477 1704 2530 quam
1744 2478 1807 2514 ex
1838 2460 2003 2530 Filio,

438 2533 785 2603 quantum_ad
811 2539 1019 2585 modum
1047 2533 1290 2603 loque_iidi
1321 2541 1529 2599 propter
1553 2529 1787 2603 iiazresim
1816 2529 2001 2603 Mace-

440 2598 646 2658 doniiet
687 2601 930 2654 Eunomii
950 2603 1038 2669 qui
1073 2598 1138 2653 ea:
1174 2598 1314 2654 Filio
1340 2598 1586 2669 tanquam
1608 2601 1857 2669 primaria
1883 2615 2006 2651 cau-

441 2692 524 2736 sa,
556 2674 660 2726 imo
692 2676 852 2726 etiam
883 2668 992 2724 sola
1021 2685 1184 2723 causa
1215 2668 1489 2738 procedere
1522 2672 1724 2725 dicebat
1750 2668 2005 2738 Spiritum

441 2756 698 2796 sanctum.
723 2739 1169 2804 Ilec-Bellarm.;
1203 2755 1320 2809 qua:
1343 2741 1524 2794 itidem
1559 2744 1836 2794 excusatio
1863 2739 2006 2792 vitle-

441 2822 527 2865 tur
557 2810 948 2865 accommodari
986 2823 1143 2877 posse
1178 2810 1302 2862 huic
1335 2809 1448 2864 loco
1467 2810 1704 2863 secundo
1727 2809 1883 2878 hujus
1908 2809 2005 2861 bo-

441 2881 623 2934 milite.
656 2879 719 2934 Et
750 2880 976 2948 primum
1013 2878 1193 2948 etiam;
1219 2878 1390 2932 lucum
1435 2880 1618 2933 eodem
1652 2881 1808 2931 modo
1832 2878 2006 2944 expli-

442 2950 703 3012 candum;
751 2946 826 3003 ibi
871 2947 1014 3000 enim
1053 2948 1138 2999 hic
1166 2946 1326 3000 Pater
1361 2948 1528 3000 solum
1565 2948 1730 3001 veluti
1772 2948 2001 3014 quodam

444 3019 666 3072 exordio
703 3019 969 3085 proponit,
1013 3029 1132 3082 quae
1167 3017 1311 3069 dicat
1343 3015 1590 3085 Christus
1635 3019 1784 3085 ineo
1827 3016 2002 3085 Evan-

444 3089 583 3156 gelio
617 3083 756 3155 quod
790 3083 984 3138 lectum
1021 3092 1138 3136 erat
1160 3099 1234 3156 eo_
1255 3085 1340 3138 die
1364 3084 1421 3137 S.
1455 3083 1721 3156 Procopii,
1762 3097 1869 3150 quo
1915 3083 2002 3156 hic

445 3153 660 3208 habitus
710 3167 910 3214 sermo,
959 3167 1180 3219 qureque
1224 3153 1730 3222 ipseexplieatnrus
1775 3159 1916 3207 esset
1950 3154 2000 3206 in

440 3224 812 3292 sequentibus,
845 3225 1096 3292 adeoque
1115 3237 1233 3274 cum
1269 3221 1440 3292 solum
1484 3223 1554 3275 ibi
1597 3232 1878 3290 proponat,
1917 3224 2002 3277 hic

440 3289 693 3361 explicet,
733 3307 794 3345 ea
843 3289 1136 3361 propositio
1185 3291 1439 3345 trahenda
1465 3293 1545 3361 ad
1584 3289 1721 3345 hanc
1767 3292 2003 3360 explica-

442 3359 661 3416 tionem.
698 3361 845 3426 Quod
887 3359 930 3413 si
960 3359 1121 3412 etiam
1166 3361 1323 3413 aliain
1356 3360 1660 3430 explicandi
1698 3359 1849 3412 viani
1883 3362 2002 3430 quis

442 3433 581 3485 inire
605 3431 731 3484 Velit
762 3429 977 3498 utrique
1015 3430 1134 3483 loco
1162 3445 1521 3492 communem,
1548 3430 1814 3498 aperietur
1842 3429 2001 3482 etiam

441 3512 494 3551 et
521 3501 734 3566 quidem
770 3501 960 3552 idonea
998 3511 1014 3552 :
1044 3513 1162 3550 cum
1191 3500 1333 3552 enim
1359 3499 1456 3562 ait,
1487 3500 1746 3567 Spiritum
1779 3513 1809 3552 a
1843 3498 2004 3553 Patre

444 3571 642 3624 habere
688 3567 1067 3637 substantiam,
1109 3568 1250 3635 quod
1283 3569 1418 3620 idem
1459 3578 1544 3623 est
1581 3583 1644 3622 ac
1688 3569 2001 3637 procedere,

443 3654 615 3706 neque
665 3638 808 3706 aliud
847 3636 1030 3700 addat,
1064 3639 1204 3705 quod
1255 3636 1462 3706 limitet,
1497 3646 1555 3690 ιιι
1585 3636 1746 3705 supra
1781 3638 1914 3698 dixi,
1949 3647 2004 3691 et

440 3704 694 3761 excludat
717 3704 934 3770 Filium,
958 3704 1103 3760 recte
1129 3705 1392 3774 intelliges
1415 3707 1586 3774 ipsum
1607 3704 1786 3761 dicere
1806 3706 2004 3760 habere

441 3795 466 3826 a
499 3776 655 3829 Patre
686 3776 1070 3836 substantiam,
1104 3784 1358 3843 tanquam
1379 3791 1409 3828 a
1434 3775 1607 3844 primo
1639 3776 1923 3843 principio,
1949 3784 2004 3829 et

436 3845 667 3914 urigine,
707 3860 766 3898 ac
801 3845 945 3898 fonte
992 3845 1597 3914 iliviiiitatiquuodque
1625 3847 1693 3898 ab
1719 3845 1824 3898 alio
1854 3846 2005 3912 prin-

439 3912 580 3981 cipio
624 3914 884 3981 originem
928 3928 1032 3967 non
1075 3912 1468 3969 trahat.-Filius
1501 3912 1761 3968 eiiiinest
1787 3915 1999 3982 quidem

437 3983 756 4053 principium
781 3982 1017 4053 Spiritus
1041 3983 1234 4046 sancti,
1261 3992 1315 4036 et
1340 3999 1500 4036 unum
1525 3999 1643 4036 cum
1672 3983 1833 4038 Patre
1855 3985 2003 4048 prin-

438 4051 640 4123 cipium
665 4051 884 4117 conﬁat,
915 4051 1008 4106 sed
1044 4065 1220 4105 tamen
1251 4053 1368 4120 ipse
1402 4055 1562 4106 habet
1605 4068 1753 4106 suam
1781 4067 1810 4106 a
1845 4053 2002 4123 {’atre

436 4121 700 4190 originem
751 4137 848 4189 per
898 4123 1319 4191 generationem,
1373 4123 1618 4190 adeoque
1670 4139 1790 4176 cum
1842 4121 2004 4175 Pater

413 4193 684 4245 absolute
713 4190 921 4246 dicitur
947 4190 1181 4260 Spiritus
1209 4192 1380 4246 sancti
1429 4191 1774 4259 principium.
1820 4194 1888 4244 ita
1922 4203 2004 4246 est

439 4261 866 4326 intelligendum,
908 4271 966 4313 ut
1008 4261 1080 4313 sit
1125 4261 1354 4327 primum
1393 4262 1734 4328 principium,
1768 4268 1825 4314 ut
1871 4261 2000 4325 dixi,

439 4341 598 4396 atque
620 4331 732 4381 ιιιιιε
753 4340 836 4381 est
861 4333 1164 4383 communis
1187 4331 1476 4397 explicatio
1506 4345 1690 4383 eorum
1718 4331 2000 4383 verborum

437 4384 594 4468 ._I_o:i_n.
625 4413 690 4451 xv
731 4412 752 4468 :_
780 4397 1039 4468 Spiritum
1069 4384 1321 4468 ueritatis,
1361 4400 1451 4468 qui
1492 4415 1523 4451 a
1551 4398 1709 4453 Patre
1746 4400 2001 4466 procedit.
2034 4384 2078 4442 D

438 4465 621 4537 yoluit
668 4466 812 4537 enim
859 4467 933 4518 ibi
997 4465 1247 4521 Christus
1311 4465 1711 4537 processioneni
1747 4465 2002 4536 ’Spiritus

437 4533 585 4588 Patri
614 4534 868 4606 tribuere,
910 4541 968 4586 ut
1010 4537 1196 4604 primae
1223 4533 1442 4604 origini,
1471 4553 1499 4590 a
1541 4552 1645 4606 quo
1682 4533 1843 4591 etiam
1886 4538 2000 4604 ipse

436 4605 715 4675 procedit;
752 4614 1011 4675 cteterum
1041 4619 1147 4658 non
1173 4619 1231 4658 se
1265 4606 1437 4675 ipsum
1471 4605 1704 4661 excludit
1739 4626 1751 4661 :
1788 4607 1882 4660 sed
1915 4609 1998 4659 in-

438 4673 662 4741 teiIigit,
699 4674 826 4741 quia
870 4674 1074 4739 omnia,
1123 4689 1243 4743 quas
1283 4673 1444 4729 habet
1493 4675 1670 4738 Pater,
1721 4685 1848 4731 sunt
1879 4675 1999 4729 Filii

435 4755 633 4814 praeter
661 4743 1012 4814 ᾁγεννησίαν,
1044 4745 1147 4798 hoc
1175 4755 1257 4798 est
1294 4743 1788 4810 innascibilitatem,
1825 4755 1880 4798 ut
1922 4745 2001 4798 Io-

435 4812 618 4882 quitur
663 4812 700 4866 S
774 4814 1160 4878 Damascenus,
1192 4827 1244 4869 et
1284 4814 1586 4868 scholastici
1619 4816 1994 4882 cOmmuniter.

433 4880 610 4950 Atque
635 4884 769 4937 adeo
798 4883 898 4936 hoc
936 4882 1096 4936 etiam
1140 4887 1300 4938 habet
1341 4898 1624 4938 commune
1661 4902 1782 4938 cuin
1815 4880 1992 4952 Patre,

436 4955 592 5021 ttt_sit
620 4953 939 5021 principium
968 4953 1288 5018 spirativum
1329 4952 1562 5021 Spiritus
1586 4956 1780 5008 sancti.

507 5018 582 5072 Ita
613 5017 671 5072 S.
706 5017 1100 5088 CyrillusAIex.
1132 5024 1184 5076 iii
1205 5017 1402 5075 Anatlt.
1437 5033 1563 5077 Ioni.
1598 5024 1632 5077 γ
1664 5022 1870 5078 Concil.
1895 5023 1993 5078 ult.

434 5089 603 5160 edit.:r
642 5088 972 5160 Unigenitum
1024 5092 1116 5144 Dei
1164 5091 1380 5146 Verbum
1417 5095 1569 5144 homo
1621 5093 1820 5160 factum
1883 5105 1995 5158 est;

435 5159 631 5210 mansit
688 5167 859 5232 tanien
909 5157 1072 5220 Deus,
1102 5163 1278 5232 omnia
1309 5170 1503 5230 praeter
1535 5157 1705 5215 solam
1756 5157 1996 5232 paterni-

433 5239 590 5298 tatem
616 5242 737 5280 cum
771 5225 934 5280 Patre
949 5231 1198 5298 aequalia,
1229 5241 1278 5284 et
1296 5225 1592 5284 communia
1613 5225 1826 5296 habens,
1862 5233 1999 5286 unde

433 5295 689 5372 Spiritum
718 5307 979 5355 sanctum,
1008 5295 1124 5366 'qui
1170 5315 1235 5351 ex
1277 5303 1387 5372 ipso
1422 5310 1524 5364 est,
1566 5304 1767 5372 ipsique
1814 5295 1998 5372 νείκη-

431 5367 630 5439 tialiter
672 5367 825 5429 inest,
853 5375 1102 5439 tanquam
1133 5371 1405 5436 praprium
1431 5367 1692 5437 peculium
1720 5371 1993 5439 possidens

430 5436 644 5511 divina;
673 5437 918 5511 poteritne
953 5439 1100 5511 signa
1155 5444 1488 5511 operabatur.
1557 5441 1682 5494 Haec
1720 5436 1991 5511 ‘Cyrillus.

435 5499 563 5576 Vide
606 5499 861 5576 Bellarin.
907 5499 1035 5576 loco
1051 5507 1144 5559 cit.
1181 5499 1270 5572 qui
1311 5509 1412 5561 hoc
1444 5511 1558 5576 ipso
1591 5511 1750 5563 modo
1775 5499 1996 5576 prorsus

435 5571 668 5646 expleat
702 5574 876 5628 locum
917 5576 973 5629 S.
1015 5571 1214 5646 Basilii,
1249 5593 1406 5646 quem
1438 5571 1737 5632 adversarii
1769 5571 1865 5644 pro
1897 5595 1996 5632 suo

432 5641 711 5694 adducunt
757 5659 962 5697 errore.
1007 5644 1126 5698 Non
1159 5641 1348 5712 obstat,
1383 5647 1575 5711 inquit,
1601 5651 1736 5702 auod
1768 5641 1995 5702 Basilius

1850 5745 1899 5792 \

2105 1765 2699 1820 substartlialisDeilatis
2724 1779 2794 1818 est
2837 1765 3016 1818 l’ater.
3056 1765 3373 1831 Rusiiiiiidrt.
3415 1774 3606 1834 inquam,

2105 1838 2155 1890 iii
2189 1852 2308 1889 es-e
2341 1851 2522 1906 vi-rnin
2549 1854 2561 1889 :
2594 1837 2715 1906 quia
2755 1836 2921 1906 Pater
2942 1853 3042 1887 non
3081 1836 3240 1889 habet
3277 1840 3469 1889 aliiindu
3495 1846 3606 1906 priri-

2105 1907 2323 1974 i-ipiniii.
2383 1905 2454 1974 lia
2484 1906 2624 1956 t‘llilli
2657 1905 2820 1958 Ruitz
2881 1905 3073 1957 (“illius
3116 1907 3264 1959 initio
3321 1905 3525 1969 exiuit-It
3569 1923 3608 1962 rt

2106 1973 2247 2029 hunc
2283 1974 2340 2026 S.
2387 1973 2640 2044 Dionysii,
2687 1989 2740 2027 et
2781 1975 2913 2027 alios
2946 1977 3090 2027 locus
3134 1988 3185 2028 et
3222 1978 3410 2028 similes
3440 1980 3607 2030 dicen-ti

2108 2046 2294 2097 modos
2330 2045 2387 2096 S.
2437 2045 2720 2097 Athanasii
2749 2056 2886 2097 orat.
2937 2058 3129 2095 contra
3161 2048 3394 2106 gregales
3423 2049 3607 2106 S.litt.'ii..

2108 2116 2192 2168 tibi
2230 2113 2440 2166 Patrem
2473 2114 2642 2166 solum
2685 2131 2793 2167 esse
2832 2117 3026 2181 {mrtem
3085 2115 3315 2177 (leuatis,
3361 2119 3608 2180 ibiut-inque

2105 2198 2134 2237 e
2170 2200 2228 2237 se
2290 2183 2542 2246 radicem,
2572 2194 2619 2235 et
2652 2183 2846 2251 fontem
2880 2182 3028 2244 Filii,
3064 2195 3116 2236 et
3151 2185 3606 2251 Spiritus;e10i-..t.

2104 2253 2157 2313 5,
2203 2263 2386 2306 contra
2416 2253 2600 2322 Arian.
2636 2255 2722 2306 tibi
2759 2253 2970 2307 Patrem
3002 2269 3128 2307 e599.
3155 2272 3311 2308 unum
3345 2258 3607 2322 principium

2107 2322 2339 2384 deitatis,
2378 2336 2480 2374 nou
2511 2321 2654 2382 duo;
2689 2333 2740 2377 et
2791 2322 3012 2388 Gregor.
3069 2323 3321 2376 Nazianz.
3371 2321 3505 2377 orat.
3541 2327 3606 2384 i3.

2106 2407 2223 2456 qnze
2272 2401 2357 2445 est
2410 2391 2475 2444 de
2531 2407 2660 2457 pace
2726 2393 2813 2445 tibi
2873 2391 3085 2445 Putrem
3149 2395 3373 2460 appellat
3429 2394 3609 2447 Deitatis

2105 2461 2441 2528 principium,
2497 2471 2549 2514 ct
2599 2477 2833 2524 rursum,
2878 2463 3153 2514 auctorem
3187 2480 3292 2516 esse
3339 2465 3607 2523 divinitatis,

2105 2547 2220 2599 qua:
2251 2532 2304 2582 in
2356 2529 2498 2582 Filio
2549 2541 2596 2582 et
2637 2531 2844 2599 Spiritu
2885 2543 3065 2584 sancto
3095 2533 3462 2586 consideratur.
3495 2533 3607 2588 Iltec.

2109 2602 2350 2671 inquam,
2399 2609 2452 2652 et
2483 2600 2677 2671 similia
2743 2601 2854 2652 loca
2890 2601 2982 2671 ita,
3010 2613 3143 2654 sunt
3187 2603 3520 2671 intelligenda,
3567 2613 3609 2655 ut

2108 2669 2266 2722 l’ater
2297 2669 2384 2739 sit
2420 2670 2622 2736 primus
2655 2681 2707 2722 et
2730 2670 3038 2736 principalis
3084 2681 3276 2724 auctor
3310 2669 3609 2739 déitatisqum

2105 2749 2181 2791 est
2219 2741 2269 2791 in
2311 2737 2445 2807 Filio
2475 2749 2528 2792 et
2573 2739 2776 2806 Spiritu
2826 2750 3048 2791 sancto:
3088 2743 3217 2807 quin
3252 2756 3314 2793 ex
3346 2739 3437 2794 hoc
3486 2737 3608 2794 modo

2106 2808 2352 2874 loquendi
2409 2806 2625 2860 Patrum
2663 2809 2854 2861 asserit
2897 2808 3034 2862 idem
3073 2810 3254 2872 linitz,
3288 2811 3478 2864 Patrem
3516 2824 3609 2862 esse

2107 2877 2416 2931 Divinitatis
2465 2877 2627 2932 tutius
2678 2877 3021 2945 principium,
3089 2890 3146 2933 et
3193 2881 3383 2932 fontem
3412 2879 3607 2932 aosolnie

2108 2946 2443 3015 pronuntiari
2489 2961 2644 3014 posse
2677 2949 2879 3013 absque
2922 2947 3029 3000 ullo
3061 2949 3355 3014 scrupulo;
3391 2964 3477 3001 nec
3518 2961 3609 3001 esse

2109 3015 2408 3086 ullaitiota,
2446 3017 2527 3069 vel
2587 3016 3001 3086 reprehensione
3048 3018 3269 3084 dignum
3327 3019 3606 3086 theologum,

2107 3087 2195 3152 qui
2233 3085 2331 3138 hoc
2362 3085 2522 3137 etiam
2583 3093 2822 3152 tempore
2849 3086 2916 3137 ita
2953 3085 3227 3153 loquatur.
3281 3087 3419 3153 Quod
3457 3087 3610 3140 {unda-

2108 3162 2342 3206 inentuin
2379 3154 2534 3220 hujus
2579 3156 2893 3224 assertionis
2925 3165 2977 3208 et
3010 3156 3305 3224 longiorem
3337 3157 3607 3224 disputatio-

2107 3237 2251 3286 item,
2283 3224 2402 3277 vide
2435 3226 2572 3289 apud
2597 3223 2790 3291 ipsum.
2818 3222 2980 3276 Nobis
3003 3222 3141 3279 satis
3159 3227 3229 3279 sit
3254 3227 3373 3280 hinc
3398 3222 3611 3278 deducere

2107 3297 2312 3344 tantum
2361 3292 2551 3347 abesse
2584 3305 2640 3345 ut
2688 3296 2758 3344 sit
2812 3294 3110 3349 trahendus
3153 3307 3334 3350 noster
3361 3297 3418 3348 ad
3458 3295 3610 3348 adver-

2104 3362 2366 3414 sariorum
2410 3377 2671 3425 errorem,
2696 3371 2755 3414 ut
2796 3362 2960 3415 etiam
3009 3365 3083 3416 sit
3114 3374 3260 3418 recte
3294 3375 3347 3418 et
3367 3366 3471 3418 sine
3494 3377 3613 3416 scru-

2107 3431 2233 3496 pulo
2270 3431 2620 3498 explicandus
2660 3445 2756 3498 pro
2807 3430 3070 3484 catholica
3135 3433 3384 3498 veritate;
3431 3433 3609 3500 quando

2105 3500 2316 3563 quidem
2345 3500 2600 3571 ii_t'lialll,
2637 3500 2727 3568 qui
2751 3500 3070 3553 vocabulum
3105 3504 3248 3555 solus
3274 3510 3611 3571 apposaerunt,

2104 3583 2246 3639 cum
2274 3571 2338 3621 de
2383 3567 2539 3622 Patre
2583 3567 2952 3639 loquerentur,
3022 3580 3081 3622 ut
3125 3567 3384 3639 principio
3430 3571 3532 3624 Filii
3573 3581 3613 3621 et

2107 3636 2340 3707 Spiritus
2375 3639 2567 3702 sancti,
2614 3636 2759 3691 recte
2788 3636 3139 3706 explicantur
3162 3650 3216 3692 et
3265 3636 3608 3707 intelliguntur.

2105 3705 2262 3778 Plura
2315 3707 2379 3778 ad
2437 3709 2575 3778 hanc
2629 3723 2740 3760 rem
2793 3705 3004 3778 possem
3075 3723 3360 3778 oggerere,
3406 3705 3486 3762 sed
3529 3711 3615 3760 haec

2106 3777 2241 3829 satis
2290 3777 2357 3828 ad
2401 3776 2795 3843 explicandum,
2836 3776 2915 3830 vel
2978 3776 3341 3832 excusandum
3394 3788 3611 3831 nostrum.

2102 3843 2363 3898 Caeterum
2389 3845 2441 3914 si
2489 3847 2574 3898 cui
2613 3850 2715 3900 non
2773 3847 2907 3900 satis
2943 3861 3261 3914 persuasum
3297 3848 3367 3902 sit
3402 3850 3461 3900 de
3481 3858 3609 3899 sensu

2105 3928 2289 3967 eorum
2338 3913 2624 3986 verborum
2681 3916 2849 3986 nostri
2880 3915 3263 3986 'l‘heopbanis,
3300 3932 3447 3986 quem
3475 3919 3615 3968 hacte-

2106 3999 2206 4036 nus
2237 3981 2523 4051 explicavi,
2575 3984 2848 4051 confugiat
2894 3981 3088 4038 iterum
3125 3987 3250 4040 licet
3300 3981 3363 4040 ad
3416 3987 3612 4038 eamde-

2104 4052 2426 4110 feiisionem,
2454 4069 2614 4124 quain
2645 4053 2798 4106 initio
2826 4056 3053 4124 prmiuli,
3112 4061 3451 4124 eamdemque
3493 4066 3613 4121 pror-

2105 4137 2220 4185 sus,
2291 4119 2482 4189 quam’
2525 4119 2759 4175 Jodocus
2829 4123 3175 4178 Clictliovens
3257 4119 3611 4177 Coaiiiieiiiator

2105 4191 2421 4244 DainaSCeni
2495 4206 2593 4244 suo
2655 4192 2841 4243 tribuit
2890 4194 3224 4246 Dainasceno
3296 4195 3374 4246 bis
3431 4192 3609 4244 verbis:

2105 4258 2286 4328 Neque
2310 4269 2480 4312 tamen
2509 4261 2700 4312 idcirco
2723 4263 2915 4314 erroris
2951 4275 3132 4314 notam
3157 4265 3355 4316 auctori
3378 4261 3614 4329 impingere

2106 4329 2190 4398 fas
2241 4339 2338 4385 est.
2378 4330 2547 4398 quod“
2575 4346 2714 4382 more
2762 4329 3063 4383 (irwcorum
3121 4337 3337 4398 senserit
3399 4333 3612 4392 Spiritum

2107 4396 2347 4452 sanctum
2376 4396 2466 4462 per
2501 4396 2724 4460 Filium,
2755 4416 2857 4453 non
2883 4414 3057 4452 autent
3096 4417 3161 4453 ca:
3189 4396 3326 4453 Filio
3352 4403 3612 4466 procedere;

2109 4469 2197 4521 sed
2221 4484 2313 4535 pro
2351 4469 2594 4534 temporis
2616 4469 2912 4521 conditione
2937 4471 3222 4522 humanum
3241 4484 3475 4524 excrtsare
3500 4471 3616 4534 igrio-

2110 4541 2359 4599 rantiam,
2415 4538 2584 4607 utqui
2622 4549 2842 4604 tempus,
2888 4556 2988 4607 quo
3034 4539 3268 4607 Spiritus
3322 4541 3472 4607 sancti
3515 4550 3612 4607 pro-

2108 4608 2393 4680 cessionem
2440 4605 2513 4659 ex,
2546 4606 2715 4680 Putre
2764 4605 3007 4676 Filioque
3051 4605 3363 4661 credendam
3414 4605 3611 4680 Ecclesia

2106 4677 2364 4728 catholica
2403 4691 2642 4743 expresse
2681 4674 3068 4740 determinavit,
3121 4678 3460 4730 antecesserit.
3482 4675 3536 4725 lu
3564 4674 3615 4722 iis

2107 4757 2300 4807 autem,
2348 4760 2464 4812 quae
2493 4748 2936 4814 necdum'publico
2995 4747 3201 4799 decreto
3247 4748 3448 4814 deﬁnita
3483 4753 3611 4801 sunt,

2103 4824 2379 4882 antequam
2394 4827 2568 4881 aperte
2581 4818 2918 4868 determinent
2929 4833 3012 4880 ur,
3026 4817 3228 4870 diverso
3242 4819 3480 4868 interdum
3496 4814 3615 4862 nitido

2101 4886 2292 4953 sentire
2318 4886 2709 4950 comperiantur
2735 4888 2940 4952 probati
2973 4899 3234 4938 auctores.
3269 4884 3342 4938 lia
3391 4883 3612 4953 tilicthoitt

2103 4969 2202 5023 pro
2257 4952 2610 5006 Dainasceno.
2645 4953 2941 5022 Itidemque
2969 4971 3065 5023 pro
3127 4967 3313 5008 nostro
3339 4951 3524 5023 ial'Iero.
3545 4951 3613 5012 ψη

2105 5022 2279 5076 tamen
2303 5037 2611 5090 quanquam
2643 5038 2747 5075 noii
2780 5025 2926 5077 dicat
2960 5022 3064 5077 ullo
3097 5027 3215 5078 loco
3254 5037 3309 5076 ut
3337 5022 3609 5074 Dainasceii.

2100 5108 2192 5160 per
2237 5091 2431 5144 Filium
2477 5095 2767 5160 procedere
2802 5092 3059 5160 Spiritum
3111 5105 3378 5151 sanetum,
3409 5091 3487 5158 qui
3525 5101 3614 5138 nio-

2100 5163 2200 5232 diis
2241 5162 2519 5232 quuendiA
2541 5162 2647 5227 jam
2703 5161 3008 5232 declaratus
3047 5172 3129 5216 est
3178 5163 3317 5215 idem
3350 5175 3467 5232 esse
3495 5165 3616 5232 acc;

2101 5229 2247 5284 Filio
2289 5241 2344 5284 ut
2387 5246 2453 5284 ex
2490 5229 2698 5286 Concil.
2734 5230 2972 5284 Fiorent.
3010 5243 3063 5286 et
3108 5232 3311 5300 dispnt.
3348 5231 3414 5282 ibi
3464 5229 3616 5296 positis

2105 5301 2317 5370 Itessar.
2367 5301 2539 5355 Genii.
2574 5300 2733 5368 Greg.
2773 5301 3159 5370 Protosyncelli
3194 5309 3429 5370 apparet,
3485 5305 3530 5347 et
3561 5305 3610 5342 et

2103 5369 2297 5424 Bellar.
2332 5387 2454 5438 sup.
2485 5370 2856 5436 ostendimus;
2911 5369 3217 5439 quanquam
3247 5371 3401 5439 igitur
3422 5369 3610 5439 hocnou

2100 5449 2309 5494 asserat
2348 5433 2723 5509 Theophanes,
2757 5433 2850 5492 sed
2882 5433 3024 5493 dicat
3057 5433 3088 5492 εἰ
3139 5433 3296 5509 Patre
3347 5433 3610 5509 procedere.

2102 5527 2206 5564 non
2243 5523 2417 5563 tamen
2470 5500 2723 5577 expresse
2776 5512 3017 5562 excludit
3046 5524 3113 5562 ex
3159 5508 3313 5570 Filio,
3345 5500 3488 5577 quod
3524 5500 3607 5550 Da-

2102 5593 2391 5633 nitscciius
2440 5571 2566 5632 fecit
2599 5593 2662 5632 eo
2709 5594 2892 5644 sensu,
2927 5589 2978 5633 et
3029 5581 3188 5634 modo
3229 5579 3337 5648 jam
3362 5571 3608 5642 explicato.
