3934 6222
373 274 477 338 981

1741 278 2067 340 HOMILIA
2114 281 2262 340 LVI.

3530 290 3649 352 9.“):

365 395 502 448 ῖδιον
538 387 737 460 ἐφίλει.
776 408 795 441 ι
832 391 975 459 Ὅρα
1016 390 1133 453 πῶς
1190 389 1379 453 αὐτοῖς
1423 390 1732 461 λεληθότως
1765 390 1931 443 πλὲκε

2063 390 2312 460 ligcmlus
2349 399 2427 444 est
2464 390 2711 446 Salvator
2742 392 2843 446 hoc
2889 392 3010 447 loco
3066 407 3292 450 vocasse
3349 399 3634 465 mundum,

363 485 461 536 τὸν
492 482 737 536 ἔπαινον.
783 481 1002 553 Ἐπειδὴ
1031 482 1139 554 γὰρ
1171 482 1280 536 ἔδει
1314 483 1823 555 παραμυθήσασθαι
1860 484 1949 536 διὰ

364 576 435 630 τὰ
476 575 743 645 μέλλοντα
774 573 990 637 τούτοις
1025 574 1427 645 συμϐήσεσθαι,
1478 576 1647 646 μέρος
1671 577 1728 630 δὲ
1756 580 1947 647 κράτι-

366 685 494 721 στον
530 667 889 738 παραμυθίας
920 669 949 720 ό
979 666 1226 732 ἔπαινος,
1260 668 1353 722 τὸν
1387 668 1548 749 λόγον
1595 670 1850 741 κίρνησιν
1889 672 1948 739 ἐξ

362 761 591 830 ἀμφοῖν.
634 761 700 813 Ὃ
748 758 879 827 γοῦν
926 758 1099 828 λέγει,
1152 759 1315 814 τοῦτό
1369 762 1486 814 ἔστι
1515 762 1693 831 σαφὴς
1721 761 1948 828 ἔνδειξις

362 852 466 920 τῆς
496 850 649 921 ὑμῶν
682 852 886 921 ἀρετῆς
918 852 979 905 τὸ
1032 852 1314 922 μισεῖσθαι
1348 853 1456 908 ὑπὸ
1496 854 1607 909 τῶν
1641 856 1948 926 μισούντων

359 944 556 1013 αὐτήν.
593 943 654 995 El
685 942 796 1013 γάρ
829 946 977 1010 φιλεῖ
1027 943 1257 998 ἔπεσθαι
1308 944 1387 1014 τῷ
1425 946 1598 1017 ὁμοίῳ
1640 946 1700 1001 τὸ
1735 949 1943 1018 ὅμοιον,

358 1034 611 1101 εὔδηλον,
645 1034 723 1097 ὡς
785 1036 882 1088 καὶ
933 1036 1080 1105 ὑμᾶς
1125 1036 1426 1107 ἠγάπησαν
1464 1040 1513 1091 oi
1547 1038 1808 1110 ρἐτορες
1835 1039 1946 1092 τῶν

360 1129 576 1188 κακῶν,
615 1129 774 1199 εῖπερ
797 1124 895 1199 ἦτε
941 1130 1041 1199 τῆς
1080 1130 1263 1184 αὐτῶν
1312 1131 1653 1202 φαυλότητος
1681 1133 1945 1202 μιμηταί.

357 1216 480 1269 Νῦν
501 1217 549 1269 δ’
578 1215 753 1279 οὕτως
782 1219 1128 1283 ἀπεναντίως
1162 1220 1378 1289 ἔχοντες
1405 1221 1543 1290 πρὸς
1568 1223 1789 1286 αὐτοὺς,
1811 1223 1947 1276 ἀκο-

357 1308 574 1372 λούθως
601 1310 921 1380 μισήσουσι.
961 1311 1075 1365 Καὶ
1129 1311 1229 1383 τὴν
1259 1311 1385 1382 ἑξῆς
1410 1313 1470 1366 δὲ
1508 1312 1672 1383 ῥῆσιν
1696 1316 1807 1375 τοῖς
1836 1314 1946 1367 τῶν

358 1401 606 1454 ἐπαίνων
664 1402 853 1456 ἄνθεσι
905 1403 1295 1459 κατεποίκιλεν
1320 1422 1334 1435 ’
1378 1406 1438 1458 ἐν
1470 1404 1579 1475 γὰρ
1621 1404 1698 1475 τῷ
1724 1406 1942 1459 εἰπεῖν⁹

366 1508 388 1542 ι
425 1489 566 1557 Ἐγὼ
599 1489 932 1561 ἐξελεξάμην
963 1493 1108 1564 ὑμᾶς
1136 1496 1201 1548 ἐκ
1232 1493 1327 1548 τοῦ
1356 1496 1591 1566 κόσμου,
1623 1514 1642 1546 ι
1679 1494 1776 1566 τὴν
1808 1496 1943 1565 πρὸς

354 1582 488 1645 τοὺς
541 1581 733 1645 ἄλλους
797 1583 1075 1655 ὑπεροχὴν
1125 1586 1314 1650 αὐτοῖς
1364 1586 1685 1660 ὑπῃνίξατο.
1734 1586 1791 1638 '0
1834 1586 1943 1655 γὰρ

359 1673 748 1743 ἐκλεγόμενος.
780 1676 843 1729 τὸ
883 1679 1136 1746 κρεῖττον
1177 1678 1497 1744 ἐκλέγεται·
1531 1679 1693 1746 δῆλον
1745 1674 1839 1730 οὖν
1866 1677 1941 1740 ὡς

2055 487 2352 539 mundanas
2368 485 2578 547 turbas,
2604 499 2667 538 ae
2689 485 2840 549 vilia,
2858 486 2982 538 etin
3003 484 3071 539 iis
3089 488 3637 545 versanteshomines

2054 593 2286 644 nequam
2316 587 2369 630 et
2398 576 2699 645 improbos.
2734 594 2751 626 ι
2779 574 2834 628 Si
2862 575 2927 630 de
2944 576 3145 630 mundo
3164 577 3379 643 essetis,
3402 580 3633 634 mundus

2052 670 2194 736 quod
2213 684 2370 722 suum
2392 676 2531 729 erat,
2553 666 2817 737 diligeret.
2834 685 2850 716 ι
2878 666 3111 721 Adverte
3131 668 3401 735 quomodo
3421 669 3629 723 illorum

2051 760 2265 814 laudem
2310 760 2513 814 sensim
2548 767 2772 814 attexat.
2807 758 3075 825 Quoniam
3107 758 3251 812 enim
3276 759 3384 814 illis
3409 772 3626 831 propter

2049 863 2311 906 eventura
2364 852 2508 906 mala
2548 850 2977 905 consolationem
3028 849 3273 903 adhiberi
3321 852 3629 920 oportebat,

2051 945 2117 998 ad
2168 942 2557 997 consolandum
2613 951 2792 997 autem
2840 940 3080 995 laudatio
3133 941 3297 1007 valet,
3339 953 3633 1013 utrumque

2048 1048 2147 1085 suo
2177 1045 2430 1086 sermone
2471 1029 2875 1099 complectitur.
2928 1028 3041 1084 Hoc
3092 1029 3260 1099 igitur
3329 1042 3433 1096 est,
3480 1035 3623 1101 qumi

2048 1125 2202 1181 dicit.
2238 1124 2445 1180 Vestra:
2480 1123 2701 1177 virtutis
2726 1121 3069 1192 perspicuum
3109 1132 3193 1175 est
3250 1137 3625 1193 argumentum

2047 1218 2117 1273 ab
2154 1218 2222 1271 iis
2251 1217 2341 1286 qui
2380 1230 2499 1270 eam
2535 1217 2787 1280 oderunt,
2823 1213 2947 1268 odio
2968 1228 3064 1269 vos
3110 1212 3319 1270 haberi.
3364 1215 3421 1270 Si
3481 1219 3624 1271 enim

2047 1307 2225 1360 simile
2252 1304 2414 1359 simili
2452 1304 2695 1373 copulari
2748 1314 2919 1368 amat,
2973 1320 3164 1362 amore
3224 1322 3324 1362 vos
3380 1311 3625 1376 profecto

2046 1405 2513 1467 prosequerentur
2541 1397 2575 1451 ii
2600 1396 2692 1465 qui
2719 1397 2858 1452 male
2884 1407 3077 1469 agunt,
3109 1400 3155 1454 si
3186 1414 3281 1455 vos
3317 1401 3464 1470 ipsos
3502 1402 3631 1455 imi—-

2050 1490 2321 1556 taremini,
2347 1488 2506 1559 idque
2535 1489 2782 1563 sequitur
2821 1489 3137 1558 evidenter;
3164 1507 3309 1547 nunc
3343 1506 3473 1547 vero
3530 1508 3630 1561 ope

2046 1583 2284 1652 positum
2336 1582 2418 1646 tit,
2490 1591 2547 1636 ut
2604 1581 2866 1652 quoniam
2918 1583 3193 1655 contrario
3236 1584 3396 1640 modo
3450 1584 3626 1640 allecti

2047 1674 2203 1739 estis,
2236 1688 2333 1729 vos
2359 1672 2485 1728 odio
2509 1684 2926 1744 persequantur.
2966 1674 3297 1748 Sequentem
3334 1678 3458 1733 item
3491 1694 3620 1731 ora-

356 1766 784 1837 εὐφυεστέρους,
817 1770 912 1823 καὶ
941 1770 1226 1834 δεκτικοὺς
1256 1770 1368 1824 τῶν
1414 1770 1598 1823 καλῶν
1625 1769 1735 1822 τῶν
1765 1768 1931 1822 άλλωι

2048 1766 2247 1820 tionem
2287 1763 2513 1819 floribus
2568 1764 2786 1821 laudum
2835 1767 3128 1837 aspergit;
3181 1768 3411 1825 dicendo
3455 1768 3629 1835 siqui-

355 1858 584 1913 πάντων
641 1861 787 1928 ὑμᾶς
846 1862 1218 1932 προετίμησα.
1248 1863 1360 1916 Καὶ
1424 1861 1708 1927 ἀποξύσας
1757 1863 1940 1915 πᾶσαν

354 1950 637 2021 κοσμικὴν
666 1952 957 2023 πονηρίαν,
988 1954 1305 2024 μετήγαγον
1331 1954 1472 2026 πρὸς
1530 1953 1631 2023 τὴν
1684 1954 1942 2007 ἐπαινου-

359 2043 532 2111 μένην
564 2043 889 2098 ἀλλοίωσιν·
924 2045 1014 2099 διὰ
1052 2046 1214 2100 τοῦτο
1268 2046 1522 2117 μισοῦσιν
1592 2046 1738 2116 ὑμᾶς
1770 2045 1820 2099 oi
1852 2060 1943 2097 κο·-

361 2138 532 2206 σμικῇ
561 2139 1025 2208 συμπεφυρμένοι
1052 2138 1329 2209 θολότητι.

2046 1857 2168 1913 dem
2201 1875 2216 1911 :
2249 1875 2269 1909 ι
2303 1856 2416 1926 Ego
2446 1871 2544 1913 vos
2596 1857 2735 1928 elegi
2767 1857 2833 1912 de
2858 1859 3078 1925 mundo,
3126 1877 3144 1912 ι
3176 1861 3319 1930 quod
3356 1860 3477 1915 aliis
3515 1860 3617 1929 ipsi

2046 1948 2385 2021 praecellant,
2446 1948 2683 2005 latenter
2739 1948 3058 2007 insinuavit.
3119 1948 3255 2005 Nam
3306 1952 3397 2022 qui
3456 1952 3629 2018 eligit.

2046 2042 2393 2111 praestantius
2425 2041 2614 2112 eligit;
2648 2041 2994 2097 manifestum
3028 2053 3107 2099 est
3147 2042 3316 2114 igitur
3373 2058 3469 2098 vos
3514 2059 3628 2097 me-

2046 2135 2181 2189 liore
2215 2144 2424 2190 natura:
2450 2134 2639 2190 habitu
2666 2132 2946 2206 praeditos,
2972 2144 3029 2191 et
3057 2135 3125 2190 ad
3156 2134 3358 2191 bonum
3402 2137 3627 2203 capien-

354 2231 486 2285 dum
552 2232 793 2301 aptiores
836 2232 959 2288 aliis
1021 2247 1055 2287 ιι
1110 2248 1198 2289 me
1255 2234 1427 2289 fuisse
1468 2233 1825 2302 praepositos:
1870 2241 1924 2286 et
1965 2229 2112 2284 omni
2178 2228 2363 2283 mundi
2388 2230 2656 2298 pravitate
2687 2245 2717 2284 a
2776 2231 2932 2285 vobis
2954 2234 3226 2296 abstersa,
3260 2232 3328 2286 ad
3373 2231 3626 2287 laudabi-

350 2322 465 2377 lem
499 2323 735 2388 traduxi,
774 2332 830 2378 et
868 2325 1198 2380 commutavi
1257 2334 1496 2393 statum;
1557 2327 1787 2394 ideoque
1835 2337 1934 2377 vos
1972 2321 2229 2386 oderunt,
2264 2321 2355 2390 qui
2385 2328 2513 2375 sunt
2542 2321 2816 2377 mundana
2842 2320 2975 2379 faece
2996 2323 3291 2378 commisti.

436 2434 457 2468 ι
492 2418 877 2488 Μνημονεύετε
928 2420 1026 2474 τοῦ
1071 2420 1254 2490 λόγου,
1285 2416 1347 2478 οὗ
1407 2421 1519 2491 ἑγὼ
1573 2419 1728 2476 εἷπον
1764 2422 1894 2489 ὑμῖν
1919 2439 1933 2452 ·

352 2508 476 2564 οὐκ
502 2510 620 2564 ἐστι
653 2511 840 2575 δοῦλος
866 2514 1073 2582 μείζων
1097 2513 1192 2569 τοῦ
1229 2516 1422 2586 κυρίου
1451 2510 1636 2570 αὐτοῦ.
1671 2534 1689 2566 ι
1721 2515 1785 2568 Ei
1803 2512 1934 2582 ἐγὼ.

350 2601 518 2671 φησὶ,
554 2600 755 2673 Κύριος
778 2602 855 2657 ὢν
910 2604 1012 2659 οὐκ
1041 2606 1331 2680 ἠνῃνάμην
1385 2607 1527 2678 ὑπὲρ
1559 2605 1789 2669 δούλων,
1841 2606 1937 2659 καὶ

351 2693 511 2763 παρὰ
541 2693 744 2749 δούλων
802 2695 1044 2750 τοσαῦτα
1077 2698 1295 2763 παθεῖν,
1327 2699 1390 2752 οὐ
1423 2698 1532 2771 χρὴ
1569 2699 1828 2752 ἀνιᾶσθαι
1856 2698 1931 2752 δεο

356 2787 635 2839 σποτικῶν
668 2788 1061 2853 κοινωνοῦντας
1093 2790 1306 2845 παθῶν.
1345 2793 1454 2844 Καὶ
1484 2796 1593 2860 γὰρ
1630 2791 1727 2845 καὶ
1748 2790 1935 2853 δοῦλος

353 2876 470 2931 ἔστ’
508 2875 628 2953 ἂνῇ
659 2879 867 2947 δοῦλος,
896 2882 998 2941 οὐκ
1057 2882 1212 2937 ισται
1237 2884 1472 2954 μείζονα
1506 2882 1676 2938 αὑτοῦ
1709 2882 1805 2935 τοῦ
1847 2882 1933 2936 δσ-

352 2971 558 3024 σπότου
594 2971 736 3044 ἔχων
784 2976 969 3045 τιμήν.
997 2975 1062 3028 Εἰ
1109 2974 1203 3031 οὖν
1236 2974 1337 3045 ἐμὲ
1374 2975 1604 3041 ἐδίωξαν
1636 2975 1934 3046 ζητοῦντες

2122 2437 2141 2468 ι
2177 2414 2508 2472 Mementote
2541 2418 2818 2473 sermonis
2863 2434 3027 2487 quem
3083 2433 3184 2486 ego
3247 2419 3358 2474 dixi
3416 2419 3573 2476 vobis
3609 2439 3623 2473 :

2044 2508 2161 2564 Non
2184 2520 2270 2564 est
2290 2524 2479 2564 servus
2528 2510 2702 2580 major
2763 2510 2983 2565 domino
3036 2525 3155 2567 suo.
3213 2529 3233 2561 ι
3283 2509 3339 2565 Si
3374 2527 3495 2582 ego,
3543 2514 3626 2566 in-

2043 2600 2184 2670 quit,
2232 2616 2356 2655 cum
2399 2617 2574 2657 essem
2610 2601 2872 2657 Dominus
2911 2616 3018 2657 non
3074 2603 3341 2672 recusavi,
3399 2600 3619 2674 quomi-

2044 2708 2146 2748 nus
2170 2703 2224 2748 et
2256 2709 2284 2747 ιι
2312 2695 2488 2749 servis
2516 2703 2570 2750 et
2600 2709 2700 2763 pro
2729 2694 2906 2750 servis
2950 2704 3027 2748 tot
3053 2710 3117 2748 ac
3155 2704 3304 2750 tanta
3365 2708 3618 2766 perpete-

2044 2800 2154 2847 rer,
2181 2801 2286 2841 non
2312 2786 2543 2841 moleste
2574 2785 2717 2842 ferre
2753 2787 3006 2842 convenit
3044 2801 3252 2851 servos,
3297 2787 3346 2843 si
3400 2787 3612 2844 Domini

2041 2876 2180 2930 mala
2208 2877 2439 2931 sintsibi
2473 2878 2809 2932 communia.
2869 2876 3083 2932 Etenim
3132 2893 3371 2940 servum,
3428 2880 3610 2947 quoad

2038 2982 2232 3022 servus
2270 2969 2361 3035 sit,
2403 2970 2612 3039 majore
2649 2985 2811 3039 quam
2856 2969 3116 3023 Dominus
3174 2971 3381 3025 honore
3428 2971 3618 3026 haberi

352 3062 456 3133 τὴν
484 3062 666 3135 ψυχὴν
724 3069 839 3132 τοῖς
890 3066 985 3120 τοῦ
1033 3067 1268 3123 θανάτου
1322 3068 1508 3139 βρόχοι
1520 3088 1535 3129 ;
1589 3067 1929 3140 περιϐαλεῖν,

2043 3077 2143 3115 non
2169 3061 2374 3118 licebit.
2404 3062 2459 3116 Si
2492 3063 2657 3132 igitur
2682 3077 2766 3116 me
2797 3062 3067 3129 persecuti
3112 3071 3244 3118 sunt
3304 3072 3619 3132 quaerentes

351 3152 640 3221 ἑπομένως
677 3157 771 3210 καὶ
797 3157 957 3226 ὑμεῖς
1002 3158 1095 3211 ὑπ’
1135 3158 1319 3213 αὐτῶν
1365 3158 1759 3229 διωχθήσεσθε.
1813 3157 1930 3211 Κᾶν

348 3241 450 3301 οὖν
485 3248 869 3318 κηρυττόντων
904 3250 1060 3320 ὑμῶν
1087 3250 1160 3304 τὰ
1185 3250 1558 3322 συμφέροντα,
1595 3251 1804 3321 βύσωσι
1830 3249 1930 3315 τὰς

349 3339 529 3402 ἀκοὰς
566 3339 643 3409 μὴ
672 3340 1008 3411 πειθόμενοι,
1069 3342 1384 3412 ὲννοήσατε,
1409 3342 1485 3405 ὡς
1517 3342 1641 3396 οὐδὲ
1670 3343 1763 3396 τὸν
1796 3342 1932 3413 itpr

352 3430 515 3500 λόγον
548 3432 642 3503 ὲτή
650 3448 717 3504 ρη
726 3449 849 3487 σαν.

430 3630 451 3664 ι
488 3610 651 3665 Ἀλλὰ
703 3613 878 3668 ταῦτα
932 3615 1114 3669 πάντα
1170 3617 1491 3686 ποιήσουσιν
1553 3616 1683 3685 ὑμῖν
1736 3614 1825 3668 διὰ
1869 3615 1933 3667 τὸ

349 3704 528 3776 δνομά
565 3722 689 3776 μου,
713 3706 797 3759 ὅτι
826 3707 927 3760 οὐκ
978 3707 1152 3761 οῐδασι
1185 3707 1278 3761 τὸν
1322 3707 1618 3778 πέμψαντά
1666 3722 1756 3777 με.
1795 3724 1813 3757 ι
1853 3706 1928 3759 Οὐ

352 3796 548 3865 μέχρις
578 3795 734 3866 ἐμοῦ,
766 3796 923 3867 φησὶ,
966 3798 1236 3869 τούτοιςή
1270 3798 1488 3865 ἄγνοια,
1545 3797 1681 3852 ἀλλὰ
1733 3797 1796 3866 δὴ
1832 3798 1929 3851 καὶ

349 3887 513 3941 αὐτὸν
542 3887 796 3958 ἀγνοοῦσι
824 3888 917 3942 τὸν
974 3890 1214 3961 Πατέρα,
1245 3892 1334 3959 ὑφ’
1360 3884 1420 3944 οὗ
1465 3889 1807 3959 ἀπεστάλην,
1852 3889 1927 3953 ὡς

343 3979 656 4049 ὁμοοὺσιος.
680 3979 756 4034 Τὸ
775 3980 834 4033 δὲ
871 3998 890 4032 ι
926 3984 1027 4036 Διά
1062 3983 1122 4036 τὸ
1150 3983 1327 4052 ὄνομά
1356 4000 1457 4053 μου
1501 4002 1520 4035 ι
1557 3984 1925 4055 προσέθηκεν,

345 4072 538 4144 ἐπειδὴ
561 4075 812 4143 σχετικὸν
838 4074 899 4127 τὸ
924 4073 1095 4143 ὄνομα
1120 4074 1216 4127 τοῦ
1240 4074 1456 4146 Πατρός
1495 4074 1632 4146 πρὸς
1647 4077 1738 4129 τὸν
1765 4076 1920 4132 Υίόν.

345 4162 485 4218 Οὔτε
524 4165 634 4236 γὰρ
665 4165 855 4236 Πατὴρ
879 4164 1008 4221 ἄνευ
1040 4163 1197 4230 Υίοῦ,
1222 4165 1345 4219 οὔτε
1371 4165 1501 4230 Υἱὸς
1536 4167 1665 4221 ἄνευ
1686 4166 1922 4239 Πατρός.

254 4236 273 4253 ‘
343 4255 504 4307 Ἐπεὶ
525 4254 619 4309 οὖν
648 4256 931 4325 ἀγνοοῦσι,
970 4260 1125 4327 φησὶ,
1187 4258 1249 4311 τὸ
1296 4258 1470 4329 ὄνομά
1519 4277 1645 4328 μου,
1676 4260 1758 4314 ὅτι
1795 4236 1923 4325 Ῠίός

339 4348 483 4418 είμι,
515 4347 636 4402 οὐδὲ
666 4348 759 4402 τὸν
790 4349 1090 4420 πέμψαντά
1125 4368 1192 4420 με
1228 4352 1453 4422 Πατέρα
1482 4352 1691 4407 ῖσασιν.

421 4544 441 4578 ι
478 4525 543 4578 Et
573 4524 648 4597 μὴ
673 4521 862 4598 ἦλθον,
897 4527 992 4581 καὶ
1020 4528 1261 4600 ἐλάλησα
1281 4529 1490 4595 αὐτοῖς,
1510 4530 1793 4602 ἁμαρτίαν
1819 4532 1922 4586 οὐκ

337 4612 515 4687 εἶχον.
553 4635 572 4670 ι
612 4618 877 4687 οὐδεμία,
930 4621 1087 4691 φησὶ,
1142 4624 1255 4684 τοῖς
1307 4619 1586 4685 Ἰουδαίοις
1639 4622 1920 4679 λέλειπται

341 4712 621 4782 πρόφασις
648 4728 662 4742 ⁸
693 4712 872 4765 πάντα
895 4713 1005 4785 γὰρ
1024 4715 1476 4786 εὐηγγελισάμην
1503 4717 1687 4779 αὐτοῖς
1710 4716 1780 4770 τὰ
1796 4706 1922 4787 ὀνή-

341 4820 481 4872 σιμα
511 4806 607 4857 καὶ
638 4804 915 4875 σωτηρίας
968 4806 1226 4878 ἐχόμενα,
1267 4806 1410 4862 ὥστε
1447 4807 1784 4880 περιῄρηται
1817 4811 1919 4862 αὑ-

335 4895 455 4956 τοῖς
484 4895 636 4948 πᾶσα
664 4893 830 4965 λαὸή.
867 4893 1023 4948 Ἐπεὶ
1050 4896 1106 4949 δὲ
1136 4897 1170 4965 ἡ
1196 4895 1292 4949 τοῦ
1344 4897 1598 4967 Σωτῆρος
1656 4893 1917 4953 διδασκα-

340 4983 432 5038 λία
467 4985 683 5039 πάντων
708 4985 965 5057 ἐξῄρητο,
984 4985 1020 5040 ἃ
1050 4986 1160 5058 γάρ
1187 4985 1370 5058 ἔργοις
1391 4988 1703 5061 ἐπλήρωσε,
1744 4990 1917 5045 ταῦτα

338 5076 522 5144 λόγοις
551 5076 785 5143 ἐδίδαξε,
830 5077 919 5131 διὰ
966 5078 1125 5131 τοῦτό
1170 5096 1367 5150 φησιν’
1404 5098 1423 5133 ι
1464 5080 1524 5134 Εί
1570 5081 1639 5134 τὰ
1672 5081 1810 5153 ἔργα
1842 5083 1918 5155 μὴ

338 5168 576 5238 ἐποίησα
604 5170 663 5222 ἐν
692 5169 899 5234 αὐτοῖς,
929 5169 968 5224 ἃ.
995 5170 1173 5235 οὐδεὶς
1192 5170 1351 5236 ἄλλος
1387 5173 1713 5242 πεποίηκεν,
1738 5175 1919 5245 ἁμαρ-

339 5260 467 5315 τίαν
495 5262 596 5314 οὐκ
623 5256 791 5331 εἴχον.
828 5280 846 5312 ι
889 5261 1025 5314 Τίνα
1054 5262 1112 5315 δὲ
1159 5261 1229 5316 τὰ
1262 5261 1435 5334 ἔργας
1468 5263 1674 5334 Νεκροὶ
1700 5267 1916 5338 ἐγειρό-

342 5370 518 5425 μενοι,
548 5354 741 5424 τυφλοὶ
769 5353 1218 5426 όμματούμενοι,
1261 5356 1566 5427 παράλυτοι
1596 5357 1916 5430 ἁρμοζόμε-

336 5463 445 5509 νοι,
480 5446 738 5517 δαίμονες
804 5447 1182 5517 ἐλαυνόμενοι,
1249 5448 1474 5519 κύματα
1545 5449 1912 5522 πεζευόμενα,

337 5537 564 5591 ποικίλα
607 5538 755 5608 πάθη
815 5538 1261 5611 φυγαδευόμενα.
1298 5540 1573 5596 Τοιούτων
1610 5540 1706 5597 οὖν
1735 5544 1914 5615 ἔργων

334 5629 589 5684 Ἰουδαῖοι
606 5631 888 5703 γενόμενοι
910 5631 1121 5700 θεαταὶ,
1148 5631 1309 5689 ποίαν
1353 5631 1593 5705 εὕρωσιν
1614 5634 1913 5709 ἀπολογίας

333 5721 457 5775 ὁδόν
486 5736 500 5785 ;

2042 3153 2278 3209 animam
2307 3171 2480 3209 meam
2516 3153 2707 3209 mortis
2734 3154 2984 3223 θαι-ξρετε
3008 3153 3237 3223 laqueis,
3279 3168 3619 3224 consequen~

2044 3258 2124 3304 ter
2156 3249 2320 3302 etiam
2352 3257 2407 3302 et
2443 3260 2540 3302 vos
2569 3246 3010 3301 iosectabuntnr.
3051 3244 3115 3299 Et
3147 3245 3192 3299 si
3254 3246 3417 3314 igitur
3466 3246 3625 3300 vobis

2041 3338 2194 3392 utilia
2227 3337 2651 3408 praedicantibus
2680 3336 2968 3391 obstruent
3026 3350 3190 3390 aures
3234 3352 3386 3399 suas,
3443 3350 3619 3404 neque

2038 3428 2286 3493 credent,
2327 3435 2596 3496 reputate,
2630 3441 2733 3481 nec
2795 3442 2974 3481 meum
3007 3427 3076 3481 ab
3133 3426 3271 3493 ipsis
3328 3439 3614 3494 acceptum

2039 3518 2207 3573 fuisse
2236 3533 2569 3574 sermonem.

2117 3631 2135 3663 ι
2172 3611 2275 3667 Sed
2312 3611 2426 3667 haec
2457 3610 2642 3665 omnia
2687 3610 2891 3666 facient
2940 3609 3092 3665 vobis
3150 3619 3372 3680 propter
3418 3624 3612 3663 nomen

2040 3719 2245 3771 meum,
2274 3721 2295 3755 ι
2329 3705 2456 3774 quia
2482 3704 2735 3759 nesciunt
2755 3718 2899 3766 eum,
2919 3705 3010 3772 qui
3040 3705 3189 3758 misit
3213 3719 3299 3759 nte
3354 3722 3373 3754 ι
3398 3702 3512 3756 Νοιι
3552 3702 3605 3754 in

2038 3814 2143 3864 me,
2180 3798 2374 3867 inquit,
2402 3813 2588 3852 eorum
2631 3797 2817 3852 linitur
2864 3798 3194 3866 ignorantia,
3244 3796 3340 3852 sed
3405 3805 3460 3850 et
3510 3794 3616 3847 Pa-

2042 3902 2174 3945 trem
2200 3890 2376 3961 ipsurn
2413 3891 2682 3959 ignorant,
2716 3907 2743 3945 a
2775 3906 2884 3961 quo
2932 3906 3031 3960 ego
3078 3901 3134 3943 ut
3176 3891 3617 3944 consubstantia-

2036 3981 2106 4038 lis
2151 3983 2351 4037 missus
2407 3997 2548 4036 sum.
2610 3981 2746 4037 Illud
2806 3992 2983 4038 autem
3019 3998 3032 4035 :
3071 4001 3089 4033 ι
3147 3982 3375 4049 Propter
3407 3997 3601 4034 nomen

2035 4088 2240 4137 meum,
2282 4092 2303 4127 ι
2338 4074 2460 4128 ideo
2493 4073 2721 4141 addidit,
2759 4074 2900 4144 quod
2950 4072 3132 4130 Patris
3171 4088 3366 4127 nomen
3400 4072 3612 4127 habitu-

2036 4166 2219 4221 dinem
2249 4165 2411 4219 habet
2442 4167 2509 4218 ad
2541 4166 2759 4220 Filium.
2793 4164 2981 4233 Neque
3003 4166 3147 4219 enim
3173 4166 3289 4219 sine
3326 4164 3463 4219 Filio
3504 4163 3612 4217 Pa-

2036 4269 2137 4324 ter,
2166 4274 2339 4330 neque
2358 4259 2524 4330 382
2548 4260 2666 4316 sine
2691 4258 2849 4315 Patre
2884 4259 3051 4314 Filius
3079 4278 3093 4316 :
3130 4258 3394 4328 QttOniam
3424 4258 3608 4328 igitur,

2034 4354 2236 4423 inquit,
2271 4353 2520 4424 ignorant
2568 4367 2763 4409 nomen
2816 4370 3019 4419 meum,
3063 4354 3205 4421 quod
3258 4353 3425 4408 Filius
3463 4368 3611 4421 sum,

1955 4438 2004 4497 D
2035 4458 2211 4514 neque
2228 4442 2468 4504 Patrem.
2489 4444 2579 4513 qni
2611 4458 2699 4500 me
2724 4445 2889 4512 misit,
2918 4452 3141 4500 norunt.

2103 4553 2122 4587 ι
2162 4534 2218 4589 Si
2253 4550 2360 4590 non
2382 4539 2677 4602 venissem,
2709 4546 2765 4591 et
2791 4536 3005 4591 locutus
3041 4536 3261 4594 fuissem
3324 4538 3426 4604 eis,
3461 4552 3590 4604 pec-

2024 4636 2205 4681 cattnn
2233 4643 2340 4682 non
2374 4628 2655 4684 haberent.
2701 4648 2722 4680 ι
2759 4626 2970 4694 Nullus,
3015 4629 3207 4699 inquit,
3254 4630 3456 4687 .lndzris
3516 4646 3604 4684 re-

2024 4722 2188 4777 lictus
2223 4733 2303 4777 est
2327 4725 2622 4779 excusandi
2660 4726 2832 4780 locus.
2867 4723 3061 4779 Omnia
3111 4724 3278 4783 enim,
3317 4739 3436 4790 qua:
3497 4725 3602 4775 nti-

2027 4816 2121 4880 lia,
2153 4833 2384 4887 qumque
2406 4818 2775 4873 conducerent
2808 4817 2873 4869 ad
2906 4817 3163 4878 salutem,
3201 4816 3311 4870 illis
3350 4817 3604 4869 enuntia-

2024 4910 2097 4974 vi,
2160 4911 2231 4963 ita
2281 4920 2339 4964 ut
2393 4910 2573 4965 omnis
2621 4909 2727 4965 illis
2757 4922 2885 4962 ansa
2938 4908 3161 4974 prwcisa
3205 4908 3296 4962 sit.
3332 4907 3598 4974 Quoniam

2022 5016 2149 5055 vero
2180 5000 2480 5056 Salvatoris
2504 5001 2751 5055 doctrina
2778 4999 2993 5053 creteris
3038 4999 3290 5053 omnibus
3323 5001 3426 5054 hoc
3461 5016 3600 5070 pra:-

2022 5092 2229 5156 celluit,
2266 5095 2411 5162 quod
2440 5109 2500 5149 ea
2530 5109 2651 5163 qua:
2675 5092 2857 5146 verbis
2894 5091 3103 5155 docuit,
3138 5092 3299 5149 factis
3331 5092 3596 5161 implevit,

2022 5182 2145 5237 ideo
2174 5183 2356 5238 subdit
2388 5200 2402 5237 :
2440 5201 2458 5234 ι
2501 5183 2557 5237 Si
2583 5198 2751 5251 opera
2781 5197 2888 5235 non
2927 5184 3176 5238 fecissem
3218 5184 3269 5236 in
3314 5184 3416 5247 eis,
3473 5200 3597 5251 qua:

2023 5285 2183 5325 nemo
2208 5271 2348 5325 alius
2372 5270 2836 5342 fecit,peccatum
2876 5287 2982 5326 non
3042 5273 3327 5328 haberent.
3388 5293 3407 5325 ι
3467 5274 3596 5339 Quae

2021 5381 2154 5421 vero
2186 5365 2381 5434 opera?
2414 5366 2612 5422 Mortui
2643 5366 2914 5429 suscitati,
2971 5368 3099 5422 caeci
3153 5368 3461 5432 illnminati,
3523 5370 3598 5425 le-

2022 5459 2167 5527 prosi
2194 5460 2461 5523 mundati,
2493 5459 2776 5531 paralytici
2800 5459 3151 5527 consolidati,
3184 5459 3359 5530 fngati-
3394 5461 3595 5517 daemo-

2022 5562 2137 5612 nes,
2189 5549 2384 5604 calcati
2426 5549 2641 5615 ﬂuctus,
2704 5552 2853 5607 varia
2895 5552 3207 5606 morborum
3248 5565 3447 5620 genera
3494 5533 3623 5607 de:

2018 5641 2196 5706 pulsa.
2230 5639 2362 5695 Cum
2390 5642 2557 5712 igitur
2587 5642 2773 5697 talium
2830 5657 3055 5712 operum
3104 5651 3439 5711 Spectatores
3475 5644 3590 5696 l'ue-
3676 5678 3683 5693 .

2022 5733 2125 5786 rint
2151 5733 2248 5805 ipsi
2279 5732 2473 5806 Jndrei',
2503 5751 2662 5807 quam
2694 5735 3064 5792 exc'isationis
3096 5737 3366 5805 reperient
3410 5734 3593 5789 viam’
