3934 6222
277 318 387 381 985

1638 327 1972 388 HOMlLlA
2014 331 2166 394 LVI.

3419 347 3524 407 986

352 447 372 480 ι
405 428 592 483 Ταῦτα
621 430 894 504 λελάληκα
921 435 1071 506 ύμῖν,
1104 437 1192 491 ἵνα
1226 437 1301 510 μὴ
1365 437 1795 507 σκανδαλισθῆτε

2030 464 2050 497 ι
2090 445 2214 501 Haec
2245 447 2458 505 loculus
2486 466 2605 505 sum
2632 453 2805 521 vobis,
2829 460 2889 507 ut
2917 467 3020 508 nou
3051 455 3527 513 scandalizemini:

272 520 742 590 ἀποσυναγώγους
773 530 1090 597 ποιήσουσιν
1112 531 1257 601 ὑμᾶς
1284 548 1299 562 ο
1324 532 1443 585 ἀλλ’
1460 533 1677 603 ἔρχεται
1706 533 1846 604 ὥρα,

272 610 361 662 ἵνα
396 612 503 674 πᾶς
526 613 555 663 ὁ
586 616 920 678 ἀποκτείνας
948 619 1076 691 δόξῃ
1100 621 1361 692 λατρείαν
1405 626 1739 695 προσφέρειν
1772 624 1849 692 τῷ

268 701 413 772 θεῷ.
451 723 469 755 ι
511 705 705 775 Ἀθρει
735 708 799 778 δὴ
821 710 970 774 ὅπως
997 713 1309 783 ἀρξάμενος
1343 716 1454 769 ἀπὸ
1482 717 1590 770 τῶν
1620 718 1850 772 ἔλαττον

270 792 640 861 σκυθρωπῶν,
677 799 765 852 ἐπ’
789 801 923 854 αὐτὸ
953 805 1266 875 κατήντησε
1298 806 1361 860 τὸ
1410 808 1711 877 κεφάλαιον
1770 810 1849 861 εί-

265 881 391 934 πὼν
410 923 425 946 ,
454 885 538 938 ὅτι
578 886 948 959 τεθνήξονται.
973 895 1035 947 Ei
1067 897 1176 964 γὰρ
1196 897 1433 968 ἀρχῆθεν
1456 903 1719 971 προεῖπεν
1751 901 1849 956 αὒ-

262 977 386 1038 τοῖς
417 975 501 1029 ὅτι
524 978 1362 1056 ἁποκτανθήσεσθε,ίλιγγίασαν
1390 990 1458 1045 ἂν
1474 993 1722 1059 φυσικῶς
1747 992 1846 1062 τῆς

257 1064 447 1136 ψυχῆς
479 1069 971 1146 ἀποστρεφομένης
991 1077 1082 1129 τὸν
1115 1079 1365 1135 θάνατον.
1388 1081 1503 1136 Νῦν
1527 1082 1582 1135 δὲ
1607 1083 1714 1136 ἀπὸ
1735 1084 1846 1138 τῶν

262 1160 620 1230 κουφοτέρων
650 1164 741 1216 τὸν
770 1164 928 1235 λόγον
953 1171 1277 1241 ἀρξάμενος,
1306 1176 1401 1227 καὶ
1426 1175 1610 1246 ἠρέμα
1636 1175 1844 1230 τούτων

260 1251 457 1315 ἐθίσας
484 1253 615 1317 τοὺς
638 1255 955 1326 λογισμοὺς,
994 1264 1133 1329 μετὰ
1163 1263 1336 1316 ταῦτα
1362 1265 1561 1334 ἐπάγει
1598 1267 1666 1319 sit
1713 1284 1843 1320 σκυο

257 1341 613 1416 θρωπότερα.
650 1347 798 1401 ’Λνω
824 1351 923 1419 μὲν
951 1351 1060 1423 γὰρ
1101 1350 1275 1421 εἶπεν,
1301 1357 1384 1409 ὅτι
1427 1357 1840 1429 Μισηθήσεσθε,

254 1432 386 1488 εἶτα
416 1439 511 1490 καὶ
544 1439 950 1511 Διωχθήσεσθε,
975 1446 1290 1502 τελευταῖον
1319 1449 1397 1512 δὲ,
1420 1449 1503 1503 ὃτι
1536 1451 1633 1503 καῖ⁵
1674 1451 1839 1505 Ἀπο-

254 1526 655 1595 κτανθήσεσθε.
695 1529 805 1582 Καὶ
837 1532 897 1583 τὸ
918 1532 987 1603 δὴ
1026 1535 1239 1603 μεῖζον,
1263 1536 1347 1589 ὅτι
1391 1538 1487 1590 καὶ
1506 1539 1553 1590 oi
1603 1538 1840 1592 ἀποκτε-

254 1615 480 1680 νοῦντες
519 1618 685 1689 ὑμᾶς,
716 1619 832 1674 οὗθ’
878 1622 952 1686 ὡς
983 1629 1187 1691 φονεῖς,
1221 1626 1334 1681 οὔθ’
1362 1628 1438 1691 ὡς
1481 1621 1658 1683 ἄδικοι
1688 1630 1838 1698 λογι-

1953 537 2158 606 absque
2188 545 2475 610 synagogis
2523 543 2729 599 facient
2779 560 2876 600 vos
2910 563 2925 599 :
2959 546 3052 600 sed
3106 547 3254 599 venit
3305 548 3434 601 hora
3469 558 3527 601 ttt

1950 630 2128 683 omnis
2178 632 2268 699 qui
2319 632 2580 687 interficit
2619 649 2735 701 vos,
2772 635 3068 690 arbitretur
3106 636 3424 705 obsequium
3466 654 3528 694 se

1950 725 2210 785 praestare
2258 720 2387 775 Deo.
2428 739 2447 774 ι
2488 720 2621 776 Vide
2677 733 2797 778 uta
2830 725 3131 780 minoribus
3179 741 3404 781 exorsus
3446 728 3528 782 in-

1949 810 2249 866 commodis
2277 812 2342 865 ad
2372 827 2639 870 summam
2688 816 2861 885 ipsam
2908 817 3170 871 malorum
3215 821 3525 885 pervenerit

1949 898 2153 966 dicens,
2190 901 2304 957 fore
2335 914 2391 957 ιιι
2424 905 2746 962 moriantur.
2779 905 2836 960 Si
2871 908 3013 960 enim
3061 922 3088 959 a
3124 908 3389 977 principio
3417 908 3524 964 illis

1947 993 2274 1050 oet-idendos
2321 995 2437 1052 fore
2485 996 2732 1063 dixisset,
2765 999 3067 1054 conturbati
3114 999 3358 1064 fuissent,
3399 1016 3521 1056 cunt

1948 1085 2270 1141 naturaliter
2317 1089 2498 1142 anima
2530 1100 2762 1144 mortem
2814 1099 3114 1146 aversetur.
3144 1089 3294 1145 Nunc
3326 1106 3456 1147 vero
3490 1108 3520 1145 a

1945 1175 2238 1232 levioribus
2268 1194 2519 1235 sermone
2542 1179 2816 1245 instituto,
2867 1191 2922 1237 et
2952 1181 3282 1251 pedetentim
3311 1191 3521 1237 mentes

1944 1283 2131 1324 eorum
2165 1271 2251 1326 his
2283 1273 2566 1327 audiendis
2599 1274 2989 1340 assttel'aciens,
3021 1285 3205 1344 postea
3243 1274 3330 1329 illa
3357 1276 3520 1329 terri-

1944 1362 2136 1417 biliora
2186 1365 2484 1435 subiungit.
2520 1365 2701 1420 Primo
2732 1368 2876 1421 enim
2927 1382 3024 1422 eos
3057 1367 3185 1422 odio
3214 1366 3518 1433 habendos,

1943 1453 2140 1509 deinde
2194 1457 2622 1526 persequendos,
2655 1467 2928 1527 postremo
2980 1458 3308 1514 occidendos
3354 1458 3515 1514 dixit.

1941 1543 2075 1605 Tum
2101 1546 2262 1601 etiam
2280 1548 2420 1617 quod
2441 1557 2523 1602 est
2547 1564 2816 1604 summum
2840 1550 3107 1617 adiunxit,
3135 1564 3230 1605 eos
3251 1551 3343 1618 qui
3370 1550 3516 1620 ipsos

1943 1633 2369 1701 interfecissent,
2402 1652 2577 1707 neque
2594 1637 2914 1705 homicidas,
2950 1653 3123 1709 neque
3152 1639 3377 1705 iniustos
3401 1638 3516 1695 fore

251 1705 575 1777 σθήσονται.
616 1704 728 1763 Ἤν
757 1712 865 1782 γάρ
894 1732 975 1777 τις
1005 1715 1134 1780 ἴσως
1164 1716 1513 1788 παραμυθία.
1544 1723 1637 1772 καὶ
1660 1720 1723 1773 τὸ
1750 1721 1826 1774 δό-

252 1797 348 1823 ε--
377 1801 717 1823 ι--ᾼ----υ-η
830 1805 855 1823 ,ι
891 1809 915 1823 .
1054 1809 1066 1823 .
1093 1809 1134 1823 ..
1246 1812 1258 1823 .
1307 1812 1382 1823 .-.
1584 1813 1595 1823 .

1936 1725 2275 1791 iudicandos.
2299 1704 2562 1783 Futurum
2599 1730 2798 1801 quippe
2832 1704 3287 1788 solatio-fortasse
3314 1730 3512 1792 fuerat,

249 1797 351 1863 ξαι
371 1801 721 1874 ἀνεγκλήτως
748 1805 943 1860 παθεῖν
974 1825 988 1840 ⁸
1018 1809 1144 1863 τὸδὲ
1175 1812 1266 1864 καὶ
1296 1812 1497 1875 ἀδίκως
1526 1813 1829 1881 πάσχοντα.

249 1890 564 1948 ὑπεύθυνον
595 1896 916 1967 νομίζεσθαι
943 1900 1064 1953 λίαν
1086 1902 1310 1974 ἀνιαρόν
1331 1921 1347 1937 ο
1384 1904 1481 1958 καὶ
1510 1905 1748 1975 μάλιστα
1783 1906 1832 1960 θ’

248 1984 340 2038 ὅτι
363 1985 617 2056 λατρείαν
649 1990 912 2057 ἡγοῦνται
939 1995 1271 2063 προσφέρειν
1302 1995 1380 2066 τῷ
1396 1997 1513 2066 θεῷ
1526 1996 1636 2051 τῶν
1661 1999 1833 2066 ἁγίων

247 2079 304 2130 ol
365 2082 646 2148 φονευταί.
683 2084 746 2137 Ol
810 2084 908 2154 μὲν
960 2086 1071 2157 γὰρ
1114 2086 1361 2141 Ἰουδαῖοι
1417 2091 1834 2157 ἑπεκδικοῦντες

244 2170 419 2239 δῆθεν
438 2173 530 2224 τὸν
564 2173 734 2244 νόμον
759 2176 835 2240 ώς
889 2177 1272 2248 ὑϐριζόμενον,
1321 2182 1449 2245 τοὺς
1496 2185 1831 2250 ἀποστόλους

243 2261 502 2319 ἐδίωκον.
537 2264 701 2319 Οὕτω
727 2268 1064 2325 κατέλευσαν
1087 2271 1363 2341 Στέφανον
1389 2291 1404 2306 ·
1423 2273 1597 2338 οὕτως
1620 2278 1833 2334 ἀνεῖλον

254 2354 546 2420 Ἰάκωϐον,
582 2357 728 2412 οὕτω
756 2360 957 2432 Παύλῳ
985 2364 1079 2416 τὸν
1113 2364 1276 2432 φόνον
1315 2366 1662 2437 ἐξηρτύοντο.
1699 2371 1829 2425 ’Έλ-

239 2445 414 2516 ληνες
440 2448 496 2503 δὲ
522 2445 613 2504 οἷά
648 2468 768 2505 τινα
792 2452 1009 2524 θύματα
1037 2456 1164 2519 τοὺς
1200 2457 1389 2524 ἁγίους
1414 2461 1531 2523 τοῖς
1588 2462 1830 2530 είδώλοις

238 2539 541 2605 κατέθυον,
571 2542 857 2609 δοκοῦντες
879 2546 1022 2601 οὕτω
1044 2548 1332 2618 λατρεύειν
1361 2551 1484 2623 Θεῷ
1511 2570 1526 2584 ·
1572 2554 1689 2607 ἀλλ’
1714 2557 1830 2610 ἐνο-

241 2632 474 2699 μίζοντο
500 2635 674 2688 ταῦτα
702 2640 815 2702 τοῖς
842 2640 1019 2707 ἁγίοις
1050 2643 1258 2712 τρυφή.
1299 2644 1378 2713 Τῇ
1414 2646 1524 2716 γὰρ
1568 2648 1676 2701 τῶν
1701 2650 1828 2719 μελ-

233 2721 451 2776 λόντων
479 2726 655 2780 ἐλπίδι
699 2729 1078 2801 νευρυύμενοι,
1153 2736 1249 2787 καὶ
1287 2735 1386 2807 τὴν
1433 2738 1604 2795 ἀίδιον
1681 2741 1828 2812 ζωὴν

235 2815 670 2886 φανταζόμενοι,
707 2821 913 2892 ῥᾴστην
969 2822 1203 2892 ἡγοῦντο
1246 2826 1345 2898 τὴν
1401 2828 1496 2881 τοῦ
1521 2833 1825 2902 μαρτυρίου

231 2907 388 2961 ὁδόν.
410 2910 520 2963 Καὶ
542 2912 672 2979 γοῦν
700 2912 888 2981 ἔλεγεν
910 2916 937 2967 ὁ
958 2916 1164 2970 τούτων
1189 2919 1475 2992 ἀλείπτης.
1499 2924 1594 2978 καὶ
1610 2925 1823 2998 ὁδηγός*

242 3016 264 3050 σ
308 2998 427 3053 υύκ
450 3001 575 3068 ἄξια
606 3003 674 3056 τὰ
707 3005 1009 3076 παθήματα
1031 3011 1123 3063 τοῦ
1177 3010 1272 3063 νῦν
1295 3015 1489 3084 καιροῦ
1540 3017 1677 3088 πρὸς
1721 3020 1822 3091 τὴν

232 3090 554 3160 μέλλουσαν
583 3097 1032 3171 ἀποκαλυφθῆναι
1058 3102 1235 3168 δόξαν.
1260 3122 1280 3155 ι

313 3272 505 3347 Ταύτῃ
533 3278 598 3346 τῇ
640 3279 891 3350 μακαρίᾳ
922 3281 1101 3335 ἐλπίδι
1132 3284 1233 3353 τῆς
1254 3284 1435 3356 ψυχῆς
1503 3287 1606 3360 τὴν
1663 3291 1823 3361 βάσιν

233 3359 507 3430 ἑδρεύσας
530 3367 626 3419 καὶ⁹
674 3368 702 3420 6
750 3372 999 3437 γενναῖος
1046 3372 1378 3444 Προκόπιος,
1436 3359 1821 3453 Διοκληττανοῦ

230 3455 345 3519 τὰς
374 3454 602 3519 ἀπειλὰς
628 3458 726 3514 καὶ
752 3462 993 3535 Λουκίου
1017 3464 1117 3530 τὰς
1135 3465 1408 3537 βασάνους
1428 3469 1585 3538 βέλος
1608 3475 1822 3543 νηπίων

231 3546 512 3617 ἡγήσατο.
536 3550 644 3603 Καὶ
666 3552 716 3604 εί
737 3550 1019 3621 βούλεσθε,
1051 3559 1117 3629 τῇ
1151 3559 1426 3629 ἀφηγήσει
1456 3561 1563 3615 τῶν
1587 3563 1822 3635 ἀθλητι-

232 3635 358 3690 κῶν
377 3637 543 3692 αὐτοῦ
573 3641 752 3694 πόνων
804 3644 917 3724 τὴν
960 3647 1244 3716 παροῦσαν
1298 3650 1652 3707 διδασκαλίαν
1701 3656 1821 3708 ὲπι-

235 3731 663 3803 σφραγίσωμεν.
697 3729 865 3800 Οὗτος
883 3740 911 3792 ὁ
927 3739 1103 3809 μέγας
1125 3741 1219 3795 τοῦ
1256 3743 1505 3814 Χριστοῦ
1552 3747 1815 3818 ἀθλητὴς,

232 3822 483 3891 πατρίδα
512 3823 640 3895 ἔσχε
676 3824 776 3888 τὴν
803 3827 969 3896 ἁγίαν
993 3829 1153 3882 πόλιν
1215 3831 1596 3905 Ἰερουσαλήμ.
1652 3836 1710 3890 Ὀ
1760 3839 1815 3893 δὲ

230 3909 514 3978 γεννήσας
550 3911 716 3966 αὐτὸν
743 3914 946 3988 πατὴρ,
1001 3917 1234 3990 εὐσεϐὴς
1276 3917 1344 3991 ἦν
1373 3924 1469 3977 καὶ
1505 3925 1816 3997 φιλάρετος,

227 3998 335 4089 καὶ
366 4000 738 4075 Χριστοφόρος
772 4006 1039 4065 ἐκαλεῖτο.
1074 4010 1142 4064 Ἦ
1184 4011 1371 4082 μέντοι
1431 4017 1617 4089 μήτηρ
1663 4020 1816 4074 είδω-

228 4088 366 4158 λικῇ
424 4092 601 4164 πλάνῃ
659 4099 892 4167 κάτοχος
954 4096 1045 4171 ἦν,
1114 4104 1285 4170 λίθοις
1350 4109 1445 4161 καὶ
1505 4088 1683 4176 ξύλοις
1739 4114 1815 4178 ὡς

230 4179 384 4244 θεοῖς
404 4187 842 4257 προσανέχουσα.
877 4191 976 4245 Ἐκ
1009 4194 1216 4249 τούτων
1272 4195 1367 4252 οὖν
1390 4203 1695 4274 γεννηθεὶς,
1719 4207 1815 4259 καὶ

228 4273 383 4326 κατὰ
412 4275 471 4328 τὸ
499 4277 666 4341 σέϐας
713 4280 965 4351 οὐραγῶν
988 4287 1055 4356 τῇ
1098 4288 1266 4358 μητρὶ
1314 4291 1415 4363 ἤδη
1469 4273 1565 4348 τοῦ
1611 4296 1814 4364 φύντος

401 4367 501 4461 τὴν
527 4370 739 4425 ἐκεῖθεν
762 4372 918 4443 λῆξιν
938 4376 1275 4449 ἀπάραντος,
1325 4383 1432 4436 ὑπὸ
1459 4384 1563 4455 τῆς
1602 4390 1812 4461 μητρὸς

1940 1819 1984 1872 si
2028 1819 2350 1875 innocenter
2389 1823 2501 1890 pati
2557 1823 3022 1876 existimarentur.
3056 1821 3126 1876 At
3164 1836 3295 1876 vero
3323 1830 3514 1877 contra

1933 1911 2198 1981 justitiam
2232 1912 2320 1966 illa
2373 1913 2607 1983 perpeti,
2641 1922 2696 1968 et
2739 1922 2919 1968 tamen
2955 1913 3222 1969 obnoxios
3248 1913 3511 1981 reputari,

1937 2003 2377 2060 molestissimum
2401 2013 2515 2071 est;
2539 2014 2593 2058 et
2611 2005 2845 2061 maxime
2868 2020 2991 2061 cum
3037 2005 3355 2075 obsequium
3377 2019 3517 2074 prae-

1937 2106 2084 2149 stare
2135 2095 2246 2149 Deo
2292 2106 2670 2161 censerentur,
2706 2096 2798 2165 qui
2838 2104 3060 2153 sanctos
3091 2095 3509 2152 interfecissent.

1932 2185 2101 2241 Judaei
2141 2189 2310 2253 enim,
2356 2190 2509 2260 quasi
2552 2190 2643 2258 jus
2694 2188 2830 2258 legis
2873 2190 3132 2245 violatum
3164 2189 3508 2254 ulciscentes,

1932 2279 2206 2342 apostolos
2227 2282 2493 2349 persecuti
2526 2291 2686 2347 sunt;
2714 2283 2797 2337 sic
2826 2281 2968 2335 enim
2999 2281 3373 2350 lapidaverunt
3391 2279 3513 2335 Ste-

1932 2369 2207 2436 phanum;
2237 2370 2320 2425 sic
2368 2381 2713 2438 peremerunt
2748 2368 3033 2434 Iacobum,
3063 2370 3141 2425 sic
3170 2368 3339 2424 Paulo
3366 2385 3511 2424 mor-

1933 2469 2040 2514 t-m
2077 2452 2367 2515 machinati
2406 2463 2645 2518 fuerunt.
2682 2461 2883 2516 Gentes
2911 2476 3040 2515 vero
3071 2461 3233 2516 veluti
3262 2461 3510 2515 victimas

1930 2553 2191 2621 quasdam
2225 2553 2385 2607 idolis
2414 2552 2764 2607 immolabant
2797 2562 3055 2615 sanctos;
3087 2561 3248 2621 atque
3282 2551 3355 2606 ita
3388 2551 3508 2606 cul-

1933 2656 2042 2699 tum
2072 2659 2131 2699 se
2162 2646 2271 2700 Deo
2317 2646 2575 2700 exhibere
2625 2646 3048 2699 arbitrabantur.
3078 2643 3183 2698 Sed
3228 2643 3372 2697 enim
3414 2643 3504 2698 illtt

1928 2738 2132 2792 sanctis
2168 2739 2220 2791 in
2250 2736 2456 2793 deliciis
2489 2746 2663 2791 erant.
2688 2735 3018 2791 Futurorum
3073 2734 3216 2789 enim
3241 2736 3505 2789 bonorum

1929 2846 2024 2901 spe
2050 2831 2377 2896 conﬁrmati,
2406 2840 2454 2885 et
2490 2831 2652 2884 vitam
2690 2841 2949 2884 aeternam
2985 2830 3169 2883 animo
3201 2838 3502 2893 versantes,

1928 2922 2139 2978 facilem
2168 2924 2233 2977 ad
2265 2922 2583 2993 martyrium
2606 2922 2747 2975 viam
2772 2922 3067 2974 habebant.
3091 2920 3246 2976 Unde
3280 2919 3502 2973 dicebat

1927 3016 2117 3083 aliptes
2141 3014 2250 3087 (94)
2273 3026 2324 3068 et
2347 3018 2449 3070 dux
2470 3029 2654 3068 eorum
2681 3013 3059 3066 PaulusuNon
3079 3023 3196 3066 sunt
3219 3011 3499 3078 condigna:

1852 3106 1896 3166 Ο
1931 3108 2214 3177 passiones
2250 3105 2409 3173 hujus
2436 3105 2695 3173 temporis
2722 3103 2785 3157 ad
2831 3102 3067 3158 futuram
3103 3103 3349 3172 gloriam,
3382 3116 3502 3170 qua!

1933 3197 2263 3252 revelabitur
2296 3198 2347 3249 in
2385 3197 2540 3251 nobis
2566 3198 2635 3251 '°.
2676 3214 2693 3246 ι

2003 3288 2060 3342 Itt
2089 3289 2189 3343 hac
2219 3288 2371 3341 beata
2406 3304 2501 3357 spe
2534 3289 2757 3341 firmans
2786 3290 2980 3341 animm
3022 3286 3247 3354 vestigia
3278 3298 3504 3352 genero-

1931 3395 2024 3434 sus
2052 3380 2140 3434 ille
2168 3379 2481 3447 Procopius,
2519 3379 2835 3434 Diocletiani
2864 3378 3064 3440 minas,
3094 3387 3148 3429 et
3194 3374 3345 3428 Lucii
3385 3384 3500 3427 tor-

1924 3482 2110 3531 menta
2143 3474 2427 3529 infantium
2463 3477 2564 3528 tela
2601 3475 2906 3544 reputabat.
2927 3475 3079 3540 Quod
3102 3472 3148 3526 si
3178 3472 3500 3527 Iibitumvo-

1928 3567 2013 3623 bis
2044 3577 2148 3631 est,
2185 3566 2575 3620 laboriosorum
2609 3566 2727 3631 ejus
2756 3565 3117 3619 certaminum
3182 3561 3497 3615 narratione

1927 3666 2246 3728 praesentem
2322 3671 2630 3711 sermonem
2691 3657 3058 3725 obsignemns.
3123 3654 3348 3724 Magnus
3410 3654 3498 3707 hic

1926 3751 2125 3805 athleta
2158 3748 2358 3802 Christi
2395 3749 2622 3818 patriam
2655 3748 2847 3802 habuit
2881 3748 2993 3815 (95)
3027 3755 3272 3801 sanetam
3302 3743 3498 3797 Hiero-

1925 3844 2148 3914 solyma:
2171 3842 2479 3909 civitatem;
2505 3841 2625 3910 ejus
2648 3842 2861 3910 genitor
2891 3841 3030 3909 pius,
3061 3849 3111 3890 et
3137 3837 3350 3889 vit-tutis
3383 3848 3498 3890 stu-

1925 3936 2108 3988 diosus
2125 3933 2247 3998 l'uit,
2267 3932 2696 4000 Christophorus
2715 3931 3030 3997 appellatus.
3051 3928 3218 3982 Mater
3235 3943 3361 3979 vero
3381 3927 3494 3996 (96)

1927 4026 2248 4080 idololatria:
2281 4041 2467 4077 errore
2514 4026 2755 4084 detenta,
2778 4023 3072 4090 lapidibus,
3105 4036 3167 4074 ac
3219 4019 3401 4085 lignis,
3435 4025 3494 4071 ttt

1923 4119 2024 4171 diis
2053 4117 2401 4185 pertinaciter
2437 4115 2604 4189 38!.
2637 4117 2850 4168 addicta
2895 4121 3035 4166 erat.
3076 4111 3151 4165 Ex
3206 4112 3292 4165 his
3322 4111 3490 4180 igitur

1922 4214 2311 4286 primogenitus
2340 4228 2462 4266 cum
2498 4215 2709 4270 matris.
2743 4212 2885 4280 quod
2918 4213 2981 4263 ad
3020 4210 3336 4280 religionem
3365 4207 3495 4263 atti-

1922 4315 2037 4365 net,
2069 4314 2271 4356 sectam
2319 4310 2661 4369 sequeretur,
2695 4312 2848 4370 patre
2889 4301 3003 4369 jam
3052 4301 3117 4354 ad
3170 4299 3315 4353 illius
3367 4300 3491 4353 vita:

1920 4394 2156 4464 quietem
2193 4395 2479 4457 translato,
2534 4410 2562 4447 a
2606 4406 2780 4446 matre
2812 4393 3090 4460 obsequiis
3144 4392 3491 4459 imperatoris

229 4459 376 4528 πρὸς
395 4459 620 4530 βασιλέα
658 4464 960 4535 εἰσάγεται,
997 4473 1089 4523 καὶ
1114 4471 1239 4539 δοὺξ
1286 4475 1568 4545 Λίγύπτου
1621 4459 1807 4552 χειρο-

1936 4459 2206 4548 bldieitur,
2241 4497 2293 4537 et
2343 4482 2452 4539 dux
2498 4484 2737 4555 Egypti,
2761 4494 2814 4537 et
2839 4483 3139 4554 augustalis
3172 4493 3411 4543 creatur,
3436 4489 3490 4534 et

223 4552 496 4619 τονεῖται,
529 4555 622 4608 καὶ
650 4556 1063 4626 αὐγουστάλιος,
1099 4562 1194 4616 καὶ
1232 4564 1323 4618 τὸν
1353 4571 1497 4623 κατὰ
1524 4570 1635 4624 τῶν
1666 4573 1807 4644 Χρι-

1936 4577 2241 4635 Ibristianis
2273 4579 2603 4634 insectandis
2640 4581 2953 4649 praeﬁcitur.
2984 4581 3051 4632 At
3095 4595 3201 4632 non
3239 4577 3489 4648 permisit

231 4644 474 4700 στιανῶν
494 4645 733 4718 διωγμὸν
767 4651 1181 4720 ἑμπιστεύεται.
1248 4655 1393 4711 Ἀλλ’
1414 4660 1517 4714 οὐκ
1562 4663 1750 4719 εἴασεν
1779 4667 1809 4721 ὁ

223 4735 370 4799 Θεὸς
392 4739 620 4809 γνώμην
669 4742 882 4814 ἀγαθὴν
939 4744 1192 4799 δυσσεσεί
1231 4748 1498 4825 θρησκείᾳ
1553 4755 1813 4827 ῥυπαίνε-

228 4827 384 4894 σθαι,
415 4831 538 4886 ούδὲ
594 4831 772 4905 ψυχὴν
821 4834 966 4890 οὕτω
1033 4839 1204 4911 καλὴν
1259 4843 1605 4914 Χριστιανοῖς
1654 4851 1810 4918 γενέ-

225 4919 363 4973 σθαι.
405 4922 691 4993 πολέμιον,
735 4925 851 4981 ἀλλ’
884 4927 1076 5003 ὥσπερ
1135 4932 1350 4990 Παῦλον
1391 4937 1661 5008 πρότερον
1722 4941 1809 5011 ἐφ’

1920 4670 2080 4732 Deus,
2114 4682 2346 4724 mentem
2374 4671 2516 4724 illam
2551 4672 2743 4726 bonam
2781 4673 2943 4740 impia
2972 4671 3363 4740 superstitione
3384 4669 3487 4724 fil:-

1917 4762 2054 4824 dari,
2090 4778 2262 4833 neque
2309 4773 2415 4818 tam
2468 4764 2750 4830 pulchram
2813 4765 3046 4817 animam
3110 4765 3317 4817 hostem
3370 4763 3484 4816 ﬁeri

1916 4856 2238 4912 Christianis
2277 4875 2292 4912 :
2330 4858 2423 4912 sed
2455 4859 2530 4913 ttti
2555 4858 2665 4927 jam
2693 4857 2914 4911 Paulum
2945 4858 3132 4911 eodem
3163 4857 3343 4909 animo
3374 4854 3482 4909 Da-

1917 4961 2155 5001 mascum
2228 4947 2554 5018 profectum,
2614 4949 2695 5003 sic
2723 4948 2886 5003 etiam
2944 4956 3000 5001 et
3063 4947 3205 5002 hunc
3258 4961 3485 5001 conser—

223 5012 398 5084 ὁμοία
427 5015 624 5091 γνώμῃ
653 5020 910 5091 ὁρμῶντα
934 5024 1016 5088 είς
1047 5026 1358 5098 Δαμασκὸν,
1395 5027 1536 5083 οὕτω
1564 5031 1658 5086 καὶ
1686 5034 1812 5087 τοῦ-

1936 5046 2004 5091 tat
2024 5036 2159 5110 (97).
2184 5012 2580 5095 Profectionem
2607 5038 2752 5095 enim
2789 5035 3076 5093 adormuti
3105 5037 3159 5093 itt
3189 5037 3482 5109 Egyptum

303 5173 353 5206 ⁸⁸
381 5171 540 5229 Rom.
576 5191 694 5241 vm,
732 5173 817 5231 l8.

1468 5278 1783 5344 Francisci
1810 5282 2019 5347 Scorsi
2060 5289 2248 5348 uotae.

303 5405 419 5483 (οι)
453 5407 680 5483 ᾼΙίριιξε.
721 5406 890 5483 _Untle
918 5418 1130 5483 sumpta
1160 5414 1481 5483 metaphora
1521 5429 1678 5475 vocet
1706 5419 1796 5476 hic

1974 5422 2300 5498 (96)}!ater
2323 5443 2460 5491 vero,
2511 5437 2617 5484 etc.
2654 5427 2861 5484 Nomen
2895 5429 3083 5484 matris
3130 5442 3235 5484 non
3288 5429 3475 5498 upri-

227 5475 908 5569 ξε-ξδιιυιιιηι-αλεξπτην.
938 5475 1452 5569 εξὲιίουίιιιιιςίιιία
1509 5475 1798 5546 occasione
1902 5475 2283 5569 ιιιίζῖιῖ
2308 5475 2862 5569 Ῐίιεορῖινιῖιῖεέμᾶὗῶξ
2896 5475 3235 5555 ..ῆὲόἀόἆὲ
3269 5475 3475 5555 {Eine}

224 5549 489 5632 satpl‘g‘at'l‘
522 5550 669 5629 hom.
700 5547 797 5632 fl,
820 5547 1059 5632 not.'§2.

302 5616 417 5683 (95)
442 5615 682 5696 Patriam
704 5618 924 5696 hqbu_tl._
939 5618 1227 5696 Historiam
1247 5621 1603 5696 _S._Proc0pii,
1631 5641 1791 5696 quam

1899 5563 2090 5637 eodem
2124 5563 2387 5637 hjetaphr.
2431 5563 2593 5637 quem
2624 5563 2784 5625 modo
2801 5570 3110 5624 citavimus.

1968 5632 2080 5711 {97)
2121 5633 2185 5688 Et
2209 5630 2348 5690 hunc
2379 5630 2674 5711 conservat.
2725 5641 2943 5711 Ζωγρεῖ
2968 5640 3124 5694 habet
3158 5638 3379 5697 Graecus
3405 5630 3472 5695 de

226 5685 886 5778 hic.pascisuperstriuﬁit
913 5690 1000 5745 hic
1028 5690 1207 5759 Pater,
1244 5694 1408 5748 habes
1436 5685 1787 5767 ex'Meta'phr.
1895 5685 2077 5772 cuius,
2097 5685 2548 5778 eiy'tiié'EoiiéiitE
2826 5685 3216 5767 ἒιῗΓίἱὸῖέἰῗδξέ

228 5760 367 5821 apud
404 5754 790 5821 Suritun,tout.
809 5754 907 5812 ἶν’.
