3934 6222
150 3142 175 3149 Α
244 3100 350 3152 μου
377 3083 663 3151 βόσκουσιν
688 3081 738 3134 oi
771 3082 1030 3152 ποιμένες
1070 3082 1168 3136 τοῦ
1242 3083 1480 3155 Ἰσραήλ.

240 310 341 373 991

1553 303 1880 365 HOMILIA
1946 303 2132 368 LVII.

3386 264 3492 367 998

241 428 439 480 ϐάτων.
478 422 642 476 ’Λλλὰ
672 419 858 476 δοῦλον
888 421 1049 475 αὐτὸν
1076 421 1312 487 ἁκούων,
1348 421 1514 493 μηδέν
1537 439 1591 475 τι
1619 438 1814 492 μικρο-

1927 418 2204 490 praedicit,
2263 416 2359 488 qui
2412 415 2646 473 animam
2701 430 2853 473 suam
2907 417 3088 488 posuit
3145 432 3243 489 pro
3302 421 3493 476 ovibus

237 514 419 584 ψύχως
447 511 778 581 θορυϐηθῇς,
825 511 901 573 ὡς
959 511 1514 582 κατασμικρυνούσης
1565 514 1623 565 τὸ
1647 529 1817 582 μεγα-

240 607 378 658 λεῖον
408 603 509 656 τοῦ
548 602 708 669 λόγου
738 604 836 672 τῆς
863 605 922 655 ἐν
946 605 1011 672 τῇ
1056 602 1200 667 λέξει
1234 604 1547 672 ἐμφάσεως.
1593 604 1813 672 Ἐπειδὴ

240 695 344 765 γὰρ
367 693 585 765 μορφὴν
609 692 801 745 δούλου
840 693 1095 759 ἀνέλαϐε,
1126 695 1192 764 τῇ
1219 694 1412 763 κλήσει
1435 695 1685 748 κοινωνεῖ
1719 693 1813 746 τοῦ

239 787 443 856 προσλὴ
456 801 692 855 μματος.
726 784 818 855 Τῷ
845 785 963 837 ὅντι
991 785 1101 856 γὰρ
1160 786 1449 839 ἐδούλευσε
1500 787 1689 856 σαρκὶ,
1718 786 1817 839 καὶ

238 879 477 947 γονεῦσι,
518 880 614 932 καὶ
641 877 844 931 πάθεσι
870 880 986 941 τοῖς
1020 878 1333 948 ἡμετέροις,
1358 879 1446 932 διὰ
1473 879 1575 950 τὴν
1608 880 1816 949 ἡμετέ-

241 989 337 1044 ραν
362 969 677 1042 ἐλευθερίαν
715 972 810 1024 καὶ
833 972 1002 1025 πᾶσιν
1033 966 1113 1035 οἷς
1145 971 1353 1025 σέσωκε
1384 973 1509 1035 τοὺς
1530 976 1595 1043 τῇ
1631 974 1814 1043 ἁμαρ-

238 1063 326 1134 τία
348 1061 754 1132 ἐνιηυμὲνους.

314 1348 333 1381 ι
381 1328 444 1384 ’0
478 1326 751 1399 μισθωτὸς
785 1326 863 1392 δὲ,
897 1327 992 1381 καὶ
1017 1328 1120 1382 οὐκ
1171 1327 1249 1382 ὢν
1307 1329 1530 1402 ποιμὴν,
1593 1326 1655 1385 οὗ
1713 1332 1815 1386 οὐκ

240 1422 345 1474 εἰσὶ
371 1422 440 1473 τὰ
473 1419 726 1490 πρόϐατα
761 1419 891 1483 ἴδια,
917 1419 1115 1491 θεωρεῖ
1137 1421 1229 1474 τὸν
1273 1421 1438 1477 λύκον
1496 1424 1812 1495 ἐρχόμενον,

241 1513 334 1565 καὶ
366 1511 562 1580 ἀφίησι
592 1510 660 1564 τὰ
691 1510 962 1580 πρόόατα,
1021 1512 1118 1566 καὶ
1157 1514 1371 1583 φεύγει.
1407 1534 1427 1569 ι
1503 1518 1664 1589 Παρὰ
1735 1520 1814 1592 τῷ

240 1604 386 1673 νόμῳ
411 1605 632 1664 καὶτοῖς
666 1603 980 1673 προφήταις
1005 1606 1034 1657 δ
1098 1606 1370 1674 μισθωτὸς
1433 1609 1811 1680 διαϐέϐληται.

251 1695 311 1749 '0
334 1696 432 1765 μὲν
457 1695 568 1765 γὰρ
590 1695 757 1764 νόμος
793 1694 1094 1768 ἀπώμοτον
1126 1701 1361 1753 ποιεῖται
1394 1700 1486 1754 τὸν
1540 1703 1813 1772 μισθωτὸν

239 1787 440 1841 ἐσθίειν
471 1786 626 1855 ἅγια,
651 1786 822 1850 οὕτως
850 1766 1024 1843 εἰπών
1048 1803 1064 1820 ο
1111 1806 1134 1842 ι
1166 1790 1458 1862 Πάροικος,
1486 1766 1580 1848 καὶ
1609 1795 1813 1863 μισθω-
1844 1766 1890 1824 Β

240 1881 328 1942 τὸς
353 1879 449 1933 τοῦ
491 1880 683 1950 ἱερέως
724 1880 825 1934 οὐκ
879 1881 1058 1936 ἔδεται
1115 1882 1271 1952 ἅγια.
1314 1904 1334 1938 ι
1411 1884 1470 1941 ’0
1523 1889 1700 1957 μέγας
1753 1890 1812 1943 δὲ

243 1971 467 2034 Ἡσαΐας
502 1973 561 2023 ὲν
582 1973 821 2041 σχήματι
842 1973 981 2045 ἀρᾶς
1004 1975 1283 2045 προλέγων
1306 1995 1370 2030 πε
1379 1979 1433 2049 ρ).
1455 1979 1562 2032 τῶν
1593 1997 1659 2033 συ
1667 1980 1811 2053 μόη-

244 2062 486 2132 σομένων
513 2063 688 2117 Μωάϐ
710 2082 723 2095 ·
756 2082 775 2116 ι
853 2066 1340 2138 ’Λτιμασθήσεται,
1385 2072 1573 2141 φησὶν,
1610 2075 1645 2143 ἠ
1683 2073 1813 2141 δόξα

246 2154 420 2207 Mde
439 2156 497 2207 ἐν
524 2156 704 2223 τρισὶν
733 2154 881 2209 ἔτεσι
907 2156 1243 2224 μισθωτοῦ.»
1264 2161 1363 2214 Διὰ
1391 2161 1443 2214 τί
1465 2161 1520 2214 δέ
1555 2179 1569 2229 ;
1600 2164 1684 2216 ὅτι
1714 2164 1811 2218 τοῦ

247 2246 519 2316 μισθωτοῦ
553 2249 616 2300 τὸ
643 2246 827 2317 ἔργον,
847 2249 948 2302 οὐκ
979 2252 1045 2304 ὲκ
1075 2248 1395 2318 διαθέσεως,
1435 2253 1551 2307 ἀλλ’
1578 2255 1814 2310 ἐπίπλα-

243 2355 391 2394 στον.
415 2341 574 2393 Δοκεῖ
610 2336 703 2394 οὖν
733 2341 762 2394 ὁ
808 2341 1014 2413 Κύριος
1064 2343 1154 2397 διὰ
1208 2345 1302 2398 τοῦ
1340 2346 1637 2416 μισθωτοῦ,
1706 2350 1814 2404 τῶν

241 2431 570 2500 Φαρισαίων,
610 2432 705 2484 καὶ
730 2431 1111 2503 Γραμματέων
1139 2434 1541 2504 καθάπτεσθαι,
1610 2439 1661 2492 οἳ
1715 2440 1814 2511 τῆς

244 2522 398 2586 θείας
428 2522 650 2592 ἐντολῆς
684 2523 1164 2596 ἁποθρὼσκοντες,
1185 2529 1280 2581 καὶ
1304 2530 1399 2591 τὰς
1422 2530 1592 2602 ἀρχὰς
1621 2530 1815 2596 ὠνίους

242 2614 637 2685 λαμϐάνοντες,
673 2616 865 2687 τρόπῳ
897 2617 1214 2684 μισθωτῶν,
1262 2620 1465 2691 ἥκιστα
1511 2622 1622 2674 τῶν
1683 2641 1817 2697 προ-

241 2708 423 2763 σάτων
448 2708 731 2780 ἐκήδοντο,
762 2711 832 2764 τὰ
857 2710 955 2763 τοῦ
986 2710 1123 2764 Θεοῦ
1156 2713 1583 2786 καπηλεύοντες.
1642 2718 1816 2789 Θορυ-

246 2800 330 2855 δεῖ
352 2800 446 2855 οὖν
478 2802 567 2856 διὰ
588 2801 792 2857 τούτων
821 2803 1040 2871 αὐτοὺς,
1071 2804 1286 2877 καὶτῆς
1339 2809 1515 2878 ἀρχῆς
1565 2811 1817 2864 ἐκπεσεῖ-

245 2894 393 2964 σθαι,
422 2894 584 2950 οἱονεὶ
612 2901 998 2968 προαναφωνεῖ
1026 2898 1211 2969 ἡρέμα
1236 2901 1330 2953 καὶ
1355 2901 1457 2970 τῆς
1477 2904 1816 2972 προφητείας

244 2991 676 3061 ἀναμιμνήσκων
703 2988 923 3054 αὐτοὺς,
951 2989 986 3060 ἢ
1024 3006 1190 3060 φησιν
1211 3007 1224 3020 '
1248 3009 1265 3042 t
1301 2992 1437 3062 Οὐχὶ
1471 2995 1539 3046 τὰ
1568 2994 1819 3063 πρόϐατά

1563 3085 1696 3140 Ἰδοὺ
1756 3086 1818 3141 τδ

241 3177 778 3246 γάλα1κατεσθίετε,
838 3179 934 3233 καὶ
984 3179 1055 3232 τὰ
1098 3178 1225 3250 ἔρια
1261 3180 1679 3251 περιϐάλλεσθε,
1727 3185 1820 3238 καὶ

242 3269 306 3322 τὸ
361 3269 509 3339 παχὺ
569 3269 830 3337 σφάζετε,
898 3271 991 3325 καὶ
1070 3274 1138 3325 τὰ
1218 3275 1471 3344 πρόϐατά
1542 3294 1647 3346 μου
1721 3279 1821 3333 οὐκ

243 3358 520 3413 sidona-ce.
564 3378 584 3412 ι

320 3467 341 3501 ι
391 3450 452 3503 ’0
480 3451 688 3523 ποιμὴν
725 3454 753 3506 ὁ
781 3452 942 3517 καλδς
990 3455 1093 3526 τὴν
1148 3455 1328 3527 ψυχὴν
1386 3458 1556 3513 αὑτοῦ
1609 3460 1821 3533 τίθησιν

241 3538 384 3610 ὑπὲρ
412 3540 522 3594 τῶν
549 3541 866 3612 προϐάτων.
900 3563 921 3597 ι
958 3547 1352 3616 Προαναφωνεί
1389 3548 1451 3600 τὸ
1477 3550 1673 3616 Πάθος,
1727 3553 1822 3604 καὶ

242 3632 618 3704 προκηρύττει
645 3636 736 3687 τὸν
766 3636 1015 3691 ἑκούσιον
1045 3638 1292 3694 θάνατον.
1323 3642 1547 3704 Δεικνὺς
1582 3643 1821 3696 ὄτιοῦτω

244 3727 471 3797 στέργει
502 3727 571 3780 τὰ
605 3727 880 3799 πρόϐατα,
913 3729 1055 3784 ὥστε
1088 3730 1187 3804 τὴν
1217 3732 1396 3804 ψυχὴν
1431 3734 1597 3788 αὑτοῦ
1636 3735 1821 3789 δίδωσι

242 3815 444 3887 λύτρον
472 3818 613 3888 ὑπὲρ
643 3820 850 3875 αὐτῶν.

322 3929 344 3963 ι
378 3911 491 3965 Καὶ
523 3911 783 3980 γινώσκω
828 3914 898 3969 τὰ
923 3917 1053 3987 ἐμὰ,
1094 3918 1189 3971 καὶ
1208 3918 1551 3990 γινώσκομαι
1580 3921 1683 3974 ὑπὸ
1712 3921 1820 3974 τῶν

244 4002 420 4071 ἐμῶν.
458 4021 477 4054 ›
514 4004 587 4056 Οὐ
632 4004 894 4058 τοσοῦτον
936 4003 1272 4074 γινώσκεται
1330 4010 1461 4080 παρ’
1493 4012 1820 4081 ήμῶν,ὂσον

243 4095 409 4159 αὐτὸς
446 4096 536 4148 τὸν
558 4098 782 4168 Πατέρα
809 4099 1095 4163 γινώσκει,
1120 4103 1214 4155 καὶ
1272 4103 1364 4155 ὑπ’
1392 4105 1603 4156 ἐκείνου
1652 4103 1820 4171 γινώ-

245 4202 465 4251 σκεται,
497 4187 635 4241 ἀλλὰ
661 4189 865 4257 γνῶσιν
899 4191 1134 4245 ἐνταῦθα
1163 4193 1264 4260 τὴν
1293 4195 1603 4264 οἰκειότητα
1635 4195 1783 4263 λέγει
1801 4209 1817 4226 ⁸

242 4277 435 4342 καθὼς
460 4280 575 4342 τοῖς
601 4279 828 4348 φαύλοις
858 4282 915 4335 ὲν
965 4282 1151 4344 ἄλλοις
1209 4285 1377 4356 φησίν
1407 4301 1421 4314 ·
1486 4306 1506 4338 ι
1544 4287 1657 4339 Οὐκ
1704 4283 1821 4343 οἴδα

244 4371 393 4441 ὑμᾶς
428 4387 442 4400 ·
484 4391 502 4424 ι
534 4372 753 4434 πάντως
785 4372 965 4441 λέγων
998 4374 1096 4445 τὴν
1127 4376 1337 4447 εἴδησιν
1365 4393 1379 4407 ·
1415 4378 1535 4442 πῶς
1562 4381 1670 4449 γὰρ
1703 4383 1817 4449 ἠγ..

242 4463 360 4514 νόει
386 4464 414 4514 ό
439 4464 535 4515 καὶ
565 4463 695 4533 πρὶν
718 4465 1007 4531 γενέσεως,
1029 4466 1209 4520 πάντα
1232 4445 1387 4529 εἰδώς
1409 4484 1423 4533 ;
1455 4445 1703 4541 Καὶνμῆν
1724 4445 1819 4522 καὶ
1845 4445 1897 4504 D

232 4555 304 4605 τὸ
338 4572 356 4603 ι
384 4549 516 4607 Οἶδά
549 4570 607 4606 σε
641 4558 793 4625 παρὰ
844 4558 1059 4612 πάντων
1094 4577 1114 4610 ι
1156 4556 1445 4630 εἰρημένον
1497 4560 1572 4630 τῷ
1635 4563 1825 4616 Μωσεῖ

242 4645 387 4716 πρὸς
414 4645 571 4710 Θεὸν,
599 4645 742 4699 οὕτω
775 4648 1044 4718 προσήκει
1060 4653 1225 4703 νοεῖν.
1257 4651 1427 4714 Αὐτὸς
1458 4651 1556 4721 μὲν
1580 4651 1670 4705 οὖν
1690 4654 1823 4724 ἡμῖν

237 4735 500 4806 timetqu
528 4738 617 4791 διὰ
658 4738 882 4808 σαρκὸς,
915 4741 1079 4809 ἡμεῖς
1133 4741 1345 4811 δἀὑτῷ
1378 4742 1446 4794 δι’
1478 4743 1686 4813 ἀρετῆς
1743 4745 1823 4797 οἰ-

237 4845 303 4881 κε
313 4827 396 4880 ιού
404 4829 568 4897 μεθα.

323 5009 435 5061 Καὶ
460 5009 596 5063 ἄλλα
624 5010 876 5082 πρόϐατα
900 5011 1032 5082 ἔχω,
1061 5012 1097 5066 δι
1121 5013 1221 5066 οὐκ
1248 5013 1396 5067 εστιν
1427 5016 1491 5068 ὲκ
1519 5014 1622 5084 τῆς
1647 5017 1822 5088 αὐλῆς

319 5163 368 5194 ⁷³
406 5160 565 5217 Joan.
609 5179 663 5229 χ,
704 5164 792 5219 15.

911 5164 959 5196 ⁷⁸
998 5164 1172 5220 Levit.
1233 5182 1366 5232 nti,
1414 5167 1502 5222 10.

240 5233 290 5267 ⁷⁸
335 5233 513 5288 Exod.
553 5249 749 5299 χχχιιι,
789 5234 873 5289 12.

1616 5167 1663 5199 ⁷⁸
1704 5168 1811 5225 isa.
1858 5185 1983 5235 xu,
2025 5169 2113 5225 14.

1917 513 2030 567 suis
2060 512 2128 565 ⁷³.
2178 512 2284 566 Sed
2320 512 2544 566 audiens
2575 524 2820 575 servum,
2858 525 2925 565 ne
2948 510 3109 563 veluti
3159 512 3249 579 qui
3299 513 3493 579 pusillo

1917 613 2043 658 sunt
2073 604 2255 657 animo
2290 601 2663 663 conturberis,
2698 604 2850 671 quasi
2886 615 3012 654 vero
3041 616 3102 654 ea
3134 616 3254 669 qua!
3287 607 3487 654 numiu=

1917 695 2244 766 signiﬁcatio
2296 698 2521 760 subest,
2576 696 2911 765 majestatem
2984 698 3130 749 verhi
3200 698 3487 752 dimittunt.

1919 788 2187 854 Quoniam
2224 788 2365 840 enim
2396 789 2625 840 formam
2657 788 2799 841 servi
2836 789 3043 853 accepit
3076 787 3211 858 (11),
3251 804 3461 842 cummu

1918 897 2037 934 nt-m
2076 880 2178 935 sibi
2225 879 2350 935 fecit
2399 881 2812 951 appellationem
2851 897 2970 936 eam
3003 899 3124 950 qua:
3156 894 3239 938 est
3274 888 3491 952 propria

1914 973 2097 1026 carnis
2127 983 2438 1040 assumptis.
2480 972 2556 1027 Re
2599 972 2741 1026 enim
2787 987 2912 1026 vera
2962 974 3203 1028 subdidit
3235 990 3294 1030 se
3323 978 3491 1037 carni,

1916 1072 1971 1118 et
2022 1065 2357 1133 parentibus,
2409 1079 2458 1118 et
2518 1065 2867 1134 passionibus
2916 1067 3137 1130 nostris,
3185 1074 3244 1119 ut
3296 1083 3392 1121 nos
3442 1069 3495 1119 in

1916 1157 2230 1212 libertatem
2267 1165 2541 1211 assereret
2577 1173 2591 1211 :
2629 1165 2683 1210 et
2712 1157 2968 1211 omnibus
2997 1157 3063 1211 iis
3096 1157 3294 1225 quibus
3320 1156 3496 1211 salvos

1918 1248 2153 1305 reddidit
2188 1266 2281 1306 eos
2307 1252 2399 1319 qui
2434 1250 2534 1304 sub
2567 1256 2786 1318 peccato
2819 1249 3229 1303 detinebantur.

1992 1357 2011 1390 ι
2050 1337 2650 1405 Mereenarius‘autem,
2673 1347 2728 1393 et
2754 1340 2844 1408 qui
2873 1353 2980 1393 non
3005 1350 3083 1394 est
3111 1348 3318 1408 pastor,
3341 1339 3498 1409 cujus

1917 1445 2023 1485 non
2056 1440 2184 1487 sunt
2231 1447 2363 1488 oves
2396 1432 2649 1499 preprim,
2682 1431 2827 1485 videt
2862 1433 3044 1499 lupum
3074 1431 3404 1498 venientem,
3442 1439 3499 1486 et

1917 1523 2141 1578 dimittit
2170 1538 2324 1587 oves,
2360 1531 2414 1578 et
2441 1522 2601 1593 fugit.
2638 1541 2657 1575 ι
2698 1522 2763 1576 Et
2791 1524 2844 1577 in
2873 1523 2992 1594 lege
3021 1535 3077 1579 et
3120 1524 3173 1579 in
3216 1524 3497 1594 prophetis

1916 1615 2287 1670 mercenarius
2317 1614 2460 1670 male
2493 1616 2683 1681 audit;
2716 1615 2800 1670 lex
2824 1616 2968 1670 enim
2993 1616 3195 1687 excipit
3215 1631 3497 1671 mercena-

1902 1706 2055 1758 rium
2088 1704 2155 1758 ab
2186 1704 2256 1759 iis
2284 1703 2481 1773 quibus
2516 1705 2807 1759 comedere
2833 1715 3018 1759 sancta
3056 1706 3495 1772 concedebatur;

1920 1796 2000 1850 sic
2035 1796 2177 1849 enim
2209 1794 2414 1849 habet:
2453 1813 2473 1846 ι
2510 1793 2818 1864 lnquilinus
2846 1796 3166 1860 sacerdotis,
3212 1806 3265 1851 et
3290 1812 3495 1851 merce-

1920 1886 2105 1940 narius
2136 1900 2243 1940 non
2274 1885 2521 1940 comedet
2551 1892 2745 1939 sancta
2766 1884 2837 1940 ἰ.
2872 1903 2890 1936 ι
2927 1884 3154 1954 Magnus
3177 1900 3303 1939 vero
3330 1886 3496 1939 Isaias

1920 1977 2331 2044 impreCationis
2365 1976 2532 2048 ﬁgura
2566 1976 2867 2046 prmdicens
2896 1991 2957 2030 ea
2990 1991 3111 2046 quae
3147 1975 3303 2031 Moab
3332 1991 3501 2031 even-

1920 2077 2040 2124 tura
2083 2079 2283 2126 erant:
2320 2086 2338 2120 t
2375 2069 2817 2135 lnltonorabitur,
2872 2068 3069 2137 inquit,
3122 2068 3291 2138 gloria
3340 2067 3502 2124 Moab

1921 2158 1976 2215 in
2006 2160 2180 2215 tribus
2200 2159 2360 2215 annis
2388 2160 2712 2214 mercenarii
2735 2160 2803 2213 ⁷⁸.
2838 2158 3026 2224 {Quid
3050 2160 3189 2213 hoc?
3213 2158 3495 2223 nimirum,

1922 2250 2053 2321 quia
2090 2249 2415 2304 mercenarii
2453 2263 2618 2319 opera
2646 2262 2756 2303 non
2789 2262 2855 2302 ex
2884 2247 3077 2303 aﬂ'ectu
3104 2247 3370 2316 profecta,
3398 2248 3497 2303 sed

1921 2339 2048 2395 lict:
2077 2349 2182 2394 est.
2214 2339 2440 2395 Videtur
2496 2339 2662 2408 igitur
2715 2339 2972 2393 Dominus
3020 2338 3339 2393 mercenarii
3397 2352 3498 2393 no-

1921 2433 2069 2488 mine
2112 2433 2481 2501 perstringere
2521 2430 2849 2495 Pharisaeos,
2903 2437 2959 2485 et
2992 2431 3248 2495 Scribas,
3276 2431 3417 2499 quod
3461 2445 3495 2486 ι

1921 2525 2123 2583 divinis
2171 2525 2456 2597 praeceptis
2511 2523 2912 2591 desciscentes,
2986 2533 3043 2579 et
3095 2524 3494 2596 dignitatibus,

1923 2618 2385 2673 mercenariorum
2439 2631 2589 2671 more
2637 2616 2812 2684 pretio
2859 2616 3224 2686 comparatis,
3274 2616 3499 2671 minimc

1920 2709 2290 2780 procurabant
2322 2722 2574 2778 gregem,
2621 2717 2677 2760 et
2706 2722 2794 2761 res
2821 2706 3034 2762 divinas
3069 2707 3295 2776 quaestui
3327 2707 3497 2763 liabe-

1923 2803 2077 2856 bant.
2135 2801 2240 2855 Eos
2295 2800 2458 2870 igitur
2512 2798 2793 2855 confundit
2849 2799 2934 2854 his
2986 2800 3186 2865 verbis,
3237 2808 3292 2854 et
3339 2798 3499 2870 quasi

1922 2893 2251 2962 praenuntiat
2283 2891 2652 2946 deturbandos
2682 2891 2747 2945 de
2778 2890 3082 2959 principatu
3116 2905 3252 2954 suo;
3292 2891 3494 2946 sensim

1922 2985 2087 3039 etiam
2121 2983 2459 3052 prophetiam
2508 2982 2726 3047 subjicit
2775 2982 2901 3046 illis,
2954 2998 3074 3050 quae
3107 2983 3279 3038 dicit:
3318 3001 3338 3035 t
3377 2981 3498 3037 Non

1923 3084 2153 3144 pascunt
2180 3089 2311 3129 oves
2341 3089 2490 3128 meas
2522 3081 2778 3140 pastores
2813 3072 3001 3127 Israel.
3034 3073 3175 3127 Ecce
3203 3073 3286 3127 lac
3313 3086 3502 3128 comev

1922 3169 2072 3233 ditis,
2100 3177 2155 3222 et
2184 3167 2325 3222 lanis
2359 3165 2683 3236 operimini,
2719 3174 2774 3218 et
2798 3166 2941 3234 quod
2968 3178 3214 3220 crassum
3241 3172 3326 3221 est
3352 3163 3501 3221 occi-

1922 3257 2073 3323 ditis,
2103 3266 2158 3310 et
2187 3270 2319 3310 oves
2346 3270 2494 3310 meas
2524 3268 2632 3308 non
2669 3254 2893 3324 pascitis
2917 3254 2983 3307 ⁷⁸.
3014 3272 3034 3306 ι

1998 3469 2017 3503 ι
2055 3450 2235 3504 Bonus
2266 3448 2462 3504 Pastor
2496 3446 2732 3501 animam
2781 3462 2935 3501 suam
2990 3448 3141 3516 ponit
3180 3461 3278 3515 pro
3309 3448 3500 3506 ovibus

1922 3543 2059 3599 suis.
2088 3561 2108 3594 ι
2134 3540 2447 3595 Passiunent
2483 3538 2570 3593 hic
2598 3553 2751 3593 suam
2776 3539 3043 3607 pra:dicit,
3061 3548 3117 3595 et
3137 3540 3498 3597 voluntariam

1923 3634 2250 3707 praenuntiat
2294 3640 2565 3696 mortem;
2611 3640 2666 3685 et
2702 3639 2984 3700 tantopere
3033 3645 3061 3685 a
3102 3647 3162 3687 se
3195 3633 3344 3703 diligi
3372 3649 3500 3689 oves

1922 3724 2196 3791 ostendit,
2249 3731 2310 3778 ut
2358 3720 2595 3776 animam
2641 3724 2794 3777 suam
2843 3721 3232 3793 redemptionis
3262 3725 3500 3794 pretium

1922 3819 2122 3874 tradat.

1999 3942 2018 3976 ι
2053 3921 2121 3977 Ει
2168 3933 2441 3991 cognosco
2498 3932 2631 3973 oves
2686 3930 2871 3980 meas,
2923 3923 2978 3969 et
3029 3923 3364 3984 cognoscunt
3415 3931 3505 3971 me

1922 4029 2079 4070 meae.
2114 4032 2133 4064 ι
2161 4011 2281 4066 Νοιι
2308 4011 2383 4064 ita
2405 4008 2751 4079 cognoscitur
2778 4021 2809 4060 a
2837 4006 2994 4061 nobis
3021 4014 3079 4059 ut
3106 4005 3194 4060 ille
3221 4007 3505 4076 cognoscit

1922 4105 2164 4169 Patrem,
2188 4111 2244 4159 et
2274 4103 2342 4157 ab
2370 4101 2461 4157 illo
2486 4101 2853 4169 cngnoscitur,
2887 4098 2982 4153 sed
3012 4112 3105 4168 per
3132 4099 3507 4167 cognitionem

1924 4195 2028 4251 hoc
2057 4193 2179 4248 locu
2220 4190 2645 4246 familiaritatem
2676 4190 2966 4259 quamdam
2994 4188 3281 4259 signiﬁcat.
3325 4188 3388 4242 Et
3421 4192 3500 4244 si-

1924 4286 2032 4342 cuti
2061 4284 2190 4340 alibi
2216 4283 2350 4339 dicit
2377 4283 2638 4351 improbis
2664 4298 2678 4336 :
2706 4280 2871 4353 390
2904 4299 2923 4332 ι
2956 4281 3071 4335 Non
3115 4282 3236 4335 novi
3266 4295 3361 4335 vos
3381 4281 3449 4349 ",
3475 4299 3497 4335 ι

1926 4394 2030 4433 non
2063 4390 2441 4447 quamcunque
2464 4374 2827 4443 cognitionem
2856 4373 3181 4442 intelligens.
3214 4373 3504 4440 Quomodo

1925 4471 2071 4526 enim
2127 4482 2235 4521 non
2280 4475 2592 4537 cognoscat,
2644 4466 2735 4534 qui
2785 4466 2964 4521 omnia
3016 4465 3167 4520 novit
3210 4476 3506 4535 antequam

1927 4561 2119 4617 fieret?
2144 4559 2283 4628 Quin
2310 4559 2472 4614 etiam
2502 4557 2633 4614 illud
2658 4556 2827 4630 Moysi
2849 4557 3052 4613 dictum
3080 4574 3108 4611 a
3144 4557 3254 4613 Deo
3280 4575 3295 4614 :
3330 4575 3350 4609 ι
3382 4555 3508 4613 Prae

1927 4652 2179 4708 omnibus
2210 4652 2335 4706 novi
2365 4660 2416 4704 te
2440 4649 2552 4722 (12)
2578 4649 2648 4716 ⁷⁸,
2680 4667 2702 4701 ι
2740 4650 2887 4705 hunc
2934 4650 3097 4705 habet
3138 4650 3301 4704 etiam
3346 4647 3507 4703 intel»

1926 4744 2151 4799 lectum.
2196 4743 2319 4812 ipse
2365 4742 2534 4813 igitur
2581 4741 2741 4797 nobis
2782 4755 2879 4810 per
2916 4754 3139 4795 carnem
3172 4739 3507 4793 domesticus

1928 4838 2104 4889 factus
2131 4845 2233 4900 cst,
2268 4850 2366 4889 nos
2391 4847 2523 4890 vero
2556 4848 2682 4890 cum
2711 4832 2803 4886 illo
2841 4845 2939 4901 per
2964 4831 3220 4885 virtutem
3262 4828 3502 4882 familia-

1928 4928 2087 4982 ritate
2114 4927 2513 4997 conjungimur.

1968 5043 1989 5058 ι
2009 5037 2029 5070 ι
2061 5021 2211 5075 Alias
2235 5034 2367 5076 oves
2400 5019 2597 5084 habeo,
2628 5031 2749 5089 qua:
2779 5031 2887 5073 nou
2918 5022 3135 5072 suntex
3175 5014 3275 5070 hoc
3301 5014 3447 5070 ovili.
3473 5032 3501 5069 ι

2219 5169 2267 5201 ⁷⁸
2304 5167 2504 5227 Ezecb.
2547 5183 2734 5235 xxnv,
2763 5168 2819 5225 ὅ.
2916 5167 2964 5201 ’⁷
2998 5166 3133 5224 Luc.
3174 5183 3292 5235 χιιι,
3337 5166 3431 5222 25.

1482 5330 1807 5394 Francisci
1835 5332 2043 5432 βροτεί
2074 5340 2264 5396 notet.

320 5448 435 5523 (11)
466 5449 715 5505 Formam
741 5454 873 5506 serti
902 5454 1116 5520 accepit.
1156 5453 1407 5507 Eamdem
1453 5470 1565 5508 rem
1605 5456 1823 5523 exponit

240 5520 337 5573 hic
376 5520 533 5574 Pater
557 5523 703 5575 hom.
739 5523 825 5587 15,
850 5524 914 5575 ad
945 5538 1105 5590 quam
1135 5524 1310 5577 recole
1347 5534 1454 5578 not.
1514 5525 1606 5579 23.

319 5591 435 5657 (12)
472 5590 598 5663 Prw
655 5593 890 5663 omnibus
921 5596 1037 5645 novi
1061 5602 1131 5646 te.
1196 5592 1292 5646 llic
1323 5593 1474 5647 locus
1502 5598 1592 5663 qui
1623 5596 1824 5647 citatur

237 5667 298 5731 et
359 5662 662 5731 explicatur
717 5678 744 5714 a
797 5661 1148 5731 TheOphaue,
1197 5671 1281 5716 est
1336 5677 1398 5715 ex
1431 5661 1818 5719 lirtechausl.

251 5729 401 5787 ωιλ
439 5734 662 5801 interpr.
700 5733 866 5788 Exodi
895 5729 1011 5793 cap.
1045 5748 1231 5798 χχχιιι,
1260 5748 1309 5786 v.
1346 5734 1429 5797 l2,
1454 5743 1505 5784 et
1536 5733 1598 5787 17
1632 5752 1644 5788 :
1670 5735 1740 5787 Σὺ
1763 5734 1820 5786 δέ

1934 5473 2023 5526 μοι
2054 5451 2235 5519 εἶπας⁹
2256 5452 2389 5510 Οἶδά
2406 5472 2464 5509 σε
2492 5454 2640 5526 παρὰ
2658 5455 2899 5526 πάντας,
2910 5454 3006 5508 καὶ
3023 5453 3184 5524 χάριν
3206 5453 3347 5523 ἔχεις
3368 5453 3502 5523 παρ’

1930 5523 2085 5596 ἐμοι·
2126 5525 2205 5580 Tu
2255 5537 2426 5580 autem
2452 5523 2637 5579 dixisti
2660 5528 2786 5596 mihi
2813 5523 2985 5596 :_Sct'o
3020 5523 3066 5577 te
3106 5523 3221 5592 pm:
3240 5527 3499 5585 omnibus,

1930 5594 1975 5649 et
2001 5597 2224 5665 gratiam
2245 5597 2401 5649 habes
2435 5601 2573 5665 apud
2600 5611 2698 5649 me.
2723 5595 2787 5649 Et
2820 5594 3014 5665 ibidem
3049 5595 3191 5665 intra
3219 5597 3500 5665 repetitur.

1933 5663 2227 5719 ιιι“ιιοειι·ει
2281 5663 2476 5718 autem
2527 5667 2774 5720 versione
2838 5663 2989 5732 Vulg.
3056 5664 3342 5731 utrobique
3370 5673 3501 5718 est:

1936 5733 2073 5788 Νοιοὶ
2097 5748 2142 5789 te
2166 5751 2226 5789 ex
2253 5738 2480 5792 nomine.
2518 5735 2590 5791 De
2634 5751 2742 5801 quo
2777 5735 2898 5791 vide
2927 5736 3247 5795 interpretes
