3934 6222
330 282 470 349 1005

1656 288 1984 352 ΗΟΜΙΙ.ΙΑ
2029 289 2246 352 LVIII.

3452 289 3589 356 1006

322 410 577 480 νήγυριν,
624 410 746 472 ταῖς
786 411 1129 482 σωματικαῖς
1184 409 1450 477 ἀνάγκαις
1483 405 1574 463 οἷά
1625 426 1734 461 τιτι
1778 408 1910 461 πλε-

2017 405 2188 459 tluuut
2229 420 2405 462 rerum
2440 408 2506 461 ad
2535 421 2733 478 corpus
2778 407 3147 480 spectantium
3173 410 3591 466 necessitudLuis

324 502 555 565 κτάναις
596 500 919 572 πεδούμενοι
958 504 1086 573 περὶ
1120 501 1219 574 τὴν
1256 502 1529 573 ἐμπορίαν
1579 500 1906 573 σχολάζουσι

327 591 530 658 μᾶλλον
569 593 601 663 ἦ
659 594 790 664 περὶ
838 593 938 665 τὴν
976 593 1440 665 ἐκκλησιαστικὴν
1496 593 1703 663 ταύτην
1750 594 1907 647 σύνα·

325 688 446 754 ξιν·
487 687 582 741 καὶ
639 687 1030 759 ἐπορθρίζουσι
1085 690 1289 760 μᾶλλον
1355 692 1434 753 εἰς
1485 690 1546 743 τὸ
1606 693 1908 762 πρατήριον

323 781 472 851 ἥπερ
499 781 581 843 είς
619 778 680 832 τὺ
706 781 1023 850 εύκτήριον.
1042 781 1310 835 ’Έκαστοι
1336 782 1445 836 τῶν
1478 798 1536 835 τε
1570 783 1909 852 πιπρασκόν-

323 888 435 925 των
478 872 573 924 καὶ
627 872 739 924 τῶν
782 871 1106 943 ὠνουμένων
1147 874 1464 943 προλαϐεῖν,
1487 875 1544 927 ὲν
1589 874 1666 945 τῷ
1726 876 1902 945 κέρδει

326 963 694 1025 σπουδάζουσι
721 963 813 1015 τὸν
841 964 1052 1034 ἓτερον.
1094 965 1205 1018 Καὶ
1230 966 1258 1017 6
1292 965 1391 1034 μὲν
1416 966 1640 1019 σπεύδει
1666 966 1772 1036 πρὸ
1799 966 1908 1020 τῶν

321 1055 635 1124 ὁμοτέχνων
692 1055 1086 1125 ἀπεμπολῆσαι
1140 1056 1202 1109 τὸ
1252 1057 1423 1109 ἴδιον
1479 1060 1506 1110 6
1543 1058 1600 1110 δὲ
1655 1058 1731 1127 μὴ
1774 1076 1908 1129 προ-

321 1142 598 1213 ληφθῆναι
630 1146 759 1212 παρ’
786 1145 974 1213 ἑτέρου
996 1146 1133 1216 πρὸς
1162 1145 1222 1197 τὸ
1269 1146 1515 1216 ἁρπάσαι
1539 1147 1599 1198 τὸ
1629 1148 1906 1218 χρειῶδες,

322 1236 610 1304 ἐπείγεται
639 1251 650 1263 '
686 1236 842 1303 λόγος
878 1236 935 1289 δὲ
967 1238 1139 1308 αὐτῆς
1179 1239 1277 1308 τῆς
1324 1239 1656 1308 Ἐκκλησίας
1710 1241 1905 1304 οὐδεὶς.

336 1327 501 1381 Ἀλλά
523 1329 614 1381 τὸν
643 1329 722 1391 είς
762 1330 823 1382 τὸ
862 1330 1005 1384 θεῖον
1041 1333 1267 1402 τέμενος
1294 1331 1494 1402 δρόμον
1556 1333 1583 1385 6
1618 1332 1813 1402 ἐχθρὸς
1842 1335 1906 1402 τῇ

325 1426 599 1493 προφάσει
651 1424 748 1492 τῆς
799 1426 1072 1495 ἐμπορίας
1129 1427 1510 1498 προήρπασεν.
1559 1426 1700 1481 Ἀλλ’
1749 1427 1909 1496 ὑμεῖς

326 1514 444 1566 ὅσοι
503 1515 603 1584 τῆς
670 1520 995 1585 σωματικῆς
1072 1519 1266 1590 χρείας
1321 1519 1420 1591 τὴν
1478 1520 1629 1574 θείαν
1690 1521 1909 1586 σύναξιν

326 1606 716 1675 προεκρίνατε,
745 1608 837 1658 καὶ
864 1605 962 1679 τὴν
992 1608 1158 1679 εὐχὴν
1184 1608 1281 1679 τῆς
1304 1609 1535 1680 ἀκαίρου
1568 1609 1909 1679 φιλονεικίας

323 1698 763 1767 προετιμήσατε,
804 1700 904 1768 τὴν
945 1701 1333 1773 πνευματικὴν
1372 1702 1763 1773 πραγματείαν
1792 1704 1907 1756 είσο

320 1790 577 1854 δέξασθε,
624 1792 684 1842 ού
717 1792 840 1844 καθ’
900 1794 1199 1863 ὁμοιότητα
1239 1795 1337 1865 τῆς
1389 1795 1655 1866 αἰσθητῆς
1700 1796 1907 1866 ταύτης

322 1879 419 1929 καὶ
455 1878 685 1948 ῥεούσης
711 1881 1095 1952 τυγχάνουσαν
1130 1896 1141 1910 “
1175 1885 1232 1934 ἐν
1263 1878 1295 1958 ᾖ
1336 1884 1508 1954 πολλὴ
1544 1887 1644 1954 μὲν
1689 1887 1721 1955 ἡ
1753 1887 1905 1954 φιλο-

318 1970 526 2035 νεικία,
564 1970 790 2043 πλείστη
838 1974 952 2043 δὲή
995 1974 1279 2044 ἐπιορκία,
1335 1978 1395 2029 τὸ
1422 1977 1619 2045 ψεῦδος
1666 1980 1907 2049 σωρηδὸν

321 2063 672 2135 ἐπικέχυται,
731 2067 963 2121 ἑκάστου
1005 2072 1117 2133 τοῖς
1173 2071 1419 2134 ἐπαίνοις
1462 2071 1906 2142 ὑπερδάλλεσθαι

321 2152 384 2204 τὸ
427 2155 587 2222 ίδιον,
636 2156 731 2208 καὶ
779 2159 1073 2224 φενακίσαι
1134 2161 1225 2213 τὸν
1296 2161 1681 2233 συναλλακτὴν
1735 2181 1907 2217 σπου-

320 2243 599 2308 δάζοντος.
656 2246 796 2300 Ἀλλ’
845 2252 877 2319 ἡ
931 2250 1165 2304 ἐνταῦθα
1213 2254 1457 2324 ἐμπορία
1517 2254 1756 2325 ἠρεμαῖα
1810 2256 1906 2310 καὶ

320 2333 549 2406 ἥσυχος,
596 2339 693 2391 καὶ
728 2339 819 2393 τὸν
862 2342 1179 2413 παρέχοντα
1222 2346 1298 2415 μὴ
1348 2345 1648 2416 ζημιοῦσα,
1691 2348 1906 2402 καὶτὸν

320 2425 671 2497 λαμϐάνοντα
748 2435 1247 2503 παρασκευάζουσα
1316 2437 1719 2510 εὐπορώτερον.
1793 2441 1907 2512 Τὴν

321 2520 695 2594 εὖαγγελικὴν
729 2524 913 2579 τοίνυν
949 2528 1164 2597 πυκτὴν
1205 2528 1641 2595 ἀναπτύξαντες,
1682 2530 1753 2585 τὰ
1786 2530 1908 2585 θεῖα

322 2615 790 2686 κατοπτεύσωμεν
819 2617 999 2686 λόγια.

404 2721 422 2754 t
457 2699 626 2756 Εἶπεν
664 2707 692 2759 6
739 2707 946 2777 Κύριος
988 2712 1100 2773 τοῖς
1155 2711 1349 2765 ἑαυτοῦ
1404 2713 1715 2785 μαθηταῖς*
1772 2715 1905 2768 Ἰδοὺ

321 2794 438 2863 ἐγὼ
461 2797 778 2852 ἀποστέλλω
817 2802 961 2870 ὑμᾶς
1009 2802 1083 2866 ὡς
1120 2805 1367 2873 πρόϐατα
1397 2807 1456 2858 ἐν
1484 2808 1638 2878 μέσῳ
1668 2806 1901 2860 λύκων.»

323 2886 604 2960 Πρότερον
653 2889 756 2961 μὲν
795 2894 1142 2948 ἀποστέλλων
1184 2898 1310 2961 τοὺς
1359 2899 1610 2969 μαθητὰς
1644 2902 1673 2954 6
1712 2900 1908 2973 Σωτὴρ

323 2983 412 3043 εἰς
451 2981 512 3034 τὸ
545 2983 831 3054 κήρυγμα,
868 2988 1101 3057 ἀπεῖργε
1132 2989 1354 3054 τούτους
1381 2993 1461 3055 είς
1500 2992 1620 3046 ὁδὸν
1664 2993 1909 3064 βαδίζειν

2013 497 2177 552 veluti
2230 499 2439 568 laqueis
2490 498 2735 569 impediti
2771 501 2915 555 circa
2970 511 3334 556 mercaturam
3387 503 3586 574 magis,

2010 605 2171 661 quam
2207 593 2352 647 circa
2403 604 2729 648 conventum
2753 591 2899 647 hunc
2933 593 3196 649 Ecclesiae
3231 596 3590 661 distinemur,

2016 693 2068 735 et
2096 683 2161 736 ad
2202 683 2467 757 venalium
2528 700 2708 739 rerum
2747 687 2923 739 forum
2954 680 3252 740 studiosius
3275 727 3290 750 ,
3328 703 3489 757 quam
3523 690 3587 738 ad

2009 756 2297 827 orationis?
2331 776 2547 827 domum
2608 776 2780 843 prima
2833 775 2952 830 luce
3003 778 3354 832 conveniunt.
3410 775 3591 831 Unus-

2012 866 2249 935 quisque
2285 875 2393 919 tum
2426 867 2766 920 venditorum
2813 877 2924 921 tum
2969 879 3271 938 emptorem
3301 869 3455 923 alteri
3489 887 3591 923 au-

2012 966 2287 1013 tcvertere
2314 959 2366 1012 in
2391 958 2651 1013 lucrando
2674 959 2875 1013 studet.
2901 959 2967 1014 Et
2993 959 3079 1013 hic
3107 960 3324 1030 quidem
3351 977 3587 1016 mercem

2010 1065 2162 1104 suam
2190 1050 2480 1106 divendere
2509 1060 2634 1105 ante
2673 1060 2949 1115 maturat,
3009 1067 3168 1121 quam
3206 1052 3407 1122 opiticii
3440 1054 3588 1121 ejus-

2011 1143 2132 1195 dem
2210 1142 2377 1208 socii;
2428 1142 2517 1197 ille
2551 1158 2682 1197 vero
2706 1182 2722 1204 ,
2758 1160 2824 1197 ne.
2851 1154 3261 1213 prmoccupetur
3312 1144 3381 1198 ab
3419 1145 3590 1197 altern

2018 1231 2378 1287 iutervertcrc
2406 1234 2749 1288 commodum
2784 1235 2885 1288 sibi
2921 1234 3161 1290 festinat.
3202 1234 3373 1305 Ipsius
3405 1246 3586 1290 autem

2018 1323 2278 1378 Ecclesia:
2309 1326 2446 1379 ratio
2464 1326 2695 1380 habetur
2709 1326 2880 1392 nulla,
2898 1329 2991 1380 sed
3018 1342 3235 1381 cursum
3256 1330 3320 1381 ad
3347 1328 3587 1381 divinum

2017 1411 2122 1466 hoc
2158 1414 2415 1483 templum
2449 1416 2758 1470 institutum
2788 1417 3175 1486 negotia-tionis
3211 1427 3470 1488 prtelexttt
3506 1419 3590 1471 in-

2014 1503 2231 1575 tercipit
2266 1506 2539 1561 inimicus.
2569 1506 2679 1563 Vos
2713 1525 2843 1564 vero
2888 1519 3150 1580 quotquot
3182 1511 3429 1580 corporis
3458 1527 3592 1566 usus

2013 1610 2189 1650 sacrae
2220 1596 2470 1651 concioui
2503 1598 2903 1666 posthabuistis
2935 1640 2951 1666 ,
2983 1612 3036 1657 et
3081 1602 3252 1671 pluris
3289 1603 3589 1656 orationem

2014 1703 2173 1754 qttam
2212 1687 2648 1754 intempestivam
2684 1691 3091 1745 contentionem
3142 1692 3428 1747 mstitnatis
3451 1729 3466 1754 ,
3499 1706 3594 1746 nc-

2012 1777 2217 1847 gutium
2261 1779 2521 1848 suscipite
2549 1779 2791 1833 sensibili
2823 1781 2947 1835 huic
3000 1796 3061 1835 ac
3088 1779 3232 1836 ﬂuxo
3250 1796 3590 1851 nequaquam

2016 1869 2243 1925 simile:
2283 1872 2335 1923 in
2377 1885 2484 1940 quo
2510 1869 2726 1939 quidem
2759 1870 3086 1927 certationes
3128 1872 3307 1927 multae
3332 1913 3347 1937 ,
3397 1872 3590 1926 crebra

2013 1962 2296 2031 pet'jutia,
2373 1962 2652 2017 mendacia
2725 1961 3155 2019 cumulatissime
3204 1973 3592 2033 congeruntur,

2015 2071 2135 2110 cum
2176 2055 2389 2109 scilicet
2435 2053 2812 2126 unusquisque
2848 2071 2934 2110 res
2980 2070 3109 2112 suas
3159 2071 3321 2124 supra
3373 2057 3592 2110 modum

2014 2145 2277 2199 extollere
2303 2186 2317 2210 ,
2370 2154 2425 2199 et
2460 2160 2581 2199 cum
2617 2144 2708 2213 qui
2754 2161 2938 2201 secum
2975 2147 3296 2214 contrahit,
3344 2149 3596 2218 decipere

2012 2246 2245 2291 conetur
2275 2252 2289 2290 :
2327 2252 2448 2306 qua!
2477 2251 2609 2290 vero
2634 2238 2720 2291 hic
2748 2246 3053 2292 mercatura
3079 2246 3361 2293 exercetur
3384 2238 3592 2308 placida
3631 2310 3634 2315 ἢ

2011 2339 2094 2381 est
2143 2338 2193 2380 et
2227 2328 2443 2396 quieta;
2516 2337 2570 2383 et
2605 2344 2724 2383 eum
2773 2329 2862 2397 qui
2912 2344 3024 2383 rem
3081 2330 3336 2397 exhibet,
3394 2331 3594 2384 damno

2013 2435 2123 2474 non
2157 2420 2358 2484 allicit;
2391 2436 2514 2475 eum
2548 2435 2677 2476 vero
2725 2420 2817 2490 qui
2852 2422 3094 2491 accipit,
3125 2421 3291 2479 efﬁcit
3319 2423 3591 2479 ditiorem.

2012 2510 2185 2581 igitur
2216 2511 2498 2583 Evangelii
2554 2513 2866 2584 aperientes
2909 2514 3107 2570 librum
3136 2554 3152 2582 ,
3203 2517 3384 2573 divina
3422 2517 3593 2588 inspi-

2012 2606 2225 2660 ciamus
2258 2606 2479 2661 oracula
2506 2606 2577 2661 ⁸⁸.

2090 2730 2109 2763 ‹
2148 2710 2295 2767 Dixit
2323 2713 2587 2769 Dominus
2622 2716 2903 2785 discipulis
2932 2715 3047 2772 suis
3080 2733 3094 2769 :
3132 2716 3270 2771 Ecce
3308 2731 3407 2787 ego
3439 2716 3596 2770 mitto

2013 2813 2111 2851 vos
2140 2800 2282 2855 sicut
2310 2817 2440 2857 oves
2472 2803 2523 2857 iu
2553 2806 2732 2859 medio
2769 2807 3044 2875 lupontm.
3074 2825 3094 2860 ι
3125 2806 3285 2862 Prius
3307 2797 3442 2863 sane
3471 2824 3593 2861 cum

2014 2886 2306 2957 discipulos
2357 2889 2621 2947 Dominus
2656 2894 2722 2949 ad
2756 2896 3156 2965 praedicandum
3204 2899 3467 2960 mitteret,
3502 2911 3596 2950 ve-

2019 2979 2264 3048 tuitcis,
2305 2965 2599 3051 quominus
2635 2987 2687 3041 in
2727 2989 2867 3042 viam
2908 2992 3180 3059 gentium,
3219 3002 3272 3046 et
3314 2993 3366 3046 itt
3400 2991 3594 3046 Sama-

324 3072 525 3140 ὲθνῶν,
565 3076 662 3128 καὶ
695 3077 775 3140 εἰς
815 3079 969 3131 πόλιν
1018 3082 1404 3152 Σαμαρειτῶν,
1446 3087 1563 3149 τοῖς
1604 3084 1663 3151 ἐξ
1711 3088 1906 3157 Ἰερου-

2018 3069 2323 3125 ritanorutn
2353 3074 2626 3129 civitatem
2659 3079 2835 3146 irent;
2885 3078 2954 3132 iis
2986 3089 3167 3133 autem
3203 3082 3360 3135 modo
3393 3083 3486 3151 qui
3525 3095 3595 3136 ex

325 3166 516 3238 σαλὴμ
551 3167 608 3221 δὲ
657 3170 840 3237 μόνοις
896 3173 1369 3241 εὐαγγελίζεσθαι.
1428 3177 1514 3232 Ἐν
1558 3179 1771 3243 τούτοις
1814 3180 1908 3235 οὖν

322 3257 515 3321 ἐθίσας
534 3260 753 3329 αὐτοὺς,
789 3263 889 3334 ἥδη
924 3264 1109 3318 λοιπὸν
1144 3270 1237 3321 καὶ
1256 3270 1421 3323 παντὶ
1443 3270 1521 3342 τῷ
1542 3274 1733 3342 κόσμῳ
1750 3274 1908 3328 καθί-

326 3366 489 3419 στησι
510 3352 778 3423 κήρυκας.
797 3354 949 3408 Ἐπεὶ
970 3356 1026 3409 δὲ
1046 3360 1291 3429 μιμητὰς
1310 3362 1418 3413 ἔδει
1432 3362 1686 3429 γενέσθαι
1710 3366 1910 3428 αὐτοὺς

321 3439 424 3492 τοῦ
457 3442 779 3499 διδασκάλου
798 3449 1159 3514 ἀκούσαντας,
1175 3452 1250 3515 ὡς
1282 3470 1300 3504 ι
1325 3452 1382 3506 '0
1400 3453 1568 3508 Θέλων
1591 3457 1713 3521 ἐμοὶ
1729 3456 1911 3510 διακο-

325 3537 443 3588 νεῖν
463 3536 607 3607 ἐμοὶ,
627 3539 1045 3609 ἀκυλουθείτω,»
1068 3546 1274 3609 ἐκεῖνος
1295 3546 1349 3599 δὲ
1380 3546 1521 3618 ἤχθη
1549 3549 1643 3602 ἐπὶ
1667 3550 1909 3620 σφαγὴν,

327 3627 409 3692 ὡς
440 3629 740 3701 πρόϐατον,
776 3635 922 3687 κατὰ
954 3634 1054 3707 τὴν
1090 3636 1186 3690 τοῦ
1231 3638 1458 3691 Ἡσαΐου
1509 3642 1909 3712 προαναφώνη-

329 3734 445 3781 σιν,
483 3720 571 3774 διὰ
599 3723 758 3776 τοῦτο
787 3724 1004 3793 ἐξάγων
1030 3726 1227 3790 αὐτοὺς
1272 3729 1352 3792 εἰς
1385 3730 1445 3782 τὸ
1486 3734 1769 3802 κήρυγμα,
1803 3751 1910 3785 πα-

328 3816 530 3885 ραινεῖ,
571 3814 644 3877 ὡς
680 3816 849 3888 ἄρνας
887 3818 1071 3882 λύκοις
1099 3821 1661 3893 συναναστρέφεσθαι.
1701 3843 1720 3875 ι
1768 3823 1907 3876 Ἰδοὺ

326 3904 444 3972 ἐγὼ
472 3906 790 3961 ἀποστέλλω
825 3910 970 3980 ὑμᾶς
1015 3910 1091 3974 ὡς
1126 3912 1378 3981 πρόϐατα
1403 3915 1461 3968 ἐν
1494 3915 1644 3985 μέσῳ
1670 3915 1904 3970 λύκων.»

332 3999 492 4071 ’ᾙδει
535 4002 666 4072 γάρ,
702 4002 822 4073 ᾔδει
851 4003 927 4067 ὼς
964 4007 1400 4077 ὲπεισφρήσουσι
1438 4010 1578 4063 κατὰ
1617 4010 1713 4062 τοῦ
1746 4010 1913 4080 κηρύ-

324 4107 539 4162 γματος
560 4095 822 4166 βασιλεῖς,
843 4097 941 4151 καὶ
958 4100 1246 4169 ἡγεμόνες,
1267 4102 1365 4155 καὶ
1380 4101 1633 4174 τύραννοι
1651 4106 1911 4159 κατάτῶν

328 4186 591 4255 κηρύκων
620 4187 697 4252 ὡς
730 4187 884 4242 λύκοι
934 4191 1119 4261 ἄγριοι
1172 4197 1473 4261 χαίνοντες,
1508 4196 1605 4247 καὶ
1633 4196 1913 4264 θηριωδῶς

325 4278 795 4349 ὲπιθρώσκοντες.
853 4282 980 4346 Πῶς
1023 4282 1141 4350 οὖν,
1183 4290 1342 4353 φησι,
1370 4286 1576 4339 τούτων
1611 4291 1910 4359 aspirati;-

329 4376 493 4425 σεσοε
518 4391 535 4442 ;

411 4612 431 4646 ι
464 4596 686 4651 Γίνεσθε
718 4598 972 4670 φρόνιμοι
1007 4598 1083 4663 ὡς
1111 4600 1160 4654 οἱ
1201 4599 1405 4669 ὄφεις.»
1454 4602 1545 4672 Μὴ
1574 4602 1913 4673 θορυϐεῖσθω
2003 4639 2009 4645 ~

326 4694 389 4748 δὲ
433 4693 542 4747 τῶν
581 4695 951 4768 φιλοχρίστων
997 4698 1160 4768 ἀκοὴ,
1212 4699 1295 4751 ὅτι
1338 4700 1743 4770 ἀπεμφαίνοντι
1787 4701 1911 4772 ζώῳ

329 4786 722 4857 ἐξομοιοῦσθαι
781 4791 897 4851 τοῖς
930 4789 1205 4860 μαθηταῖς
1245 4790 1508 4845 νουθετεῖ.
1539 4792 1708 4855 Αὐτὸς
1741 4794 1851 4865 γὰρ
1887 4798 1916 4848 6

328 4880 528 4952 Σωτὴρ
565 4881 644 4952 τῷ
701 4883 1073 4954 κρεμασθέντι
1119 4885 1178 4936 ὲν
1226 4885 1293 4954 τῇ
1346 4885 1542 4955 ἐρήμῳ
1587 4886 1913 4960 χαλκοχύτῳ

326 4973 458 5041 ὕφει
513 4975 708 5029 ἑαυτὸν
756 4976 1028 5045 ὁμοιῶσαι
1081 4978 1142 5030 οὐ
1199 4978 1582 5051 παρῃτήσατο.
1627 4979 1784 5035 Ἐπεὶ
1814 4980 1910 5036 οὖν

328 5065 650 5120 ἐστέλλοντο
681 5067 818 5139 πρὸς
850 5067 913 5120 τὸ
942 5070 1228 5139 κήρυγμα,
1270 5070 1407 5123 ὅπου
1434 5071 1596 5142 χρεία
1626 5073 1819 5142 σοφίας
1844 5072 1912 5149 ἦν

330 5158 475 5227 πρὸς
523 5159 584 5211 τὸ
631 5162 818 5213 πεῖσαι
872 5160 1001 5224 τοὺς
1048 5160 1457 5229 ἀντιλέγοντας,
1520 5167 1807 5235 μιμεῖσθαι
1852 5171 1915 5223 τὸ

332 5253 600 5322 φρόνημα
625 5251 722 5305 τοῦ
758 5253 940 5322 ὄφεως
982 5252 1331 5325 ὑποτίθησιν.
1368 5255 1577 5327 Ὠσπερ
1618 5259 1727 5331 γὰρ
1758 5262 1816 5313 ἐν
1845 5264 1913 5334 τῇ

408 5411 453 5445 ⁸¹
489 5411 678 5468 Matth.
714 5428 784 5479 ι,
822 5412 887 5469 16
914 5429 1070 5486 seqq.
1146 5413 1192 5447 ³²
1229 5413 1386 5473 Joan.
1422 5435 1530 5485 xu,
1560 5418 1652 5476 26.

1946 4440 1987 4494 D
2018 4450 2281 4503 insilirent
2330 4466 2345 4502 :

1727 5420 1774 5453 ⁸³
1795 5419 1901 5477 lsa.
1936 5437 2032 5478 Litt
2055 5465 2072 5491 ,
2108 5428 2159 5483 7.

2016 3162 2390 3235 Hierosolyma
2428 3179 2612 3222 essent
2638 3210 2653 3236 ,
2701 3169 2844 3225 ferre
2897 3171 3248 3242 Evangelium
3281 3174 3467 3229 voluit.
3503 3172 3594 3228 In-

2016 3267 2097 3311 ter
2129 3256 2229 3311 hos
2263 3257 2429 3327 igitur
2460 3260 2622 3349 393
2654 3278 2748 3317 eos
2780 3263 3137 3331 assuefactos,
3172 3281 3452 3335 praecones
3478 3266 3592 3337 jam

2015 3347 2067 3400 itt
2126 3359 2407 3417 posterum
2457 3347 2604 3406 orbis
2657 3356 2897 3410 ttuitersi
2965 3360 3271 3415 constituit.
3324 3359 3592 3426 Quoniam

2012 3454 2143 3492 vero
2190 3441 2493 3496 imitatores
2525 3458 2621 3497 eos
2676 3444 2791 3500 lieri
2844 3450 3086 3516 magistri
3142 3449 3409 3515 decebat,
3444 3462 3595 3520 post-

2012 3546 2173 3600 quam
2224 3531 2358 3586 illttd
2412 3535 2732 3591 audissent:
2777 3555 2800 3589 ¢
2836 3537 2934 3604 Qui
2976 3540 3107 3595 milii
3158 3541 3474 3611 ministrat,
3508 3560 3596 3600 lli‘)

2014 3636 2271 3692 sequatur
2302 3625 2383 3689 ⁸²,
2425 3645 2443 3679 »
2485 3628 2598 3696 ipse
2645 3639 2823 3683 autem
2880 3640 3136 3701 tanquam
3184 3636 3303 3689 ovis
3343 3637 3409 3692 ad
3443 3641 3594 3692 occi-

2014 3715 2223 3768 sionem
2274 3726 2358 3771 est
2403 3719 2636 3785 ductus,
2692 3720 2847 3789 quIa
2882 3721 3035 3777 lsaim
3088 3727 3494 3793 pta'dictionem
3524 3729 3594 3791 ⁸³,

2014 3806 2136 3860 ιιι-ο
2162 3848 2174 3870 ,
2211 3824 2332 3859 cum
2364 3825 2459 3862 eos
2493 3811 2675 3864 educit
2722 3813 2787 3866 ad
2827 3814 3229 3881 praedicandum
3256 3854 3271 3879 ,
3313 3821 3592 3879 admonet.

2013 3909 2073 3952 ttt
2130 3907 2384 3968 tanquam
2442 3916 2571 3955 oves
2622 3904 2675 3956 in
2732 3907 2911 3958 medio
2983 3905 3234 3976 luporum
3286 3919 3593 3966 versentur.

2020 4011 2037 4043 ι
2076 3991 2215 4047 Ecce
2248 4009 2348 4062 ego
2380 3994 2538 4047 mitto
2563 4010 2663 4051 vos
2685 3998 2828 4051 sicut
2848 4012 2977 4053 ores
3002 3998 3054 4053 iu
3083 4000 3263 4056 medio
3284 3999 3589 4070 luporum.»

2016 4083 2236 4137 Sciebat
2273 4084 2417 4137 enim
2454 4085 2734 4154 profecto,
2763 4090 2971 4142 sciebat
3007 4089 3245 4145 futurum
3277 4129 3292 4155 ,
3332 4103 3388 4147 ut
3424 4093 3599 4163 impe-

2012 4186 2227 4229 ratores
2251 4217 2265 4237 ,
2300 4186 2354 4230 et
2392 4178 2669 4249 principes
2695 4219 2710 4247 ,
2748 4191 2802 4234 et
2827 4181 3041 4251 tyranni
3089 4193 3277 4237 contra
3321 4182 3594 4256 Evangelii

2015 4266 2459 4334 prazdicutionrm
2515 4269 2899 4340 insurgerent,
2935 4258 2993 4326 et
3040 4272 3094 4328 in
3132 4287 3412 4342 pracoucs
3445 4276 3597 4344 ipsus

2019 4370 2276 4427 tauquam
2310 4370 2555 4429 agrestes
2606 4361 2715 4432 lupi
2749 4362 3024 4419 inhiarcnt
3048 4402 3064 4426 ,
3106 4373 3160 4419 et
3194 4365 3433 4421 ferarum
3487 4384 3514 4422 r
3540 4376 3594 4421 tu

2401 4465 2510 4519 qtto
2552 4451 2716 4521 igitur
2765 4456 2952 4519 modo,
2988 4454 3188 4523 inquit,
3240 4454 3341 4509 hos
3364 4470 3591 4524 supera-

2017 4538 2145 4591 bitis
2173 4538 2195 4591 ?

2094 4648 2113 4681 ι
2160 4631 2345 4685 Estote
2399 4632 2693 4702 prudentes
2736 4634 2877 4690 sicut
2929 4648 3233 4706 serpentes.
3273 4658 3292 4690 »
3353 4638 3430 4694 Ne
3465 4656 3596 4693 vero

2016 4725 2414 4778 conturbentur
2436 4736 2683 4781 amantes
2710 4726 2934 4792 Christi,
2969 4745 3094 4782 eum
3129 4732 3357 4784 audiunt
3388 4737 3594 4785 moueri

2019 4812 2352 4880 discipulos,
2415 4827 2475 4869 ut
2525 4815 2729 4870 similes
2795 4816 3017 4870 animali
3070 4827 3183 4871 tam
3245 4820 3597 4875 dissentanea

2019 4905 2275 4960 evadant.
2323 4906 2445 4975 Ipse
2486 4908 2631 4962 enim
2685 4908 2940 4963 Salvator
2989 4925 3093 4963 non
3144 4911 3467 4982 dedignatus
3512 4927 3597 4969 est

2019 4998 2184 5051 etiam
2218 4999 2454 5068 serpenti
2504 5015 2657 5055 teneo
2686 4999 2798 5071 (24)
2834 5003 2885 5054 in
2915 5015 3101 5056 eremo
3147 5019 3413 5075 suspenso
3456 5009 3594 5062 assi.

2020 5086 2212 5140 milare
2238 5089 2472 5157 seipsutn
2497 5086 2567 5144 “.
2599 5090 2865 5154 Quoniam
2900 5092 3067 5162 igitur
3095 5094 3163 5148 ad
3190 5098 3592 5163 prmdieaudum

2019 5176 2373 5233 mittebantur
2413 5195 2427 5231 :
2472 5178 2525 5232 in
2580 5194 2688 5249 quo
2744 5196 2968 5237 munere
3015 5184 3265 5241 obeundo
3312 5189 3594 5257 sapientius

2016 5280 2153 5336 Opus
2184 5276 2302 5320 erat
2328 5308 2343 5333 ,
2400 5268 2467 5322 ad
2509 5282 2602 5323 eos
2632 5269 2725 5339 qui
2756 5273 3185 5330 contradicerent
3217 5318 3233 5344 ,
3264 5278 3595 5332 convincen-

2237 5427 2284 5461 ”
2308 5427 2472 5485 Joan.
2506 5445 2597 5495 ιιι,
2632 5431 2717 5487 M.

1571 5553 1898 5618 Francisei
1935 5559 2145 5624 Scorsi
2175 5572 2363 5626 notae.

411 5675 524 5744 (25)
567 5673 1009 5761 Serpentiang.
1035 5673 1172 5761 Yide
1212 5676 1315 5761 hpc
1361 5677 1666 5747 symbolum
1716 5679 2041 5750 explicatum
2073 5688 2137 5744 ab
2164 5686 2400 5760 ipsomct
2445 5699 2688 5761 auctore,

335 5745 407 5801 de
448 5760 631 5811 cruce,
668 5755 721 5801 et
749 5755 859 5801 not.
893 5745 964 5800 48
995 5746 1060 5802 ad
1094 5759 1215 5802 eam
1243 5746 1390 5804 hom.

2742 5692 2889 5748 hom.
2952 5692 3005 5760 5,
3074 5708 3194 5764 quae
3261 5703 3346 5753 est
3410 5696 3588 5770 prima
