3934 6222
163 312 311 381 1021

1525 266 1856 374 ΗΟΜΙΙᾸᾸ
1898 315 2059 377 LIX.

3291 308 3435 375 1022

157 427 285 482 τῶν
322 423 535 496 νεκρῶν
568 424 888 490 ἀναϐίωσις,
917 425 1011 478 καὶ
1042 424 1151 478 τῶν
1174 424 1355 479 άλαῶν
1376 426 1410 496 ἡ
1445 425 1762 497 ἀνάϐλεψις,

1874 431 2189 484 miraculum
2223 438 2327 495 est,
2357 437 2415 482 ut
2450 428 2647 484 multos
2682 437 2845 483 testes
2876 426 3137 490 haberet;
3168 426 3444 494 quomodo

158 519 270 574 καὶ
300 517 403 572 τῶν
420 517 774 589 παρειμένων
791 519 824 590 ἡ
849 518 1075 581 τόνωσις
1099 533 1115 584 ;

243 778 399 835 Μετὰ
429 776 596 832 τοῦτο
639 778 1007 848 ἐξετάσωμεν,
1047 779 1171 833 ὂτου
1219 781 1379 851 χάριν
1415 782 1517 834 οὐκ
1559 782 1618 833 ὲν
1660 797 1757 832 πε-

153 872 346 936 διάδι,
392 870 508 925 ἀλλ’
537 871 618 933 εἰς
663 870 790 941 ὅρος
833 870 1076 925 δείκνυσι
1126 874 1225 943 τὴν
1270 874 1531 942 τοιαύτην
1580 872 1758 944 ἐμφά-

154 978 359 1026 νειαν;
389 961 485 1012 Διὰ
513 959 566 1011 τί
593 959 652 1013 δὲ
688 961 762 1030 μὴ
795 962 1004 1022 πάντας
1039 966 1463 1032 παραλαμϐάνει
1491 965 1620 1027 τοὺς
1655 981 1759 1033 μα-

160 1053 367 1122 θητὰς,
391 1052 528 1106 ἀλλὰ
551 1054 679 1116 τοὺς
704 1054 861 1106 ἐννέα
884 1054 1220 1116 καταλιπὼν,
1241 1056 1369 1118 τοὺς
1391 1059 1539 1126 τρεῖς
1568 1058 1762 1125 μόνους

159 1145 456 1213 ἀνήγαγες
488 1145 608 1199 Κᾶν
631 1148 779 1215 τρετς
806 1145 912 1198 ἔδει
943 1149 1222 1217 παρεῖναι,
1249 1148 1336 1200 διὰ
1364 1150 1413 1199 τί
1444 1150 1517 1216 μὴ
1545 1148 1759 1213 ἄλλους,

158 1234 316 1288 ἀλλὰ
350 1235 590 1306 Πέτρον,
625 1236 721 1289 καὶ
755 1236 882 1299 τοὺς
926 1238 1216 1291 Ζεϐεδαίου
1260 1238 1439 1301 υἱούς;
1481 1240 1541 1291 Εἰ
1575 1239 1629 1290 δὲ
1668 1241 1764 1292 καὶ

170 1327 323 1380 κατὰ
359 1343 484 1380 τινα
529 1327 937 1397 μυστικώτερον
981 1329 1136 1397 λόγον
1179 1333 1258 1392 είς
1295 1331 1419 1400 ὅρος
1465 1331 1568 1383 ἔδει
1612 1332 1762 1398 γενέ-

167 1418 308 1472 σθαι
345 1420 445 1485 τὴν
488 1419 749 1489 τοιαύτην
793 1421 1115 1490 ἐμφάνειαν,
1149 1421 1290 1486 πῶς,
1335 1422 1548 1475 πολλῶν
1594 1423 1764 1476 ὄντων

169 1509 325 1564 κατὰ
362 1511 461 1581 τὴν
504 1510 867 1583 Παλαιστίνην
910 1513 1118 1583 ὀρέων,
1167 1514 1486 1584 παρέδραμε
1531 1517 1590 1566 τὸ
1639 1515 1765 1582 ὄρος

170 1601 383 1672 Σιγὼρ.
410 1602 504 1655 καὶ
526 1602 618 1655 τὸν
642 1602 966 1675 Κάρμηλον,
987 1604 1123 1656 ἀλλὰ
1150 1606 1245 1657 καὶ.
1266 1606 1327 1657 τὸ
1348 1606 1450 1674 τῆς
1478 1605 1767 1669 Γαλιλαίας

167 1692 304 1764 δρος
345 1692 589 1763 παρῆκε,
625 1696 722 1748 καὶ
762 1694 826 1747 τὸ
868 1695 971 1765 τῆς
1008 1695 1321 1767 Σαμαρείας
1366 1696 1629 1761 ἐξέκλινε,
1671 1696 1767 1749 καὶ

171 1786 301 1840 οὐδὲ
328 1787 462 1856 πρὸς
488 1791 549 1839 τὸ
575 1786 701 1857 apo;
727 1786 925 1856 ἀνῆλθε
953 1788 1061 1840 τῶν
1091 1789 1341 1852 Ἐλαιῶν,
1374 1789 1511 1843 άλλὰ
1543 1791 1763 1843 πάντων
1802 1770 1839 1822 Β

175 1875 475 1946 προέκρινε
504 1876 565 1929 τὸ
596 1876 909 1948 Θαϐώριον;
942 1879 1007 1932 Τί
1042 1879 1098 1931 δὲ
1135 1880 1226 1931 καὶ
1256 1880 1363 1932 τῶν
1398 1882 1693 1952 προφητῶν
1727 1883 1760 1952 η

175 1967 453 2036 παρουσία
484 1965 756 2032 ἐϐούλετο,
783 1971 875 2020 καὶ
907 1968 995 2020 διὰ
1025 1967 1079 2020 τί
1116 1969 1189 2039 μὴ
1221 1969 1432 2032 ἄλλους,
1468 1971 1604 2022 ἀλλὰ
1634 1972 1764 2024 Μω-

178 2057 283 2110 σέα.
331 2059 424 2111 καὶ
491 2057 679 2111 Ἠλίαν
714 2059 1064 2128 uagituque;
1099 2062 1267 2114 Πόθεν
1301 2062 1357 2114 δὲ
1390 2064 1439 2114 οἱ
1472 2062 1764 2116 ἀπόστολοι

174 2147 405 2209 τούτους
440 2144 582 2200 εἶναι
614 2148 950 2217 διέγνωσαν;
973 2145 1074 2204 Ὧν
1108 2153 1219 2221 γὰρ
1247 2156 1348 2216 τας
1382 2154 1533 2222 ὄψεις
1570 2156 1765 2224 πρότε-

177 2252 278 2308 ρον
310 2237 408 2288 οὐκ
443 2236 769 2301 ἐθεάσαντο,
806 2238 1031 2299 τούτους
1066 2240 1329 2312 δυσχερὲς
1361 2238 1428 2313 ἦν
1463 2244 1764 2310 ἐπιγνῶναι

175 2329 570 2397 παραστάντας
597 2330 883 2398 αἰφνίδιον.
919 2332 978 2383 Et
1007 2331 1063 2384 δὲ
1096 2333 1339 2406 ἦρκεσαν
1372 2336 1433 2387 ἐκ
1467 2336 1575 2387 τῶν
1607 2337 1766 2389 νεκά-

174 2420 290 2473 δων
332 2419 492 2490 μόνος
533 2422 772 2489 Μωῡσῇς
815 2423 1207 2494 ἀνερχόμενος,
1250 2426 1455 2479 ἄνωθεν
1495 2428 1550 2481 δὲ
1580 2428 1767 2494 Ἠλίας

175 2512 585 2584 κατερχόμενος
605 2554 621 2577 ,
653 2515 769 2577 πῶς
798 2517 897 2568 οὐκ
928 2517 1109 2582 ἔδοξεν
1138 2518 1370 2589 ἀρκετὸν
1402 2524 1492 2571 καὶ
1525 2522 1631 2573 ἀπὸ
1662 2524 1763 2590 γῆς

174 2599 263 2669 εἷς
303 2607 412 2658 τῶν
448 2607 711 2677 μαθητῶν
744 2609 1345 2681 παραλαμϐανόμενος;
1386 2613 1507 2667 Ἐπὶ
1554 2614 1766 2678 τούτοις

176 2698 331 2765 πῶς,
351 2696 441 2752 τοῦ
464 2699 967 2772 Υίοῦιμεταμορφου
975 2703 1163 2771 μένου,
1186 2704 1277 2756 τοῦ
1307 2705 1515 2774 Πατρός
1537 2705 1591 2757 δὲ
1620 2707 1765 2760 ἄνω-

179 2791 281 2844 θεν
319 2792 757 2862 μαρτυροῦντος,
791 2795 895 2847 οὐκ
931 2795 1341 2865 ἐμνημόνευσεν
1377 2799 1409 2867 ὴ
1448 2797 1638 2869 Γραςιὴ
1676 2800 1767 2851 καὶ

173 2882 283 2938 ⁴ιοῦ
310 2884 625 2955 Πνεύματος
653 2887 960 2957 ἀχωρίστου
989 2887 1195 2941 τούτων
1220 2888 1591 2958 ύπάρχοντος;
1624 2890 1768 2944 Ταύ-

178 2990 289 3042 την
326 2976 433 3045 γάρ
465 2976 568 3046 τὴν
601 2976 836 3047 ἀπορίαν
869 2978 1000 3047 ἡμῖν
1041 2978 1091 3029 οἱ
1135 2979 1587 3047 πνευματομάχοι
1631 2995 1769 3046 προ-

179 3064 495 3132 ϐάλλονται,
524 3067 887 3138 ἀλλοτριῶσαι
919 3070 1133 3138 Πατρός
1161 3069 1257 3123 καὶ
1288 3069 1421 3123 Υἱοῦ
1452 3069 1766 3139 βουλόμενοι
1797 3109 1841 3167 C

178 3158 280 3212 τὸν
318 3159 694 3231 Παράκλητον.
741 3159 958 3231 Ταύτης
995 3162 1093 3230 τῆς
1126 3163 1424 3226 δωδεκάδος
1460 3164 1568 3216 τῶν
1602 3162 1771 3235 ζητη-

184 3251 380 3322 μάτων
407 3252 758 3324 προτεθείσης
789 3254 939 3324 ἡμῖν,
971 3254 1102 3323 φέρε
1131 3256 1229 3308 σὺν
1255 3255 1377 3326 Θεῷ
1406 3259 1502 3310 καὶ
1525 3257 1623 3319 τὰς
1649 3257 1772 3311 τού-

179 3361 297 3399 των
325 3345 601 3410 ἐπιλύσεις
623 3348 698 3410 ὡς
725 3347 949 3402 δυνατὸν
979 3348 1389 3419 σαφηνίσωμεν.

258 3437 419 3501 Τίνος
460 3441 620 3511 χάριν
654 3442 687 3510 ἡ
729 3440 1032 3511 παράδοξος
1070 3444 1263 3509 γέγονε
1312 3442 1769 3513 μεταμόρφωσιςὶ

194 3526 419 3601 Ἐπειδὴ
447 3533 477 3584 ό
506 3531 599 3585 τοῦ
637 3530 849 3595 Πὰθους
881 3536 1070 3602 καιρὸς
1102 3534 1403 3602 ἐγειτνίαζε
1424 3573 1438 3597 ,
1472 3536 1566 3587 καὶ
1596 3537 1628 3606 ἡ
1661 3535 1771 3589 τῶν

200 3627 477 3682 Ἰουδαίων
516 3627 836 3681 ἐϐεϐαιοῦτο
878 3628 1173 3699 ἐπιϐουλὴ,
1216 3630 1310 3682 καὶ
1355 3630 1387 3698 ἡ
1432 3628 1573 3700 ὑπὲρ
1612 3630 1771 3700 ἡμῶν

180 3718 473 3789 οίκονομία
506 3716 702 3788 ἔμελλε
734 3722 908 3789 πέρας
938 3717 1283 3783 εἰσδέξασθαι
1304 3758 1317 3782 ,
1350 3726 1444 3773 καὶ
1473 3723 1501 3774 ό
1537 3721 1769 3792 σταυρὸς

181 3810 294 3882 ἤδη
328 3812 634 3881 ἐπήγνυτο,
667 3811 755 3864 ῐνα
792 3811 867 3881 μὴ
903 3814 998 3863 καὶ
1031 3813 1079 3864 οἱ
1118 3811 1361 3882 μαθηταὶ
1394 3813 1461 3864 τὰ
1494 3812 1604 3864 τῶν
1639 3812 1772 3864 Ἰου-

179 3903 356 3957 δαίων
391 3903 616 3956 πάθοιεν
651 3905 710 3956 ἐν
742 3905 818 3972 τῷ
854 3903 949 3955 τοῦ
995 3904 1205 3967 Πάθους
1247 3904 1423 3974 καιρῷ
1461 3905 1585 3967 τοὺς
1624 3903 1773 3972 λογι-

183 3997 366 4065 σμοὺς
412 3996 960 4066 ύποκραδαινόμενοι,
1010 3996 1105 4050 καὶ
1147 3998 1196 4051 οί
1241 3997 1506 4067 πρότερον
1545 3995 1634 4049 διὰ
1672 3996 1773 4066 τῆς

177 4087 284 4141 τοῦ
341 4087 549 4159 Πέτρου
606 4088 853 4158 γλώττης
912 4087 1041 4140 Υἱὸν
1096 4087 1232 4140 Θεοῦ
1291 4089 1769 4158 ὁμολογήσαντες,

182 4181 425 4252 ὁρῶντες
458 4180 686 4252 ὕστερον
714 4181 1280 4251 ἀνασκολοπιζόμενον
1306 4181 1381 4245 ὡς
1412 4183 1767 4251 κατάκριτον,

179 4273 347 4346 ψιλὸν
378 4278 675 4344 νομίσωσιν
709 4260 1019 4345 ἄνθρωπον,
1054 4274 1402 4346 ἐπιστηρίζει
1433 4275 1661 4336 τούτους
1694 4272 1771 4343 τῷ

181 4366 483 4438 παραδόξῳ
510 4366 774 4437 θεάματι,
809 4366 879 4420 ἵν’
903 4368 1029 4421 ὅταν
1059 4368 1220 4422 ἴδοιεν
1249 4367 1415 4420 αὐτὸν
1444 4368 1770 4438 προδιδόμε-

1862 516 2123 570 miracula
2172 527 2367 569 caalera
2423 525 2642 583 peracta
2695 525 2842 579 sunt,
2879 516 2958 568 vel
3013 515 3331 568 revocandis
3387 513 3442 567 in

1859 607 2027 656 vitam
2068 606 2318 668 mortuis,
2350 605 2431 658 vel
2483 605 2818 658 restituendo
2853 603 3014 658 carcis
3045 604 3183 663 visu.
3216 602 3296 655 vel
3333 602 3446 656 dis-

1861 693 2054 747 solutis
2084 711 2110 744 a
2122 695 2311 749 rtnhus
2346 693 2485 748 θοιιο
2497 710 2605 745 rma
2617 692 2754 747 udis.

1934 785 2055 837 Post
2088 785 2203 838 haec
2226 784 2597 852 exquiramus,
2642 800 2739 838 cur
2766 800 2869 837 non
2905 785 2957 836 in
2984 782 3272 851 campestri
3299 784 3443 846 loco,

1863 881 1956 933 scd
1999 882 2049 932 in
2087 881 2257 931 arduo
2311 890 2492 931 monte
2535 878 2641 932 tale
2694 876 3066 944 spectaculum
3099 877 3441 937 exhibuerit;

1863 982 1913 1025 et
1952 972 2107 1038 cujus
2148 970 2226 1024 rei
2280 971 2453 1039 gratia
2498 985 2601 1021 non
2644 983 2833 1023 omnes
2865 967 3162 1033 discipulos
3200 966 3442 1026 adhibet,

1864 1064 1957 1118 sed
1986 1063 2185 1117 relictis
2220 1079 2435 1123 novem,
2493 1073 2600 1116 tres
2647 1061 2910 1113 duntaxat
2951 1059 3007 1110 in
3040 1070 3272 1109 montem
3315 1058 3446 1108 edu-

1865 1152 2045 1207 xerit?
2087 1156 2226 1220 quod
2274 1154 2318 1207 si
2367 1161 2474 1205 tres
2517 1151 2676 1205 modo
2707 1151 2994 1218 Oportebat
3031 1150 3316 1211 asciscere,
3351 1161 3448 1198 cur

1868 1262 1973 1299 non
2008 1247 2184 1310 alios,
2243 1247 2333 1299 sed
2390 1243 2629 1307 Petrum,
2694 1252 2746 1295 et
2780 1243 2916 1295 duos
2965 1241 3101 1294 filios
3159 1236 3448 1291 Zelietlmi?

1869 1335 2009 1405 quod
2042 1336 2084 1388 si
2120 1334 2330 1389 occulta
2382 1333 2626 1402 quaedam
2666 1332 2801 1385 ratio
2852 1330 2971 1393 fuit,
3026 1347 3123 1385 cur
3172 1330 3227 1383 in
3266 1337 3447 1381 monte

1868 1427 2153 1481 Dominum
2186 1440 2448 1494 apparere
2476 1424 2799 1493 oportuerit,
2833 1422 2960 1492 quid
2993 1421 3113 1483 fuit,
3149 1421 3290 1489 quod
3319 1433 3441 1473 cum

1870 1519 2019 1573 multi
2072 1520 2124 1571 in
2153 1516 2436 1572 Palaestina
2468 1525 2677 1569 montes
2726 1524 2949 1578 essent,
3019 1524 3253 1568 montem
3293 1512 3452 1580 Sigor

1869 1608 2285 1676 Carmelumque
2317 1607 2684 1675 praetermisit,
2725 1615 2960 1661 montem
3008 1606 3170 1659 etiam
3215 1601 3449 1659 Galilaea:

1875 1701 2208 1767 postlialtuit,
2234 1711 2285 1752 et
2313 1698 2572 1752 Samaria:
2609 1697 2925 1763 declinavit,
2945 1712 3007 1750 ac
3034 1711 3101 1751 ne
3131 1698 3183 1750 in
3209 1705 3447 1748 montem

1866 1794 2081 1863 quidem
2139 1790 2411 1846 Olivarum
2469 1790 2736 1853 ascendit,
2793 1789 2885 1844 sed
2939 1788 3189 1842 omnibus
3220 1788 3301 1841 his
3351 1803 3448 1840 an-

1868 1885 2099 1950 tcposuit
2135 1881 2355 1935 Tltabor
2384 1881 2406 1933 ?
2436 1880 2570 1946 Quid
2629 1894 2790 1947 porro
2845 1879 3231 1947 prophetarum
3288 1878 3453 1930 inlcr—

1867 1990 2056 2031 ventus
2082 1979 2181 2031 εἰιιί
2218 1977 2425 2030 vo'uit?
2472 1985 2526 2030 et
2559 1990 2725 2043 quare
2756 1989 2864 2027 non
2898 1973 3032 2027 alios
3099 1972 3199 2025 nisi
3250 1971 3451 2023 Moscm

1867 2081 1917 2125 et
1947 2073 2115 2125 Eiiam
2148 2070 2334 2124 statuit
2367 2071 2438 2123 ihi
2490 2067 2821 2138 pra-sentes?
2857 2068 2997 2120 unde
3037 2080 3165 2119 vero
3193 2080 3286 2118 eos
3319 2079 3451 2133 apo-

1867 2165 1987 2217 stoli
2043 2162 2454 2232 cognoverunt?
2507 2178 2644 2230 quos
2697 2162 2840 2216 enim
2879 2162 2943 2212 de
2990 2157 3125 2211 facie
3152 2167 3277 2208 ante
3344 2170 3448 2207 non

1869 2269 2081 2317 norant,
2137 2256 2503 2308 difficillimum
2539 2265 2655 2307 erat
2706 2269 2799 2306 eos
2838 2269 2901 2306 ex
2938 2250 3235 2319 improviso
3286 2264 3452 2315 appa-

1872 2362 2053 2402 rentes
2086 2349 2420 2416 dignoscere.
2456 2348 2607 2413 Quod
2643 2348 2686 2401 si
2724 2347 2856 2399 satis
2885 2345 2985 2398 fuit
3009 2358 3169 2397 unum
3202 2357 3264 2395 ex
3301 2354 3450 2394 mor-

1869 2450 2082 2494 tuorum
2111 2455 2337 2495 numero
2368 2438 2568 2493 Musem
2602 2438 2918 2502 ascendere,
2962 2445 3011 2488 et
3045 2450 3109 2489 ex
3140 2432 3249 2486 alto
3284 2446 3451 2486 unum

1873 2535 2203 2587 descendere
2238 2534 2432 2598 Eliam,
2488 2548 2586 2585 cur
2628 2533 2792 2586 etiam
2833 2544 2939 2583 non
2973 2529 3105 2582 satis
3151 2524 3319 2580 videri
3361 2541 3456 2594 po-

1874 2636 2010 2678 terat
2042 2642 2176 2677 unus
2199 2641 2262 2678 ex
2304 2624 2579 2691 discipulis
2611 2633 2917 2691 assumptus
2940 2636 2968 2675 ρ
3001 2620 3188 2675 terra?
3228 2618 3304 2675 Ad
3341 2620 3453 2670 iure

1871 2717 2143 2784 quomodo
2201 2718 2620 2783 transﬁgurante
2674 2730 2731 2769 se
2783 2712 2919 2773 Filio
2944 2754 2958 2776 ,
2995 2727 3057 2766 ac
3093 2710 3253 2765 Patre
3291 2709 3445 2763 testi-

1872 2810 2114 2861 monium
2167 2823 2403 2877 superne
2436 2804 2686 2872 dicente,
2742 2821 2846 2859 non
2914 2805 3078 2858 etiam
3133 2804 3199 2857 de
3246 2802 3450 2870 Spiritu

1873 2908 2061 2953 sancto
2105 2896 2387 2966 Scriptura
2430 2898 2758 2951 mentionem
2799 2896 2945 2961 fecit,
2987 2894 3076 2963 qui
3123 2894 3191 2948 ab
3220 2892 3326 2947 illis
3370 2898 3454 2944 est

1872 2991 2178 3046 indivistts?
2252 2992 2390 3044 hanc
2433 2992 2577 3044 enim
2632 2989 2787 3043 nobis
2830 2985 3322 3058 pneumatomachi,
3360 2983 3451 3049 qui

1877 3084 1987 3155 (44)
2020 3100 2046 3136 a
2076 3081 2236 3138 Patre
2272 3093 2325 3136 et
2368 3082 2503 3137 Filio
2542 3081 2878 3136 Paracletum
2917 3094 3203 3149 svgregare
3244 3077 3453 3143 volunt,

1874 3175 2267 3230 dubitationem
2299 3174 2583 3243 objiciunt.
2614 3171 2718 3226 llas
2743 3188 2773 3226 a
2807 3171 2961 3225 nobis
2988 3167 3456 3238 prepositas'duo-

1875 3271 2050 3325 decim
2092 3267 2439 3338 quaestiones,
2484 3264 2586 3335 age
2614 3264 2723 3331 jam
2760 3262 2867 3316 Deo
2897 3260 3142 3330 juvautc,
3188 3269 3448 3328 quantum

1875 3364 1927 3418 in
1955 3362 2110 3415 nobis
2156 3359 2280 3422 erit,
2335 3358 2711 3425 expediamus.
3266 3348 3272 3353 ’

1941 3451 2106 3523 ﬁco
2190 3450 2308 3514 Quo
2402 3448 2628 3507 consilio
2737 3445 3070 3499 admirabilis
3143 3442 3457 3510 Transfigit-

1876 3544 2012 3598 ratio
2092 3540 2270 3595 habita
2330 3538 2450 3593 est?
2524 3537 2788 3604 Quoniam
2872 3535 3146 3590 Passionis
3240 3544 3452 3600 tempus

1875 3631 2385 3704 appropinquabat,
2469 3638 2524 3682 ct
2582 3627 2894 3682 Jnda’orum
2977 3627 3187 3680 insidi-.8
3251 3625 3453 3677 contir-

1875 3728 2187 3788 ntabantur,
2232 3735 2284 3778 et
2317 3741 2434 3793 qute
2481 3733 2635 3776 erant
2664 3722 2729 3776 ad
2782 3721 3009 3775 salutem
3041 3728 3278 3773 nostram
3341 3717 3456 3768 dis-

1876 3820 2045 3889 posita
2109 3816 2173 3869 ad
2233 3814 2481 3869 eiii-etum
2550 3814 2817 3882 finemque
2869 3812 3208 3880 perducenda
3274 3816 3451 3871 erant,

1869 3912 1958 3984 jau
1983 3926 2087 3980 que
2117 3924 2245 3964 crux
2291 3909 2576 3977 figebatur,
2633 3922 2700 3961 ne
2736 3906 3016 3972 discipulis
3063 3901 3203 3955 idem
3237 3900 3445 3953 centiu-

1874 4002 2201 4073 geretgquod
2227 4000 2447 4060 .Iud:eis,
2476 4015 2537 4051 ac
2564 4000 2677 4067 ipso
2708 3996 2980 4051 Passionis
3009 4005 3250 4062 tempore
3277 3999 3450 4044 mente

1873 4094 2162 4160 animoque
2190 4099 2473 4152 nutateut;
2525 4097 2579 4142 et
2628 4087 2723 4156 qui
2766 4096 2893 4139 ante
2940 4083 3032 4138 Dei
3074 4084 3266 4137 Filium
3301 4081 3446 4134 illum

1877 4185 2019 4239 l’etri
2050 4200 2180 4239 voce
2214 4182 2444 4236 confessi
2492 4181 2727 4244 fuerant,
2778 4187 2898 4249 post
2946 4178 3160 4231 aliixmn
3214 4174 3360 4229 cruci
3394 4184 3454 4227 ut

1876 4281 2185 4335 damnatmn
2217 4291 2366 4329 reum
2407 4275 2675 4338 videntes,
2709 4273 2908 4325 nudum
2949 4268 3222 4324 hominem
3266 4266 3455 4320 existi-

1877 4377 2111 4430 marent,
2164 4367 2264 4421 hoc
2304 4380 2396 4417 eos
2450 4360 2759 4416 admirabili
2802 4356 3112 4429 spectaculo
3144 4354 3451 4426 prmmunit,

179 4475 305 4522 νον,
340 4457 434 4510 καὶ
467 4456 809 4525 ἀγωνιῶντα,
842 4459 935 4510 καὶ
972 4458 1346 4529 άπευχόμενον
1378 4458 1438 4511 τὸ
1470 4459 1564 4511 τοῦ
1599 4458 1761 4512 θανά-

1874 4469 1930 4513 ttt
1967 4473 2088 4513 cum
2118 4457 2293 4525 ipsum
2320 4453 2429 4522 jam
2469 4452 2737 4520 proditum
2771 4457 2826 4504 et
2876 4462 3077 4517 angore
3125 4444 3289 4511 animi
3343 4459 3456 4497 ma-

175 4569 282 4606 του
324 4555 612 4623 ποτήριον,
644 4554 740 4605 καὶ
774 4553 851 4614 είς
879 4553 976 4622 τὴν
1007 4550 1175 4623 αὐλὴν
1204 4550 1295 4605 τοῦ
1330 4551 1632 4623 ἀρχιερέως
1668 4567 1766 4604 πε-

182 4645 576 4716 ριελκόμενον,
629 4643 1028 4713 ἀναλογισθῶσι
1083 4644 1180 4715 τὴν
1236 4647 1315 4707 είς
1368 4644 1427 4697 τὸ
1484 4644 1766 4714 Θαϐώριον

178 4737 440 4791 ἐλευσινο
472 4738 567 4791 καὶ¹
600 4737 675 4801 ὡς
708 4738 808 4791 οὐκ
840 4738 906 4790 ἂν
940 4738 1089 4791 ἄκων
1122 4736 1399 4808 παρεδόθη
1439 4736 1574 4805 πρὸς
1606 4735 1771 4788 θάνα-

174 4852 302 4899 τον,
350 4837 378 4888 ὁ
426 4835 525 4906 τὴν
568 4834 725 4898 δόξαν
770 4835 1156 4906 ἀμπεχόμενος
1204 4833 1305 4904 τῆς
1356 4832 1632 4903 θεότητος,
1680 4833 1776 4887 καὶ

179 4928 324 4991 Υἳὸς
355 4926 491 4981 Θεοῦ
520 4928 802 4997 ἀγαπητὸς
834 4925 1303 4997 μαρτυρούμενος.
1332 4926 1427 4978 Ἂν
1453 4924 1514 4977 τὸ
1548 4926 1765 4996 πρόσω-

177 5039 294 5075 πον
328 5020 605 5076 θεάσοιντο
642 5019 1006 5091 ῥαπιζόμενον
1046 5021 1142 5072 καὶ
1201 5020 1529 5089 πτυόμενον,
1569 5018 1767 5087 μηκέτι

178 5112 625 5167 σκανδαλισθῶσι
661 5111 759 5182 τὴν
802 5112 941 5182 ὑπὲρ
964 5110 1115 5182 ἥλιον
1141 5109 1409 5180 ἐλλαμψιν
1435 5108 1624 5162 τούτου
1650 5110 1770 5172 ταῖς

179 5202 436 5275 μνήμαις
474 5197 1003 5269 ὰναπεμπάζοντεςο
1047 5197 1114 5252 ἂν
1156 5197 1446 5270 πορφύραν
1487 5197 1768 5268 χλευαστι-

1872 4565 2107 4623 gnopere
2131 4549 2488 4609 laborantem,
2513 4553 2564 4598 et
2587 4545 2965 4612 deprecantem
2987 4539 3208 4594 calicem
3237 4538 3450 4599 mortis,

1875 4653 1929 4698 et
1960 4653 2173 4709 raptum
2211 4640 2262 4692 in
2295 4638 2489 4692 atrium
2518 4636 2777 4705 principis
2806 4634 3148 4690 sacerdotum
3183 4631 3448 4703 viderent,

1878 4738 2169 4789 adventum
2201 4731 2349 4784 illum
2375 4731 2426 4782 in
2449 4726 2669 4782 Thaltor
2691 4727 2743 4780 in
2769 4726 3084 4779 memoriam
3111 4730 3453 4785 revorarent,

1876 4833 2297 4895 repntarentque
2357 4836 2462 4874 non
2516 4817 2750 4872 invitum
2809 4830 2930 4870 esse
2989 4812 3242 4865 traditum
3293 4806 3452 4861 morti

1877 4934 2023 4978 eunt,
2071 4916 2164 4985 qui
2197 4912 2494 4968 divinitatis
2527 4910 2697 4980 gloria
2754 4907 3010 4969 amictus,
3061 4913 3116 4956 et
3165 4899 3329 4954 Filius
3360 4898 3451 4952 Dei

1878 5010 2108 5065 dilectus
2168 5002 2474 5060 testimonio
2506 5003 2890 5068 comprobatus
2943 5004 3106 5050 esset.
3150 4992 3205 5047 Si
3259 4991 3453 5045 faciem

1877 5101 2124 5170 eulapbis
2163 5112 2356 5153 caesam
2423 5106 2476 5148 et
2507 5094 2730 5148 oblitam
2761 5090 2937 5159 sputis
2977 5089 3306 5153 aspicerent,
3342 5098 3449 5137 non

1879 5202 2193 5264 superesset
2221 5189 2535 5244 offensionis
2574 5185 2747 5252 locus,
2783 5198 2906 5239 cum
2932 5181 3270 5251 splendorem
3296 5179 3445 5233 illum

1404 5358 1729 5420 Francisci
1768 5352 1980 5418 Scorsi
2020 5356 2209 5413 notte.

256 5477 379 5552 (Μ)
411 5477 898 5552 Pueumotomacfti.
935 5478 1048 5552 Hoc
1080 5488 1164 5552 est
1208 5478 1439 5552 Spiritus
1485 5492 1764 5552 Oppugna-

176 5547 367 5611 tores,
421 5550 514 5614 qui
561 5548 923 5605 adversantur
962 5548 1314 5617 ltlasphemiis
1352 5547 1466 5602 snis
1521 5548 1761 5614 Spiritus

176 5619 362 5689 saneti
395 5619 702 5689 divinitati:
737 5634 964 5689 quorum
1003 5619 1379 5689 haeresiarchas
1412 5618 1762 5689 Macedonius

178 5687 596 5756 Eunomiusque
624 5686 859 5743 fuerunt.
895 5686 1028 5742 Vide
1045 5699 1162 5741 not.
1191 5687 1285 5746 85.
1320 5689 1466 5740 hom.
1489 5686 1578 5739 56.
1616 5687 1759 5756 Usus

178 5768 374 5816 autem
412 5760 592 5830 potius
647 5775 768 5815 sum
813 5762 980 5814 verbo
1033 5756 1228 5813 Latino
1270 5772 1338 5813 ex
1386 5756 1574 5812 Graeco
1615 5755 1759 5810 facto

1849 5608 1999 5670 tillud
2069 5612 2378 5666 describere
2430 5608 2696 5679 pluribus,

1872 5468 2378 5536 Pueumatomachi,
2413 5469 2554 5538 quod
2578 5482 2642 5523 eo
2673 5467 2914 5522 viderem
2942 5480 3072 5522 usos
3119 5466 3252 5520 alios
3270 5466 3439 5538 adeo-

1869 5544 1972 5610 que
2020 5542 2315 5596 Latinitate
2363 5534 2642 5610 donatum.
2699 5537 2838 5610 Alibi
2873 5538 3195 5610 verertiam
3234 5534 3437 5610 placuit

2770 5609 2839 5663 ita
2879 5607 3142 5663 oratiOnis
3183 5606 3447 5662 varietate

1870 5682 2199 5740 postulante.
