3934 6222
198 283 344 347 1025

1545 287 1876 348 HOMILIA
1919 285 2075 347 LIX.

3312 238 3471 351 toea

193 401 367 472 συνῆν
400 398 587 464 αὐτοῖς
624 401 717 455 καὶ
750 400 951 465 Ἰούδας
991 400 1021 454 6
1060 400 1456 465 κλεπτίστατος
1493 400 1745 473 μαθητης
1769 417 1782 431 ’

1894 409 2011 454 erat
2056 414 2178 454 cum
2208 397 2313 454 illis
2342 397 2513 455 Judas
2558 396 2858 469 discipulus
2907 397 2996 454 ille
3052 396 3468 459 furacissimus:

193 494 412 565 ὄμμασι
466 492 526 546 δὲ
570 496 835 564 μυσαροῖς
883 494 982 547 ούκ
1015 490 1084 565 ἦν
1118 494 1264 558 εἰκὸς
1303 493 1563 565 θεαθῆναι
1599 496 1658 547 τὸ
1692 495 1790 563 τῆς

191 585 454 655 θεότητος
499 584 638 654 φῶς.
673 584 801 643 Πῶς
841 585 950 654 γὰρ
979 586 1230 657 προδότις
1272 585 1439 656 ψυχὴ,
1477 586 1572 638 καὶ
1598 584 1792 655 φιλάρ-

195 694 386 747 τυρος,
415 679 510 730 καὶ
538 676 767 730 τοιαῦτα
796 678 939 730 κατά
969 678 1060 731 τοῦ
1087 678 1414 732 διδασκάλου
1441 678 1785 749 δολορραφήσ

196 784 373 829 σασα,
421 768 556 837 όρᾷν
600 765 827 820 ἐδύνατο
874 767 1028 822 Θείαν
1075 768 1413 839 ἐμφάνειανς
1464 769 1526 821 Et
1578 768 1687 838 γὰρ
1739 768 1787 819 οἱ

196 858 583 928 ἐπιλελεγμένοι
626 861 777 928 τρεῖς
813 859 1082 929 μαθηταὶ,
1129 859 1379 929 καθαρὰν
1425 859 1642 929 ἔχοντες
1689 858 1789 928 τὴν

195 951 465 1015 διάνοιαν,
501 949 581 1021 τῷ
618 952 728 1003 δέει
753 953 1192 1021 κατεπτηχότες,
1229 953 1308 1014 είς
1351 953 1452 1019 γῆν
1485 952 1788 1004 κατέπεσον

197 1042 499 1113 κύμϐαχοι,
526 1044 623 1097 καὶ
653 1043 854 1115 μικροῦ
879 1043 989 1096 δεῖν
1013 1044 1364 1114 ἐχωνεύοντο,
1386 1044 1449 1096 τὸ
1476 1044 1583 1114 πῦρ
1610 1045 1788 1096 ἐκεῖνο

198 1134 275 1204 μὴ
325 1136 645 1201 στέγοντες,
693 1133 745 1186 τί
797 1135 864 1187 ἂν
914 1133 1062 1196 εἰκὸς
1109 1134 1198 1187 τὸν
1244 1134 1510 1204 προδότην
1561 1133 1784 1197 παθεῖν;

208 1227 564 1297 ’Δπείργεται
606 1220 701 1279 οὖν
741 1227 769 1279 6
809 1226 1014 1295 ἀσεϐὴς
1045 1225 1145 1296 τὴν
1179 1226 1337 1291 δόξαν
1382 1226 1588 1297 Κυρίου
1635 1228 1784 1291 ἰδεῖν,

192 1319 358 1374 τοῦτο
389 1319 488 1372 καὶ
546 1318 774 1373 Ἡσαΐου
805 1320 1118 1390 προειδότος
1156 1320 1254 1373 καὶ
1284 1319 1749 1391 προθεσπίσαντος
1768 1335 1783 1351 ⁸

196 1430 217 1463 r
253 1412 507 1481 Ἀρθήτω
531 1411 561 1464 6
586 1411 814 1480 ἀσεϐὴς,
841 1412 932 1465 ἵνα
966 1411 1039 1483 μὴ
1070 1411 1152 1483 ἴδῃ
1181 1412 1279 1483 τὴν
1305 1410 1464 1477 δόξαν
1494 1412 1720 1483 Κυρίου.
1761 1429 1780 1463 ι

204 1506 356 1558 Ἀλλ’
382 1506 497 1576 ἐρεῖ
519 1521 602 1568 τις
636 1504 788 1567 ἴσως,
822 1504 919 1557 καὶ
946 1505 1034 1558 διὰ
1062 1507 1116 1557 τί
1152 1507 1228 1577 μὴ
1258 1506 1348 1558 τὸν
1383 1505 1587 1560 Ἰούδαν
1624 1507 1785 1576 μόνον

191 1598 517 1653 καταλιπὼν
544 1598 671 1661 τοὺς
706 1597 901 1661 ἄλλους
940 1599 1286 1668 παρέλαϐεν;
1319 1599 1380 1651 ού
1411 1599 1521 1668 γὰρ
1550 1597 1613 1670 δὴ
1646 1599 1785 1652 πάν-

191 1711 311 1758 τες,
340 1692 417 1757 ὡς
448 1694 677 1756 ἐκεῖνος,
704 1687 846 1764 ἦσαν
874 1691 1103 1758 ἀνάξιοι.
1136 1691 1278 1745 Ἀλλ’
1299 1694 1347 1745 εἰ
1374 1691 1533 1744 τοῦτο
1566 1692 1781 1759 γέγονε,

193 1784 477 1854 πρόφασιν
511 1781 579 1836 ἀν
613 1778 758 1853 εἶχεν
789 1784 816 1836 6
851 1781 1119 1852 προδότης
1152 1780 1247 1834 τοῦ
1285 1782 1780 1854 κακουργήματος,

195 1874 275 1937 ὡς
307 1873 370 1927 οὐ
403 1870 490 1926 διὰ
530 1871 978 1943 φιλοχρηματίαν
1009 1872 1108 1943 τὴν
1142 1871 1435 1943 ἐπιϐουλὴν
1475 1871 1782 1943 μεμελέτη-

194 1983 334 2032 κεν,
383 1966 500 2020 ἀλλ’
524 1964 886 2035 ἀντιλυπῆσαι
932 1963 1261 2034 βουλόμενος
1305 1964 1394 2016 τὸν
1436 1964 1780 2032 λυπῇσαντα.

200 2060 317 2123 Τὰς
339 2059 645 2131 προφάσεις
667 2054 761 2110 οὖν
778 2056 1115 2127 πανταχόθεν
1134 2072 1200 2109 πε
1209 2058 1323 2128 ριτέ
1331 2073 1477 2126 μνων
1496 2057 1524 2110 6
1546 2055 1750 2127 Κύριος
1767 2098 1781 2122 ,

198 2150 611 2220 ἀναπολόγητον
645 2150 791 2202 ποιεῖ
821 2149 912 2201 τδν
945 2148 1230 2201 ἐπίϐουλον
1252 2191 1266 2211 ,
1301 2148 1390 2202 ἵνα
1422 2149 1604 2221 γυμνὴ
1639 2151 1783 2222 φανῇ

194 2241 306 2313 τῆς
336 2241 547 2311 φαύλης
579 2239 942 2312 συνειδήσεως
969 2240 1002 2310 η
1032 2239 1374 2310 προαίρεσις.

289 2500 358 2556 Ἥ
387 2500 445 2554 δέ
473 2501 553 2563 εἰς
586 2499 711 2570 δρός
745 2496 1014 2561 ἀνάϐασις
1064 2493 1335 2566 σύμϐολον
1363 2488 1432 2565 ῆν
1461 2491 1555 2546 τοῦ
1588 2491 1786 2563 χρῆναι

196 2596 303 2649 τὸν
347 2594 610 2665 μέλλοντα
687 2591 848 2645 θείων
896 2588 1215 2660 μυστηρίων
1261 2588 1513 2653 γενέσθαι
1561 2587 1788 2654 μέτοχον

199 2683 542 2752 καταλείψω
566 2682 667 2754 τὴν
694 2681 829 2751 πρὸς
853 2680 924 2733 τά
954 2679 1105 2730 κάτω
1135 2674 1511 2746 συμπάθειαν,
1541 2676 1619 2735 εἰς
1644 2672 1701 2724 δὲ
1729 2674 1790 2724 τὸ

198 2781 337 2852 ϐρος
381 2777 660 2848 ὑψωθῆναι
702 2777 799 2847 sil;
843 2772 954 2826 τῶν
996 2771 1287 2842 νοημάτων
1327 2768 1535 2839 ὑψηλῆς
1583 2765 1791 2820 ἀναϐά-

200 2890 352 2935 σεως
374 2889 388 2903 ·
425 2868 567 2924 οὕτω
599 2869 695 2931 τὰς
731 2867 883 2928 θείας
940 2864 1205 2933 ἐμφάσεις
1245 2860 1321 2924 ὡς
1361 2859 1563 2912 ἐπίπαν
1595 2860 1624 2910 6
1657 2857 1791 2920 Θεὸς

198 2971 265 3022 ἐν
295 2967 476 3035 ὄρεσιν
495 2964 688 3035 δρᾶται
709 2960 948 3023 δεικνύς.
971 2960 1079 3012 Καὶ
1103 2961 1271 3011 πάλαι
1295 2954 1401 3025 γὰρ
1419 2952 1521 3024 τὴν
1543 2951 1791 3021 Ἀϐραὰμ

201 3060 408 3114 θυσέαν
449 3058 550 3110 οὐκ
583 3058 640 3108 ἐν
673 3053 906 3116 πεδιάδι,
937 3051 1051 3104 ἀλλ’
1092 3052 1151 3102 ὲν
1178 3048 1296 3120 ὄρει
1327 3048 1593 3141 γενέσθαι,
1616 3061 1789 3141 προσ-
1816 3079 1860 3141 C

201 3151 397 3218 ἔταξε.
430 3148 541 3202 Καὶ
572 3151 599 3201 ὁ
634 3147 781 3212 Λὼτ,
819 3144 1036 3215 φεύγων
1057 3145 1156 3215 τὴν
1186 3141 1561 3210 τεφρωθεῖσαν
1586 3136 1791 3192 Πεντά-

203 3243 393 3305 πθλιν,
417 3243 517 3296 οὐκ
545 3240 609 3295 ἂν
634 3238 890 3307 διεσώθη,
918 3238 966 3289 εί
998 3236 1073 3307 μὴ
1101 3238 1179 3299 είς
1206 3234 1333 3305 ὅρος
1360 3232 1634 3303 ἀνέδραμε
1655 3246 1669 3260 ⁸
1696 3230 1792 3284 καὶ

204 3339 443 3395 Manios!
472 3336 529 3388 δὲ.
559 3331 915 3405 χρηματίζων
943 3334 970 3383 6
998 3329 1153 3393 Θεὸς,
1182 3328 1280 3381 καὶ
1306 3327 1521 3388 δεικνὺς
1551 3324 1611 3376 τὸ
1639 3324 1699 3375 ἐν
1726 3325 1791 3392 τῇ

211 3433 369 3505 βάτῳ
396 3432 712 3501 μυστήριον,
736 3425 831 3479 καὶ
856 3425 956 3495 τὴν
982 3422 1075 3476 τοῦ
1100 3422 1231 3476 λαοῦ
1261 3418 1597 3491 προστασίαν
1621 3417 1796 3486 ἐγχει-

216 3523 543 3599 ριζόμενος,
579 3522 639 3596 ἐν
674 3517 792 3588 ὅρει
825 3514 1002 3569 ταῦτα
1042 3514 1206 3567 ποιεῖ.
1243 3510 1403 3564 Ἀλλά
1446 3510 1540 3561 καὶ
1574 3508 1664 3599 ὅτε
1703 3507 1797 3559 τὸν

209 3596 322 3686 τῆς
361 3612 567 3683 σκηνῆς
602 3609 773 3663 τύπον
809 3604 1089 3671 ὑπέδειξε,
1130 3601 1226 3655 καὶ
1262 3601 1336 3664 ὡς
1376 3600 1529 3669 φίλος
1565 3596 1798 3661 ὲνὼπιος

217 3707 442 3777 ἐνωπίῳ
468 3704 759 3772 διελέγετο,
788 3701 882 3753 καὶ
908 3698 1004 3752 τοῦ
1028 3698 1195 3768 νόμου
1223 3694 1320 3758 τάς
1351 3694 1565 3755 πλάκας
1595 3689 1800 3761 ἐνεχεί-

219 3801 395 3873 ριζεν,
417 3802 496 3861 εἰς
520 3796 581 3850 τὸ
604 3796 729 3863 ὅρος
758 3792 1118 3864 διεπράττετο
1138 3788 1312 3842 ταῦτα
1337 3785 1398 3839 τὸ
1424 3786 1662 3839 Σίναιον.
1688 3784 1799 3838 Καὶ

227 3891 418 3947 Ἦλιοῦ
456 3891 514 3944 δέ
551 3885 929 3959 χρηματίζων,
968 3882 1064 3935 καὶ
1104 3879 1206 3943 τάς
1246 3877 1582 3950 συμϐολικάς
1622 3878 1799 3947 ἐμφαο

212 3984 373 4047 νείας
404 3982 642 4044 δεικνὺς,
673 3980 754 4043 είς
786 3977 911 4046 ὅρος
945 3975 1147 4045 ἀνῆγεν
1175 3972 1358 4027 αὐτόν.
1389 3970 1552 4024 Ἀλλά
1585 3970 1678 4022 καὶ
1711 3969 1798 4021 ὅτε

212 4078 416 4149 γέγονε
454 4074 579 4128 καθ’
607 4073 776 4143 ἡμᾶς,
816 4070 917 4139 τὴν
958 4067 1233 4137 πτωχείαν
1274 4064 1432 4136 ἡμῶν
1471 4062 1690 4128 ὑποδὺς,
1733 4061 1801 4114 τά

217 4168 402 4223 πλείω
428 4167 536 4220 τῶν
573 4163 885 4237 μυστηρίων
918 4161 975 4214 ἐν
1008 4160 1196 4231 δρεσιν
1226 4157 1438 4212 ἐδείκνυ
1471 4157 1581 4218 τοῖς
1619 4153 1798 4224 μαθη-

1892 491 2040 561 atqui
2091 506 2198 545 non
2244 490 2472 545 decebat
2503 489 2733 558 impuris
2761 490 2935 545 oculis
2967 494 3233 561 aspectari
3267 495 3468 551 divini-

1894 586 2019 639 tatis
2047 583 2243 638 lucem.
2278 582 2563 649 Quomodo
2600 581 2743 637 enim
2777 584 3023 652 proditor
3050 588 3286 648 animus,
3320 591 3471 657 cupi-

1889 677 2095 743 dusque
2120 676 2384 744 pecuniae,
2405 684 2459 728 et
2482 674 2572 744 qui
2602 673 2734 729 tales
2758 675 2808 729 in
2835 675 3154 744 magistrum
3177 682 3473 734 t-onsueliat

1890 767 2072 831 dolos,
2123 766 2360 820 divinam
2413 765 2559 819 illam
2604 767 2841 835 speciem
2893 769 3108 824 ohtueri
3160 770 3472 840 potuisset?

1892 858 1948 911 Si
1990 860 2130 912 enim
2166 859 2324 913 electi
2384 860 2458 912 illi
2505 871 2612 913 tres
2671 859 2943 930 discipuli,
2988 876 3180 930 puram
3230 874 3469 918 mentem

1891 949 2178 1013 habentes,
2212 965 2413 1017 pavore
2462 951 2697 1018 perculsi
2755 953 2806 1005 in
2879 960 3076 1005 terram
3131 957 3285 1020 ptoui
3352 970 3473 1010 cer-

1891 1056 2070 1104 ruere,
2124 1056 2185 1094 ac
2235 1058 2420 1106 parum
2473 1041 2664 1105 abfuit,
2698 1042 2827 1111 quin
2858 1043 2985 1097 teris
3018 1044 3179 1099 modo
3210 1046 3470 1117 collique-

1889 1142 2129 1195 scerent,
2160 1134 2268 1186 vim
2320 1133 2457 1203 ignis
2492 1134 2637 1188 illius
2672 1118 2897 1190 minime
2945 1137 3293 1205 sustinentes,
3342 1144 3470 1212 quid

1890 1224 2147 1290 proditori
2182 1234 2501 1278 eventurum
2550 1223 2720 1280 fuisse
2771 1229 3097 1282 credendum
3137 1231 3255 1285 est?
3306 1233 3472 1301 Igitur

1888 1329 1918 1369 a
1967 1317 2145 1369 divina
2195 1317 2363 1387 gloria
2411 1319 2826 1388 contemplanda
2884 1322 3078 1390 impius
3119 1324 3277 1378 homo
3305 1323 3468 1395 402

1888 1405 2075 1475 procul
2107 1418 2343 1471 arcetur,
2378 1423 2501 1462 cum
2543 1410 2645 1464 hoc
2678 1409 2853 1478 ipsum
2888 1412 3236 1479 providisset,
3286 1425 3343 1469 et
3369 1431 3467 1467 va-

1889 1500 2143 1554 ticinatus
2179 1510 2323 1555 esset
2354 1498 2518 1555 Isaias
2548 1521 2562 1556 :
2617 1519 2637 1554 ι
2676 1502 2971 1557 Auferatur
3023 1505 3243 1574 impius,
3279 1519 3333 1561 ut
3362 1523 3470 1562 non

1888 1589 2067 1643 videat
2108 1591 2335 1658 gloriam
2371 1590 2580 1646 Domini
2604 1592 2644 1648 ³.
2684 1610 2705 1645 ι
2742 1593 2847 1648 Sed
2875 1594 3017 1649 dicet
3057 1593 3293 1652 fortasse
3320 1598 3472 1667 quis-

1888 1680 2052 1748 piam,
2087 1696 2184 1733 cur
2214 1679 2326 1735 solo
2354 1679 2488 1735 Iuda
2521 1682 2729 1749 relicto,
2769 1694 2995 1740 caeteros
3044 1701 3147 1740 non
3195 1689 3414 1743 admisit
3446 1704 3462 1741 :

1888 1786 2062 1841 neque
2092 1773 2235 1827 enim
2281 1790 2493 1842 omnes,
2543 1787 2601 1831 ut
2631 1777 2737 1841 ille,
2769 1790 2927 1835 erant
2980 1781 3209 1851 indigni.
3261 1781 3463 1838 Verum

1884 1860 1929 1913 si
1970 1863 2073 1914 hoc
2102 1862 2303 1916 factum
2341 1864 2565 1930 fuisset,
2617 1871 3031 1923 excusationem
3071 1870 3329 1929 facinoris
3384 1873 3467 1926 sui

1886 1955 2128 2023 proditor
2161 1958 2480 2021 habuisset,
2532 1959 2753 2028 perinde
2805 1963 2958 2030 quasi
3010 1978 3115 2016 nou
3171 1966 3471 2033 cupiditate

1885 2049 2129 2115 pecunize
2163 2048 2377 2102 molitus
2410 2059 2555 2104 esset
2589 2051 2835 2112 insidias.
2884 2052 2978 2107 sed
3037 2054 3112 2107 uti
3165 2054 3467 2109 molestiam

1887 2136 1960 2190 illi
2002 2138 2240 2191 vicissim
2289 2140 2596 2206 exhiberet,
2636 2158 2666 2195 a
2697 2158 2804 2212 quo
2855 2145 3103 2200 molestia
3155 2158 3301 2201 esset
3335 2145 3469 2201 am:-

1888 2239 2030 2285 ctus.
2091 2230 2295 2286 Causas
2351 2233 2512 2303 igitur
2559 2248 2751 2289 omnes
2815 2236 3107 2291 excitsandi
3167 2239 3469 2308 praecidens

1891 2320 2147 2374 Dominus
2169 2321 2544 2376 insidiatorem
2568 2323 2744 2378 reddit
2766 2322 3220 2394 inexcusabilem,
3240 2337 3297 2380 ut
3315 2327 3469 2384 malae

1896 2412 2249 2467 conscientia”:
2288 2414 2484 2469 electio
2510 2414 2830 2470 denudelur.

1965 2504 2240 2560 Ascensus
2279 2516 2462 2560 autem
2497 2506 2548 2560 in
2601 2516 2839 2563 montem
2885 2509 3179 2582 symbolice
3212 2510 3474 2567 indicarit

1893 2605 2145 2665 oliortere
2171 2611 2297 2653 eum
2325 2600 2415 2668 qui
2444 2598 2751 2654 divinorum
2795 2604 3176 2672 mysteriorum
3200 2608 3468 2674 particeps

1894 2686 2006 2740 fieri
2048 2686 2194 2753 velit,
2235 2690 2608 2759 coutagiosum
2638 2706 2761 2745 cum
2806 2692 3008 2747 infimis
3042 2694 3202 2749 rebus
3233 2710 3469 2749 consen-

1890 2791 2008 2830 sum
2069 2779 2373 2848 relinquere
2420 2796 2484 2835 ac
2539 2782 2685 2836 velut
2753 2783 2806 2837 in
2859 2793 3100 2838 montem
3153 2786 3468 2841 sublimium

1893 2869 2285 2934 cogitationum
2327 2884 2555 2925 ascensu
2593 2870 2815 2927 elevari.
2866 2872 2945 2926 Ita
2994 2872 3282 2942 plerasque
3334 2876 3468 2928 divi-

1894 2977 2085 3015 uarum
2117 2963 2521 3031 apparitiouum
2556 2965 2770 3018 videtur
2825 2965 2879 3020 in
2908 2976 3093 3020 monte
3148 2966 3286 3022 Deus
3320 2968 3471 3022 exhi-

1895 3052 2100 3108 buisse.
2152 3055 2469 3126 Autiquitus
2498 3058 2641 3110 enim
2675 3056 2974 3112 Abrahami
3004 3060 3329 3114 sacrificium
3365 3077 3472 3115 non

1898 3147 2057 3214 plano
2081 3146 2133 3200 in
2174 3147 2315 3209 loco,
2345 3150 2439 3203 sed
2472 3147 2526 3203 in
2558 3159 2741 3203 monte
2772 3149 2884 3204 fieri
2919 3149 3082 3218 jussit
3103 3152 3146 3205 ⁸.
3179 3151 3279 3205 Lot
3306 3154 3473 3207 etiam

1898 3238 2230 3309 Pentapolim
2276 3237 2491 3309 fugiens
2535 3241 2904 3295 subsidentem
2936 3241 2989 3295 in
3037 3242 3250 3297 cineres
3283 3257 3473 3313 sospes

1896 3332 2161 3385 evasisset
2231 3347 2549 3400 nunquam,
2614 3333 2713 3387 nisi
2765 3332 2995 3401 fugisset
3051 3335 3106 3388 in
3160 3327 3473 3400 montem";

1896 3418 2025 3472 Mosi
2051 3435 2179 3472 vero
2214 3420 2354 3474 Deus
2381 3421 2600 3474 oracula
2635 3423 2890 3487 reddidit,
2923 3434 2979 3478 et
3006 3432 3321 3496 mysterium
3355 3429 3472 3483 rubi

1898 3513 2314 3578 demousu-avit,
2374 3521 2428 3568 et
2468 3529 2655 3568 curam
2711 3516 2892 3583 populi
2934 3520 2987 3572 in
3041 3531 3225 3576 monte
3275 3524 3478 3593 petiui-

1899 3605 1971 3659 sit
1993 3604 2034 3658 ⁸.
2103 3604 2248 3670 Quin
2307 3607 2473 3660 etiam
2526 3613 2662 3673 tum,
2718 3622 2841 3662 cum
2896 3619 3078 3680 typum
3143 3614 3473 3669 tabernaculi

1899 3698 2394 3768 pramonstravit',
2426 3709 2474 3753 et
2503 3713 2687 3753 coram
2721 3701 2876 3769 quasi
2908 3703 3115 3758 amicus
3147 3721 3270 3760 cum
3299 3711 3478 3763 amico

1900 3789 2203 3844 collocutus
2227 3788 2376 3856 est',
2410 3799 2464 3844 et
2505 3789 2713 3845 tabulas
2751 3791 2883 3860 legis
2919 3792 2970 3845 in
3003 3809 3193 3847 manus
3232 3797 3479 3863 tradidit,

1901 3881 1954 3936 in
1992 3891 2176 3934 monte
2208 3881 2336 3934 Sina
2380 3880 2605 3949 perfecit
2644 3882 2759 3937 haec
2790 3884 2970 3937 omnia
2993 3885 3037 3936 ’.
3068 3883 3205 3938 Cum
3239 3885 3354 3940 Elia
3386 3887 3478 3940 iti-

1901 3975 2023 4028 dem
2066 3988 2228 4043 agere
2279 3982 2331 4026 et
2360 3972 2683 4042 symbolicas
2722 3973 2845 4031 illas
2872 3974 3110 4033 visiones
3147 3990 3269 4031 cum
3316 3978 3480 4033 vellet

1901 4063 2206 4127 ostendere,
2226 4078 2348 4118 eum
2371 4063 2592 4118 deduxit
2618 4064 2673 4118 in
2703 4073 2941 4121 montem
2962 4065 3027 4120 ³⁸.
3056 4066 3161 4121 Sed
3185 4074 3243 4121 et
3259 4069 3481 4137 quando

1904 4166 2143 4210 nostram
2193 4162 2566 4223 paupertatem
2602 4155 2821 4211 indutus
2871 4155 3028 4211 nobis
3076 4158 3272 4212 similis
3305 4158 3482 4213 factus

212 4264 365 4326 ταῖς.
413 4259 536 4314 Κᾶν
579 4256 833 4311 ἐϐούλετο
884 4252 1211 4324 μακαρίζειν
1255 4250 1383 4314 τοὺς
1429 4248 1676 4319 πτωχοὺς
1723 4245 1789 4315 τᾷ

1903 4258 2009 4312 est,
2067 4249 2445 4317 mysteriorum
2484 4249 2678 4305 bonam
2732 4259 2943 4316 partem
2998 4249 3055 4302 iu
3092 4252 3368 4305 montibus
3397 4249 3482 4303 di-

215 4355 520 4423 πνεύματι,
564 4350 662 4404 καὶ⁵
698 4349 827 4411 τοὺς
870 4344 1226 4406 πενθοῦντας,
1272 4345 1364 4395 καὶ
1409 4340 1533 4403 τοὺς
1582 4340 1789 4411 ἰτρσιετ;1

1904 4338 2128 4407 scipulis
2164 4337 2442 4406 patefecit.
2492 4339 2547 4394 Si
2578 4339 2725 4396 enim
2760 4354 3025 4409 pauperes
3067 4342 3259 4416 spiritu
3290 4343 3481 4396 beatos

213 4447 321 4499 καὶ
354 4448 481 4506 τοὺς
522 4441 823 4510 ἐλεήμονας
844 4475 860 4501 ,
904 4436 997 4489 καὶ
1026 4434 1152 4496 τοὺς
1185 4431 1285 4504 τὴν
1316 4431 1546 4502 καρδίαν
1580 4430 1789 4499 ἔχοντας

1908 4436 2203 4505 prmdicare
2237 4434 2425 4500 vol-iit,
2459 4446 2512 4488 et
2550 4435 2796 4504 lugentes
2844 4435 3052 4502 itidem,
3100 4444 3152 4490 et
3204 4435 3384 4500 mites,
3426 4445 3482 4489 et

216 4536 507 4607 καθαρὰν,
539 4532 635 4586 καὶ
667 4530 826 4593 ὅσους
855 4528 884 4581 6
916 4527 1027 4580 τῶν
1061 4524 1427 4597 μακαρισμῶν
1459 4521 1617 4593 χορὸς
1652 4538 1789 4591 περι

1905 4528 2304 4591 misericordes,
2359 4538 2412 4581 et
2462 4541 2630 4597 puros
2663 4528 2851 4593 corde,
2893 4537 2948 4581 et
2976 4537 3242 4597 quotquot
3281 4529 3482 4583 chorus

217 4628 444 4691 ἐλαϐεν,
476 4628 555 4689 είς
585 4625 710 4694 ὅρος
740 4622 910 4692 ἀνῆγε
938 4620 1066 4681 τοὺς
1099 4617 1367 4689 μαθητάς.
1403 4614 1523 4669 Κᾶν
1551 4615 1698 4677 ὅπως
1728 4612 1789 4666 δε

1904 4621 2296 4679 beatitudinum
2320 4620 2755 4688 comprehendit,
2781 4634 2877 4675 eos
2903 4620 3058 4675 duxit
3080 4623 3130 4674 in
3154 4631 3394 4675 montem
3414 4621 3457 4653 “

218 4718 631 4794 προσεύχεσθαι
676 4715 952 4770 διδάσκειν
995 4711 1177 4783 ἐθέλῃ,
1222 4710 1316 4763 καὶ
1355 4707 1516 4761 τοῦτο
1557 4708 1637 4770 εἰς
1682 4706 1789 4776 ὅροι

1907 4713 2150 4781 Itemque
2194 4711 2392 4764 docere
2422 4724 2542 4765 cum
2585 4710 2754 4765 voluit
2804 4712 2993 4765 orandi
3039 4711 3279 4776 modum,
3330 4713 3381 4764 id
3429 4712 3481 4764 in

215 4816 395 4867 ποιεῖ.
432 4810 591 4865 Οὕτω
625 4808 759 4878 γοῦν
790 4805 888 4861 καὶ
918 4805 1017 4877 τὴν
1053 4804 1206 4858 θείαν
1240 4801 1406 4856 αὑτοῦ
1445 4801 1603 4866 δόξαν
1637 4800 1784 4866 δεῖξα

1907 4814 2092 4858 monte
2126 4802 2463 4873 praestitit".
2504 4801 2597 4857 Sic
2648 4803 2814 4871 igitur
2856 4802 3093 4856 divinam
3126 4817 3341 4871 quoque
3365 4803 3484 4870 glo-

218 4904 578 4977 βουλόμενος,
611 4898 919 4963 ἀκολούθως
955 4900 1036 4961 εἰς
1064 4897 1125 4951 τὸ
1155 4895 1282 4967 ὅρος
1315 4894 1627 4964 ἀνέρχεται.

1917 4895 2052 4953 riam
2107 4908 2259 4946 suam
2313 4907 2435 4945 eum
2488 4893 2539 4946 itt
2579 4895 2784 4959 animo,
2819 4892 3043 4945 haberet
3075 4894 3386 4955 ostendere,
3429 4892 3484 4947 in

1914 4996 2153 5041 montem
2188 4987 2481 5040 ascendere
2515 4996 2933 5039 consentaneum
2967 4983 3064 5038 fuit
3086 4984 3151 5039 ¹³.

300 5087 489 5141 Τᾶλλα
525 5085 584 5139 δὲ
616 5083 727 5138 τῶν
782 5081 954 5154 ὀρέων
986 5073 1395 5149 παραδραμὼν,
1439 5073 1721 5141 ἐκλέγεται
1753 5074 1789 5125 τὲ

1976 5068 2097 5134 Sed
2143 5081 2286 5132 enim
2341 5076 2460 5131 aliis
2514 5075 2794 5133 montibus
2840 5077 3223 5144 praetermissis
3273 5078 3494 5133 Thabor

223 5179 554 5247 Θαϐὠριονο
596 5173 788 5245 ἐπειδὴ
810 5173 871 5227 τὸ
899 5171 998 5241 μὲν
1019 5171 1146 5243 ὅρος
1175 5167 1356 5238 Σιγὼρ
1385 5165 1657 5237 ἀθεμίτων
1678 5182 1786 5234 νυμ

1915 5168 2078 5239 elegit
2125 5186 2139 5223 :
2200 5167 2456 5235 quoniam
2511 5180 2681 5221 mons
2720 5166 2939 5234 quidem
2986 5165 3155 5236 Segor
3203 5168 3489 5222 vetitartmt

220 5272 528 5343 φευμὰτων
563 5268 781 5338 ἐγένετο
819 5265 1083 5332 θάλαμος.
1117 5262 1183 5314 Αἱ
1220 5262 1326 5329 γὰρ
1358 5257 1451 5312 τοῦ
1487 5257 1611 5311 Λὼτ
1647 5256 1787 5324 θυγα

1920 5264 2226 5329 nuptiarum
2265 5257 2438 5310 factus
2462 5266 2547 5311 est
2593 5257 2884 5311 thalamus.
2920 5254 3182 5311 Nimirum
3216 5258 3337 5313 filia:
3371 5258 3490 5325 Lot,

218 5363 412 5433 τέρες,
438 5358 579 5429 μετά
607 5355 706 5428 τὴν
733 5357 798 5410 ἐκ
826 5354 1077 5425 Σοδόμων
1105 5349 1416 5420 ἀποφυγὴν,
1447 5350 1693 5403 κάτοινον
1723 5348 1789 5401 τδε

1922 5358 2206 5421 postquam
2266 5364 2333 5404 ex
2395 5348 2648 5403 Sodomis
2706 5349 3054 5417 aufugerunt,
3107 5364 3227 5403 cum
3284 5359 3491 5418 patrem

226 5424 783 5524 φύντα-ποιήσασαι,
823 5447 921 5521 τὴν
961 5424 1242 5517 τολμηρὰν
1282 5442 1497 5514 ἐκείνην
1541 5458 1786 5512 πατρομι

1921 5443 2048 5496 vino
2092 5439 2419 5505 caruissent,
2455 5438 2633 5495 audax
2691 5437 2822 5493 illud
2857 5436 3040 5494 fecere
3076 5439 3334 5509 ﬂagitium
3357 5475 3376 5504 ,
3436 5447 3495 5493 ut

2403 5577 2618 5634 'Exod.
2678 5594 2807 5644 xxv,
2857 5578 2950 5634 ιο.
3026 5576 3244 5637 ‘Exod.
3292 5594 3493 5645 xxxiii,

2403 5665 2473 5706 to.
2550 5650 2594 5683 υ
2623 5647 2812 5706 Matth.
2850 5664 2923 5706 vt.
2971 5649 3004 5705 9
3036 5664 3191 5706 seua.
3293 5648 3493 5706 “Luc.

306 5595 328 5627 ³
356 5595 467 5648 iss.
508 5606 657 5655 nrt,
695 5591 783 5647 to.
856 5589 879 5622 ⁸
907 5588 1041 5645 Gen.
1073 5585 1309 5655 “n.2,
1361 5582 1540 5639 'Gen.
1583 5581 1807 5655 “$7,750.
1847 5579 2096 5655 ,λι-κιαι.
2138 5596 2216 5645 ιιι,
2249 5579 2299 5655 f_.

232 5667 325 5719 ll.
366 5647 395 5735 ς
433 5667 454 5695 ⁹
493 5647 662 5719 Exod.
696 5676 845 5728 sxw,
905 5661 990 5714 l2.
1087 5660 1130 5691 "
1164 5647 1231 5711 lll
1292 5654 1422 5727 lieg.
1485 5669 1597 5717 xix,
1663 5654 1748 5707 ll.
1844 5652 1884 5686 “
1916 5650 2111 5707 Matth.
2147 5666 2197 5718 ν,
2252 5650 2283 5735 ‘l
2320 5664 2473 5721 seqq.
2550 5650 2594 5683 υ
2623 5647 2812 5707 Matth.
2850 5664 2923 5715 \‘t,
2971 5649 3004 5705 9
3036 5664 3191 5719 seqq.

234 5752 315 5801 λι,
356 5734 412 5787 ‘2.
