3934 6222
274 329 411 396 1023

1649 323 1979 386 IIOMIIJA
2023 322 2176 386 LIX.

3381 322 3519 388 103i

261 462 378 508 τος.
407 445 516 497 Καὶ
539 445 567 498 ὁ
594 444 691 514 μὲν
712 443 1089 513 καταπλαγεὶς
1110 443 1188 516 τῷ
1216 441 1351 512 ξένῳ
1370 443 1622 510 θεάματι,
1648 440 1800 506 ἔλεγε
1831 454 1847 470 ο

1958 434 2184 488 historia
2235 431 2343 502 jam
2410 431 2724 500 splendente
2781 433 3004 486 meridie
3050 433 3283 489 divinum
3334 436 3405 489 illi
3457 453 3520 490 ac

272 557 292 588 ς
326 536 528 600 Διαϐὰς
559 537 765 606 ὄψομαι
788 536 849 590 τὸ
879 538 1061 606 ὅραμα
1093 535 1308 588 τοῦτο.»
1351 534 1492 586 Ἡδὲ
1517 536 1580 586 ὲκ
1609 533 1702 585 τοῦ
1735 551 1848 599 φω-

261 631 359 692 τὸς
398 631 610 681 ἐκείνου
641 630 792 699 φωνὴ
852 628 1053 682 κωλύει
1101 628 1190 683 τὸν
1235 629 1436 682 Μωσέα
1471 629 1741 697 προϐῆναι
1771 622 1848 692 τῷ

259 719 382 788 lipsi
416 717 796 788 βεϐαρημένον
865 721 978 781 τοῖς
1019 722 1232 788 νεκροῖς
1296 719 1675 789 ὑποδήμασιν,
1731 714 1845 767 ἀλλ’

259 811 574 862 ἐκλύσαντα
649 810 917 880 πρότερον
984 809 1081 862 τοῦ
1147 811 1305 873 ποδὸς
1368 810 1639 878 ὑπόδημα,
1704 807 1847 859 οὕτω

265 901 631 969 προσεγγίσαι
648 901 714 968 τῇ
737 899 945 970 βάτῳ,ὴ
965 899 1042 968 τῷ
1060 900 1188 968 θείῳ
1206 901 1344 967 φωτὶ
1362 898 1764 968 κατελάμπετο.
1783 897 1848 948 Τί

257 988 360 1045 οῦν
416 989 669 1044 ἐντεῦθεν
741 993 1293 1062 μυσταγωγούμεθας
1334 993 1392 1046 Ὀ
1428 991 1526 1060 μὲν
1582 991 1842 1060 Μωΰσῆς,

263 1085 364 1137 ἃτε
392 1083 885 1153 προφητικώτατος
941 1082 1038 1148 ὢν,
1068 1084 1162 1138 καὶ
1211 1084 1353 1153 ὀρῶν
1387 1085 1461 1145 ὡς
1485 1083 1570 1134 ἐπ’
1601 1083 1846 1152 ἐσχάτων

260 1174 377 1226 τῶν
420 1174 631 1243 χρόνων
673 1174 948 1243 ὲκλάμψει
987 1173 1049 1227 τὸ
1089 1175 1204 1243 φῶς
1253 1175 1352 1244 τῆς
1389 1175 1643 1244 θεότητος
1686 1176 1743 1225 ἐν
1777 1174 1843 1242 τῇ

264 1265 432 1336 σαρκὶ
457 1263 550 1317 τοῦ
601 1265 976 1331 Μονογενοῦς,
1005 1266 1072 1336 ἢν
1102 1268 1134 1336 ἡ
1169 1265 1329 1335 βάτος
1373 1266 1637 1336 ᾐνίττετο,
1671 1263 1846 1317 ταῦτα

263 1354 419 1422 λέγει
446 1356 828 1423 προφητικῶς,
864 1355 1057 1418 διαϐὰς
1095 1359 1161 1425 τῇ
1203 1355 1404 1427 θεωρίᾳ
1456 1356 1582 1415 τοὺς
1639 1353 1843 1424 μεταξὺ

267 1446 518 1517 χρόνους,
563 1448 659 1499 καὶ
691 1448 813 1499 κατ’
843 1450 1052 1500 ἐκεῖνον
1099 1448 1395 1517 γενόμενος
1450 1445 1541 1498 τὸν
1568 1446 1666 1514 τῆς
1695 1447 1844 1498 οἰκο-

265 1541 466 1608 νομίας
498 1539 692 1608 καιρόν
723 1555 737 1568 ·
767 1538 1010 1608 Ὀψομαι
1033 1540 1093 1591 τὸ
1136 1539 1278 1608 μέγα
1301 1539 1506 1608 ὅραμα,
1546 1538 1605 1590 τὸ
1637 1537 1724 1590 διὰ
1748 1536 1842 1589 τοῦ

263 1631 447 1698 φωτὸς
463 1630 654 1682 τούτου
675 1629 1030 1699 δηλούμενον.
1050 1630 1114 1682 Τί
1137 1625 1231 1682 οῦν
1253 1629 1388 1699 πρὸς
1411 1628 1574 1682 αὐτὸν
1597 1630 1629 1697 ἡ
1653 1629 1801 1696 φωνή
1824 1643 1839 1693 ;

283 1723 714 1792 Ἐπαγγέλλεται
764 1722 962 1786 δείξειν
998 1723 1146 1792 αὑτῷ
1192 1722 1252 1774 τὸ
1281 1720 1607 1790 ἀναλάμψαι)
1640 1720 1754 1788 φῶς
1784 1721 1843 1771 ὲν

261 1816 488 1886 Θασώρ.
542 1815 702 1869 Ἀλλὰ
729 1815 900 1880 πότε;
935 1816 1101 1868 Ὅταν
1152 1814 1286 1884 λυθῇ
1339 1813 1437 1882 τῆς
1492 1812 1716 1881 σαρκὸς,
1744 1812 1844 1880 τῆς
1877 1795 1917 1848 Β

261 1906 600 1980 δερματίνης
648 1907 961 1978 περιϐολῆς,
1020 1907 1121 1976 τῆς
1186 1907 1500 1976 ὲντεθείσης
1543 1907 1610 1975 τῇ
1650 1903 1838 1971 φύσει,

263 2002 360 2053 ὅτε
382 2001 468 2054 διὰ
493 2001 770 2069 παρακοῆς
798 1998 890 2052 τοῦ
913 1999 1056 2051 Θείου
1089 1998 1396 2069 θελήματος
1414 1995 1810 2068 ὲγυμνὼθημεν
1827 2035 1843 2050 .

268 2093 441 2145 Ὅταν
474 2091 590 2156 οὖν,
623 2092 780 2162 φησὶ,
809 2091 977 2162 λύσῃς
1001 2090 1062 2143 τὸ
1093 2091 1354 2160 ὑπόδημά
1394 2107 1513 2153 σου,
1560 2090 1845 2143 τουτέστιν

265 2187 402 2237 ὅταν
450 2184 729 2254 ἁπολυθῇς
793 2183 896 2253 τῆς
947 2183 1170 2254 σαρκος,
1218 2183 1342 2236 τότε
1376 2182 1498 2252 ὄψει
1550 2183 1613 2235 τὸ
1664 2183 1847 2252 ὅραμα

267 2277 434 2327 τοῦτο
462 2277 520 2327 ὲν
545 2275 622 2344 τῷ
665 2274 886 2344 Θαὸώρ.
925 2274 1305 2328 Διαλευκαίνει
1337 2274 1392 2327 δὲ
1435 2275 1537 2344 τὴν
1591 2275 1848 2327 ὑπόθεσιν

262 2367 734 2437 τηλαυγέστερον,
767 2371 852 2420 ὅτε
883 2370 910 2419 ὁ
949 2368 1048 2436 μὲν
1082 2365 1323 2436 Μωῡσῆς
1372 2366 1614 2429 διακαῶς
1639 2367 1848 2437 ἱμειρὸ-

271 2477 435 2530 pavo;
469 2460 598 2511 ἰδεῖν
631 2462 719 2510 τὸν
753 2458 907 2521 Θεὸν,
949 2477 967 2509 ί
998 2458 1180 2524 Δείξόν
1217 2475 1306 2526 μοι
1341 2459 1440 2528 τὴν
1486 2458 1647 2523 δόξαν
1673 2475 1791 2519 σου,
1821 2477 1838 2508 ι

263 2551 493 2617 ἐλεγενο
525 2553 552 2601 ὁ
582 2550 638 2602 δὲ
691 2549 824 2611 Θεὸς
890 2549 965 2620 μὴ
1027 2549 1204 2612 ἄλλως
1250 2549 1438 2616 ἔλεγεν
1489 2545 1631 2602 εἶναι
1687 2548 1848 2600 τοῦτο

265 2645 521 2705 δυνατὸν,
549 2645 596 2694 εί
625 2643 700 2712 μὴ
735 2643 1004 2712 πρότερον
1062 2641 1400 2709 σκεπασθείη
1428 2643 1495 2713 τῇ
1530 2629 1850 2711 πέτρᾳ,’καὶ

262 2737 447 2798 οὔτως
497 2737 688 2800 ὄψεται
723 2737 794 2787 τὰ
850 2734 1108 2787 ὀπίσθια·
1142 2734 1229 2786 διὰ
1267 2735 1364 2804 μὲν
1398 2735 1496 2802 τῆς
1549 2734 1754 2802 πέτρας
1787 2732 1849 2783 τὸ

264 2828 613 2895 τεθεωμένον
645 2827 804 2895 σῶμα
834 2824 1037 2896 δηλῶν,
1068 2825 1157 2878 διὰ
1197 2825 1254 2878 δὲ
1287 2824 1394 2877 τῶν
1427 2824 1713 2890 ὀπισθίων,
1747 2823 1848 2893 τὴν

268 2919 365 2972 ἐπ’
395 2920 638 2989 ἐσχάτων
695 2919 804 2970 τῶν
852 2919 1060 2988 χρόνων
1122 2919 1455 2989 φανέρωσιν,
1510 2919 1647 2988 ὅπερ
1694 2921 1752 2970 ὲν
1780 2919 1846 2988 τῇ

267 3011 400 3081 θεία
429 3012 852 3080 μεταμορφώσει
890 3011 1065 3079 πέρας
1098 3011 1339 3073 ἐδέξατο.
1381 3009 1520 3062 Ἀλλ’
1573 3008 1714 3080 αὕτη
1748 3011 1848 3078 μὲν

267 3104 310 3170 ἡ
336 3103 471 3172 πρὸς
508 3103 599 3155 τὸν
630 3103 873 3171 θεόπτην
901 3103 1217 3173 ὑπόσχεσις.
1237 3103 1418 3155 Ἠλιοῦ
1465 3102 1522 3155 δὲ
1569 3102 1849 3172 γενομένῳ

267 3198 334 3248 ὲν
365 3194 588 3260 Χωρὴ6,
625 3196 720 3248 καὶ
745 3195 1071 3265 ἁσχάλλοντι
1103 3195 1469 3264 ἐπηγγείλατο
1496 3193 1562 3246 δι’
1587 3195 1848 3264 αἰνίγμα-

266 3303 366 3350 τος
393 3288 488 3356 τὴν
517 3290 596 3350 είς
621 3289 680 3339 τὸ
737 3287 1020 3357 Θαὸὡριον
1054 3286 1259 3356 ταύτην
1319 3288 1645 3356 ἐμφάνειαν,
1676 3286 1848 3349 οὕτως

266 3379 448 3433 εἰπών
473 3397 486 3410 ·
535 3399 554 3431 ι
584 3381 764 3451 Στήσῃ
817 3380 1009 3451 αὔριον
1048 3381 1294 3432 ἐναντίον
1337 3379 1567 3449 Κυρίου,
1611 3383 1705 3431 καὶ
1738 3379 1848 3432 ἰδοὺ

268 3473 498 3541 πνεῦμα
557 3473 772 3544 ὲξαῖρον
828 3473 950 3542 ὅρη,
1008 3473 1100 3524 καὶ
1137 3473 1425 3542 συντρίὸον
1466 3474 1673 3541 πέτρας
1703 3489 1713 3499 ’
1749 3473 1850 3524 οὐκ

264 3571 334 3621 ἐν
363 3566 440 3635 τῷ
475 3565 752 3634 πνεύματι
780 3557 1014 3634 Κύριος,⁸
1047 3565 1140 3616 καὶ
1196 3564 1337 3632 μετὰ
1377 3563 1438 3616 τὸ
1474 3562 1693 3632 πνεῦμα
1723 3581 1852 3616 συσ·

270 3659 526 3728 σεισμὸς,
554 3661 660 3710 οὐκ
705 3659 764 3710 ὲν
814 3656 892 3727 τῷ
943 3656 1262 3726 συσσεισμῷ
1309 3655 1546 3724 Κύριος,
1585 3657 1677 3709 καὶ
1714 3655 1853 3726 μετὰ

266 3752 370 3803 τὸν
397 3751 725 3820 συσσεισμον
760 3748 892 3820 πῦρ,
924 3751 1026 3803 οὐκ
1054 3751 1111 3802 ὲν
1150 3749 1229 3820 τῷ
1296 3751 1431 3822 πυρὶ
1486 3749 1714 3820 Κύριος,
1760 3751 1852 3803 καὶ

272 3843 424 3913 μετὰ
447 3844 506 3894 τὸ
539 3841 652 3913 πῦρ
699 3841 849 3911 φωνὴ
876 3840 952 3902 ὡς
981 3839 1154 3911 αὕρας
1199 3841 1425 3910 λεπτῆς,
1468 3841 1563 3894 καλ⁸
1595 3843 1710 3893 ἐκεῖ
1737 3841 1850 3894 Κύ-
1884 3850 1888 3854 ”

270 3953 420 4006 ριος.
460 3955 477 3986 ι
528 3934 794 3988 Ἐνταῦθα
834 3936 944 4004 γὰρ
997 3935 1094 3998 τὰς
1146 3946 1289 3988 κατα
1329 3935 1558 4004 καιροὺς
1587 3935 1679 3987 τοῦ
1711 3933 1849 3987 Θεοῦ

269 4027 583 4097 ἐμφανείας
631 4027 874 4098 ᾐνίξατο,
938 4026 996 4078 ἐν
1019 4042 1077 4078 τε
1106 4029 1217 4087 τοῖς
1248 4027 1619 4098 πατριάρχαις
1647 4026 1741 4078 καὶ
1774 4025 1851 4095 τῷ

268 4122 450 4190 νόμῳ,
479 4120 707 4182 καὶτοῖς
736 4117 1067 4190 προφήταις,
1100 4119 1158 4172 ἐν
1186 4115 1267 4182 οἷς
1319 4119 1575 4189 ἀμυδρῶς
1637 4119 1730 4171 καὶ
1776 4119 1852 4183 ὡς

269 4215 335 4264 ἐν
362 4213 610 4282 ἐσόπτρῳ
648 4215 859 4274 τούτοις
885 4212 1200 4266 ὀπτὰνεται.
1253 4213 1340 4264 Ἐν
1358 4211 1416 4264 δὲ
1459 4214 1570 4271 τοῖς
1602 4211 1850 4280 ἐσχάτοις

270 4308 514 4376 καιροῖς,
547 4306 706 4369 αὐτὸς
766 4308 794 4356 ὁ
845 4305 980 4365 Θεὸς
1016 4303 1218 4376 Κύριος
1259 4306 1532 4373 ὲπέφανεν
1568 4307 1722 4376 ἠμί).
1753 4303 1852 4358 Διά

274 4399 382 4470 μὲν
431 4397 522 4450 οὖν
566 4399 626 4450 τὸ
686 4396 875 4468 αῦριον
915 4398 1040 4457 τοὺς
1093 4398 1589 4467 μεταγενεστέρους
1628 4396 1852 4466 χρόνους

1953 525 2252 580 terribilem
2307 524 2548 578 oblatam
2592 538 2714 578 esse
2760 526 3036 593 Speciem,
3089 525 3262 582 lucem
3314 529 3522 585 scilicet

1949 618 2175 673 alteram
2219 619 2348 672 solis
2386 617 2503 672 luce
2540 616 2798 684 majorem
2837 633 2901 671 ex
2943 620 3175 681 quodam
3228 620 3390 674 rubro
3426 637 3521 676 co‘

1950 717 2280 772 rnscantem,
2315 718 2476 776 atque
2513 708 2664 762 illum
2700 717 2807 761 tam
2847 723 2985 764 novo
3032 713 3342 779 spectaculo
3375 723 3520 769 atto-

1951 798 2122 851 nilum
2178 799 2420 852 dixisse:
2463 815 2481 848 ι
2524 797 2722 852 Vadam
2761 811 2812 851 t-t
2843 800 3031 854 \idebo
3067 803 3329 858 visionem
3379 807 3522 863 hanc

1952 905 2198 959 magnam
2233 890 2299 946 ".
2330 907 2348 942 ι
2383 890 2490 944 Sed
2518 905 2583 945 ex
2625 891 2713 944 illo
2750 892 2950 946 lumine
2981 910 3078 947 vox
3120 900 3314 951 emissa
3351 905 3523 958 vetu’t

1951 979 2150 1033 Mosetn
2181 993 2246 1034 ne
2280 982 2600 1035 mortalibus
2633 983 2831 1036 calceis
2871 997 3126 1052 gravatus
3173 991 3238 1042 ad
3284 1004 3520 1050 montem

1950 1071 2255 1133 accederet,
2287 1072 2380 1125 sed
2413 1073 2479 1127 iis
2516 1072 2666 1141 prius
2696 1072 2910 1140 solutis,
2950 1076 3032 1130 fas
3069 1093 3192 1133 esse
3218 1083 3283 1134 ad
3327 1088 3520 1139 rubum

1949 1162 2130 1216 divina
2159 1166 2277 1217 luce
2316 1163 2668 1232 rel'ulgentem
2696 1169 3153 1238 apprOpiuquare.
3189 1173 3326 1239 Quid
3359 1177 3524 1246 igitur

1952 1250 2076 1305 hinc
2117 1252 2360 1322 mystica
2416 1254 2678 1308 doctrinae
2724 1256 3025 1314 discimus?
3071 1262 3244 1318 Moses
3283 1267 3521 1334 quidem,

1949 1350 2135 1410 utpote
2176 1344 2267 1411 qui
2312 1345 2627 1414 prophetico
2666 1347 2888 1414 polleret
2941 1353 3176 1408 maxime
3211 1357 3428 1425 spiritu,
3462 1376 3522 1416 ao

1933 1444 2154 1497 wideret
2189 1443 2452 1511 futurum,
2496 1458 2552 1502 ut
2583 1452 2844 1505 extremis
2902 1455 3230 1522 temporibus
3265 1460 3522 1515 divinita-

1949 1533 2018 1586 tis
2059 1535 2313 1602 splendor
2344 1539 2394 1590 in
2432 1553 2593 1593 carne
2633 1539 2902 1611 Unigeniti
2955 1546 3266 1616 refulgeret,
3305 1568 3423 1620 quae
3468 1555 3520 1608 in

1947 1623 2066 1677 rubi
2102 1625 2242 1678 illius
2283 1628 2568 1696 {etiigmate
2621 1632 3051 1702 significabatur,
3104 1640 3217 1695 haec
3255 1658 3350 1698 ore
3393 1661 3521 1713 pro-

1946 1717 2161 1784 phetico
2217 1717 2350 1772 dicit
2399 1736 2413 1772 :
2462 1721 2642 1774 omnia
2712 1724 2922 1780 scilicet
2975 1731 3258 1799 interiecta
3321 1739 3520 1792 srecula

1948 1809 2406 1877 contemplatione
2440 1821 2824 1871 transcurrens
2857 1829 2911 1872 et
2937 1820 2989 1872 in
3037 1822 3151 1890 ipso
3189 1826 3522 1883 lncarnatio-

1948 1899 2031 1952 nis
2075 1908 2313 1970 tempore
2343 1917 2631 1970 praesens:
2671 1905 2874 1962 Videbo
2920 1925 3167 1979 maguum
3218 1915 3348 1970 illud
3401 1935 3524 1988 spe-

1947 1992 2243 2059 ctaculnm,
2271 1995 2413 2062 quod
2460 1995 2561 2050 hac
2605 1999 2733 2052 mihi
2777 2000 2896 2055 luce
2932 2004 3352 2062 demonstratur.
3384 2009 3523 2077 Quid

1947 2084 2109 2152 ig’tur
2139 2087 2360 2138 adeum
2412 2088 2617 2156 perlata
2659 2091 2798 2144 vox?
2852 2092 3132 2150 Promittit
3176 2113 3307 2154 sane
3348 2101 3522 2156 lucem

1947 2173 2088 2228 illam
2121 2173 2469 2242 relulgentem
2503 2180 2554 2232 in
2587 2177 2808 2236 Thabor
2851 2184 2925 2237 illi
2954 2189 3390 2254 ostendendam;
3429 2194 3522 2246 sed

1946 2279 2051 2334 quo
2076 2269 2353 2335 tempore?
2382 2269 2517 2324 Cum
2554 2282 2698 2328 esset
2725 2275 3005 2333 exsolutus
3028 2294 3212 2346 carne,
3247 2283 3338 2336 illo
3366 2285 3526 2337 nitui-

1949 2369 2063 2409 rum
2098 2358 2320 2425 pellicco
2348 2362 2579 2430 tegmine
2615 2362 2728 2434 (55)
2778 2379 2986 2421 natura:
3028 2378 3226 2425 nostra:
3273 2382 3382 2425 tum
3417 2373 3526 2426 ciro

1947 2449 2257 2516 cumjecto,
2311 2467 2436 2506 cum
2475 2454 2672 2510 violato
2718 2457 2901 2512 divino
2949 2473 3218 2528 praerepto
3268 2464 3523 2518 denudati

1949 2546 2167 2597 fuimus.
2205 2544 2430 2610 Quando
2454 2547 2620 2618 igitur
2649 2551 2877 2608 solveris
2903 2554 3325 2611 calceamentum
3348 2569 3523 2622 tuum.

1951 2635 2052 2689 hoc
2091 2645 2174 2688 est
2201 2637 2418 2704 quando
2449 2653 2614 2694 carne
2659 2642 2869 2697 solutus
2917 2659 2980 2698 ac
3030 2645 3170 2700 liber
3215 2650 3344 2714 eris,
3400 2660 3527 2706 tunc

1950 2727 2157 2782 videbis
2202 2729 2464 2786 visionem
2526 2735 2664 2788 hanc
2718 2750 2964 2806 magnam
3018 2740 3070 2792 in
3122 2741 3358 2797 Tltabor.
3420 2747 3527 2800 Ex-

1951 2822 2139 2890 planat
2190 2838 2353 2892 porro
2384 2825 2683 2894 subjeetam
2731 2833 3058 2887 sententiam
3105 2835 3304 2891 clarius
3350 2839 3526 2894 Moses

1952 2911 2088 2982 ipse,
2122 2930 2244 2969 cum
2278 2918 2492 2972 videndi
2523 2918 2612 2973 Dei
2649 2922 2920 2977 desiderio
2969 2923 3222 2996 ﬂagrans,
3266 2930 3523 2988 dicebat:

1957 3023 1976 3056 ι
2016 3005 2252 3062 Ostende
2284 3008 2416 3062 mihi
2443 3010 2676 3079 gloriam
2709 3019 2855 3067 tuam
2886 3015 2954 3070 ’⁷.
2989 3035 3007 3067 ι
3039 3017 3181 3074 Deus
3208 3030 3384 3075 autem
3419 3039 3525 3078 non

1877 3145 1924 3206 c
1953 3097 2061 3152 alio
2098 3100 2149 3153 id
2169 3100 2282 3153 lieri
2309 3115 2464 3169 posse
2498 3104 2658 3158 modo
2683 3108 2983 3174 respondit,
3009 3110 3108 3163 nisi
3129 3112 3445 3180 priuspctra
3467 3130 3528 3171 se

1959 3197 2202 3255 tegeret:
2240 3197 2352 3242 tum
2384 3194 2526 3244 enim
2552 3195 2857 3261 posteriora
2894 3195 3135 3250 visurum
3160 3216 3174 3253 ι
3202 3215 3296 3268 per
3319 3212 3524 3271 petram

1953 3281 2170 3350 quidem
2190 3295 2390 3347 corpus
2413 3283 2720 3338 deiﬁcatutn
2755 3285 2866 3356 (56)
2896 3287 3169 3353 indiCans,
3219 3306 3315 3359 per
3346 3302 3528 3361 poste-

1954 3372 2097 3426 riora
2164 3387 2295 3426 vero
2351 3371 2586 3426 futuram
2624 3379 2916 3444 postremis
2971 3377 3136 3449 406
3193 3385 3525 3451 temporibus

1955 3460 2449 3515 manilestationem
2478 3480 2490 3515 :
2534 3465 2678 3532 quod
2716 3465 2767 3518 in
2798 3468 2899 3520 hac
2937 3469 3118 3522 divina
3149 3469 3525 3542 Transﬁgura-

1957 3563 2101 3618 tione
2138 3565 2296 3615 linem
2329 3564 2557 3631 acrepit.
2600 3565 2775 3634 Atque
2815 3567 2928 3621 litec
2969 3583 3098 3622 sane
3121 3569 3252 3624 Mosi
3288 3585 3531 3628 contem-

1955 3653 2150 3724 platori
2209 3655 2300 3709 Dei
2361 3654 2499 3709 faeta
2564 3657 2871 3725 promissio.
2929 3657 3061 3714 Elite
3113 3677 3240 3718 vero
3295 3679 3417 3719 cum
3473 3667 3528 3722 in

1951 3745 2165 3802 Choreb
2197 3749 2436 3816 degeret.
2473 3757 2528 3802 et
2577 3748 2760 3803 animo
2808 3760 2953 3804 esset
2997 3749 3214 3819 amictu,
3268 3753 3528 3810 visionem

1958 3842 2096 3894 hanc
2129 3839 2271 3894 Deus
2301 3839 2553 3910 promisit
2585 3841 2674 3893 illa
2704 3842 2996 3895 verborum
3028 3843 3254 3913 ambage
3291 3862 3305 3898 :
3359 3863 3378 3896 ‹
3407 3845 3532 3900 Sta.

1955 3933 2039 3990 bis
2071 3948 2193 3988 cras
2223 3949 2406 3987 coram
2443 3933 2670 3988 Domino
2698 3950 2712 3986 :
2753 3945 2952 3990 etecce
2971 3936 3192 4004 spiritus
3227 3938 3532 3995 dissolvens

1955 4033 2191 4084 montes.
2221 4034 2274 4078 et
2304 4035 2588 4078 conterens
2635 4035 2856 4092 petras;
2893 4041 2998 4080 non
3038 4028 3091 4081 in
3127 4029 3320 4096 spiritu
3356 4029 3536 4083 Domi-

1957 4133 2078 4171 nus.
2099 4117 2297 4186 Etpost
2317 4117 2560 4185 spiritum
2581 4117 2898 4185 concussio;
2921 4132 3024 4173 non
3060 4119 3113 4173 itt
3169 4124 3530 4178 concussione

1961 4211 2237 4264 Dominus.
2270 4209 2328 4262 Ft
2363 4219 2482 4277 pust
2518 4211 2930 4265 concussionem
2966 4212 3136 4281 ignis;
3169 4230 3272 4267 non
3317 4215 3370 4269 in
3405 4232 3526 4284 tgnu

1959 4304 2220 4357 Dominus
2250 4304 2315 4357 ⁸⁸.
2351 4303 2416 4356 Ει
2451 4314 2570 4372 post
2605 4303 2783 4373 ignem
2814 4319 2912 4358 vox
2941 4321 3088 4360 aura:
3121 4308 3335 4375 tenuis;
3375 4320 3430 4363 et
3455 4313 3524 4364 ibi

1958 4395 2237 4452 Dominus.
2280 4414 2298 4448 ι
2364 4397 2476 4452 lloc
2510 4397 2659 4450 enim
2712 4397 2832 4451 loco
2895 4397 2988 4453 Dei
3063 4398 3533 4456 manileslationes

269 4492 542 4561 ἐσήμαινε.
593 4491 692 4543 Διὰ
739 4491 795 4543 δὲ
855 4493 958 4560 τῆς
1012 4489 1214 4560 λεπτῆς
1270 4489 1484 4560 αὔρας,
1526 4489 1586 4542 τὸ
1656 4488 1849 4541 λεπτὸν

1960 4492 2077 4547 aliae
2139 4489 2245 4544 alio
2308 4499 2546 4559 tempore
2602 4490 2757 4545 facta:
2811 4495 3043 4546 obscure
3106 4494 3432 4549 denotantur
3482 4495 3534 4548 in

271 4585 458 4638 ἐκεῖνο
493 4583 652 4653 σῶμα
713 4583 806 4636 καὶ
859 4583 1122 4654 καθαρὸν,
1171 4581 1264 4636 ἆτε
1322 4587 1530 4652 πάχους
1579 4582 1854 4653 ἁμαρτίας

270 4675 499 4744 γεγονὸς
556 4676 958 4747 ἁπαρὰδεκτον.
995 4676 1094 4729 Διὰ
1146 4677 1202 4729 δὲ
1253 4676 1352 4746 τῆς
1389 4678 1596 4746 φωνῆς,
1631 4677 1721 4729 τὸν
1765 4676 1854 4730 διὰ

270 4765 532 4835 σώματος
567 4769 700 4837 ἡμῖν
725 4767 1066 4839 ὁμιλήσαντα
1101 4769 1194 4821 τοῦ
1223 4767 1360 4820 Θεοῦ
1393 4769 1564 4834 Λόγον
1594 4767 1854 4837 ἐδήλωσε.

266 4861 367 4913 Διὸ
422 4863 516 4912 λαὶ
571 4863 842 4930 ἐπήγαγε,
880 4881 897 4912 t
936 4863 1047 4914 Καὶ
1113 4863 1234 4914 ἐκεῖ
1287 4861 1510 4932 Κύριος.
1553 4881 1571 4912 ›
1621 4861 1729 4912 Καὶ
1763 4860 1856 4913 τὸν

272 4953 378 5023 μὲν
403 4954 607 5006 Μωσὲα
635 4954 775 5023 μετὰ
807 4954 1036 5008 θάνατον
1071 4955 1332 5023 μέλλοντα
1367 4955 1571 5025 ταύτης
1615 4953 1854 5024 ἀξιωθῆ-

267 5064 366 5099 ναι
395 5045 493 5116 τῆς
527 5045 674 5112 θέας,
699 5047 996 5102 ἐπέταττεν
1029 5049 1062 5119 ἡ
1087 5047 1266 5118 φωνὴ.
1295 5048 1470 5102 Λῦσαι
1502 5049 1765 5119 πρότερον
1791 5051 1854 5101 τὸ

1962 4586 2314 4655 patriarcltis,
2348 4585 2400 4639 in
2439 4585 2554 4656 lege
2582 4594 2637 4638 et
2678 4586 2732 4638 in
2783 4587 3097 4654 prophetis;
3138 4588 3190 4641 in
3227 4589 3426 4657 quibus
3457 4597 3538 4642 te-

1963 4679 2162 4744 nuiter,
2189 4690 2244 4734 et
2282 4677 2446 4731 veluti
2479 4678 2530 4730 in
2563 4676 2782 4746 speculo
2819 4678 2924 4730 illis
2944 4689 3028 4731 est
3049 4677 3217 4741 visus;
3249 4683 3538 4748 postremis

1962 4787 2086 4826 vero
2117 4771 2449 4840 temporibus
2478 4771 2592 4840 ipse
2635 4769 2777 4824 Deus
2801 4769 3064 4824 Dominus
3092 4770 3245 4823 nobis
3269 4774 3536 4839 apparuit.

1959 4863 2062 4917 Per
2095 4871 2310 4931 tempus
2351 4863 2514 4929 igitur
2554 4860 3259 4928 crastinumsubsequentia
3299 4872 3539 4930 tempora

1958 4956 2224 5026 signavit;
2290 4971 2382 5024 per
2433 4967 2620 5008 auram
2680 4966 2812 5007 vero
2867 4961 3080 5005 tenuem
3144 4962 3302 5006 tenue
3342 4969 3540 5022 corpus

1960 5048 2091 5104 illud
2140 5058 2195 5102 et
2247 5062 2442 5117 pttrum
2501 5045 2639 5116 (57),
2699 5055 2759 5099 ut
2803 5043 2947 5113 quod
2997 5044 3203 5114 peccati
3237 5045 3539 5098 crassitiem

346 5209 393 5242 "
424 5207 596 5262 Exod.
626 5223 708 5273 tu,
741 5207 794 5262 5.
870 5209 914 5240 ’⁷
959 5208 1344 5276 Exod.xxxnt,
1380 5207 1465 5264 l8.
1542 5207 1586 5239 ³⁸
1625 5206 1693 5261 lll
1726 5205 1860 5276 Reg.
1894 5225 2008 5273 xu,
2055 5209 2141 5261 ll.

1509 5325 1840 5388 Francisci
1882 5324 2091 5387 Scorsi
2126 5329 2314 5385 noue.

351 5451 463 5522 (55)
499 5449 606 5506 Illo
641 5450 890 5506 nimirum
925 5451 1140 5519 pelliceo
1177 5452 1423 5522 tegmine.
1475 5449 1714 5506 Tunicas
1744 5451 1858 5520 pel-

269 5524 463 5589 liceas,
531 5523 728 5592 quibus
791 5523 932 5576 Deus
987 5525 1189 5591 primos
1240 5533 1493 5592 parentes
1543 5539 1571 5576 a
1629 5533 1856 5592 peccato

274 5591 561 5658 amieivit,’
587 5593 813 5660 ligurate
841 5608 939 5662 pro
966 5596 1115 5662 gravi
1144 5607 1372 5660 corpore
1410 5604 1463 5646 et
1514 5591 1852 5658 corruptimti

269 5665 510 5721 obnoxio
539 5667 756 5731 accipit,
785 5676 842 5717 ut
869 5663 989 5716 aliis
1021 5664 1176 5718 locis.
1227 5664 1300 5716 De
1325 5678 1431 5729 quo
1461 5678 1624 5716 sensu
1681 5662 1856 5715 disse-

273 5736 487 5790 ruimus
516 5735 582 5788 ad
621 5734 769 5787 hom.
800 5733 893 5795 24,
922 5743 1034 5787 not.
1098 5733 1190 5796 59.
1221 5744 1275 5787 et
1303 5734 1450 5786 hom.
1505 5733 1598 5797 Si,
1631 5740 1741 5785 not.
1781 5731 1841 5786 Η

637 5829 886 5888 ΡΑτιιοι
949 5828 1069 5888 Gtt.
1109 5825 1433 5887 CXXXII.

1967 5457 2021 5504 et
2052 5447 2143 5503 47.

2057 5519 2166 5590 (56)
2207 5515 2411 5590 Corpus
2488 5515 2790 5590 dei/iratum
2833 5530 2852 5569 :
2890 5516 2950 5568 τὸ
3014 5513 3354 5590 τεθεωμίνον
3385 5513 3540 5584 σῶμα

1970 5587 2076 5658 quo
2118 5604 2276 5643 sensu
2316 5587 2384 5640 sit
2435 5587 2807 5658 accipiendum
2865 5588 3209 5642 enucleatius
3267 5599 3424 5654 supra
3481 5590 3541 5639 ad

1967 5657 2242 5715 liomiliatn
2277 5658 2369 5722 56,
2408 5669 2521 5711 not.
2558 5657 2647 5710 65.

2044 5731 2154 5802 ζόἷ)
2191 5726 2366 5783 Tenue
2401 5744 2590 5798 corpus
2629 5727 2786 5797 illud,
2836 5727 2885 5782 et
2921 5743 3131 5799 purum.
3195 5725 3398 5785 Christi
3432 5727 3540 5783 Do»

3125 5819 3202 5882 33
