3934 6222
515 259 653 326 ιυιθ

1716 256 2208 318 THEOPIIANIS
2246 257 2588 318 CERAMEI

3551 268 3648 336 10lil

510 374 857 440 miraculum,
891 383 946 429 ut
966 373 1118 428 int-cr
1137 372 1400 430 ardentes
1431 370 1685 443 fulgcntis
1731 371 1862 427 solis
1909 371 2061 424 radio

2121 382 2162 438 Α
2196 387 2273 440 σῳ
2307 369 2366 423 τὸ
2411 370 2684 438 φλογώδες
2736 368 2831 423 τοῦ
2877 369 3034 442 ἀέρος
3068 372 3468 441 ὖπονοτίζουσαν,
3493 379 3564 430 καὶ
3591 381 3653 436 διὰ

513 477 571 523 et
619 467 873 537 pepnlum
926 465 1081 536 quasi
1123 481 1317 520 murus
1362 465 1676 533 interiectus
1726 471 1894 526 esset,
1944 463 2088 531 quod

2191 463 2292 531 τῆς
2322 462 2517 524 νυκτὸς
2547 461 2737 515 στύλον
2791 462 2959 533 πυρὸς
3013 464 3296 532 γενέσθαις
3323 467 3464 521 Ἀλλὰ
3497 473 3571 523 καὶ
3593 477 3655 529 ὅτι

513 567 617 623 sibi
653 564 958 633 subjectum
989 567 1106 614 erat
1138 559 1458 612 iuumbrans
1490 567 1545 612 et
1592 555 1739 612 tenui
1777 569 1901 609 rore
1945 553 2066 608 aeri:

2190 557 2292 625 τὴν
2326 555 2466 626 ὑπὲρ
2488 555 2647 623 ἡμῶν
2675 554 2991 625 οἰκονομίαν
3030 555 3310 626 πληρώσας
3354 561 3424 622 είς
3463 561 3655 631 οὐρανοὺς

513 665 704 713 εειιιιιι
769 663 1114 721 temperans;
1203 659 1365 704 noctu
1435 661 1564 703 vero
1635 647 1881 702 columna
1949 644 2092 716 ignis

510 744 840 803 exsisteret?
873 743 1013 808 Quin
1059 739 1222 796 etiam
1272 756 1394 794 cum
1433 739 1690 808 perfectis
1744 740 1809 793 lis
1851 751 1971 806 ηοω
2021 737 2088 791 ad

511 847 756 894 nostram
792 835 1024 890 salutem
1061 835 1369 904 dispensata
1404 831 1642 898 fuerant,
1677 831 1729 884 in
1775 832 1973 884 coelum
2004 843 2090 884 re-

511 946 731 1000 gressus
775 938 856 984 est
896 926 1181 993 Dominus,
1229 925 1400 980 nubes
1435 939 1559 979 eum
1614 923 1850 992 suscepit
1875 922 1988 991 (65)
2016 922 2090 989 ³³ς

515 1029 628 1076 haec
657 1033 839 1074 autem
871 1027 992 1073 erat
1025 1017 1263 1088 Spiritus
1290 1026 1534 1072 sanctus.
1569 1013 1703 1070 Cum
1733 1029 1860 1067 vero
1895 1015 1948 1067 in
1980 1028 2114 1066 mar

508 1115 710 1184 jestatc
742 1111 924 1166 veniet
949 1111 1290 1181 iudicaturus
1337 1108 1649 1163 universum
1685 1108 1965 1171 mundum,
1996 1121 2093 1176 per

513 1205 710 1258 nubem
751 1216 781 1257 e
816 1201 956 1257 caelo
998 1200 1290 1255 descendet
1321 1198 1389 1253 “.
1444 1198 1542 1253 Ubi
1597 1211 1724 1252 vero
1770 1198 1929 1250 nubis
1977 1197 2094 1263 ejus

512 1311 634 1365 qua:
676 1295 880 1350 nostris
902 1303 988 1348 est
1011 1291 1221 1360 objecta
1248 1289 1522 1354 sensibus,
1555 1291 1952 1360 coagmentatio
1980 1289 2092 1360 (66)

510 1385 690 1439 locum
725 1386 796 1439 ibi
849 1384 1052 1438 habere
1103 1392 1303 1454 potest,
1339 1382 1452 1448 ubi,
1493 1392 1552 1436 ut
1601 1381 1678 1436 ait
1725 1380 2089 1450 apostolorum

513 1476 836 1547 corypbzeus
860 1476 927 1540 ³⁸,
961 1473 1141 1529 omnia
1189 1473 1312 1540 igne
1344 1471 1774 1527 contabescent?
1826 1471 1929 1526 Sed
1963 1471 2091 1540 quid

511 1584 650 1639 opus
700 1579 783 1622 est
813 1566 1027 1637 longius
1060 1565 1322 1636 provehi?
1359 1579 1483 1619 cum
1514 1572 1702 1619 testem
1736 1564 1911 1632 ipsum
1942 1563 2091 1632 Apo-

511 1662 710 1716 stolqu
767 1661 972 1732 possim
1025 1659 1362 1730 producere,
1411 1657 1505 1728 qui
1531 1656 1597 1710 ad
1647 1655 1904 1711 Hebraeos
1959 1654 2095 1709 scri-

511 1753 646 1810 bens
693 1753 810 1825 (67)
864 1752 934 1808 de
964 1752 1162 1824 priscis
1227 1751 1474 1821 patribus
1535 1749 1588 1804 in
1647 1750 1874 1802 transitu
1923 1745 2093 1800 Rubri

511 1845 681 1899 maris
716 1862 731 1900 :
762 1843 985 1915 Figura,
1017 1842 1219 1910 inquit,
1269 1851 1386 1898 erat
1432 1856 1582 1896 mare
1612 1855 1788 1910 aqua},
1821 1849 1874 1894 et
1925 1838 2096 1895 nubes

2194 645 2539 716 ἀνεφοίτησε,
2566 645 2765 715 νεφέλη
2793 645 3060 698 ὑπέλαϐεν
3084 647 3258 711 αὑτὸν,
3280 647 3367 718 ἥδε
3379 643 3438 719 ἦν
3459 651 3509 703 τὸ
3525 653 3656 705 Πνεῦ-

2197 760 2274 813 μα
2297 746 2354 795 τδ
2383 742 2557 809 ἅγιον.
2589 741 2698 794 Καὶ
2723 741 2812 794 ὅτε
2833 740 2890 793 δὲ
2912 741 3030 810 ἥξει
3067 741 3204 812 μετά
3250 741 3393 812 δόξης
3431 744 3578 812 κρίναι
3610 747 3658 799 τὰ

2195 836 2510 902 σύμπαντα,
2553 831 2640 884 διὰ
2679 833 2912 902 νεφέλης
2967 831 3026 896 ἐξ
3075 831 3298 902 οὐρανοῦ
3352 834 3656 906 καταϐήσεται.

2194 926 2304 978 Ποῦ
2335 925 2392 977 δὲ
2413 925 2642 994 νεφέλης
2666 924 2933 994 αἰσθητῆς
2957 925 3075 976 τότε
3101 924 3364 988 σύστασις,
3387 926 3540 991 ὁπότε,
3559 934 3657 983 κατι

2195 1017 2286 1070 τὸν
2313 1019 2608 1086 κορυφαῖον
2653 1016 2973 1078 ἀπόστολον,
3015 1015 3119 1068 ὑπὸ
3181 1017 3342 1085 πυρὸς
3372 1017 3520 1070 πάντα
3537 1023 3658 1092 τακῆ-

2200 1124 2391 1174 σεται;
2424 1107 2590 1160 Ἀλλά
2624 1106 2676 1160 τί
2705 1108 2787 1161 δεῖ
2815 1109 3224 1177 μακρηγορεῖνς
3256 1108 3515 1176 δυνάμενον
3532 1128 3659 1181 παρσ-

2199 1197 2394 1268 στῆσαι
2424 1199 2515 1252 τὸν
2537 1198 2861 1253 Ἀπόστολον
2890 1198 3165 1269 μάρτυρα,
3191 1198 3248 1262 ὃς
3290 1198 3526 1269 Ἑϐραίοις
3567 1203 3661 1269 γρό.

2199 1306 2314 1357 φων
2347 1289 2474 1360 περὶ
2506 1289 2603 1359 τῆς
2625 1289 2736 1342 τῶν
2768 1290 3053 1360 προγόνων
3108 1291 3165 1342 ὲν
3217 1292 3279 1360 τῇ
3307 1291 3514 1360 Ἐρυθρᾷ
3529 1291 3660 1344 διαδά-

2198 1395 2356 1444 σεως,
2390 1379 2568 1442 Τόπος
2593 1376 2681 1448 ἦν,
2719 1380 2904 1451 φησὶν,
2942 1381 2974 1451 η
3007 1379 3246 1434 θάλασσα
3277 1381 3363 1433 τοῦ
3391 1380 3560 1446 ὓδατος,
3584 1383 3658 1453 ἡδὲ

2196 1471 2392 1543 νεφέλη
2430 1471 2526 1524 τοῦ
2566 1472 2905 1542 Πνεύματος.
2942 1473 3317 1544 Παρείκασται
3342 1473 3393 1527 δὲ
3443 1473 3598 1545 νεφέλῃ
3621 1475 3660 1527 tl

2197 1561 2420 1631 Πνεῦμα
2443 1560 2502 1614 τὸ
2532 1561 2714 1628 ἅγιον,
2743 1563 2834 1616 διά
2863 1563 2958 1618 τὸν
2987 1564 3193 1635 ὄμϐρον
3219 1565 3321 1618 τῶν
3369 1565 3658 1636 χαρισμάτων,

2195 1649 2254 1703 δν
2287 1649 2572 1716 ὲπιϐλύξει
2613 1652 2932 1724 ποταμηδδν
2970 1657 3086 1719 τοῖς
3126 1653 3440 1708 πιστεύουσι.
3466 1654 3658 1723 Λυθείσης

2193 1738 2289 1795 οὖν
2309 1743 2408 1812 τῆς
2427 1742 2539 1795 τῶν
2586 1746 3065 1815 πνευματομάχων
3105 1744 3382 1816 ἀνισχύρου
3407 1745 3657 1816 προτάσεως,

2197 1834 2332 1907 φέρε
2373 1837 2470 1888 καὶ
2502 1835 2602 1907 τὴν
2633 1835 2780 1900 λέξιν
2820 1837 2993 1906 αὐτὴν
3021 1837 3376 1909 ἐξετάσωμεν.

511 1936 754 2008 Spiritus
778 1936 844 1990 ⁸⁸.
876 1936 1224 1990 Assimilatur
1252 1948 1413 2003 porro
1448 1935 1574 1988 nubi
1642 1933 1880 2003 Spiritus
1941 1939 2164 1986 sanctus
2203 1939 2426 2000 propter
2479 1931 2780 2001 gratiarum
2844 1932 3072 1988 imbrem
3099 1973 3114 1997 ,
3170 1949 3323 2003 quem
3378 1934 3521 1987 instar
3562 1929 3659 1985 ﬂuvii

510 2042 675 2099 super
727 2026 1014 2084 credentes
1073 2023 1319 2099 ell‘undit.
1383 2025 1567 2080 Soluta
1639 2026 1803 2097 igitur
1866 2025 2082 2080 inﬁrma
2160 2023 2458 2092 quaestione
2513 2022 2952 2078 adversariorum
3030 2023 3196 2096 408
3256 2024 3467 2094 Spiritus
3512 2025 3657 2084 sancti.

511 2137 610 2192 age
637 2121 745 2192 jam
777 2119 1066 2174 dictionem
1104 2094 1277 2186 ipsam
1316 2119 1702 2174 excutiamus.‘

606 2233 623 2266 ι
667 2213 736 2267 Ει
774 2211 1192 2281 transﬁguratus
1227 2218 1309 2265 est
1343 2219 1470 2265 ante
1509 2226 1623 2276 eos,
1660 2222 1714 2267 et
1759 2209 2097 2282 resplendnit

515 2307 684 2363 facies
714 2305 839 2374 ejus
872 2303 1013 2358 sicut
1058 2302 1158 2357 sol.
1193 2319 1212 2354 ι
1262 2302 1541 2358 lnsolitum
1591 2305 1692 2359 lioc
1739 2304 2098 2374 transﬁgura-

515 2399 678 2454 tionis
709 2395 1030 2451 miraculum
1082 2391 1179 2450 sic'
1201 2403 1284 2450 est
1319 2395 1747 2466 intelligendum,
1799 2411 1906 2450 non
1953 2394 2096 2466 quod

516 2491 703 2561 figura:
738 2487 988 2551 mutatio,
1025 2486 1109 2541 vel
1156 2488 1413 2553 variatio,
1452 2489 1592 2542 facta
1627 2489 1719 2553 sit,
1758 2488 1852 2542 sed
1885 2503 1946 2542 ea
1977 2503 2095 2541 ma-

516 2589 679 2636 nente
729 2588 792 2634 ut
838 2589 955 2632 erat
998 2576 1171 2648 prius,
1205 2577 1633 2633 additamentum
1669 2579 1807 2634 lucis
1855 2593 1974 2647 quae
1998 2591 2096 2631 ex-

513 2669 703 2740 plicari
773 2668 954 2723 verbis
1023 2667 1110 2721 vix
1172 2671 1369 2738 queat},
1415 2670 1727 2722 accesserit.
1785 2667 1899 2722 Etsi
1969 2682 2097 2722 vero

503 2763 777 2834 {ulgorem
812 2761 959 2816 illum
989 2760 1101 2814 oris
1133 2776 1256 2814 cum
1290 2761 1400 2816 sole
1427 2761 1704 2832 componit
1730 2762 2096 2832 Evangelista,

514 2855 644 2910 solis
689 2863 874 2908 tamen
925 2852 1104 2906 radios
1148 2852 1464 2922 longissime
1515 2853 1605 2907 lux
1656 2853 1746 2908 illa
1783 2856 2094 2924 superabat.

509 2950 669 3016 Quod
697 2957 878 3002 autem
914 2947 966 3000 in
1013 2945 1305 3001 sensilibus
1355 2947 1516 2998 rebus
1547 2945 1743 2999 melius
1790 2944 2096 3016 exemplum

2279 2226 2298 2260 ι
2324 2208 2430 2261 Καὶ
2455 2209 2858 2280 μετεμορφώθη
2881 2209 3192 2280 ἔμπροσθεν
3207 2211 3373 2266 αὐτῶν
3391 2253 3402 2275 ,
3422 2215 3497 2265 καὶ
3521 2213 3662 2282 ἔλαμψε

2197 2300 2258 2354 τὸ
2293 2301 2586 2369 πρόσωπον
2618 2303 2806 2368 αὑτοῦ,
2839 2303 2916 2366 ώς
2946 2305 2974 2356 ὁ
2996 2304 3169 2374 ἥλιος.
3210 2323 3228 2356 ι
3266 2305 3334 2357 Τὸ
3363 2305 3449 2376 τῆς
3471 2324 3664 2376 parump-

2199 2387 2426 2458 φώσεως
2476 2390 2663 2460 θαῦμα
2731 2392 3042 2462 παράδοξον
3087 2392 3230 2446 οὕτω
3257 2397 3583 2464 νοητέονοοῦχ
3613 2399 3664 2451 ὅτι

2198 2480 2292 2535 τοῦ
2318 2482 2666 2554 χαρακτῆρος
2716 2483 3038 2554 μεταλλαγὴ
3062 2487 3156 2538 καὶ
3187 2487 3481 2556 μεταμειψις
3497 2489 3664 2554 γέγονε-λ,

2199 2573 2418 2628 ἀλλ’ὅτι
2451 2575 2758 2645 μείναντος,
2821 2576 3013 2646 ὥσπερ
3057 2578 3152 2631 καὶ
3207 2581 3462 2649 πρότερον,
3501 2583 3664 2652 ἀρρήτου

2201 2668 2381 2736 φωτὸς
2442 2668 2734 2740 προσθήκη
2770 2669 3121 2739 ἐπιγέγονεν.
3178 2672 3238 2725 Εἰ
3294 2674 3345 2726 δὲ
3389 2674 3469 2727 καὶ
3494 2675 3569 2742 τὴν
3606 2673 3664 2726 τιὸ

2202 2759 2498 2830 προσώπου
2524 2761 2848 2832 λαμπηδόνα
2869 2765 2897 2816 ὁ
2917 2763 3314 2836 εὐαγγελιστὴς
3336 2769 3666 2839 συγκρίνειπρὸς

2201 2853 2375 2922 ἥλιον,
2408 2853 2545 2907 ἀλλὰ
2571 2856 2714 2907 κατά
2747 2854 2882 2909 πολὺ
2913 2857 3017 2920 τὰς
3051 2858 3279 2928 ἡλιακὰς
3316 2861 3510 2922 ἀκτῖνας
3529 2859 3572 2910 τὸ
3593 2859 3667 2925 φῶς

2202 2947 2380 2998 ἐκεῖνο
2408 2946 2717 3017 παρήλασε.
2745 2946 2833 3019 Τῷ
2863 2949 2920 3002 δὲ
2954 2949 3035 3022 μὴ
3060 2952 3239 3021 εὑρεῖν
3265 2953 3318 3005 ὲν
3346 2955 3444 3016 τοῖς
3477 2951 3668 3020 αἰσθητοῖς

517 3056 624 3094 non
652 3050 736 3094 est
772 3039 1036 3108 reperire,
1072 3051 1201 3092 cum
1244 3036 1702 3105 prmstantissimo
1747 3052 1934 3090 eorum
1981 3051 2070 3104 qu:

2123 3036 2168 3098 C
2203 3035 2391 3105 μεῖζον
2424 3037 2809 3109 παράδειγμα,
2852 3039 2930 3109 τῷ
2958 3041 3238 3111 κρείττονι
3261 3043 3360 3096 τῶν
3385 3044 3611 3115 ὁρωμένων
3631 3043 3667 3092 τὴ

509 3131 790 3196 uidentur,
855 3128 986 3182 illud
1045 3127 1373 3182 miraculum
1434 3127 1686 3182 contulit.
1740 3126 1891 3194 Quod
1954 3128 2098 3182 enim

517 3217 650 3274 solis
677 3217 796 3272 luce
827 3217 1164 3287 splendidius
1214 3215 1544 3286 fulgurarit,
1587 3216 1974 3288 discipulorum
2013 3219 2098 3270 in-

515 3313 666 3367 dicat
704 3325 897 3377 casus;
940 3324 1101 3366 nemo
1150 3310 1294 3366 enim
1344 3309 1583 3365 concidit
1636 3309 1767 3364 solis
1814 3309 2100 3379 splendore

516 3423 824 3478 percussus.
859 3405 1035 3462 Sensu
1069 3419 1197 3460 vero
1228 3406 1401 3475 magis
1434 3405 1663 3476 mystico
1690 3404 1860 3460 facies
1891 3404 2101 3460 Christi

517 3499 868 3568 resplendens
917 3506 976 3553 ut
1035 3498 1154 3562 sol,
1209 3497 1380 3568 ipsius
1447 3497 1700 3552 divinitas
1760 3505 1861 3552 est.
1924 3497 2099 3553 Vesti-

516 3603 700 3646 menta
747 3599 927 3644 atrtem
979 3589 1147 3658 ipsius
1196 3591 1338 3644 facta
1372 3597 1429 3644 ut
1473 3589 1582 3652 lux,
1618 3590 1791 3658 ipsum
1831 3590 1973 3658 quod
2006 3605 2096 3642 as-

518 3683 759 3752 sumpsit
794 3697 1016 3752 corpus.
1050 3680 1157 3736 Sed
1188 3681 1346 3737 sicuti
1379 3680 1522 3735 aliud
1552 3691 1636 3736 est
1661 3681 1766 3746 sol,
1798 3682 1943 3736 aliud
1969 3697 2099 3736 vero

517 3771 632 3837 hx,
665 3781 892 3842 utraque
921 3781 1100 3826 tamen
1139 3785 1354 3841 semper
1383 3772 1534 3825 unita
1565 3779 1803 3836 manent,
1839 3773 1910 3825 ita
1934 3786 2098 3841 supra

517 3873 730 3920 natura:
777 3864 1042 3918 rationem
1073 3865 1222 3917 unita
1251 3864 1519 3918 divinitati
1549 3880 1698 3929 caro,
1731 3875 1784 3920 et
1816 3881 1918 3919 una
1952 3879 2099 3918 com-

520 3957 694 4025 posita
724 3955 1035 4026 ltypostasis
1067 3954 1179 4027 (68)
1212 3954 1356 4009 facta
1388 3957 1768 4024 inseparabilis
1795 3966 2096 4026 permanet.

517 4045 690 4113 Igitur
739 4045 808 4097 de
858 4044 1138 4098 divinitate
1177 4043 1408 4112 loquens
1447 4057 1512 4098 eo
1548 4045 1689 4110 quod
1730 4042 1993 4110 simplex,
2047 4051 2100 4095 et

517 4151 718 4206 expers
746 4135 1161 4204 compositionis
1189 4137 1284 4199 sit,
1318 4134 1669 4206 singulariter
1701 4135 1892 4189 faciem
1921 4135 2096 4199 dixit;

515 4226 584 4281 de
630 4241 795 4281 carne
827 4241 955 4282 vero
995 4234 1216 4296 propter
1260 4225 1619 4280 diﬂercntiam
1680 4225 2096 4292 elementorum,

516 4321 800 4391 pluraliter
844 4321 1187 4380 vestimenta.
1238 4319 1307 4374 Et
1349 4319 1605 4389 quoniam
1638 4315 1800 4373 Verbi
1839 4319 2098 4374 divinitas

517 4427 620 4464 nec
667 4411 928 4478 temporis
975 4411 1296 4479 principium
1333 4410 1542 4474 habuit,
1597 4425 1772 4478 neque
1799 4409 1941 4464 facta
1989 4420 2097 4474 est,

518 4503 702 4555 divina
733 4515 863 4554 vero
915 4502 1051 4570 ipsis
1097 4515 1225 4556 caro
1288 4503 1516 4570 tempori
1567 4504 1808 4568 subjecta
1856 4512 1910 4557 et
1954 4501 2096 4557 facta

517 4593 642 4659 fuit,
704 4604 1105 4663 consequenter
1148 4593 1221 4648 de
1267 4593 1402 4654 facie
1455 4611 1575 4649 cum
1619 4596 1934 4663 loqueretur
1989 4609 2094 4649 non

518 4687 685 4741 dixit:
716 4684 881 4741 Facta
917 4683 1038 4751 fuit,
1076 4685 1171 4740 sed
1214 4681 1592 4753 Resplenduit;
1639 4685 1706 4739 de
1757 4684 2096 4738 vestimentis

519 4785 697 4832 autem
735 4776 890 4843 dixit,
916 4778 1058 4848 quod
1082 4775 1257 4830 Facta
1280 4784 1425 4843 sunt,
1471 4791 1564 4845 per
1599 4785 1887 4844 utrumque
1921 4776 2094 4843 signi-

2125 4375 2177 4435 D

2203 3126 2393 3197 θαῦμα
2435 3128 2798 3198 παρείκασεν.
2834 3131 2959 3185 Ὅτι
2992 3133 3112 3204 γὰρ
3149 3135 3288 3207 ὑπὲρ
3311 3136 3366 3188 τὸ
3392 3135 3572 3206 ἡλιακὸν
3595 3133 3667 3201 φὼς

2201 3217 2588 3290 ἀπήστραψεν,
2615 3221 2819 3288 ἔδειξεν
2849 3225 2882 3294 ὴ
2906 3225 3017 3279 τῶν
3050 3227 3357 3280 ἀποστόλων
3377 3227 3663 3286 κατάπτωσιςο

2200 3310 2374 3375 οὐδεὶς
2403 3311 2514 3383 γὰρ
2548 3313 2653 3366 ὑπὸ
2700 3311 2801 3384 τῆς
2830 3316 3068 3388 ἡλιακῆς
3103 3320 3418 3373 καταπίπτει
3441 3317 3664 3388 λαμπρότη”

2197 3421 2313 3468 τος.
2345 3404 2502 3457 Κατά
2518 3404 2576 3458 δὲ
2601 3407 3021 3478 μυστικώτερον
3052 3410 3227 3481 λόγον,
3253 3413 3508 3482 πρόσωπον
3523 3410 3594 3478 μὲν
3606 3406 3663 3458 τιῦ

2199 3497 2436 3567 Χριστοῦ
2470 3497 2710 3570 λάμπον,
2749 3501 2824 3562 ώς
2871 3500 3044 3572 ἥλιος,
3089 3504 3124 3574 η
3170 3503 3327 3557 αὐτοῦ
3360 3503 3536 3572 θεότης.
3571 3500 3666 3566 'lpi-

2197 3607 2286 3642 τια
2308 3591 2365 3642 δὲ
2396 3593 2664 3660 γεγονότα
2691 3591 2858 3646 αὑτοῦ
2891 3592 2968 3656 ώς
3000 3595 3141 3664 φῶς,
3165 3596 3293 3648 αὐτὸ
3324 3594 3378 3647 τὸ
3413 3595 3560 3663 σῶμα,
3579 3590 3664 3641 δάν-

2200 3678 2447 3734 ελάὅετο.
2493 3681 2634 3735 Ἀλλ’
2661 3682 2851 3754 ὥσπερ
2878 3682 3011 3738 ἄλλο
3054 3685 3154 3756 μὲν
3175 3689 3202 3739 ό
3229 3686 3388 3756 ἣλιος,
3411 3679 3666 3754 ἕτερονδΗὸ

2201 3772 2339 3841 φῶς,
2366 3773 2639 3828 ὲνωθέντα
2678 3792 2744 3844 γε
2783 3775 2890 3848 μὴν
2922 3776 3213 3848 ἀμφότερα
3249 3778 3391 3847 μένει
3415 3776 3488 3828 διὰ
3512 3770 3662 3829 παντὸς.

2200 3857 2374 3921 οὕτως
2408 3859 2550 3930 ὑπὲρ
2591 3860 2751 3930 φύσιν
2776 3863 3044 3918 ὲνωθεῖσα
3082 3865 3114 3934 ἡ
3159 3864 3294 3935 σὰρξ
3321 3867 3379 3935 τῇ
3406 3858 3667 3931 θεὸτητιμλὶ

2203 3947 2303 4016 μία
2337 3945 2593 4012 σύνθετος
2624 3953 2886 4018 γεγονυῖα
2921 3952 3254 4019 ὑπόστασις,
3287 3953 3503 4021 διαμένει
3527 3947 3666 4016 ἀχώρι-

2213 4055 2358 4102 στος.
2390 4040 2516 4093 Ἐπὶ
2568 4041 2669 4110 μὲν
2711 4039 2804 4096 οὖν
2872 4044 2972 4114 τῆς
3000 4044 3272 4115 θεότητος,
3306 4045 3387 4098 διὰ
3435 4043 3485 4097 τὸ
3529 4038 3667 4096 ἁπλοῦν

2201 4132 2293 4184 καὶ
2313 4132 2627 4201 ἀσύνθετον,
2662 4135 2857 4199 ἑνικῶς
2907 4132 3032 4191 εἶπε
3090 4139 3375 4210 πρόσωπον
3396 4153 3410 4171 ο
3438 4137 3512 4189 ἐπὶ
3533 4134 3578 4188 δὲ
3601 4131 3665 4198 τῆς

2203 4227 2426 4296 σαρκὸς,
2444 4226 2531 4279 διὰ
2557 4227 2616 4280 τὸ
2645 4227 2754 4280 τῶν
2781 4231 3068 4300 στοιχείων
3090 4231 3362 4302 διάφορον,
3383 4223 3666 4300 πληθυντικῶς

2201 4317 2270 4370 τὰ
2301 4317 2514 4387 ἱμάτια.
2549 4319 2660 4372 Καὶ
2700 4319 2889 4391 ἐπειδὴ
2916 4323 2949 4391 ἡ
2975 4323 3075 4392 μὲν
3099 4327 3195 4377 τοῦ
3224 4323 3385 4391 Λόγου
3417 4322 3570 4389 θεότης
3588 4314 3668 4367 οὔτε

2207 4410 2466 4478 χρονικὴν
2519 4410 2679 4480 ἔσχεν
2713 4412 2910 4484 ἀρχὴν,
2955 4413 3080 4467 οὔτε
3115 4413 3475 4486 γέγονεν’-ᾐδὲ
3501 4409 3590 4464 θεία
3609 4407 3670 4460 αὖ·

2205 4500 2299 4553 τοῦ
2353 4502 2490 4572 σὰρξ
2525 4503 2628 4555 ὑπὸ
2673 4503 2886 4574 χρόνον,
2923 4508 3017 4559 καὶ
3059 4510 3283 4578 γενητὴ,
3337 4497 3669 4562 ἀκολοίιθωςὶπὶ

2209 4591 2308 4662 μὲν
2343 4591 2436 4645 τοῦ
2487 4595 2803 4663 προσώπου,
2827 4597 2926 4650 οὐκ
2968 4591 3145 4665 εἶπεν,
3184 4600 3452 4669 Ἐγένετο,
3477 4595 3583 4658 ἀλλ’.
3605 4590 3669 4650 Ἕ⁹

2202 4687 2427 4754 lapsura.
2464 4685 2544 4738 Τὰ
2570 4687 2626 4740 δὲ
2656 4689 2849 4756 ίμάτια
2895 4690 3061 4744 αὐτοῦ
3110 4711 3293 4762 φησιν,
3340 4696 3413 4746 ὅτι
3451 4687 3667 4761 Ἐγένετο,

2206 4776 2273 4827 δι’
2296 4779 2625 4849 ἀμφοτέρων
2646 4780 2895 4850 δηλώσας
2920 4782 3024 4854 τὴν
3072 4785 3324 4838 ἀκτιστον
3374 4783 3461 4853 τῆς
3493 4779 3669 4846 θεότητθὶ

590 4911 638 4944 ³³
675 4911 799 4967 Act.
832 4927 872 4978 ι,
908 4911 962 4967 9.
1037 4913 1084 4945 “
1125 4911 1316 4967 Matth.
1354 4927 1504 4977 xxrv,
1545 4911 1634 4966 ⁸50.
1714 4911 1758 4943 ’⁸
1800 4909 1819 4963 Ι
1852 4910 2002 4966 Petr.
2041 4929 2132 4980 ιιι,

1354 4927 1504 4977 xxrv,
1545 4911 1634 4966 ⁸50.
1714 4911 1758 4943 ’⁸
1800 4909 2002 4966 lPetr.
2041 4929 2132 4980 ιιι,
2176 4913 2258 4968 l2.
2309 4896 2384 4945 "‘
2425 4915 2601 4972 lCor.
2637 4933 2691 4983 ι,
2738 4919 2793 4984 2,
2829 4918 2885 4974 6.

1755 5027 2077 5090 Francisci
2111 5031 2320 5091 Scorsi
2367 5041 2552 5094 notte.

515 5146 925 5274 ὅθωΞὲιΝᾶιὲεε
951 5166 1066 5203 eum
1099 5151 1346 5218 suscepit.
1373 5149 1586 5203 Dictum
1611 5148 1818 5204 alLtim
1847 5153 1916 5206 ad
1943 5151 2090 5208 hom.

593 5256 1161 5360 {ssimcﬁémemaum
1201 5289 1343 5360 Lege
1378 5293 1623 5360 eamdem
1661 5301 1864 5345 notam.

612 5293 700 5360 66)
745 5293 1161 5359 Coagntentatio.
1201 5293 1343 5360 Lege
1378 5293 1623 5344 eannletn
1661 5301 1864 5345 notam.

585 5293 700 5433 E67)
744 5361 825 5414 Ad
879 5358 1128 5433 liebrwos
1156 5363 1418 5433 scribens.
1454 5359 1548 5415 Vel
1602 5361 1807 5416 librarii
1844 5373 2087 5419 erratum

517 5431 606 5485 vel
619 5433 1029 5502 thttciOItattiris
1055 5431 1360 5502 ἁμάρτημα
1394 5433 1751 5502 μνημονικὸν,
1775 5433 1923 5487 locus
1945 5436 2088 5490 enim

521 5515 583 5552 ex
617 5501 789 5565 Epist.
823 5502 840 5554 ι
874 5506 941 5555 ad
967 5503 1100 5557 Cor.
1128 5501 1247 5570 cap.
1285 5519 1336 5567 χ,
1370 5501 1568 5557 nonad
1608 5502 1772 5556 llebr.

2205 5153 2291 5233 nis
2327 5156 2599 5233 doctrina
2650 5161 3138 5233 scholasticorum;
3196 5164 3248 5219 id
3306 5161 3434 5233 quod
3475 5156 3599 5233 etiam
3632 5149 3665 5233 is

2205 5223 2454 5280 Cortfess.
2483 5227 2602 5281 ﬁdei
2659 5231 2860 5286 Justiti.
2900 5219 3266 5302 imperanda:
3292 5219 3369 5287 est
3395 5234 3438 5284 in
3475 5226 3506 5281 ν
3534 5219 3663 5302 ξῐηθδο

2203 5309 2402 5372 (actim.
2438 5313 2756 5372 expressum
2807 5315 2892 5358 est
2913 5323 2926 5358 :
2951 5297 3112 5359 ’Ὅθεν
3138 5297 3196 5370 ἐξ
3223 5305 3465 5370 ἑκατέρας
3482 5297 3664 5372 Fosi“

2199 5363 2586 5446 τομτέστινξὲκ
2623 5370 2877 5446 Θεότητος
2902 5379 2992 5428 καὶ
3037 5363 3453 5446 ἀνθρξιιπίῧτητος,
3476 5363 3552 5446 ξφα
3574 5363 3664 5446 X9}:

2200 5437 2325 5514 στὸν
2379 5437 2635 5514 σύνθετον
2653 5437 2967 5514 νλέῨοπες,
3015 5437 3276 5514 σύγίυσιν
3325 5437 3378 5496 ἐν
3415 5441 3568 5514 suum
3598 5437 3663 5514 οὑξ

2198 5507 2589 5584 ἐπεισάγομεν.
2647 5507 2796 5566 Unde
2847 5507 3178 5584 exiulraqt't'e
3226 5525 3421 5568 natura.
3450 5510 3494 5562 id
3530 5514 3588 5584 (ἕξ
3620 5511 3661 5549 ⁸³

598 5571 710 5638 (68)
754 5570 820 5624 Et
854 5589 974 5654 una.
1004 5574 1294 5654 compositu
1318 5575 1637 5654 ltpposlasis.
1671 5575 1961 5654 plurmum
1987 5574 2092 5654 dici
2191 5576 2385 5630 deitate
2410 5570 2480 5654 ’ᾳὶ
2510 5581 2840 5654 [inmanitate
2868 5570 3155 5650 Christum,
3205 5584 3512 5654 compositum
3537 5574 3662 5628 dicen-

519 5654 679 5708 posse
736 5645 1092 5708 compositum
1145 5659 1210 5697 ex
1265 5645 1474 5698 duabus
1507 5644 1715 5697 naturis
1740 5646 1992 5698 concedit
2024 5644 2088 5698 Ι).

515 5706 778 5781 Thomas,
801 5706 944 5778 part.
981 5728 1064 5777 tu,
1101 5723 1294 5782 quaest.
1321 5713 1377 5778 ‘2,
1413 5725 1518 5769 art.
1545 5713 1599 5777 4,
1633 5723 1689 5768 et
1725 5723 1808 5770 est
1839 5728 2088 5768 commu-

2193 5657 2290 5712 tes,
2323 5652 2679 5717 confusionem
2713 5657 2943 5712 umtiom‘
2983 5675 3085 5714 non
3115 5652 3484 5712 introducimus.
