3934 6222
286 296 421 363 ton
1134 253 1139 257 ’
1665 301 1826 361 110M

1987 345 1991 357 .
2049 302 2196 364 LIX.
3403 311 3540 376 1042

283 410 587 479 ῳύσιν,καὶ
615 410 716 479 τὴν
749 409 964 477 γένεσιν
1014 409 1107 462 τοῦ
1153 409 1606 480 προσλήμυατος.
1661 412 1836 478 Γέγονη

1982 412 2166 478 icans,
2207 425 2263 469 et
2319 424 2566 470 naturam
2620 417 2916 474 divinitatis
2965 419 3296 486 inereatam,
3349 434 3401 475 et
3451 442 3535 477 as-

283 504 395 572 γάρ
430 502 506 564 ὡς
535 501 753 570 άληθῶς
786 504 817 570 ἡ
854 502 986 568 άγία
1011 501 1106 554 τοῦ
1140 503 1312 571 Λόγου
1347 504 1482 572 σὰρξ
1510 503 1583 566 ὡς
1606 507 1741 573 φῶς.
1765 506 1836 558 ἄτη

1981 516 2191 576 ιιιιιιριεο
2251 510 2604 564 humanitatis
2657 512 3111 579 procreationem.
3171 513 3335 566 Facta
3391 514 3534 568 enim

286 594 508 664 καθαρὰ
542 596 636 646 καὶ
691 595 862 664 ῥύπου
911 596 1114 658 παντὸς
1162 596 1546 667 ἀνεπίμικτος.
1597 599 1839 664 Σαφέστε

1987 613 2152 652 ὀνεηι
2196 609 2283 654 est
2322 611 2506 656 sancta
2546 602 2690 656 illius
2719 617 2848 656 caro
2878 603 3015 657 sicut
3045 601 3158 668 lux,
3193 611 3375 670 utpote
3407 619 3540 672 pura

290 704 384 756 ρον
415 686 472 739 δὲ
493 685 652 738 τοῦτο
674 687 734 738 τὸ
764 686 943 756 νόημα
971 689 999 740 6
1029 687 1172 752 θεῖος
1225 689 1453 758 Μάρκος
1486 691 1839 759 παρέστησεν

1990 697 2018 741 τι
2066 688 2134 743 ab
2188 690 2331 743 omni
2387 707 2608 759 prorsus
2665 691 2783 745 labe
2837 691 3103 759 sejuncta.
3153 691 3368 746 Clarius
3417 707 3543 747 vero

286 776 463 839 οὕτως
489 778 659 830 είπών
680 794 694 808 ο
728 797 750 829 ι
771 779 1022 847 Ἐγένετο
1056 780 1127 833 τὰ
1156 781 1348 849 ἱμάτια
1378 782 1544 835 αὑτοῦ
1581 783 1839 836 στίλϐοντ‹

1987 781 2291 833 .ententiam
2325 780 2464 833 hanc
2498 783 2654 836 divus
2685 781 2898 836 Marcus
2933 784 3169 838 ostendit
3201 785 3280 838 sic
3317 784 3540 839 dicens:

287 869 410 922 λίαν
442 868 608 921 λευ-κά
644 869 779 922 ὡσεὶ
828 870 984 939 χιὼν,
1012 870 1100 924 οἷα
1149 875 1388 940 γναφεὺς
1411 875 1503 928 ἐπὶ
1543 875 1642 944 τῆς
1673 876 1775 944 γῆς
1805 893 1840 926 οι

2029 872 2363 928 VeStimenta
2391 874 2507 943 ejus
2554 873 2692 929 facta
2745 885 2868 928 sunt
2914 876 3272 943 splendentia,
3313 886 3367 930 et
3414 893 3546 932 cart-

287 960 516 1013 δύναται
563 959 847 1023 λευκᾶναι,
889 981 907 1012 ι
936 967 1166 1032 γναφεῖς
1190 963 1364 1032 λέγων
1407 967 1535 1030 τοὺς
1581 968 1836 1036 προφῆτα

1995 964 2090 1016 lida
2125 963 2286 1018 nimis
2319 965 2460 1018 sicut
2491 966 2604 1030 nix,
2631 967 2808 1036 qualia
2843 965 2972 1019 fullo
3013 983 3136 1020 non
3157 977 3334 1036 potest
3383 982 3548 1035 super

290 1054 391 1106 καὶ
412 1053 682 1122 κήρυκας,
721 1047 796 1106 ὧν
844 1055 1020 1119 οὐδεὶς
1085 1057 1228 1111 οὕτω
1279 1059 1541 1112 λευκᾶναι
1570 1060 1671 1131 τὴν
1703 1059 1843 1128 φύσιε

1993 1070 2170 1109 crram
2223 1045 2451 1109 candida
2507 1057 2686 1110 facere
2711 1059 2775 1122 ³⁷,
2817 1077 2834 1109 ι
2877 1058 3107 1112 fullones
3166 1074 3368 1112 vocans
3417 1075 3546 1125 pro—

289 1145 404 1198 τῶν
433 1144 742 1216 ἀνθρώπων
775 1147 1017 1216 ἴσχυσεν,
1049 1149 1123 1212 ὡς
1159 1152 1186 1203 6
1209 1149 1414 1221 Κύριος
1465 1152 1543 1222 τῷ
1589 1153 1727 1220 φωτὶ
1769 1155 1842 1224 τῆ

1996 1146 2167 1200 »Ιιειιιε
2219 1155 2272 1200 et
2316 1162 2593 1216 praecones
2627 1190 2641 1214 ,
2677 1164 2907 1218 quorum
2960 1164 3116 1204 nemo
3166 1151 3247 1204 sic
3295 1149 3549 1204 dealbare

292 1237 556 1309 θεότητης
582 1237 910 1310 λαμπρύνας
933 1241 1128 1312 αύτήν.
1157 1243 1340 1314 Ταύτῃ
1373 1259 1457 1296 τοι
1503 1244 1596 1296 καὶ
1625 1243 1845 1315 κέκραγι

1993 1239 2155 1292 ietuit
2178 1248 2427 1294 naturam
2473 1241 2784 1306 humanam,
2844 1252 2902 1296 ut
2955 1243 3240 1306 Demintts,
3292 1245 3384 1309 qui
3429 1256 3546 1296 eant

294 1331 436 1400 πρὸς
501 1333 662 1385 αὐτὸν
707 1335 739 1402 ἡ
787 1331 1180 1404 ψαλμογράφος
1237 1337 1391 1407 φωνή
1434 1351 1447 1364 ’
1509 1355 1530 1389 ι
1574 1338 1634 1390 '0
1665 1337 1845 1391 ἀναὸα

1999 1329 2270 1383 livinitatis
2319 1330 2439 1384 luce
2471 1331 2742 1386 lustravit.
2775 1331 2885 1387 lloc
2913 1335 3077 1388 etiam
3116 1334 3274 1387 modo
3307 1331 3552 1386 Psalmo-

294 1424 526 1496 λόμενος
556 1424 695 1495 φῶς,
730 1426 806 1490 ὡς
841 1427 1080 1497 ἱμάτιον.
1124 1445 1151 1479 ι

1999 1425 2212 1493 ςτοριιυε
2258 1426 2324 1478 ad
2375 1426 2548 1494 ipsum
2601 1427 2871 1482 clamabat
2913 1445 2926 1482 :
2983 1446 3000 1479 ι
3048 1427 3168 1493 Qui
3209 1427 3441 1482 amictus
3494 1443 3552 1480 es

1972 1512 2179 1570 lumine
2209 1515 2351 1569 sicut
2383 1518 2707 1572 vestimento
2733 1519 2802 1572 ³⁸.
2838 1538 2856 1571 ι

370 1605 725 1676 Ἀποκριθεὶς
763 1605 824 1658 δὲ
878 1608 1086 1678 Πέτρος
1130 1604 1252 1662 εἷπε
1281 1609 1356 1680 τῷ
1380 1609 1586 1680 Ἰησοῦ·
1623 1629 1641 1662 ι
1673 1610 1868 1684 Κύριε,

2051 1602 2410 1673 Respondens
2442 1615 2620 1660 autem
2653 1606 2848 1664 Petrus
2894 1607 3167 1663 ad'Jesum
3197 1625 3210 1662 :
3248 1627 3267 1661 ι
3305 1607 3551 1673 Domine,

295 1695 466 1749 καλόν
488 1696 636 1748 ἐστιν
668 1696 818 1765 ἡμᾶς
855 1690 957 1748 ὦδε
997 1692 1158 1751 εἷναι.
1213 1699 1275 1752 Εί
1331 1699 1506 1761 θέλεις
1554 1702 1848 1770 ποιήσωμεε

2001 1711 2174 1752 nonum
2231 1708 2314 1754 est
2365 1713 2463 1752 nos
2505 1699 2593 1753 hie
2650 1713 2792 1755 esse.
2839 1701 3004 1772 409
3062 1701 3118 1756 Si
3153 1701 3260 1763 vis,
3289 1701 3554 1755 faciamus

294 1788 450 1854 τρεῖς
503 1787 732 1854 σκηνὰς,
774 1787 903 1856 μίαν
963 1805 1066 1855 σοι,
1095 1791 1182 1841 καλ
1219 1789 1350 1860 μίαν
1377 1792 1583 1855 Μωσεῖ,
1616 1793 1710 1844 καὶ
1743 1795 1841 1862 μία

2004 1789 2078 1842 ria
2115 1791 2486 1856 tabernacula,
2538 1791 2636 1845 tibi
2674 1807 2880 1860 unum,
2917 1794 3047 1847 Mosi
3100 1809 3289 1857 unum,
3324 1801 3380 1847 et
3427 1791 3555 1846 Elia:

297 1876 478 1949 Ἠλίᾳ.
511 1896 530 1930 ι
571 1879 667 1942 Τίς
705 1881 738 1950 ἡ
795 1879 1033 1948 τοσαύτη
1065 1881 1173 1933 τῶν
1203 1884 1478 1952 Λογισμῶν
1521 1884 1849 1955 ταπεινότης

2002 1896 2166 1935 mum.
2204 1900 2222 1934 ι
2261 1879 2543 1936 Undenam
2578 1881 2695 1936 lucc
2731 1889 2837 1934 tam
2872 1883 3104 1939 humiles
3148 1883 3511 1953 cogitationes
3537 1919 3555 1945 ,

301 1978 481 2048 Πέτρε
511 1978 780 2048 θαυμάσιε
809 1996 824 2044 ;
870 1979 928 2032 Ὀ
965 1980 1234 2048 πρότερον
1293 1980 1618 2050 δεδεγμένος
1646 1981 1745 2051 τὴν
1778 1981 1854 2034 τοί

2000 1985 2136 2037 ἐυ-ε
2165 1981 2482 2036 admirande
2515 1980 2678 2052 (69)?
2730 1982 3042 2049 Quinnper
3081 1989 3304 2048 accepta
3344 1977 3553 2033 revela-

303 2070 521 2140 Πατρὸς
553 2070 924 2139 ἀποκάλυψιν,
955 2072 1049 2124 καὶ
1072 2072 1198 2125 Υίὸν
1237 2073 1330 2124 τοῦ
1364 2073 1503 2126 Θεοῦ
1535 2073 1631 2128 τοῦ
1674 2073 1856 2137 ζῶντος

2004 2079 2126 2132 ione
2180 2077 2418 2147 Spiritus
2477 2079 2654 2133 sancti
2708 2078 2904 2132 Filium
2965 2077 3069 2148 Dei.
3105 2076 3229 2130 vivi.
3267 2076 3557 2132 Dominum

303 2162 583 2229 ὀνομάσας
626 2163 717 2215 τὸν
750 2163 974 2231 Κύριον,
1019 2164 1113 2216 καὶ
1157 2165 1254 2234 τῆς
1284 2167 1522 2236 γενητῆς
1562 2166 1742 2236 πάσης
1771 2167 1856 2236 φύ-

2014 2169 2288 2240 ppellasti,
2322 2180 2376 2224 et
2407 2183 2572 2239 super
2602 2185 2818 2224 omnem
2852 2181 3090 2224 creatam
3137 2179 3388 2223 naturam
3434 2183 3558 2223 cum

309 2271 448 2316 σεως
474 2255 755 2324 ὑπεράρας
779 2255 962 2321 αὑτὸν,
992 2255 1088 2307 νῦν
1110 2259 1221 2320 τοῖς
1255 2257 1464 2320 δούλοις
1497 2259 1862 2330 συναριθμεῖς1

2007 2260 2246 2325 :xlulisti,
2281 2275 2428 2315 nunc
2459 2275 2582 2315 eum
2614 2261 2752 2315 dicis
2782 2261 2838 2314 in
2870 2273 3098 2314 numero
3127 2273 3409 2313 servorum
3439 2296 3454 2321 ,
3503 2266 3560 2312 et

307 2347 406 2400 καὶ
461 2350 574 2410 τοῖς
621 2351 928 2418 προφήταις
987 2350 1253 2420 ὁμότιμον
1311 2352 1595 2418 τέθεικας;
1631 2353 1703 2406 Τὸ
1768 2355 1860 2422 γὰι

2005 2368 2035 2406 ιι
2069 2351 2263 2420 aequali
2297 2367 2418 2406 eum
2445 2351 2725 2421 prophetis
2748 2351 3016 2421 dignitate
3045 2349 3378 2406 constituis?
3405 2349 3557 2416 Quod

307 2455 330 2488 ο
365 2441 680 2508 ποιήσωμεν
706 2443 852 2508 τρεῖς
882 2439 1110 2509 σκηνὰς,
1151 2459 1170 2492 ι
1215 2441 1482 2510 ἰσοτιμίας
1515 2441 1672 2509 λόγος
1706 2441 1854 2496 ἐστὶν

2007 2445 2124 2498 :nim
2155 2443 2236 2500 ais
2267 2461 2280 2500 :
2321 2463 2341 2496 ι
2383 2444 2673 2499 Faciamus
2710 2443 2813 2499 tria
2847 2441 3223 2508 tabernacula,
3258 2460 3276 2493 ι
3331 2439 3560 2494 honoris

299 2533 446 2600 ὅπερ
471 2531 726 2594 ἀπεοικὸς
758 2527 826 2602 ἦν
867 2533 968 2602 τῆς
1017 2534 1116 2602 σῆς
1162 2531 1460 2598 θεσπεσίας
1492 2533 1762 2604 γλώττης,
1788 2551 1852 2586 κα

2013 2536 2260 2609 igniﬁcas
2293 2537 2685 2608 aequalitatem,
2739 2537 2883 2606 quod
2928 2551 2958 2590 a
3012 2544 3103 2590 tua
3149 2534 3330 2588 divina
3375 2533 3563 2599 lingua

305 2625 658 2679 παντάπασιν
707 2625 1132 2679 ἀνεπίσκεπτον.
1159 2628 1231 2680 Ἢ
1265 2628 1484 2693 πάντως
1518 2629 1586 2682 τὰ
1628 2629 1732 2698 τῆς
1761 2625 1858 2684 θεόη

2010 2630 2249 2686 ὼεοηιιηι
2279 2641 2386 2695 eSt,
2415 2639 2471 2684 et
2517 2630 2718 2684 dictum
2762 2627 2986 2682 omnino
3036 2625 3430 2694 imprudenter.
3477 2622 3563 2676 An

303 2733 470 2785 τητος
515 2717 892 2785 σελαγίσματα
943 2716 1166 2789 βοληδόν
1201 2734 1284 2772 σοι
1339 2720 1842 2795 ὲναπαστράψαντα

2010 2721 2288 2775 livinitatis
2347 2719 2585 2790 fulgores
2645 2719 2803 2789 quasi
2852 2716 3033 2787 jacnla
3087 2716 3182 2771 tibi
3228 2712 3563 2784 fulgurantia

303 2810 370 2862 τὸ
393 2810 718 2879 ἡγεμονικὸν
769 2811 1150 2881 διεκλὸειησανς
1197 2812 1280 2865 Τὰ
1321 2815 1430 2886 γὰρ
1471 2815 1581 2868 τῶν
1634 2819 1856 2889 πραγμά

2014 2811 2284 2880 ιιιίηοίρειη
2323 2811 2488 2865 animi
2527 2820 2738 2880 Partem
2775 2824 2807 2864 e
2854 2817 3000 2864 statu
3045 2821 3144 2862 suo
3184 2805 3567 2861 dimoverunt?

306 2919 421 2954 των
449 2900 662 2965 ἐξαίσια
702 2903 856 2970 ἄφνω
902 2903 1284 2972 προσπεσόντα
1318 2907 1694 2978 παρατρέπειν
1725 2909 1852 2963 εῐωθ

2011 2904 2095 2958 {es
2120 2904 2264 2958 enim
2305 2902 2584 2972 stupendae
2633 2917 2753 2957 cum
2811 2915 2875 2956 ex
2935 2898 3236 2969 improviso
3287 2897 3564 2962 accidunt,

308 2991 376 3043 τὺ
408 2991 711 3060 λογιστικόν
736 3009 748 3022 ο
769 2992 796 3044 ὃ
827 2993 890 3063 δὴ
923 2995 1013 3046 καὶ
1045 2993 1364 3065 βουλόμενος
1396 2998 1636 3067 ἐμφῆναι
1666 3001 1694 3052 6
1715 3001 1861 3069 εὐαγι

2011 2997 2257 3052 ἐιὶοηθιιι
2291 3010 2546 3050 emovere
2575 3003 3001 3050 consueverunt.
3037 2991 3188 3058 Quod
3235 3005 3369 3046 sane
3397 2990 3564 3044 etiam

310 3079 588 3151 γελιστὴς,
623 3099 640 3132 t
677 3077 877 3145 Ἦσαν,
913 3085 1098 3152 φησὶν,
1127 3085 1176 3137 οἱ
1207 3086 1476 3157 ὀφθαλμοὶ
1505 3088 1683 3142 αὐτῶν
1715 3089 1863 3160 βεϐα-

2014 3101 2211 3144 nnuere
2245 3087 2430 3142 volens
2464 3084 2805 3155 Evangelista
2839 3100 2855 3139 :
2895 3102 2913 3134 ι
2951 3082 3142 3146 Erant,
3179 3081 3375 3150 inquit,
3423 3079 3567 3132 oculi

317 3172 580 3243 ρημένοι·
622 3193 640 3226 ι
724 3175 960 3239 δεικνὺς,
1028 3175 1103 3237 ὡς
1151 3171 1383 3246 ἐγῷμαι,
1443 3178 1541 3250 τὴν
1583 3181 1870 3251 γενομένηι

2014 3194 2177 3233 :orum
2214 3177 2443 3248 gravati,
2482 3195 2500 3229 ι
2540 3177 2875 3248 significans,
2924 3184 2980 3228 ut
3009 3187 3109 3243 ego
3134 3173 3352 3240 Opinor,
3380 3169 3567 3225 oculo-

313 3269 502 3332 αὐτοῖς
521 3269 797 3341 βαρύτητα
818 3271 927 3325 τῶν
943 3275 1148 3343 νοητῶν
1170 3276 1486 3345 ὀφθαλμῶν.
1512 3277 1862 3333 Διαλευκαίνε

2020 3287 2112 3326 um
2175 3270 2375 3325 mentis
2425 3269 2684 3324 incidisse
2735 3267 3080 3336 gravitatem.
3140 3263 3396 3333 Apertius
3437 3275 3569 3315 vero

315 3359 372 3411 δὲ
409 3361 566 3412 τοῦτο
616 3362 949 3430 σαφέστερον
990 3362 1194 3434 ἔτερος,
1257 3365 1514 3434 προσθεὶς
1566 3368 1647 3421 ὅτι
1716 3369 1868 3421 ταῦτα

2016 3362 2230 3417 leclarat
2282 3360 2336 3414 id
2379 3359 2514 3414 alter
2565 3359 2900 3427 evangelista
2935 3357 3001 3420 ³⁹,
3055 3370 3177 3411 cum
3231 3352 3404 3415 addit,
3454 3353 3569 3407 lucc

317 3443 475 3500 εἶπεν
509 3451 536 3502 6
567 3450 792 3520 Πέτρος.
826 3452 899 3522 μὴ
931 3453 1084 3515 εἰδὼς
1117 3453 1144 3506 ὃ
1186 3453 1385 3508 ἐλάλει.
1451 3455 1616 3509 Ἀλλὰ
1645 3456 1700 3509 τί
1733 3457 1870 3524 λογιι

2013 3451 2195 3505 lixisse
2226 3448 2487 3513 Petrum,
2531 3449 2660 3516 quid
2709 3447 2919 3500 diceret
2962 3445 3322 3500 nescientem.
3371 3441 3566 3496 Verum

318 3541 560 3603 σάμενος
587 3542 614 3592 6
639 3540 866 3608 Πέτρος,
896 3543 1051 3594 ταῦτ’
1084 3543 1259 3612 ἔλεγε,
1297 3563 1314 3595 ι
1344 3544 1522 3598 Καλόν
1546 3547 1716 3612 ἐστιν,
1741 3549 1871 3618 ἡμᾶς

2015 3557 2099 3613 luo
2151 3542 2384 3596 consilio
2437 3540 2631 3594 Petrus
2677 3541 2789 3593 haze
2833 3540 3016 3593 dixit:
3053 3557 3072 3591 ι
3109 3537 3314 3592 Bonum
3351 3546 3436 3592 est
3469 3549 3568 3590 nos

313 3625 422 3686 ὧδε
450 3629 627 3713 εἴναις
665 3633 821 3695 Τίνος
848 3634 1010 3687 ἕνεκα
1049 3635 1146 3704 τὴν
1173 3637 1230 3688 ὲν
1280 3636 1358 3707 τῷ
1407 3638 1524 3708 ὄρει
1579 3639 1866 3712 καταμονὴε

2016 3635 2080 3689 tie
2105 3633 2269 3688 esse?
2299 3652 2318 3686 ι
2356 3631 2472 3699 Qua
2504 3631 2677 3701 gratia
2711 3631 3051 3685 mansionem
3094 3631 3147 3685 in
3189 3637 3371 3684 monte
3417 3642 3569 3683 como

315 3725 664 3794 ἀποδέχεται,
698 3727 791 3793 καὶ
822 3727 920 3795 τῆς
949 3730 1005 3779 ὲν
1023 3729 1174 3780 πόλει
1210 3729 1513 3796 κατοικίας,
1535 3735 1636 3803 τὴν
1657 3735 1868 3803 ὲρημίαε

2012 3730 2244 3793 nendat,
2295 3734 2352 3781 et
2402 3724 2863 3781 commorationes
2909 3724 2962 3778 in
3023 3723 3160 3778 urbe
3213 3729 3466 3784 recusat,
3515 3726 3565 3772 et

315 3817 415 3871 τοῦ
445 3817 605 3887 ὅρους
645 3819 989 3888 ἀσπάζεται;
1030 3821 1234 3875 Ἦκουε
1267 3822 1360 3874 τοῦ
1403 3825 1609 3894 Κυρίου
1641 3826 1868 3896 φανερῶς

2016 3821 2166 3890 uagis
2211 3818 2562 3875 solitudinem
2597 3816 2800 3871 montis
2831 3831 2992 3885 quam
3025 3813 3302 3868 domicilia
3330 3810 3569 3866 civitatis

315 3910 382 3962 τὸ
406 3909 583 3973 Πάθος
617 3911 804 3975 αὐτοῖς
855 3913 1331 3984 προκηρύττοντος
1383 3917 1478 3970 καὶ
1511 3917 1601 3970 τὸν
1633 3920 1760 3987 περὶ⁸
1791 3920 1868 3972 αὐι

2015 3911 2385 3981 implectitur?
2433 3909 2700 3964 Audierat
2731 3907 2820 3961 ille
2856 3905 3144 3960 Dominum
3183 3918 3308 3958 cum
3355 3901 3568 3960 Passio-

315 3999 417 4055 τοῦ
468 4001 624 4070 λόγον
659 4002 902 4072 συνεχῶς
952 4004 1347 4069 άνελίττοντος,
1388 4007 1483 4060 νῦν
1534 4008 1653 4077 μὲν,
1692 4027 1711 4061 ι
1756 4010 1868 4063 Ἰδοί

2014 4020 2116 4060 tem
2149 4003 2281 4072 ipsis
2313 4011 2500 4071 aperte
2545 4000 2886 4070 praediceret,
2934 3998 3109 4067 deque
3152 4010 3215 4050 ea
3262 4006 3567 4048 sermonem

317 4090 687 4160 ἀναϐαίνομεν
709 4096 792 4157 είς
836 4094 1203 4166 Ἰεροσόλυμα,
1234 4099 1331 4152 καὶ
1361 4099 1390 4151 6
1417 4098 1545 4163 Υίὸς
1570 4099 1664 4153 τοῦ
1684 4101 1870 4174 ἀνθρώ

2017 4097 2252 4151 niseeret
2298 4091 2594 4149 identidem
2622 4131 2638 4158 ,
2691 4091 2850 4145 modo
2908 4103 3030 4144 eum
3082 4087 3329 4143 diceret:
3367 4102 3386 4136 ι
3433 4083 3570 4138 Ecce

318 4199 427 4236 που
445 4184 878 4257 παραδοθήσεται
900 4192 1012 4248 τοῖς
1029 4186 1228 4254 ἔθνεσι,
1251 4190 1342 4244 καὶ
1359 4191 1871 4264 ἀποκτανθήσεταιί

2019 4187 2352 4244 ιεοειιάἰωυε
2383 4184 2816 4256 Hierosolymam
2842 4223 2857 4248 ,
2903 4190 2960 4238 et
2991 4179 3162 4236 Filius
3193 4176 3429 4234 hominis
3460 4186 3572 4230 tra-

321 4272 420 4326 νῦν
443 4274 522 4340 δὲ,
562 4291 583 4326 ι
625 4275 841 4347 Ὠσπερ
874 4277 1117 4346 Μωῦσῆς
1171 4278 1356 4350 ὕψωσε
1411 4281 1506 4336 τὸν
1545 4281 1670 4350 ὅφιν
1718 4286 1776 4336 ὲν
1821 4288 1874 4355 ti

2013 4283 2155 4338 letur
2217 4280 2510 4351 gentibus,
2562 4285 2618 4334 et
2667 4277 2952 4332 occidetur
2978 4273 3072 4327 δοῖ
3113 4290 3132 4325 ι
3190 4269 3348 4326 Modo
3394 4283 3566 4323 vero:

321 4365 535 4436 ἐρήμῳ,
559 4364 732 4430 οὕτως
761 4365 1040 4438 ὑψωθῆναι
1067 4369 1148 4423 δεῖ
1165 4370 1256 4424 τὸν
1281 4371 1403 4425 Υίδν
1417 4373 1510 4426 τοῦ
1532 4372 1822 4445 ἀνθρώπου
1839 4391 1874 4428 ⁸1

2020 4393 2023 4426 τ
2060 4371 2216 4429 Sicut
2246 4370 2460 4442 Moyses
2486 4369 2744 4424 exaltavit
2781 4377 3084 4436 serpentem
3133 4364 3185 4418 in
3215 4363 3462 4425 deserto,
3492 4359 3573 4414 sic

2106 4465 2139 4475 ._
2215 4465 2228 4475 .
2406 4473 2413 4475 ξ
2463 4471 2473 4475 -
2529 4461 2626 4475 .....
2774 4460 2788 4475 .
2905 4459 2917 4471 .
2964 4458 3000 4475 ,ί
3035 4457 3076 4475 ι.
3149 4474 3154 4475 ί
3229 4453 3362 4475 ...η
3411 4451 3568 4475 ,.,,,,

320 4457 514 4513 ἄλλοτε
566 4458 661 4512 τοῦ
713 4462 856 4515 κατὰ
926 4460 1112 4516 Ἰωνᾶν
1181 4464 1625 4535 παραδείγματος
1685 4484 1873 4538 μνημο

2017 4465 2230 4522 exaltari
2263 4471 2480 4534 oportet
2529 4461 2723 4518 Filium
2774 4457 3104 4514 hominis“.
3144 4474 3162 4509 ι
3217 4453 3365 4509 Alias
3406 4451 3570 4508 etiam

321 4549 595 4615 νεύοντος,
629 4570 649 4603 ι
685 4551 897 4623 Ὠσπερ
933 4555 962 4606 6
1002 4552 1185 4618 Ἰωνᾶς
1231 4556 1484 4626 ἐποίησεν
1516 4559 1574 4611 ἐν
1606 4561 1674 4630 τῇ
1717 4559 1874 4631 κοιλίς

2018 4557 2251 4629 :xemplo
2275 4555 2424 4613 Jonas
2453 4571 2575 4611 cum
2611 4562 2858 4609 uteretur
2887 4570 2902 4608 :
2936 4571 2965 4606 ι
2992 4549 3147 4606 Sicut
3180 4547 3282 4603 fuit
3319 4544 3486 4601 Jonas
3519 4544 3571 4598 in

318 4641 422 4695 τοῦ
480 4643 680 4715 κήτους
719 4647 866 4713 τρεῖς
910 4646 1123 4716 ἡμέρας
1168 4647 1263 4701 καὶ
1305 4651 1455 4718 τρεῖς
1497 4650 1719 4715 νύκτας,
1749 4652 1871 4708 οὕτω

2024 4657 2192 4705 ventre
2225 4649 2330 4704 ceti
2361 4646 2534 4703 tribus
2563 4646 2754 4702 diebus
2789 4659 2854 4700 ac
2897 4643 3173 4708 noctibus,
3203 4640 3283 4696 sic
3322 4647 3379 4694 et
3406 4635 3577 4690 Filius

320 4735 422 4788 καὶ
471 4737 500 4789 6
548 4735 678 4800 Υίὸς
728 4735 822 4790 τοῦ
871 4737 1184 4808 ἀνθρώπου.
1223 4758 1241 4792 ι
1289 4741 1397 4794 Καὶ
1456 4741 1670 4797 ἁκούων
1695 4745 1868 4799 ταῦτα

2020 4739 2239 4795 tominis
2259 4738 2361 4793 ⁸⁸.»
2385 4737 2456 4793 Et
2476 4738 2592 4792 haec
2614 4751 2735 4791 cum
2758 4735 2996 4798 audiret,
3011 4731 3194 4786 multis
3219 4729 3336 4798 ejus
3357 4727 3573 4780 animus

321 4824 542 4889 πολλοῖς
573 4825 802 4880 πάθεσιν
824 4828 1112 4899 ἐμερίζετο
1147 4828 1244 4898 τὴν
1275 4829 1475 4900 ψυχὴν,
1511 4831 1678 4904 λύπῃ,
1712 4832 1870 4905 θυμῷ

2024 4833 2358 4889 lill'erehatur
2397 4830 2701 4890 aﬂectibns.
2735 4839 2994 4889 maerore,
3032 4825 3134 4888 ira,
3169 4823 3446 4875 anxietate
3491 4821 3577 4872 in»

324 4917 536 4989 ἀπορίᾳ
584 4919 942 4989 ὲπυρπολεῖτο
987 4921 1052 4973 τά
1103 4921 1404 4992 σπλάγχνα,
1431 4923 1526 4976 τοῦ
1574 4925 1877 4980 διδασκάλω

2022 4927 2162 4982 :endi
2191 4925 2291 4980 sibi
2326 4925 2535 4979 viscera
2570 4921 2861 4984 sentiebat,
2906 4917 3050 4986 quod
3081 4931 3110 4966 a
3162 4912 3422 4983 Magistro
3461 4909 3575 4964 dis-

327 5009 543 5080 μέλλων
587 5011 932 5081 χωρίζεσθαι.
995 5012 1155 5077 Ἔζεε
1199 5013 1274 5083 τῷ
1326 5014 1480 5086 θυμῷ
1539 5017 1737 5071 ἐννοῶν
1786 5018 1880 5072 τῶι

2019 5017 2316 5088 iungendus
2349 5023 2534 5082 esset;
2567 5009 2954 5068 eﬂervescebat
2992 5008 3070 5060 ira
3101 5021 3222 5060 cum
3259 5002 3572 5084 J-lltl'l‘f‘l‘lﬂl

337 5100 608 5155 Ἰουδαίων
631 5103 691 5156 τὸ
717 5103 989 5174 τόλμημα.
1027 5103 1249 5173 Ὶλιγγία
1274 5123 1336 5158 πε
1348 5107 1400 5176 ρὶ
1421 5107 1583 5160 αὑτοῦ
1600 5108 1890 5178 διαπορῶν,

2023 5117 2292 5177 reputaret
2346 5107 2670 5171 audaciam;
2725 5103 2966 5158 haerebat
3021 5100 3074 5154 in
3133 5113 3195 5153 ea
3249 5094 3576 5166 cogitatione

327 5194 569 5264 Πότερον
605 5195 887 5250 ἀπολείπω
925 5199 1085 5268 μόνον
1119 5199 1314 5252 παθεῖν
1347 5199 1439 5252 τὸν
1487 5198 1831 5272 καθηγητὴν,
1862 5204 1880 5257 ἱ

2024 5201 2302 5271 perplexas
2336 5214 2352 5254 :
2391 5198 2586 5254 Utru-m
2623 5197 2871 5252 deseram
2907 5193 3083 5249 solum
3138 5190 3476 5259 Magistrum,
3514 5199 3577 5240 ac

405 5353 452 5384 ⁸⁷
492 5353 662 5427 Marc.
705 5372 782 5420 χι,
825 5357 878 5427 l.
955 5357 999 5390 ³⁸
1039 5355 1182 5411 Psal.
1221 5372 1335 5419 cnt,
1367 5357 1423 5409 ἓ.
1497 5360 1541 5393 ³⁸
1583 5358 1714 5415 Luc.
1749 5377 1826 5425 ιχ,
1857 5362 1927 5427 3;

2026 5375 2139 5415 arc.
2182 5376 2258 5423 ιιι,
2299 5359 2354 5414 5.
2431 5357 2477 5389 ⁸ο
2517 5354 2708 5411 Matth.
2747 5370 2838 5416 xx.
2879 5353 2980 5420 ιη
3013 5352 3180 5409 Marc.
3209 5365 3262 5416 ι,
3298 5347 3399 5414 52;
3441 5344 3575 5402 Luc.

329 5438 490 5488 xvtn,
561 5425 651 5479 3l.
728 5427 772 5458 "
811 5426 970 5484 .Ioau.
1007 5444 1087 5492 tu,
1126 5427 1212 5482 M.
1289 5427 1334 5459 δ’
1374 5429 1562 5488 Matth.
1605 5447 1702 5495 xu,
1739 5431 1831 5486 Et).

1564 5572 1885 5636 Francisci
1923 5573 2131 5636 Scorsi
2167 5581 2349 5636 notae.

407 5703 520 5773 (69)
567 5701 720 5758 Pure
785 5703 1112 5758 admirando.
1187 5702 1318 5758 Vide
1385 5715 1499 5759 not.
1561 5703 1629 5757 72
1699 5705 1841 5759 ltum.
1915 5703 2005 5756 ιιι.
