3934 6222
269 274 417 342 1045

1624 281 1786 342 ΗοΜ
1796 280 1952 341 ILIA
1993 281 2150 341 LIX.

3406 271 3545 338 tota

268 388 512 458 Ἰσραήλ.
545 408 564 440 ι
598 388 811 444 Ἐκεῖνο
840 390 942 462 μὲν
968 391 1076 461 γὰρ
1100 392 1271 465 χωρὶς
1300 393 1508 465 ἄρθρου
1542 395 1708 466 φησιν
1731 410 1745 425 '
1771 397 1857 449 ἐν-

1962 395 2161 451 minari
2193 413 2208 450 :
2247 414 2266 447 ι
2307 390 2478 450 Filius
2509 390 2822 465 uuigeuitus
2851 404 3001 445 meus
3033 388 3193 446 lsrael
3221 379 3291 447 “.
3323 407 3343 444 ι
3377 388 3540 464 411

266 479 441 533 ταῦθα
472 478 528 532 δὲ
558 478 797 533 δείκνυσι
828 479 889 533 τὸ
925 480 1182 549 διάφορον
1210 484 1274 551 τῇ
1312 482 1404 536 τοῦ
1439 482 1644 554 ἄρθρου
1688 500 1853 555 προσ-

267 574 437 646 θήκῃ,
484 575 580 627 καὶ
615 575 679 641 τῇ
716 572 811 626 τοῦ
852 574 1144 644 ἀγαπητοῦ
1207 575 1560 648 παρενθήκη.
1613 577 1857 640 Ἐκεῖνος

266 665 379 734 γὰρ
433 664 746 733 ὲμεμίσητο
788 665 878 718 διὰ
933 665 995 719 τὸ
1043 666 1309 736 ἀθετῆσαι
1370 668 1461 721 τὸν
1525 667 1851 722 πλάσαντα’

275 775 294 807 ι
334 756 499 819 Υἱοῦς
539 756 676 827 γὰρ,
703 758 890 826 φησιν,
924 759 1212 829 ἐγέννησα,
1248 760 1342 813 καλ⁵
1370 760 1584 831 ὕψωσα,
1619 762 1774 816 αὐτοὶ
1796 761 1855 816 δέ

274 866 342 918 με
383 848 683 917 ἠθέτησαν.
718 867 737 901 ι
777 849 851 902 Τὸ
879 850 990 921 γὰρ
1014 891 1029 915 ,
1064 870 1081 901 ι
1108 853 1200 905 Ἐν
1239 845 1282 920 ᾧ
1334 854 1634 926 ηὐδόκησα,
1670 875 1687 906 ι
1724 857 1781 908 ἐν
1810 850 1856 925 ᾧ

268 940 515 1009 δηλονότι
559 941 960 1011 ἀναπέπαυμαι
984 959 998 973 ⁸
1029 943 1099 997 δι’
1159 938 1221 998 οὗ
1254 944 1353 1015 τὴν
1394 946 1504 999 τῶν
1548 944 1856 1018 ἀνθρώπων

276 1032 557 1102 σωτγριαν
583 1034 844 1100 γενέσθαι
893 1035 1161 1105 ἠθέλησα.
1209 1038 1307 1090 Διά
1348 1038 1404 1091 δὲ
1432 1037 1527 1091 τοῦ
1552 1056 1577 1091 ,τ
1616 1058 1634 1091 ι
1677 1040 1853 1093 Αὐτοῦ

270 1125 524 1188 ἀκούετε,
560 1146 578 1179 ι
616 1126 677 1179 τὸ
713 1128 823 1180 τῶν
861 1129 1126 1200 μαθητῶν
1167 1131 1455 1199 ἀνειμένον
1482 1131 1757 1202 διανιστᾷ,
1780 1130 1856 1196 ὡς

269 1216 339 1271 ἂν
370 1218 464 1271 τοῦ
493 1219 704 1287 Κυρίου
732 1220 792 1274 τὸ
820 1222 997 1284 Πάθος
1025 1223 1530 1292 προεκφωνοῦντος.
1555 1223 1653 1287 τὰς
1677 1224 1857 1295 ψυχὰς

274 1311 351 1380 μὴ
383 1311 781 1380 κραδαίνοιντο.
812 1315 973 1367 Δοκεῖ
1001 1314 1057 1366 δὲ
1090 1315 1253 1368 πλέον
1304 1315 1401 1368 τοῦ
1448 1316 1660 1386 Πέτρου
1709 1317 1848 1371 καθ-

271 1401 546 1455 άπτεσθαι
577 1405 783 1474 σκηνάς
803 1405 1261 1472 ἀναπλάττοντος,
1283 1409 1380 1460 καὶ
1413 1408 1739 1471 σπεύδοντος
1759 1407 1853 1461 τοῦ

273 1495 471 1548 παθεῖν
499 1496 850 1566 ῦπεκστῆσαι
883 1498 977 1552 τὸν
1018 1500 1248 1569 Κύριον.
1285 1500 1386 1553 Διά
1415 1501 1468 1553 τί
1495 1499 1551 1553 δὲ
1586 1484 1856 1572 μετὰ-τὴν

271 1585 460 1655 φωνὴν
487 1587 795 1655 ἐπάραντες
821 1590 869 1643 οἱ
902 1590 1146 1661 μαθηταὶ
1178 1593 1302 1655 τοὺς
1334 1591 1653 1663 ὀφθαλμοὺς
1691 1591 1857 1663 μόνον

269 1671 414 1729 εἶδον
440 1676 529 1730 τὸν
554 1678 757 1747 Κύριον
779 1696 793 1746 ;
819 1681 935 1733 Ἱνα
963 1680 1038 1752 μὴ
1061 1683 1159 1745 τὴν
1186 1681 1494 1752 μαρτυρίαν
1527 1681 1595 1734 δι’
1614 1681 1713 1734 ἕνα.
1743 1680 1853 1735 τῶν

272 1768 573 1837 προφητῶν
604 1765 745 1824 εἶναι
779 1772 1068 1843 νομίσωσι,
1106 1773 1195 1826 διὰ
1224 1774 1385 1827 τοῦτο
1412 1774 1659 1837 ἐκείνους
1690 1790 1859 1845 μετα-

270 1862 503 1932 στήσας,
540 1863 666 1917 ὅθεν
702 1866 798 1919 καὶ
830 1867 1220 1938 παρεγένοντο,
1264 1866 1459 1922 ἑαυτὸν
1484 1866 1690 1933 ἔδειξεν
1714 1864 1858 1923 εἶναι

268 1953 367 2006 τὸν
408 1955 885 2028 μαρτυρούμενον.

1959 484 2094 540 illud
2122 488 2267 541 enim
2298 485 2508 554 absque
2538 482 2766 553 articulo
2796 481 2971 547 dixit;
3006 481 3097 536 hic
3134 496 3266 537 vero
3314 488 3372 537 et
3401 497 3544 551 prte-

1959 579 2210 648 pouendo
2238 577 2493 641 articulo,
2526 585 2580 629 et
2624 574 2905 646 interiecta
2947 572 3129 628 dilecti
3180 572 3547 644 appellatione

1957 670 2321 727 diﬂerentiam
2349 669 2824 725 commoustravit.
2858 666 2954 723 llle
2980 665 3127 720 enim
3150 665 3295 735 quod
3325 662 3546 719 eﬂ‘ecto-

1960 780 2075 820 rem
2106 764 2193 822 sui
2227 777 2334 818 non
2361 762 2682 823 honoraret,
2719 760 2845 814 odio
2866 759 2979 830 jam
3012 756 3319 813 habebatur
3347 775 3362 812 :
3397 775 3414 809 ι
3446 756 3541 811 Fi-

1958 857 2084 923 lios,
2130 856 2297 920 enim,
2345 855 2543 924 inquit.
2597 853 2784 921 genui,
2828 859 2881 905 et
2919 849 3177 913 exaltavi,
3217 847 3318 917 ipsi
3355 858 3540 902 autent

1959 952 2284 1015 spreverunt
2306 960 2392 998 me
2414 944 2480 998 “.
2509 960 2527 994 ι
2556 942 2687 997 illud
2713 949 2890 996 autem
2916 962 2930 997 :
2959 958 2977 991 ι
3006 939 3065 994 In
3092 954 3199 1009 quo
3223 939 3360 994 bene
3391 953 3546 994 com-

1956 1037 2139 1107 placui
2173 1036 2311 1107 ('72),
2348 1054 2366 1087 ›
2401 1035 2707 1106 signiﬁcat,
2736 1032 2792 1087 ln
2822 1047 2925 1102 quo
2959 1029 3232 1101 acquievi,
3259 1043 3355 1100 per
3379 1044 3542 1100 quem

1957 1129 2237 1186 hominum
2282 1127 2515 1184 salutem
2579 1125 2645 1180 ad
2702 1123 2953 1180 ell'ectum
3014 1121 3242 1194 perduci
3297 1121 3543 1175 decrevi.

1956 1222 2072 1279 Illis
2099 1238 2262 1292 porro
2295 1221 2475 1276 verbis
2506 1237 2521 1274 :
2558 1239 2579 1273 ι
2605 1220 2786 1289 Ipsum
2833 1217 3051 1282 audite,
3085 1234 3104 1269 ι
3154 1212 3543 1282 discipulorunt

1957 1317 2242 1388 segnitiem
2276 1315 2498 1383 excitat,
2534 1326 2594 1368 ut
2641 1312 2871 1378 scilicet,
2911 1325 3033 1366 cum
3078 1306 3395 1362 Passionem
3437 1301 3547 1358 Do-

1960 1407 2139 1462 minus
2170 1407 2587 1477 prtenuntiaret,
2620 1418 2810 1460 eorum
2839 1400 3008 1456 animi
3051 1398 3367 1467 neutiquam
3399 1394 3546 1449 labe-

1958 1495 2319 1554 iactarentur.
2358 1496 2584 1552 Videtur
2612 1503 2795 1550 autem
2848 1492 3023 1561 magis
3067 1488 3230 1545 etiam
3277 1484 3547 1558 perstrin-

1957 1605 2086 1659 gere
2133 1587 2356 1645 Petrum
2386 1628 2403 1654 ,
2452 1587 2545 1658 qui
2596 1584 2943 1642 tabernacula
2992 1581 3324 1653 cogitatione
3371 1576 3545 1632 lnior—

1961 1691 2163 1748 marat,
2200 1692 2257 1738 et
2282 1696 2542 1739 revocare
2569 1680 2858 1735 Dominum
2883 1693 2912 1732 a
2936 1677 3200 1732 Passione
3225 1672 3543 1728 conabatur.

1888 1741 1932 1796 Β
1966 1779 2081 1845 Qua
2147 1790 2279 1831 vero
2344 1775 2410 1830 de
2473 1787 2642 1828 causa
2700 1770 2980 1826 elevantes
3040 1765 3289 1838 discipuli
3355 1761 3546 1819 oculos

1968 1866 2255 1922 Dominum
2279 1863 2455 1919 solum
2488 1861 2786 1918 viderunt?
2811 1859 2890 1914 Ne
2920 1858 3129 1914 scilicet
3160 1853 3541 1912 testimonium

1965 1968 2192 2028 propter
2222 1955 2462 2026 aliquem
2488 1969 2555 2009 ex
2587 1951 2872 2026 prophetis
2902 1952 3085 2007 datum
3130 1948 3301 2004 fuisse
3347 1943 3545 2001 existi-

270 2057 489 2102 marent
521 2066 533 2101 :
564 2049 685 2105 ideo
722 2051 869 2118 illuc,
901 2053 1045 2108 unde
1080 2045 1364 2120 venerant,
1437 2053 1545 2110 illis
1583 2052 1888 2121 translatis,
1928 2052 2166 2124 seipstun
2213 2050 2454 2108 ostendit
2499 2064 2623 2106 esse
2662 2049 2731 2104 de
2784 2062 2892 2119 quo
2939 2046 3108 2103 latum
3178 2043 3359 2099 fuerat
3392 2038 3545 2097 testiv

271 2152 537 2194 menum.

346 2228 557 2283 Οὐκοῦν
579 2228 878 2301 δράμωμεν
906 2233 1002 2288 καὶ
1035 2234 1198 2305 ἡμεῖς
1224 2235 1358 2306 πρὸς
1388 2237 1490 2308 τὴν
1535 2235 1632 2291 τοῦ
1659 2233 1857 2307 νοητοῦ

269 2318 384 2373 τῶν
408 2319 620 2392 ἀρετῶν
648 2319 808 2392 ὅρους
838 2323 1050 2391 ἄνοδον,
1081 2325 1170 2379 ἵνα
1206 2329 1344 2397 μετὰ
1368 2325 1462 2382 τοῦ
1503 2325 1684 2397 Ἰησοῦ
1715 2325 1860 2380 κατὰ

268 2408 373 2479 τὴν
401 2409 716 2481 ἀκρώρειαν
750 2413 861 2466 τῶν
906 2413 1352 2486 κατορθωμάτων
1391 2417 1702 2487 γενόμενοι,
1732 2417 1859 2471 ἴδω-

271 2499 377 2571 μεν
408 2502 485 2566 ὡς
511 2503 576 2556 ἐκ
612 2506 919 2575 περιωπῆς,
954 2506 1015 2559 τδ
1041 2507 1157 2577 φῶς
1194 2509 1373 2563 ἐκεῖνο
1400 2509 1461 2562 τὸ
1494 2508 1712 2579 δειχθὲν
1742 2511 1857 2573 τοῖς

266 2593 367 2646 ἐπὶ
401 2594 463 2649 τὸ
503 2593 637 2666 ὕψος
664 2596 1092 2667 ἀκολουθήσασι.
1138 2601 1581 2670 Καταλείψωμεν
1614 2602 1724 2655 τῶν
1754 2618 1855 2671 χα-

273 2684 566 2756 μαιρεπῶν
596 2686 800 2751 ἡδονῶν
832 2689 931 2752 τὰς
965 2689 1312 2761 κοιλότητας,
1342 2691 1544 2755 αἵτινες
1586 2691 1690 2745 ὑπὸ
1743 2690 1852 2743 τῶν

267 2778 542 2847 δαιμόνων
610 2779 688 2843 ὡς
730 2780 1023 2850 γεωλόφων
1071 2781 1410 2850 σκιάζονται,
1452 2785 1547 2838 καὶ
1598 2784 1734 2855 πρὸς
1792 2785 1854 2839 τὸ

269 2867 399 2937 ὅρος
435 2870 613 2923 ἐκεῖνο
650 2870 960 2941 γενώμεθα,
993 2871 1058 2926 τὸ
1091 2873 1435 2943 πανταχόθεν
1474 2872 1581 2927 ὑπὸ
1618 2877 1716 2943 τῆς
1757 2891 1859 2927 πα-

268 2957 471 3026 τρικῆς
504 2957 736 3028 νεφέλης
765 2959 1274 3031 περιλαμπόμενον.
1307 2963 1528 3017 Γένοιτο
1556 2963 1602 3016 δ’
1630 2963 1697 3018 ἂν
1723 2965 1858 3034 ἡμῖν

269 3046 434 3118 ῥᾳδία
473 3048 507 3117 ἡ
551 3047 758 3113 ἄνοδος,
795 3051 844 3104 εἰ
876 3051 1019 3105 κατά
1039 3051 1132 3105 τὸν
1174 3052 1380 3123 τρόπον
1406 3053 1857 3123 ἀναχθῶμεν,ὦν

269 3139 407 3211 ἡμῖν
447 3139 695 3208 ὑπέδειξε
743 3141 1089 3212 συμϐολικῶς
1134 3144 1401 3214 πρότερον
1449 3145 1551 3215 μὲν
1602 3146 1857 3216 Μωσῆςὸ
1881 3185 1926 3244 C

2033 2226 2330 2284 Curramus
2359 2225 2525 2296 igitur
2564 2232 2619 2281 et
2648 2240 2769 2290 nos,
2824 2235 2881 2280 et
2911 2226 2980 2281 ad
3016 2230 3257 2280 montem
3287 2224 3548 2295 intelligi-

1962 2317 2151 2385 bilem,
2180 2318 2437 2374 virtutem
2478 2317 2713 2383 scilicet,
2749 2319 3130 2382 ascendamus,
3178 2326 3238 2371 ut
3276 2332 3379 2371 una
3415 2332 3541 2372 cum

1960 2411 2089 2469 Jesu
2114 2413 2168 2468 in
2191 2421 2342 2468 recte
2362 2410 2521 2468 factis
2540 2410 2696 2481 quasi
2715 2410 2767 2465 in
2792 2425 3008 2466 summo
3027 2420 3211 2465 monte
3236 2410 3542 2477 constituti,

1962 2503 2128 2561 veluti
2154 2520 2223 2561 ex
2257 2504 2438 2575 aliqua
2468 2503 2684 2575 specula
2714 2502 3144 2573 contemplemur
3169 2502 3314 2558 illam
3341 2502 3539 2568 lucem,

1960 2613 2083 2670 quae
2108 2598 2175 2655 ad
2205 2599 2418 2655 culmen
2458 2614 2631 2669 usque
2674 2599 2881 2654 secutis
2911 2607 3131 2654 ostensa
3171 2605 3275 2652 est.
3311 2597 3546 2655 Desera.

1963 2707 2081 2746 inus
2106 2691 2443 2760 voluptatum
2488 2690 2640 2746 humi
2675 2689 2986 2760 repentium
3022 2687 3213 2753 valles,
3246 2703 3368 2759 qua
3408 2703 3543 2744 sane

1962 2801 1988 2837 a
2032 2782 2372 2839 daemonibus
2401 2781 2568 2837 veluti
2621 2782 2897 2837 montibus
2941 2779 3346 2848 inumbrautur,
3385 2792 3442 2840 et
3472 2782 3541 2839 ad

1961 2887 2201 2935 montem
2232 2878 2382 2934 illum
2433 2877 2810 2934 collustratum
2853 2876 3090 2947 undique
3122 2885 3348 2943 paterna
3397 2878 3542 2935 nube

1960 2969 2349 3039 pertingatnus.
2387 2967 2573 3024 Fuerit
2602 2977 2783 3024 autem
2836 2967 3012 3025 facilis
3046 2969 3205 3026 nobis
3252 2984 3541 3037 ascensus,

1961 3061 2008 3116 si
2055 3076 2122 3116 eo
2176 3062 2335 3117 modo
2389 3061 2832 3125 ascentlerimus,
2884 3074 3044 3131 quem
3099 3061 3277 3131 primo
3320 3063 3540 3131 quidem

1961 3150 2257 3224 symbolice
2292 3151 2450 3208 nobis
2489 3151 2666 3207 Moses
2701 3151 2996 3221 legislator,
3039 3152 3380 3220 postmodum
3410 3166 3542 3207 vero

269 3233 595 3304 νομοθέτης,
624 3232 851 3304 ὕστερον
877 3236 933 3290 δὲ
971 3236 1181 3307 Ἰησοῦς
1213 3238 1242 3290 ό
1280 3238 1597 3310 νομοδότης.
1650 3238 1709 3293 Ὀ
1751 3237 1853 3309 μὲν

1961 3244 2114 3311 Iesus
2150 3243 2428 3314 legislator
2447 3243 2707 3300 ostendit.
2733 3242 2829 3298 ille
2846 3243 2991 3298 enim
3024 3243 3281 3312 populum
3303 3244 3541 3301 edocens

270 3323 386 3395 γὰρ
417 3324 640 3394 ἀνάγων
694 3326 787 3379 τὸν
833 3326 962 3382 λαὸν
1016 3329 1097 3392 εἰς
1143 3329 1203 3382 τὸ
1246 3330 1482 3397 Σιναιον,
1535 3330 1856 3384 καταλιπεῖν

268 3418 560 3471 ἂπιτάττει
583 3418 685 3490 τὴν
718 3419 931 3489 ἀλόγων
970 3421 1134 3490 φύσιν
1166 3423 1249 3487 εἰς
1279 3422 1379 3493 τὴν
1414 3421 1720 3494 ὑπώρειαν,
1754 3440 1856 3476 κα-

266 3508 530 3563 τάλευσιν
569 3509 877 3583 ἀπειλήσας
907 3511 987 3584 τῷ
1023 3515 1387 3583 προσεγγίσαι
1420 3513 1795 3585 τολμήσαντι·
1829 3516 1858 3567 ό

267 3599 329 3654 δὲ
377 3600 592 3672 Σωτὴρ,
639 3601 827 3672 μεθεὶς
874 3603 973 3675 τὴν
1023 3605 1216 3660 ἑννὰδα
1260 3606 1371 3661 τῶν
1432 3606 1715 3676 μαθητῶν,
1756 3608 1857 3677 τὴν

267 3693 469 3764 τριάδα
498 3694 799 3765 παρέλαϐε.
828 3696 896 3750 Τι
919 3692 1015 3750 οὖν
1059 3697 1381 3752 παιδεύετον
1419 3698 1497 3752 τὼ
1522 3699 1852 3770 αἰνίγματε;

281 3785 505 3854 Ἐπειδὴ
536 3788 636 3859 τῆς
665 3789 774 3840 τῶν
801 3789 1015 3859 ἀλόγων
1046 3789 1266 3859 φύσεως
1298 3791 1428 3845 ἴδιον
1451 3790 1511 3845 τὸ
1533 3791 1858 3862 κατάῖσθη-

269 3897 361 3932 σιν
409 3880 580 3951 μόνην
627 3881 751 3954 δίχα
793 3883 1036 3946 διανοίας
1086 3882 1518 3954 οἰκονομεῖσθαι,
1572 3884 1858 3954 νομοθετεῖ

266 3970 363 4023 διὰ
395 3970 601 4025 τούτων
650 3973 896 4043 Μιυῦσῆς
936 3973 1243 4044 ὑπερϐῆναι
1287 3974 1387 4043 τὴν
1425 3975 1486 4042 ἐξ
1528 3974 1840 4046 αἰσθήσεων

267 4063 572 4134 γενομένην
588 4064 790 4134 γνῶσιν
811 4067 871 4119 ὲν
902 4068 968 4137 τῇ
997 4069 1106 4121 τῶν
1137 4068 1342 4138 νοητῶν
1367 4066 1574 4138 θεωρίᾳ
1595 4083 1608 4097 ·
1644 4069 1856 4138 συνῳδὰ

269 4157 447 4210 ποιῶν
487 4163 581 4211 καὶ
608 4159 638 4210 ό
670 4158 875 4227 Κύριος
917 4158 1176 4223 ἐδίδαξεν,
1206 4160 1280 4222 ὡς
1322 4161 1371 4212 εἰ
1402 4159 1477 4229 μὴ
1507 4161 1535 4213 ό
1564 4160 1691 4224 νοῦς
1722 4160 1857 4212 ἁπο-

1960 3336 2016 3390 in
2069 3334 2222 3391 Sinai
2284 3344 2548 3399 montem,
2608 3343 2859 3391 naturam
2903 3334 3134 3390 rationis
3169 3344 3449 3406 expertem
3485 3337 3540 3392 in

1961 3426 2069 3480 imo
2091 3433 2274 3480 monte
2322 3424 2624 3495 derelinqui
2671 3425 2947 3496 praecepit,
2981 3425 3320 3481 obruendum
3347 3426 3543 3496 lapiui-

1960 3518 2079 3582 bus,
2112 3516 2158 3572 si
2188 3515 2311 3597 quis
2343 3531 2462 3571 eam
2493 3518 2782 3573 admovere
2811 3531 2980 3574 ausus
3018 3530 3189 3585 esset,
3219 3518 3541 3574 intermina-

1962 3618 2048 3664 tus
2078 3607 2171 3664 “:
2209 3606 2463 3663 Salvator
2502 3623 2630 3663 vero
2680 3607 2975 3679 discipulos
3001 3607 3211 3677 {novem
3258 3609 3539 3677 omitteus,

1960 3696 2208 3752 adhibuit
2244 3706 2375 3753 tres.
2426 3696 2567 3765 Quid
2615 3696 2775 3768 igitur
2821 3698 2928 3753 duo
2961 3699 3077 3755 haec
3111 3700 3405 3773 aenigmata
3439 3702 3541 3756 do-

1958 3790 2124 3846 cent?
2146 3788 2416 3857 Quoniam
2448 3790 2810 3846 animantium
2837 3805 2942 3846 non
2974 3801 3287 3861 computum
3314 3792 3542 3847 rationis

1957 3891 2043 3938 est
2074 3884 2242 3938 ductu
2288 3897 2481 3939 sensus
2514 3883 2633 3938 sine
2667 3883 2863 3937 mentis
2897 3882 3189 3951 agitatione
3223 3881 3539 3953 gubernari,

1959 3976 2216 4032 admonet
2246 3974 2445 4042 Moses,
2485 3976 2629 4029 utin
2673 3972 3031 4045 spiritualium
3083 3973 3543 4045 contemplatione
3616 4006 3619 4009 -

1959 4084 2143 4124 rerum
2174 4067 2538 4138 cognitionem
2563 4077 2770 4135 partam
2798 4066 3052 4121 sensibus
3073 4066 3539 4122 transcendamus.

1957 4160 2138 4230 Atque
2159 4161 2245 4215 bis
2259 4168 2627 4214 consentanea
2650 4156 2856 4214 iaciens
2874 4157 3134 4214 Dominus
3155 4159 3412 4223 ostendit,
3435 4159 3537 4214 nisi

268 4248 535 4320 στραφεὶς
569 4248 721 4302 κάτω
767 4250 918 4319 ῥίψει
954 4250 1054 4322 τὴν
1084 4250 1281 4303 ὲννάόα
1316 4250 1726 4321 προσπάθειαν,
1760 4251 1855 4306 νιαλ⁵

1961 4266 2224 4307 conversa
2272 4266 2428 4306 mens
2462 4250 2819 4305 novenarittm
2854 4248 3200 4305 affectionum
3236 4249 3291 4303 itt
3338 4257 3539 4304 terram

264 4342 367 4412 τὴν
399 4340 685 4395 ἐπίλεκτον
736 4342 946 4411 Τριάδα
995 4344 1305 4414 παραλάϐοι
1337 4344 1458 4410 μεθ’
1494 4344 1715 4410 ἑαυτοῦ,
1755 4345 1856 4398 οὐκ

1961 4341 2183 4413 afﬂigat,
2216 4352 2271 4397 et
2313 4341 2539 4396 electam
2574 4339 2830 4396 Triadcm
2871 4357 3054 4397 secum
3090 4350 3357 4405 assumat,
3398 4355 3541 4396 nun-

265 4435 337 4489 ἂν
380 4433 624 4488 ἀνελθεῖν
688 4433 900 4505 ἰσχύσει
952 4435 1087 4506 πρὸς
1136 4436 1198 4488 τὸ
1247 4435 1383 4506 ὕψος
1445 4439 1548 4505 τῆς
1619 4435 1853 4507 ἀληθοῦς

1961 4449 2125 4503 quam
2171 4433 2286 4487 fore
2308 4441 2362 4486 ut
2405 4433 2614 4502 apicem
2675 4448 2815 4487 vera:
2875 4434 3202 4502 cognitionis
3256 4434 3539 4489 ascendat.

263 4524 549 4595 γνώσεως.
587 4524 728 4580 Ἀλλ’
763 4527 837 4591 ὡς
873 4528 939 4581 ἂν
989 4528 1065 4599 μὴ
1116 4528 1186 4580 δι’
1235 4529 1577 4598 αἰνιγμάτων
1605 4530 1734 4599 ἡμῖν
1781 4528 1849 4582 τὰ

1961 4525 2121 4599 ΕῙἏ
2152 4524 2255 4581 Sed
2279 4540 2347 4580 ne
2376 4540 2473 4595 per
2499 4525 2784 4595 aenigmata
2821 4526 2974 4582 nobis
3002 4527 3290 4599 aenigmata
3327 4525 3540 4583 dissol—

264 4619 569 4688 αἰνίγματα
590 4619 825 4682 λῦοιντο,
858 4621 1195 4690 σαφέστερον
1223 4622 1489 4689 τὸνλόγον
1524 4622 1846 4692 ποιήσομαι.

1961 4627 2178 4682 vantur,
2210 4617 2384 4672 dicam
2414 4618 2677 4686 apertius.
2708 4615 3043 4675 Novenarius
3068 4634 3351 4684 numerus,
3376 4620 3538 4688 quin-

274 4707 341 4761 Ὀ
379 4707 662 4771 ὲνναδικὸς
700 4709 937 4780 ἀριθμὸς
966 4711 1241 4779 περιέχων
1271 4712 1329 4762 ἐν
1352 4709 1530 4781 ἑαυτῷ
1554 4710 1625 4764 τὰ
1667 4715 1831 4763 πέντε

1961 4724 2063 4779 que
2083 4719 2138 4763 et
2164 4719 2401 4780 quatuor
2433 4708 2487 4763 in
2512 4724 2571 4764 se
2592 4709 2897 4775 continens,
2919 4723 3017 4777 per
3038 4710 3343 4778 quinarium
3371 4710 3538 4779 signi-

262 4800 363 4855 καὶ
400 4800 658 4871 τέτταρα,
695 4803 952 4873 σημαίνει
974 4801 1063 4854 διὰ
1096 4802 1195 4870 μὲν
1228 4804 1326 4870 τῆς
1351 4801 1613 4866 πεντάδος
1643 4802 1741 4873 τὴν
1765 4803 1852 4857 αῐ-

1961 4801 2084 4857 llcat
2120 4817 2363 4867 sensum,
2396 4816 2492 4872 per
2525 4801 2938 4872 quaternarium
2968 4814 3097 4856 vero
3119 4800 3360 4869 corporis
3388 4814 3539 4855 com-

265 4892 486 4962 σθησιν,
527 4891 619 4945 διὰ
656 4892 713 4945 δὲ
749 4892 853 4962 τῆς
905 4892 1162 4962 τετράδος
1197 4891 1293 4962 τὴν
1335 4891 1430 4945 τοῦ
1478 4890 1732 4961 σώματος
1764 4909 1854 4945 τε-

1961 4894 2281 4963 positionem
2334 4908 2403 4949 ex
2455 4904 2689 4965 quatuor
2745 4890 3031 4947 conﬂatam
3070 4890 3372 4947 elementis.
3431 4889 3534 4947 Ubi

259 4986 591 5055 τράστοιχον
618 4976 945 5056 σύγκρασιν.
981 4985 1152 5038 Ὅταν
1181 4983 1276 5037 οὖν
1312 4983 1437 5046 νοῦς
1467 4982 1577 5036 τῶν
1605 5000 1852 5053 σωματι-

1961 4980 2120 5049 igitur
2152 4981 2319 5035 rebus
2348 4981 2723 5050 corporalibus
2772 4980 3025 5049 superior
3069 4994 3224 5035 mens
3273 4981 3534 5045 evaserit,

259 5076 381 5129 κῶν
418 5077 719 5147 ὑπέρτερος
758 5074 1006 5143 γένηται,
1043 5074 1184 5128 ὥστε
1221 5075 1296 5146 μὴ
1324 5075 1849 5143 ἀντιστρατεὺεσθαι

1961 5072 2030 5127 ita
2057 5080 2118 5125 ut
2151 5081 2341 5126 contra
2391 5071 2537 5126 illam
2587 5071 2673 5125 lex
2708 5072 2890 5125 carnis
2937 5087 3041 5126 non
3078 5070 3326 5142 rebellet,
3359 5087 3533 5144 neque

261 5169 387 5223 κατ’
417 5166 585 5223 αὑτοῦ
606 5169 699 5241 τὸν
730 5167 895 5241 νόμον
916 5169 1016 5237 τῆς
1050 5167 1273 5236 σαρκὸς,
1315 5165 1450 5236 μηδὲ
1486 5165 1591 5218 ὑπ’)
1617 5164 1725 5218 τῶν
1756 5166 1845 5218 αἱ·

1961 5179 2050 5234 per
2070 5178 2262 5220 sensus
2284 5164 2337 5218 in
2361 5172 2712 5232 peccatorum
2739 5177 2896 5219 coeno
2917 5162 3208 5232 volutetur,
3232 5173 3357 5220 tunc
3379 5179 3530 5231 sane,

261 5257 513 5331 σθήσσων
538 5259 601 5312 ιν
620 5240 692 5330 τῇ
725 5260 836 5312 tm
865 5240 967 5326 τῆς
987 5258 1266 5329 ἁμαρτιας
1296 5256 1703 5329 συμφύρεσθαι,
1722 5256 1845 5310 τότε

1961 5268 2083 5312 tunc
2116 5254 2447 5325 tripartitam
2484 5256 2679 5310 anima:
2703 5254 3018 5312 facultatem
3054 5256 3267 5313 illarum
3292 5258 3411 5314 vice
3437 5272 3533 5312 as-

334 5408 385 5442 “
424 5406 599 5465 Exod.
639 5424 712 5476 tv,
748 5409 843 5464 22.
917 5408 965 5441 “
1002 5408 1107 5464 lsa.
1146 5425 1185 5473 t,
1229 5409 1285 5462 2.
1400 5406 1449 5439 ⁸⁸
1489 5406 1659 5465 Exod.
1696 5423 1812 5474 xu,
1851 5407 1938 5463 l2.

1497 5528 1823 5592 Francisci
1862 5527 2074 5593 Scorsi
2105 5536 2294 5591 notas.

335 5629 453 5700 (72)
500 5627 561 5682 In
582 5645 683 5696 quo
711 5632 835 5686 bene
856 5630 1172 5697 complacui.
1199 5630 1350 5686 Hanc
1375 5645 1562 5685 vocem
1598 5631 1844 5695 εὐδοκία,
1956 5630 2097 5684 idem
2141 5630 2207 5682 ad
2237 5630 2383 5700 hom.
2420 5625 2511 5700 48.
2552 5624 2684 5700 Vide
2717 5622 2881 5678 etiam
2914 5630 3024 5675 not.
3055 5618 3144 5683 ιε,
3182 5617 3251 5674 ad
3281 5616 3524 5692 catttdetn

260 5713 316 5757 et
344 5696 589 5756 εὐδοκέω
632 5701 760 5773 quid
798 5696 1017 5774 proprie
1067 5702 1177 5758 sint
1226 5701 1463 5771 explicat
1519 5712 1710 5755 auctor
1758 5702 1847 5755 hic
1958 5701 2048 5755 ubi
2092 5717 2152 5754 ea
2188 5714 2287 5753 nos
2333 5696 2796 5765 locupletavimns.
