3934 6222
274 287 418 350 1049
1650 290 1836 352 ΗΟΜΙ

1945 293 1984 354 Δ
2023 293 2143 364 LX.
2874 322 2883 332 ‘
3385 298 3524 363 1050

270 401 616 472 ἐναρμόνιον.
664 403 826 457 Ἀλλὰ
859 403 907 458 τί
939 403 1128 470 πάθως
1177 403 1318 474 Ἐγὼ
1356 404 1462 476 μὴν
1494 405 1704 476 κινήσω
1745 405 1836 476 τὴν

1949 411 2204 470 stinctttm
2239 417 2458 473 chordis
2497 417 2941 482 instrumentum,
2987 421 3043 470 et
3065 411 3132 468 ad
3171 426 3389 469 suavem
3421 414 3523 468 ali-

268 494 520 560 γλῶτταν
555 495 786 568 ταύτην,
809 496 906 567 τὴν
941 498 1184 569 ἀγλευκῆ
1212 515 1271 551 τε
1309 499 1406 552 καὶ
1432 499 1694 566 ἄμουσον,
1722 499 1754 568 ἡ
1786 498 1836 552 δὲ

1953 525 2113 578 quam
2144 513 2578 582 concinnamque
2605 510 2930 565 cantilenam
2963 506 3378 563 emodttlandam
3413 506 3517 560 im-

271 584 367 638 τοῦ
393 584 574 654 Λόγου
609 588 791 657 μήτηρ
825 587 1082 659 ῥυθμίσει
1117 587 1210 642 τόν
1243 589 1401 658 λόγον
1443 590 1576 660 πρὸς
1610 589 1708 660 τὴν
1735 590 1836 643 τῶν

1951 601 2204 670 pellatur.
2229 602 2334 657 Sed
2359 602 2485 670 quid
2511 615 2611 667 ego
2635 601 2720 656 hic
2745 599 2980 654 faciam?
3001 597 3260 669 Equidem
3287 597 3520 665 linguam

266 677 578 732 ἀκουόντων
604 679 894 748 ὠφέλειαν.

339 941 431 1012 Τῷ
458 941 638 1014 καιρῷ
678 944 876 1016 ἐκείνῳ
911 963 930 998 ι
959 946 1271 1015 Εἰσῆλθενό
1300 945 1509 1018 Ἰησοῦς
1537 949 1618 1012 είς
1646 946 1841 1019 κώμην

256 1036 385 1092 τινὰ
404 1053 417 1067 ·
439 1036 575 1107 γυνὴ
590 1037 644 1089 δὲ
674 1053 758 1102 τις
783 1037 1008 1100 ὀνόματι
1031 1039 1232 1110 Μάρθα
1261 1039 1555 1106 ὑπεδέξατο
1577 1041 1740 1094 αὐτὸν
1763 1044 1843 1105 είς

261 1131 356 1184 τὶν
381 1127 530 1184 οἷκον
560 1132 747 1201 αὐτῆς.
783 1152 802 1185 ι
839 1130 1034 1187 Ἦνίκα
1062 1135 1162 1204 τὴν
1191 1135 1332 1204 ὑπὲρ
1349 1135 1506 1208 ἡμῶν
1529 1137 1841 1204 οἰκονομίαν

262 1220 502 1291 ἐπλήρου
537 1225 564 1274 6
591 1222 660 1274 δι’
687 1223 833 1291 ἡμᾶς
864 1223 1063 1288 ὑποδὺς
1093 1225 1152 1278 τὸ
1180 1227 1474 1296 ἡμέτερον,
1507 1229 1617 1280 τετο
1646 1228 1738 1280 καὶ
1759 1229 1839 1290 είς

263 1312 558 1382 Βηθανίαν,
592 1315 689 1384 τῆς
723 1315 916 1369 ἐαυτοῦ
942 1316 1098 1385 δόξης
1136 1317 1441 1389 πληρώσων
1460 1320 1633 1389 αὐτήν
1659 1335 1672 1350 ⁸
1697 1319 1836 1390 αὕτη

261 1403 372 1474 γὰρ
415 1405 448 1474 ή
493 1404 657 1474 κώμη
690 1406 861 1470 ἐστὶν,
913 1402 981 1478 ἧς
1024 1411 1122 1468 τὴν
1175 1409 1368 1478 κλῆσιν
1412 1411 1769 1481 παρέδραμεν
1809 1413 1839 1465 6

262 1498 658 1569 εὐαγγελιστὴς
675 1500 1109 1569 ἀμνημόνευτον,
1139 1501 1532 1566 ἐξεταστικωτέ
1542 1520 1671 1574 ρους
1691 1504 1838 1573 ἡμᾶς

262 1591 490 1660 ποιῆσαι
524 1590 864 1662 βουλόμενος.
916 1593 1134 1663 Ἐπειδὴ
1168 1594 1276 1666 γὰρ
1305 1595 1545 1665 Βηθανία
1575 1591 1723 1658 οἰκος
1753 1595 1838 1648 δό-

259 1685 361 1751 ξης
390 1683 778 1754 ἑρμηνεύεται,
817 1683 927 1738 εδει
956 1687 1050 1738 καὶ
1081 1687 1252 1756 αὐτὴν
1287 1687 1388 1740 οὐκ
1423 1687 1651 1757 ἄμοιρον
1680 1688 1835 1757 γενέ-

258 1773 385 1827 σθαι
408 1776 508 1844 τῆς
538 1774 690 1838 Θείας
708 1777 888 1846 δόξης.
915 1777 1030 1846 Τῆς
1058 1778 1114 1830 δὲ
1151 1755 1260 1833 τῶν
1288 1755 1592 1850 ἀνθρώπων
1617 1755 1832 1848 φύσεως
1860 1755 1908 1814 Β

257 1865 342 1928 είς
365 1865 458 1919 δύο
495 1866 625 1938 γένη
667 1869 1032 1940 διῃρημένης,
1065 1872 1146 1935 είς
1175 1873 1343 1943 ἄρρεν
1378 1872 1520 1941 λέγω
1547 1875 1640 1928 καὶ
1673 1874 1830 1942 θῆλυ,

257 1956 448 2028 ἐπειδὴ
477 1959 536 2011 ἐν
562 1957 785 2028 Χριστῷ
821 1959 994 2030 Ἰησοῦ
1022 1963 1122 2014 οὐκ
1148 1961 1298 2015 ἔστιν
1334 1963 1504 2034 ἄρρεν
1539 1964 1635 2017 καὶ
1669 1964 1830 2034 θῆλυ,

255 2049 401 2102 κατὰ
434 2050 526 2102 τὸν
564 2050 915 2117 Ἀπόστολον,
944 2051 1034 2106 διά
1070 2053 1231 2108 τοῦτο
1271 2056 1395 2108 οὐδὲ
1428 2057 1490 2108 τὸ
1519 2060 1833 2124 γυναικεῖον

259 2139 431 2211 φῦλον
485 2141 591 2207 ἔξω
624 2142 724 2212 τῆς
771 2144 1048 2214 σωτηρίας
1084 2145 1582 2216 καταλιμπάνεται.
1632 2150 1834 2219 Ἄμφω

259 2230 392 2298 γὰρ.
425 2231 520 2284 καὶ
553 2233 687 2301 γυνὴ
713 2236 808 2287 καὶ
838 2234 1001 2305 ἀνὴρ,
1033 2237 1131 2306 τῆς
1159 2238 1381 2309 ἐντολῆς
1415 2238 1832 2296 ἐκπεπτώκασι.

257 2322 580 2393 Ξεναγείται
622 2326 916 2396 τοιγαροῦν
960 2329 1068 2384 ὑπὸ
1119 2330 1348 2400 Μάρθας
1391 2334 1418 2386 6
1453 2332 1678 2403 Κύριος,
1709 2334 1832 2405 ἥτις

257 2416 353 2470 τοῦ
384 2416 636 2487 Λαζάρου
673 2418 1008 2487 γνωρίζεται
1054 2420 1339 2491 σύναιμος.
1383 2423 1523 2475 Ἀλλ’
1554 2422 1692 2494 αὕτη
1735 2425 1834 2494 μὲν

258 2513 596 2581 σωματικῶς
653 2516 995 2585 ἐπειγομένη
1044 2517 1382 2586 θεραπεῦσαι
1458 2518 1551 2572 τὸν
1604 2518 1829 2588 Κύριον,

261 2622 280 2654 ι
314 2606 680 2675 Περιεσπᾶτο,
704 2608 860 2676 φησι,
882 2624 947 2660 πε
959 2606 1009 2677 pl
1037 2609 1239 2676 πολλὴν
1266 2608 1574 2665 διακονίαν
1600 2631 1620 2662 ι
1657 2611 1688 2679 ἡ
1715 2609 1834 2663 σύν.

257 2713 420 2765 αιμος
453 2697 530 2761 δέ,
568 2697 662 2752 ἅτε
692 2697 770 2767 τῷ
819 2699 922 2764 τῆς
963 2700 1318 2766 διδασκαλίας
1353 2703 1640 2772 ἀγκίστρῳ
1672 2701 1830 2773 ἐξηρ-

259 2790 496 2861 τημένη,
530 2793 626 2845 καὶ
660 2793 755 2844 τοῦ
785 2792 932 2845 θείου
965 2794 1129 2860 λόγον
1161 2795 1444 2864 κατάκρας
1478 2795 1704 2860 ἁλοῦσα,
1737 2795 1834 2849 καὶ

257 2883 322 2936 τι.
351 2879 519 2948 γλυκὺ
546 2881 696 2950 βέλος
712 2883 809 2946 τῆς
826 2883 1036 2936 ἐκείνου
1065 2885 1281 2955 ἀγάπης
1305 2884 1599 2955 δεδεγμένη
1624 2888 1801 2958 ἐγκάρ
1817 2916 1831 2929 ο

259 2971 396 3031 διον,
447 2971 542 3025 καὶ
584 2971 678 3024 τοῦ
711 2972 852 3041 ὑπὲρ
892 2973 1050 3043 ἡμῶν
1083 2974 1482 3038 ἐκκενωθέντος
1517 2975 1694 3047 μύρου
1732 2979 1833 3048 τῆς

261 3063 414 3126 θείας
441 3064 741 3131 αἰσθομένη
770 3064 970 3135 ὀσμῆς,
1002 3066 1094 3135 ὅλη
1129 3067 1228 3135 τῆς
1255 3068 1570 3139 ἀκροάσεως
1599 3069 1829 3137 γίνεται,

264 3158 550 3227 μονονουχὶ
570 3156 640 3210 τὰ
663 3156 758 3210 τοῦ
784 3157 1062 3228 ’ᾼσματος
1091 3157 1326 3225 λέγουσα
1346 3177 1360 3191 ο
1388 3160 1510 3222 «El;
1530 3161 1706 3231 ὀσμὴν
1726 3162 1834 3232 μύ..

264 3268 364 3320 ρου
412 3266 508 3304 σου
551 3249 809 3320 ἔδραμον,
846 3250 928 3302 ὅτι
976 3251 1293 3320 τετρωμένη
1327 3251 1426 3321 τῆς
1470 3253 1568 3321 σῆς
1611 3253 1836 3324 ἀγάπης

263 3343 402 3414 εἰμί.
431 3362 450 3394 ι
487 3343 722 3412 Ἔμελλε
754 3344 811 3396 δὲ
835 3344 931 3396 καὶ
977 3343 1117 3412 αὕτη
1164 3344 1360 3414 μικρὸν
1389 3344 1616 3415 ὕστερον
1662 3345 1836 3415 μύρον

263 3437 413 3509 αὐτῷ
440 3437 762 3508 προσάγειν,
800 3439 1065 3507 πρότερον
1094 3437 1192 3504 μὲν
1225 3436 1635 3507 τυπικώτερον,
1675 3437 1835 3492 ῦστε-

264 3549 358 3605 ρον
385 3531 444 3585 δέ
473 3530 568 3584 καὶ
612 3531 810 3600 ἑαυτὴν
843 3531 972 3596 ὃλην
1003 3530 1266 3600 ἀναθῆναι
1316 3530 1456 3601 Θεῷ.
1505 3531 1836 3598 Βουλόμενος

257 3620 319 3674 δὲ
351 3621 381 3674 6
412 3620 572 3689 λόγος
600 3621 662 3674 τδ
709 3621 838 3690 περὶ
876 3620 978 3689 τῆς
1009 3617 1366 3683 διδασκαλίας
1404 3622 1578 3693 αὐτῆς
1613 3622 1837 3678 ἁδίστα-

259 3731 393 3768 κτον
440 3713 740 3780 ὑποδεῖξαι,
777 3713 1254 3784 παρακαθημένην
1299 3714 1473 3785 αὐτὴν
1521 3714 1600 3787 τῷ
1646 3716 1838 3789 Κυρίῳ

259 3808 579 3879 παρέστησε
605 3823 620 3837 ·
651 3808 786 3878 φησὶ
817 3808 924 3878 γάρ
954 3821 970 3838 ο

346 3999 367 4035 ι
399 3979 511 4036 Καὶ
556 3982 687 4052 τῇδε
730 3976 800 4051 ἦν
847 3980 1054 4052 ἀδελφὴ
1099 3980 1410 4052 καλουμένη
1457 3983 1669 4054 Μαρία,
1715 3983 1839 4054 ἥτις

267 4073 697 4146 παρακαθίσασα
730 4074 882 4143 παρὰ
926 4074 1053 4137 τοὺς
1099 4073 1266 4137 πόδας
1294 4073 1388 4127 τοῦ
1435 4075 1634 4143 Ἰησοῦ,
1671 4075 1838 4146 ἤκουε

263 4169 359 4219 τὸν
397 4165 554 4234 λόγον
614 4164 805 4218 αὑτοῦ.
832 4183 852 4217 ι
893 4163 967 4217 T6
1001 4166 1199 4232 πάγιον
1237 4167 1400 4218 οἱονεὶ
1432 4166 1714 4236 σημαίνων
1742 4168 1840 4221 καὶ

267 4260 526 4311 ἄσειστον
552 4273 568 4290 ο
597 4255 934 4326 λαμϐάνεται
960 4255 1066 4326 γὰρ
1092 4256 1148 4308 ἐν
1179 4259 1242 4325 τῇ
1278 4255 1398 4326 θείᾳ
1428 4256 1618 4328 Γραφῇ
1659 4257 1721 4311 τὸ
1741 4259 1838 4328 τῆς

265 4348 540 4417 καθέδρας
577 4347 748 4415 ὄνομα
776 4347 1185 4417 παραστατικὸν
1211 4348 1312 4416 τῆς
1343 4349 1400 4400 ἐν
1437 4348 1514 4418 τῷ
1549 4349 1839 4419 πράγματι

1951 691 2089 745 banc
2121 691 2397 747 insuavem
2431 693 2773 762 ineptamque
2823 693 3083 758 movebo;
3126 701 3377 746 caeterum
3401 705 3520 746 ser-

1949 797 2162 836 monem
2191 783 2258 836 ad
2293 783 2622 838 audientium
2657 782 2944 838 utilitatem
2972 780 3133 837 Verbi
3168 781 3338 837 Mater
3369 797 3520 838 emo~

1945 873 2238 929 dulabitur.

2019 963 2076 1019 ln
2110 965 2200 1021 illo
2226 974 2471 1032 tempore
2509 985 2527 1018 ι
2561 963 2843 1036 Ingressus
2887 974 2972 1020 est
3017 963 3174 1020 Jesus
3227 965 3281 1019 in
3340 964 3515 1034 quod-

1944 1056 2066 1109 dam
2095 1057 2416 1123 castellum;
2443 1067 2497 1111 et
2531 1057 2727 1112 mulier
2757 1057 3001 1126 quaedam
3052 1055 3257 1110 Martha
3299 1057 3517 1113 nomine

1942 1145 2155 1213 excepit
2180 1160 2301 1199 cum
2336 1146 2387 1199 in
2421 1147 2634 1200 domum
2683 1161 2837 1200 suam
2879 1145 2943 1199 δ’.
2979 1163 2997 1196 ι
3036 1143 3152 1211 Quo
3182 1153 3423 1214 tempore
3451 1159 3515 1199 ea

1942 1251 2061 1306 quae
2105 1238 2169 1290 ad
2222 1238 2450 1292 salutem
2496 1247 2736 1292 nostram
2777 1245 2933 1291 erant
2971 1237 3229 1306 disposita
3273 1234 3385 1299 ille,
3425 1233 3514 1303 qui

1941 1339 2158 1397 propter
2210 1343 2335 1393 nos,
2381 1329 2522 1398 quod
2568 1337 2809 1382 nostrum
2862 1327 3273 1396 exsequebatur,
3321 1324 3520 1378 Betha-

1941 1418 2084 1473 niam
2113 1421 2275 1475 etiam
2314 1420 2498 1475 adibat
2525 1429 2582 1474 ut
2617 1435 2712 1476 sua
2743 1435 2862 1474 eam
2895 1419 3062 1489 gloria
3099 1417 3381 1487 impleret;
3413 1417 3515 1471 hoc

1939 1512 2211 1579 siquidem
2244 1513 2370 1567 illud
2409 1513 2690 1568 castellum
2723 1522 2807 1568 est
2835 1512 2990 1582 cujus
3023 1527 3216 1566 nomen
3250 1510 3514 1565 indictum

1942 1604 2283 1672 Evangelista
2308 1605 2594 1673 praeteriit;
2639 1615 2697 1657 ut
2729 1619 2826 1657 nos
2862 1605 2924 1656 ad
2958 1601 3386 1670 investigandum
3419 1614 3512 1653 so-

1943 1695 2191 1751 lertiores
2222 1697 2477 1751 ediceret.
2515 1696 2778 1763 Quoniam
2809 1696 2952 1749 enim
2984 1695 3298 1750 Bethaniam
3330 1691 3514 1760 gloria:

1941 1791 2149 1843 domum
2179 1790 2292 1861 (76)
2327 1791 2762 1858 interpretamur,
2800 1803 2971 1858 neque
3020 1802 3138 1842 eam
3173 1787 3366 1838 divinae
3394 1782 3512 1852 glo-

1942 1880 2034 1934 riae
2079 1891 2352 1944 expertem
2402 1895 2522 1934 esse
2573 1881 2883 1946 oportebat.
2927 1879 3063 1934 Cum
3113 1893 3240 1932 vero
3287 1879 3338 1931 in
3378 1877 3514 1930 duos

1941 1986 2104 2026 sexus
2139 1972 2372 2026 hominis
2403 1971 2474 2026 sit
2502 1971 2671 2025 divisa
2703 1979 2917 2034 natura,
2943 1970 2993 2023 in
3020 1983 3245 2030 marem,
3268 1968 3513 2036 inquam,

1942 2072 1998 2116 et
2033 2063 2327 2128 feminam;
2368 2063 2622 2132 quoniam
2669 2062 2723 2116 in
2777 2060 2994 2116 Christo
3033 2059 3158 2116 Jesn
3193 2074 3367 2128 neque
3395 2073 3515 2112 mas

1939 2163 2016 2208 est
2051 2154 2163 2224 (77)
2197 2168 2373 2224 neque
2398 2153 2621 2219 femina,
2651 2163 2710 2206 ut
2743 2152 3034 2221 Apostolus
3062 2153 3135 2204 ait
3163 2151 3229 2216 “,
3265 2151 3388 2205 ideo
3421 2165 3518 2204 ne-

1940 2261 2047 2316 que
2085 2245 2372 2300 femineum
2406 2259 2578 2314 genus
2605 2243 2911 2298 excluditur
2937 2259 2966 2296 a
3002 2241 3200 2296 salute.
3232 2242 3404 2296 Ambo
3436 2241 3516 2294 si-

1941 2336 2185 2408 quidem,
2209 2337 2291 2390 vir
2316 2345 2368 2391 et
2389 2334 2601 2400 mulier,
2637 2342 2965 2404 praeceptum
3003 2331 3336 2402 pmvaricati
3363 2340 3511 2385 sunt.

1943 2427 2112 2498 lgitur
2145 2427 2384 2494 hospitio
2412 2426 2683 2490 excipitur
2729 2425 2988 2479 Dominus
3038 2439 3067 2477 a
3115 2423 3342 2486 Martha,
3395 2436 3516 2492 qua

1939 2521 2152 2590 quidem
2177 2519 2365 2573 Lazari
2388 2532 2543 2572 soror
2569 2532 2688 2572 esse
2709 2516 3034 2571 declaratur.
3060 2514 3252 2568 Verum
3281 2527 3364 2579 ea,
3392 2528 3513 2568 cum

1940 2613 1993 2667 in
2032 2613 2193 2666 rebus
2234 2612 2299 2665 ad
2350 2625 2549 2680 corpus
2591 2608 2953 2678 spectantibus
2989 2605 3238 2660 famulari
3287 2605 3515 2659 Domino

1938 2705 2253 2768 festinaret,
2285 2721 2306 2755 ι
2336 2703 2633 2773 satagebat,
2684 2700 2876 2768 inquit,
2923 2701 3066 2752 circa
3113 2698 3366 2765 frequens
3415 2696 3515 2750 mi-

1939 2797 2256 2863 nisterium;
2313 2812 2332 2846 ι
2369 2811 2527 2850 soror
2574 2808 2724 2857 vero,
2751 2802 2808 2846 ttt
2839 2807 2956 2858 qua:
2983 2793 3050 2845 ab
3075 2792 3234 2844 hamo
3257 2789 3515 2843 doctrina;

1940 2891 2223 2958 penderet,
2261 2897 2315 2940 et
2339 2887 2522 2940 divino
2555 2900 2807 2942 sermone
2841 2884 3056 2953 penitus
3084 2891 3237 2950 capta
3265 2888 3429 2944 esset,
3461 2887 3516 2932 et

1940 2983 2094 3036 dulce
2138 2980 2421 3036 charitatis
2456 2980 2624 3050 ipsius
2673 2979 2723 3032 in
2773 2977 2951 3031 medio
3000 2984 3214 3042 pectore
3250 2971 3514 3040 spiculum

1940 3073 2265 3141 excepisset,
2314 3081 2368 3125 ct
2415 3069 2673 3141 unguenti
2723 3069 2864 3121 illius
2913 3082 3008 3134 pro
3043 3066 3198 3119 nobis
3251 3063 3516 3119 exinaniti

1887 3147 1905 3167 ’
1937 3165 2178 3220 divinum
2224 3163 2450 3216 sentiret
2483 3162 2726 3224 odorem,
2760 3161 2810 3214 in
2847 3158 3200 3212 auscultando
3237 3169 3344 3212 tota
3375 3155 3514 3221 erat,

1937 3256 2096 3310 modo
2155 3269 2259 3307 non
2310 3253 2438 3306 illud
2482 3250 2692 3306 Cantici
2745 3265 3014 3318 usurpans
3059 3266 3076 3304 :
3118 3269 3135 3302 t
3180 3249 3238 3304 In
3293 3252 3512 3305 odorem

1938 3343 2194 3412 unguenti
2250 3343 2325 3397 tui
2372 3343 2623 3407 cucurri;
2692 3342 2945 3410 quoniam
3002 3342 3185 3396 saucia
3228 3357 3344 3396 sum
3380 3343 3513 3396 cba-

1938 3435 2099 3488 ritate
2143 3444 2230 3487 tua
2264 3434 2331 3488 “.
2364 3452 2383 3486 ι
2436 3433 2502 3487 Et
2544 3447 2673 3486 sane
2717 3434 2830 3502 ipsa
2871 3436 3030 3487 etiam
3065 3431 3219 3501 paulo
3246 3442 3370 3502 post
3397 3441 3517 3487 erat

1939 3537 2274 3593 unguentum
2332 3527 2410 3580 illi
2465 3525 2712 3579 oblatura
2759 3541 2774 3578 :
2829 3535 2884 3580 et
2928 3527 3076 3594 prius
3125 3525 3337 3594 quidem
3386 3524 3514 3578 illud

1941 3619 2200 3688 typicum,
2227 3627 2347 3685 post
2375 3618 2535 3671 etiam
2560 3625 2732 3671 semet
2759 3625 2922 3671 t0tam
2947 3616 3174 3670 Domino
3196 3628 3516 3670 consecrare

1939 3708 2192 3764 debebat.
2245 3708 2379 3764 Cum
2410 3718 2592 3763 autem
2629 3707 2942 3763 firmitatem
2978 3707 3174 3763 mentis
3211 3706 3330 3777 ejus
3365 3707 3514 3761 circa

1938 3800 2238 3854 doctrinam
2284 3799 2589 3871 significare
2640 3799 2798 3854 vellet
2853 3798 3236 3869 Evangelista,
3289 3797 3518 3854 Domino

1938 3907 2058 3947 eam
2094 3893 2416 3947 assidentem
2446 3891 2726 3957 exhibuit;
2760 3891 2834 3945 ait
2861 3891 3046 3947 enim:

2017 3999 2036 4032 ι
2072 3981 2133 4036 Et
2181 3981 2304 4036 huic
2350 3991 2469 4035 erat
2510 3996 2665 4035 soror
2697 3979 2914 4035 nomine
2959 3979 3150 4048 Maria,
3183 3996 3306 4052 qua
3352 3980 3515 4034 etiam

1939 4077 2133 4133 sedens
2179 4090 2337 4131 secus
2383 4073 2550 4146 414
2601 4073 2767 4144 pedes
2815 4069 2944 4128 Jcsu
2996 4074 3249 4129 audiebat
3290 4072 3516 4128 verba

1942 4167 2109 4221 Illius.
2160 4183 2179 4218 ι
2221 4165 2634 4220 Firmitudinem
2669 4162 2878 4218 scilicet
2923 4164 3394 4234 constantiamque
3440 4161 3520 4218 ai-

1941 4275 2134 4329 gnans.
2180 4258 2237 4312 In
2283 4258 2455 4313 sacris
2493 4258 2636 4314 enim
2688 4257 2908 4313 Litteris
2940 4255 3208 4310 stabilitas
3252 4258 3306 4310 ln
3337 4257 3519 4324 aliquo

1944 4353 2160 4422 negotio
2194 4352 2308 4419 (78)
2338 4352 2485 4412 sedis
2508 4353 2726 4405 nomine
2758 4350 3055 4404 indicatur.
3088 4347 3218 4402 Nam
3248 4359 3303 4404 et
3334 4348 3522 4402 Domi-

269 4441 654 4512 μονιμότητος.
692 4440 764 4492 Τὸ
787 4419 1015 4510 γὰρκαὶ
1055 4439 1217 4492 αὑτὸν
1259 4438 1349 4490 τδν
1390 4439 1593 4507 Κύριον
1618 4438 1836 4494 καθίσαι

1945 4419 2071 4500 num
2129 4447 2318 4500 sedere
2371 4447 2422 4499 in
2457 4446 2676 4499 dextera
2730 4444 2901 4499 Patris
2944 4443 3191 4497 stabilem
3242 4442 3292 4496 in
3338 4441 3517 4495 divina

266 4535 326 4586 ἐν
351 4533 501 4603 δεξιᾷ
535 4531 630 4585 τοῦ
670 4531 881 4602 [ἰατρὸς
928 4529 1024 4600 τὴν
1088 4532 1146 4584 ἐν
1171 4533 1238 4600 τῇ
1269 4529 1388 4600 θείᾳ
1411 4530 1538 4602 δόξῃ
1578 4531 1838 4601 σημαίνει

267 4625 542 4693 σταθερὰν
596 4623 957 4693 μονιμότητα.
1005 4622 1135 4675 Ἰδοι
1202 4623 1261 4677 δέ
1308 4640 1391 4685 τις
1438 4625 1704 4695 καθέδραν
1744 4626 1841 4679 καὶ

261 4717 368 4787 τὴν
402 4717 460 4768 ἐν
493 4715 570 4784 τῷ
611 4713 766 4782 κακῷ
790 4715 1062 4783 ἐμμονήν.
1102 4714 1174 4766 T6
1211 4713 1342 4783 γὰρ,
1372 4731 1390 4764 ι
1437 4715 1559 4767 Ἐπὶ
1602 4716 1840 4786 καθέδρᾳ

261 4808 472 4878 λοιμῶν
503 4808 602 4860 οὐκ
647 4807 924 4865 ἐκάθισεν,
951 4824 972 4859 ι
1007 4806 1298 4878 εἰρημένον
1345 4807 1482 4876 πρὸς
1520 4807 1613 4860 τοῦ
1652 4808 1836 4874 Δαόὶδ,

263 4901 328 4953 οὐ
357 4898 564 4967 ταύτην
611 4897 868 4967 σημαίνει
919 4896 1004 4964 ἐφ’
1033 4891 1101 4966 ἧς
1141 4897 1202 4948 τὸ
1237 4896 1395 4964 σῶμα
1421 4896 1836 4962 διαναπαύεται,

264 4987 406 5043 ἀλλὰ
429 4989 529 5053 τὴν
561 4987 822 5056 ἐπίμονον
846 4988 902 5039 ἐν
933 4988 997 5057 τῇ
1041 4986 1223 5057 κρίσει
1248 4987 1347 5056 τῆς
1390 4985 1589 5048 κακίας
1615 4987 1838 5058 διατρι-

265 5079 392 5150 ϐὴν,
426 5078 496 5148 ἢν
529 5080 656 5140 τοὺς
689 5079 963 5146 φυγόντας
986 5081 1013 5130 6
1045 5077 1255 5147 ψαλμδς
1281 5079 1640 5148 ὲμακάρισεν.
1677 5079 1788 5134 Καὶ
1813 5082 1840 5134 6

268 5171 525 5241 βατιλεὺς
552 5169 764 5236 Νινευῒ,
810 5170 1079 5240 διδαχθεὶς
1116 5169 1263 5240 παρὰ
1288 5169 1382 5222 τοῦ
1420 5171 1703 5240 προφήτου
1739 5171 1843 5241 τῆς

358 5331 406 5364 ⁴⁷
447 5330 580 5387 Luc.
606 5347 664 5395 ι,
702 5331 772 5387 58
804 5345 956 5401 seqq.

1947 4537 2116 4606 gloria
2147 4536 2411 4606 significat
2451 4536 2783 4591 ﬁrmitatem.
2820 4536 2958 4604 Quin
2991 4542 3044 4588 et
3087 4533 3140 4588 in
3170 4533 3310 4588 malo
3347 4532 3519 4588 obsti-

1949 4637 2129 4681 natum
2165 4626 2403 4679 animum
2449 4625 2598 4680 sedis
2641 4625 2856 4680 nomine
2897 4625 3068 4680 notari
3103 4624 3370 4692 quispiam
3403 4621 3520 4676 ani-

1950 4716 2318 4771 madverterit.
2353 4714 2505 4782 Quod
2536 4715 2681 4769 enim
2711 4731 2739 4769 a
2775 4714 2976 4770 Dan-ide
3006 4716 3204 4768 dictum
3230 4723 3313 4768 est
3347 4728 3362 4765 :
3402 4729 3422 4763 ι
3453 4711 3520 4766 Et

1947 4809 2000 4862 in
2048 4809 2304 4864 cathedra
2360 4809 2680 4878 pestilentiae
2733 4822 2839 4861 non
2887 4807 3025 4860 sedit
3072 4805 3141 4868 ⁸⁸,
3203 4822 3222 4856 ι
3255 4818 3358 4858 non
3399 4818 3518 4857 eam

1945 4901 2214 4966 signiticat
2241 4900 2446 4964 sedem,
2482 4902 2532 4954 in
2567 4915 2672 4968 quo
2705 4898 2996 4966 requiescit
3025 4911 3243 4964 corpus,
3275 4894 3367 4948 sed
3404 4908 3518 4962 per-

1949 4989 2175 5042 tiuaceut
2211 4989 2263 5041 in
2298 4989 2423 5042 mali
2457 4989 2722 5043 electione
2755 4985 3213 5055 permansionem,
3239 4998 3399 5052 quam
3425 4982 3516 5053 qui

1947 5082 2216 5147 fugerent,
2252 5079 2437 5133 beatos
2463 5078 2716 5148 praedicat
2750 5075 3000 5131 Psalmus
3026 5077 3096 5129 ⁸⁸.
3125 5074 3242 5130 Jam
3275 5087 3403 5130 vero
3425 5087 3517 5127 rex

1946 5174 2135 5230 Ninivc
2169 5172 2236 5226 de
2272 5172 2419 5226 urbis
2447 5170 2658 5226 excidio
2687 5185 2715 5222 a
2747 5169 3013 5240 propheta
3045 5167 3270 5225 edoctus
3304 5180 3336 5223 e
3391 5164 3520 5221 sede

1033 5329 1078 5362 “
1115 5330 1292 5386 Galat.
1327 5345 1414 5396 ut,
1445 5329 1536 5385 28.
1613 5331 1660 5364 “
1697 5330 1836 5387 Cant

1984 5332 2038 5387 '5.
2115 5330 2160 5363 ⁸⁰
2211 5329 2352 5385 Psal.
2403 5346 2441 5396 t,
2477 5329 2530 5385 1.
2605 5328 2649 5363 ⁵⁸
2686 5328 2817 5385 ibid.

1501 5457 1832 5522 Francisci
1867 5459 2074 5522 Scorsi
2108 5465 2294 5520 notae.

349 5585 465 5656 ('76)
509 5585 818 5640 Bethaniam
843 5584 1024 5655 gloria:
1044 5586 1278 5656 domum.
1302 5582 1375 5636 De
1397 5582 1499 5636 hac
1523 5582 1836 5654 etymologia

1955 5583 2014 5636 ἐν
2036 5579 2298 5656 μΧριστῷ.
2322 5580 2535 5656 Νξῐησοῦ
2567 5579 2849 5656 οὑκ-ἔστιν
2880 5582 3050 5656 ἄρρεν
3090 5580 3194 5656 καὶΔ
3217 5578 3371 5656 θῆλυ.

273 5653 512 5710 diximus
551 5661 615 5710 ad
660 5658 805 5712 hom.
840 5653 966 5716 ixv,
1007 5665 1120 5713 not.
1163 5653 1248 5707 78.

351 5727 462 5798 (77)
504 5724 681 5800 Neque
715 5743 825 5780 mas
855 5735 950 5779 est.
978 5724 1181 5782 Desunt
1221 5725 1332 5778 haec
1363 5724 1412 5779 ιιι
1444 5722 1504 5778 C.
1531 5722 1589 5776 l’.
1625 5721 1843 5790 Ἐπειδὴ

2025 5647 2138 5721 (78)
2178 5647 2456 5706 Stobilitds
2506 5654 2556 5707 in
2612 5652 2792 5723 aliqua
2834 5647 3061 5721 negotio.
3099 5647 3229 5706 Vide
3262 5647 3402 5706 dicta
3449 5649 3518 5706 ad

1957 5723 2102 5777 hom.
2137 5739 2261 5790 xxx,
2302 5732 2414 5778 uol.
2442 5723 2498 5780 2.
