3934 6222
521 171 653 233 ῙΟίᾎἸ

1720 171 2216 232 ΤΗΕΟΡΠᾹΝῘΒ
2257 172 2596 232 ΠΕΒᾹΜΕΙ

3537 202 3635 268 ιοιι

514 280 802 346 llerodias,
829 294 895 334 ne
925 294 1046 334 cum
1081 294 1146 334 ex
1185 279 1313 333 vino
1360 276 1747 344 deferbuisset,
1775 281 1976 335 donum
2013 296 2083 334 rei

2203 279 2334 349 γάρ,
2363 283 2520 350 φησὶ,
2545 283 2633 336 διὰ
2665 284 2723 338 δὲ
2750 286 2877 347 τοὺς
2910 285 3103 356 ὅρκους
3153 294 3240 344 καὶ
3265 296 3376 360 τοὺς
3401 316 3643 366 συνανακει-

516 383 734 430 cusaret
770 371 1031 428 llerodes.
1071 371 1162 426 Ille
1194 387 1357 438 vero;
1408 373 1530 427 vide
1571 373 1804 427 animam
1835 372 2094 441 jumeutis

515 469 894 540 insipientibus
939 468 1296 523 assimilatam
1347 467 1394 498 “
1437 487 1452 523 :
1513 485 1532 517 ι
1567 466 1933 520 Contrislatus
1989 475 2094 533 est,

513 563 708 632 inquit,
734 570 952 631 proptrr
973 545 1341 628 juramentum
1375 567 1579 623 autem,
1608 567 1663 612 et
1688 557 1846 612 simul
1876 566 2096 627 propter

515 653 922 708 discumbentes
951 651 1123 705 noluit
1148 651 1293 705 illam
1315 651 1662 706 contristare.
1695 669 1713 701 ι
1751 649 2090 718 Figmentum

510 744 777 812 quoddam
808 742 930 808 fuit,
953 752 1006 798 et
1039 750 1362 813 praeteritus,
1394 740 1670 794 simulatio
1694 740 1784 793 illa
1817 739 2088 793 interoris.

508 835 724 890 Etenim
776 833 865 888 illa
915 835 1223 903 promissio,
1259 848 1420 902 quam
1477 832 1704 896 fecerat,
1734 831 2097 902 jurejurando

508 927 719 979 firmata
757 927 822 978 ad
870 925 1020 995 regni
1064 925 1343 980 dimidium
1374 923 1786 978 extendebatur.
1816 923 1930 990 Qua
1969 923 2092 992 qui-

505 1019 630 1072 dem
671 1028 835 1080 terra,
889 1027 942 1072 et
990 1017 1388 1088 possessiones,
1421 1026 1475 1070 et
1517 1017 1778 1084 pecunim,
1811 1025 1864 1069 et
1895 1029 2091 1083 pecora

505 1112 897 1165 continentur:
942 1125 1049 1164 non
1106 1125 1236 1163 vero
1294 1109 1568 1178 propheta:
1607 1116 1800 1176 caput,
1847 1106 1998 1175 cujus
2029 1122 2094 1161 ne

508 1212 651 1258 totus
691 1203 910 1272 quidem
955 1203 1186 1256 mundus
1217 1202 1437 1268 dignum
1495 1201 1726 1268 pretium
1770 1209 1938 1254 esset.
1982 1197 2092 1253 0b-

507 1305 794 1358 rrnncatur
827 1293 993 1365 igitur
1025 1293 1434 1347 sanctissimum
1468 1303 1664 1362 caput,
1702 1291 1785 1346 vel
1831 1291 1964 1361 ipsis
1994 1305 2096 1343 an-

501 1390 644 1458 gelis
689 1387 1073 1442 venerandum.
1123 1384 1168 1440 0
1201 1385 1539 1440 detestabilis
1574 1399 1746 1448 mens,
1779 1399 1902 1454 qua:
1931 1383 2091 1436 talem

500 1491 701 1544 caadcm
749 1495 833 1542 est
883 1486 1228 1540 machinata!
1283 1482 1328 1538 Ο
1360 1483 1693 1538 exsecranda
1746 1483 1925 1552 lingua
1977 1494 2095 1548 qua:

503 1582 664 1635 talem
729 1579 1057 1633 sententiam
1112 1575 1383 1647 protulit!
1425 1573 1468 1629 Ο
1505 1576 1679 1628 audax
1743 1589 1938 1627 manus
1969 1586 2088 1639 qua:

502 1673 578 1726 illi
613 1671 871 1726 famulata
904 1670 1026 1724 estl
1059 1669 1133 1724 Ac
1154 1669 1267 1740 jam
1301 1667 1624 1721 introfertur
1673 1665 1726 1718 in
1774 1666 1925 1719 disco
1953 1679 2081 1734 per-

501 1766 680 1820 fusum
714 1764 877 1836 422
913 1761 1198 1832 sanguine,
1226 1759 1386 1813 triste
1425 1757 1666 1814 convivis
1694 1757 2083 1826 spectaculum,

499 1871 659 1928 atque
690 1861 754 1911 ad
806 1863 1172 1912 cotuessantes
1201 1862 1255 1906 et
1293 1851 1499 1914 ebrios,
1567 1848 1656 1904 ille
1694 1848 1785 1918 qui
1842 1847 1948 1901 cibi
1991 1846 2086 1900 ab-

2201 373 2396 441 μένους
2427 375 2528 428 οὐκ
2567 375 2832 448 ἠθέλησεν
2876 379 3044 450 αὐτὴν
3096 383 3353 454 ἀθετῆσαι.
3389 411 3405 442 ι
3443 395 3648 454 litum.

2201 465 2366 534 μένον
2379 467 2610 537 πλάσμα
2632 463 2701 538 ἦν
2729 469 2791 521 τὸ
2817 469 2920 540 τῆς
2937 470 3129 542 λύπης,
3181 478 3270 530 καὶ
3311 483 3550 552 πρόφασις.
3601 493 3647 546 ’11

2197 557 2307 628 γὰρ
2337 557 2564 627 ἔνορκος
2605 561 2890 630 ὁμολογία,
2917 563 2985 634 ἣν
3007 565 3306 636 ἐποιήσατο,
3330 571 3436 624 ὅσον
3457 578 3506 629 τὸ
3528 579 3648 648 ἥμισυ

2197 651 2298 721 τῆς
2331 651 2620 722 βασιλείας
2650 650 2743 725 ἦν.
2769 655 2944 710 Τοῦτο
2977 656 3032 710 δὲ
3055 660 3362 732 κατάσχεσις
3392 667 3478 736 γῆς
3493 664 3562 739 ἧν,
3584 676 3647 728 καὶ

2196 744 2478 813 κτήματα,
2507 745 2602 798 καὶ
2623 748 2910 817 χρήματα,
2937 749 3031 803 καὶ
3073 750 3396 824 βοσκήματα.
3423 758 3474 812 οὐ
3495 777 3646 832 προφη-

2195 836 2322 905 τικὴ
2356 837 2594 905 κεφαλὴ,
2619 832 2690 908 ἧς
2705 838 2815 892 οὐδ’
2841 842 2869 893 6
2895 841 3097 912 κόσμος
3122 844 3235 908 ὅλος
3257 846 3488 913 ἀντάξιος.
3507 851 3649 920 Tim:-

2195 943 2287 979 ται
2310 922 2405 980 οὖν
2430 928 2463 997 ἡ
2491 929 2753 1000 πανίερος
2784 932 2956 1003 κάρα,
2991 935 3024 1004 ἡ
3056 932 3149 988 καὶ
3165 937 3333 1002 αὐτοῖς
3356 942 3449 1000 τοῖς
3469 941 3647 1007 ἀγγέλοις

2197 1019 2500 1089 αἰδέσιμος.
2536 1017 2607 1075 Ὦ
2631 1024 2807 1094 μιαρὰ
2836 1025 3000 1098 φρὴν,
3035 1027 3068 1098 ἠ
3097 1029 3324 1082 τοιοῦτον
3349 1031 3485 1098 φόνον
3521 1033 3648 1104 δολορ-

2201 1112 2493 1183 ῥαφήσασα
2529 1115 2542 1168 l
2622 1107 2667 1167 ὦ
2727 1116 2958 1185 βδελυρὰ
2982 1118 3216 1184 γλῶσσα,
3249 1122 3279 1190 ἡ
3309 1122 3523 1190 τοιαύτην
3559 1127 3648 1178 diti-

2198 1220 2364 1271 φασιν
2397 1206 2698 1272 ἐπιτάξασα
2729 1209 2743 1261 l
2774 1202 2820 1262 ὦ
2841 1207 3091 1279 τολμηρὰ
3141 1212 3276 1283 χεὶρ,
3308 1213 3340 1282 ἡ
3393 1215 3504 1283 πρὸς
3543 1217 3648 1269 τοῦτο

2197 1295 2620 1365 ὑπηρετήσασα.
2648 1299 2760 1352 Καὶ
2781 1301 3068 1369 εἰσάγεται
3121 1303 3211 1355 ἐπὶ
3254 1304 3452 1367 πίνακος
3503 1305 3646 1376 πλήρης

2197 1389 2430 1458 αἵματος
2451 1391 2567 1452 τοῖς
2596 1391 2883 1462 δαιτυμόσι
2911 1394 3091 1465 θέαμα
3118 1395 3416 1466 σκυθρωπὸν
3444 1399 3548 1467 πρὸς
3566 1401 3648 1461 τοὺς

2197 1482 2507 1550 κωμῶντας
2529 1483 2622 1538 καὶ
2665 1483 2965 1552 μεθύοντας
2997 1488 3116 1556 ὁτῇ
3163 1488 3335 1559 ἀσιτίᾳ
3380 1490 3540 1558 μικροῦ
3587 1492 3648 1543 καὶ

2198 1573 2454 1641 ἀγγέλοις
2487 1577 2987 1647 συναμιλλώμενος,
3011 1580 3110 1632 καῖ
3137 1581 3382 1651 μαχλῶσα
3431 1584 3564 1653 πῢρνη
3591 1583 3649 1635 τὸν

2190 1664 2376 1734 ἀπαθῆ
2429 1667 2524 1719 καὶ
2578 1668 2849 1738 παρθένον
2905 1670 3190 1741 κρατοῦσα
3254 1673 3526 1742 κατετρύφα
3557 1691 3648 1741 κιγ-

2183 1755 2449 1826 χάζουσα,
2477 1761 2557 1821 είς
2592 1761 2746 1836 τέλος
2792 1761 3008 1816 ἀποϐὰν
3061 1763 3244 1834 ὁρῶσα
3273 1765 3330 1818 τὸ
3365 1765 3540 1834 ἧδιστον
3560 1767 3646 1836 αὐτῇ

2183 1847 2386 1918 θέαμα,
2411 1851 2505 1903 καὶ
2528 1851 2634 1921 πρὸ
2664 1852 2862 1905 πολλοῦ
2896 1853 3286 1925 μελετώμενον,
3303 1856 3411 1924 ἥτις
3431 1857 3508 1909 καὶ
3523 1856 3647 1925 ὥσπερ

3774 637 3775 700 l

3773 1139 3775 1184 l

3773 1233 3775 1300 l

499 1954 756 2006 stancntia
784 1947 866 2001 vel
890 1961 1010 2001 cum
1040 1943 1249 2014 angelis
1297 1941 1678 2004 contendebat,
1712 1949 1766 1993 et
1793 1937 2083 1992 lasciviens

2181 1937 2456 1993 δεδοικυῖα
2494 1941 2570 2011 μὴ
2600 1941 2678 2011 τῷ
2709 1942 2885 2014 λοιπῷ
2918 1944 3135 2015 σώματι
3164 1945 3411 2000 ἑνωθείσα
3447 1947 3646 2014 iuveni,

499 2042 756 2098 meretrix
797 2055 885 2103 eo,
925 2038 1015 2108 qui
1065 2035 1411 2107 passionibus
1457 2033 1591 2088 liber
1635 2039 1775 2095 erat,
1813 2038 1866 2085 et
1906 2031 2080 2096 virgo,

2185 2031 2282 2082 καὶ
2309 2027 2466 2096 αὖθις
2485 2033 2580 2086 τοῦ
2607 2034 2878 2104 συνήθους
2933 2037 3191 2109 ἐλέγχους
3232 2039 3491 2109 ἐφάψηται,
3538 2039 3648 2106 αὐτὴν

497 2139 664 2208 potita
715 2132 1198 2194 delectabaturpet
1243 2127 1626 2192 cacbinnabat,
1653 2138 1776 2177 cum
1821 2122 1952 2176 illud
1990 2121 2077 2187 ju-

2187 2123 2288 2193 μὲν
2351 2127 2456 2192 γῆς
2540 2128 2988 2199 ἐγκατακρύπτει
3062 2133 3268 2200 μυχοῖς,
3345 2132 3401 2186 τὸ
3442 2133 3488 2185 δὲ
3525 2128 3647 2183 λοιπὸν

498 2230 892 2290 curidissimum
947 2222 1318 2296 spectaculum
1365 2230 1420 2276 et
1470 2220 1689 2292 plurimi
1745 2216 2072 2272 aestimatum

2180 2217 2333 2285 ἅγιον
2364 2217 2523 2287 σῶμα
2557 2219 2605 2271 οῑ
2648 2219 2888 2290 μαθηταὶ
2907 2220 3166 2284 λαϐόντες
3189 2224 3244 2275 ὲν
3273 2225 3336 2292 γῇ
3369 2222 3651 2290 itemhinc.

505 2323 724 2377 tandem
781 2316 1040 2384 obtigisse
1103 2315 1206 2369 sibi
1255 2313 1503 2378 videret;
1550 2321 1603 2366 ct
1666 2310 1894 2380 perinde
1935 2322 1998 2362 ac
2054 2317 2360 2370 vereretur,
2409 2324 2477 2363 ne
2514 2319 2676 2378 caput
2726 2312 2853 2367 illud
2903 2313 3116 2382 reliquo
3173 2315 3488 2384 conjunetum
3523 2327 3650 2380 corpo-

506 2421 550 2472 ri
592 2417 973 2478 revivisceret,
1001 2422 1054 2467 et
1087 2421 1405 2466 consuetam
1437 2406 1913 2477 reprehensionem
1967 2418 2158 2458 rursus
2199 2405 2541 2473 inccptaret,
2606 2405 2784 2475 ipsum
2865 2409 3088 2478 quidem
3146 2411 3199 2464 in
3251 2423 3395 2466 teme
3443 2409 3650 2464 visceribus

499 2511 722 2578 obruit;
778 2509 1041 2578 reliquum
1100 2520 1227 2561 vero
1292 2511 1538 2560 sanctum
1583 2514 1780 2570 corpus
1825 2498 2073 2569 discipuli
2116 2498 2375 2565 tulerunt,
2412 2511 2465 2555 et
2504 2501 2670 2555 humo
2711 2503 3059 2558 mandarunt.

571 2602 740 2673 lgitur
774 2615 894 2671 qua:
944 2601 1010 2652 ad
1061 2603 1309 2652 sanctum
1364 2594 1763 2650 Praecursorem
1817 2592 2072 2653 attinent,

500 2698 574 2751 ila
610 2698 750 2749 facta
788 2703 933 2747 sunt.
969 2689 1266 2761 Oportebat
1292 2687 1549 2742 nimirum
1577 2727 1592 2751 ,
1635 2684 1920 2755 oportebat
1949 2698 2072 2738 eum

2255 2589 2335 2645 Τὰ
2396 2593 2496 2662 μὲν
2558 2588 2652 2647 οὖν
2704 2595 2845 2648 κατὰ
2911 2597 3008 2649 τὸν
3067 2597 3210 2670 ἱερὸν
3249 2597 3523 2668 Πρόδρομον
3557 2591 3653 2646 οὕτω

2185 2683 2404 2754 συνέϐη.
2436 2684 2582 2738 Ἔδει
2604 2686 2735 2755 γὰρ,
2764 2687 2868 2739 ἔδει
2897 2687 2990 2740 τὸν
3009 2692 3074 2741 ἐκ
3092 2688 3373 2758 Δευῖτικῆς
3395 2686 3552 2756 63cm;
3574 2701 3654 2752 γεν-

499 2787 588 2855 qui
611 2795 726 2838 erat
745 2800 807 2839 ex
835 2782 1080 2836 Levitico
1095 2781 1300 2834 semine
1317 2777 1415 2850 (8),
1451 2786 1502 2831 et
1521 2793 1585 2832 ex
1607 2785 1838 2846 utroque
1855 2783 2079 2844 parente

2186 2773 2449 2842 νώμενον,
2531 2778 2652 2830 κατ’
2721 2780 2924 2848 ἀμφοῖν
2985 2783 3101 2834 τοῖν
3168 2783 3367 2849 γενεοίν
3420 2779 3654 2849 ’Δαρωνίτην

500 2877 728 2926 Aaronis
749 2873 918 2940 stirpe
941 2878 1260 2941 pregnatus,
1280 2880 1493 2921 sacrum
1511 2865 1760 2919 indueret
1773 2862 2077 2926 coccinum,

499 2983 562 3020 ex
589 2973 802 3020 suomet
832 2961 1092 3031 sanguine
1115 2960 1338 3014 tinctum
1363 2967 1416 3012 et
1436 2957 1526 3026 qui
1554 2957 1693 3011 inter
1714 2965 1872 3010 natos
1894 2953 2085 3008 mulie-

501 3074 619 3112 rum
657 3055 826 3124 major
868 3063 1007 3118 crat,
1029 3055 1170 3108 inter
1209 3067 1302 3107 eos
1323 3053 1414 3121 qui
1439 3049 1704 3121 sanguine
1724 3047 2082 3126 consummati

501 3163 647 3214 sunt,
685 3166 792 3204 non
839 3157 985 3203 esset
1010 3147 1205 3202 minor.
1239 3146 1304 3200 Et
1338 3145 1498 3200 sicuti
1546 3153 1743 3199 caetera
1789 3139 2083 3196 honoriﬁca

499 3247 717 3300 nomina
754 3244 977 3299 sortitus
1009 3253 1115 3308 est,
1140 3242 1211 3297 ita
1234 3256 1411 3312 neque
1433 3239 1588 3295 titulo
1611 3238 1864 3312 martyris
1891 3252 2083 3309 expers

496 3348 661 3394 esset.
691 3337 818 3390 Abit
863 3337 1028 3407 igitur
1065 3335 1226 3391 sicuti
1263 3336 1320 3390 in
1366 3335 1525 3399 terris
1573 3332 1792 3400 fecerat,
1827 3333 1899 3388 ita
1944 3333 2082 3402 apud

499 3431 702 3485 inferos
727 3429 1076 3483 nuntiaturus
1107 3429 1398 3482 adventum
1432 3426 1647 3482 Domini
1678 3423 1786 3493 ille,
1813 3425 1904 3495 qui
1937 3435 2084 3479 vete-

497 3524 572 3576 ris
592 3523 723 3592 legis
745 3521 1001 3586 cessatio,
1025 3528 1076 3576 et
1101 3520 1424 3592 principium
1442 3519 1650 3575 exstitit
1677 3533 1850 3582 novae,
1877 3517 2084 3572 medius

495 3617 641 3669 inter
669 3623 973 3682 utramque,
1001 3627 1128 3679 vox,
1169 3613 1408 3678 lucerna,
1437 3611 1653 3675 lucifer,
1679 3612 1924 3682 angelus,
1951 3626 2082 3682 apo-

495 3709 689 3770 stolus,
717 3705 950 3771 Levites,
974 3704 1281 3770 Aaroniles,
1305 3704 1586 3774 propheta,
1607 3705 1867 3758 montium
1885 3704 2080 3767 cultor,

495 3804 732 3874 Baptisza
764 3817 960 3873 pi'mco,
1011 3815 1340 3869 prmcursor,
1376 3802 1550 3871 virgo,
1591 3801 1920 3869 poenitentia:
1968 3813 2085 3853 ma-

495 3897 682 3965 gister,
713 3895 1008 3964 castigator
1033 3894 1260 3964 peccati,
1299 3901 1539 3962 martyr;
1576 3893 1679 3946 hoc
1729 3893 1872 3946 enim
1915 3893 2081 3946 veluti

496 3988 728 4059 sigillum
781 3990 991 4044 caneris
1026 3988 1338 4043 nominibus
1369 3998 1452 4041 est
1486 3987 1821 4057 appositum.

563 4145 674 4202 Nos
723 4163 873 4213 vero,
926 4163 958 4202 ο
1015 4147 1327 4202 Christiana
1383 4147 1596 4212 concio,
1655 4161 1868 4202 sacrum
1927 4141 2148 4201 illiusD

492 4237 814 4310 martyrium
853 4240 1210 4309 spiritualiter
1240 4240 1619 4306 celebremus;
1659 4239 1926 4309 nobisque
1961 4255 2077 4293 ma-

496 4333 638 4387 xime
671 4347 992 4399 caveamus,
1027 4347 1091 4388 ne
1135 4336 1276 4388 idem
1327 4333 1471 4403 quod
1517 4331 1736 4387 Herodi'
1778 4334 2074 4402 contingat.

490 4425 770 4497 Contingit
797 4428 940 4480 enim
971 4427 1214 4494 omnino,
1245 4437 1302 4482 et
1327 4427 1372 4481 si
1419 4428 1528 4483 alio
1561 4429 1722 4483 modo
1754 4427 1823 4481 iis
1860 4429 1951 4497 qui
1976 4427 2078 4482 sibi

491 4521 706 4573 intento
759 4521 943 4573 animo
996 4534 1102 4574 non
1165 4520 1531 4591 prospiciunt.
1582 4520 1682 4577 Ubi
1727 4521 1872 4576 enim
1931 4534 2083 4574 mens

495 4614 660 4668 tiliam
722 4612 862 4682 regis
895 4613 1072 4666 Arelas
1122 4628 1186 4667 ex
1221 4613 1402 4667 divina
1448 4614 1549 4667 sibi
1597 4613 1903 4682 copulatam
1957 4612 2077 4682 lege

491 4707 653 4762 fuerit
713 4716 1005 4762 avrrsata:
1051 4706 1309 4775 intelligis
1361 4719 1554 4775 porrro
1599 4705 1689 4760 διὰ
1739 4703 1836 4759 τοῦ
1869 4703 2070 4774 Ἀρέτα

487 4803 586 4870 τὴν
637 4799 842 4872 ἀρετὴν
895 4815 991 4871 per
1073 4801 1294 4854 Aretam
1344 4799 1559 4852 scilicet
1615 4801 1902 4852 virtutem:
1956 4799 2070 4852 haec

489 4893 631 4945 enim
695 4891 1079 4946 honestissima
1134 4900 1186 4945 et
1239 4891 1504 4943 natm-alis
1560 4891 1755 4942 mentis
1804 4897 1887 4944 est
1939 4904 2070 4943 con-

482 4983 618 5051 jux;
674 4983 760 5036 ubi
813 4982 975 5053 igitur
1029 4983 1168 5036 lianc
1220 4981 1559 5051 repudiarit,
1611 4992 1664 5034 et
1714 4981 2065 5034 vitiositatem

487 5082 545 5127 nt
596 5074 919 5137 adulteram,
945 5085 1107 5143 atque
1152 5073 1507 5128 adventitiam
1549 5088 1734 5128 amore
1783 5073 2062 5141 complexa

485 5165 666 5231 fuerit,
701 5165 788 5219 ubi
842 5166 1095 5218 nimirum
1141 5180 1199 5220 se
1255 5166 1503 5234 corporis
1561 5165 1934 5234 voluptatibus
1984 5165 2066 5217 in-

481 5257 784 5327 gnrgitat‘it,
845 5267 972 5312 tunc
1031 5255 1170 5312 alter
1221 5255 1461 5312 Herodes
1516 5259 1769 5312 etlicitur.
1822 5255 2064 5310 Herodes

547 5409 595 5442 ἰδ
630 5407 773 5465 Psal.
807 5424 998 5474 vant,
1033 5408 1115 5462 f5.

2187 2865 2509 2936 ὑπάρξαντα
2561 2870 2682 2932 ταῖς
2716 2868 2774 2935 ὲξ
2810 2871 3066 2940 αἱμάτων
3099 2872 3295 2942 βαφαῖς
3317 2872 3372 2925 τὺ
3421 2873 3537 2940 ἱερὸν
3552 2883 3656 2937 περι·

2185 2958 2571 3028 χλαινίσασθαι
2605 2963 2887 3026 κόκκινον,
2915 2964 3014 3016 καὶ
3037 2966 3132 3016 τὸν
3152 2967 3367 3035 μείζονα
3387 2966 3438 3016 ἐν
3461 2961 3656 3031 γεννητῡῖς

2185 3052 2484 3119 γυναικῶν,
2523 3053 2648 3124 μηδ’
2677 3055 2735 3107 ἐν
2767 3055 2943 3124 τούτῳ
2974 3058 3370 3126 ἀπολειφθῆναι
3395 3057 3486 3110 τῶν
3507 3054 3657 3108 τελειω-

2187 3143 2387 3197 θέντων
2419 3145 2486 3197 δι’
2517 3146 2769 3216 αἵματος.
2808 3149 2917 3201 Καὶ
2942 3149 3139 3221 ὥσπερ
3181 3151 3362 3206 τ’ἄλλα
3387 3151 3479 3202 τῶν
3499 3148 3655 3213 ἐντίμων

2184 3236 2466 3308 ὀνομάτων
2509 3241 2871 3311 κεκλήρωται.
2897 3242 3076 3306 οὕτως
3119 3244 3237 3298 οὐδὲ
3285 3244 3376 3314 τῆς
3407 3238 3656 3312 μαρτυρικῆς

2183 3331 2452 3401 ὴμοίρησε
2485 3332 2752 3408 κλήονεωςτ
2783 3335 3007 3386 Ἀπεισι
3027 3335 3163 3405 γοῦν
3188 3337 3368 3407 ὥσπερ
3397 3339 3489 3398 τοῖς
3527 3336 3570 3386 ἐν
3595 3334 3654 3397 τῇ.

2185 3420 2329 3474 οὕτω
2372 3424 2600 3486 καὶτοῖς
2629 3425 2688 3475 ὲν
2714 3423 2843 3494 ᾅδου
2888 3425 3151 3493 itquva
3197 3427 3292 3496 τὴν
3342 3426 3425 3479 τοῦ
3485 3422 3656 3490 Σωτῆρος

2185 3513 2434 3580 κάθοδον,
2468 3517 2498 3586 ἡ
2526 3515 2624 3585 τῆς
2653 3517 2890 3580 παλαιᾶς
2922 3517 3136 3581 παῦλα,
3171 3521 3203 3589 ὴ
3237 3520 3333 3588 τῆς
3381 3518 3488 3580 νέας
3506 3511 3657 3584 ἀρχὴιδ

2189 3607 2418 3675 μεσίτης
2448 3607 2732 3677 ἀμφοῖν,ἠ
2765 3609 2942 3679 φωνὴ,
2966 3611 2996 3662 6
3069 3609 3283 3679 λύχνος,
3318 3611 3344 3662 6
3397 3603 3656 3674 ἑωσφόροςιδ

2185 3697 2486 3766 ᾰ·,’γελος,ὁ
2523 3700 2841 3764 ἀπόστολος,
2872 3704 2900 3754 6
2949 3703 3208 3771 Λευίτης,
3262 3705 3290 3756 6
3347 3695 3658 3772 ’Λαρωνίτηςι6

2185 3792 2492 3861 προφήτης,
2519 3793 2905 3865 ὁόρειφοίτης.
2946 3796 2974 3848 ὁ
3028 3797 3358 3866 Βαπτιστὴς,
3423 3797 3448 3847 6
3483 3787 3657 3860 κῆρυξνὸ

2186 3883 2519 3952 Πρόδρομος,
2553 3887 2581 3937 ὁ
2613 3886 2901 3955 παρθένος.
2922 3889 2950 3941 6
2967 3889 3291 3952 διδάσκαλος
3318 3891 3406 3958 τῆς
3434 3884 3658 3957 μετανοίας,

2183 3977 2211 4028 6
2247 3976 2471 4045 ἐλεγχος
2493 3977 2590 4046 τῆς
2616 3980 2913 4049 ἁμαρτίας,
2961 3983 2990 4034 6
3019 3982 3238 4052 μάρτυς
3263 3997 3279 4014 ⁸
3333 3979 3470 4034 τοῦτο
3487 3978 3570 4046 γάρ
3588 3967 3658 4024 οἷον

2185 4069 2606 4140 ἑπισφράγισμα
2631 4071 2921 4125 κάλλιστον
2943 4073 3057 4127 τῶν
3088 4075 3368 4144 ὀνομάτων
3412 4069 3617 4124 τέθεικεν.

2257 4163 2450 4232 Ἡμεῖς
2472 4162 2550 4228 δὲ,
2585 4158 2630 4217 ὦ
2655 4165 3056 4235 Χριστώνυμον
3079 4167 3368 4238 ἄθροισμα,
3402 4162 3558 4216 τούτου
3597 4155 3658 4223 τὴν

2179 4257 2331 4328 ἱερὰν
2374 4259 2684 4328 μαρτυρίαν
2713 4260 3110 4329 πνευματικῶς
3138 4260 3486 4332 ἑορτάσωμεν,
3513 4250 3660 4308 ἑαυτοῖς

2177 4345 2235 4400 δὲ
2269 4346 2416 4417 μάλα
2449 4347 2807 4418 προσχῶμεν,
2843 4349 2918 4419 μὴ
2951 4351 3026 4402 τὰ
3071 4351 3167 4404 τοῦ
3239 4349 3457 4421 Ἡρώδου
3515 4344 3585 4397 καὶ
3622 4339 3659 4388 ἐν

2181 4440 2312 4508 ἡμῖν
2399 4439 2656 4505 γενέσθαι
2734 4440 2961 4512 συμϐῇο
3030 4443 3318 4512 συμϐαίνει
3371 4442 3465 4511 γὰρ
3513 4437 3661 4490 πάντως

2182 4530 2385 4600 τρόπον
2408 4531 2594 4601 ἕτερον
2650 4535 2762 4595 τοῖς
2799 4533 2874 4603 μὴ
2915 4535 3210 4605 ἀραρότως
3243 4536 3573 4606 προσέχουσιν.
3603 4524 3660 4575 Ὀ·

2187 4624 2397 4694 πηνίκα
2425 4624 2535 4697 γὰρ
2561 4625 2589 4678 6
2618 4627 2741 4689 νοῦς
2765 4627 2864 4697 τὴν
2897 4628 2996 4698 μὲν
3031 4630 3180 4682 κατὰ
3208 4632 3346 4683 θεῖον
3383 4629 3522 4696 νόμον
3539 4621 3661 4676 rivat-

2182 4731 2278 4767 κον
2301 4713 2657 4785 ἁποστέρξειε
2688 4715 2786 4784 τὴν
2810 4714 3090 4788 θυγατέρα
3123 4715 3218 4769 τοῦ
3243 4714 3483 4786 βασιλέως
3509 4705 3660 4776 Ἀρὲτ³⁶

2180 4807 2319 4868 νοεῖς
2342 4804 2398 4859 δὲ
2423 4805 2512 4859 διὰ
2532 4804 2628 4860 τοῦ
2669 4807 2866 4877 ’Δρέτα
2891 4808 2990 4878 τὴν
3019 4810 3250 4880 ἀρετήν.
3277 4806 3406 4876 αὔτη
3457 4802 3545 4872 γὰρ
3575 4812 3659 4865 πρε.

2181 4896 2496 4968 πωδεστάτη
2525 4898 2622 4950 καὶ
2647 4899 2788 4951 κατά
2815 4899 2978 4968 φύσιν
3027 4899 3269 4968 σύζυγος
3312 4898 3400 4951 τοῦ
3429 4897 3526 4955 νοός
3546 4907 3558 4920 ·
3579 4891 3660 4940 ὅταν

2179 4984 2272 5042 οὖν
2311 4989 2516 5058 ταύτην
2541 4993 3060 5063 παραγκωνίσηται,
3128 4997 3222 5047 καὶ
3257 4991 3351 5064 τὴν
3397 4989 3657 5044 ἐπείσακτον.

2177 5083 2274 5134 καὶ
2300 5082 2588 5153 μοιχαλίδα
2620 5086 2822 5137 κακίαν
2855 5083 3194 5154 ἑνστέρξειε,
3230 5085 3349 5155 περὶ
3402 5084 3486 5142 τὶς
3530 5088 3658 5138 σωξλεν

2173 5171 2332 5232 τικὰς
2356 5171 2549 5241 ἡδονὰς
2571 5171 2750 5240 λιχνευ
2760 5171 3013 5241 σάμενος,
3059 5174 3188 5227 τότε
3232 5171 3456 5243 Ἡρώδης
3477 5169 3659 5231 timpr

2174 5260 2407 5326 γίνεται.
2449 5258 2693 5331 Ἡρώδης
2713 5261 2820 5331 γὰρ
2875 5261 3205 5331 δερμάτινος
3253 5259 3586 5333 ἑρμηνεύεται,
3623 5247 3658 5299 λ

1719 5501 2036 5563 Ετθοιτὶείιί
2076 5503 2284 5564 Scorsi
2322 5515 2509 5566 notae.

554 5593 630 5666 (8)
692 5599 771 5654 Ea:
802 5604 1024 5664 Levitica
1079 5620 1283 5675 genere.
1330 5603 1464 5659 Vide
1529 5604 1594 5657 ad
1645 5603 1790 5657 ltum.
1830 5601 1919 5668 55,
1952 5611 2066 5656 ιιοῑ.
2109 5603 2198 5657 42.
