3934 6222
319 350 472 414 1073

1710 352 2042 416 HOMILIA
2079 354 2267 418 LXII:

3457 359 3601 426 1074

327 465 553 535 γέλλετο
585 467 612 521 ὁ
659 467 817 532 Θεὸς,
849 468 900 522 εί
939 469 1265 539 φυλάττοιεν
1311 469 1412 532 τὰς
1457 465 1649 521 ἀὐτοῦ
1681 465 1903 530 ἐντολὰς

2034 469 2245 538 plueret
2282 469 2510 526 imbrem
2566 471 2916 538 matutinum,
2947 473 3325 545 et‘serotinum
3353 513 3370 542 ,
3425 483 3478 528 et
3514 490 3607 530 re-

329 560 622 630 ἐπισρέξαι
677 561 834 616 ὑετὸν
886 563 1156 632 πρώῖμον,
1219 564 1314 616 καὶ
1361 561 1577 632 ὄψιμον,
1632 561 1726 614 καὶ
1785 559 1918 632 πλη-

328 653 700 723 θυνθήσεσθαι
749 654 849 719 τὰς
896 654 1112 719 ἆλωνας
1174 655 1347 722 σίτου,
1397 654 1493 707 καὶ
1535 654 1662 718 τοὺς
1721 653 1918 725 ληνοὺς

324 749 495 805 οἴνου.

388 843 556 913 Ἥμῖν
577 842 634 897 δέ
651 844 684 912 ἡ
704 842 1010 911 ἐπαγγελία
1031 842 1170 914 αῦτη
1189 843 1269 907 είς
1284 843 1594 898 τούναντίον
1614 843 1916 914 μετεστρα-

326 950 483 999 πται,
517 933 720 1004 μᾶλλον
745 934 802 988 δὲ
835 937 982 1006 ἡμᾶς
1018 936 1050 1004 ἡ
1085 935 1182 989 τοῦ
1221 935 1490 1006 Ἱερεμίου
1516 937 1732 1007 κατάρα
1785 952 1918 989 κατ-

325 1027 572 1097 είληφεν.
613 1029 832 1081 «Ἔστω
861 1045 967 1093 σοι,
995 1029 1224 1097 φησὶν,ό
1257 1029 1397 1100 ὺπέρ
1422 1030 1666 1101 κεφαλῆς
1687 1029 1917 1099 οὐρανὸς

332 1119 755 1192 χαλκοῦς,ιτὴν
804 1120 1044 1191 παντελῆ
1121 1120 1415 1190 ξηρασίαν,
1486 1122 1582 1176 καὶ
1643 1122 1916 1193 ἐπίλειψιν

325 1212 435 1265 τῶν
467 1212 676 1265 ὑδάτων
746 1211 843 1265 τοῦ
895 1212 1254 1283 ἀπειλητικοῦ
1307 1213 1470 1282 λόγου
1526 1214 1913 1285 σημαίνοντος.

329 1302 398 1356 ’11
443 1304 506 1356 οὐ
556 1302 718 1356 τοῦτο
750 1305 887 1374 ἡμῖν
933 1303 1137 1373 ἀρτίως
1168 1303 1570 1374 πεπλήρωται;
1602 1307 1634 1376 ἡ
1673 1306 1773 1374 μὲν
1806 1305 1916 1376 γὰρ

327 1395 397 1460 γῆ
425 1393 846 1464 χαραδρωθεῖσα
877 1394 956 1464 τῷ
987 1394 1207 1466 αὐχμῷ,
1247 1395 1344 1448 καὶ
1373 1390 1487 1450 οἷον
1514 1396 1916 1450 ἀπολιθωθεῖσα

323 1485 436 1537 τῶν
481 1486 745 1554 γεωργῶν
773 1485 867 1539 τὸν
903 1487 1066 1540 πόνον
1113 1487 1447 1558 ὴμάλδυνεν.
1495 1487 1637 1542 Οὔτε
1675 1489 1782 1560 μὴν
1813 1490 1914 1559 τὴν

325 1580 518 1647 ἄροσιν
565 1579 1006 1651 παραδεχομένη,
1053 1579 1180 1636 οὔτε
1229 1582 1330 1652 τὴν
1379 1582 1657 1652 σκάφησιν
1685 1598 1700 1614 ο
1749 1584 1819 1637 τά
1857 1583 1913 1636 δὲ

324 1671 454 1742 λήῖα
508 1673 704 1742 μικρὸν
752 1672 1226 1743 ἐκδλαστήσαντα,
1261 1674 1356 1727 καὶ
1403 1676 1652 1746 χρηστάς
1691 1672 1917 1738 ἐλπίδας

326 1765 684 1834 παρασχόντα
739 1764 845 1836 πρὸ
866 1764 960 1818 τοῦ
987 1767 1361 1837 ἐγκυμονῆσαι
1389 1769 1481 1821 τὸν
1501 1766 1914 1838 ἀσταχυν,ἀπε-

2027 558 2307 630 plerentur
2339 576 2446 616 ara:
2477 560 2773 629 frumento,
2805 571 2859 618 et
2885 562 3173 618 toreularia
3209 563 3336 619 vino
3360 563 3425 618 “.

2054 854 2060 860 '
2099 843 2267 901 Nobis
2294 853 2473 902 autem
2505 847 2620 901 bam
2643 844 2926 916 prophetia
2949 845 3002 898 in
3033 843 3370 899 contrarium
3401 844 3565 898 vertit
3585 861 3601 876 ο

2029 935 2124 989 sed
2152 936 2332 1005 potius
2376 935 2758 991 nosJeremiae
2808 935 3126 1003 imprecatio
3171 935 3604 1004 comprehendit.

2031 1041 2052 1078 ι
2099 1023 2182 1080 Sit
2213 1025 2332 1093 tibi,
2390 1025 2588 1095 inquit,
2633 1024 2829 1081 caelum
2861 1039 3075 1078 anteum
3105 1022 3217 1094 (12)
3248 1039 3412 1094 super
3443 1034 3606 1093 caput

2030 1127 2182 1173 tuum
2213 1117 2284 1183 ⁷ο,
2322 1134 2341 1168 ι
2376 1116 2576 1186 quibus
2607 1115 2916 1171 minacibus
2948 1114 3128 1169 verbis
3157 1113 3376 1167 siccitas
3429 1115 3608 1168 maxi-

2027 1224 2136 1276 ma,
2181 1219 2236 1264 et
2267 1224 2530 1279 aquarum
2563 1208 2794 1264 defectio
2840 1205 3020 1262 futura
3053 1206 3393 1276 signiﬁcatur
3439 1206 3606 1278 425

2025 1316 2207 1358 nonne
2239 1303 2343 1357 hoc
2405 1302 2458 1354 in
2495 1299 2652 1356 nobis
2677 1300 2855 1368 {modo
2901 1299 3226 1369 completum
3275 1297 3397 1353 est?
3437 1298 3606 1352 Terra

2029 1393 2176 1448 enim
2225 1394 2330 1448 hac
2361 1392 2612 1448 siccitate
2669 1391 2907 1459 torrida,
2952 1401 3008 1448 et
3055 1391 3219 1447 veluti
3270 1391 3607 1460 lapidescens

2024 1499 2242 1540 omnem
2284 1484 2648 1556 agricolarum
2693 1484 2931 1540 laborem
2985 1483 3240 1539 frustrata
3274 1492 3399 1546 est,
3432 1495 3606 1550 neque

2027 1576 2332 1630 arationem
2411 1589 2585 1644 neque
2657 1573 2953 1630 fossionem
3015 1571 3332 1627 admittens.
3385 1569 3606 1640 Segetes

2024 1682 2154 1724 vero
2203 1667 2484 1738 paululum
2533 1668 2711 1737 primo
2758 1667 3130 1732 virescentes,
3174 1675 3222 1718 et
3277 1679 3401 1734 spes
3432 1665 3602 1718 bonas

2023 1762 2410 1824 ostendentes,
2461 1770 2750 1830 antequam
2809 1769 3086 1831 turgentes
3134 1757 3299 1828 spicae
3343 1758 3604 1812 lactesce-

329 1827 606 1927 μαράνθη,
642 1858 736 1911 καὶ
769 1827 962 1930 ᾤχετο,
997 1827 1220 1930 μόνη.δέ
1253 1827 1556 1915 ’λέλειπται
1592 1827 1702 1916 τείν
1726 1827 1908 1932 ἀμπέ-

2018 1864 2138 1912 rent
2165 1896 2181 1922 ,
2219 1855 2438 1911 siccatas
2492 1863 2617 1908 sunt
2647 1865 2702 1908 et
2746 1855 3049 1923 perierunt.
3085 1850 3208 1907 Sola
3241 1866 3371 1908 vero
3414 1852 3468 1905 in
3515 1849 3601 1904 vi-

324 1947 434 2001 λων
473 1948 699 2002 καὶτῶν
731 1949 916 2018 φυτῶν
941 1951 976 2021 ἡ
1003 1951 1331 2018 πετάλωσις,
1366 1951 1508 2024 τάχα
1531 1952 1627 2006 καὶ
1652 1953 1794 2025 αὑτὴ
1815 1953 1908 2007 τὸν

327 2042 453 2109 μετ’
487 2042 672 2110 ὀλίγον
708 2043 1002 2114 μαρασμδν
1028 2044 1452 2116 ύπεμφαίνουσα
1479 2046 1571 2100 τὸν
1617 2046 1902 2117 ἐσόμενον.

323 2129 581 2195 Τοιοῦτος
609 2132 716 2185 τῶν
757 2134 1046 2204 ἁμαρτιῶν
1078 2137 1104 2188 ὁ
1140 2137 1381 2206 καρπὸς,
1428 2137 1658 2192 τοιαῦτα
1696 2138 1767 2191 τὰ
1806 2142 1907 2208 τῆς

324 2222 528 2284 κακίας
566 2223 834 2294 γεώργια.
877 2226 1020 2280 Ἀνθ’
1043 2222 1118 2281 ὧν
1150 2228 1251 2282 οὐκ
1281 2229 1662 2299 ἐπορεύθημεν
1691 2231 1750 2283 ἐν
1787 2233 1908 2295 ταῖς

322 2311 464 2376 ὁδοῖς
489 2315 717 2384 Κυρίου,
749 2317 886 2372 ἀλλὰ
919 2319 1044 2381 ταῖς
1069 2319 1336 2390 πονηραῖς
1361 2319 1628 2392 ἐδουλώθη
1639 2338 1740 2391 μεν
1767 2322 1909 2393 πρά-

326 2401 498 2467 ξεσιν.
561 2405 808 2477 ἀλλήλων
892 2409 1238 2477 φθονοῦντες,
1299 2410 1408 2464 τῶν
1463 2410 1762 2466 ἐλαττόνων
1813 2415 1909 2468 καὶ

326 2497 676 2568 πενεστέρων
733 2500 1225 2572 κατεπαιρόμενοι,
1285 2502 1688 2573 ἐπιθυμοῦντες
1743 2522 1906 2578 κορε-

323 2587 522 2658 σθῆναι
561 2589 670 2642 τῶν
694 2590 1014 2659 ἀλλοτρίων,
1042 2593 1326 2664 χαίροντες
1353 2597 1420 2665 τῇ
1466 2595 1784 2669 δυσπραγία
1811 2598 1906 2651 τοῦ

321 2675 589 2742 γείτονος,
639 2677 900 2749 ἀλλήλους
961 2683 1341 2747 κατεσθίοντες
1394 2687 1461 2756 τῇ
1535 2687 1900 2760 συκοφαντίᾳ,

325 2767 556 2831 ἀτόποις
600 2767 920 2840 ἐπιθυμίαις
963 2773 1494 2846 δουλαγωγούμενοι,
1530 2777 1689 2832 ἵπποι
1737 2779 1906 2849 θηλυ-

329 2864 524 2929 μανεῖς
561 2863 871 2931 γεγονότες,
902 2865 930 2918 ὅ
963 2883 1130 2936 φησιν
1160 2869 1192 2938 ἡ
1225 2868 1438 2940 Γραῳὴ,
1473 2870 1568 2924 καὶ
1611 2872 1764 2927 λύκοι
1807 2873 1909 2945 ἆρ-

325 2967 525 3018 παγες.
551 2953 648 3005 καὶ
673 2955 1143 3024 μνησικακοῦντες
1189 2958 1264 3022 ὡς
1285 2960 1549 3030 κάμηλοι,
1572 2962 1674 3015 οὐκ
1689 2965 1907 3018 ἐλεοῦν-

323 3059 420 3106 τες
457 3044 588 3106 τοὺς
617 3045 878 3115 πένητας,
915 3048 978 3100 ού
1005 3049 1422 3119 συμπαθοῦντες
1448 3055 1563 3115 τοῖς
1589 3055 1902 3123 πταίουσιν,

2011 1949 2158 2005 netis
2195 1956 2250 2002 et
2297 1947 2536 2002 arbustis
2595 1945 2845 2000 foliorum
2887 1944 3226 2014 operimenta
3257 1943 3446 1998 relicta
3475 1951 3603 1997 sunt

2009 2056 2131 2112 qua:
2201 2040 2367 2096 etiam
2414 2039 2528 2110 ipsa
2586 2053 2892 2094 marcorem
2937 2035 3162 2106 jantjam
3217 2037 3320 2092 sibi
3364 2035 3601 2090 futurum

2007 2133 2301 2189 ostendunt
2323 2131 2489 2197 :3talis
2517 2142 2599 2186 est
2618 2139 2962 2198 peccatorum
2997 2128 3225 2194 fructus,
3251 2127 3374 2184 talis
3402 2128 3604 2197 impro-

2010 2225 2203 2282 bitatis
2233 2223 2586 2294 agricultura.
2640 2219 2717 2276 Eo
2762 2222 2907 2291 quod
2959 2223 3012 2274 in
3063 2221 3166 2275 viis
3219 2219 3434 2273 Domini
3495 2234 3599 2273 non

2011 2315 2414 2372 ambulavimns
2438 2355 2454 2380 ,
2483 2316 2577 2370 sed
2611 2314 2771 2370 malis
2811 2314 3072 2384 operibus
3131 2313 3429 2383 mancipati
3491 2313 3602 2365 [υἰ-

2013 2425 2134 2464 mus
2171 2409 2406 2463 invicem
2462 2407 2895 2474 invidentes,in
2959 2406 3177 2460 intimos
3229 2415 3284 2461 et
3336 2420 3604 2476 pauperes

2013 2504 2393 2574 superbientes
2419 2544 2434 2570 ,
2492 2501 2691 2556 alienis
2735 2501 2896 2556 rebus
2922 2500 3180 2556 exsatiari
3213 2500 3603 2568 cancupiscen-

2011 2605 2097 2652 tes
2121 2636 2136 2662 ,
2173 2595 2338 2652 rebus
2366 2594 2618 2650 adversis
2646 2592 2810 2648 vicini
2841 2593 3142 2664 gaudentes
3167 2633 3183 2658 ,
3215 2591 3352 2647 alios
3381 2592 3470 2646 alii
3507 2607 3603 2646 ca-

2010 2686 2233 2743 lumniis
2254 2687 2625 2750 comedentes,
2640 2685 2895 2742 absurdis
2911 2685 3296 2754 cupiditatibus
3317 2685 3430 2756 (15)
3442 2684 3605 2741 obse-

2010 2791 2276 2852 quentes,
2306 2780 2429 2849 equi
2473 2777 2714 2834 furentes
2765 2779 2820 2834 in
2871 2777 3107 2834 feminas
3168 2777 3297 2834 facti
3349 2777 3488 2849 (M),
3540 2787 3600 2832 ut

2018 2881 2094 2934 ait
2127 2879 2411 2948 Scriptura
2452 2879 2522 2945 ",
2553 2886 2608 2932 et
2647 2877 2758 2947 lupi
2805 2891 3032 2947 rapaces
3057 2915 3072 2941 ,
3117 2885 3174 2932 et
3225 2878 3366 2932 sicut
3411 2877 3603 2934 cameli

2012 2985 2281 3026 memores
2331 2970 2652 3040 iniuriarum
2697 2969 2854 3040 (ib),
2903 2968 3045 3024 nulla
3086 2966 3226 3038 Erga
3285 2983 3589 3038 pauperes,

2011 3063 2156 3118 nulla
2249 3078 2375 3133 erga
2491 3072 2785 3130 peccantes
2882 3061 3356 3116 commiseratione
3417 3062 3592 3126 tacti,

325 3135 664 3204 ἀμελοῦντες
707 3137 816 3191 τῶν
862 3140 922 3194 ἐν
959 3143 1025 3211 τῇ
1073 3141 1375 3214 Ἐκκλησία
1406 3143 1704 3210 συνάξεων,
1732 3164 1905 3202 κατα-

2019 3169 2204 3209 sacras
2285 3168 2517 3226 synaxes
2606 3152 2861 3208 Ecclesia:
2920 3153 3294 3222 negligentes,
3372 3159 3592 3207 sanctos

325 3229 654 3298 φρονοῦντες
681 3231 788 3286 τῶν
813 3233 1126 3301 άγίων,τάς
1158 3237 1383 3306 μνήμας
1409 3237 1594 3291 αὐτῶν
1632 3238 1706 3311 μὴ
1741 3240 1899 3294 σεΰό-

325 3337 506 3389 μενοι,
537 3321 836 3391 φεύγοντες
877 3325 980 3394 τὴν
1027 3326 1657 3402 ἐξομολόγησιν,ζῶσπερ
1689 3334 1741 3386 οἱ
1770 3351 1903 3406 φρε-

321 3411 622 3479 νητιῶντες
655 3415 780 3477 τοὺς
801 3414 1234 3485 θεραπεύοντας.
1275 3421 1339 3472 Ol
1366 3421 1534 3492 ἱερεῖς
1565 3423 1740 3476 κακὸν
1770 3425 1903 3478 ὑπό·

324 3507 532 3577 δειγμα
561 3510 825 3579 γεγόνασι
854 3512 932 3583 τῷ
961 3511 1077 3584 λαῷ
1107 3515 1443 3586 ὑϐρίζοντες,
1490 3523 1904 3591 μνησικακοῦν-

323 3617 442 3666 τες,
495 3603 898 3673 ἐχθραίνοντες,
962 3605 1432 3674 ἐπιϐουλεύοντες,
1480 3611 1562 3673 είς
1611 3611 1907 3680 πρόσωπον

332 3695 651 3763 βλέποντες,
698 3698 798 3753 οὐκ
860 3700 1200 3770 ἐλέγχοντες,
1262 3703 1360 3756 καὶ
1417 3701 1764 3773 διορθοῦντες
1814 3706 1908 3760 τὸν

323 3788 614 3855 πταίοντα,
643 3790 778 3844 ἀλλά
816 3794 880 3862 τῇ
911 3797 1089 3863 σιωπῇ
1121 3795 1512 3861 κοινωνοῦντες
1538 3800 1639 3862 τῆς
1668 3799 1904 3866 ἀδικίας,

324 3879 404 3942 ὡς
430 3883 456 3932 ὁ
501 3883 728 3946 παλαιὸς
759 3885 968 3948 ἐκεῖνος
1024 3885 1194 3943 Ἡλεί.
1229 3887 1294 3940 Ol
1345 3887 1544 3953 λαῖκοῖ,
1579 3889 1808 3957 ἀφέντες
1840 3891 1910 3945 τὰ

327 3971 538 4024 ἑαυτῶν
568 3972 797 4037 ἕκαστος
826 3979 1299 4044 περισκοπεῖν,τά
1325 3978 1434 4031 τῶν
1466 3979 1659 4049 ἱερέων
1688 3997 1911 4052 περιερ-

331 4063 617 4131 γάξονται,
676 4067 774 4119 καὶ
819 4067 1076 4122 δικασταί
1137 4072 1279 4124 εἰσιν
1336 4072 1725 4142 ἀπαραίτητοι.
1781 4069 1909 4144 Ἆρ’

329 4155 434 4206 οὐκ
471 4155 732 4227 ἀλήθειαν
757 4157 900 4224 λέγω
926 4173 944 4222 ;
976 4159 1050 4212 Οὐ
1079 4158 1286 4213 τούτων
1306 4160 1561 4231 ἔμπλεως
1583 4162 1692 4217 τῶν
1721 4163 1910 4218 κακῶν

328 4247 362 4314 ἡ
406 4245 561 4308 πόλις
599 4247 793 4316 ήμῶν;
826 4248 922 4301 κα)⁵
948 4249 1010 4301 οὐ
1057 4249 1183 4302 καθ’
1214 4251 1456 4322 ἐκάστην
1483 4253 1656 4307 ταῦτα
1694 4255 1909 4325 μαρτύ-

330 4353 538 4406 ρομαι;
585 4339 686 4392 οὐκ
739 4339 1008 4394 ἐκοπίασα
1059 4340 1280 4412 κράζων
1348 4345 1444 4397 καὶ
1491 4344 1761 4399 νουθετῶν
1799 4346 1911 4400 τῶν

323 4431 512 4501 ὅρκων
537 4429 839 4501 ἀπέχεσθαι
868 4449 884 4499 ;
929 4433 1002 4486 Οὐ
1034 4433 1354 4504 προέλεγον,
1389 4435 1464 4500 ὡς
1496 4437 1559 4490 οὐ
1600 4437 1910 4509 παρόψεται

2007 3259 2467 3313 contemnentes,
2523 3261 2822 3317 eorumque
2865 3247 3154 3302 memorias
3223 3245 3447 3301 minime
3505 3259 3602 3299 co-

2009 3339 2184 3393 lentes
2260 3339 2372 3410 (16)
2421 3355 2436 3393 :
2488 3339 2886 3394 confessionem
2951 3339 3186 3392 vitantes
3228 3377 3245 3402 ,
3321 3347 3375 3393 et
3440 3337 3598 3407 quasi

2011 3431 2312 3498 phrenetici
2360 3431 2603 3485 medicos
2679 3430 3024 3500 relugientes.
3080 3428 3401 3484 Sacerdotes
3467 3444 3596 3497 pra-

2012 3535 2136 3573 vum
2221 3521 2546 3596 exemplum
2601 3520 2796 3591 popqu
2862 3521 2989 3575 facti
3040 3531 3169 3576 sunt
3246 3522 3594 3578 contumeliis

2015 3612 2151 3668 alios
2184 3612 2479 3668 allicientes
2508 3653 2522 3676 ,
2557 3613 2787 3683 injurias
2835 3613 2935 3668 sibi
2964 3611 3136 3668 iactas
3171 3613 3430 3668 memoria
3463 3614 3600 3668 reti-

2015 3715 2244 3771 nentes,
2278 3704 2599 3760 inimicitias
2655 3713 2996 3768 exercentes,
3032 3705 3386 3769 insidiantes,
3415 3705 3597 3774 respi-

2017 3798 2226 3853 cientes
2276 3797 2330 3850 in
2360 3796 2580 3862 faciem,
2615 3811 2719 3850 non
2765 3795 3246 3865 reprehendentes,
3280 3811 3388 3849 non
3421 3795 3598 3850 corri-

2015 3900 2206 3959 gentes
2239 3895 2578 3959 peccantem,
2613 3889 2706 3944 sed
2733 3897 2793 3942 ut
2818 3897 2973 3941 vetus
3009 3886 3099 3940 ille
3133 3886 3248 3939 lleli
3278 3886 3348 3950 ⁷¹,
3379 3885 3598 3960 silentio

2013 3981 2142 4037 {acti
2173 3981 2470 4050 participes
2512 3981 2819 4050 injustitiaz.
2869 3977 3016 4033 Laici
3080 3993 3243 4048 porro
3287 3992 3384 4032 sua
3425 3992 3596 4031 unus-

2016 4073 2249 4143 quisque
2301 4073 2648 4128 considerare
2695 4072 3011 4126 omittentes
3061 4069 3402 4125 sacerdotum
3451 4067 3593 4124 facta

2015 4165 2333 4235 inquirunt,
2383 4175 2437 4219 et
2477 4166 2692 4237 judices
2742 4173 2868 4220 sunt
2924 4162 3295 4234 implacabiles
3343 4162 3478 4232 (i7).
3513 4163 3592 4214 An

2015 4259 2303 4313 veritatem
2337 4274 2442 4313 non
2479 4258 2711 4327 loquor?
2742 4257 2856 4312 Non
2886 4258 2968 4312 his
3003 4257 3155 4328 plena
3183 4269 3266 4311 est
3298 4255 3456 4309 malis
3480 4253 3593 4324 (18)

2018 4347 2212 4403 civitas
2270 4349 2495 4402 nostra?
2534 4348 2724 4401 Nonne
2773 4347 2886 4401 hinc
2917 4345 3144 4418 singulis
3179 4345 3370 4399 tliebus
3408 4343 3568 4398 admo

2019 4454 2143 4494 neo.
2171 4437 2364 4495 Nonne
2393 4439 2637 4494 laboravi
2665 4438 2910 4494 clamans
2940 4447 2995 4493 et
3035 4437 3333 4493 admonens
3361 4445 3419 4492 ut
3453 4452 3482 4490 a
3505 4433 3594 4504 iu-

398 4587 445 4618 "
493 4583 612 4642 Joel
664 4601 759 4652 ιιι,
810 4587 907 4655 25,
939 4587 1033 4642 24.
1097 4588 1154 4666 ,⁷⁸
1203 4590 1363 4646 Deut.
1397 4606 1600 4658 xxvm,
1632 4590 1725 4646 9.4.
1800 4593 1844 4625 '“
1877 4592 1905 4648 «Ι

2016 4609 2080 4648 [η.
2113 4609 2167 4655 v.
2207 4595 2264 4650 8.
2337 4595 2383 4626 τ’
2417 4593 2434 4647 1
2471 4592 2602 4666 Reg.
2639 4610 2713 4660 ll,
2741 4593 2779 4663 ll
2812 4608 2965 4665 seqq.

1560 4712 1885 4775 Francisci
1918 4714 2131 4776 Scorsi
2171 4720 2360 4777 notis.

392 4836 514 4962 (Si?)
569 4834 767 4890 Caelum
801 4852 1033 4891 remum.
1066 4835 1242 4891 Locus
1286 4845 1371 4890 est
1405 4836 1560 4891 Deut.
1594 4851 1904 4906 cap.xxvm
1943 4843 1986 4896 l)
2087 4837 2200 4907 (16)
2248 4841 2448 4892 Earum
2494 4842 2776 4895 memorias
2839 4857 2939 4894 non
2991 4837 3292 4891 recolentes.
3345 4838 3421 4892 Ex
3447 4838 3587 4895 Gali.

453 4908 505 4959 in
536 4915 765 4962 utrouue
782 4908 1075 4962 exemplari
1104 4905 1484 4962 scriptumz'H
1520 4905 1903 4962 τοῦἸεοεμίου
2017 4908 2133 4962 haec
2182 4910 2396 4962 renosui
2425 4910 2583 4962 verba
2635 4911 2817 4962 αὐτῶν
2854 4911 2925 4962 wh
2966 4906 3271 4962 σεϐόμενοι.
3307 4907 3357 4962 in
3390 4911 3587 4962 auibus

327 4925 386 4965 Si"

453 4908 505 4959 in
536 4915 765 4975 utroque
782 4908 1075 4976 esemplari
1104 4907 1363 4975 scriptum
1385 4921 1398 4956 :
1419 4905 1484 4958 Ἡ
1520 4905 1614 4958 τοῦ
1634 4905 1903 4976 Ἱερεμίου

328 4978 568 5046 κατάρα.
618 4974 771 5043 Apud
821 4974 1106 5031 Jeremiam
1142 4974 1269 5046 vero
1304 4976 1442 5029 hanc
1471 4974 1904 5031 maledictionem

332 5064 444 5102 non
481 5045 651 5115 lego:
685 5061 854 5114 quare
903 5055 1142 5100 erratum
1200 5045 1302 5100 hoc
1345 5046 1463 5100 loco
1521 5046 1604 5100 vel
1647 5047 1906 5101 memoria

333 5118 589 5180 dicentis,
617 5115 696 5174 vel
717 5115 1003 5171 scribentis
1042 5115 1271 5169 incuria.

406 5186 518 5251 (l3)
584 5185 836 5239 Absurdis
867 5183 1282 5255 cupiditatibus.
1305 5184 1554 5248 Ἀτόποις
1583 5184 1906 5255 ἐπιθυμίαις

328 5256 844 5324 δουλαγωγούμενοι
873 5272 934 5308 ex
964 5255 1102 5310 Call.
1133 5254 1396 5324 supplevi.

405 5327 516 5396 (14)
577 5323 712 5394 Equi
745 5323 979 5396 furentes
1003 5325 1056 5377 in
1093 5323 1335 5396 feminas.
1371 5324 1501 5396 Vide
1533 5327 1598 5379 ad
1632 5325 1779 5396 hom.
1812 5325 1902 5390 15,

327 5392 448 5452 not.
483 5398 536 5459 8,
582 5392 670 5449 ubi
726 5392 900 5448 locum
927 5392 1173 5449 Jereniiae
1197 5409 1355 5462 quem
1387 5395 1568 5462 innuit
1598 5397 1686 5451 hic
1717 5392 1901 5450 Theo-

328 5466 989 5538 phaneSLillustravitnns.

404 5536 518 5605 (15)
548 5533 614 5605 Et
660 5536 794 5588 sicut
823 5536 1013 5588 cameli
1045 5549 1294 5605 memores
1332 5533 1669 5598 iniuriarum.
1707 5535 1904 5590 Debac

326 5602 688 5662 similitudine
732 5606 841 5672 agit
897 5606 1008 5674 ipse
1046 5602 1409 5674 Theophanes
1441 5619 1601 5670 supra
1633 5607 1779 5661 bom.
1809 5605 1923 5672 45,.

327 5687 388 5730 nt
449 5677 554 5743 hoc
601 5671 865 5729 etiam’sit
903 5671 1161 5729 indicium
1194 5671 1333 5726 inter
1393 5680 1588 5744 caitera
1615 5690 1735 5744 qua:
1758 5684 1906 5730 attu-

327 5748 498 5801 limus
530 5754 642 5797 not.
669 5744 718 5807 1,
743 5746 812 5800 ab
841 5744 1029 5801 eodem
1063 5750 1308 5810 auctore,
1335 5751 1388 5798 et
1409 5743 1597 5799 eodem
1627 5745 1746 5802 loco
1763 5747 1904 5802 hanc

336 5816 524 5874 bomil.
552 5814 775 5871 dictum.

2017 4906 2133 4962 haec
2182 4910 2396 4979 reposui
2425 4910 2583 4963 verba
2635 4911 2817 4962 αὐτῶν
2853 4911 2926 4979 μὴ
2966 4906 3271 4979 σεϐόμενοι,
3307 4907 3357 4962 in
3390 4911 3589 4978 quibus

2015 4978 2298 5033 emendavi
2318 4993 2593 5046 perperam
2619 4977 2878 5046 scripturn
2904 4977 3213 5046 σεϐόμενοι,
3244 4980 3338 5032 sed
3371 4977 3420 5032 in
3448 4979 3585 5035 Pan.

2017 5049 2239 5118 μνήμας
2299 5057 2503 5118 tantum
2565 5059 2683 5118 erat
2731 5049 3016 5103 deﬁciente
3059 5062 3244 5114 sensu,
3302 5049 3583 5106 verborum

2006 5113 2347 5183 sequentium
2389 5113 2624 5172 del‘ect'u.

2079 5187 2189 5257 (17)
2222 5187 2290 5238 Et
2312 5187 2519 5257 iudices
2541 5197 2660 5257 sunt
2690 5187 3069 5256 implacabiles.
3091 5185 3147 5242 In
3182 5188 3242 5244 Ρ.
3265 5189 3418 5245 deest
3470 5191 3586 5246 haec

2004 5255 2294 5325 sententia.
2325 5255 2431 5309 Sed
2474 5256 2524 5310 id
2545 5256 2682 5312 Gall.
2717 5255 2980 5325 scriptum
2995 5270 3079 5313 est
3108 5262 3206 5315 hoc
3249 5261 3408 5315 modo
3433 5277 3448 5316 :
3473 5261 3586 5314 Καὶ

2003 5324 2267 5393 δικαστής
2306 5327 2452 5380 ἐστιν
2503 5324 2895 5398 ἀπαραίτητος,
2929 5332 3070 5396 quod
3096 5345 3216 5382 eum
3263 5331 3582 5383 mendosum

2003 5410 2124 5449 esse
2177 5409 2451 5469 censerem
2481 5398 2718 5469 correxi,
2749 5400 2840 5469 καὶ
2882 5397 3136 5450 δικασταί
3171 5401 3315 5452 εἰσιν
3339 5398 3582 5469 ἀπαραί-

2002 5479 2178 5534 τητοι.
2232 5462 2366 5516 Nam
2413 5465 2913 5532 proicetonltimum
2952 5469 3172 5522 verbum
3233 5462 3583 5537 ἀπαρέτὴτος

2003 5544 2191 5607 aperte
2223 5536 2474 5588 mendum
2496 5537 2754 5607 continet,
2786 5553 2906 5591 cum
2924 5554 2948 5588 s
2974 5553 3070 5607 pro
3094 5555 3149 5591 αι
3175 5538 3248 5592 sit
3277 5536 3538 5607 scriptum
3561 5555 3578 5605 ;

2005 5605 2198 5676 deinde
2224 5619 2480 5676 numerus
2508 5606 2797 5675 singularis
2826 5608 2937 5676 qui
2970 5605 3224 5662 cenvenit
3261 5622 3366 5662 non
3390 5605 3578 5664 ‘video.

2005 5672 2190 5798 li{(18)
2229 5669 2418 5731 Nonne
2449 5675 2542 5747 his
2570 5669 2749 5733 malis.
2797 5669 2928 5734 Vide
2976 5685 3089 5733 not.
3142 5679 3168 5734 1
3212 5677 3374 5749 hujus
3404 5677 3582 5736 homi-

2026 5759 2109 5801 ΙΨ.
3059 5780 3062 5783 ·
