3934 6222
329 320 468 385 ῙθίἸ

1655 330 1986 390 HOMILIA
2027 331 2208 391 LXII.

3449 326 3574 390 10:8

324 433 509 504 ἡμεῖς,
547 436 641 487 καὶ
678 435 747 490 τὰ
805 437 1022 508 στοχεῖα
1063 437 1383 504 κολάζονται
1417 455 1429 467 ⁸
1465 439 1757 509 πταίομεν,
1799 441 1894 493 καὶ

2006 441 2208 493 bantur.
2255 437 2551 493 Considera
2580 438 2724 494 enim
2763 438 3074 508 patientiam
3107 438 3218 492 Dei.
3253 437 3360 491 Nos
3390 452 3578 506 pecca-

324 527 654 596 τιμωρεϊται
687 530 720 598 ἡ
769 529 841 600 γῆ
868 547 883 562 ·
929 530 1135 600 φαῦλον
1194 533 1308 602 βίον
1353 532 1536 602 ζῶμεν
1573 534 1758 601 ἡμεῖς,
1800 534 1896 584 καὶ

329 618 658 687 μαστίζεται
688 620 755 674 τὰ
796 623 980 694 ἀψυχα
1003 640 1020 657 ο
1056 624 1350 697 ὑϐρίζομεν
1383 627 1473 678 τὸν
1524 626 1775 694 Πλάστην
1809 625 1898 678 διὰ

325 711 435 766 τῶν
459 714 704 784 αίσχρῶν
733 716 890 786 ἡμῶν
921 719 1194 788 πράξεων,
1230 721 1324 775 καὶ
1351 722 1565 792 δέχεται
1585 721 1684 791 τὴν
1706 719 1898 790 ποινὴν

325 801 394 854 τά
431 801 598 872 μηδὲν
623 803 1019 878 ἀμσρτήσαντα
1044 821 1060 837 '
1089 807 1277 880 ῶσπερ
1306 808 1372 864 ἀν
1392 809 1445 864 ετ
1474 829 1556 874 τις
1584 809 1677 863 τοῦ
1709 808 1898 874 παιδὸς

327 893 626 961 σφαλέντος
666 896 810 950 κατά
857 897 952 951 τοῦ
990 899 1176 952 δούλου
1219 901 1440 971 ἐκφέρει
1495 903 1593 972 τὴν
1642 901 1895 972 βάσανον.

323 984 578 1039 Τοιοῦτον
637 987 836 1059 ἔχομεν
893 991 1098 1060 ἀγαθὸν
1145 994 1423 1064 Δεσπότην
1463 1012 1476 1026 ο
1526 994 1700 1057 οὕτως
1749 996 1898 1066 ἡμᾶς

324 1077 570 1131 νουθετεί
599 1080 892 1148 ἐπανάγων
929 1085 1066 1154 πρὸς
1104 1085 1204 1152 τὴν
1237 1086 1542 1157 διόρθωσιν.
1594 1087 1706 1140 Καὶ
1734 1088 1900 1140 τείνει

331 1165 430 1233 μὲν
458 1165 520 1218 τὸ
557 1165 713 1231 τόξον
747 1170 847 1238 τῆς
877 1169 1132 1239 ἀπειλῆς,
1180 1171 1367 1242 ἐπέχει
1413 1173 1468 1226 δὲ
1518 1174 1577 1226 τὸ
1607 1173 1758 1243 βέλος
1799 1173 1900 1245 τῆς

325 1256 516 1324 ὀργῆς.
534 1257 608 1310 Οὐ
635 1258 745 1330 γὰρ
776 1258 1028 1329 βούλεται
1054 1263 1145 1316 τὸν
1168 1263 1408 1334 ψυχικὸν
1444 1265 1602 1335 ἡμῶν
1642 1264 1896 1333 θάνατον,

325 1347 466 1400 ἀλλά
495 1348 595 1420 τὴν
638 1350 978 1424 ἐπιστροφὴν
1011 1353 1298 1425 ἀναμένει,
1329 1356 1424 1410 καὶ
1451 1356 1553 1427 τὴν
1586 1357 1896 1428 μετάνοιαν.

327 1439 619 1512 Γενὼμεθα
646 1437 762 1508 οὖν,
794 1443 1042 1513 ἀδελφοὶ,
1065 1445 1121 1497 ὲν
1150 1446 1405 1513 αἰσθήσει
1433 1447 1531 1502 τοῦ
1552 1448 1858 1520 πρέποντος
1881 1465 1899 1482 ο

304 1530 688 1601 ,ίλεωσώμεθα
736 1533 831 1588 τὸν
852 1534 1224 1607 εὖσπλαγχνον
1257 1539 1461 1608 Κύριον
1484 1556 1500 1571 ο
1531 1544 1606 1611 μὴ
1656 1544 1901 1612 χείρονες

313 1625 580 1697 ,ὀφθῶμεν
605 1627 716 1680 τῶν
745 1628 1068 1684 Νινευῑτιῖν.
1106 1631 1357 1696 Ἐκεῖνοι,
1384 1633 1589 1689 ἐθνικοὶ
1630 1635 1781 1701 ὄντες
1807 1638 1902 1690 καὶ

322 1718 566 1782 ἄπιστοι,
603 1717 793 1791 ἐπειδὴ
819 1720 972 1792 παρὰ
1009 1720 1104 1775 τοῦ
1136 1724 1422 1795 προφήτου
1448 1726 1551 1795 τὴν
1589 1741 1898 1797 καταστροο

325 1811 434 1879 φῆν
457 1809 561 1880 τῆς
592 1811 801 1876 πόλεως
849 1812 1078 1883 ἔμαθον,
1110 1816 1380 1886 τοσαύτην
1412 1819 1758 1884 ἐπεδείξαντο
1803 1837 1899 1890 με-

321 1906 573 1973 τάνοιαν,
602 1907 680 1972 ὡς
713 1909 810 1963 καὶ
835 1909 904 1963 τὰ
961 1911 1130 1982 νήπια
1159 1914 1255 1966 καὶ
1297 1914 1367 1967 τὰ
1402 1916 1580 1988 κτήνη
1610 1917 1901 1987 νηστεύειν

319 2003 666 2073 ἠνάγκασαν,
699 2005 795 2059 καὶ
823 2007 1018 2061 σποδὸν
1059 2009 1154 2062 καὶ
1210 2010 1417 2064 σάκκον
1455 2011 1896 2082 περιεϐάλλοντο,

323 2096 594 2154 καὶοῦτω
621 2097 1160 2172 τῆςδικαίας-ὀργῆς
1181 2099 1275 2156 τοῦ
1306 2101 1444 2158 Θεοῦ
1475 2103 1897 2177 ἀπηλλάγησαν.

394 2278 770 2350 Δακρύσωμεν
819 2279 912 2335 οὖν
969 2283 1065 2336 καὶ
1120 2283 1316 2354 ἡμεῖς,
1372 2283 1899 2358 ὲξομολογησώμεθα

319 2372 556 2436 ἕκαστος
606 2373 675 2426 τά
725 2374 833 2429 ἴδια
867 2375 1186 2446 πταίσματα
1219 2393 1231 2407 ο
1277 2377 1724 2450 προσληψὼμεθα
1757 2382 1899 2453 πρὸς

319 2462 456 2517 Θεδν
482 2463 732 2536 μεσίτους
760 2467 886 2529 τοὺς
915 2466 1124 2535 ἁγίους,
1159 2466 1285 2530 τούς
1317 2486 1375 2522 τε
1404 2470 1598 2535 ἄλλους
1632 2473 1727 2526 καὶ
1767 2491 1900 2527 κατ-

323 2557 603 2628 εξαίρετον
647 2557 746 2628 τὴν
779 2559 1109 2629 ,θπέραγνον
1159 2563 1480 2626 Δέσποιναν,
1521 2566 1620 2636 τὴν
1673 2569 1896 2639 ταχεῖαν

321 2652 665 2720 προστασίαν
698 2652 794 2705 καὶ
853 2652 1067 2725 ἄμαχον
1093 2670 1105 2683 ·
1152 2656 1557 2727 προσπέσωμεν
1591 2658 1728 2730 αὐτῇ
1757 2659 1900 2732 μετά

319 2741 575 2813 δακρύων
599 2742 865 2813 δεόμενοι.

395 2833 576 2904 Κυρία
620 2834 906 2896 Δέσποινα,
933 2837 967 2906 ἡ
1006 2837 1098 2890 τδν
1129 2837 1261 2893 Θεὸν
1289 2840 1462 2908 Λόγον
1500 2843 1558 2896 ὲν
1581 2845 1780 2916 γαστρί
1802 2864 1900 2902 σου

323 2925 464 2997 ὑπὲρ
497 2927 656 2996 λόγον
707 2931 1031 3000 χωρήσασα,
1068 2931 1100 3001 ἡ
1149 2933 1250 3002 τὴν
1290 2934 1452 3003 φύσιν
1502 2936 1658 3007 ήμῶν
1700 2938 1776 3010 τῷ
1819 2939 1898 3010 σῷ

317 3019 468 3089 τόκῳ
499 3019 773 3082 θεώσασα.
807 3023 840 3091 ἡ
875 3021 995 3093 Θεῷ
1026 3023 1122 3078 καὶ
1163 3025 1474 3096 ἀνθρώποις
1514 3029 1594 3099 τῷ
1623 3030 1771 3102 τόκῳ
1801 3049 1897 3086 σου

2000 547 2146 598 mus,
2183 541 2232 584 et
2258 533 2528 586 elementa
2579 532 2906 590 multantur:
2960 547 3062 586 nos
3118 531 3477 595 offendimus,
3519 538 3572 582 et

2000 636 2141 680 terra
2187 627 2406 695 punitur
2442 627 2554 697 (ἓξ)
2579 644 2593 693 ;
2621 628 2813 681 malam
2852 644 2948 683 nos
2977 629 3139 700 427
3168 629 3376 698 agimus
3417 629 3578 682 vitam

1997 727 2050 770 et
2075 719 2308 772 inanima
2329 718 2698 788 ﬂagellantur;
2725 721 2974 790 turpibus
3001 723 3200 775 nostris
3229 721 3576 785 facinoribus,

2001 807 2253 877 injnriam
2285 809 2530 865 Creatori
2582 811 2852 882 facimus;
2905 825 2958 868 et
2992 829 3207 884 pmnam
3255 815 3576 884 suscipiunt,

2001 913 2119 965 qua:
2149 899 2282 953 nihil
2330 913 2726 971 peccaverunt:
2763 905 2983 973 perinde
3015 918 3070 959 ut
3108 907 3150 959 si
3187 906 3306 975 quis
3339 907 3444 959 lilio
3486 907 3574 957 de.

2002 987 2278 1057 linquente
2325 1005 2541 1047 servum
2590 996 2875 1050 tormentis
2927 995 3143 1050 alliciar.
3187 997 3334 1049 Adeo
3379 997 3575 1050 honuni

2001 1080 2266 1138 habemus
2298 1084 2582 1139 Dominum
2603 1125 2619 1149 ,
2657 1087 2733 1140 ita
2771 1102 2869 1141 nos
2897 1086 3166 1149 admonet,
3189 1097 3246 1139 nt
3273 1087 3336 1140 ad
3370 1087 3575 1156 frugem

2001 1174 2196 1228 bonam
2225 1175 2493 1241 adducat;
2519 1186 2570 1230 et
2589 1191 2775 1232 arcum
2799 1177 3014 1247 quidem
3044 1179 3302 1230 minarutn
3329 1177 3575 1238 intendit,

2001 1269 2223 1326 cohibet
2263 1287 2394 1328 vero
2430 1273 2727 1330 iracundiae
2760 1273 2958 1341 telum;
2994 1289 3106 1328 non
3139 1274 3284 1329 enim
3315 1276 3424 1327 vult
3458 1273 3576 1326 ani-

2002 1377 2105 1417 mae
2139 1373 2338 1420 nostra:
2387 1374 2617 1420 mortem
2641 1407 2656 1430 ,
2702 1367 2795 1422 sed
2847 1365 3295 1431 conversionem,
3325 1375 3377 1420 et
3406 1365 3580 1434 panti-

2002 1451 2230 1506 tentiam
2275 1463 2577 1524 eXSpectat.
2615 1455 3018 1527 Resipiscamus
3048 1457 3233 1527 igitur,
3265 1454 3462 1509 fratres
3482 1497 3496 1521 ,
3525 1465 3579 1510 et

2003 1557 2124 1612 qua
2157 1559 2254 1599 nos
2272 1543 2457 1601 facere
2477 1545 2731 1614 deceant,
2757 1548 3077 1612 sentiamus,
3107 1547 3396 1617 propitium
3424 1546 3578 1601 nobis

2005 1639 2296 1694 reddamus
2315 1641 2599 1695 Dominum
2619 1642 2828 1697 viscera
2849 1642 3234 1698 misericordia;
3255 1641 3540 1696 habentem
3561 1658 3575 1704 ;

2005 1747 2074 1786 ne
2105 1733 2322 1802 pejores
2349 1731 2604 1790 Ninivitis
2629 1734 2930 1790 videamur.
2964 1734 3041 1788 Illi
3073 1735 3217 1790 enim
3249 1734 3493 1804 gentiles,
3527 1746 3580 1786 et

2001 1824 2249 1880 inﬁdeles
2280 1839 2403 1879 cum
2443 1835 2653 1887 essent.
2710 1827 2868 1882 simul
2907 1842 2970 1882 ac
3005 1842 3033 1882 a
3077 1829 3339 1898 propheta
3371 1829 3437 1881 de
3468 1841 3579 1880 suae

2003 1914 2245 1972 civitatis
2276 1917 2562 1972 eversione
2588 1912 3017 1988 cognoverunt,
3053 1919 3212 1971 talem
3249 1917 3579 1986 pmnltentite

2001 2021 2290 2078 suscepere
2308 2011 2623 2073 modum,ut
2641 2010 2968 2075 etinfantes,
2992 2011 3306 2078 etjumenta
3334 2009 3579 2079 jcjttnare

2002 2099 2278 2172 coegerint
2304 2141 2319 2166 ,
2369 2103 2686 2157 ct'cincrem
2719 2112 2772 2158 et
2802 2117 3018 2159 saccum
3050 2101 3365 2166 induerint,
3415 2107 3579 2169 atque

2003 2193 2076 2248 ita
2104 2209 2131 2246 a
2169 2193 2312 2262 justa
2346 2193 2438 2250 Dei
2473 2195 2709 2250 vindicta
2742 2211 2799 2250 se
2831 2195 3133 2250 liberarint.

2073 2281 2358 2339 Ploremns
2394 2283 2559 2354 igitur
2589 2293 2640 2337 et
2667 2299 2770 2339 nos
2796 2285 3147 2338 conliteamur
3165 2283 3380 2353 propria
3411 2297 3578 2337 unus-

2003 2375 2234 2443 quisque
2281 2385 2535 2445 peccata;
2593 2377 2970 2444 deprecatores
3021 2377 3084 2431 ad
3125 2375 3290 2430 Deum
3337 2387 3574 2439 sanctos,

2003 2467 2493 2538 coneiliatoresque
2526 2468 2858 2524 aseiscamns
2879 2510 2896 2535 ,
2943 2483 3063 2524 cum
3096 2467 3230 2522 alios
3254 2507 3270 2534 ,
3302 2477 3415 2521 tum
3450 2480 3576 2520 vero

2004 2571 2116 2626 prae
2149 2557 2359 2612 caneris
2381 2558 2775 2613 sanctissimam
2807 2557 3085 2614 Dominam
3110 2558 3392 2629 eligamus;
3420 2559 3572 2611 velox

2002 2656 2056 2703 et
2097 2648 2510 2720 inexpugnabile
2544 2649 2850 2720 przesidium
2879 2649 3016 2718 (25),
3043 2648 3423 2719 provolvamur
3458 2646 3574 2717 ejus

2004 2740 2230 2809 genibus
2255 2757 2376 2796 cum
2405 2741 2660 2813 lacrymis
2694 2742 3085 2810 deprecantes:

2077 2847 2302 2902 Domina
2335 2857 2544 2912 nostra,
2579 2863 2699 2917 qua:
2727 2848 2961 2903 Verbum
3001 2848 3166 2903 Deum
3204 2847 3258 2902 in
3298 2858 3449 2903 utero
3483 2856 3573 2900 tuo

2003 2952 2172 3007 supra
2202 2947 2417 2994 natura:
2443 2939 2707 2994 rationem
2754 2940 2942 3009 cepisti
2973 2978 2990 3005 ,
3039 2954 3156 3008 qme
3187 2949 3437 2993 naturam
3474 2954 3572 2994 ηο-

2003 3037 2172 3082 stram
2205 3027 2320 3097 (24)
2367 3037 2460 3083 tuo
2512 3039 2668 3098 partu
2700 3029 2964 3084 deiﬁcasti
2991 3067 3009 3094 ,
3045 3044 3164 3098 qua:
3213 3029 3357 3084 inter
3402 3029 3570 3083 Deum

322 3111 717 3182 μεσιτεύσασα,
749 3114 970 3186 ἐλέησον
998 3115 1091 3168 τὸν
1128 3116 1258 3171 λαόν
1289 3135 1405 3183 σου,
1444 3121 1538 3174 καὶ
1570 3121 1670 3192 τὴν
1701 3125 1896 3197 κληρο-

2006 3130 2052 3174 et
2072 3121 2343 3175 hominem
2370 3129 2455 3174 tua
2484 3120 2634 3190 prole
2657 3130 2938 3190 sequestra
2971 3135 3050 3183 es,
3088 3121 3346 3175 miserere
3377 3120 3572 3188 popqu

319 3203 518 3272 νομίαν
561 3221 693 3256 σουο
751 3205 1190 3276 σπλαγχνίσθητι
1231 3209 1325 3262 ἐπὶ
1385 3211 1560 3285 ταύτῃ
1619 3216 1683 3284 τῇ
1741 3215 1896 3270 πόλει

320 3311 443 3357 σου,
476 3297 540 3366 τῇ
573 3298 630 3348 ὲν
668 3295 744 3365 τῷ
786 3297 864 3367 σῷ
907 3299 1242 3370 καυχωμένη
1275 3300 1523 3370 ὀνόματι.
1558 3305 1898 3362 Μεσίτευσον

316 3387 463 3458 ὑπὲρ
511 3388 669 3457 ἡμῶν
719 3390 827 3442 τῶν
876 3389 1114 3456 ἀναξίων
1153 3391 1358 3446 δούλων
1407 3412 1526 3462 σου,
1571 3396 1898 3463 δυσώπησον

314 3478 410 3532 τὸν
446 3480 714 3551 μονογενῆ
748 3498 843 3534 σου
873 3481 1001 3535 Υίὸν
1031 3483 1126 3537 ἐπὶ
1150 3486 1264 3547 τοῖς
1295 3486 1582 3556 ἡμετέροις
1619 3492 1898 3560 μακροθυο

323 3571 501 3638 μῆσαι
524 3572 856 3642 πταίσμασι,
888 3574 985 3627 καὶ
1014 3573 1177 3628 λῦσαι
1215 3575 1315 3647 τὴν
1360 3578 1482 3632 καθ’
1510 3580 1668 3650 ἡμῶν
1690 3583 1897 3656 ταύτην

315 3662 537 3717 δικαίαν
596 3665 791 3736 ὀργὴν,
848 3667 944 3720 καὶ
1006 3669 1130 3732 ταῖς
1185 3669 1447 3740 νεφέλαις
1495 3672 1749 3738 ἐπιτάξαι
1802 3677 1896 3730 τὸν

317 3753 480 3807 ὑετὸν
513 3755 868 3827 ἐπομὸρῆσαι
912 3757 1182 3840 συνήθως,
1220 3762 1316 3814 καὶ
1343 3760 1440 3814 τὸν
1469 3763 1684 3834 αὐχμὸν
1709 3765 1896 3820 διαλῦ-

319 3861 434 3907 σαι,
467 3846 562 3899 καὶ
592 3846 693 3917 τῆς
732 3847 838 3916 γῆς
873 3847 1122 3918 δροσίσαι
1171 3849 1264 3903 τὸν
1298 3850 1575 3907 καύσωνα.
1633 3855 1762 3919 Ναὶ.
1795 3858 1895 3910 Δέ-

320 3951 516 3988 σποινα
545 3938 578 4003 ἡ
605 3936 699 3990 τοῦ
729 3937 938 4008 κόσμου
970 3937 1278 4010 ἀντίληψις,
1333 3940 1555 4010 ἐλέησον
1590 3942 1898 4015 θηλάζοντα

319 4029 387 4098 νή
401 4029 780 4100 πια,γέροντας
799 4029 1166 4100 κεκμηκότας.
1188 4032 1428 4102 πένητας
1440 4038 1856 4107 πεφρυγμένους
1876 4045 1894 4074 ⁸

325 4123 404 4191 μὴ
445 4123 615 4192 ἐάσῃς
650 4124 819 4192 ήμᾶςε
843 4122 1145 4178 ἀπολέσθαι
1173 4127 1292 4188 ταῖς
1365 4127 1667 4198 ἁμαρτίαις
1710 4130 1894 4200 ἡμῶν.

330 4213 706 4283 Ἦμάρτομεν,
756 4214 1117 4285 ἦνομήσαμεν
1148 4257 1162 4278 ,
1239 4215 1331 4269 τὸν
1375 4216 1616 4289 καθαρὸν
1663 4219 1757 4274 τοῦ
1804 4221 1898 4292 βα-

318 4305 628 4373 πτίσματος
645 4304 846 4374 χιτῶνα
873 4305 1405 4377 κατερῤυπώσαμεν,
1433 4307 1532 4372 τὰς
1553 4309 1899 4378 Δεσποτικάς

319 4396 544 4457 ἐντολάς
589 4397 934 4467 ἡθετήσαμεν
967 4411 982 4426 ο
1034 4395 1170 4451 ἀλλὰ
1213 4397 1316 4451 κᾶν
1346 4397 1762 4472 ὀλισθαίνωμεν,
1794 4403 1896 4456 οὐκ

317 4489 666 4558 ἐπιστάμεθα
714 4489 846 4542 Θεὸν
886 4487 1098 4559 ἕτερον,
1145 4489 1319 4561 ἀλλ’ἢ
1355 4491 1447 4545 τὸν
1480 4493 1747 4564 μονογενῆ
1796 4512 1892 4549 σου

317 4580 476 4642 Υίδν,
509 4580 603 4633 τὸν
633 4581 730 4634 σὺν
757 4582 937 4652 [Iath
991 4582 1084 4633 καὶ
1121 4580 1260 4652 ἀγίῳ
1290 4581 1570 4654 Πνεύματι
1605 4585 1894 4656 δοξαζόμε-

315 4691 411 4728 νον
436 4675 514 4736 είς
544 4673 669 4737 τοὺς
696 4671 919 4736 αἰῶνας.
960 4670 1157 4744 Ἀμήν.

2003 3222 2095 3264 tuo
2120 3249 2134 3273 .
2171 3219 2227 3266 et
2260 3211 2565 3266 haereditati
2600 3221 2737 3277 tuat;
2770 3211 2924 3266 ﬂecte
2954 3211 3156 3266 viscera
3190 3210 3572 3266 misericordia:

2003 3311 2108 3356 tua:
2155 3316 2282 3372 erga
2332 3301 2471 3358 hanc
2499 3303 2775 3358 civitatem
2826 3303 2881 3357 in
2937 3314 3027 3358 tuo
3082 3303 3298 3357 nomine
3335 3301 3571 3372 glOrinn-

2007 3402 2115 3447 tem
2152 3391 2306 3463 (25);
2334 3394 2609 3448 intercede
2646 3410 2742 3463 pro
2769 3395 2922 3448 nobis
2961 3393 3194 3459 indignis
3223 3395 3397 3448 servis
3427 3395 3569 3457 luis;

2003 3498 2193 3553 pacem
2229 3499 2491 3553 exposce,
2523 3493 2578 3536 et
2609 3499 2775 3538 exora
2808 3485 3140 3554 unigenitum
3166 3483 3363 3537 Filium
3398 3495 3570 3547 tuum,

2001 3587 2060 3629 ut
2112 3575 2312 3631 toleret
2345 3585 2564 3644 peccata
2599 3584 2810 3637 nostra,
2834 3585 2888 3630 et
2921 3577 3056 3630 hanc
3086 3584 3273 3630 contra
3305 3590 3401 3630 nos
3427 3575 3572 3644 juste

1999 3670 2328 3726 concitatam
2361 3671 2694 3726 iracundiam
2729 3680 2891 3739 ponat
2930 3689 2944 3726 :
2989 3673 3215 3741 imperet
3248 3671 3479 3727 nubibus
3514 3683 3568 3727 ut

1998 3773 2315 3818 consuetam
2367 3763 2522 3819 nobis
2575 3762 2808 3832 pluviam
2860 3762 3116 3828 mittant,
3168 3773 3221 3816 et
3265 3763 3568 3832 squalorem

1999 3855 2145 3910 hunc
2171 3855 2436 3920 eximant,
2465 3864 2523 3910 et
2551 3857 2777 3926 irrigent
2811 3863 2965 3909 terra
2998 3855 3361 3910 adnstionem.
3393 3854 3570 3909 Etiam

2000 3945 2227 4000 Domina
2258 3946 2441 3999 mundi
2475 3945 2810 4014 recuperatio
2839 3982 2855 4008 ,
2905 3945 3168 4000 miserere
3193 3945 3452 3999 lactentes
3483 3946 3568 3998 in-

2002 4036 2180 4091 [antes
2201 4075 2216 4098 .
2246 4051 2405 4091 senes
2452 4034 2833 4090 det'atiscentes
2854 4074 2869 4100 ,
2901 4049 3164 4104 pauperes
3196 4037 3569 4100 tabescentes;

1998 4144 2068 4183 ne
2085 4129 2236 4182 sinas
2255 4143 2354 4182 nos
2367 4127 2564 4182 nostris
2586 4125 2904 4182 criminibus
2929 4127 3170 4183 interire.
3189 4127 3470 4183 Peccavim
3484 4147 3566 4193 us,

1999 4219 2201 4289 injuste
2217 4220 2640 4290 egimus,puram
2659 4219 2910 4288 baptismi
2933 4229 3133 4274 vestem
3156 4223 3571 4277 commaculavi-

2001 4325 2141 4372 mus,
2171 4311 2381 4364 Domini
2411 4318 2678 4380 praecepta
2722 4311 3187 4380 contempsimus:
3212 4326 3396 4366 verum
3441 4321 3496 4366 et
3525 4313 3570 4368 si

1998 4405 2231 4476 prolapsi
2255 4419 2464 4468 sumus,
2489 4403 2650 4458 alium
2673 4413 2850 4458 tamen
2871 4421 2974 4460 non
2990 4405 3364 4474 cognoscimus
3381 4407 3568 4469 Deum,

2001 4497 2103 4551 nisi
2139 4496 2487 4568 Unigenitum
2520 4506 2693 4564 tuum,
2733 4497 2971 4568 quicum
3003 4496 3168 4553 Patre
3194 4539 3209 4564 ,
3268 4510 3320 4553 et
3359 4498 3563 4570 Spiritu

2003 4598 2192 4643 sancto
2222 4589 2552 4658 glorificatur
2578 4589 2631 4645 in
2658 4589 2854 4646 saecula
2882 4591 3222 4646 saeculorum.
3257 4593 3448 4648 Amen.

1558 4821 1881 4884 Francisci
1919 4821 2130 4885 Scorsi
2166 4830 2352 4884 noue.

392 4971 504 5040 (ᾗ)
531 4970 600 5024 Ει
628 4979 768 5025 terra
797 4970 1034 5042 punitur.
1108 4971 1218 5042 Kal.
1248 4972 1574 5042 τιμωρεῖται
1602 4973 1637 5042 ἡ
1663 4974 1759 5041 γῆ.
1794 4971 1893 5026 Se-

315 5039 504 5114 quitur
537 5042 604 5114 ad
630 5039 830 5114 vocem
890 5040 1168 5114 ’πταίομενΔ
1187 5041 1239 5094 in
1266 5039 1424 5114 ﬁall.
1454 5041 1521 5114 Et
1567 5039 1758 5114 deinde
1786 5041 1890 5096 alia

317 5110 585 5169 sententia
628 5113 816 5182 incipit
845 5111 1088 5167 ιΦαῦλον
1115 5110 1230 5181 βίον
1259 5110 1442 5180 ζῶμεν
1478 5113 1642 5182 χήμετς
1669 5112 1762 5164 καὶ
1789 5129 1894 5182 μαι

317 5184 584 5247 στὶζεται,
633 5181 749 5236 ειο.
796 5184 866 5235 At
926 5182 977 5235 in
1024 5183 1282 5236 Panorm.
1321 5196 1388 5235 ex
1436 5181 1520 5235 his
1560 5182 1888 5235 duabusuna

318 5259 460 5308 t‘acta
472 5263 527 5307 et
554 5255 814 5318 permista
839 5261 959 5306 erat
1009 5251 1286 5322 Πταίομεν
1309 5253 1474 5322 ἡμεῖς
1502 5252 1600 5305 καὶ
1624 5249 1889 5320 μαστίζε-

318 5341 406 5376 ται
429 5326 497 5376 τά
527 5321 732 5376 ἀψυχα.

313 5341 406 5379 ται
429 5326 497 5376 τά
527 5326 732 5379 ἀψυγα.

390 5343 406 5376 ι
429 5326 497 5376 τά
527 5321 732 5392 ἄψυχα.
1189 5321 1196 5322 ί
1332 5321 1361 5322 7⁷

389 5393 500 5463 (23)
546 5391 710 5463 Velox
740 5401 789 5447 et
846 5392 1246 5462 inexpugnabile
1277 5391 1604 5461 prazsidium.
1635 5389 1745 5450 Hoc
1768 5406 1897 5447 vero

313 5461 546 5532 elogium
603 5461 661 5518 Β.
712 5463 940 5530 Virginis
985 5464 1096 5531 ipsa
1119 5464 1334 5532 dignum
1387 5464 1623 5533 episcopi
1670 5463 1892 5531 pietate,

313 5550 422 5586 non
455 5536 573 5587 sine
614 5535 893 5601 utriusque
934 5533 1126 5600 injuria
1171 5534 1452 5594 omissum,
1533 5537 1582 5584 in
1641 5533 1892 5588 Panorm.

316 5604 535 5659 restitui
557 5618 624 5660 ex
669 5603 808 5660 Gali.
834 5603 920 5660 ubi
966 5605 1080 5675 Τὴν
1111 5603 1336 5673 ταχεῖαν
1381 5605 1742 5674 προστασίαν,
1798 5603 1897 5657 καὶ

1999 4973 2212 5041 ἄμαχον
2239 4972 2498 5043 scriptum
2526 4972 2725 5043 reperi.

2075 5036 2186 5112 (23)
2246 5036 2376 5108 om
2437 5036 2684 5112 naturam
2727 5050 2979 5112 nostram.
3008 5109 3022 5112 _
3043 5036 3111 5094 Et
3141 5040 3289 5112 haec
3315 5038 3476 5112 etiam
3503 5039 3568 5112 ad

2003 5109 2338 5181 majestatem
2363 5111 2423 5182 Β.
2447 5109 2590 5182 Virg.
2621 5111 2968 5182 pertinentia.
3007 5109 3072 5163 Ἢ
3103 5109 3199 5182 τὴν
3220 5109 3383 5178 φύσιν
3411 5110 3569 5179 ἡμῶν

1993 5179 2176 5252 «post
2206 5182 2353 5251 τόκῳ
2383 5179 2660 5236 θεώσασα.
2717 5179 2847 5245 Qua:
2904 5179 3425 5252 naturam'nostraon
3482 5190 3568 5233 lno

1995 5249 2156 5319 parui
2179 5249 2550 5319 sanctiﬁcat“,
2600 5253 2844 5305 restituta
2877 5264 2999 5305 sunt
3029 5266 3094 5305 ex
3109 5252 3298 5306 eodem
3319 5249 3461 5304 Gall.

2067 5322 2177 5392 (9.5)
2199 5320 2484 5392 Civitatem
2512 5323 2567 5392 in
2590 5332 2678 5375 tuo
2702 5322 2911 5376 nomine
2939 5321 3272 5392 gloriantem.
3325 5323 3402 5374 Oh
3435 5321 3562 5373 ima-

1994 5391 2170 5460 ginem
2194 5391 2254 5448 Β.
2317 5391 2552 5463 Virginis
2607 5391 3022 5462 ἀχειροποίητον
3059 5395 3567 5463 ιιοηᾼιιιιιιιιιειοιηιη

1997 5458 2198 5518 dictum
2256 5458 2593 5530 potissimum
2639 5458 2928 5516 a'rb‘itrora
2981 5461 3328 5528 Theophane,
3362 5458 3567 5514 Tauro-

1998 5535 2231 5587 menium
2260 5529 2330 5585 in
2374 5530 2623 5600 Virginis
2659 5533 2876 5602 nomine
2909 5531 3134 5597 gloi-iari
3169 5547 3182 5583 :
3213 5532 3280 5587 de
3315 5546 3422 5602 quo
3447 5529 3567 5586 vide

1998 5613 2110 5657 nol.
2147 5602 2232 5671 ll,
2265 5611 2322 5658 et
2347 5604 2586 5659 Ρτοωω.
2609 5601 2877 5674 t,lsag.,§
2910 5603 2964 5656 5.
