3934 6222
393 324 597 337 ,σ-ο-ο
1337 334 1846 350 .._______.__—_______.._
1871 336 1982 341 -_
2005 338 2026 341 ._
2067 338 2074 341 _
2123 338 2158 341 _.
2181 338 2192 341 _
2209 338 2248 342 ν--
2287 338 3578 348 ῌξᾞ--φκ,γ
3601 344 3606 345 ,
3625 344 3630 345 γ

1669 535 1842 580 Δί(Νο
1875 536 2097 582 ΒΟΜΙΝῙ
2134 539 2374 583 “CXLII!

840 720 1483 900 NILUS
1636 715 3213 904 DOXAPATBIUS

1772 1037 2279 1130 NOTI'I‘IA

1347 1236 1478 1299 (Cas.
1504 1234 1674 1284 Ouum.
1705 1233 1778 1283 De
1800 1231 1970 1297 script.
2002 1233 2184 1284 eccles.
2213 1239 2331 1284 tom.
2361 1233 2421 1293 ll,
2455 1246 2506 1297 p.
2528 1233 2691 1297 1180.)

471 1542 625 1598 Nilus
656 1554 753 1597 seu
788 1538 1045 1594 Nicolaus
1086 1546 1444 1609 cognomento
1492 1540 1892 1609 Doxapatrius,
1945 1537 2202 1595 Ecclesia:
2234 1538 2437 1595 Graecas
2490 1538 2723 1606 primum
2776 1536 3225 1607 archimandrita,
3286 1542 3452 1613 cujus
3514 1544 3679 1601 locus

400 1632 664 1685 natalium
701 1630 941 1684 incertus
978 1636 1141 1695 atque
1172 1626 1386 1696 ignotus
1416 1635 1520 1693 est,
1554 1626 1727 1682 lactus
1760 1626 2104 1697 postmodum
2139 1625 2385 1682 notarius
2423 1624 2812 1693 patriarchalis
2843 1624 3048 1694 Magum
3078 1625 3343 1684 Ecclesia
3376 1631 3670 1688 Constauo

401 1718 774 1788 tinOpolitanaa
809 1725 863 1770 ct
887 1714 1314 1786 prmoproedrus
1340 1713 1726 1786 syncellorum,
1753 1712 1914 1768 simul
1943 1713 2106 1767 etiam
2147 1712 2509 1784 nomophylax
2545 1713 2757 1783 imperii
2788 1709 3183 1771 Romanorum.
3206 1715 3373 1772 Certe
3397 1717 3673 1776 Panormi

400 1808 454 1860 iu
494 1805 678 1861 Sicilia
708 1803 1019 1874 aliquandiu
1050 1801 1274 1867 vixisse,
1301 1802 1415 1870 ipse
1446 1802 1602 1857 nobis
1635 1802 1790 1857 testis
1821 1810 1927 1856 est.
1961 1800 2165 1856 Claruit
2190 1815 2337 1856 anno
2367 1800 2529 1855 HM.
2554 1798 2659 1867 Qui
2688 1815 2786 1871 per
2809 1802 3070 1871 epistolas
3095 1817 3127 1857 a
3168 1803 3411 1875 Rogerio
3457 1806 3672 1863 Sicilia

401 1912 528 1966 rege
563 1894 800 1950 monitus
834 1893 1054 1962 scripsit
1086 1891 1408 1962 opusculum
1434 1890 1511 1945 De
1541 1892 1805 1951 maiorum
1836 1890 2263 1958 patriarcharum
2284 1888 2521 1953 sedibus,
2551 1888 2695 1957 quod
2726 1898 2935 1959 postea,
2957 1903 3105 1945 anno
3140 1906 3336 1963 nempe
3372 1897 3677 1965 pradicas,

403 1982 594 2036 lusiori
629 1995 794 2050 opere
829 1989 1152 2049 prosecutus
1178 1988 1261 2034 est
1290 1995 1305 2032 :
1341 1978 1394 2033 in
1425 1994 1532 2048 quo
1566 1979 1634 2032 de
1664 1980 1904 2050 quinque
1944 1974 2401 2047 patriarchalibus
2432 1974 2669 2041 tbronis,
2697 1974 2878 2046 iisque
2914 1978 3173 2047 subjectis
3204 1979 3668 2052 archiepiscopis,

403 2068 861 2138 metropolitanis,
895 2068 1190 2137 episcopis,
1231 2068 1297 2121 de
1325 2067 1769 2136 patriarchalium
1803 2066 2013 2121 sedium
2050 2064 2410 2128 institutione,
2436 2064 2628 2120 ordine
2658 2073 2714 2119 et
2741 2064 2975 2134 propriis
3005 2067 3319 2122 nominibus
3346 2068 3671 2125 luculenter

404 2159 536 2228 agit.
568 2157 645 2212 Ex
680 2158 783 2212 hac
814 2156 1278 2227 patriarchatuum
1313 2156 1530 2221 notitia,
1562 2157 1894 2225 amplissima
1937 2155 2103 2210 multa
2139 2170 2202 2210 ac
2239 2154 2500 2224 praeclara
2537 2169 2668 2210 sane
2699 2154 2999 2225 fragmenta
3032 2156 3250 2211 exhibet
3282 2156 3397 2212 Lco
3428 2159 3671 2215 Allatius

406 2247 482 2301 De
515 2247 802 2301 concordia
835 2244 1091 2299 Ecclesiae
1122 2244 1411 2299 Orientalis
1443 2254 1489 2299 et
1518 2242 1895 2310 Occidentalis,
1933 2243 1959 2297 Ii

2115 2284 2128 2309 ,
2167 2257 2322 2313 capp.
2352 2242 2409 2310 2,
2442 2242 2499 2309 8,
2528 2242 2586 2311 9,
2620 2243 2709 2309 10,
2741 2243 2831 2309 12,
2868 2243 2972 2310 ﬂ,
3009 2244 3096 2311 16,
3135 2246 3227 2312 17,
3256 2246 3353 2302 24.
3380 2247 3668 2317 [ntegrum

304 2360 310 2367 η
406 2344 587 2390 autem
620 2334 817 2390 librum
849 2349 919 2387 ex
953 2332 1138 2387 codice
1167 2331 1563 2387 Bonaveutura:
1592 2330 1898 2387 Wulocanii
1933 2330 2233 2386 recentiore
2266 2346 2428 2385 manu
2465 2345 2612 2386 anno
2650 2330 2784 2385 1651
2823 2331 3118 2401 descripto,
3153 2330 3344 2389 Graece
3372 2343 3434 2389 et
3467 2334 3673 2391 Latine

408 2424 459 2475 in
494 2422 669 2478 lucem
706 2421 891 2476 emisit
912 2419 1223 2491 Stephanus
1244 2418 1319 2473 Le
1344 2418 1521 2474 Moine
1551 2419 1733 2475 tomol
1771 2418 2048 2474 Variorum
2071 2434 2371 2486 sacrorum,
2396 2434 2523 2487 pag.
2541 2418 2671 2483 2H,
2694 2419 2939 2489 Lugduni
2970 2418 3297 2476 Batavorum
3322 2436 3475 2477 atina
3501 2423 3671 2489 1685,

407 2510 552 2566 ἱιι-ι.
589 2507 818 2563 Fallitur
844 2507 1040 2562 eximie
1071 2491 1390 2562 Guillelmus
1414 2507 1591 2563 Cavus
1640 2509 1766 2562 dum
1796 2506 1955 2562 anuis
1989 2519 2205 2562 centum
2231 2508 2374 2563 hunc
2400 2509 2722 2578 scriptorem
2750 2508 3110 2579 antiquiorem
3134 2525 3296 2578 quam
3324 2512 3440 2567 fere
3476 2514 3668 2579 fuerit,

412 2598 542 2651 facit
576 2615 589 2650 :
623 2611 874 2652 asserens
920 2594 1173 2651 ﬂoruisse
1212 2610 1355 2651 anno
1406 2594 1545 2650 1045
1574 2594 1754 2650 saeculi
1792 2595 2081 2650 undecimi.
2122 2596 2300 2651 Aliam
2350 2597 2628 2653 habuisset
2682 2606 2939 2665 mentem,
2992 2598 3038 2653 si
3078 2599 3350 2670 tantisper
3396 2601 3472 2657 ad
3522 2618 3673 2671 opus

418 2686 562 2741 illius
595 2685 737 2755 quod
771 2700 883 2753 pra:
913 2684 1165 2739 manibus
1196 2684 1406 2749 habuit,
1440 2683 1785 2738 attendisset.
1812 2682 1926 2739 Illic
1951 2685 2094 2738 enim
2127 2683 2204 2737 ait
2235 2685 2434 2739 diserte
2468 2700 2527 2739 se
2556 2686 2656 2739 hoc
2683 2684 3057 2754 composuisse
3079 2687 3427 2755 Opusculum,
3464 2700 3525 2744 ut
3552 2691 3673 2759 ipse

415 2782 665 2840 testatur,
704 2772 840 2836 ἔτει,
889 2776 1117 2844 ιςχναπς
1146 2786 1239 2825 seu
1301 2786 1443 2825 anno
1492 2770 1809 2826 Graecorum
1856 2768 1967 2825 Con

2115 2770 2575 2839 .inopolitauorum
2609 2770 2771 2835 6651.
2819 2772 2872 2827 id
2920 2782 3001 2828 est
3052 2787 3197 2828 anno
3245 2776 3458 2831 Christi
3498 2777 3668 2834 1115.

416 2863 561 2917 Sane
593 2863 747 2918 Nilus
780 2861 1139 2931 Doxapatrius
1166 2860 1373 2915 diserte
1407 2859 1473 2912 ad
1504 2873 1704 2913 annum
1738 2857 1877 2912 1H5
1904 2858 2106 2913 relatus
2132 2871 2160 2911 a
2191 2856 2388 2912 Carolo
2419 2858 2486 2911 du
2517 2856 2718 2912 Fresne
2741 2897 2756 2923 ,
2793 2859 3011 2913 domino
3038 2860 3104 2913 du
3134 2859 3338 2930 Cange,
3379 2861 3438 2915 in
3485 2862 3674 2918 Indice

415 2959 697 3004 auctorum
731 2964 896 3020 quem
956 2947 1237 3015 subiunxit
1283 2947 1349 2999 ad
1398 2946 1600 3000 calcem
1637 2945 1899 2999 Glossarii
1948 2945 2134 2999 media:
2166 2954 2215 3000 et
2269 2944 2465 3012 inﬁma:
2512 2940 2833 3008 ercitatis,
2871 2945 2978 3000 col.
3011 2944 3079 2999 57
3110 2955 3165 3000 et
3189 2946 3282 3013 58,
3327 2949 3413 3002 his
3443 2951 3671 3006 verbis:

417 3038 577 3091 Nilus
606 3036 970 3105 Doxupatrius
1000 3033 1419 3088 archimandrita
1452 3035 1519 3087 de.
1555 3033 1795 3102 quinque
1825 3031 2279 3099 patriarchalibus
2310 3033 2550 3096 sedibus,
2590 3032 2745 3101 cujus
2777 3032 2901 3086 libri
2932 3044 3179 3100 excerpta
3223 3036 3379 3089 uaria
3418 3039 3674 3092 describit

416 3126 522 3179 Leo
550 3124 781 3179 Allatius
812 3124 868 3176 in
897 3124 1032 3174 libro
1063 3121 1136 3174 De
1171 3134 1440 3174 consensu
1468 3121 1753 3187 utriusque
1787 3118 1969 3173 Eccles

2119 3135 2253 3190 ναις.
2286 3119 2374 3183 l5,
2409 3117 2532 3185 too,
2564 3120 2689 3184 165,
2725 3120 2846 3186 167,
2880 3121 3004 3188 ηδ,
3042 3121 3166 3187 195,
3209 3123 3343 3187 215.
3377 3124 3513 3189 159.
3538 3125 3672 3191 255.

415 3213 542 3277 409,
577 3210 702 3276 522,
730 3209 854 3264 559..
897 3208 1038 3262 Vixit
1066 3210 1163 3261 sub
1196 3206 1419 3278 Rogerio
1449 3223 1565 3275 rege
1601 3207 1656 3261 in
1683 3206 1874 3261 Sicilia
1909 3224 1968 3260 an

2130 3208 2247 3263 115.
2285 3207 2473 3262 Editus
2513 3224 2677 3274 nuper
2704 3225 2738 3262 a
2769 3209 3038 3277 Stephano
3081 3209 3156 3265 Le
3187 3211 3375 3266 Huine
3418 3213 3585 3269 1685.
3616 3214 3675 3269 In

418 3304 655 3359 editione
681 3301 925 3355 omnium
960 3299 1016 3354 S.
1054 3298 1337 3353 Athanasii
1370 3298 1603 3367 Operum
1651 3297 1943 3351 Parisieusi
1981 3296 2137 3359 1698,
2187 3295 2329 3367 apud
2368 3296 2713 3358 Anissonios.
2748 3298 2888 3353 inter
2914 3297 3065 3354 Vitas
3090 3311 3145 3354 et
3177 3298 3366 3369 Elegia
3401 3301 3466 3355 S.
3497 3303 3674 3356 Atha-

420 3390 557 3445 nasii
592 3390 642 3445 in
673 3388 954 3443 Prmludiis
1002 3403 1124 3457 pag.
1156 3401 1341 3452 cLXtv,
1380 3386 1487 3439 Τοῦ
1532 3384 1886 3456 Δοξαπὰτρου
1927 3400 1973 3453 qi

2125 3401 2214 3440 mu
2250 3385 2492 3440 codicem
2539 3384 2891 3442 Basiliensem
2936 3385 3169 3457 Operum
3196 3389 3493 3445 Athanasii
3523 3392 3678 3461 cujus

422 3480 766 3534 meminimus
791 3478 1030 3545 scripsit,
1053 3476 1182 3539 ἔπος
1207 3477 1258 3530 in
1283 3475 1470 3529 Arium
1499 3474 1572 3527 De
1601 3474 1758 3528 laude
1780 3473 2060 3527 Athanasii
2087 3474 2138 3524 in
2165 3472 2348 3526 limine
2376 3473 2536 3543 hujus
2563 3473 2790 3541 codicis,
2816 3474 3021 3530 editum
3046 3491 3074 3528 a
3106 3474 3271 3531 Petro
3297 3476 3679 3533 Felckmanno

420 3568 608 3623 Grzece
642 3566 778 3622 I600
812 3564 1205 3634 Heidelbergze,
1236 3572 1289 3618 et
1330 3565 1382 3618 in
1423 3562 1664 3619 editione
1693 3561 1990 3617 Parisiensi
2036 3559 2194 3615 1698.
2237 3560 2424 3615 Exstat
2464 3560 2629 3614 etiam
2673 3562 2728 3614 in
2767 3577 2868 3616 ms.
2921 3564 3112 3619 codice
3158 3562 3355 3619 Gnaeo
3407 3566 3679 3622 historico

427 3655 766 3711 hibli0thecm
794 3653 1057 3708 Caesareae
1086 3651 1545 3713 Vindoboneusis,
1590 3651 1712 3705 cod.
1754 3650 1849 3709 ’47.
1901 3666 2050 3705 num.
2071 3649 2128 3709 9..
2162 3657 2221 3702 ut
2253 3649 2416 3704 habet
2455 3647 2645 3703 Petrus
2678 3647 3023 3712 Lambecius.
3060 3661 3192 3707 tom.
3230 3651 3348 3707 Vill
3380 3652 3682 3709 Commen-

426 3745 684 3800 tariorum
750 3742 912 3812 hujus
970 3742 1339 3804 Bibliothecar,
1388 3756 1510 3810 pag.
1542 3738 1669 3805 457,
1704 3739 1786 3792 his
1829 3737 2048 3792 verbis:
2076 3736 2317 3792 Secundo
2356 3746 2409 3789 et
2452 3736 2674 3806 quidem
2727 3753 2755 3788 a
2806 3736 2900 3793 fol.
2941 3737 3064 3802 ηδ,
3116 3753 3239 3809 pag.
3288 3740 3341 3807 1,
3387 3756 3572 3810 usque
3616 3741 3682 3798 ad

423 3833 520 3887 iul.
559 3831 683 3898 155,
716 3848 841 3901 pug.
882 3832 936 3895 1,
972 3828 1186 3883 Nicolai
1214 3829 1409 3882 notarii
1443 3826 1824 3895 patriarchalis
1854 3824 2065 3895 Magna?
2106 3822 2359 3877 Ecclesia:
2393 3822 3015 3894 Coustantinopolitame,
3059 3837 3107 3880 et
3149 3831 3532 3896 protoproedri
3562 3847 3685 3899 sgn-

424 3921 698 3983 rellorum,
726 3920 887 3974 simul
915 3920 1074 3972 etiam
1109 3916 1502 3987 nomophylacis
1542 3916 1748 3982 imperii
1795 3911 2172 3977 Romanorum,
2205 3913 2509 3983 cognomine
2541 3911 2867 3981 Doxapatri,
2901 3911 3183 3983 Expositio
3217 3918 3272 3970 in
3322 3917 3388 3972 S.
3436 3918 3687 3988 Gregorii

430 4010 759 4065 Nazianzeai
800 4007 1133 4062 Telrasticha
1162 4007 1410 4071 iambico,
1436 4017 1483 4058 et
1519 4005 1629 4057 alia
1664 4003 1776 4072 ejus
1822 4002 2079 4057 nonnulla
2129 4003 2388 4054 carmina.
2437 4000 2754 4055 lnscrihitur
2800 4019 2862 4057 ea
2913 4015 3073 4073 atque
3104 4006 3297 4075 incipit
3329 4006 3437 4061 hoc
3480 4010 3682 4063 modo:

425 4099 696 4153 Νικολάου
760 4079 862 4166 ἑῆς
904 4093 1537 4154 Κωιθσταντινουπόλεως
1588 4090 1684 4146 τοῦ
1744 4090 1877 4143 Θεοῦ
1920 4090 2173 4157 Μεγάλης
2226 4088 2528 4159 ἐκκλησίας
2590 4090 2993 4162 πατριαρχικοῦ
3030 4094 3302 4164 νοταριου,
3331 4096 3431 4149 καὶ
3460 4113 3685 4167 πρωτο-

429 4188 694 4259 προέδρου
760 4186 899 4246 Δόξα
950 4185 1141 4256 πατρὶ,
1193 4184 1455 4255 ἐξήγησις
1501 4183 1609 4235 τῶν
1648 4180 2020 4252 τετραστὶχων
2079 4178 2376 4247 1αμ6ικῶν,
2434 4178 2827 4249 παραινετικοῦ
2890 4182 2948 4234 ὲν
3008 4181 3188 4249 ἁγίοις
3243 4184 3465 4255 Harpe;
3523 4186 3685 4256 ἡμῶν

428 4275 733 4346 Γρηγορίου
754 4273 848 4327 τοῦ
872 4273 1161 4339 Θεολόγου.
1189 4272 1262 4323 Τὸ
1285 4272 1615 4341 ἐπίγραμμα
1636 4268 1744 4322 τῶν
1777 4267 2006 4338 στίχωνο
2034 4266 2337 4336 Γρηγορίου
2360 4266 2517 4329 πόνος
2548 4267 2685 4335 εἰμὶ,
2706 4268 3093 4338 τετραστιχίην
3129 4269 3187 4324 δὲ
3227 4272 3550 4341 φυλάσσων,
3578 4285 3685 4329 etc.

429 4365 549 4429 Quo
592 4363 744 4415 linito
787 4359 1060 4414 Prommio
1114 4358 1359 4428 sequitur
1417 4356 1632 4411 initium
1690 4357 1931 4423 ipsorum

2132 4354 2464 4408 istic/torum.
2522 4354 2723 4425 Γνώμη
2763 4361 2833 4409 α’.
2898 4356 3107 4427 Ιῐρᾶξιν
3155 4362 3613 4430 -προτιμήσειας,
3653 4364 3685 4432 ἢ

434 4448 694 4517 θεωρίαν,
740 4459 850 4501 etc.
882 4446 1163 4514 Expositio
1195 4457 1374 4500 autem
1409 4444 1691 4513 subiuncta
1721 4443 1907 4512 incipit
1943 4441 1987 4495 hi

2136 4442 2235 4495 rhis
2266 4458 2278 4493 :
2309 4442 2507 4512 Διττῆς
2538 4440 2707 4515 οὔσης
2756 4445 2855 4514 τῆς
2888 4443 3123 4514 ἀληθοῦς
3156 4447 3507 4516 φιλοσοφίας,
3548 4455 3618 4521 ἠν
3660 4453 3689 4504 ὀ

434 4539 669 4608 Χριστος
728 4537 821 4588 καὶ
877 4536 925 4588 οἱ
969 4537 1256 4608 ἀπόστολοι
1293 4537 1422 4605 ἡμῖν
1471 4532 1924 4604 παραδεδώκασιν
1974 4533 2032 4583 ὲν
2086 4530 2461 4599 Εὐαγγε).ἔοις,
2506 4531 2600 4584 ita}.
2654 4534 2777 4597 ταῖς
2809 4532 3023 4595 λοιπαῖς
3074 4535 3249 4605 ἱεραῖς
3308 4536 3524 4607 βίϐλοις
3580 4539 3690 4591 τῶν

439 4601 717 4696 Πρἀξειιιν,
744 4624 837 4675 καὶ
868 4624 975 4677 τῶν
1013 4601 1363 4687 Ἐπιξτολῶο,
1400 4624 1494 4676 καὶ
1522 4601 1622 4694 τῆς
1656 4624 1754 4693 μὲν
1795 4638 1992 4692 πρακτι

2137 4618 2317 4689 οὔσης,
2344 4618 2441 4688 τῆς
2461 4617 2519 4671 δὲ
2549 4619 2914 4691 Θεωρητικῆς,
2949 4616 3070 4675 etc.‘
3086 4601 3246 4676 Plura
3276 4601 3344 4678 de
3377 4625 3465 4679 his
3499 4624 3690 4680 Tetra-

435 4712 615 4768 stichis
653 4712 880 4780 aliisque
912 4712 970 4766 S.
1002 4711 1245 4780 Gregorii
1283 4711 1606 4765 Nazianzeni
1637 4709 1990 4773 carminibus,
2025 4712 2146 4765 vide
2177 4720 2325 4765 tomo
2359 4710 2420 4764 il.
2452 4712 2686 4781 Operum
2711 4712 2886 4776 illius,
2915 4713 3143 4768 Parisiis
3173 4730 3203 4768 a
3253 4713 3552 4771 Frederico
3580 4717 3692 4770 Mo-

439 4800 576 4856 rello
612 4800 746 4855 1611
789 4800 977 4856 Grzece
1008 4810 1060 4855 et
1096 4798 1287 4853 Latine
1320 4799 1534 4853 in-lolio
1575 4798 1843 4852 editorum
1875 4814 1890 4851 :
1926 4808 1980 4853 et
2006 4799 2223 4867 quidem
2254 4799 2519 4869 imprimis
2564 4815 2689 4871 pag.
2731 4800 2860 4865 156,
2906 4801 2995 4857 ubi
3045 4803 3159 4870 ipsa
3215 4802 3302 4856 illa
3353 4801 3694 4857 Tetrastielia

438 4901 678 4946 exstant.
714 4889 779 4943 Et
810 4890 1057 4944 columna
1099 4886 1259 4952 1105,
1312 4897 1477 4956 atque
1508 4887 1782 4955 deinceps,
1831 4887 1919 4940 ubi
1951 4885 2152 4942 Nicetes
2194 4887 2553 4959 Dadybrensis
2587 4888 3012 4944 Commentarius
3045 4891 3098 4943 in
3136 4892 3317 4945 eadem
3352 4890 3693 4946 Tetrasttcha

443 4980 632 5034 Latiue
661 4979 969 5044 exhibetur,
1005 4994 1129 5033 cum
1163 4977 1382 5033 insertis
1408 4975 1598 5031 Jacobi
1629 4975 1768 5031 Billii
1811 4975 2050 5031 scholiis.
2082 4977 2187 5033 Sed
2224 4976 2291 5031 de
2337 4975 2543 5031 Nicolai
2596 4978 2751 5033 istius
2786 4979 3101 5044 Doxapatrii
3142 4980 3529 5047 Expositione,
3580 4997 3697 5050 qua:

442 5067 495 5119 in
529 5067 777 5135 praesenti
814 5081 920 5121 ms.
957 5066 1147 5122 codice
1177 5065 1426 5121 Caesareo
1456 5074 1657 5130 exstat,
1695 5063 1839 5118 nulla
1872 5079 2094 5134 prorsus
2139 5066 2210 5118 ibi
2260 5068 2463 5119 mentio
2491 5065 2570 5131 lit,
2602 5068 2726 5136 quia
2753 5078 2810 5121 et
2836 5066 2991 5120 Billio
3039 5077 3094 5122 et
3130 5065 3363 5122 Morello
3414 5070 3692 5138 incognita

443 5154 563 5207 fuit.
595 5172 614 5204 ι
644 5152 952 5208 Bcrnardus
981 5155 1047 5209 de
1084 5153 1450 5218 Montl‘aucon,
1486 5154 1781 5208 monachus
1807 5152 2188 5208 Benedictinus
2214 5154 2650 5223 congregationis
2676 5152 2865 5209 Sancti
2902 5153 3073 5209 Mauri
3113 5154 3166 5209 in
3205 5155 3410 5221 Gallia,-
3451 5155 3694 5209 Diariu

450 5242 698 5296 Italicum
732 5258 875 5296 anno
905 5243 1041 5297 1702
1080 5242 1304 5300 Parisiis
1334 5244 1475 5313 apud
1526 5242 1791 5298 Joannem
1821 5242 2056 5297 Anissou
2088 5242 2145 5297 in
2171 5241 2206 5296 4
2238 5242 2504 5299 edendum
2557 5245 2753 5314 sategit
2781 5282 2797 5308 ,
2861 5243 2913 5298 in
2954 5258 3063 5313 quo
3095 5244 3325 5314 plurima
3378 5246 3449 5298 ad
3503 5246 3695 5297 biblio-

447 5333 641 5386 thecas
700 5330 868 5385 italiae
895 5332 1194 5399 spectantia
1226 5333 1592 5387 continentur.
1631 5332 1747 5387 Illic
1772 5345 1903 5401 ergo
1934 5331 2109 5401 capite
2164 5330 2231 5386 15
2272 5331 2516 5401 loquitur
2559 5332 2625 5386 de
2681 5330 3015 5385 monasterio
3043 5341 3099 5386 et
3137 5316 3474 5386 bibliotheca
3509 5346 3695 5386 mona-

449 5421 671 5473 chorum
709 5418 765 5473 S.
801 5418 985 5473 Basilii
1027 5418 1341 5475 Graecorum
1375 5421 1578 5476 “eunte.
1612 5421 1765 5488 Quod
1796 5423 2019 5492 quidem
2053 5421 2363 5477 cmuohium
2414 5434 2762 5489 perparvum,
2794 5417 3106 5488 nulliusque
3156 5420 3393 5473 antehac
3436 5420 3694 5481 nominis.

447 5506 553 5573 jam
600 5509 780 5564 studio
823 5507 887 5561 11.
931 5507 1104 5562 Patris
1136 5509 1284 5562 Petri
1320 5508 1589 5573 Mennitii,
1631 5511 1842 5566 ordinis
1872 5509 2135 5580 praefecti,
2159 5509 2347 5563 festiva
2377 5507 2533 5576 copia
2575 5506 2825 5563 codicum
2874 5506 3187 5562 Graecorum
3236 5517 3559 5563 exornatur.
3611 5506 3697 5560 Ille

450 5593 617 5655 enim,
647 5596 769 5663 quia
801 5594 852 5648 in
887 5595 1051 5650 variis
1078 5594 1181 5650 sibi
1213 5595 1477 5664 subjectis
1501 5599 1850 5653 monasteriis
1876 5598 2160 5662 Calabrim,
2201 5597 2420 5652 codices
2448 5597 2604 5662 istos,
2637 5595 2882 5651 obsoleto
2916 5608 3052 5663 perte
3098 5594 3288 5650 Graece
3331 5594 3389 5650 lit
3409 5609 3534 5666 gum
3559 5609 3684 5659 usu,

452 5680 628 5746 jacere
662 5682 892 5740 intactos
926 5683 1304 5753 neglectosque
1337 5692 1641 5753 acceperat,
1673 5686 1976 5743 imminenti
2013 5686 2126 5754 jam
2170 5686 2364 5741 exsilio
2397 5684 2684 5749 subduxit,
2731 5684 2897 5752 inque
2942 5682 3144 5744 Urbem
3183 5682 3379 5739 advchi
3428 5683 3484 5737 ia
3537 5696 3693 5738 usum
