3934 6222
48 384 54 390 ν
115 300 290 364 ιοεδ·

1210 309 1535 370 -ΝΟΤΙΤιΑ
1579 307 2327 391 ΡρΤΠῐΑΒίῖΗᾹΤυυΜ.

3270 303 3410 368 1036

111 412 303 482 αὐτὴν
331 411 389 466 δὲ
422 411 626 482 ὑστέρα
682 414 714 483 ἡ
740 413 846 468 τῶν
879 416 1133 485 Περσῶν.
1164 417 1228 470 ΛΞ
1269 418 1325 471 δὲ
1347 419 1506 473 ἄλλαι
1537 419 1631 470 δύο
1656 422 1718 470 ὲν

1826 419 2027 488 reliqua
2065 420 2170 473 duo
2202 421 2254 472 in
2292 417 2526 488 Europa,
2556 418 2774 472 tertium
2795 417 2986 472 ordine
3027 415 3408 480 Macedonum,

109 506 188 573 τῇ
225 504 492 576 Εὐρώπῃ,
517 506 551 575 ή
585 506 766 576 τρίτη,
801 507 1006 579 δηλαδὴ
1040 511 1072 579 ή
1100 511 1209 563 τῶν
1245 512 1600 577 Μακεδόνων,
1627 513 1723 566 καὶ

116 598 153 664 ἡ
200 599 442 668 τετάρτη
510 598 602 650 καὶ
662 598 972 666 τελευταία,
1033 604 1238 672 μείζων
1292 606 1723 674 πάντωνήτῶν

129 688 455 758 Ῥωμαίων.
514 689 778 756 Γεγόνασι
827 691 883 744 δὲ
940 694 1034 747 καὶ
1099 696 1160 748 ὲν
1187 695 1473 765 διαφόροις
1510 697 1722 767 χώραις
1772 707 1774 709 ’

117 781 389 849 μέγισται
427 780 723 849 βασιλεῖαι.
755 782 848 834 καὶ
876 785 1174 855 τοπαρχίαι
1231 787 1480 856 μερικαὶ,
1532 788 1610 850 ώς
1664 789 1722 841 ἐν

114 873 393 943 Αἰγύπτῳ
431 874 526 926 καὶ
573 875 632 926 ἐν
676 875 1098 945 Ἰεροσολύμοις,
1138 879 1236 932 καὶ
1299 881 1358 932 ἄν
1405 880 1586 942 ἄλλοις
1607 880 1719 934 τισὶ

121 966 341 1028 τόποις.
384 966 535 1019 Ἐπεὶ
560 965 767 1028 τοίνυν,
788 968 881 1021 τοῦ
912 971 1121 1039 Κυρίου
1145 973 1238 1024 καὶ
1271 973 1528 1046 Σωτῆρος
1561 975 1724 1046 ήμῶν

134 1060 323 1130 Ἰησοῦ
362 1062 604 1131 Χριστοῦ
655 1065 1010 1132 γεννηθέντος
1055 1068 1112 1120 ἐν
1163 1067 1240 1138 τῷ
1288 1071 1720 1141 τεσσαρακοστῷ

121 1155 370 1223 δευτέρῳ
408 1153 522 1206 έτει
555 1155 656 1222 τῆς
683 1155 962 1225 βασιλείας
987 1159 1299 1227 Αὐγούστου
1325 1163 1606 1235 Καίσαρος
1624 1166 1719 1220 τοῦ

125 1246 355 1316 πρώτου
389 1251 839 1318 μοναρχήσαντος
892 1251 950 1303 ἐν
1000 1250 1213 1324 Ῥώμῃ,
1248 1255 1344 1309 καλ⁵
1377 1259 1556 1310 πᾶσαν
1585 1259 1722 1312 ἀπο-

123 1338 490 1408 γραψαμένου
511 1340 612 1410 τὴν
636 1341 982 1413 οἰκουμένην,
1005 1345 1102 1396 καὶ
1128 1345 1379 1416 μετάτὴν
1402 1347 1497 1400 τοῦ
1513 1348 1720 1419 Κυρίου

122 1433 211 1494 εἰς
241 1433 508 1499 οὐρανοὺς
534 1431 799 1503 ἀνάληψιν
829 1436 879 1488 οί
941 1441 1240 1505 σοφώτατοι
1265 1440 1554 1494 ἀπόστολοι
1571 1442 1722 1496 ᾶπα-

125 1541 233 1577 σαν
259 1525 636 1594 περιέδραμον
673 1526 774 1596 τὴν
803 1529 1160 1602 οικουμένην,
1212 1533 1310 1586 καὶ
1365 1533 1466 1605 τὴν
1513 1534 1718 1605 εὐσεσῆ

124 1618 226 1669 καὶ
247 1617 512 1688 ἀληθινὴν
538 1619 723 1671 πίστιν
765 1621 846 1682 εἰς
893 1621 1102 1692 ταύτην
1163 1625 1440 1696 ἐκήρυξαν
1468 1644 1484 1660 ο
1515 1627 1622 1682 εδει
1661 1627 1722 1683 δὲ

1826 519 2078 579 quartum
2111 520 2166 564 ct
2215 513 2461 565 ultimum
2492 522 2549 566 et
2589 511 2831 566 omnium
2859 526 3022 579 quam
3065 513 3303 567 maxime
3331 513 3415 566 in~

1826 617 1960 668 gens
2019 602 2410 657 Βοιιιιιηοιίιηι.
2443 603 2618 658 Fuere
2645 605 2807 656 etiam
2844 604 2897 657 in
2938 603 3058 658 aliis
3103 603 3414 674 regionibus

1826 694 2061 746 niaxima
2119 709 2282 772 regna
2334 704 2389 748 et
2441 694 2790 764 particularia
2847 695 3084 749 dominia
3125 694 3293 748 veluti
3355 696 3408 748 in

1823 786 2075 857 Aigypto,
2111 785 2519 858 Hierosolymis,
2560 797 2612 842 et
2670 788 2790 840 aliis
2817 789 2948 842 locis
2979 805 2994 841 :
3023 797 3410 841 verumtamen

1825 876 2054 932 Domino
2109 888 2162 932 et
2195 878 2481 933 Salvatore
2505 890 2690 934 nostro
2710 876 2838 934 Jesu
2864 879 3078 933 Christo
3126 889 3250 932 nato
3269 893 3415 932 anno

1824 970 2244 1039 quadragesimo
2302 971 2544 1026 secundo
2592 972 2803 1041 imperii
2869 970 3100 1038 Augusti
3155 970 3413 1033 Caesaris,

1824 1063 1914 1132 qui
1945 1065 2150 1132 primus
2177 1065 2419 1117 omnium
2459 1072 2512 1118 et
2539 1062 2688 1117 solus
2717 1062 3002 1116 arbitrium
3040 1063 3188 1117 orbis
3229 1062 3417 1116 Romae

1825 1153 2017 1218 tenuit,
2049 1164 2104 1207 et
2139 1154 2446 1208 universum
2494 1161 2758 1206 terrarum
2793 1152 3329 1222 orbemﬁtlescripsit,
3362 1161 3418 1207 et

1824 1256 1942 1316 post
1973 1246 2118 1300 illius
2174 1246 2556 1301 ascensionem
2610 1246 2662 1298 in
2701 1245 2888 1308 caelos,
2915 1245 3287 1315 cumaposmli
3325 1261 3417 1299 sa-

1824 1337 2148 1406 pientissimi
2174 1347 2344 1393 totout
2376 1338 2564 1392 orbem
2596 1348 3002 1409 peragrassent,
3035 1353 3219 1391 veram
3244 1340 3419 1407 piam-

1823 1445 1928 1501 que
1983 1431 2142 1486 lidem
2199 1447 2298 1501 per
2349 1446 2473 1486 eum
2531 1431 2922 1502 divulgarunt;
2958 1447 3081 1486 cum
3116 1445 3244 1485 vero
3271 1439 3418 1486 esset

1825 1540 2050 1580 necesse
2097 1538 2285 1580 eorum
2318 1526 2444 1581 vitae
2494 1526 2726 1580 termino
2756 1540 2844 1580 res
2881 1524 3006 1579 lidci
3037 1540 3143 1579 nou
3173 1524 3418 1578 circum-

1822 1615 2008 1683 scribi,
2038 1616 2136 1672 sed
2199 1617 2265 1670 ad
2301 1618 2832 1671 consummationem
2868 1631 3038 1686 usque
3082 1615 3263 1670 saeculi
3296 1631 3415 1669 eam

124 1710 352 1772 πάντως
383 1709 456 1780 μὴ
491 1711 656 1781 μέχρι
681 1711 779 1780 τῆς
811 1712 991 1766 αὐτῶν
1021 1715 1208 1787 βιοτῆς
1237 1717 1304 1772 τά
1331 1719 1434 1784 τῆς
1471 1719 1715 1784 πίστεως

1826 1707 2202 1762 inconcussam
2230 1720 2549 1776 permanere
2575 1715 2628 1760 et
2655 1705 2736 1760 sic
2770 1704 3083 1760 conservari
3110 1705 3179 1758 ab
3226 1716 3417 1759 earum

125 1801 574 1870 περιορισθῆναι,
606 1802 744 1856 ἀλλά
779 1807 945 1874 μέχρι
983 1807 1302 1871 συντελείας
1335 1810 1546 1880 χρόνων
1579 1812 1716 1865 αίῶ-

47 1925 69 1942 .
127 1909 220 1953 νος
255 1892 466 1961 ταύτην
524 1893 826 1962 ἀκλόνητον
879 1896 1180 1966 διαμεῖναι,
1213 1901 1308 1952 καὶ
1376 1901 1716 1974 συντηρῆσαι

130 1982 287 2051 παρά
317 1990 427 2037 τῶν
451 1985 580 2048 τοὺς
609 1985 838 2040 ἐκείνων
889 1987 1296 2060 διαδεξαμένων
1326 1992 1552 2064 θρόνους
1577 2010 1592 2028 ⁸
1627 1992 1718 2050 διὰ

128 2073 292 2126 τούτο
315 2075 416 2138 τὰς
454 2077 643 2146 χώρας
705 2082 1127 2152 περιερχόμενοι
1173 2085 1513 2150 ἐπισκόπους
1561 2086 1718 2142 καθί-

133 2182 277 2217 στων
327 2168 385 2220 ὲν
417 2167 646 2233 ταύταις
699 2171 902 2241 ἀνδρας
933 2173 1156 2239 ἱκανοὺς
1188 2176 1282 2230 καὶ
1329 2182 1582 2244 πιστοὺς,
1619 2179 1718 2234 καὶ

131 2260 488 2324 ἀξιοπίστους
516 2262 610 2314 ἐπὶ
634 2264 818 2317 πᾶσαν
873 2264 1154 2338 θεοπρεπῆ
1187 2269 1491 2326 πολιτείαν.
1523 2273 1718 2327 Τοίνυν

132 2356 229 2405 καὶ
277 2353 304 2406 6
336 2353 510 2423 μέγας
561 2356 862 2423 ἀπόστολος
912 2361 1142 2432 Πέτρος,
1223 2363 1332 2434 πρὸ
1391 2366 1501 2418 τῶν
1543 2366 1718 2420 ἄλλων

130 2445 365 2503 ἐθνικῶν
393 2450 603 2503 πόλεων
633 2450 868 2521 πρώτων
912 2455 1328 2510 πιστευσάντων
1358 2459 1468 2512 τῶν
1495 2461 1552 2513 ὲν
1595 2462 1718 2514 Ἀν-

129 2542 346 2614 τιοχείᾳ
401 2547 466 2614 τῇ
515 2545 618 2614 τῆς
667 2546 870 2620 Κοίλης
897 2550 1098 2619 Συρίας
1125 2549 1352 2622 δηλαδὴ,
1384 2555 1630 2626 προῆρχε
1657 2555 1716 2609 δὲ

131 2633 275 2705 αὕτη
309 2637 499 2691 πασῶν
527 2639 637 2692 τῶν
660 2641 720 2693 ἐν
863 2644 1021 2713 ’Λσίᾳ
1070 2645 1165 2697 καὶ
1200 2645 1457 2717 Ἀνατολῇ
1483 2647 1715 2716 πόλεων,

145 2727 480 2800 Ἐκκλησίαν
523 2732 858 2802 πηξάμενος,
909 2738 1004 2789 καὶ
1045 2737 1160 2789 ἀντ’
1193 2737 1363 2792 αὐτοῦ
1413 2739 1719 2796 ἐπίσκοπον

136 2821 197 2873 ὲν
227 2821 368 2892 αὐτῇ
425 2822 516 2875 τὸν
564 2823 760 2878 Εὔοδον
797 2831 1190 2899 χειροτονήσας
1241 2831 1596 2903 ἀπεδήμησεν
1636 2836 1719 2896 είς

146 2912 367 2985 Ῥώμην
393 2916 493 2987 τήν
537 2915 784 2987 βασιλίδα
821 2922 944 2973 τότε
985 2923 1174 2976 πασῶν
1209 2924 1319 2977 τῶν
1351 2925 1586 2992 πόλεων,
1614 2928 1718 2997 τὴν

135 3007 568 3080 προκαθημένην
623 3012 812 3064 πασῶν
869 3013 979 3066 τῶν
1035 3017 1134 3084 τῆς
1177 3003 1446 3088 Εὐρώπης
1484 3018 1716 3086 πόλεων,

1822 1796 2251 1861 successoribus,
2285 1804 2567 1866 propterea
2602 1797 2767 1852 urbes
2799 1795 3223 1859 circumeuntes,
3296 1793 3419 1864 epio

1821 1905 2018 1965 Scopos
2053 1893 2105 1948 in
2139 1891 2244 1946 illis
2273 1893 2550 1957 creabant,
2579 1892 2730 1946 viros
2758 1890 3087 1946 suﬂicicntes
3118 1901 3172 1945 et
3199 1890 3412 1955 ﬁdeles,

1821 1996 1876 2043 et
1906 2002 2043 2056 quos
2096 1987 2220 2042 vita:
2249 1978 2557 2042 institutum
2587 1985 2830 2040 divinum
2871 1982 3096 2051 reliquis
3129 1995 3414 2037 commen-

1824 2077 2044 2134 dabant.
2105 2077 2453 2148 Quapropter
2506 2086 2560 2131 et
2629 2089 2860 2148 magnus
2909 2075 3188 2146 apostolus
3223 2069 3419 2127 Petrus

1823 2189 1967 2237 cum,
2027 2184 2155 2225 ante
2205 2171 2342 2226 alios
2403 2169 2656 2240 gentiles,
2717 2168 2900 2237 primi,
2945 2168 3034 2237 qui
3074 2165 3419 2221 Antiochiam

1823 2255 2080 2318 tenebant
2111 2277 2230 2331 quae
2251 2263 2304 2316 in
2328 2261 2668 2333 lee-Syria
2701 2270 2808 2327 est,
2853 2259 3236 2323 credidissent,
3262 2260 3422 2327 (prae-

1822 2355 2050 2412 cellebat
2093 2355 2237 2411 enim
2290 2355 2380 2410 illa
2434 2355 2659 2426 reliquis
2711 2353 2931 2410 Asianis
2951 2361 3005 2408 et
3033 2350 3411 2407 Orientalibus

1824 2439 2076 2517 urbibus)
2138 2448 2190 2502 in
2252 2461 2316 2503 ea
2369 2447 2664 2503 Ecclesiam
2703 2446 2957 2509 futtdans,
2989 2453 3042 2499 et
3093 2445 3215 2499 loco
3247 2443 3330 2498 sui
3361 2443 3416 2497 in

1823 2542 1938 2611 ipsa
2000 2539 2183 2595 Evodo
2231 2541 2285 2594 in
2346 2541 2715 2609 episcOpatum
2771 2546 3039 2607 promoto,
3089 2535 3319 2592 Romam
3353 2547 3419 2591 eo

1826 2645 2068 2704 tempore
2121 2635 2453 2703 reliquarum
2476 2634 2692 2688 urbium
2745 2634 3043 2706 principem
3074 2638 3128 2685 et
3152 2644 3261 2699 pra:
3295 2629 3420 2686 aliis

1824 2727 2055 2797 Europa:
2107 2725 2334 2780 urbibus
2393 2726 2779 2794 conspicuam,
2828 2723 3199 2796 progreditur,
3235 2721 3422 2790 ibique

1824 2825 2127 2879 Ecclesiam
2171 2823 2411 2894 erigens,
2463 2822 2658 2876 Linum
2725 2821 3034 2892 episcopum
3108 2819 3413 2876 constituit.

1826 2916 1930 2970 Alii
1980 2923 2226 2981 narrant,
2283 2916 2480 2969 ibidem
2526 2913 2723 2968 Linum
2762 2915 3061 2975 invenisse,
3096 2924 3259 2965 antea
3286 2927 3314 2964 a
3350 2910 3417 2965 D.

1824 3005 1992 3063 Paulo
2041 3009 2092 3061 in
2125 3007 2440 3077 episcopum
2477 3015 2804 3076 promotum,
2845 3019 3077 3076 eumque
3109 3004 3417 3072 excepisse,

135 3099 300 3152 κάκεῖ
346 3101 678 3172 Ἐκκλησίαν
713 3105 1050 3176 πηξάμενος,
1077 3109 1171 3162 καὶ
1195 3109 1284 3162 τὸν
1308 3109 1466 3163 Αἶνον
1497 3112 1554 3164 ὲν
1579 3111 1720 3183 αὐτῇ

1828 3115 1948 3175 post
1970 3113 2196 3157 mortem
2225 3099 2588 3174 LiniXystum
2620 3101 2674 3156 in
2707 3100 3024 3170 episcOpum
3052 3099 3414 3170 promovisse,

136 3191 436 3246 ἐπίσκοπον
463 3197 812 3266 καταστήσας
837 3215 849 3226 ·
879 3198 953 3262 ώς
974 3197 1030 3252 δέ
1063 3201 1208 3264 τινές
1231 3219 1414 3270 φασιν,
1450 3204 1531 3256 ὅτι
1553 3205 1721 3276 εὑρη-

137 3279 250 3343 κὼς
307 3283 400 3336 τὸν
423 3284 583 3337 Λῖνον
619 3285 719 3356 ἤδη
751 3291 1208 3358 προκαταστάντα
1247 3293 1403 3362 παρὰ
1429 3293 1525 3346 τοῦ
1561 3295 1721 3362 ἁγίου

139 3373 377 3437 Παύλου,
421 3377 517 3429 καὶ
565 3378 760 3431 τοῦτον
827 3381 1253 3452 ἀποδεξάμενος,
1321 3386 1459 3454 μετά
1489 3385 1720 3440 θάνατον

139 3465 234 3517 τοῦ
263 3468 450 3532 Λίνου,
482 3467 571 3522 τὸν
617 3470 810 3524 Ξίστον
864 3474 1166 3528 ἐπίσκοπον
1208 3478 1568 3549 κατέστησεν,
1600 3477 1722 3535 εἶτα

143 3557 264 3627 μετ’
285 3560 498 3613 ἐκεῖνον
525 3561 618 3615 τὸν
644 3563 962 3633 Κλήμεντα.
1001 3567 1110 3619 Καὶ
1145 3566 1316 3631 οὕτως
1376 3571 1435 3623 ὲν
1459 3574 1572 3634 τοῖς
1597 3572 1720 3626 δυσὶ

145 3648 336 3719 μέρεσι
361 3649 457 3701 τοῦ
489 3651 695 3719 κόσμου
727 3656 792 3724 τῇ
839 3654 996 3726 Ἀσίᾳ
1018 3655 1221 3726 δηλαδὴ
1251 3659 1348 3710 καὶ
1370 3659 1440 3730 τῇ
1480 3659 1721 3732 Εὐρώπῃ

142 3738 198 3788 ἒν
224 3740 346 3801 ταῖς
373 3740 739 3810 προεχούσαις
766 3742 956 3796 πόλεσι
988 3743 1206 3814 πρῶτος
1232 3745 1398 3809 αὐτὸς
1416 3749 1725 3818 ἐπισκοπή-

143 3846 266 3893 σας,
293 3831 390 3883 καὶ
418 3833 538 3910 ἀντ’
565 3833 733 3885 αὑτοῦ
783 3834 979 3899 ἄλλους
1035 3839 1410 3908 καταστήσας,
1439 3840 1724 3908 ὲφῷντισε

139 3924 237 3977 καὶ
264 3922 342 3992 τῷ
371 3923 544 3994 ἑτέρῳ
565 3925 736 3996 τρίτῳ
774 3927 928 3996 μέρει
952 3926 1053 3997 τῆς
1083 3931 1412 4002 οἰκουμένης
1445 3935 1511 4003 τῇ
1545 3932 1723 4004 Λιϐύῃ

140 4017 551 4085 ἀγκαταστῆσαι
602 4020 724 4071 τινὰ
769 4021 1088 4073 ἐπίσκοπον.
1118 4023 1227 4074 Καὶ
1287 4023 1350 4093 δὴ
1398 4024 1463 4077 ὲκ
1503 4025 1726 4096 Ῥώμης

141 4105 352 4159 στέλλει
380 4109 459 4172 είς
509 4111 807 4178 Αἴγυπτον,
841 4113 937 4165 καὶ
981 4113 1399 4186 Ἀλεξάνδρειαν
1447 4117 1550 4188 τὴν
1590 4135 1726 4189 προ.

139 4197 459 4267 καθημένην
491 4201 671 4271 πάσης
707 4202 933 4272 Λιϐύης,
971 4205 1064 4258 τὸν
1087 4205 1390 4260 ἀπόστολον
1443 4209 1537 4262 καὶ
1561 4211 1728 4278 εύαγ-

139 4291 397 4361 γελιστὴν
452 4294 798 4362 Μάρκον,ὃς,
837 4299 932 4349 καὶ
973 4299 1053 4360 είς
1095 4297 1500 4371 Ἀλεξάνδρειαν
1535 4303 1727 4369 ἀφικό-

145 4399 328 4451 μενος,
369 4385 465 4436 καί
504 4385 835 4456 Ἐκκλησίαν
885 4389 1228 4458 πηξάμενος.
1273 4394 1456 4447 πᾶσαν
1513 4395 1725 4466 Λιϐύην

141 4474 431 4541 ἐφώτισεν.
479 4479 642 4531 Ἀλλὰ
706 4483 798 4534 καὶ
825 4483 871 4534 οἱ
907 4483 1086 4535 λοιποὶ
1115 4485 1402 4539 ἀπόστολοι
1445 4490 1722 4559 πανταχοῦ

1826 3209 1878 3250 et
1905 3205 2028 3266 post
2051 3195 2283 3266 Syxtum
2330 3193 2687 3250 Clementem.
2735 3194 2800 3248 Et
2829 3192 2934 3248 bac
2963 3192 3172 3247 ratione
3201 3191 3254 3246 in
3283 3191 3422 3245 dua-

1828 3292 1930 3345 bus
1997 3289 2242 3357 partibus
2295 3288 2558 3353 universi,
2614 3287 2740 3340 Asia
2802 3300 2995 3354 nempe
3018 3292 3073 3339 et
3105 3281 3338 3352 Europa,
3363 3281 3418 3334 in

1827 3379 2104 3450 primariis
2163 3377 2390 3432 urbibus
2466 3376 2672 3445 primus
2744 3375 2862 3444 ipse
2910 3373 3147 3444 episcopi
3195 3387 3420 3427 munere

1830 3469 2070 3535 functus,
2127 3479 2180 3522 et
2205 3469 2288 3523 sui
2326 3468 2448 3522 loco
2493 3467 2634 3521 alios
2672 3465 2981 3529 instituens,
3011 3464 3067 3517 in
3096 3463 3252 3518 tertia
3287 3478 3422 3532 quo-

1826 3577 1933 3631 que
1985 3570 2160 3636 parte,
2224 3557 2397 3629 Libya
2456 3571 2671 3627 nempe,
2727 3555 2962 3627 aliquem
2985 3555 3300 3624 episcopum
3332 3552 3417 3607 fa-

1827 3668 1952 3708 cere
1983 3654 2035 3705 in
2069 3652 2248 3706 animo
2273 3651 2412 3706 ﬁxit.
2443 3649 2626 3717 Quare
2657 3649 2828 3704 Rowa
2857 3647 3022 3721 mittit
3043 3647 3095 3701 in
3118 3645 3416 3716 Egyptum

1826 3758 1881 3802 et
1937 3747 2345 3808 Alexandriam,
2395 3747 2660 3802 universae
2689 3744 2871 3818 Libyae
2907 3744 3183 3800 civitatem
3214 3742 3420 3812 prima-

1827 3849 1985 3912 riam,
2043 3845 2282 3900 Marcum
2339 3845 2644 3913 apostolum
2701 3852 2756 3899 et
2820 3841 3233 3913 evangelistam,
3321 3841 3416 3909 qui

1827 3935 2215 3992 Alexandriam
2297 3949 2640 4004 progressus,
2715 3933 2786 3988 ibi
2873 3933 3096 3986 fundata
3153 3929 3416 3995 Ecclesia,

1827 4041 2046 4083 omnem
2084 4024 2310 4096 Libyam
2333 4023 2682 4079 illuminavit.
2712 4022 2818 4078 Sed
2853 4033 2907 4078 et
2936 4022 3127 4090 reliqui
3164 4021 3416 4091 apostoli,

1827 4131 2154 4190 quacunque
2199 4116 2507 4186 gradientes
2533 4122 2586 4169 et
2613 4114 2962 4185 Evangelium
3007 4115 3415 4182 annuntiantes,

1829 4217 1884 4267 in
1943 4209 2173 4281 singulis
2204 4208 2542 4270 civitatibus,
2591 4207 2656 4262 ad
2680 4220 2815 4276 quas
2846 4206 3130 4275 pervenire
3160 4205 3421 4272 contigis-

1830 4312 1938 4369 set,
2003 4302 2287 4372 episcopos
2315 4297 2595 4353 creabant.
2652 4296 2848 4352 Verum
2883 4294 3088 4373 primas
3129 4305 3254 4349 ante
3286 4293 3419 4348 alios

1829 4395 2148 4450 obtinebant
2198 4403 2306 4444 tres
2362 4389 2629 4459 praadicti;
2684 4390 2735 4443 in
2786 4389 2940 4453 Asia,
2975 4387 3196 4444 Oriente
3225 4402 3419 4457 nempe

1830 4487 2106 4546 universo,
2156 4481 2572 4548 Antiochenus;
2609 4481 2662 4535 in
2693 4481 2929 4553 Europa,
2981 4480 3274 4536 Occidente
3306 4481 3417 4536 sci-

140 4571 502 4639 πορευόμενοι
526 4573 620 4623 καὶ
652 4573 1022 4642 κηρύσσοντες
1076 4579 1412 4642 ἐπισκόπους
1447 4581 1720 4635 καθίστων

1826 4578 1974 4642 licet,
2008 4575 2284 4630 Romanus
2309 4592 2323 4643 ;
2357 4583 2410 4630 et
2440 4575 2492 4628 in
2530 4573 2700 4645 Libya
2729 4575 3155 4642 Alexandrinus,
3185 4572 3287 4646 sub
3309 4587 3418 4642 quo

138 4663 202 4714 ὲν
244 4663 451 4734 ἑκάστῃ
504 4664 678 4730 πόλει,
716 4669 797 4728 εἰς
847 4665 912 4736 ἢν
959 4670 1343 4740 περιήρχοντο.
1377 4671 1525 4734 Τέως
1557 4672 1648 4726 οὖν
1677 4675 1720 4728 οΙ

1826 4683 1945 4732 erat
1997 4671 2285 4727 Palaestina
2331 4671 2552 4737 omnis;
2587 4671 2640 4726 in
2672 4687 2776 4742 qua
2827 4671 3200 4739 Hierosolyma
3234 4667 3415 4722 locum

139 4755 467 4824 προέχοντες
529 4751 672 4826 ἦσαν
707 4761 756 4810 οί
791 4761 1191 4831 προειρημένοι
1222 4766 1392 4832 τρεῖς,
1426 4765 1454 4816 6
1485 4764 1585 4834 τῆς
1634 4767 1720 4820 Ἀ·

1827 4767 2085 4822 babebat.
2135 4764 2422 4819 Palaestina
2475 4778 2712 4833 namque
2742 4763 2911 4834 Libya
2956 4772 3062 4818 est.
3100 4759 3415 4828 Hierosoly-

139 4843 285 4903 σίας,
336 4842 504 4912 ἤγουν
550 4845 845 4916 Ἀνατολῆς
863 4850 1066 4918 πάσης,
1099 4850 1126 4901 6
1171 4851 1529 4923 Ἀντιοχείας,
1560 4857 1588 4908 6
1624 4857 1720 4923 τῆς

1830 4861 1934 4916 mis
1985 4871 2116 4914 vero
2167 4856 2454 4926 episcopus
2509 4863 2646 4918 erat,
2674 4854 2764 4923 qui
2819 4853 3100 4907 aDomino
3124 4851 3196 4906 ibi
3232 4849 3414 4906 fuerat

141 4935 434 5004 Εὐρώπης,
492 4937 660 5006 ἤγουν
689 4939 788 5008 τῆς
809 4939 1046 5004 Δύσεως,
1095 4944 1124 4995 6
1167 4941 1405 5016 Ῥώμης,
1442 4950 1535 5000 καὶ
1566 4951 1594 5002 6
1620 4951 1720 5022 τῆς

1831 4962 2132 5025 promotus,
2191 4950 2383 5005 beatus
2406 4949 2638 5004 Jacobus
2665 4946 2958 5018 apostolus,
2983 4947 3148 5002 frater
3177 4947 3410 5002 Domini.

134 5025 372 5094 Atti-5:5,
405 5033 432 5081 6
474 5030 904 5102 Ἀλεξανδρείας,
961 5033 1051 5097 ὑφ’
1083 5036 1148 5104 ἢν
1184 5037 1278 5090 καὶ
1310 5039 1342 5108 ή
1380 5039 1716 5115 Παλαιστίνη

1828 5048 2006 5113 Quare
2033 5054 2086 5097 ct
2110 5041 2486 5111 Hierosolyma
2523 5041 2637 5111 ipsa
2670 5041 2770 5095 sub
2799 5039 2965 5110 Libya
2999 5050 3139 5095 erat.

141 5122 313 5184 πᾶσα,
344 5116 466 5193 ἐν
496 5123 564 5176 τὰ
615 5121 962 5196 Ἱεροσόλυμα
988 5143 1004 5158 ο
1031 5128 1125 5182 καὶ
1166 5130 1198 5198 ἡ
1259 5130 1596 5206 Παλαιστίνη
1651 5138 1761 5209 γὰρ
1802 5137 1979 5204 Λιϐύη
2000 5134 2173 5189 ἐστίν.
2203 5133 2294 5185 Ἐν
2327 5132 2512 5202 μέντοι
2577 5134 2692 5194 τοῖς
2722 5130 3126 5204 Ἱεροσολύμοις
3183 5130 3413 5186 ἐπίσκο-

143 5230 239 5274 πος
300 5214 514 5283 ἔμεινεν
571 5218 600 5270 6
647 5221 780 5287 παρ’
855 5219 1021 5272 αὐτοῦ
1089 5220 1185 5273 τοῦ
1239 5223 1449 5293 Κυρίου
1499 5232 1780 5294 καταστὰς
1816 5228 2063 5292 ὲκεῖσε,ό
2111 5223 2391 5297 μακάριος
2451 5222 2750 5287 ἀπόστολος
2805 5221 3066 5289 Ἰάκωϐος
3106 5225 3134 5278 6
3182 5224 3412 5292 ἀδελφό-

138 5316 283 5376 θεος.
318 5317 567 5369 Ἐτέλουν
597 5315 690 5371 οὖν
725 5316 816 5369 κα)⁸
846 5318 912 5370 τὰ
959 5317 1311 5390 Ἱεροσόλυμα
1344 5322 1450 5376 ὑπὸ
1488 5323 1586 5395 τὴν
1620 5325 1854 5399 Διϐύην.

213 5455 450 5525 Κατεῖχε
478 5455 578 5524 μὲν
609 5451 702 5506 οὖν
733 5458 760 5507 6
811 5454 1032 5525 Ῥώμης
1079 5458 1259 5510 πᾶσαν
1294 5459 1395 5529 τὴν
1447 5459 1720 5532 Εὐρώπην

143 5549 309 5617 μέχρι
342 5547 450 5600 τῶν
505 5547 670 5617 ὁρίων
711 5545 941 5610 Μαζῶν,
984 5549 1078 5600 καὶ
1138 5549 1374 5615 Γάλλων,
1416 5550 1716 5617 Ἱσπανίας,

137 5641 438 5710 Φραγγίας,
477 5647 572 5693 και
626 5640 719 5693 τοῦ
756 5640 1050 5710 Ἱλλυρικοῦ
1084 5641 1247 5711 μέχρι
1291 5642 1562 5714 Γαδείρων
1622 5645 1719 5700 καὶ

151 5735 497 5809 Ἡρακλείων
518 5734 731 5805 στηλῶν
756 5733 1014 5787 Ὠκεανιῦ
1036 5734 1171 5802 ἔχων
1206 5734 1283 5797 είς
1312 5735 1521 5803 δυσμὰς
1538 5736 1715 5806 ἡλίου,

1895 5457 2214 5512 Possidebat
2265 5457 2448 5524 itaque
2475 5454 2748 5511 Romanus
2777 5455 3052 5526 Europam
3092 5457 3406 5514 universam

1826 5553 1894 5606 nd
1920 5549 2157 5610 conlinia
2189 5562 2359 5616 usque
2379 5547 2678 5612 Μίδεω-σω,
2707 5559 2759 5602 et
2787 5549 3087 5614 Gallorum,
3118 5548 3408 5620 Hispaniae,

1822 5643 2088 5709 Franciac,
2139 5651 2192 5698 ct
2249 5641 2468 5712 lllyrici,
2517 5655 2686 5710 usque
2709 5642 2776 5696 ad
2833 5640 3407 5700 Gadiraetcolumuas

1822 5737 2132 5800 Herculeas,
2188 5736 2462 5792 Oceanum
2516 5735 2607 5808 qui
2639 5735 2690 5790 in
2739 5749 2992 5792 occasum
3044 5737 3176 5793 solis
3209 5738 3401 5808 vergit,
