3934 6222
187 269 332 334 1099

1277 269 1594 332 NOTlTIA
1631 271 2380 337 PATRIARCHATUUM.

3307 282 3446 345 1030

179 389 459 455 πολίταις,
486 387 603 443 ἀλλ’
628 387 781 459 αὐτῷ
806 387 884 459 τῷ
941 388 1256 461 πατριάρχῃ
1279 391 1641 462 Ἀντιοχείας,
1670 391 1760 446 καὶ

1869 403 1923 448 et
1951 391 2403 464 quemadmodum
2436 389 2640 461 ubique
2681 392 3030 462 metropoles,
3083 409 3181 463 per
3207 410 3265 450 se
3287 390 3452 467 capu"

177 479 326 534 εἶναι
357 481 745 550 αὑτοκέφαλοι,
773 481 849 544 ὡς
903 483 960 534 αἱ
993 481 1182 536 λοιπαὶ
1237 483 1624 553 μητροπόλεις.
1665 483 1759 535 Διὸ

180 575 282 626 καὶ
312 573 401 625 διὰ
425 575 486 626 τὸ
510 567 654 625 εἶναι
681 573 873 643 πρώην
923 575 1226 627 ἐπισκοπαὶ
1263 576 1364 628 οὐκ
1417 574 1636 644 ἔχουσιν
1670 572 1760 643 ὑφ’

179 667 384 726 ἑαυτὰς
435 665 793 728 ἐπισκόπους,
850 665 926 728 ὡς
979 667 1034 719 αί
1083 666 1318 719 παλαιαὶ
1372 666 1758 736 μητροπόλεις.

182 759 338 812 Εξσὶν
367 754 462 810 οὖν
493 758 548 808 αί
579 756 724 810 ὀκτὼ
753 757 916 811 αὐταὶ
948 760 1311 828 μητροπόλεις
1338 774 1354 790 ⁸
1383 757 1452 815 α’.
1487 757 1758 830 Βηρυτοῦο

183 850 254 920 β’.
298 851 717 914 Ἡλιουπόλεως,
747 851 870 920 ἣτις
929 851 1261 921 ἀπεσπάσθη
1291 851 1386 904 τοῦ
1416 851 1607 924 θρόνου
1659 853 1764 904 Aa-

185 941 426 1010 μασκοῦ’
450 946 517 1007 γ’.
546 940 892 1003 Λαοδικείαςο
920 939 983 997 δ’.
1009 941 1120 1004 τῶν
1137 941 1495 1010 Σαμοσατῶν.
1514 939 1575 994 ε’.
1603 942 1761 1012 Μαρ-

178 1028 550 1099 τυροπόλεως·
587 1026 662 1093 ς’.
689 1028 1089 1097 Μοψουεστίας·
1124 1027 1189 1092 ζ’.
1217 1029 1446 1091 Ἀδάνας
1465 1046 1482 1064 ο
1515 1035 1586 1098 η’.
1612 1029 1762 1096 Πομ-

182 1121 350 1190 πηῖου
385 1103 770 1183 πόλεως..Ἕτι
810 1121 923 1190 ἔχει
977 1122 1010 1189 ἡ
1038 1120 1344 1191 Ἀντιόχεια
1384 1121 1478 1174 καὶ
1503 1122 1760 1192 ἀρχιεπι-

183 1212 393 1274 σκοπὰς
423 1213 669 1280 μεγάλας
693 1210 857 1264 όκτώο
887 1218 956 1266 α’.
982 1213 1084 1283 τὴν
1120 1213 1367 1282 Βέροιανο
1403 1211 1466 1282 β’.
1491 1214 1588 1282 τὴν
1614 1211 1760 1266 Χαλ-

187 1304 394 1373 κηδόνα
420 1319 435 1332 ⁸
478 1311 548 1372 γ’.
583 1303 682 1376 τὴν
709 1304 1046 1372 ’Λγάϐαλλαο
1071 1304 1132 1358 δ’.
1164 1304 1265 1374 τὴν
1311 1305 1634 1358 Σελεύκειαν
1659 1305 1762 1375 τῆς

185 1395 418 1464 Πιερίας
445 1410 460 1425 ο
495 1395 559 1448 ε’.
597 1395 696 1459 τὴν
725 1394 1096 1464 ’Δνασὰρθην,
1145 1395 1266 1465 ἥτις
1318 1395 1411 1448 καὶ
1449 1394 1760 1464 Θεοδωρού-

183 1489 341 1551 πολις
405 1486 673 1541 καλεῖται’
713 1485 784 1551 ς’.
828 1486 928 1553 τὴν
972 1486 1204 1540 Πάλτοψ
1258 1485 1324 1550 ζ’.
1366 1485 1466 1559 τὴν
1494 1487 1533 1538 Γ
1537 1486 1756 1540 αϐολάν·

183 1580 256 1650 η’.
302 1579 400 1649 τὴν
459 1578 783 1647 Βαλαάμαν.
822 1579 945 1631 Ἔτι
1003 1577 1120 1646 ἔχει
1171 1579 1267 1631 καὶ
1321 1577 1760 1648 ἀρχιεπισκοπὰς

184 1670 343 1732 λιτὰς
400 1670 492 1720 καὶ
522 1667 827 1738 ἐλευθέρας
867 1667 1055 1720 πέντε·
1087 1664 1158 1722 α’.
1189 1667 1288 1738 τὴν
1341 1668 1650 1737 Σαλαμίων·
1691 1666 1756 1736 β’.

1869 493 2073 549 essent,
2124 492 2179 539 et
2229 484 2373 552 quod
2404 494 2532 538 ante
2586 493 2743 537 erant
2773 484 3115 554 episcopatus
3139 489 3316 544 nullos
3347 493 3451 544 sub

1869 591 1932 631 se
1979 576 2179 631 habent
2230 578 2536 646 episcopos,
2569 577 3020 646 quemadmodum
3073 582 3310 649 antiquae
3335 597 3451 636 me-

1872 667 2139 735 tropoles;
2167 678 2221 723 et
2239 679 2364 723 sunt
2395 683 2623 722 numero
2652 677 2777 722 octo
2807 683 2822 722 :
2858 669 2908 733 l,
2941 668 3144 735 Bariti;
3185 671 3241 724 2.
3272 672 3453 726 lleliu-

1869 760 2077 830 poleos.
2105 774 2225 828 quae
2249 775 2312 814 ex
2343 759 2536 813 throno
2556 758 2805 814 Damasci
2842 759 3077 814 abscissa
3101 772 3179 814 est
3201 780 3215 828 ;
3240 763 3292 816 5.
3320 764 3456 816 Lao-

1868 851 2057 906 diceae.
2129 852 2184 905 4.
2260 851 2691 906 Saunosatornm.
2737 852 2790 906 5.
2863 850 3343 922 Martyropoleus;
3395 853 3449 908 6.

1870 943 2227 1012 Mopsuestia;
2292 944 2347 998 7.
2409 943 2610 997 Adanae
2634 960 2649 1009 ;
2677 943 2731 996 8.
2763 943 3231 1012 Pompeiupnleos.
3267 947 3452 998 Adhuc

1871 1037 2032 1091 etiam
2062 1037 2433 1091 Antiochenus
2458 1036 2620 1090 habet
2661 1035 2912 1105 ingentes
2955 1035 3452 1104 archiepiscopatus

1868 1141 2028 1184 octo:
2065 1128 2522 1194 LBerrmamﬁ.
2552 1128 2949 1184 Chalcedonem
2970 1170 2984 1192 ,
3014 1128 3067 1181 5.
3101 1129 3449 1197 Agaballam;

1870 1222 1924 1275 4.
1958 1221 2260 1275 Seleuciam
2289 1219 2517 1286 Pieriae";
2571 1220 2624 1273 5.
2658 1219 3016 1272 Anasartham
3044 1235 3165 1287 quae
3189 1229 3242 1272 et
3270 1219 3452 1273 Theo-

1870 1313 2389 1383 dornpolisldieitnr:
2418 1314 2487 1378 6;
2515 1311 2703 1366 Pollon
2735 1328 2749 1377 ;
2789 1311 2842 1366 7.
2865 1311 3156 1378 Gabulam;
3189 1312 3240 1365 8.
3265 1311 3453 1366 Balaa-

1868 1418 2033 1458 mam.
2097 1404 2302 1457 Przeter
2349 1403 2445 1457 hos
2487 1406 2647 1457 habet
2683 1412 2733 1456 et
2783 1402 2916 1456 alios
2958 1404 3451 1473 archiepisropatus

1872 1505 2059 1549 tenues
2107 1503 2159 1548 et
2202 1493 2400 1548 liberos
2434 1494 2674 1563 quiaque
2708 1511 2722 1546 :
2755 1493 2804 1546 1.
2849 1493 3180 1558 Salamiant;
3229 1493 3282 1548 2.
3319 1495 3452 1547 Ber-

1869 1602 2022 1650 cum;
2063 1587 2116 1641 5.
2150 1585 2402 1652 ltltason;
2436 1587 2491 1640 4.
2521 1585 2819 1654 Agathem;
2864 1585 2917 1640 5.
2967 1577 3349 1641 Ba'rcusornm.
3386 1586 3451 1640 Et

1871 1678 1951 1731 ha:
1998 1677 2250 1731 Ecclesia:
2279 1691 2470 1730 omnes
2517 1677 2710 1728 throno
2747 1676 3084 1730 Antiocheno
3119 1677 3446 1739 sub-duntur,

186 1763 286 1831 τὴν
349 1761 554 1831 Βέρκον
580 1778 594 1792 ·
621 1766 692 1829 γ’.
752 1759 852 1830 τὴν
892 1760 1098 1812 Ῥασᾶν
1128 1775 1143 1790 ·
1185 1757 1247 1812 δ’.
1281 1759 1379 1829 τὴν
1408 1759 1671 1829 Ἀγάθην·
1701 1764 1760 1813 ε’.

1870 1768 2012 1837 quod
2045 1768 2226 1836 plures
2253 1766 2562 1837 provincias
2589 1776 2642 1820 et
2670 1766 2937 1831 civitates,
2976 1768 3158 1836 utjam
3187 1767 3446 1831 diximus,

186 1854 288 1924 τὴν
317 1854 670 1924 Βαρκουσὼν.
698 1848 870 1906 Λῦται
898 1853 996 1922 μὲν
1018 1855 1192 1905 πᾶσαι
1219 1853 1273 1905 αἱ
1305 1852 1596 1924 ἐκκλησίαι
1632 1853 1765 1904 ὑπό-

189 1960 406 1996 κεινται
444 1943 520 2011 τῷ
557 1943 732 2012 Θρόνῳ
785 1940 1153 2010 ’Δντιοχείας,
1188 1941 1277 1994 διὰ
1322 1941 1384 1994 τὸ
1427 1941 1523 1994 καὶ
1563 1939 1764 2004 πολλὰς

189 2037 458 2105 ἐπαρχίας
485 2037 580 2087 καὶ
611 2034 797 2104 χώρας
831 2034 978 2105 ἔχειν
1024 2033 1113 2104 ὑφ’
1145 2034 1364 2104 ἑαυτὴν,
1392 2034 1468 2096 ὡς
1506 2035 1772 2112 εἴπομεν..

194 2131 336 2201 Πρὸς
381 2130 488 2198 γὰρ
531 2131 597 2198 τῇ
655 2127 1056 2194 Βαϐυλῶνικαὶ
1077 2130 1144 2198 τῇ
1173 2127 1366 2196 Ἰνδίᾳ,
1402 2126 1498 2179 καὶ
1523 2129 1590 2196 τῇ
1625 2127 1764 2194 Περ-

190 2217 306 2286 σίᾳ,
336 2217 448 2289 ἔχει
468 2217 567 2286 τὴν
594 2219 865 2286 ἐπαρχίαν
898 2221 998 2287 τῆς
1021 2217 1221 2287 Κοίλης
1244 2217 1466 2285 Συρίας,
1488 2217 1588 2286 τὴν
1611 2215 1763 2286 πρώ-

189 2327 313 2378 την,
351 2311 544 2378 ὅπουή
597 2310 928 2378 Ἀντιόχεια,
961 2311 1054 2362 καὶ
1084 2309 1184 2378 τὴν
1218 2310 1504 2380 δευτέραν,
1539 2307 1636 2361 καὶ
1663 2307 1762 2377 τὴν

192 2399 469 2462 Κιλικίαν,
505 2399 597 2452 καὶ
630 2398 727 2468 τὴν
763 2397 1058 2468 ἰσαυρίαν,
1090 2399 1188 2467 τὴν
1221 2397 1316 2451 καὶ
1365 2398 1635 2466 ἐπαρχίαν
1663 2397 1763 2449 Εὑ-

187 2492 524 2562 φρατησίας,
559 2490 656 2544 καὶ
693 2490 1114 2558 Ἀγιουπόλεως,
1149 2488 1364 2558 καὶτῆς
1393 2488 1763 2557 Θεοδωριάδος

187 2583 290 2651 τῆς
315 2579 618 2650 Ὀσροηνῆς
661 2580 760 2649 τῆς
801 2577 1232 2647 Μεσοποταμίας
1265 2616 1281 2641 ,
1359 2577 1478 2647 ἤτοι
1523 2577 1762 2646 τετάρτη

202 2673 490 2744 ’Δρμενία,
525 2673 621 2726 καὶ
646 2672 715 2725 τὰ
749 2670 1006 2742 μεθόρια,
1033 2670 1131 2724 καὶ
1162 2670 1287 2733 τοὺς
1317 2670 1480 2741 ὄρους
1535 2669 1759 2740 Συρίας,

187 2767 287 2820 καὶ
312 2765 570 2836 Περσίας.
600 2766 721 2818 Ἔτι
742 2765 798 2818 δέ
815 2766 909 2817 καὶ¹
933 2765 1129 2834 ἐτέρας
1151 2765 1424 2835 ἐπαρχίας
1441 2763 1759 2832 διαφόρους,

186 2861 284 2912 καὶ
315 2858 556 2926 κλίματα
598 2857 698 2911 οὐκ
752 2857 929 2924 όλίγα.
981 2858 1219 2928 Κατεῖχε
1254 2857 1312 2908 δὲ
1364 2855 1634 2928 πρότερον
1657 2854 1761 2918 ἕως

186 2952 286 3021 τῆς
325 2950 670 3021 Χαλκηδόνος
698 2949 802 3020 τῆς
865 2950 1138 3016 ἀντίπερα
1165 2947 1262 3000 τοῦ
1307 2948 1632 3012 Βυζαντίου,
1659 2945 1763 3015 τῆς

189 3043 287 3096 νῦν
327 3041 978 3104 Κωνσταντινουπόλεως,
1011 3040 1112 3109 τῆς
1167 3041 1224 3093 ἐν
1282 3041 1346 3109 τῇ
1407 3039 1759 3110 Προποντίδι,

1865 1860 1965 1913 sub
2009 1875 2068 1914 se
2122 1860 2444 1913 contineret.
2508 1856 2754 1926 Namque
2804 1869 3002 1926 praeter
3031 1859 3358 1928 Babylonem
3393 1869 3450 1914 et

1863 1943 2068 2002 Indiam
2115 1956 2170 2002 et
2203 1945 2469 2010 Persiam,
2521 1945 2682 2000 habet
2715 1948 2877 2000 etiam
2933 1945 3098 2001 lese
3129 1947 3300 2017 Syriae
3323 1963 3450 2016 pro-

1863 2038 2096 2091 vinciam
2150 2035 2408 2106 primam,
2461 2035 2514 2090 in
2569 2050 2673 2104 qua
2733 2035 3021 2090 Antiochia
3089 2037 3195 2091 sita
3259 2047 3450 2104 est,et

1865 2129 2186 2192 secundam,
2229 2138 2284 2182 et
2336 2127 2604 2198 Ciliciam.
2663 2137 2718 2180 et
2766 2128 3052 2192 Isauriam,
3085 2144 3206 2198 qua:
3236 2140 3317 2183 est
3345 2131 3450 2184 Eu-

1864 2219 2151 2288 phratesia:
2198 2219 2473 2287 provincia
2530 2227 2636 2282 est,
2680 2228 2734 2272 et
2762 2217 3142 2288 llagiupoleos,
3187 2230 3242 2274 et
3271 2220 3449 2274 Theo-

1863 2309 2102 2363 doriadis
2145 2306 2404 2363 Osroenze
2459 2307 2881 2376 Mesopmamim,
2916 2310 3029 2363 sive
3055 2324 3303 2378 quartam
3347 2314 3450 2364 Ar-

1867 2401 2097 2456 meniam
2158 2411 2213 2454 et
2256 2400 2488 2476 confinia
2548 2401 2665 2455 loca
2726 2417 2775 2455 et
2832 2401 3093 2456 terminos
3137 2402 3336 2468 Syriw,
3393 2413 3451 2456 et

1840 2493 2084 2558 Persia,
2130 2508 2229 2549 nec
2273 2507 2379 2548 non
2429 2501 2486 2548 et
2514 2492 2648 2547 alias
2675 2493 2980 2561 provincias
3009 2503 3066 2547 et
3091 2494 3360 2558 diversas,
3392 2501 3449 2548 et

1862 2585 2111 2654 regiones
2177 2583 2469 2638 admodum
2544 2584 2744 2640 multas
2795 2602 2810 2638 :
2851 2584 3103 2656 illiusque
3147 2585 3444 2640 dominium

1861 2670 2259 2727 diﬂ'nndebalur
2308 2689 2474 2742 usque
2503 2675 2570 2728 ad
2620 2672 3038 2738 Chalcedouem,
3071 2691 3191 2745 qua:
3215 2678 3446 2730 adversa

1862 2772 1948 2820 est
1982 2765 2265 2836 Byzantio,
2300 2780 2443 2821 nunc
2467 2767 2960 2836 ConstantinOpoli,
3015 2770 3068 2821 in
3119 2765 3449 2836 Propontide

1862 2857 2003 2922 sitae,
2063 2858 2248 2928 inqua
2309 2859 2454 2927 quod
2507 2859 2706 2914 dicitur
2727 2859 3028 2913 Damalium
3062 2860 3327 2914 cernitur.
3364 2859 3442 2913 lbi

1862 2949 2006 3004 enim
2051 2949 2288 3006 Damalis
2336 2951 2523 3006 bucula
2570 2965 2602 3006 e
2631 2966 2904 3007 marmore
2945 2965 3108 3020 super
3137 2951 3445 3006 columnam
3497 2945 3501 2948 ’

1861 3040 2062 3096 stabat.
2119 3039 2245 3096 Hac
2269 3041 2451 3110 itaque
2501 3041 2681 3095 omnia
2707 3043 3080 3096 Antiochenus
3108 3041 3444 3110 possidebat.

187 3139 322 3192 ὅπου
350 3137 445 3189 καὶ
480 3135 543 3189 τὸ
566 3134 859 3205 λεγόμενον
891 3133 1164 3203 Δάμαλον.
1195 3133 1410 3186 Ἵστατο
1450 3133 1561 3204 γὰρ
1608 3130 1842 3203 δαμαλίς
1880 3150 1964 3197 τις
1997 3134 2317 3206 μαρμαρίνη
2373 3135 2559 3188 ἐπάνω
2602 3133 2782 3198 κίονος
2836 3133 3121 3206 ἱδρυμένη.
3177 3135 3448 3206 Κατεῑχεν

187 3229 282 3284 οὖν
321 3231 415 3282 καὶ
438 3229 466 3280 ό
498 3227 832 3296 ’Δντιοχείας
856 3226 1034 3280 ταῦτα
1063 3225 1266 3280 πάντα.

270 3321 436 3375 ’Δλλά
469 3321 566 3374 καὶ
598 3322 626 3373 ό
671 3317 1082 3388 Ἀλεξανδρείας
1115 3320 1374 3389 κατεῖχεν
1409 3317 1631 3372 ἃπασαν
1656 3315 1758 3388 τὴν

1931 3318 2332 3374 Alexandrinus
2369 3319 2532 3374 etiam
2583 3327 2749 3374 totam
2777 3319 3005 3391 Libyam
3062 3321 3374 3389 possidebt
3393 3329 3448 3374 et

187 3413 422 3482 Λιϐύην,
455 3414 552 3467 καὶ
583 3411 683 3480 τὴν
715 3410 1024 3474 Αἰθιοπίαν,
1052 3409 1148 3464 καὶ⁵
1187 3411 1292 3474 ἕως
1349 3409 1753 3479 Μαρμαρικῆςν

188 3510 284 3562 καὶ
317 3507 589 3576 Ἀφρικῆς
615 3506 956 3574 Τριπόλεως,
999 3506 1096 3557 καὶ
1136 3505 1320 3558 πᾶσαν
1353 3503 1452 3574 τὴν
1474 3504 1756 3570 Αἴγυπτον

189 3603 286 3655 καὶ
314 3599 486 3671 αὐτὴν
512 3599 614 3668 τὴν
664 3597 1058 3668 Παλαιστίνην,
1090 3596 1220 3651 ἔνθα
1276 3597 1346 3650 τὰ
1382 3596 1752 3667 Ἰεροσόλυμα.

191 3695 344 3764 Ἔχει
371 3691 464 3746 οὖν
504 3692 599 3745 καὶ
634 3682 791 3752 οὗτος
829 3690 1101 3759 ἐπαρχίας
1148 3688 1464 3756 διαφόρους,
1505 3689 1600 3741 καὶ
1648 3703 1756 3756 μη.

185 3785 474 3858 τροπόλεις
515 3784 802 3854 δεκατρεῖς
832 3798 846 3812 ·
890 3782 1118 3853 πρώτην
1147 3781 1442 3851 ἐπαρχίαν,
1473 3781 1573 3851 τὴν
1608 3778 1759 3850 πρώ-

187 3894 289 3948 την
321 3876 657 3945 Σταμνίκης,
674 3869 779 3948 ἐνῇ
807 3873 999 3943 πρώτη
1021 3873 1352 3944 μητορόπλις
1372 3874 1432 3927 τὸ
1456 3871 1758 3942 Πηλούσιον

187 3970 394 4039 ἔχουσα
443 3969 739 4038 διαφόρους
796 3965 1126 4030 ἐπισκοπὰς,
1187 3963 1285 4017 καὶ
1343 3967 1445 4036 τὴν
1495 3965 1760 4032 δευτέραν

187 4062 464 4132 ἐπαρχίαν
497 4060 848 4130 Σταμνίκης,
897 4059 954 4111 ἐν
995 4051 1030 4130 ᾖ
1077 4057 1411 4130 μητρόπολις
1454 4056 1682 4126 δευτέρα
1726 4057 1759 4125 ἡ

187 4151 426 4220 Λεοντὼ,
447 4152 662 4222 ἔχουσα
679 4151 976 4220 διαφόρους
1003 4148 1330 4215 ἐπισκοπὰς,
1369 4150 1464 4201 καὶ
1486 4149 1586 4218 τὴν
1611 4148 1764 4220 πρώ-

185 4267 289 4322 την
328 4250 604 4318 ἐπαρχίαν
654 4245 958 4313 Αίγύπτου,
1007 4245 1064 4296 ὲν
1172 4245 1264 4297 καὶ
1292 4244 1324 4313 ἡ
1357 4243 1760 4314 Ἀλεξάνδρεια,

189 4343 224 4413 ἠ
261 4339 478 4417 κεφαλὴ
498 4336 709 4401 πασῶν,
734 4334 831 4388 καὶ
869 4335 968 4404 τὴν
1004 4333 1266 4405 δευτέραν
1293 4333 1566 4404 ἐπαρχίαν
1600 4333 1765 4400 Αίγύ-

189 4451 348 4499 πτου,
378 4432 474 4508 καὶ
509 4431 607 4504 τὴν
649 4427 923 4499 ἐπαρχίαν
948 4425 1272 4498 Ἀρκαδίας,
1321 4421 1434 4500 ἐνῇ
1467 4427 1624 4496 τρίτη
1661 4442 1764 4495 μη-

188 4527 443 4598 τρόπολις
516 4523 841 4594 Ὀξύρυχος,
897 4520 1095 4590 ἔχουσα
1120 4519 1425 4579 ἐπισκοπὰς
1451 4519 1762 4588 διαφόρους,

1859 3410 2188 3480 λΕιιιὶορίαιη
2223 3422 2276 3466 et
2307 3410 2706 3474 Marmaricam,
2731 3427 2907 3480 usque
2928 3413 2994 3466 ad
3027 3412 3276 3480 Tripolin
3300 3413 3449 3467 Afri-

1858 3515 2074 3563 canam,
2103 3514 2202 3554 nee
2226 3515 2329 3554 non
2359 3502 2666 3555 universam
2691 3501 2983 3571 Egyptum
3012 3509 3067 3555 et
3094 3501 3442 3557 Palmstinam

1860 3593 2055 3662 ipsam,
2084 3592 2159 3658 .in
2210 3608 2313 3660 qua
2364 3603 2490 3648 sunt
2554 3593 2949 3665 Hierosolyma,
2977 3596 3142 3650 habet
3180 3596 3362 3662 itaque
3390 3611 3445 3649 et

1860 3683 1976 3753 ipse
2050 3685 2358 3754 provincias
2439 3685 2617 3740 varias
2663 3694 2719 3740 et
2761 3685 3089 3754 metropoles
3161 3685 3444 3740 tredecim-

1860 3772 2098 3829 Primam
2155 3775 2512 3843 provinciam,
2574 3777 2816 3846 primam.
2863 3777 3154 3832 Stamnica:
3217 3778 3270 3831 in
3324 3794 3436 3847 qua

1861 3868 2034 3932 prima
2088 3867 2408 3936 metropolis
2453 3877 2535 3922 est
2568 3865 2865 3930 Pelusium,
2897 3865 3079 3921 varios
3128 3866 3230 3921 sub
3256 3881 3316 3920 se
3344 3867 3445 3919 ha-

1861 3960 1998 4015 bens
2033 3958 2398 4029 episcopatus,
2424 3969 2478 4013 et
2505 3959 2797 4014 secundam
2817 3957 3169 4027 [provinciam
3203 3956 3445 4011 Stamui-

1862 4064 1939 4104 ea:
1973 4050 2024 4102 in
2086 4064 2193 4118 qua
2225 4058 2310 4102 est
2359 4049 2594 4103 secunda
2633 4047 2948 4116 metropolis
2980 4037 3210 4110 Leonto,
3237 4047 3446 4104 habens

1866 4130 2113 4197 diverSos
2144 4141 2518 4212 episcopatus;
2560 4149 2614 4196 et
2640 4139 2870 4210 primam
2921 4139 3254 4208 provinciam
3279 4138 3445 4209 Aigy-

1864 4235 1964 4304 pli,
2022 4236 2075 4289 in
2105 4250 2206 4305 qua
2279 4235 2605 4290 Alexandria
2646 4242 2751 4296 est.
2811 4241 3130 4286 casterarum
3162 4239 3361 4300 caput;
3393 4239 3448 4284 et

1867 4326 2162 4379 secundani
2223 4325 2556 4394 provinciam
2584 4322 2826 4393 Egypti,
2856 4334 2908 4376 et
2968 4321 3296 4390 provinciam
3339 4325 3445 4375 Ar»

1868 4419 2058 4484 cadiae,
2098 4421 2149 4471 in
2182 4433 2288 4487 qua
2323 4418 2478 4471 tertia
2540 4425 2626 4471 est
2671 4398 3304 4496 metropolisﬂxyricus,
3348 4415 3448 4469 ha-

1870 4511 2004 4564 hens
2037 4511 2136 4564 sub
2193 4524 2252 4564 se
2285 4511 2464 4563 varios
2511 4511 2884 4579 episcopatus,
2919 4519 2972 4565 et
2999 4511 3290 4564 secundam
3327 4523 3448 4578 pro-

113 4669 126 4682 ,
189 4621 284 4673 καὶ
312 4620 412 4687 τὴν
444 4615 708 4685 δευτέραν
747 4613 1026 4682 ἐπαρχίαν
1051 4610 1342 4680 Θηϐαΐδος,
1371 4611 1430 4661 ἐν
1537 4609 1760 4676 πέμπτη

1869 4602 2100 4656 vinciam
2153 4601 2466 4665 Thebaidis,
2536 4603 2590 4656 in
2655 4618 2758 4673 qua
2801 4612 2885 4659 est
2911 4605 3097 4671 quinta
3133 4600 3449 4672 metr0polis

190 4673 531 4783 μητρόπολις
557 4673 1216 4776 Πτολεμαῒςϊέχουσαιξιᾷ
1235 4701 1434 4772 ἑαυτὴν
1457 4673 1760 4764 ἐπισκοπὰς

1873 4692 2184 4758 Ptolemais,
2258 4693 2466 4749 habens
2498 4696 2600 4750 sub
2625 4711 2684 4750 se
2713 4696 3056 4765 episcopatus
3103 4694 3366 4757 diversos,
3393 4700 3448 4746 et

184 4781 504 4873 διαφόρους,
565 4802 659 4853 καὶ
728 4793 830 4867 τὴν
889 4795 1164 4866 ἐπαρχίαν
1193 4793 1422 4862 Λιϐύης,
1470 4794 1528 4846 ἐν
1563 4786 1760 4865 ᾖαῦτη

1867 4784 2204 4854 provinciam
2259 4781 2460 4854 Libyae,
2492 4784 2546 4838 in
2604 4799 2708 4854 qua
2731 4792 2814 4840 est
2846 4783 3162 4851 metrOpolis
3192 4782 3445 4842 Darinco.

190 4871 534 4968 μητρόπολις
555 4889 802 4962 Δαρικὼ,
833 4888 1036 4960 ἔχουσα
1076 4887 1389 4950 ἐπισκοπάς
1427 4902 1603 4947 τινας.
1647 4885 1760 4938 Ἔτι

1867 4875 2072 4931 habens
2103 4874 2389 4929 nonnullos
2411 4875 2772 4943 episcopatus.
2800 4871 2990 4926 Adhuc
3012 4871 3173 4926 habet
3200 4879 3255 4924 et
3283 4871 3444 4924 aliam

185 4988 303 5058 ἔχει
329 4987 523 5056 ἑτέραν
585 4980 988 5054 μητρόπολινὴ
1030 4978 1437 5048 Ἀλεξάνδρεια,
1490 4977 1586 5034 καὶ
1621 4977 1760 5030 ἐϐδό⁴

1868 4981 2189 5050 metropolin
2243 4979 2662 5041 Alexandrinus,
2719 4992 2839 5046 quae
2866 4975 3025 5030 fuerit
3081 4977 3310 5045 septima
3337 4975 3448 5030 Ma-

188 5098 301 5152 μην
348 5079 446 5148 τὴν
480 5077 721 5148 Μάριατ,
773 5075 868 5126 και
921 5071 1117 5143 ὀγδόην
1170 5071 1271 5140 τὴν
1340 5069 1552 5122 Γονέσιν
1597 5071 1654 5120 ἐν
1692 5066 1760 5136 τῷ

1866 5074 1974 5127 riat
2020 5082 2076 5126 et
2129 5083 2376 5127 octavam
2436 5070 2710 5131 Tonesini,
2773 5068 2826 5121 in
2884 5069 3115 5136 septimo
3174 5067 3274 5122 Nili
3307 5069 3448 5123 ostio

181 5172 401 5244 ἑϐδόμῳ
467 5172 698 5241 στόματι
749 5170 842 5224 τοῦ
878 5169 1096 5222 Νείλου.
1142 5165 1316 5219 Ἑπτὰ
1347 5165 1455 5235 γὰρ
1485 5162 1598 5232 ἔχει
1640 5160 1760 5214 στό-

1872 5163 2051 5226 sitatn,
2080 5174 2284 5230 septem
2322 5161 2462 5215 enim
2485 5159 2638 5213 ostiis
2683 5157 2836 5212 Nilus
2861 5159 2912 5211 in
2946 5171 3096 5211 mare
3127 5155 3446 5222 infunditur,

186 5283 340 5338 ματα
369 5267 399 5318 ὁ
427 5264 640 5326 Νεῖλος,
675 5264 734 5314 ἐν
769 5256 849 5325 οἷς
901 5261 1086 5321 πόλεις
1149 5258 1424 5327 διάφοροι.
1455 5248 1628 5307 Δῦται
1665 5253 1760 5322 μὲν

1875 5250 2144 5320 inquibus
2204 5251 2364 5304 varia:
2425 5249 2675 5304 civitates
2716 5249 2919 5319 jacent.
2975 5246 3268 5318 l‘laeitaqne
3324 5262 3448 5303 octo

182 5357 282 5412 οὖν
315 5356 460 5410 όκτὼ
524 5355 896 5426 μητροπόλεις
925 5350 1364 5422 Ἀλεξανδρείας,
1418 5347 1642 5420 ἔχουσαι
1670 5343 1760 5398 καὶ

1871 5343 2225 5398 Alexandrini
2282 5341 2634 5412 metropoles,
2699 5356 2818 5412 quae
2869 5343 3046 5395 varios
3077 5341 3178 5396 sub
3229 5357 3287 5396 se
3337 5341 3449 5410 cpi-

180 5451 496 5514 ὲπισκοπὰς
551 5449 846 5519 διαφόρους
903 5446 994 5515 ὑφ’
1051 5445 1272 5506 ἑαυτάς.
1306 5443 1427 5495 Εἰσὶ
1460 5441 1518 5494 δὲ
1579 5439 1760 5493 λοιπαὶ

1865 5446 2122 5502 scopatus
2181 5434 2419 5500 habent;
2464 5435 2712 5492 quamvis
2764 5432 2872 5486 sint
2926 5443 2982 5486 et
3040 5432 3159 5486 alia:
3211 5431 3448 5505 quinque

181 5546 352 5600 πέντε
407 5540 775 5615 μητροπόλεις
835 5539 1008 5610 αὐτῆς
1060 5539 1162 5592 οὐκ
1201 5536 1420 5606 ἔχουσαι
1459 5531 1760 5593 ἐπισκοπὰς

1865 5533 2024 5588 nullis
2078 5531 2480 5602 episcopalibus
2531 5531 2876 5602 conSpicuae,
2938 5546 3131 5600 nempe
3179 5529 3447 5610 Damiata,

181 5637 280 5706 ὑφ’
313 5637 538 5699 ἑαυτάς.
594 5635 718 5689 Elui.
749 5634 808 5689 δὲ
858 5633 1025 5687 αὐταὶ
1057 5632 1090 5701 ἡ
1130 5629 1402 5698 Δαμιάτα,
1453 5627 1485 5696 ἡ
1529 5623 1698 5690 Σατα,
1725 5624 1759 5693 ἡ

1864 5625 2014 5688 Sata,
2061 5625 2227 5680 maris
2258 5625 2448 5688 Rubri,
2487 5623 2721 5689 Pharan,
2749 5624 2893 5690 Are;
2924 5637 3112 5679 omnes
3151 5621 3308 5677 simul
3338 5631 3448 5676 trc-

175 5730 288 5804 τῆς
332 5730 599 5804 Ἐρυθρᾶς
632 5729 932 5801 θαλάσσης,
965 5729 1000 5799 ἠ
1024 5724 1224 5801 Φαράν,
1248 5725 1341 5778 καὶ
1374 5723 1406 5793 ἡ
1439 5723 1601 5792 Ἀρη,
1621 5718 1760 5789 ὁμοῦ

1864 5719 2064 5774 decim.
2143 5717 2310 5774 Erant
2367 5715 2736 5772 Alexandrino
2770 5725 2824 5772 et
2880 5716 2973 5771 alii
3011 5716 3188 5771 throni
3222 5715 3448 5774 diversi.

1377 6011 1408 6022 μ
