3968 6220
307 279 445 347 1037

1392 288 1704 350 ΝΟΤΙΤΙΑ
1747 284 2477 353 ΡΑΤΒΙΑΒΟΠᾹΤΙῙΠΜ.

3402 274 3537 348 ιοέιξι

300 405 430 457 ὅσον
507 398 666 455 οὔπω
723 401 1103 473 δηλωθήσεται
1164 403 1294 460 ὅταν
1363 408 1494 477 περὶ
1551 408 1647 463 τοῦ
1690 408 1883 479 θρόνου
1940 412 2572 472 Κωνσταντινουπόὶ.;ω;
2653 407 2917 477 λέξωμεν,
2986 406 3100 469 πῶς
3157 406 3390 479 ἐτιμήθη
3452 408 3550 461 καὶ

307 498 478 561 αὐτὸς
508 491 650 550 εἷναι
689 515 894 568 πατρια
906 503 1106 571 ρχεῖον.

373 591 497 644 Elei
527 590 583 643 δὲ
615 589 880 660 ὲπαρχίαι
920 592 1066 656 τινὲς
1099 594 1159 647 αἳ
1200 595 1260 647 οὐ
1290 595 1503 650 τελοῦσι
1527 597 1631 652 ὑπὸ
1652 600 1761 654 τῶν
1792 617 1886 670 μεθ

2062 599 2202 654 Sunt
2249 614 2377 653 vero
2429 602 2668 664 qumtiam
2701 595 2994 668 provincia:
3028 610 3147 663 qua:
3191 610 3293 647 non
3318 594 3551 663 pendent

296 684 503 752 γίστων
537 681 771 753 θρόνων,
790 682 975 753 ὥσπερ
1008 689 1103 739 καὶ
1142 692 1174 757 ἡ
1208 688 1373 758 νῆσος
1395 690 1644 762 Κύπρος,
1674 693 1708 762 ἢ
1736 692 1882 761 ἔμει-

299 790 392 828 νεν
446 773 819 842 αὑτοκέφαλος
884 778 1192 842 παντελῶς,
1223 782 1317 833 καὶ
1362 782 1550 851 μηδενὶ
1577 783 1752 855 θρόνῳ
1772 784 1880 835 τῶν

305 867 583 937 μεγίστων
608 866 973 937 ὑποκειμένη,
1007 870 1124 923 ἀλλ’
1153 872 1505 940 αὐτεξούσιος
1534 872 1669 929 οὖσα
1706 876 1793 930 διὰ
1817 878 1880 931 τὸ

301 958 596 1031 εὑρεθῆναι
624 959 682 1012 ὲν
713 959 852 1031 αὐτῇ
876 961 968 1014 τὸν
999 963 1299 1018 ἀπόστολον
1344 964 1630 1036 Βαρνάϐαν
1688 967 1880 1038 ἔχοντα

302 1054 622 1123 ἑπιστήθιον
649 1055 710 1109 τδ
736 1057 879 1110 κατὰ
908 1058 1135 1129 Μάρκον
1176 1060 1331 1129 ἆγιον
1374 1062 1723 1132 Εὐαγγέλιον.
1759 1064 1883 1117 Elei.

301 1144 359 1200 δὲ
393 1146 486 1201 καὶ
515 1149 574 1201 ὲν
613 1149 748 1218 αὐτῇ
780 1150 1079 1204 έπισκοπαὶ
1123 1152 1429 1223 δεκατρεῖς,
1471 1150 1547 1208 ὦν
1597 1156 1880 1226 προκάθη-

304 1254 397 1291 ται
432 1239 464 1308 ἡ
497 1239 768 1309 λεγομένη
797 1242 1104 1297 Κωστάντα
1125 1259 1138 1274 ’
1170 1246 1226 1297 oti.
1254 1245 1311 1298 δὲ
1340 1244 1525 1299 λοιπαὶ
1551 1247 1761 1313 Κίτιον,
1792 1249 1882 1302 ’Λ-

308 1328 538 1397 μαθοῦς,
589 1332 812 1400 Κύριον,
861 1331 1079 1400 Πάφοι,
1143 1335 1439 1405 Ἀρσενόη,
1490 1337 1661 1401 Σόλοι,
1706 1339 1881 1392 Λάπι-

300 1421 417 1485 θος,
458 1424 744 1493 Κυρηνία,
800 1422 1082 1495 Ταμασὸς,
1137 1426 1379 1498 Κύθρης,
1406 1429 1695 1499 Τριμιθὸς,
1723 1431 1876 1499 Κάρ-

304 1526 496 1574 πασος.
1642 1532 1646 1536 Α

386 1601 622 1668 Ὁμοίως
651 1605 717 1673 τῇ
749 1601 960 1673 Κύπρῳ
1002 1601 1151 1655 ἐστὶν
1202 1603 1571 1675 αύτοκέφαλος
1639 1607 1714 1677 μὴ
1750 1608 1882 1659 ὑπο-

302 1694 534 1764 κειμένη
565 1694 672 1747 τινὶ
704 1694 813 1749 τῶν
852 1696 1129 1766 μεγίστων
1176 1697 1418 1769 θρόνων,
1462 1698 1579 1750 ἀλλ’
1617 1697 1878 1763 αύτεξούυ

305 1803 421 1847 σιος
451 1786 716 1860 ἀγομένη,
750 1787 842 1840 καὶ
878 1786 981 1840 ύπδ
1009 1787 1120 1841 τῶν
1154 1787 1299 1841 ἰδίων
1351 1792 1669 1844 ἐπισκόπων
1697 1808 1879 1863 χειρο-

302 1880 631 1950 τονουμένη,
687 1880 783 1934 καὶ
845 1880 878 1950 ἠ
936 1879 1263 1950 Βουλγαρία,
1329 1880 1403 1952 μὴ
1430 1878 1566 1935 οὖσα
1596 1882 1654 1948 ἐξ
1706 1884 1881 1954 ἀρχῆς

302 1973 616 2044 Βουλγαρία
641 1989 654 2004 ·
691 1971 919 2044 ὕστερον
942 1972 999 2025 δὲ
1029 1972 1119 2027 διὰ
1150 1973 1211 2026 τὸ
1249 1972 1419 2044 αὐτὴν
1455 1973 1558 2027 ὑπὸ
1581 1974 1688 2027 τῶν
1713 1975 1875 2027 Βουλ-
1909 1961 1949 2015 Β

302 2067 495 2135 γάρων
524 2064 879 2135 κυριευθῆναι
900 2063 1123 2133 λέγεται
1155 2064 1756 2135 Βουλγαρία.Ἔμεινεν
1785 2062 1880 2119 οὖν

305 2160 404 2212 καὶ
435 2157 574 2227 αὐτὴ
599 2155 967 2226 αὑτοκέφαλος
986 2156 1076 2211 διὰ
1095 2157 1153 2210 τὸ
1182 2156 1289 2210 ὑπὸ
1324 2156 1608 2226 βασιλικῆς
1634 2156 1883 2222 ἐξουσίας

306 2250 729 2320 ἀποσπασθῆναι
764 2248 866 2319 τῆς
902 2248 1087 2320 χειρὸς
1124 2248 1234 2302 τῶν
1263 2247 1614 2317 Βουλγάρων,
1643 2249 1763 2320 ἦτοι
1785 2248 1879 2303 τοῦ

306 2340 574 2413 βασιλέως
593 2340 777 2412 Κύρου
807 2339 1082 2411 βασιλείου
1113 2339 1206 2392 τοῦ
1236 2338 1751 2411 Πορορυρογενήτου,
1786 2339 1881 2393 καὶ

307 2431 382 2501 μὴ
409 2429 735 2500 ἀνατεθῆναί
763 2445 894 2482 ποτε
937 2431 1005 2499 τῇ
1070 2427 1373 2498 Ἐκκλησία
1421 2427 1881 2480 Κωνσταντινου-

304 2522 538 2583 πόλεως.
569 2520 660 2574 Διὸ
698 2521 795 2573 καὶ
829 2519 936 2584 ἕως
962 2518 1058 2573 τοῦ
1093 2518 1189 2571 νῦν
1219 2521 1251 2590 ὴ
1280 2517 1505 2589 Κύπρος
1532 2518 1626 2571 καὶ
1656 2517 1689 2589 ὴ
1714 2516 1882 2570 Βουλ-

316 2612 475 2685 γαρία
504 2613 608 2666 ὑπὸ
638 2611 737 2682 μὲν
760 2611 852 2665 τοῦ
910 2609 1178 2682 βασιλέως
1233 2610 1607 2681 λαμϐάνουσιν
1654 2608 1881 2662 ἐπισκό-

307 2718 461 2769 πους.
498 2703 947 2777 Χειροτονοῦνται
972 2703 1028 2757 δὲ
1062 2697 1205 2758 οῦτοι
1228 2702 1332 2756 ὑπὸ
1349 2702 1457 2756 τῶν
1485 2701 1627 2755 ίδίων
1648 2700 1875 2754 ἐπισκό-

307 2817 446 2865 πων,
485 2797 561 2859 ὡς
612 2798 848 2869 εἴρηται,
912 2798 1005 2851 καὶ
1065 2795 1357 2850 καλοῦνται
1414 2793 1869 2866 ἀρχιεπισκοπαὶ,

304 2891 382 2955 ὡς
404 2889 785 2958 αύτοκέφαλοι.
818 2889 971 2960 Ἐχει
993 2888 1050 2942 δὲ
1071 2888 1163 2941 καὶ
1186 2890 1219 2958 ἡ
1244 2887 1550 2957 Βουλγαρία
1573 2887 1878 2949 ἑπισκοπὰς

310 2982 530 3046 πλείους
555 2982 667 3035 τῶν
727 2982 1048 3051 τριάκοντα,
1088 2971 1164 3033 ὢν
1195 2977 1576 3049 ὑπερκάθηται
1607 2976 1703 3031 καὶ
1726 2977 1883 3041 πόλις

322 3075 510 3147 Ἀχρὶς
535 3077 594 3129 έν
625 3074 860 3139 τούτοις.
903 3074 1015 3128 Καὶ
1043 3072 1111 3126 τὰ
1144 3073 1274 3143 περὶ
1304 3069 1529 3125 τούτων.

319 3230 325 3238 ρ
383 3192 506 3245 Ὅτι
544 3188 652 3262 γὰρ
682 3190 790 3243 ἔδει
826 3188 1031 3242 τέλειον
1061 3183 1201 3241 εἶναι
1230 3187 1291 3241 τὸ
1326 3186 1490 3257 σῶμα
1516 3186 1620 3258 τῆς
1651 3185 1886 3255 Ἐκκλη-

1982 702 2012 741 a
2064 689 2359 756 majoribus
2409 689 2613 742 throws
2641 688 3086 755 quemadmodum
3127 695 3181 740 et
3238 685 3408 741 insula
3442 686 3549 746 Cv-

1981 794 2110 849 prus
2143 781 2339 834 mansit
2369 781 2448 833 sui
2477 780 2610 849 juris
2640 779 2876 849 nullique
2911 780 3343 848 patriarcharum
3393 780 3547 835 tbro-

1983 884 2054 923 no
2108 870 2368 939 subjecta,
2414 872 2505 925 sed
2567 871 2774 925 libera:
2808 872 2946 938 quod
3008 872 3060 925 iu
3094 885 3155 926 ea
3203 882 3448 941 repertus
3479 872 3552 925 sit

1984 960 2260 1016 Barnabas
2310 963 2584 1031 apostolus
2609 964 2660 1016 in
2684 976 2901 1032 pectore
2945 963 3149 1017 habens
3199 962 3545 1030 Evangelium

1981 1054 2273 1107 secundum
2298 1052 2555 1108 Marcum.
2587 1053 2721 1107 Sunt
2746 1055 2796 1107 in
2832 1054 2946 1121 ipsa
3011 1055 3347 1123 episcopatus
3373 1053 3551 1107 trede-

1984 1142 2087 1196 cim
2119 1157 2344 1212 quorum
2366 1143 2567 1214 primus
2592 1154 2672 1197 est
2700 1143 3037 1209 Constantia,
3087 1144 3300 1214 reliqui,
3322 1143 3545 1203 Citium,

1980 1232 2265 1298 Amathus,
2293 1234 2533 1295 Curium.
2561 1233 2793 1305 Paphos,
2827 1236 3085 1301 Arseuoe,
3115 1234 3246 1300 Soli,
3267 1234 3546 1305 Lapithus,

1984 1324 2236 1399 Cyrenia,
2273 1326 2555 1389 Tamasus.
2588 1327 2836 1396 Cytbrrs,
2868 1326 3186 1396 Trimithus,
3219 1326 3510 1398 Carpasus.

2051 1612 2228 1681 [Eque
2273 1627 2335 1664 ac
2386 1612 2593 1679 (Typxus
2635 1609 2874 1674 suijuris
2893 1619 2996 1672 est.
3033 1608 3163 1662 nulli
3203 1624 3264 1663 ex
3298 1609 3549 1663 maximis

1980 1705 2196 1759 sedibus
2241 1701 2501 1767 subjecta,
2546 1700 2637 1753 sed
2696 1701 2860 1752 libere
2917 1714 2976 1753 se
3031 1699 3357 1769 gubernans,
3417 1709 3471 1754 et
3517 1716 3549 1754 a

1982 1795 2212 1866 propriis
2245 1792 2509 1861 epismpis
2561 1792 2928 1846 ordinationes
2980 1791 3249 1859 accipiens
3280 1790 3547 1860 Bulgaria,

1981 1901 2101 1954 quae
2133 1901 2161 1937 a
2193 1885 2454 1953 principio
2491 1883 2735 1953 Bulgaria
2788 1898 2894 1936 non
2929 1895 3080 1949 erat;
3130 1891 3225 1938 sed
3255 1900 3372 1936 cum
3411 1895 3551 1952 post-

1980 1990 2041 2031 ea
2100 1991 2130 2030 a
2182 1973 2426 2046 Bulgaria
2470 1975 2658 2029 luisset
2698 1985 2993 2044 occupata,
3050 1974 3294 2043 Bulgaria
3352 1989 3551 2029 nomen

1981 2068 2085 2124 sibi
2140 2068 2351 2125 ascivit.
2405 2066 2684 2122 Bemansit
2761 2067 2943 2134 itaque
3004 2074 3059 2120 et
3118 2065 3230 2136 ipsa
3277 2063 3356 2119 sui
3388 2063 3547 2133 juris,

1981 2158 2124 2230 quod
2179 2159 2343 2215 ductu
2398 2159 2745 2226 auspicioque
2804 2157 3144 2225 imperatoris
3205 2156 3384 2211 Basilii
3425 2155 3553 2210 Por-

1983 2239 2383 2321 plij'rogenctm,
2453 2266 2482 2305 a
2518 2249 2875 2318 Bulgarorum
2911 2249 3156 2302 manibus
3201 2248 3393 2302 fuisset
3430 2263 3553 2302 ere-

1983 2352 2096 2411 pta,
2150 2352 2205 2396 et
2278 2356 2550 2411 nunquam
2622 2339 2877 2395 Ecclesia:
2947 2338 3554 2408 Coustantinopolitann

1985 2436 2280 2504 supposita.
2301 2433 2634 2504 Quapropter
2654 2435 2720 2487 ad
2746 2433 2858 2487 haec
2881 2447 3050 2501 usque
3080 2441 3315 2501 tempora
3342 2430 3552 2502 Cyprus

1983 2535 2037 2581 et
2102 2524 2349 2596 Bulgaria
2375 2526 2442 2581 ab
2502 2526 2824 2595 imperatore
2882 2525 3097 2595 quidem
3136 2525 3411 2594 accipiunt
3441 2527 3558 2596 epi-

1986 2631 2203 2687 scopos,
2267 2617 2588 2672 ordinantur
2631 2632 2761 2671 vero
2815 2616 2868 2670 bi
2906 2618 3134 2687 propriis
3178 2618 3464 2687 episcOpis,
3495 2627 3556 2673 ut

1985 2709 2187 2765 dictum
2221 2720 2322 2772 est,
2349 2717 2717 2778 vocamurque
2745 2708 3257 2780 archiepiscopatus,
3292 2718 3550 2779 tanquam

1984 2801 2075 2871 qui
2120 2803 2203 2856 sui
2229 2800 2369 2870 juris
2394 2811 2537 2856 sunt.
2578 2800 2748 2855 Habet
2781 2816 2907 2855 vero
2932 2801 3284 2870 Episcopatus
3304 2798 3553 2870 Bulgaria

1988 2895 2207 2965 triginta
2270 2903 2323 2949 et
2414 2893 2665 2962 amplius.
2722 2908 2951 2962 quorum
3013 2893 3303 2963 primatum
3347 2891 3556 2949 obtinet

1987 2987 2196 3065 Acbris.
2230 2986 2298 3041 Et
2323 2987 2433 3041 haec
2463 2985 2677 3056 quidem
2715 2984 2780 3040 de
2800 2984 2905 3039 his.

2062 3196 2165 3254 Sed
2189 3211 2311 3251 cum
2339 3196 2636 3267 perfectum
2663 3195 2918 3251 Ecclesiae
2963 3210 3160 3267 corpus
3181 3210 3302 3253 esse
3339 3204 3558 3267 oporte-

312 3285 454 3349 σίας,
487 3278 552 3357 ἦς
585 3285 685 3355 μία
712 3282 925 3357 κεφαλὴ
967 3285 995 3337 ὀ
1018 3282 1280 3352 Χριστὸς.
1319 3284 1429 3336 πᾶν
1472 3281 1530 3335 δὲ
1568 3281 1728 3352 σῶμα
1760 3284 1884 3345 ταῖς

1994 3290 2098 3352 bat,
2153 3288 2308 3359 cujus
2363 3304 2527 3341 unum
2585 3297 2745 3357 caput
2804 3287 3075 3353 Christus,
3149 3289 3361 3358 singula
3424 3307 3554 3349 vero

314 3377 480 3433 πέντε
512 3381 794 3432 διοικεῖται
847 3376 1193 3447 αἰσθήσεσιν,
1238 3376 1299 3429 οὐ
1335 3374 1441 3447 μὴν
1465 3373 1727 3446 τέσσαρσι
1752 3389 1767 3404 ·
1794 3374 1886 3427 διὰ

314 3473 473 3527 τοῦτο
503 3470 822 3543 ᾠκονόμησε
876 3468 935 3523 τὸ
966 3469 1121 3538 ἅγιον
1147 3467 1376 3539 Πνεῦμα
1430 3467 1595 3522 πέντε
1628 3464 1886 3535 γενέσθαι

316 3566 383 3619 τὰ
405 3565 795 3635 πατριάρχεῐα,
820 3561 981 3617 ἅτινά
1010 3561 1149 3615 εἰσιν
1194 3559 1255 3614 ἓν
1309 3558 1469 3628 σῶμα
1509 3558 1603 3612 καὶ
1635 3556 1734 3627 μία
1761 3556 1888 3610 Ἐκ-

316 3656 545 3728 κλησία,
576 3655 885 3728 αἰσθήσεων
915 3655 1073 3723 λόγον
1102 3652 1411 3724 ἐπεχόντων
1447 3651 1555 3703 τῶν
1585 3651 1745 3703 πέντε
1779 3664 1886 3702 πα·

317 3749 668 3821 τριαρχείων.
701 3749 913 3820 Ὠσπερ
965 3748 1075 3819 γὰρ
1127 3746 1236 3800 πᾶν
1285 3745 1445 3814 σῶμα
1482 3742 1621 3806 ζῶον
1647 3742 1751 3796 ύπδ
1780 3742 1889 3795 τῶν

320 3842 485 3894 πέντε
550 3842 835 3895 διοικεῖται
900 3839 1232 3910 αἰσθήσεων,
1267 3837 1315 3890 εί
1367 3837 1425 3891 δὲ
1462 3837 1642 3890 λείπει
1682 3836 1780 3907 μία
1806 3852 1890 3899 τις

319 3933 429 3987 τῶν
481 3933 818 4004 αἰσθήσεων,
851 3931 1044 3994 ἀτελές
1068 3931 1184 3984 ὲστι
1217 3928 1279 4007 τὸ
1318 3929 1477 4000 σῶμα
1509 3944 1525 3961 ·
1564 3927 1708 3982 οὕτω
1735 3926 1889 3998 καὶῆ

322 4024 619 4094 Ἐκκλησία
675 4024 768 4078 τοῦ
827 4022 1063 4095 Χριστοῦ
1115 4022 1174 4076 ἓν
1220 4021 1380 4092 σῶμα
1409 4014 1546 4076 οὖσα
1580 4019 1765 4075 ἅπασα
1796 4019 1892 4073 καὶ

325 4117 448 4186 μία,
476 4120 544 4189 τῇ
581 4118 662 4178 είς
695 4116 931 4188 Χριστὸν
955 4116 1048 4168 τὸν
1078 4114 1206 4167 Υἱδν
1236 4113 1331 4167 τοῦ
1362 4112 1495 4167 Θεοῦ
1522 4111 1701 4165 πίστει
1731 4112 1891 4182 ἑστη-

324 4210 581 4281 ριγμένη,
626 4208 731 4262 ὑπὸ
801 4206 907 4261 τῶν
960 4206 1121 4270 πέντε
1173 4207 1529 4278 πατριαρχῶν
1585 4206 1891 4269 διοικεῖται,

320 4301 515 4370 ὥσπερ
559 4300 667 4353 ὑπὸ
693 4297 1022 4370 αἰσθήσεων.
1045 4300 1204 4352 Ποῖον
1230 4298 1284 4351 δὲ
1313 4299 1704 4370 πατριαρχεῖον
1727 4294 1892 4365 τῆσδε

324 4393 486 4465 τυχὸν
534 4391 637 4462 τῆς
658 4391 966 4461 αἰσθήσεως
988 4390 1173 4461 ἐπέχει
1195 4390 1377 4458 λόγον,
1402 4391 1499 4444 καὶ
1530 4391 1681 4443 ποῖον
1705 4386 1890 4458 τῆσδε,

324 4485 386 4539 ού
412 4482 507 4538 τοῦ
533 4481 804 4554 παρόντος
824 4481 1006 4550 λέγειν
1036 4479 1257 4552 καιροῦ.

407 4600 564 4656 Ἐπεὶ
622 4598 717 4655 οὖν
781 4600 890 4654 ἔδει
943 4599 1104 4653 πέντε
1132 4595 1273 4652 εἶναι
1316 4596 1388 4651 τὰ
1413 4597 1777 4668 πατριαρχεῖα
1806 4594 1894 4649 διὰ

326 4650 1035 4765 τὴν-είρημέύηνὴαίτίαν,
1439 4650 1773 4756 παρεκίςησε
1834 4685 1894 4738 τὸ
1924 4650 1974 4709 D

328 4786 554 4857 Πνεῦμα
580 4788 641 4840 τὸ
666 4784 825 4855 ἅγιον
849 4782 950 4855 τὴν
989 4781 1152 4850 ἁγίαν
1185 4784 1280 4833 καὶ
1311 4781 1462 4832 οἰκον
1471 4779 1695 4848 μενικὴν
1715 4777 1896 4831 δευτέ-

329 4898 433 4954 ραν
460 4879 700 4944 σύνοδον,
749 4878 852 4951 τὴν
894 4879 954 4931 ὲν
1007 4858 1598 4936 Κωνσταντινουπόλει,
1632 4871 1732 4940 τὴν
1757 4868 1898 4923 κατὰ

330 4952 666 5028 Μακεδονίου
715 4969 828 5041 τοῦ⁵
868 4952 1343 5036 Πνευματομάχου
1398 4963 1757 5032 συναχθεῖσαν
1806 4963 1900 5014 ἐπὶ

331 5065 428 5118 τοῦ
463 5061 727 5136 βασιλέως
754 5060 852 5115 τοῦ
888 5059 1127 5130 μεγάλου
1154 5054 1458 5118 Θεοδοσίου,
1482 5055 1589 5106 τῶν
1618 5053 1678 5117 ἐξ
1722 5052 1900 5107 ’ῐσπα-

331 5156 450 5217 νίας
488 5153 775 5223 ηρόντων
835 5152 1055 5204 πάντων
1114 5148 1224 5201 τῶν
1274 5147 1594 5217 ἀρχιερέων,
1646 5146 1741 5197 καὶ
1787 5143 1897 5196 τῶν

334 5245 612 5316 μεγίστων
643 5244 849 5313 θρόνων
878 5238 1334 5312 προκαθημένων,
1375 5237 1543 5308 ἤγουν
1591 5234 1688 5287 τοῦ
1736 5233 1900 5288 Πάπα

342 5336 586 5405 Ῥώμης.
608 5333 889 5402 Δαμάσου,
939 5332 1029 5384 καὶ
1057 5330 1153 5382 τοῦ
1188 5328 1625 5398 Ἀλεξανδρείας,
1674 5325 1770 5378 καὶ
1803 5322 1898 5377 τοῦ

342 5424 758 5497 Ἰεροσολύμων,
809 5426 912 5475 και
932 5422 1028 5474 τοῦ
1072 5419 1427 5490 Ἀντιοχείας,
1466 5416 1769 5488 προστάξαι
1811 5415 1900 5469 διὰ

335 5518 561 5579 κανόνος
591 5515 738 5585 ἔχειν
799 5514 893 5568 καὶ
943 5514 1043 5583 τὴν
1091 5508 1668 5565 Κωνσταντινούπολιν
1710 5507 1781 5561 τὰ
1811 5508 1901 5560 ἴσα

1988 3394 2212 3446 corpora
2244 3382 2480 3449 quinque
2510 3380 2759 3434 sensibus
2775 3380 3161 3448 gubernantur,
3184 3390 3238 3436 et
3266 3397 3370 3437 non
3427 3401 3558 3453 qua-

1991 3480 2132 3533 tuor,
2182 3477 2466 3539 propterea
2518 3468 2588 3522 ita
2635 3467 2900 3537 disposuit
2953 3468 3187 3538 Spiritus
3226 3484 3468 3538 sanctus,
3501 3488 3559 3530 ut

1987 3561 2222 3630 quinque
2270 3570 2456 3616 essent
2506 3548 3055 3629 patriarchatus‘qui
3141 3576 3305 3617 unum
3359 3579 3557 3633 corpus

1990 3649 2249 3714 elliciunt,
2296 3659 2349 3702 et
2382 3664 2540 3702 unam
2568 3647 2891 3712 Ecclesiam,
2927 3662 3186 3705 sensuum
3223 3651 3390 3706 vicem
3419 3669 3562 3723 prte-

1991 3741 2261 3795 stantibus
2288 3741 2523 3811 quinque
2563 3740 3037 3809 patriarchatihus.
3093 3741 3557 3808 Quemadmodum

1991 3834 2134 3888 enim
2158 3848 2351 3903 corpus
2382 3833 2675 3887 animantis
2708 3846 2736 3884 a
2758 3834 2996 3901 quinque
3024 3834 3556 3902 sensubusdirigitur.

1991 3935 2045 3981 et
2064 3926 2109 3980 si
2142 3940 2280 3979 unus
2306 3939 2373 3979 ex
2406 3924 2489 3978 his
2514 3923 2794 3987 defecerit,
2819 3938 3014 3992 corpus
3053 3923 3421 3992 imperfectum
3452 3935 3555 3988 est,

1993 4016 2072 4070 sic
2125 4023 2180 4070 et
2213 4014 2452 4069 Ecclesia
2495 4013 2720 4077 Christi,
2769 4007 2892 4067 cum
2921 4027 3084 4066 unum
3110 4014 3181 4066 sit
3225 4027 3419 4079 corpus
3441 4016 3560 4067 unl—

1993 4121 2170 4169 versa,
2214 4114 2269 4160 et
2320 4120 2422 4157 una
2466 4105 2517 4158 in
2548 4105 2828 4159 Cbristum‘
2852 4103 3044 4157 Filium
3072 4102 3161 4158 Dei
3193 4104 3292 4158 iide
3325 4103 3556 4168 ﬁrmata,

1995 4213 2025 4253 a
2051 4200 2287 4267 quinque
2308 4196 2653 4266 patriarchis,
2685 4206 2938 4266 tanquam
2963 4210 2991 4248 a
3023 4195 3263 4265 quinque
3292 4198 3558 4261 sensibus,

1999 4291 2275 4362 dirigitur.
2334 4288 2564 4355 Quinam
2615 4302 2743 4342 vero
2797 4288 3188 4354 patriarchatus
3214 4287 3368 4356 cujus
3399 4303 3560 4342 sensu

1995 4385 2169 4439 vicem
2230 4382 2550 4448 sustineant,
2602 4390 2812 4436 nonest
2862 4380 3143 4450 praesentis
3198 4380 3455 4451 temporis
3482 4382 3601 4462 ιιί-⁸

1995 4491 2142 4532 cere.

2068 4602 2204 4659 Cum
2259 4617 2388 4657 vero
2433 4603 2671 4680 quinque
2701 4617 2822 4657 esse
2875 4602 3272 4671 patriarchalns
3313 4596 3602 4655 accessa?

2003 4696 2140 4750 rium
2192 4703 2356 4758 esset,
2387 4693 2456 4747 ob
2499 4708 2715 4748 causam
2736 4694 2847 4760 jam
2876 4692 3097 4756 dictant,
3132 4706 3411 4759 propterea
3454 4706 3569 4743 mo-

2001 4786 2080 4839 vit
2124 4783 2358 4853 Spiritus
2411 4793 2631 4839 sanctus
2691 4795 2931 4837 sanctam
2962 4792 3014 4835 et
3061 4782 3446 4835 tertiatenicam
3479 4796 3568 4835 se-

2002 4875 2235 4933 cundam
2265 4876 2527 4947 synodum
2552 4891 2671 4944 qum
2688 4885 2872 4928 contra
2897 4872 3289 4936 Macedoniam,
3310 4871 3567 4940 Spiritum

2004 4981 2253 5024 sanctum
2301 4975 2738 5039 oppugnantem,
2789 4963 2890 5017 sub
2978 4964 3301 5030 imperatore
3375 4962 3569 5031 Magno

2006 5058 2314 5114 Theodosio
2376 5056 2615 5126 Hispano
2685 5054 3147 5122 Coustautirmpoli
3205 5062 3391 5108 coacta
3462 5064 3568 5115 est,

2008 5150 2361 5219 praesentibus
2409 5146 2658 5202 omnibus
2716 5145 3056 5212 praesulibus,
3108 5154 3161 5198 et
3193 5145 3442 5199 maximis
3485 5159 3571 5198 se-

2002 5242 2156 5294 dibus
2239 5237 2673 5307 przesidentibus,
2743 5236 2971 5288 Damaso
3023 5236 3229 5289 scilicet
3303 5235 3565 5298 Romano,

2003 5329 2389 5392 Alexandrino,
2446 5327 2950 5398 llierosolymitano,
2974 5338 3025 5382 ct
3046 5328 3404 5390 Antiocheno,
3429 5340 3569 5395 pra:-

2003 5420 2188 5491 cipere
2241 5420 2442 5488 scripto
2486 5433 2696 5473 canone
2770 5418 3290 5487 Constantinopolim
3366 5417 3568 5471 habere

2006 5527 2154 5581 aequa
2183 5511 2457 5581 privilegia
2514 5527 2636 5564 cum
2678 5512 2877 5564 seniOri
2924 5511 3111 5564 Roma.
3152 5510 3240 5563 Ait
3266 5509 3445 5585 itaque
3464 5517 3574 5562 ter-

334 5608 602 5676 πρεσϐεία
660 5608 759 5676 τῆς
818 5605 1193 5680 πρεσϐυτέρας
1239 5603 1477 5673 Ῥώμης.
1534 5603 1670 5672 Φησὶ
1718 5600 1886 5669 γοῦν(

2009 5605 2117 5658 tius
2146 5619 2317 5658 canon
2338 5602 2577 5668 ejusdem
2608 5604 2795 5673 synodi
2826 5618 2840 5653 :
2877 5621 2896 5653 (
2933 5600 3573 5671 ⁹(ἰοειειιιηιίηοῃυιίιιιιιηε

338 5702 519 5772 τρίτος
559 5699 741 5755 κανὼν
776 5700 876 5768 τῆς
904 5697 1075 5767 αὐτῆς
1106 5697 1327 5750 συνόδου
1353 5696 1442 5747 τὸν
1473 5696 1573 5763 μέν
1622 5712 1705 5747 τοι
1746 5696 1903 5747 Κων-

706 5798 977 5858 ΡΑἹιιοι..
1006 5800 1118 5855 (in.
1163 5794 1306 5852 CXX
1324 5794 1449 5852 ΧΗ.

2009 5697 2246 5751 civitatis
2290 5702 2572 5768 cpiscopus
2640 5699 2834 5752 habeat
2889 5695 3163 5765 privilegia
3207 5695 3426 5750 honoris
3456 5705 3576 5763 post

3080 5789 3153 5847 .333
