3968 6220
257 323 391 383 ltnl

1346 316 1659 377 ΝΟΤῘΤΙΛ
1701 311 2438 376 PATRIARCHATUUM;

3361 301 3492 364 1102

255 426 587 479 ὲκπέπτωκε
645 425 863 489 πάντως
929 427 1024 479 καί
1073 423 1181 478 τῶν
1243 425 1552 495 πρωτείων.
1600 426 1688 487 Ὦς
1718 425 1824 494 γὰρ

1941 423 2182 479 Barhat‘is
2236 422 2473 489 subjecta
2522 424 2627 481 est,
2681 411 2881 471 excidit
2943 411 3165 467 omnino
3213 410 3504 483 privilegiis

258 515 624 586 βασιλεύουσα
653 517 827 570 ταῦτα
881 513 1017 587 εἶχε,
1051 519 1146 570 καὶ
1182 517 1381 586 ἔμεινε
1405 518 1621 587 πρῶτος
1662 518 1690 569 6
1729 520 1828 588 τῆς

255 606 475 677 ἀληθῶς
516 607 910 680 βασιλευούσης
952 607 1577 670 Κωνσταντινουπόλεως
1644 606 1831 677 θρόνος

257 697 336 760 ὠς
369 698 463 752 τοῦ
516 698 736 767 πρώτου
797 700 1099 773 παυθέντος
1147 699 1476 769 βασιλεύειν,
1545 698 1744 765 μᾶλλον
1774 699 1831 750 δὲ

259 791 355 841 καὶ
387 789 817 860 ἀποσχισθέντος
875 791 984 844 τῶν
1031 791 1236 845 λοιπῶν
1269 790 1497 860 θρόνων.
1531 790 1671 859 Φησὶ
1700 789 1831 857 γοῦν

256 879 630 950 ότριακοστὸς
656 882 818 945 ἕκτος
847 881 1026 937 κανὼν
1075 885 1175 953 τῆς
1233 884 1395 949 ἁγίας
1443 879 1833 949 οίκουμενικῆς

258 970 427 1041 ἕκτης
454 974 673 1025 συνόδου
698 989 711 1004 °
746 994 764 1025 ι
787 974 1202 1044 Ἀνανεούμενοι
1232 973 1301 1026 τὰ
1330 972 1479 1043 παρὰ
1495 971 1605 1025 τῶν
1639 969 1833 1023 ἑκατὸν

261 1066 604 1134 πεντήκοντα
659 1065 830 1133 ἁγίων
870 1066 1134 1136 Πατέρων
1185 1065 1294 1118 τῶν
1365 1067 1422 1117 ὲν
1478 1067 1541 1134 τῇ
1603 1062 1832 1133 βασιλίδι

260 1155 438 1230 ταύτῃ
467 1157 619 1211 πόλει
676 1158 1042 1212 συνελθόντων
1074 1158 1166 1211 καὶ
1203 1158 1312 1212 τῶν
1346 1156 1644 1222 ἑξακοσίων
1674 1157 1830 1223 τριά-

263 1258 428 1294 κοντα
502 1242 1006 1313 συναθροισθέντων
1078 1242 1535 1313 νομοθετηθέντα,
1578 1242 1834 1312 ὁρίζομεν

264 1330 406 1383 ὥστε
460 1331 554 1384 τὸν
602 1333 1231 1397 Κωνσταντινουπόλεως
1284 1332 1475 1402 θρόνον
1535 1332 1644 1385 τῶν
1702 1332 1834 1384 ἴσων

263 1423 566 1476 ἀπολαύειν
604 1424 913 1493 πρεσϐείων
944 1424 1039 1478 τοῦ
1059 1426 1157 1493 τῆς
1189 1426 1572 1496 πρεσϐυτέρας
1613 1423 1835 1494 Ῥώμης

263 1515 480 1586 θρόνου,
514 1516 609 1570 καὶ
630 1518 687 1568 ἐν
710 1519 822 1580 τοῖς
853 1517 1338 1587 ὲκκλησιαστικοῖς
1368 1515 1444 1579 ὠς
1491 1516 1699 1569 ἐκεῖνον
1737 1531 1833 1583 με-

260 1604 589 1671 γαλύνεσθαι
633 1606 945 1675 πράγμασι,
980 1607 1234 1676 δεύτερον
1268 1605 1389 1678 μετ’
1414 1609 1623 1660 ἐκεῖνον
1654 1607 1831 1677 ὑπάρ-

261 1713 449 1765 χοντα,
479 1697 600 1767 μεθ’
625 1697 684 1750 δν
737 1700 765 1751 6
802 1701 901 1769 τῆς
951 1698 1365 1770 Ἀλεξανδρείας
1419 1697 1834 1768 μεγαλοπόλεως

258 1790 601 1860 ἁριθμείσθω
634 1790 842 1862 θρόνος,
884 1786 1006 1845 εἶτα
1064 1795 1092 1846 6
1136 1794 1469 1861 Ἀντιοχείας
1525 1791 1834 1862 μεγαλοπό-

260 1879 419 1944 λεως,
454 1884 548 1935 καὶ
587 1883 725 1950 μετὰ
752 1882 943 1935 τοῦτον
970 1884 1000 1936 6
1033 1884 1140 1952 τῆς
1183 1883 1577 1954 Ἰεροσολύμων
1604 1883 1833 1945 πόλεως.

271 1969 408 2041 Ὁρᾷ
455 1972 601 2034 ὅπως
643 1974 783 2026 κατὰ
806 1976 904 2036 τὰς
933 1975 1207 2044 βασιλείας
1236 1976 1431 2038 ἔταξαν
1459 1976 1552 2028 καὶ
1574 1979 1696 2037 τοὺς
1716 1975 1836 2043 θρό-

259 2078 407 2124 νους,
430 2064 647 2132 πρῶτον
681 2066 779 2133 μὲν
812 2068 908 2129 τὰς
942 2068 1034 2119 δύο
1068 2067 1341 2137 βασιλίδα.
1362 2067 1570 2130 πόλεις,
1602 2070 1700 2136 τὴν
1727 2083 1834 2118 παι

260 2151 419 2205 λαιὰν
450 2153 670 2224 Ῥώμην
700 2156 794 2207 καὶ
824 2156 922 2227 τὴν
955 2154 1255 2221 Νέο.ν,εἷτα
1276 2160 1399 2212 ἐπεὶ
1428 2159 1630 2227 μείζων
1643 2157 1834 2225 γέγονε

260 2239 508 2308 βασιλεία
566 2244 624 2295 ὲν
674 2244 933 2316 Ᾱίγύπτιρ
962 2246 1061 2318 τῆς
1112 2248 1173 2301 ἐν
1201 2247 1506 2320 Ἀντιοχείᾳ
1532 2247 1834 2319 βασιλείας,

259 2333 463 2402 ἐτάχθη
499 2334 685 2404 τρίτος
742 2340 770 2391 6
821 2338 1255 2411 ’Δλεξανδρείας.
1304 2342 1460 2396 Ἐπεὶ⁹
1512 2341 1570 2394 δὲ
1630 2343 1723 2395 καλ⁵
1777 2341 1835 2393 ἐν

266 2419 664 2495 Ἰεροσολύμοις
683 2427 872 2496 γέγονε
892 2431 1159 2499 βασιλεία,
1172 2436 1199 2486 6
1214 2433 1269 2486 δὲ
1288 2433 1475 2503 θρόνος
1494 2434 1658 2506 αὐτῆς
1673 2428 1835 2506 ἦττον

257 2507 327 2584 ἦν
358 2515 454 2569 τοῦ
492 2519 843 2589 Ἀντιοχείας,
864 2522 953 2576 διὰ
981 2522 1041 2575 τὸ
1065 2526 1160 2577 καὶ
1187 2525 1277 2577 τὸν
1308 2529 1604 2595 κορυφαῖον
1630 2529 1836 2599 Πέτρον

262 2608 483 2678 πρῶτον
515 2611 887 2681 ὲπισκοπήσαι
922 2616 981 2666 ὲν
1018 2614 1344 2687 Ἀντιοχείᾳ,
1370 2618 1505 2672 ἀλλὰ
1534 2620 1629 2673 καὶ
1658 2622 1690 2690 ἡ
1725 2623 1836 2676 Πα-

256 2700 508 2783 λαιστίνη
543 2704 709 2774 μέρος
764 2701 833 2777 ἢν
892 2708 990 2777 τῆς
1020 2704 1467 2780 Ἀλεξανδρείας,
1515 2712 1592 2776 ὡς
1655 2716 1834 2787 Λιὸύη

259 2792 397 2848 οὖσα
434 2797 525 2848 καὶ
557 2796 718 2868 αὑτὴ.
748 2799 843 2852 καὶ
883 2798 940 2866 ἐξ
968 2801 1138 2868 αὐτῆς
1163 2802 1521 2873 ἀπεσπάσθη,
1562 2805 1650 2859 διὰ
1676 2808 1835 2861 τοῦτο

263 2889 568 2959 μικροτέρα
595 2890 702 2942 τῶν
730 2891 934 2945 λοιπῶν
965 2893 1113 2945 ἐστιν
1143 2894 1174 2964 η
1204 2896 1387 2966 ὲνορία
1409 2898 1605 2969 αὐτῆς.
1629 2898 1750 2954 Ὅτι
1777 2901 1834 2955 δὲ

261 2979 358 3031 καὶ
389 2976 617 3051 ὕστερον
673 2981 865 3050 γέγονε
917 2988 1329 3054 πατριαρχεῖον,
1377 2990 1604 3053 εἰκότως
1632 2991 1833 3063 ἐτάχθη

261 3068 403 3138 μετὰ
433 3070 533 3139 τὴν
566 3071 923 3143 Ἀντιόχειαν.
964 3075 1074 3127 Καὶ
1120 3075 1291 3129 ταῦτα
1323 3078 1420 3147 μὲν
1451 3080 1581 3149 περὶ
1607 3081 1704 3149 τῆς
1733 3081 1903 3177 τά-ῘΟ

259 3160 397 3225 ξεως
434 3163 546 3215 τῶν
609 3163 771 3217 πέντε
825 3167 1183 3239 πατριαρχῶν
1229 3173 1323 3221 καὶ
1376 3170 1486 3224 τῶν
1545 3171 1828 3242 ὀνομάτων

259 3253 462 3308 αὐτῶν.
478 3254 822 3327 Ἐκλήθησαν
836 3259 944 3330 γὰρ
965 3262 1059 3312 καὶ
1078 3264 1104 3313 6
1120 3260 1187 3313 ’ίε
1197 3262 1386 3330 ροσολύ
1395 3280 1512 3332 μων
1530 3266 1623 3317 καὶ
1637 3266 1664 3317 6
1681 3267 1832 3318 Κων-

263 3348 759 3412 σταντινουπόλεως
811 3352 906 3405 καὶ
958 3352 1378 3422 ἀρχιεπίσκοποι
1425 3357 1518 3407 καὶ
1558 3358 1831 3429 πατριάρ-

260 3451 376 3504 χαι.
420 3436 871 3508 ’Λρχιεπίσκοποι
904 3443 1025 3511 μὲν,
1055 3442 1130 3505 ὡς
1157 3444 1453 3498 ἐπίσκοποι
1500 3448 1718 3514 πρῶτον
1741 3449 1830 3501 όν-

260 3545 374 3596 τεε,
410 3526 530 3582 εἶτα
579 3532 938 3601 αὐτοκέφαλοι
998 3537 1283 3606 γενόμενοι
1328 3540 1421 3589 καὶ
1465 3538 1826 3604 αὐτεξούσιοι.

262 3622 610 3692 Πατριάρχαι
631 3622 687 3675 δὲ
715 3624 1018 3696 ὠςυέπίσης
1049 3628 1371 3696 τιμηθέντε;
1399 3630 1511 3689 τοῖς
1532 3631 1824 3700 προτέροις

259 3717 411 3783 τρισὶ
451 3715 817 3785 πατριάρχαις
852 3719 946 3770 καὶ
991 3719 1091 3787 τῆς
1143 3720 1315 3789 αὐτῆς
1371 3722 1537 3790 τιμῆς
1596 3723 1690 3775 καὶ
1728 3739 1828 3775 κα-

262 3806 462 3879 θέδρας
496 3808 841 3873 ἀξιωθέντες.
882 3811 974 3863 Διὸ
1002 3813 1143 3866 καὶὸ
1166 3814 1513 3885 πατριάρχης
1542 3817 1836 3869 Κωνσταν-

260 3899 624 3963 τινουπόλεως
685 3902 993 3973 ὑπογράφει
1047 3905 1476 3975 ἁρχιεπίσκοπος
1514 3906 1660 3969 Νέας
1704 3904 1836 3961 Ῥώ-

269 4008 375 4062 μης
402 3996 495 4046 καὶ
527 3994 904 4063 οἱκουμενικδς
953 3997 1329 4066 πατς.ιάρχης’
1365 3999 1488 4050 ἐπεὶ
1518 3999 1628 4070 γὰρ
1671 3999 1836 4055 ἔλαϐε

264 4085 333 4134 τὰ
362 4080 624 4151 πρεσϐεῖα
676 4080 776 4135 καὶ
825 4084 894 4136 τὰ
919 4084 1193 4154 προνόμια
1222 4084 1324 4153 τῆς
1357 4085 1575 4159 Ῥώμης
1595 4127 1612 4153 ,
1676 4088 1837 4158 βασίο

263 4168 427 4222 λισσα
483 4170 590 4239 γὰρ
620 4171 650 4241 η
689 4169 880 4241 Ῥώμη
917 4167 985 4241 ἦν
1033 4170 1139 4241 τῆς
1164 4172 1492 4244 οἰκουμένης
1545 4176 1833 4247 πρότερον,
1864 4220 1881 4241 ,

263 4257 385 4314 εἶτα
427 4261 590 4315 πάλιν
622 4262 847 4335 ὕστερον
877 4265 909 4334 ἠ
945 4264 1519 4329 Κωνσταντινούπολις
1553 4283 1568 4297 ·
1608 4269 1836 4334 είκότως

264 4353 359 4405 καὶ
394 4355 422 4405 6
471 4354 662 4417 πάπας
706 4355 1103 4423 οίκουμενικὸς,
1137 4355 1232 4409 καὶ
1271 4358 1299 4409 6
1322 4357 1837 4413 Κωνσταντινουπό-

1935 523 1988 567 et
2036 512 2427 583 prtcrogativis,
2455 525 2516 562 ea
2570 508 2716 563 enim
2778 514 2833 559 ut
2876 506 3172 574 imperans,
3210 503 3415 567 habuit,
3445 516 3504 559 et

1934 606 2195 659 remansit
2228 618 2353 658 vero
2397 599 2708 670 imperantis
2735 595 3223 665 Constantinopolis
3253 596 3500 662 thronus,

1935 697 2110 767 primo
2143 698 2407 763 imperari-
2434 692 2728 755 desinente,
2755 690 2860 741 imo
2882 689 2948 742 ab
2976 688 3096 741 aliis
3117 689 3325 742 caeteris
3353 690 3494 742 thro-

1939 787 2021 840 nis
2046 784 2230 837 avulso
2257 794 2309 836 el
2335 780 2600 837 abscisso.
2632 780 2769 832 Dicit
2804 779 2946 832 enim
2982 778 3287 833 tricesimus
3319 789 3507 834 sextus

1933 891 2108 932 canon
2158 883 2361 930 sancta:
2416 883 2581 928 sextae
2623 872 2810 943 synodi
2842 870 3190 927 mcmnenica
3235 888 3249 925 :
3287 889 3305 922 ι
3337 869 3507 924 Reno-

1937 979 2127 1025 vantes
2157 984 2218 1023 ea
2254 984 2374 1038 quae
2399 982 2426 1019 ιι
2455 967 2652 1020 sant-tis
2674 975 2890 1020 contum
2921 962 3377 1035 etquinquaginta
3407 962 3510 1017 Pa-

1938 1064 2108 1118 tribus
2168 1063 2219 1116 in
2264 1062 2365 1116 hac
2403 1059 2496 1115 Dei
2524 1060 2886 1114 observatrice
2929 1065 2984 1113 et
3033 1058 3178 1127 regia
3214 1057 3345 1111 urbe
3374 1072 3506 1111 con-

1937 1163 2223 1218 venerunt,
2262 1161 2318 1208 et
2368 1160 2748 1208 sexcentarum
2779 1149 2994 1219 triginta
3027 1148 3115 1219 qui
3165 1146 3507 1203 Chalcedone

1938 1260 2242 1301 convenere
2271 1245 2562 1300 constituta
2604 1250 2749 1308 sunt,
2790 1241 3128 1297 decernimus
3153 1249 3212 1295 ut
3244 1239 3510 1293 Conslan-

1938 1340 2325 1410 tinopolitanus
2379 1340 2604 1393 thronus
2635 1334 2857 1406 aequalia
2909 1333 3182 1403 privi'egia
3206 1348 3326 1388 cum
3352 1332 3508 1387 anti-

1939 1450 2060 1502 quae
2121 1434 2303 1488 Romae
2344 1435 2541 1487 throno
2587 1429 2849 1495 obtineat,
2896 1439 2948 1483 et
2993 1427 3046 1481 in
3111 1426 3509 1482 Ecclesiasticis

1937 1525 2166 1595 negotiis
2203 1534 2260 1578 ut
2294 1524 2380 1579 ille
2417 1523 2593 1593 magni
2638 1522 2755 1586 ﬂat,
2782 1530 2838 1573 ut
2865 1519 2953 1588 qui
2982 1519 3054 1572 sit
3088 1519 3357 1573 secundus
3389 1528 3509 1586 post

1938 1618 2086 1672 illum
2116 1633 2133 1683 ;
2174 1636 2191 1670 ι
2231 1615 2533 1685 Postquetn
2566 1628 2771 1681 magna:
2804 1610 3286 1665 Alexandrinorum
3316 1610 3509 1664 civita-

1941 1709 2012 1767 tis
2070 1711 2296 1763 thronus
2323 1715 2680 1770 numeratur;
2718 1704 2908 1760 deinde
2950 1701 3279 1765 Antiochiae,
3315 1710 3369 1756 et
3393 1711 3511 1770 post

1949 1812 2077 1854 eum
2138 1795 2523 1866 Hierosolyma:
2547 1795 2799 1850 civitatis.
2839 1794 2997 1848 Vides
3022 1793 3291 1862 quomodo
3318 1808 3511 1848 secun-

1938 1895 2064 1947 dum
2124 1890 2347 1958 imperia
2381 1889 2604 1942 thronos
2634 1888 2964 1943 constituant
3012 1886 3185 1955 primo
3220 1886 3271 1939 in
3301 1885 3512 1942 duabus

1940 1983 2103 2052 regiis
2152 1982 2374 2049 urbibus
2405 1980 2569 2047 veteri
2612 1989 2666 2032 ct
2707 1993 2843 2032 nova
2882 1977 3090 2043 Roma;
3124 1976 3319 2032 deinde
3383 1977 3507 2047 quia

1939 2074 2222 2144 imperium
2274 2071 2490 2143 Egypti
2550 2070 2885 2125 Antiocheno
2935 2068 3110 2138 majus
3151 2077 3291 2134 erat,
3322 2069 3511 2122 tertius

1941 2164 2163 2218 thronus
2225 2161 2567 2217 Alexandriae
2647 2161 2975 2215 constitutus
3020 2170 3138 2226 est;
3196 2162 3322 2231 quia
3381 2177 3510 2216 vero

1937 2255 2160 2326 contigit
2192 2253 2614 2325 Hierosolymam
2635 2252 2805 2320 ipsam
2824 2250 2985 2305 etiam
3007 2266 3255 2321 regnare,
3280 2255 3509 2307 thronus

1938 2362 2065 2403 vero
2099 2347 2245 2401 illius
2301 2347 2476 2402 minor
2514 2346 2614 2400 luit
2654 2345 3015 2409 Antiocheno,
3062 2352 3115 2398 ct
3168 2344 3292 2412 quia
3341 2343 3511 2415 Cory-

1937 2444 2122 2509 plueus
2145 2437 2333 2493 Petrus
2352 2439 2527 2508 primo
2552 2436 2647 2491 fuit
2666 2436 2948 2505 episc0pus
2970 2435 3293 2502 Antiochia),
3313 2443 3365 2491 et
3384 2436 3508 2505 quia

1935 2533 2219 2591 Palaestina
2273 2546 2400 2601 pars
2445 2530 2549 2585 fuit
2590 2528 2930 2585 Alexandria:
2977 2538 3036 2582 ut
3078 2526 3316 2600 Libycae,
3357 2530 3511 2584 etab

1937 2625 2044 2680 illis
2113 2624 2375 2689 abscissa,
2422 2631 2703 2692 propterea
2730 2619 2874 2674 illius
2918 2619 3114 2675 limites
3132 2620 3508 2676 suntaliorum

1943 2718 2258 2771 tln-onorum
2277 2712 2537 2769 limitibus
2550 2712 2717 2766 multo
2733 2711 3090 2782 angustiores.
3117 2711 3355 2783 Denique
3382 2715 3510 2783 quia

1939 2808 2125 2861 ultimo
2159 2806 2582 2875 patriarchatnm
2631 2804 2882 2872 obtinuit,
2919 2802 3038 2859 ideo
3071 2802 3196 2871 jure
3222 2817 3292 2869 ,ac
3317 2806 3510 2860 merito

1936 2907 2058 2968 post
2121 2895 2514 2949 Antiochenum
2570 2893 2882 2947 collocatur.
2947 2892 3013 2947 Et
3062 2893 3176 2947 haec
3209 2893 3421 2964 quidem
3445 2894 3512 2949 do

1936 2987 2125 3043 ordine
2147 2986 2382 3057 quinque
2407 2985 2868 3056 partriarcharum
2888 2993 2942 3038 et
2971 2998 3155 3039 eorum
3182 2985 3508 3040 nominibus.

1938 3077 2127 3133 Vocati
2187 3088 2316 3133 sunt
2368 3077 2509 3132 enim
2539 3076 3062 3148 llierosolymitanus
3106 3088 3157 3132 et
3196 3077 3512 3135 Constanti-

1937 3172 2299 3243 nopolitanus,
2338 3170 2726 3239 archiepiscopi
2798 3180 2852 3223 et
2904 3170 3262 3239 patriarchae;
3330 3170 3512 3226 archi-

1937 3264 2174 3333 episcopi
2203 3264 2440 3333 quidem,
2466 3271 2522 3315 ut
2557 3262 2648 3331 qui
2677 3262 2850 3330 primo
2896 3261 3093 3317 fuerint
3128 3263 3388 3334 episcopi,
3416 3264 3511 3319 sed

1938 3368 2123 3427 postea
2181 3357 2307 3412 faiti
2367 3356 2543 3420 liberi,
2595 3369 2649 3411 et
2707 3358 2790 3412 sui
2822 3370 3041 3426 prorsus
3090 3357 3228 3427 juris
3281 3367 3335 3411 et
3363 3358 3511 3412 arbi-

1939 3446 2049 3502 trii.
2080 3445 2409 3500 Patriarcha:
2443 3459 2570 3497 vero
2602 3452 2662 3498 ut
2689 3444 2986 3512 aequalibus
3016 3442 3310 3512 privilegiis
3348 3441 3512 3497 deco-

1942 3542 2046 3597 rati
2074 3541 2270 3608 quibus
2328 3549 2438 3593 tres
2466 3537 2555 3591 alii
2584 3537 2936 3606 patriarcbaé,
2964 3545 3018 3590 et
3052 3535 3194 3603 digni
3227 3535 3390 3589 habiti
3418 3537 3512 3605 qui

1940 3632 2126 3690 eadem
2185 3628 2310 3685 sede
2368 3639 2423 3682 et
2477 3628 2680 3681 honore
2711 3625 3038 3679 fruerentur.
3107 3625 3227 3678 Ideo
3283 3626 3513 3692 patriar-

1940 3726 2042 3782 cha
2073 3719 2700 3790 Constantinopolitanus
2728 3717 3023 3793 subscribit
3051 3716 3133 3770 bis
3165 3717 3334 3772 titulis
3378 3732 3515 3788 quas

1942 3815 2249 3885 consignat,
2303 3811 2532 3875 litteras,
2572 3809 3007 3878 archiepiscopus
3059 3822 3212 3861 novre
3246 3807 3431 3861 Roma:
3458 3818 3513 3864 et

1945 3908 2251 3978 patriarcha
2310 3903 2699 3967 mcutnenicus,
2753 3899 3189 3969 quandoquidem
3282 3897 3516 3953 obtinuit

1946 3999 2225 4072 privilegia
2257 4006 2311 4053 et
2331 3997 2620 4067 primatum
2644 3994 2847 4049 Romae.
2898 3991 3099 4062 Regina
3131 3990 3327 4060 quippe
3346 3992 3514 4045 totius

1945 4090 2093 4149 orbis
2122 4089 2300 4161 primo
2338 4097 2455 4143 erat
2500 4087 2694 4149 Roma,
2746 4082 2937 4138 deinde
2971 4083 3163 4136 ultimo
3201 4081 3511 4137 Constanti-

1948 4183 2178 4253 nopolis.
2214 4180 2339 4235 ideo
2364 4178 2639 4232 Romanus
2658 4184 2708 4229 et
2752 4173 3517 4244 Constantinopolitanusjure

1946 4278 2203 4333 dicuntur
2234 4272 2580 4334 aecumeuici,
2615 4270 2703 4324 alii
2737 4284 2862 4323 vero
2886 4282 2997 4324 tres
3018 4265 3341 4336 patriarcha:
3360 4280 3513 4321 tecu-

1951 4370 2143 4426 menici
2207 4382 2313 4421 non
2361 4364 2607 4419 vocandi.
2657 4360 2944 4430 Propterea
2984 4375 3113 4430 ergo
3135 4359 3518 4416 Constantino-

265 4444 404 4509 λεως
438 4447 838 4516 οἱκουμενιδὼς,
862 4450 923 4501 οὺ
956 4448 1062 4518 μὴν
1094 4449 1192 4502 καὶ
1232 4450 1283 4502 οἱ
1316 4451 1462 4504 ἄλλοι
1492 4455 1638 4523 τρεῖς
1661 4455 1837 4508 οἰκου-

1946 4459 2211 4529 politanus
2231 4456 2427 4511 dicitur
2454 4453 2754 4523 patriarcha
2801 4454 3189 4506 mcumenicus.
3215 4450 3365 4505 Sicut
3387 4464 3515 4515 ergo

269 4539 511 4606 μενικοὶ,
538 4539 617 4592 διὸ
650 4540 746 4593 καὶ
792 4541 1173 4611 οίκουμενικδς
1225 4543 1575 4614 πατριάρχης
1636 4546 1837 4615 ἀναγο-

267 4629 487 4700 ρεύεται
506 4633 534 4683 6
559 4633 1209 4698 Κωνσταντινουπόλεως.
1228 4634 1437 4705 Ὥσπερ
1468 4636 1842 4708 δὲπρονόμιον

264 4717 415 4791 εἶχεν
448 4723 475 4775 6
511 4722 730 4793 Ῥώμης
757 4722 854 4786 τὰς
885 4725 1184 4795 ὲγκλήτους
1215 4723 1309 4786 τὰς
1346 4728 1488 4777 κατὰ
1525 4728 1632 4779 τῶν
1660 4728 1842 4782 ἄλλων

264 4814 628 4885 πατριαρχῶν
678 4816 977 4887 γενομένας
1032 4818 1127 4869 καὶ
1202 4817 1300 4878 τὰς
1362 4821 1696 4888 κατηγορίας
1760 4823 1843 4876 δι-

264 4909 496 4973 κάζειν,
548 4911 675 4962 ἐπεὶ
747 4912 843 4963 καὶ
897 4910 926 4963 6
990 4910 1619 4975 Κωνσταντινουπολεως
1677 4914 1839 4968 ἑλαὸε

1920 4553 2224 4606 .llomanus
2283 4545 2627 4616 privilegium
2673 4544 2862 4598 habuit
2905 4543 3292 4613 appellationes
3326 4550 3513 4598 contra

1946 4643 2081 4696 alios
2134 4637 2469 4711 patriarchas
2489 4644 2545 4690 et
2565 4636 2938 4691 accusationes
2964 4634 3225 4702 judicare,
3272 4634 3518 4703 quando-

1946 4734 2160 4803 quidem
2208 4730 2835 4799 Constantinopoiitanus
2911 4728 3192 4796 privilegia
3282 4725 3514 4779 Romani

1948 4829 2172 4895 adeptus
2208 4833 2312 4886 est,
2352 4822 2545 4877 merito
2564 4831 2741 4891 potest
2787 4821 2905 4891 jura
2932 4820 3153 4877 reddere
3178 4818 3349 4872 tribus
3379 4832 3517 4886 pra:-

1947 4916 2109 4973 dictis
2141 4914 2486 4985 patriarehis.

265 5000 336 5052 τὲι
372 4999 472 5067 τῆς
519 4999 744 5073 Ῥώμης
788 5002 1081 5074 προνόμια,
1155 5004 1383 5063 εἰκότως
1450 5004 1545 5055 καὶ
1632 5000 1792 5071 οὗτος
1857 5007 2084 5064 δύναται
2156 5006 2403 5069 δικάζειν
2455 5002 2584 5067 τοὺς
2652 4998 3088 5071 προειρημένους
3172 5000 3325 5067 τρεῖς
3404 5014 3511 5072 παή

270 5093 560 5166 τριάρχας.

340 5188 616 5255 Ζητητέον
662 5187 716 5239 δὲ
771 5187 953 5242 λοιπὸν
990 5190 1084 5242 καὶ
1114 5193 1243 5260 περὶ
1296 5191 1404 5244 τῶν
1436 5191 1715 5263 ἐπαρχιῶν
1747 5195 1845 5247 καὶ

270 5278 482 5332 πόλεων
523 5281 633 5346 τῶν
658 5280 1031 5336 ὑπετεθεισῶν
1058 5283 1135 5353 τῷ
1195 5283 1367 5356 θρόνῳ
1398 5288 1841 5340 Κωνσταντινου-

271 5371 503 5435 πόλεως,
564 5374 657 5425 καὶ
722 5375 835 5437 πῶς
903 5376 1268 5444 ὑποτέθησκν.
1306 5377 1530 5447 Πρῶτον
1564 5378 1664 5446 μὲν
1704 5380 1841 5431 ἁπε-

271 5465 597 5537 σπάσθησαν
628 5469 676 5520 οί
707 5470 776 5539 τῇ
820 5468 1055 5540 τετάρτῃ
1119 5468 1320 5537 συνόδῳ
1374 5470 1844 5541 μνημονευόμενοι

273 5550 700 5629 μητροπολίται,
754 5562 849 5613 καὶ
890 5561 1209 5623 ἐπίσκοποι,
1250 5562 1347 5614 καὶ
1376 5562 1563 5615 λοιπαὶ
1607 5562 1666 5615 ἐν
1688 5579 1748 5615 τε
1777 5565 1843 5633 τῇ

280 5651 547 5724 Ἀνατολῇ
578 5656 670 5709 καὶ
708 5654 975 5725 διοικήσει
1003 5658 1067 5726 τῇ
1104 5656 1207 5706 ὑπὸ
1246 5654 1336 5707 τὸν
1362 5655 1718 5725 Ἀντιοχείας,
1755 5659 1849 5709 καὶ

271 5744 329 5795 ἐν
369 5748 435 5817 τῇ
465 5747 667 5817 Δυτικῇ
698 5748 761 5817 τῇ
794 5747 897 5800 ὑπὸ
924 5750 1015 5801 τὴν
1058 5746 1297 5816 Ῥώμης.
1342 5747 1446 5799 Δύο
1472 5748 1580 5816 γὰρ
1629 5747 1849 5817 ἕξορχοι

2021 5189 2379 5259 Quaerendum
2431 5202 2588 5256 porro
2639 5195 2721 5240 est
2766 5186 2832 5239 de
2865 5184 3161 5255 provinciis
3212 5193 3265 5240 et
3298 5185 3519 5240 urbibus

1948 5286 2145 5339 throno
2200 5278 2802 5347 Constantliltttpulilatto
2841 5276 3121 5345 subjectis,
3164 5286 3218 5331 et
3249 5282 3519 5345 quomodo

1944 5391 2004 5432 se
2027 5376 2377 5442 subiecerint.
2436 5373 2675 5426 Primum
2737 5370 2952 5439 quidem
2987 5371 3161 5424 avulsi
3194 5381 3319 5427 sunt
3348 5370 3437 5438 qui
3461 5369 3517 5423 ia

1940 5487 2135 5547 quarta
2190 5473 2395 5543 synodo
2464 5482 2836 5527 memorantur
2870 5468 3273 5539 metropolitani
3309 5476 3365 5521 et
3401 5465 3520 5535 epi-

1945 5570 2092 5637 scopi
2151 5577 2204 5620 et
2246 5567 2431 5636 rcliqtti
2476 5565 2531 5618 in
2591 5564 2835 5626 Oriente,
2863 5573 2919 5619 et
2959 5563 3200 5628 dioecesi,
3232 5574 3354 5630 quae
3400 5568 3519 5613 erat

1947 5657 2315 5721 Antiocheuo,
2372 5666 2427 5709 et
2480 5655 2534 5709 in
2581 5654 2923 5719 occidentali,
2978 5651 3230 5707 Romano
3257 5650 3517 5706 obnoxia.

1952 5748 2194 5817 Namque
2251 5748 2354 5801 duo
2376 5746 2591 5803 cxarrbi
2616 5744 2908 5801 Orientalis
2929 5747 3248 5812 dioeceseos,
3276 5742 3372 5815 qui
3400 5742 3521 5797 aliis
