3968 6220
248 306 379 372 1105

1332 309 1646 371 NOTITIA
1689 306 2432 369 PATRIARCHATUUM.

2012 204 2023 212 .
2052 197 2152 220 ,ηαδ

3355 294 3496 360 Ῑίθϐ

249 420 433 482 Πάπας
470 418 881 490 κεχωρισμένος
898 412 987 491 ἦν,
1025 418 1121 473 καὶ
1152 419 1257 474 ὑπὸ
1287 421 1452 491 ἕτερα
1472 423 1601 493 ἔθνη
1624 422 1810 491 δῆθεν,

1942 436 2005 473 or
2059 419 2368 484 obtinebat,
2430 417 2511 472 vel
2554 422 2737 485 postea
2765 431 2793 468 a
2831 411 3085 466 Barbaris
3124 412 3373 482 gent-ibus
3408 428 3503 465 re-

248 511 328 566 διὰ
368 509 529 564 τοῦτο
584 511 679 565 καὶ
712 512 739 563 6
770 512 1122 583 πατριάρχης
1168 508 1284 585 εἷκε
1342 516 1441 579 τὰς
1491 516 1813 587 ὲκκῖησίας,

250 600 336 653 καὶ
362 599 420 653 τὸ
445 601 777 672 Βροντήσιον
798 602 908 673 γὰρ
932 605 1027 657 καὶ
1050 605 1083 675 ἡ
1103 605 1375 674 Τάρεντος
1394 604 1501 658 ἀπὸ
1524 608 1817 660 Κώνστανρ

247 693 596 757 τινουπόλεως
658 694 903 765 ἐδέχοντο
978 696 1180 768 ἱερεῖς,
1256 698 1351 751 καὶ
1419 699 1578 752 τοῦτο
1642 698 1817 761 οὐδεὶς

249 785 445 851 ἀγνοεῖ.
479 783 618 837 Μεθ’
657 784 686 838 ὃ
718 784 776 837 δὲ
805 786 854 838 οἱ
884 787 1130 856 Φράγκοι
1173 789 1464 857 ἀφείλοντο
1496 788 1557 840 τδ
1573 786 1817 841 τοιοῦτον

248 875 523 939 ὣυκᾶτον,
569 876 694 928 τότε
754 878 782 929 6
815 875 1039 948 Ῥώμης
1086 879 1466 949 ἐχειροτόνησε
1521 880 1582 931 ἐν
1611 879 1817 939 πάσαις

248 971 365 1031 ταῖς
397 966 676 1030 τοιαύταις
726 967 1069 1035 ἐκκλησίαις.
1119 971 1296 1041 Ὀσην
1328 972 1440 1043 γὰρ
1465 970 1652 1041 χώραν
1687 986 1820 1022 κατ-

251 1060 387 1129 εῖχεν
416 1060 444 1109 6
464 1057 720 1127 βασιλεὺς
742 1061 1396 1128 Κωνσταντινουπόλεως,
1424 1063 1456 1134 ἢ
1486 1063 1624 1132 μετά
1646 1062 1821 1116 ταῦτα

251 1149 351 1202 ἀπὸ
377 1148 547 1203 ἐθνῶν
585 1150 861 1222 διαφόρων
899 1152 1242 1224 ἐξενίκησεν,
1285 1155 1515 1218 είκὸτως
1545 1154 1638 1209 καὶ
1659 1154 1689 1207 6
1716 1172 1821 1209 πα·

251 1236 510 1306 τριάρχης
545 1238 1176 1305 Κωνσταντινουπόλεως
1201 1242 1533 1312 ἐχειροτόνει
1564 1244 1704 1303 ἐκεῖ,
1744 1242 1822 1305 ὠς

253 1325 342 1394 τῆς
381 1324 602 1394 Ῥώμης
648 1325 1114 1399 ἁλλοτριωθείσης
1169 1329 1451 1393 παντελῶς
1509 1330 1608 1398 τῆς
1667 1331 1823 1382 Κων-

255 1411 769 1480 σταντινουπόλεως,
800 1415 894 1468 καὶ
931 1415 1036 1469 ὑπὸ
1067 1416 1261 1481 ἄλλους
1305 1417 1619 1486 γεγονυίας.
1683 1416 1823 1488 Περὶ

254 1504 309 1557 δὲ
330 1506 420 1559 τοῦ
450 1506 555 1559 ἀνὰ
588 1506 757 1577 μέρος
786 1510 1041 1579 κατέχειν
1071 1510 1163 1563 τὸν
1196 1511 1393 1565 Πάπαν
1422 1512 1543 1564 τινὰ
1581 1513 1640 1564 ἐν
1667 1512 1828 1564 Σικεοι

255 1593 342 1666 λία
370 1596 659 1665 πρότερον,
703 1598 864 1664 δῆλον
896 1599 1002 1652 ἀπὶ)
1042 1599 1136 1654 τοῦ
1174 1600 1292 1671 βίου
1343 1599 1437 1654 τοῦ
1491 1599 1648 1669 ἁγίου
1681 1601 1827 1671 Γρη-

1917 512 2245 582 ουρει-ειιιιιι,
2285 511 2407 577 jure
2467 508 2773 580 patriarcha
2866 504 3497 575 Constantinopolitanns

1917 602 2135 655 ordines
2191 600 2470 657 habebat:
2509 615 2629 652 cum
2727 597 2895 651 Roma
2939 596 3113 651 modis
3164 597 3419 652 omnibus
3467 611 3508 651 ar

1917 691 2383 763 Constantinopoli
2401 692 2654 755 alienata,
2685 689 2805 744 aliis
2832 703 2890 742 se
2904 687 3262 743 submisisset.
3285 686 3489 758 Papam

1922 800 2049 839 vero
2071 793 2252 853 partes
2277 783 2486 851 aliquas
2536 791 2693 836 antea
2727 782 2776 835 in
2820 780 3001 835 Sicilia
3032 780 3362 843 obtinuisse,
3382 795 3495 834 ma-

1918 876 2173 931 nifestum
2222 875 2283 930 tit
2332 890 2398 930 ex
2436 874 2552 930 Vita
2589 874 2773 930 sancti
2820 873 3089 943 Gregorii,
3115 872 3496 942 Agrigentino-

1925 984 2044 1023 rum
2069 967 2241 1029 urbis,
2278 983 2395 1037 qum
2422 982 2561 1022 nunc
2589 966 2938 1038 Gergentium
2973 965 3192 1032 dicitur,
3222 964 3501 1033 episcopi;

1920 1058 1976 1113 in
2004 1074 2067 1115 ea
2098 1058 2366 1127 siquidem
2421 1061 2680 1130 scriptum
2707 1068 2812 1125 est,
2857 1072 3073 1129 papam,
3097 1064 3343 1112 sanctmu
3363 1055 3503 1112 Gre-
3564 1114 3575 1125 κ

1922 1150 2131 1223 gorium
2168 1150 2642 1220 Agrigentinorum
2673 1149 2985 1219 episcopum
3033 1148 3337 1203 ordinase.
3397 1143 3504 1199 Sed

1921 1256 1989 1296 eo
2046 1249 2287 1311 tempore
2335 1239 2504 1294 Roma
2560 1240 2795 1295 nondum
2849 1238 3061 1309 penitus
3122 1230 3368 1306 separata
3390 1242 3509 1289 erat

1920 1346 1954 1386 α
1989 1330 2476 1402 Constantinopoli.
2553 1330 2793 1386 Tenebat
2827 1331 3008 1401 itaque
3046 1330 3247 1384 multos
3305 1327 3504 1382 abhinc

1922 1439 2093 1478 annos
2150 1422 2653 1492 ConstantinOpolis
2685 1437 2749 1476 ex
2782 1429 2932 1488 parte
2961 1429 3014 1475 et
3057 1418 3300 1474 Siciliam
3328 1426 3382 1470 et
3406 1417 3509 1473 Ca-

1923 1497 2150 1569 labriam
2187 1531 2199 1566 :
2246 1523 2299 1567 et
2330 1528 2463 1583 papa
2505 1512 2733 1583 paucula
2755 1511 2999 1581 quaedam
3048 1508 3506 1578 quemadmodum

1921 1613 1976 1659 et
2047 1605 2097 1659 in
2130 1602 2528 1674 Longobardia.
2558 1618 2725 1671 usque
2788 1603 2854 1655 ad
2900 1601 3300 1671 separationem
3333 1615 3346 1652 :
3377 1608 3509 1653 tunc

256 1687 440 1758 γορίου
489 1687 585 1740 τοῦ
638 1689 943 1742 ἐπισκόπου
982 1690 1395 1762 Ἀκραγαντῶν,
1425 1690 1560 1746 ἀλλὰ
1596 1690 1692 1744 καὶ
1724 1690 1820 1744 τοῦ

1941 1697 2069 1752 ‘nim
2124 1708 2404 1766 separatus
2431 1704 2508 1749 εει
2533 1695 2603 1750 ab
2655 1694 2738 1750 his
2769 1692 3078 1762 regionibus
3140 1708 3278 1762 papa
3327 1703 3503 1761 usque

257 1778 348 1831 νῦν
378 1778 672 1849 λεγομένου
728 1781 1072 1851 Γεργεντίου.
1122 1782 1439 1854 Γέγραπται
1491 1783 1601 1854 γὰρ
1639 1785 1818 1836 ἐκεῖσε

1941 1792 1999 1845 ad
2048 1765 2381 1845 Francorum
2442 1788 2754 1850 adventum,
2804 1794 2862 1840 ut
2897 1787 3012 1856 jam
3058 1785 3315 1840 diximus.
3353 1783 3508 1837 Nunc

257 1865 339 1921 ὅτι
361 1869 388 1920 6
417 1867 614 1932 Πάπας
643 1870 1026 1941 ἐχειροτόνησε
1057 1871 1149 1923 τὸν
1180 1870 1339 1939 ἆγιον
1363 1872 1669 1943 Γρηγόριον
1710 1871 1833 1924 ἐπί-

260 1972 461 2010 σκοπον
511 1956 923 2029 Ἀκραγαντῶν.
965 1958 1130 2013 Ἀλλὰ
1186 1960 1309 2014 τότε
1369 1960 1521 2014 οὔπω
1575 1961 1831 2033 ήῬώμη

261 2045 529 2117 ἐχωρίσθη
578 2047 803 2111 τελείως
851 2049 951 2118 τῆς
1008 2050 1664 2114 Κωνσταντινουπόλεως.
1718 2052 1838 2106 Καν

261 2139 434 2207 τεῖχεν
460 2132 556 2191 οὖν
605 2138 639 2208 ἡ
679 2139 1311 2205 Κωνσταντινουπόλεως
1359 2143 1465 2214 πρὸ
1494 2142 1695 2196 πολλοῦ
1727 2143 1834 2198 ἀνὰ

267 2229 429 2300 μέρος
460 2231 557 2284 καὶ¹
608 2231 880 2300 Σικελίαν,
908 2236 1003 2289 καὶ
1042 2235 1387 2306 Καλαϐρίαν.
1441 2238 1546 2290 Καὶ
1581 2238 1607 2290 6
1640 2238 1837 2302 Πάπας

263 2318 515 2385 όλιγοσνά
569 2337 715 2386 τινα,
745 2320 935 2394 ὥσπερ
978 2324 1074 2378 καὶ
1115 2326 1174 2377 ἐν
1202 2325 1579 2396 Λογγιϐαρδία
1603 2327 1706 2390 ἕως
1734 2328 1836 2395 τῆς

260 2409 676 2482 ἀλλοτριώσεως
722 2411 819 2467 τοῦ
874 2415 1059 2470 Πάπα.
1128 2416 1263 2471 Τότε
1314 2417 1426 2488 γὰρ
1498 2417 1837 2488 ἠλλοτριώθη

262 2502 357 2556 καὶ
378 2502 484 2556 τῶν
516 2503 772 2557 τοιούτων
797 2505 993 2575 χωρῶν
1019 2509 1047 2560 6
1070 2507 1258 2571 πάπας
1273 2508 1379 2572 ἓως
1401 2509 1501 2577 τῆς
1518 2509 1628 2562 τῶν
1652 2511 1837 2579 Φράγ-

265 2609 376 2646 κων
419 2594 709 2658 ἐλεύσεως,
737 2596 812 2659 ὡς
854 2596 1102 2669 εἴπομεν.
1135 2598 1250 2652 Νῦν
1280 2596 1373 2653 οὖν
1409 2601 1629 2671 κατέχει
1651 2603 1679 2654 6
1703 2602 1837 2656 Θεο-

268 2685 578 2754 φρούρητος
611 2684 803 2754 θρόνος
842 2687 1491 2751 Κωνσταντινουπόλεως,
1525 2688 1586 2742 ὃν
1632 2691 1660 2742 6
1685 2705 1837 2760 πρωο

264 2771 523 2841 τόκλητος
550 2772 833 2842 Ἀνδρείας
870 2772 1117 2844 ἔνιδρυσε
1170 2775 1405 2846 πρῶτος,
1450 2778 1751 2831 ἐπίσκοπον
1781 2780 1839 2831 ἐν

266 2861 418 2931 αὐτῷ
446 2865 802 2933 καταστήσας
831 2865 930 2934 τῆς
959 2864 1192 2926 πόλεως,
1223 2865 1303 2919 ἔτι
1327 2866 1624 2930 Βυζαντίου
1647 2865 1838 2938 οὔσης,

273 2951 438 3023 μέρος
467 2953 567 3006 οὐκ
587 2952 769 3021 ὀλίγον
791 2954 891 3023 τῆς
924 2956 1215 3026 Εὐρώπης,
1250 2958 1341 3010 καὶ
1372 2958 1470 3027 τῆς
1513 2960 1721 3027 Ἀσίας,
1741 2978 1842 3013 κα-

1936 1884 2116 1953 itaque
2146 1880 2384 1951 possidet
2414 1894 2442 1933 a
2465 1877 2577 1935 Deo
2620 1884 2971 1933 Conservatus
2997 1877 3224 1931 thronus
3248 1874 3515 1931 Constan-

1938 1973 2340 2042 tinopolitanus,
2396 1986 2559 2041 quem
2601 1969 2833 2041 primum
2864 1979 3090 2024 vocatus
3149 1968 3362 2022 Andrea
3396 1964 3516 2019 l‘un—

1939 2062 2108 2126 davit,
2158 2061 2395 2130 primum
2431 2059 2741 2129 episcopum
2792 2058 2847 2113 in
2886 2072 2951 2113 eo
2969 2055 3344 2121 constituens,
3390 2070 3513 2109 cum

1938 2154 2112 2208 adhuc
2144 2156 2272 2207 urbs
2304 2150 2623 2223 Byzantium
2660 2157 2823 2213 esset,
2865 2157 3072 2217 partem
3098 2163 3207 2201 non
3238 2146 3516 2200 minimam

1935 2245 2078 2301 Asia:
2099 2244 2451 2314 Europaeque,
2513 2252 2572 2299 ut
2595 2242 2733 2297 infra
2794 2242 3343 2308 iudicabimus:quaa
3390 2247 3518 2292 sunt

1938 2339 2081 2393 circa
2125 2337 2454 2391 Adriaticum
2510 2352 2683 2401 mare,
2737 2335 2800 2388 ab
2836 2334 3046 2404 Illyrico
3077 2346 3245 2401 usque
3284 2331 3351 2384 ad
3382 2329 3518 2383 Prol-

1941 2432 2236 2501 pontidem,
2299 2434 2354 2484 in
2423 2443 2527 2498 qua
2578 2440 2660 2484 est
2716 2424 3233 2495 Constantinopolis.
3287 2423 3518 2491 indeque

1942 2537 2111 2588 usque
2171 2522 2235 2574 ad
2283 2520 2638 2585 Chersonem,
2674 2526 2729 2573 et
2752 2515 3093 2581 Chazariam,
3131 2524 3185 2569 et
3219 2511 3522 2577 Chaldiam,

1941 2624 1996 2667 et
2023 2611 2320 2679 Gotthiam,
2361 2621 2415 2666 et
2435 2611 2747 2680 Abasgiam,
2779 2620 2833 2665 et
2860 2607 3114 2671 theriam,
3150 2615 3203 2662 et
3235 2604 3520 2670 Alaniam;

1942 2720 2173 2775 namque
2202 2704 2256 2758 in
2280 2718 2399 2759 eam
2432 2719 2462 2758 a
2499 2702 2807 2773 patriarcha
2836 2699 3187 2769 metropolita:
3215 2697 3519 2757 mittuntur.

1944 2796 2050 2850 Sed
2083 2806 2137 2850 et
2161 2811 2348 2851 omnes
2383 2794 2552 2850 Istrizn
2618 2794 2926 2864 adjacentes
2966 2792 3216 2847 civitates
3253 2789 3355 2859 ipsi
3390 2787 3522 2842 sub—

1939 2888 2200 2956 jiciuntur
2234 2909 2246 2942 :
2279 2902 2378 2941 nec
2431 2902 2536 2940 non
2591 2896 2645 2939 et
2697 2885 2923 2940 Danubii
2968 2882 3202 2938 ﬂuminis
3233 2890 3287 2935 et
3312 2879 3525 2950 Cappa~

1945 2978 2113 3032 docia:
2158 2977 2341 3040 urbes,
2375 2987 2429 3029 et
2459 2986 2644 3047 partes
2705 2977 2995 3041 Armeniae,
3046 2984 3100 3030 et
3127 2971 3384 3045 Cyclades
3434 2970 3523 3023 in-

269 3044 376 3109 οὼς
404 3044 533 3116 ἑξῆς
557 3046 896 3116 δηλώσομεν,
931 3047 997 3101 τὰ
1030 3050 1161 3117 περὶ
1204 3049 1298 3103 τοῦ
1348 3049 1691 3119 ’Δδριατικοῦ
1739 3071 1839 3107 πε-

1950 3069 2099 3134 sulm,
2156 3078 2210 3123 et
2263 3068 2486 3138 reliquae
2547 3082 2758 3133 omnes,
2820 3081 2940 3134 qua
3002 3044 3231 3120 subsunt
3298 3059 3531 3131 itnprrio

268 3136 493 3205 λάγους,
524 3139 595 3193 τὰ
624 3138 734 3193 ἀπὸ
757 3140 852 3194 τοῦ
893 3139 1188 3211 Ἰλλυρικοῦ
1208 3142 1311 3206 ἕως
1334 3143 1434 3211 τῆς
1454 3143 1839 3212 Προποντίδος,

267 3231 402 3285 ὅπου
434 3232 467 3299 ἡ
497 3233 1094 3298 Κωνσταντινούπολις,
1126 3237 1305 3289 ἐκεῖσέ
1334 3252 1392 3288 τε
1422 3235 1552 3306 ἄχρι
1578 3238 1669 3290 καὶ
1699 3239 1843 3309 Χερο

269 3321 466 3388 σῶεης,
516 3326 615 3377 καὶ
672 3324 977 3397 Χαζαρίας,
1009 3327 1103 3379 καὶ
1136 3327 1387 3391 Γοτθίας,
1430 3330 1525 3381 καὶ⁵
1579 3328 1840 3393 Χαλδίας,

269 3415 367 3471 καὶ
406 3415 725 3483 Ἀϐασγίας,
745 3417 838 3470 καὶ
880 3417 1139 3488 Ἰϐηρίας,
1159 3416 1256 3470 καὶ
1286 3416 1537 3481 ’Λλανίας
1559 3434 1575 3450 θ
1608 3418 1697 3471 καὶ
1734 3419 1841 3488 γὰρ

275 3512 675 3581 μητροπολῖται
703 3511 762 3564 ἐν
788 3510 926 3581 αὐτῇ
952 3511 1260 3565 στέλλονται
1279 3511 1431 3579 παρᾶ
1459 3512 1555 3564 τοῦ
1579 3510 1823 3581 πατριάρ
1841 3542 1855 3556 ς

273 3619 396 3671 χου.
441 3603 602 3658 Ἀλλὰ
671 3607 766 3658 καὶ
807 3605 980 3657 πᾶσαι
1033 3605 1089 3657 αί
1130 3602 1449 3673 παρίστριοι
1483 3602 1669 3665 πόλεις
1686 3602 1852 3673 ,αὐτῷ

271 3695 618 3762 ὑπόκεινται,
680 3698 799 3766 ἦτοι
847 3697 905 3749 αί
958 3694 1053 3749 τοῦ
1095 3695 1387 3750 Λανουϐίου
1435 3694 1717 3766 ποταμοῦ,
1755 3697 1851 3749 καὶ

273 3789 334 3842 αί
362 3789 463 3859 τῆς
518 3788 918 3851 Καππαδοκίας
971 3787 1178 3854 πόλεις,
1211 3788 1306 3841 καὶ
1336 3787 1481 3860 μέρη
1506 3789 1609 3858 τῆς
1651 3787 1851 3859 Ἀρμε-

1951 3161 2567 3229 Constantinopolitano,
2591 3159 2773 3215 multae
2792 3158 2890 3214 illa:
2924 3157 3174 3229 quidem:
3200 3164 3253 3213 et
3279 3154 3529 3210 maxima:

1954 3253 2145 3309 insulm
2175 3255 2311 3318 dnze,
2348 3252 2532 3318 Creta,
2563 3261 2619 3307 et
2660 3252 2861 3307 Euboea
2919 3251 2970 3305 in
3000 3264 3103 3320 qua
3121 3256 3204 3304 est
3237 3245 3522 3316 Eurypus:

1954 3345 2049 3400 sed
2092 3353 2145 3399 et
2198 3343 2622 3415 PeIOponnesus,
2659 3353 2713 3399 et
2768 3341 2974 3398 Grtecia
3007 3354 3280 3409 :namque
3317 3337 3531 3408 Cyprus

1952 3431 2034 3486 sui
2075 3430 2212 3501 juris
2236 3441 2340 3491 est.
2383 3441 2441 3485 ut
2470 3447 2632 3501 supra
2686 3431 3123 3487 memoravimus.
3159 3428 3297 3495 Quin
3333 3427 3440 3481 imo
3473 3434 3529 3479 et

1952 3518 2005 3577 in
2060 3531 2250 3585 magna
2287 3516 2486 3573 Russia
2517 3533 2545 3572 a
2569 3518 2879 3588 patriarcha
2931 3515 3527 3585 ConstantinOpolitano

1952 3603 2294 3673 metropolita
2347 3604 2600 3659 mittitur.
2628 3605 2766 3659 Sunt
2806 3606 2986 3676 itaque
3016 3604 3301 3675 provinciae
3321 3611 3375 3657 et
3408 3616 3526 3656 iue-

1952 3695 2208 3765 tropoles,
2259 3695 2856 3766 Constantinopolitano
2904 3697 3159 3767 subjecta:
3191 3696 3244 3750 in
3282 3694 3530 3756 Oriente,

1950 3789 2265 3856 Occidente,
2289 3799 2344 3843 et
2374 3789 2426 3844 in
2461 3788 2583 3844 aliis
2617 3789 2922 3859 regionibus
2947 3791 3047 3846 ha}.

276 3865 419 3946 νίας,
449 3883 546 3937 καὶ
578 3884 635 3936 αί
679 3882 960 3946 Κυκλάδες
984 3882 1162 3949 νῆσοι,
1194 3882 1290 3936 καὶ
1326 3882 1383 3936 αί
1433 3880 1621 3937 λοιτιαλ⁸
1679 3884 1890 3938 ἅπασαι
1925 3885 1981 3936 αί
2040 3883 2147 3936 ὑπὸ
2183 3883 2282 3952 τὴν
2330 3882 2611 3955 βασιλείαν
2663 3880 3293 3941 Κωνσταντινυυπόλεως
3335 3874 3528 3929 πολλαί

275 3990 428 4040 τινες
451 3975 628 4038 οὖσαι.
654 3975 749 4029 καὶ⁸
777 3975 834 4030 αί
867 3976 1123 4046 μεγίσται
1148 3974 1243 4029 δύο
1257 3975 1434 4045 νῆσοι,
1467 3976 1499 4045 ή
1529 3976 1723 4047 Κρήτη
1753 3978 1851 4032 καὶ
1889 3976 2116 4041 Εὔϐοια,
2144 3977 2280 4030 ὅπου
2322 3980 2350 4030 6
2418 3975 2681 4046 Εὔριπος,
2736 3975 2874 4029 ἀλλὰ
2906 3977 3000 4027 καὶ
3043 3974 3075 4044 ή
3114 3969 3526 4038 Πελοπόνησος,

277 4065 379 4120 καὶ
408 4067 442 4135 ἡ
481 4066 669 4131 Ἑλλάς
696 4082 709 4096 θ
738 4068 773 4137 ἠ
804 4068 915 4136 γὰρ
946 4067 1173 4138 Κύπρος
1237 4068 1615 4137 αὐτοκέφαλός
1656 4071 1808 4125 ἐστιν
1847 4071 1922 4136 ὡς
1958 4073 2313 4143 προεγράφη.
2357 4071 2519 4125 Ἀλλὰ
2571 4074 2663 4124 καὶ
2718 4072 2798 4132 εἰς
2859 4070 2958 4140 τὴν
3018 4066 3261 4138 μεγάλην
3298 4062 3530 4118 Ῥωσίαν

278 4160 392 4214 ἀπὸ
418 4161 513 4214 τοῦ
542 4161 880 4232 πατριάρχου
904 4162 1530 4226 Κωνσταντινουπόλεως
1568 4163 1851 4220 στέλλεται
1895 4166 2322 4238 μητροπολίτης.
2368 4165 2519 4218 Είσὶν
2552 4159 2644 4219 οὖν
2706 4164 2763 4216 αἱ
2829 4158 3320 4232 ἀναγεγραμμέναι
3353 4157 3530 4224 ἐπαρ-

279 4251 400 4324 χίαι
446 4253 541 4307 καὶ
578 4253 938 4325 μητροπόλεις
965 4254 1023 4308 αί
1052 4254 1411 4322 ὑποκείμεναι
1439 4254 1517 4327 τῷ
1555 4257 2191 4321 Κωνσταντινουπόλεως
2262 4251 2447 4320 αὗται,
2503 4258 2558 4310 al
2604 4256 2663 4309 ἐν
2707 4257 2771 4324 τῇ
2814 4252 3049 4323 ἀνατολῇ
3123 4249 3216 4305 καὶ
3282 4252 3349 4322 τῇ
3379 4246 3531 4303 δύσει

284 4350 383 4405 καὶ
407 4351 522 4413 τοῖς
549 4350 755 4412 λοιποῖς
782 4349 1006 4421 μέρεσιν
1030 4365 1044 4380 '

358 4450 431 4498 α’.
467 4441 529 4495 Ἦ
558 4441 866 4513 Καισάρεια
893 4442 991 4513 τῆς
1019 4442 1453 4509 Καππαδοκίας,
1491 4442 1693 4516 ἔχουσα
1737 4446 1829 4499 ἐπι

2038 4444 2087 4498 1.
2123 4444 2367 4498 Caesarea
2392 4440 2767 4510 Cappadocia),
2793 4441 2996 4496 habens
3028 4441 3372 4509 episcopatus
3403 4439 3458 4492 8.

286 4534 503 4596 σκοπὰς
526 4531 595 4604 η’.

360 4629 430 4702 β’.
476 4628 543 4683 Ἦ
573 4630 806 4697 Ἔφεσος
828 4630 929 4699 τῆς
953 4629 1161 4693 Ἀσίας,
1192 4630 1392 4699 ἔχουσα
1419 4632 1732 4695 ἐπισκοπὰς
1760 4630 1858 4686 λδ’.

361 4729 433 4792 γ’.
480 4723 544 4777 Ἢ
583 4722 881 4793 Ἡράκλεια
934 4722 1033 4791 τῆς
1082 4721 1306 4794 Θρᾴκης
1355 4725 1413 4777 ἐν
1470 4726 1535 4795 τῇ
1599 4726 1861 4797 Εὐρώπῃ,

281 4819 497 4887 ἔχουσα
526 4814 834 4876 ἐπισκοπὰς
875 4820 959 4866 ιε’.

363 4904 406 4960 δ’
412 4947 429 4963 .
462 4905 527 4960 Ἢ
545 4907 794 4978 ’Δγκυρα
815 4905 917 4975 τῆς
941 4905 1227 4970 Γαλατίας,
1243 4903 1441 4976 ἔχουσα
1457 4907 1765 4967 ἐπισκοπὰς
1791 4914 1864 4976 η’.

366 5004 430 5057 ε’.
478 4999 545 5055 Ἦ
565 5000 805 5063 Κίζυκος
833 4999 927 5052 τοῦ
970 4998 1383 5070 Ἑλλησπόντου,
1421 4998 1618 5069 ἔχουσα
1644 5000 1868 5055 ἐπισκο-

286 5092 406 5157 πὰς
445 5092 536 5163 ιβ’.

369 5183 448 5250 ς’.
490 5184 556 5239 Δί
582 5182 808 5254 Σάρδεις
836 5187 936 5249 τῆς
957 5184 1165 5249 Ἀσίας,
1203 5185 1402 5259 ἔχουσα
1429 5188 1733 5250 ἐπισκοπὰς
1767 5192 1869 5241 κε’.

371 5276 443 5341 ζ’.
482 5275 547 5329 Ἦ
574 5274 911 5347 Νικομήδεια
942 5276 1046 5347 τῆς
1096 5275 1385 5345 Βιθυνίας,
1411 5277 1613 5351 ἔχουσα
1651 5278 1873 5330 ἐπισκο-

289 5368 408 5431 πάς
432 5367 522 5439 ιβ’.

371 5457 446 5529 η’.
487 5459 553 5513 Ἥ
580 5459 788 5514 Νικαία
849 5459 950 5531 τῆς
999 5461 1167 5532 αὐτῆς
1208 5462 1484 5533 Βιθυνίας,
1514 5442 1875 5535 ἐχουσᾶῖπι-

295 5551 519 5615 σκοπὰς
553 5550 631 5618 ς’.

374 5643 442 5698 θ’.
480 5644 547 5700 Ἠ
576 5647 874 5722 Χαλκηδών
933 5649 1032 5721 τῆς
1069 5647 1240 5721 αὐτῆς
1292 5648 1562 5719 ἐπαρχίας
1594 5649 1720 5703 ἄνευ
1751 5647 1881 5702 ὑπο-

293 5739 601 5810 κειμένων.

2034 4620 2069 4672 2
2116 4617 2355 4683 Ephesus
2382 4617 2540 4679 Asia}.
2589 4616 2793 4670 habens
2822 4615 3164 4683 episcopatus
3195 4612 3286 4668 5L

2038 4714 2089 4764 5.
2123 4710 2378 4765 Herm-lea
2412 4710 2656 4763 Thracia:
2701 4710 2750 4761 iu
2788 4708 2996 4774 Europa
3032 4704 3233 4757 habens
3261 4703 3538 4772 ιιρῑδισυεεα·

1971 4815 2054 4858 tus
2082 4803 2165 4857 15.

2041 4895 2093 4949 4.
2124 4893 2333 4963 Ancyra
2357 4891 2835 4950 Calatiae,‘bnbens
2866 4878 3289 4960 episcopatus'3.

2040 4987 2092 5041 5.
2126 4985 2354 5056 Cizycus
2390 4982 2739 5052 Hellesponti,
2774 4981 2980 5036 habens
3006 4981 3345 5047 episcopatus
3377 4974 3464 5029 12.
3514 5049 3519 5053 _

2044 5178 2097 5233 6.
2128 5177 2327 5232 Sardes
2363 5177 2523 5236 Asim,
2548 5176 2752 5229 habens
2793 5174 3137 5244 episcOpatus
3167 5173 3257 5229 ‘25.

2048 5270 2100 5324 7.
2124 5268 2433 5324 Nicomedia
2465 5267 2749 5338 liithynim,
2776 5267 2980 5321 habens
3004 5266 3346 5335 episcopatus
3382 5261 3468 5318 12-.

2048 5464 2101 5520 8.
2147 5463 2320 5518 Nicaea
2369 5461 2607 5532 ejusdem
2667 5460 2948 5531 Bithyniae.
3013 5459 3217 5514 habens
3261 5457 3543 5526 episcopa-

1983 5568 2066 5610 tus
2095 5556 2148 5610 6.

2051 5646 2104 5701 9.
2133 5643 2436 5699 Chalcedon
2465 5642 2701 5712 ejusdem
2724 5642 3013 5713 provincia:
3042 5641 3157 5695 siue
3191 5638 3440 5696 subditis.

904 5810 935 5832 Ω
