  <div class='ocr_page' id='page_1' title='image "/cluster/home/n/w/nwhite01/storage/ocr_20150623/132/hvd.32044073502361/606.png"; bbox 0 0 3968 6220; ppageno 0'>
   <div class='ocr_carea' id='block_1_1' title="bbox 279 311 418 377">
    <p class='ocr_par' dir='ltr' id='par_1_1' title="bbox 279 311 418 377">
     <span class='ocr_line' id='line_1_1' title="bbox 279 311 418 377; baseline -0.007 -1"><span class='ocrx_word' id='word_1_1' title='bbox 279 311 418 377; x_wconf 77' lang='grc'><strong>1113</strong></span> 
     </span>
    </p>
   </div>
   <div class='ocr_carea' id='block_1_2' title="bbox 1343 319 2436 387">
    <p class='ocr_par' dir='ltr' id='par_1_2' title="bbox 1343 319 2436 387">
     <span class='ocr_line' id='line_1_2' title="bbox 1343 319 2436 387; baseline 0.006 -6"><span class='ocrx_word' id='word_1_2' title='bbox 1343 319 1661 381; x_wconf 78' lang='grc' dir='ltr'><strong>ΝΟΤΙΤΙΑ</strong></span> <span class='ocrx_word' id='word_1_3' title='bbox 1703 319 2436 387; x_wconf 69' lang='lat' dir='ltr'><strong>I‘ATRIARCIIATUUM.</strong></span> 
     </span>
    </p>
   </div>
   <div class='ocr_carea' id='block_1_3' title="bbox 3393 324 3528 392">
    <p class='ocr_par' dir='ltr' id='par_1_3' title="bbox 3393 324 3528 392">
     <span class='ocr_line' id='line_1_3' title="bbox 3393 324 3528 392; baseline 0.015 -2"><span class='ocrx_word' id='word_1_4' title='bbox 3393 324 3528 392; x_wconf 65' lang='lat'><strong>111-1</strong></span> 
     </span>
    </p>
   </div>
   <div class='ocr_carea' id='block_1_4' title="bbox 272 429 1844 514">
    <p class='ocr_par' dir='ltr' id='par_1_4' title="bbox 272 429 1844 506">
     <span class='ocr_line' id='line_1_4' title="bbox 272 429 1844 506; baseline 0.004 -24"><span class='ocrx_word' id='word_1_5' title='bbox 272 431 493 500; x_wconf 70' lang='grc' dir='ltr'><strong>χεσθαι,</strong></span> <span class='ocrx_word' id='word_1_6' title='bbox 523 429 556 500; x_wconf 76' lang='grc' dir='ltr'>ἢ</span> <span class='ocrx_word' id='word_1_7' title='bbox 591 429 681 481; x_wconf 72' lang='grc' dir='ltr'>καὶ</span> <span class='ocrx_word' id='word_1_8' title='bbox 711 429 850 482; x_wconf 71' lang='grc' dir='ltr'><strong>κατὰ</strong></span> <span class='ocrx_word' id='word_1_9' title='bbox 874 430 944 484; x_wconf 75' lang='grc' dir='ltr'><strong>τὰ</strong></span> <span class='ocrx_word' id='word_1_10' title='bbox 977 429 1120 502; x_wconf 80' lang='grc' dir='ltr'>μέρη</span> <span class='ocrx_word' id='word_1_11' title='bbox 1148 431 1340 502; x_wconf 73' lang='grc' dir='ltr'><strong>αὐτῆς,</strong></span> <span class='ocrx_word' id='word_1_12' title='bbox 1367 436 1416 488; x_wconf 84' lang='grc' dir='ltr'>εί</span> <span class='ocrx_word' id='word_1_13' title='bbox 1470 437 1542 506; x_wconf 83' lang='grc' dir='ltr'>μή</span> <span class='ocrx_word' id='word_1_14' title='bbox 1599 453 1686 488; x_wconf 85' lang='grc' dir='ltr'>πω</span> <span class='ocrx_word' id='word_1_15' title='bbox 1717 434 1844 505; x_wconf 75' lang='lat' dir='ltr'><strong>mp‘</strong></span> 
     </span>
    </p>
   </div>
   <div class='ocr_carea' id='block_1_5' title="bbox 1946 429 3526 514">
    <p class='ocr_par' dir='ltr' id='par_1_5' title="bbox 1955 432 3526 514">
     <span class='ocr_line' id='line_1_5' title="bbox 1955 432 3526 514; baseline 0.01 -27"><span class='ocrx_word' id='word_1_16' title='bbox 1955 432 2052 488; x_wconf 89' lang='lat' dir='ltr'><strong>bus</strong></span> <span class='ocrx_word' id='word_1_17' title='bbox 2083 437 2134 490; x_wconf 92' lang='lat' dir='ltr'><strong>in</strong></span> <span class='ocrx_word' id='word_1_18' title='bbox 2190 435 2475 493; x_wconf 86' lang='lat' dir='ltr'><strong>Franciam</strong></span> <span class='ocrx_word' id='word_1_19' title='bbox 2525 439 2781 507; x_wconf 79' lang='lat' dir='ltr'><strong>perrexit.</strong></span> <span class='ocrx_word' id='word_1_20' title='bbox 2838 441 2905 495; x_wconf 89' lang='lat' dir='ltr'><strong>ad</strong></span> <span class='ocrx_word' id='word_1_21' title='bbox 2957 441 3206 499; x_wconf 85' lang='lat' dir='ltr'><strong>Carolum</strong></span> <span class='ocrx_word' id='word_1_22' title='bbox 3236 442 3328 514; x_wconf 83' lang='lat' dir='ltr'><strong>qui</strong></span> <span class='ocrx_word' id='word_1_23' title='bbox 3347 445 3526 502; x_wconf 90' lang='lat' dir='ltr'><strong>locum</strong></span> 
     </span>
    </p>
   </div>
   <div class='ocr_carea' id='block_1_6' title="bbox 271 521 1850 598">
    <p class='ocr_par' dir='ltr' id='par_1_6' title="bbox 271 521 1850 598">
     <span class='ocr_line' id='line_1_6' title="bbox 271 521 1850 598; baseline 0.002 -21"><span class='ocrx_word' id='word_1_24' title='bbox 271 521 492 592; x_wconf 75' lang='grc' dir='ltr'>ὲμοῦ,ἢ</span> <span class='ocrx_word' id='word_1_25' title='bbox 527 521 637 574; x_wconf 82' lang='grc' dir='ltr'><strong>τῶν</strong></span> <span class='ocrx_word' id='word_1_26' title='bbox 699 522 958 593; x_wconf 78' lang='grc' dir='ltr'><strong>διαδόχων</strong></span> <span class='ocrx_word' id='word_1_27' title='bbox 1017 541 1120 594; x_wconf 88' lang='grc' dir='ltr'><strong>μου</strong></span> <span class='ocrx_word' id='word_1_28' title='bbox 1162 526 1510 598; x_wconf 77' lang='grc' dir='ltr'>προσκληοῇς</span> <span class='ocrx_word' id='word_1_29' title='bbox 1562 526 1593 598; x_wconf 80' lang='grc' dir='ltr'>ἤ</span> <span class='ocrx_word' id='word_1_30' title='bbox 1629 528 1756 596; x_wconf 66' lang='lat' dir='ltr'><strong>ubi}</strong></span> <span class='ocrx_word' id='word_1_31' title='bbox 1799 528 1850 580; x_wconf 77' lang='grc' dir='ltr'>οἱ</span> 
     </span>
    </p>
   </div>
   <div class='ocr_carea' id='block_1_7' title="bbox 275 614 1852 690">
    <p class='ocr_par' dir='ltr' id='par_1_7' title="bbox 275 614 1852 690">
     <span class='ocr_line' id='line_1_7' title="bbox 275 614 1852 690; baseline 0.003 -22"><span class='ocrx_word' id='word_1_32' title='bbox 275 614 420 686; x_wconf 80' lang='grc' dir='ltr'>μετὰ</span> <span class='ocrx_word' id='word_1_33' title='bbox 457 614 536 679; x_wconf 80' lang='grc' dir='ltr'><strong>σὲ,</strong></span> <span class='ocrx_word' id='word_1_34' title='bbox 579 615 672 668; x_wconf 77' lang='grc' dir='ltr'>καὶ</span> <span class='ocrx_word' id='word_1_35' title='bbox 705 615 867 684; x_wconf 73' lang='grc' dir='ltr'>ἡνίκα</span> <span class='ocrx_word' id='word_1_36' title='bbox 893 632 954 668; x_wconf 88' lang='grc' dir='ltr'><strong>σε</strong></span> <span class='ocrx_word' id='word_1_37' title='bbox 988 617 1499 688; x_wconf 79' lang='grc' dir='ltr'>προσκαλεσὼμεθα</span> <span class='ocrx_word' id='word_1_38' title='bbox 1545 619 1682 690; x_wconf 76' lang='grc' dir='ltr'><strong>πρὸς</strong></span> <span class='ocrx_word' id='word_1_39' title='bbox 1711 619 1852 672; x_wconf 78' lang='grc' dir='ltr'>ἐκδί-</span> 
     </span>
    </p>
   </div>
   <div class='ocr_carea' id='block_1_8' title="bbox 271 708 1849 779">
    <p class='ocr_par' dir='ltr' id='par_1_8' title="bbox 271 708 1849 779">
     <span class='ocr_line' id='line_1_8' title="bbox 271 708 1849 779; baseline 0.003 -18"><span class='ocrx_word' id='word_1_40' title='bbox 271 725 439 776; x_wconf 81' lang='grc' dir='ltr'>κησιν</span> <span class='ocrx_word' id='word_1_41' title='bbox 462 709 561 777; x_wconf 80' lang='grc' dir='ltr'><strong>τῆς</strong></span> <span class='ocrx_word' id='word_1_42' title='bbox 589 708 1102 779; x_wconf 81' lang='grc' dir='ltr'><strong>Ἐκκλησίας,ἔχειν</strong></span> <span class='ocrx_word' id='word_1_43' title='bbox 1123 710 1434 777; x_wconf 74' lang='grc' dir='ltr'><strong>ἐπάναγκες</strong></span> <span class='ocrx_word' id='word_1_44' title='bbox 1469 710 1628 764; x_wconf 76' lang='grc' dir='ltr'>τοῦτο</span> <span class='ocrx_word' id='word_1_45' title='bbox 1650 713 1849 766; x_wconf 79' lang='grc' dir='ltr'><strong>ποιεῖν.</strong></span> 
     </span>
    </p>
   </div>
   <div class='ocr_carea' id='block_1_9' title="bbox 269 797 1849 872">
    <p class='ocr_par' dir='ltr' id='par_1_9' title="bbox 269 797 1849 872">
     <span class='ocr_line' id='line_1_9' title="bbox 269 797 1849 872; baseline 0.001 -20"><span class='ocrx_word' id='word_1_46' title='bbox 269 807 271 810; x_wconf 67' lang='lat'><em>‘</em></span> <span class='ocrx_word' id='word_1_47' title='bbox 300 798 444 852; x_wconf 69' lang='grc' dir='ltr'>Επεὶ</span> <span class='ocrx_word' id='word_1_48' title='bbox 470 798 527 851; x_wconf 84' lang='grc' dir='ltr'><strong>δὲ</strong></span> <span class='ocrx_word' id='word_1_49' title='bbox 557 800 588 868; x_wconf 85' lang='grc' dir='ltr'>ή</span> <span class='ocrx_word' id='word_1_50' title='bbox 619 797 774 870; x_wconf 78' lang='grc' dir='ltr'><strong>χώρα</strong></span> <span class='ocrx_word' id='word_1_51' title='bbox 802 800 940 870; x_wconf 79' lang='grc' dir='ltr'><strong>αὐτή</strong></span> <span class='ocrx_word' id='word_1_52' title='bbox 963 802 1081 853; x_wconf 68' lang='grc' dir='ltr'><strong>ἐστι</strong></span> <span class='ocrx_word' id='word_1_53' title='bbox 1108 801 1295 856; x_wconf 77' lang='grc' dir='ltr'><strong>δικαία</strong></span> <span class='ocrx_word' id='word_1_54' title='bbox 1313 802 1406 856; x_wconf 82' lang='grc' dir='ltr'><strong>τοῦ</strong></span> <span class='ocrx_word' id='word_1_55' title='bbox 1421 801 1530 856; x_wconf 83' lang='grc' dir='ltr'>τῶν</span> <span class='ocrx_word' id='word_1_56' title='bbox 1559 803 1849 872; x_wconf 82' lang='grc' dir='ltr'>Ῥωμαίων</span> 
     </span>
    </p>
   </div>
   <div class='ocr_carea' id='block_1_10' title="bbox 271 887 1848 964">
    <p class='ocr_par' dir='ltr' id='par_1_10' title="bbox 271 887 1848 964">
     <span class='ocr_line' id='line_1_10' title="bbox 271 887 1848 964; baseline 0.005 -24"><span class='ocrx_word' id='word_1_57' title='bbox 271 887 568 956; x_wconf 80' lang='grc' dir='ltr'><strong>βασιλέως,</strong></span> <span class='ocrx_word' id='word_1_58' title='bbox 597 889 944 957; x_wconf 78' lang='grc' dir='ltr'>γενέσθωσαν</span> <span class='ocrx_word' id='word_1_59' title='bbox 975 891 1142 961; x_wconf 86' lang='grc' dir='ltr'>μέσον</span> <span class='ocrx_word' id='word_1_60' title='bbox 1181 893 1338 964; x_wconf 74' lang='grc' dir='ltr'>ἡμῶν</span> <span class='ocrx_word' id='word_1_61' title='bbox 1391 895 1727 964; x_wconf 80' lang='grc' dir='ltr'>συμφωνίαι,</span> <span class='ocrx_word' id='word_1_62' title='bbox 1761 895 1848 948; x_wconf 77' lang='grc' dir='ltr'>ἵνα</span> 
     </span>
    </p>
   </div>
   <div class='ocr_carea' id='block_1_11' title="bbox 269 981 1846 1059">
    <p class='ocr_par' dir='ltr' id='par_1_11' title="bbox 269 981 1846 1059">
     <span class='ocr_line' id='line_1_11' title="bbox 269 981 1846 1059; baseline 0.003 -25"><span class='ocrx_word' id='word_1_63' title='bbox 269 982 340 1034; x_wconf 80' lang='grc' dir='ltr'><strong>σὺ</strong></span> <span class='ocrx_word' id='word_1_64' title='bbox 371 982 469 1051; x_wconf 79' lang='grc' dir='ltr'>μὲν</span> <span class='ocrx_word' id='word_1_65' title='bbox 499 981 627 1052; x_wconf 79' lang='grc' dir='ltr'><strong>ἔχῃς</strong></span> <span class='ocrx_word' id='word_1_66' title='bbox 655 985 754 1046; x_wconf 81' lang='grc' dir='ltr'><strong>τὴν</strong></span> <span class='ocrx_word' id='word_1_67' title='bbox 788 983 1146 1054; x_wconf 82' lang='grc' dir='ltr'>Λομπαρδίαν</span> <span class='ocrx_word' id='word_1_68' title='bbox 1167 988 1262 1040; x_wconf 75' lang='grc' dir='ltr'><strong>καὶ</strong></span> <span class='ocrx_word' id='word_1_69' title='bbox 1289 989 1386 1050; x_wconf 83' lang='grc' dir='ltr'><strong>τὰς</strong></span> <span class='ocrx_word' id='word_1_70' title='bbox 1417 986 1644 1059; x_wconf 79' lang='grc' dir='ltr'><strong>πλησίον</strong></span> <span class='ocrx_word' id='word_1_71' title='bbox 1674 987 1846 1056; x_wconf 76' lang='grc' dir='ltr'><strong>αὐτῆς</strong></span> 
     </span>
    </p>
   </div>
   <div class='ocr_carea' id='block_1_12' title="bbox 267 1073 1847 1151">
    <p class='ocr_par' dir='ltr' id='par_1_12' title="bbox 267 1073 1847 1151">
     <span class='ocr_line' id='line_1_12' title="bbox 267 1073 1847 1151; baseline 0.003 -22"><span class='ocrx_word' id='word_1_72' title='bbox 267 1073 480 1146; x_wconf 71' lang='grc' dir='ltr'><strong>χώρας,</strong></span> <span class='ocrx_word' id='word_1_73' title='bbox 517 1073 629 1143; x_wconf 74' lang='grc' dir='ltr'><strong>ἐγὼ</strong></span> <span class='ocrx_word' id='word_1_74' title='bbox 654 1075 709 1129; x_wconf 82' lang='grc' dir='ltr'><strong>δὲ</strong></span> <span class='ocrx_word' id='word_1_75' title='bbox 738 1077 823 1130; x_wconf 79' lang='grc' dir='ltr'><strong>ἵνα</strong></span> <span class='ocrx_word' id='word_1_76' title='bbox 851 1077 958 1146; x_wconf 84' lang='grc' dir='ltr'><strong>ἔχω</strong></span> <span class='ocrx_word' id='word_1_77' title='bbox 987 1079 1290 1146; x_wconf 77' lang='grc' dir='ltr'>Τοσκάναν,</span> <span class='ocrx_word' id='word_1_78' title='bbox 1322 1081 1416 1135; x_wconf 78' lang='grc' dir='ltr'><strong>καὶ</strong></span> <span class='ocrx_word' id='word_1_79' title='bbox 1444 1081 1554 1134; x_wconf 83' lang='grc' dir='ltr'><strong>ἀπὸ</strong></span> <span class='ocrx_word' id='word_1_80' title='bbox 1586 1083 1681 1151; x_wconf 83' lang='grc' dir='ltr'><strong>τῆς</strong></span> <span class='ocrx_word' id='word_1_81' title='bbox 1711 1079 1847 1135; x_wconf 81' lang='grc' dir='ltr'><strong>Ῥώ-</strong></span> 
     </span>
    </p>
   </div>
   <div class='ocr_carea' id='block_1_13' title="bbox 271 1167 1848 1244">
    <p class='ocr_par' dir='ltr' id='par_1_13' title="bbox 271 1167 1848 1244">
     <span class='ocr_line' id='line_1_13' title="bbox 271 1167 1848 1244; baseline 0.006 -26"><span class='ocrx_word' id='word_1_82' title='bbox 271 1185 386 1237; x_wconf 72' lang='grc' dir='ltr'>μης</span> <span class='ocrx_word' id='word_1_83' title='bbox 420 1167 585 1238; x_wconf 81' lang='grc' dir='ltr'>μέχρι</span> <span class='ocrx_word' id='word_1_84' title='bbox 610 1168 710 1237; x_wconf 77' lang='grc' dir='ltr'><strong>τῆς</strong></span> <span class='ocrx_word' id='word_1_85' title='bbox 739 1169 1164 1240; x_wconf 78' lang='grc' dir='ltr'><strong>Λογγιόαρδίας,</strong></span> <span class='ocrx_word' id='word_1_86' title='bbox 1191 1175 1409 1244; x_wconf 76' lang='grc' dir='ltr'><strong>καὶτῆς</strong></span> <span class='ocrx_word' id='word_1_87' title='bbox 1443 1175 1716 1238; x_wconf 74' lang='grc' dir='ltr'><strong>Σικελίας,</strong></span> <span class='ocrx_word' id='word_1_88' title='bbox 1752 1175 1848 1228; x_wconf 79' lang='grc' dir='ltr'><strong>καὶ</strong></span> 
     </span>
    </p>
   </div>
   <div class='ocr_carea' id='block_1_14' title="bbox 268 1259 1848 1338">
    <p class='ocr_par' dir='ltr' id='par_1_14' title="bbox 268 1259 1848 1338">
     <span class='ocr_line' id='line_1_14' title="bbox 268 1259 1848 1338; baseline 0.006 -26"><span class='ocrx_word' id='word_1_89' title='bbox 268 1259 549 1328; x_wconf 80' lang='grc' dir='ltr'><strong>διεκδικῇς</strong></span> <span class='ocrx_word' id='word_1_90' title='bbox 573 1261 800 1324; x_wconf 80' lang='grc' dir='ltr'><strong>ταύτας,</strong></span> <span class='ocrx_word' id='word_1_91' title='bbox 832 1262 926 1314; x_wconf 78' lang='grc' dir='ltr'><strong>ἐὰν</strong></span> <span class='ocrx_word' id='word_1_92' title='bbox 950 1279 1036 1324; x_wconf 87' lang='grc' dir='ltr'><strong>τις</strong></span> <span class='ocrx_word' id='word_1_93' title='bbox 1063 1263 1186 1316; x_wconf 83' lang='grc' dir='ltr'><strong>κατ’</strong></span> <span class='ocrx_word' id='word_1_94' title='bbox 1215 1265 1398 1318; x_wconf 82' lang='grc' dir='ltr'>αὐτῶν</span> <span class='ocrx_word' id='word_1_95' title='bbox 1439 1268 1719 1338; x_wconf 79' lang='grc' dir='ltr'>ἐπιχειρῇ,</span> <span class='ocrx_word' id='word_1_96' title='bbox 1752 1269 1848 1321; x_wconf 74' lang='grc' dir='ltr'><strong>καὶ</strong></span> 
     </span>
    </p>
   </div>
   <div class='ocr_carea' id='block_1_15' title="bbox 271 1351 1846 1430">
    <p class='ocr_par' dir='ltr' id='par_1_15' title="bbox 271 1351 1846 1430">
     <span class='ocr_line' id='line_1_15' title="bbox 271 1351 1846 1430; baseline 0.006 -26"><span class='ocrx_word' id='word_1_97' title='bbox 271 1351 362 1404; x_wconf 77' lang='grc' dir='ltr'>ἵνα.</span> <span class='ocrx_word' id='word_1_98' title='bbox 392 1351 730 1421; x_wconf 73' lang='grc' dir='ltr'><strong>φυλάττηται</strong></span> <span class='ocrx_word' id='word_1_99' title='bbox 759 1354 825 1406; x_wconf 78' lang='grc' dir='ltr'><strong>τὰ</strong></span> <span class='ocrx_word' id='word_1_100' title='bbox 861 1354 1068 1418; x_wconf 81' lang='grc' dir='ltr'><strong>δίκαια,</strong></span> <span class='ocrx_word' id='word_1_101' title='bbox 1099 1357 1248 1426; x_wconf 78' lang='grc' dir='ltr'><strong>καὶὴ</strong></span> <span class='ocrx_word' id='word_1_102' title='bbox 1277 1358 1557 1429; x_wconf 81' lang='grc' dir='ltr'>ἐλευθερία</span> <span class='ocrx_word' id='word_1_103' title='bbox 1577 1361 1673 1430; x_wconf 79' lang='grc' dir='ltr'><strong>τῆς</strong></span> <span class='ocrx_word' id='word_1_104' title='bbox 1713 1361 1846 1414; x_wconf 81' lang='grc' dir='ltr'>Ῥὼο</span> 
     </span>
    </p>
   </div>
   <div class='ocr_carea' id='block_1_16' title="bbox 273 1447 1844 1524">
    <p class='ocr_par' dir='ltr' id='par_1_16' title="bbox 273 1447 1844 1524">
     <span class='ocr_line' id='line_1_16' title="bbox 273 1447 1844 1524; baseline 0.003 -24"><span class='ocrx_word' id='word_1_105' title='bbox 273 1463 406 1516; x_wconf 79' lang='grc' dir='ltr'>μης.</span> <span class='ocrx_word' id='word_1_106' title='bbox 440 1447 548 1498; x_wconf 66' lang='grc' dir='ltr'><strong>Καὶ</strong></span> <span class='ocrx_word' id='word_1_107' title='bbox 591 1447 730 1514; x_wconf 79' lang='grc' dir='ltr'><strong>μετὰ</strong></span> <span class='ocrx_word' id='word_1_108' title='bbox 764 1448 824 1498; x_wconf 82' lang='grc' dir='ltr'><strong>τὸ</strong></span> <span class='ocrx_word' id='word_1_109' title='bbox 854 1448 1151 1514; x_wconf 72' lang='grc' dir='ltr'>στεφθῆναί</span> <span class='ocrx_word' id='word_1_110' title='bbox 1185 1466 1244 1501; x_wconf 92' lang='grc' dir='ltr'><strong>σε</strong></span> <span class='ocrx_word' id='word_1_111' title='bbox 1275 1450 1411 1519; x_wconf 84' lang='grc' dir='ltr'><strong>παρ’</strong></span> <span class='ocrx_word' id='word_1_112' title='bbox 1439 1451 1574 1522; x_wconf 77' lang='grc' dir='ltr'>ἐμοῦ</span> <span class='ocrx_word' id='word_1_113' title='bbox 1606 1453 1844 1524; x_wconf 69' lang='grc' dir='ltr'><strong>ὲπαίρῃς</strong></span> 
     </span>
    </p>
   </div>
   <div class='ocr_carea' id='block_1_17' title="bbox 271 1527 1845 1621">
    <p class='ocr_par' dir='ltr' id='par_1_17' title="bbox 271 1527 1845 1621">
     <span class='ocr_line' id='line_1_17' title="bbox 271 1527 1845 1621; baseline 0.006 -32"><span class='ocrx_word' id='word_1_114' title='bbox 271 1555 342 1607; x_wconf 84' lang='grc' dir='ltr'><strong>με</strong></span> <span class='ocrx_word' id='word_1_115' title='bbox 376 1535 483 1590; x_wconf 66' lang='grc' dir='ltr'><strong>ἀπὸ</strong></span> <span class='ocrx_word' id='word_1_116' title='bbox 512 1535 605 1589; x_wconf 76' lang='grc' dir='ltr'><strong>τοῦ</strong></span> <span class='ocrx_word' id='word_1_117' title='bbox 641 1538 858 1604; x_wconf 75' lang='grc' dir='ltr'>ρεγίνου</span> <span class='ocrx_word' id='word_1_118' title='bbox 884 1527 983 1591; x_wconf 68' lang='grc' dir='ltr'>τοῦ</span> <span class='ocrx_word' id='word_1_119' title='bbox 1033 1539 1202 1593; x_wconf 78' lang='grc' dir='ltr'>ἵππου</span> <span class='ocrx_word' id='word_1_120' title='bbox 1245 1560 1371 1611; x_wconf 75' lang='grc' dir='ltr'>μου,</span> <span class='ocrx_word' id='word_1_121' title='bbox 1429 1547 1523 1596; x_wconf 78' lang='grc' dir='ltr'><strong>καὶ</strong></span> <span class='ocrx_word' id='word_1_122' title='bbox 1571 1546 1845 1621; x_wconf 52' lang='lat' dir='ltr'><strong>ausam;</strong></span> 
     </span>
    </p>
   </div>
   <div class='ocr_carea' id='block_1_18' title="bbox 271 1625 1841 1706">
    <p class='ocr_par' dir='ltr' id='par_1_18' title="bbox 271 1625 1841 1706">
     <span class='ocr_line' id='line_1_18' title="bbox 271 1625 1841 1706; baseline 0.01 -30"><span class='ocrx_word' id='word_1_123' title='bbox 271 1643 343 1695; x_wconf 86' lang='grc' dir='ltr'><strong>με</strong></span> <span class='ocrx_word' id='word_1_124' title='bbox 383 1626 548 1696; x_wconf 74' lang='grc' dir='ltr'>μέχρι</span> <span class='ocrx_word' id='word_1_125' title='bbox 579 1625 672 1679; x_wconf 71' lang='grc' dir='ltr'><strong>καὶ</strong></span> <span class='ocrx_word' id='word_1_126' title='bbox 700 1626 796 1679; x_wconf 79' lang='grc' dir='ltr'><strong>τοῦ</strong></span> <span class='ocrx_word' id='word_1_127' title='bbox 831 1628 1096 1682; x_wconf 76' lang='grc' dir='ltr'><strong>παλατίου</strong></span> <span class='ocrx_word' id='word_1_128' title='bbox 1153 1649 1280 1700; x_wconf 84' lang='grc' dir='ltr'>μου,</span> <span class='ocrx_word' id='word_1_129' title='bbox 1326 1635 1422 1686; x_wconf 68' lang='grc' dir='ltr'><strong>καὶ</strong></span> <span class='ocrx_word' id='word_1_130' title='bbox 1467 1635 1595 1706; x_wconf 80' lang='grc' dir='ltr'><strong>ἔχῃς</strong></span> <span class='ocrx_word' id='word_1_131' title='bbox 1620 1639 1718 1705; x_wconf 81' lang='grc' dir='ltr'><strong>ἐμὲ</strong></span> <span class='ocrx_word' id='word_1_132' title='bbox 1744 1641 1841 1692; x_wconf 70' lang='grc' dir='ltr'><strong>καὶ</strong></span> 
     </span>
    </p>
   </div>
   <div class='ocr_carea' id='block_1_19' title="bbox 267 1718 1841 1802">
    <p class='ocr_par' dir='ltr' id='par_1_19' title="bbox 267 1718 1841 1802">
     <span class='ocr_line' id='line_1_19' title="bbox 267 1718 1841 1802; baseline 0.008 -32"><span class='ocrx_word' id='word_1_133' title='bbox 267 1721 396 1780; x_wconf 78' lang='grc' dir='ltr'>τοὺς</span> <span class='ocrx_word' id='word_1_134' title='bbox 417 1718 692 1786; x_wconf 66' lang='grc' dir='ltr'><strong>διαδῦχους</strong></span> <span class='ocrx_word' id='word_1_135' title='bbox 745 1737 868 1788; x_wconf 82' lang='grc' dir='ltr'>μου,</span> <span class='ocrx_word' id='word_1_136' title='bbox 902 1720 1123 1792; x_wconf 76' lang='grc' dir='ltr'><strong>κυρίους</strong></span> <span class='ocrx_word' id='word_1_137' title='bbox 1160 1725 1374 1786; x_wconf 70' lang='grc' dir='ltr'><strong>Πάπας.</strong></span> <span class='ocrx_word' id='word_1_138' title='bbox 1413 1727 1508 1778; x_wconf 74' lang='grc' dir='ltr'><strong>καὶ</strong></span> <span class='ocrx_word' id='word_1_139' title='bbox 1560 1729 1841 1802; x_wconf 77' lang='grc' dir='ltr'>ἁπονέμῃς</span> 
     </span>
    </p>
   </div>
   <div class='ocr_carea' id='block_1_20' title="bbox 266 1812 1836 1886">
    <p class='ocr_par' dir='ltr' id='par_1_20' title="bbox 266 1812 1836 1886">
     <span class='ocr_line' id='line_1_20' title="bbox 266 1812 1836 1886; baseline 0.005 -20"><span class='ocrx_word' id='word_1_140' title='bbox 266 1812 455 1876; x_wconf 77' lang='grc' dir='ltr'>αὐτοῖς</span> <span class='ocrx_word' id='word_1_141' title='bbox 505 1812 604 1882; x_wconf 74' lang='grc' dir='ltr'><strong>τὴν</strong></span> <span class='ocrx_word' id='word_1_142' title='bbox 656 1815 1045 1880; x_wconf 72' lang='grc' dir='ltr'>προσήκουσαν</span> <span class='ocrx_word' id='word_1_143' title='bbox 1090 1815 1275 1886; x_wconf 72' lang='grc' dir='ltr'><strong>τιμὴν,</strong></span> <span class='ocrx_word' id='word_1_144' title='bbox 1329 1817 1424 1870; x_wconf 81' lang='grc' dir='ltr'><strong>καὶ</strong></span> <span class='ocrx_word' id='word_1_145' title='bbox 1479 1817 1650 1882; x_wconf 77' lang='grc' dir='ltr'>οὕτως</span> <span class='ocrx_word' id='word_1_146' title='bbox 1675 1821 1836 1884; x_wconf 77' lang='grc' dir='ltr'><strong>αὐτὸς</strong></span> 
     </span>
    </p>
   </div>
   <div class='ocr_carea' id='block_1_21' title="bbox 271 1902 1840 1977">
    <p class='ocr_par' dir='ltr' id='par_1_21' title="bbox 271 1902 1840 1977">
     <span class='ocr_line' id='line_1_21' title="bbox 271 1902 1840 1977; baseline 0.008 -21"><span class='ocrx_word' id='word_1_147' title='bbox 271 1905 412 1974; x_wconf 77' lang='grc' dir='ltr'>μετὰ</span> <span class='ocrx_word' id='word_1_148' title='bbox 457 1902 517 1956; x_wconf 84' lang='grc' dir='ltr'>τὸ</span> <span class='ocrx_word' id='word_1_149' title='bbox 575 1904 769 1973; x_wconf 72' lang='grc' dir='ltr'>στέψαι</span> <span class='ocrx_word' id='word_1_150' title='bbox 819 1906 879 1958; x_wconf 83' lang='grc' dir='ltr'><strong>σὲ</strong></span> <span class='ocrx_word' id='word_1_151' title='bbox 913 1908 1162 1977; x_wconf 79' lang='grc' dir='ltr'><strong>ὀνομάζω</strong></span> <span class='ocrx_word' id='word_1_152' title='bbox 1210 1907 1456 1977; x_wconf 66' lang='grc' dir='ltr'><strong>βασιλέα..</strong></span> <span class='ocrx_word' id='word_1_153' title='bbox 1497 1911 1718 1966; x_wconf 78' lang='grc' dir='ltr'>Τούτων</span> <span class='ocrx_word' id='word_1_154' title='bbox 1747 1911 1840 1968; x_wconf 76' lang='grc' dir='ltr'><strong>οὖν</strong></span> 
     </span>
    </p>
   </div>
   <div class='ocr_carea' id='block_1_22' title="bbox 269 1996 1839 2074">
    <p class='ocr_par' dir='ltr' id='par_1_22' title="bbox 269 1996 1839 2074">
     <span class='ocr_line' id='line_1_22' title="bbox 269 1996 1839 2074; baseline 0.007 -26"><span class='ocrx_word' id='word_1_155' title='bbox 269 1996 492 2052; x_wconf 71' lang='grc' dir='ltr'>πάντων</span> <span class='ocrx_word' id='word_1_156' title='bbox 529 1997 1003 2065; x_wconf 81' lang='grc' dir='ltr'>συμφωνηθὲντων</span> <span class='ocrx_word' id='word_1_157' title='bbox 1054 1999 1219 2068; x_wconf 84' lang='grc' dir='ltr'>μέσον</span> <span class='ocrx_word' id='word_1_158' title='bbox 1252 2001 1431 2055; x_wconf 76' lang='grc' dir='ltr'>αὐτῶν</span> <span class='ocrx_word' id='word_1_159' title='bbox 1471 2003 1559 2056; x_wconf 74' lang='grc' dir='ltr'><strong>διὰ</strong></span> <span class='ocrx_word' id='word_1_160' title='bbox 1607 2006 1839 2074; x_wconf 72' lang='grc' dir='ltr'>γραφῶν</span> 
     </span>
    </p>
   </div>
   <div class='ocr_carea' id='block_1_23' title="bbox 269 2088 1841 2164">
    <p class='ocr_par' dir='ltr' id='par_1_23' title="bbox 269 2088 1841 2164">
     <span class='ocr_line' id='line_1_23' title="bbox 269 2088 1841 2164; baseline 0.006 -23"><span class='ocrx_word' id='word_1_161' title='bbox 269 2088 598 2157; x_wconf 75' lang='grc' dir='ltr'>ἀμοιϐαίων,</span> <span class='ocrx_word' id='word_1_162' title='bbox 635 2090 731 2142; x_wconf 80' lang='grc' dir='ltr'><strong>καὶ</strong></span> <span class='ocrx_word' id='word_1_163' title='bbox 759 2090 828 2143; x_wconf 78' lang='grc' dir='ltr'><strong>δι’</strong></span> <span class='ocrx_word' id='word_1_164' title='bbox 861 2092 1028 2159; x_wconf 85' lang='grc' dir='ltr'>ὅρκου</span> <span class='ocrx_word' id='word_1_165' title='bbox 1058 2092 1152 2145; x_wconf 82' lang='grc' dir='ltr'><strong>τοῦ</strong></span> <span class='ocrx_word' id='word_1_166' title='bbox 1192 2093 1478 2164; x_wconf 82' lang='grc' dir='ltr'>Καρούλου</span> <span class='ocrx_word' id='word_1_167' title='bbox 1510 2095 1841 2164; x_wconf 71' lang='grc' dir='ltr'><strong>βεϐαιωθέν-</strong></span> 
     </span>
    </p>
   </div>
   <div class='ocr_carea' id='block_1_24' title="bbox 268 2180 1840 2252">
    <p class='ocr_par' dir='ltr' id='par_1_24' title="bbox 268 2180 1840 2252">
     <span class='ocr_line' id='line_1_24' title="bbox 268 2180 1840 2252; baseline 0.004 -21"><span class='ocrx_word' id='word_1_168' title='bbox 268 2196 398 2238; x_wconf 84' lang='grc' dir='ltr'>των,</span> <span class='ocrx_word' id='word_1_169' title='bbox 425 2180 694 2249; x_wconf 80' lang='grc' dir='ltr'>ἐκράτησε</span> <span class='ocrx_word' id='word_1_170' title='bbox 727 2181 820 2233; x_wconf 78' lang='grc' dir='ltr'><strong>καὶ</strong></span> <span class='ocrx_word' id='word_1_171' title='bbox 860 2183 1049 2250; x_wconf 85' lang='grc' dir='ltr'>κρατεῖ</span> <span class='ocrx_word' id='word_1_172' title='bbox 1105 2181 1268 2251; x_wconf 79' lang='grc' dir='ltr'>μέχρι</span> <span class='ocrx_word' id='word_1_173' title='bbox 1300 2183 1392 2234; x_wconf 79' lang='grc' dir='ltr'><strong>καὶ</strong></span> <span class='ocrx_word' id='word_1_174' title='bbox 1422 2182 1516 2236; x_wconf 77' lang='grc' dir='ltr'><strong>τοῦ</strong></span> <span class='ocrx_word' id='word_1_175' title='bbox 1568 2184 1840 2252; x_wconf 81' lang='grc' dir='ltr'><strong>παρόντος</strong></span> 
     </span>
    </p>
   </div>
   <div class='ocr_carea' id='block_1_25' title="bbox 268 2272 886 2341">
    <p class='ocr_par' dir='ltr' id='par_1_25' title="bbox 268 2272 886 2341">
     <span class='ocr_line' id='line_1_25' title="bbox 268 2272 886 2341; baseline 0.005 -18"><span class='ocrx_word' id='word_1_176' title='bbox 268 2272 302 2339; x_wconf 81' lang='grc' dir='ltr'><strong>ἡ</strong></span> <span class='ocrx_word' id='word_1_177' title='bbox 353 2272 576 2341; x_wconf 83' lang='grc' dir='ltr'>τοιαύτη</span> <span class='ocrx_word' id='word_1_178' title='bbox 603 2273 886 2341; x_wconf 78' lang='grc' dir='ltr'><strong>συνήθεια.</strong></span> 
     </span>
    </p>
   </div>
   <div class='ocr_carea' id='block_1_26' title="bbox 1953 531 3528 599">
    <p class='ocr_par' dir='ltr' id='par_1_26' title="bbox 1953 531 3528 599">
     <span class='ocr_line' id='line_1_26' title="bbox 1953 531 3528 599; baseline 0.006 -16"><span class='ocrx_word' id='word_1_179' title='bbox 1953 531 2248 599; x_wconf 68' lang='grc' dir='ltr'><strong>ο(ϊιιρ;ιὶ)3ι</strong></span> <span class='ocrx_word' id='word_1_180' title='bbox 2297 532 2464 599; x_wconf 85' lang='lat' dir='ltr'><strong>patris</strong></span> <span class='ocrx_word' id='word_1_181' title='bbox 2506 531 2594 599; x_wconf 85' lang='lat' dir='ltr'><strong>qui</strong></span> <span class='ocrx_word' id='word_1_182' title='bbox 2625 531 2733 586; x_wconf 80' lang='lat' dir='ltr'><strong>fato</strong></span> <span class='ocrx_word' id='word_1_183' title='bbox 2753 531 2963 588; x_wconf 78' lang='lat' dir='ltr'><strong>functus</strong></span> <span class='ocrx_word' id='word_1_184' title='bbox 2993 543 3130 590; x_wconf 85' lang='lat' dir='ltr'><strong>erat.</strong></span> <span class='ocrx_word' id='word_1_185' title='bbox 3168 535 3362 592; x_wconf 87' lang='lat' dir='ltr'><strong>Statim</strong></span> <span class='ocrx_word' id='word_1_186' title='bbox 3399 552 3528 592; x_wconf 87' lang='lat' dir='ltr'><strong>vero</strong></span> 
     </span>
    </p>
   </div>
   <div class='ocr_carea' id='block_1_27' title="bbox 1953 621 3527 693">
    <p class='ocr_par' dir='ltr' id='par_1_27' title="bbox 1953 621 3527 693">
     <span class='ocr_line' id='line_1_27' title="bbox 1953 621 3527 693; baseline 0.004 -19"><span class='ocrx_word' id='word_1_187' title='bbox 1953 624 2101 691; x_wconf 84' lang='lat' dir='ltr'><strong>illum</strong></span> <span class='ocrx_word' id='word_1_188' title='bbox 2145 621 2312 686; x_wconf 64' lang='lat' dir='ltr'><strong>lltexit,</strong></span> <span class='ocrx_word' id='word_1_189' title='bbox 2363 631 2415 674; x_wconf 89' lang='lat' dir='ltr'><strong>ct</strong></span> <span class='ocrx_word' id='word_1_190' title='bbox 2447 634 2632 675; x_wconf 85' lang='lat' dir='ltr'><strong>contra</strong></span> <span class='ocrx_word' id='word_1_191' title='bbox 2662 621 2932 677; x_wconf 77' lang='lat' dir='ltr'><strong>Romanos</strong></span> <span class='ocrx_word' id='word_1_192' title='bbox 2971 625 3364 693; x_wconf 74' lang='lat' dir='ltr'><strong>expeditionem</strong></span> <span class='ocrx_word' id='word_1_193' title='bbox 3413 643 3527 681; x_wconf 80' lang='lat' dir='ltr'><strong>rno-</strong></span> 
     </span>
    </p>
   </div>
   <div class='ocr_carea' id='block_1_28' title="bbox 1951 713 3526 782">
    <p class='ocr_par' dir='ltr' id='par_1_28' title="bbox 1951 713 3526 782">
     <span class='ocr_line' id='line_1_28' title="bbox 1951 713 3526 782; baseline 0.006 -19"><span class='ocrx_word' id='word_1_194' title='bbox 1951 716 2048 767; x_wconf 82' lang='lat' dir='ltr'><strong>vit.</strong></span> <span class='ocrx_word' id='word_1_195' title='bbox 2085 713 2151 766; x_wconf 86' lang='lat' dir='ltr'><strong>Et</strong></span> <span class='ocrx_word' id='word_1_196' title='bbox 2183 715 2406 768; x_wconf 74' lang='lat' dir='ltr'><strong>Romam</strong></span> <span class='ocrx_word' id='word_1_197' title='bbox 2440 715 2716 782; x_wconf 68' lang='lat' dir='ltr'><strong>ingressus</strong></span> <span class='ocrx_word' id='word_1_198' title='bbox 2744 714 2944 781; x_wconf 87' lang='lat' dir='ltr'><strong>primos</strong></span> <span class='ocrx_word' id='word_1_199' title='bbox 2969 715 3249 771; x_wconf 84' lang='lat' dir='ltr'><strong>seditionis</strong></span> <span class='ocrx_word' id='word_1_200' title='bbox 3277 728 3526 772; x_wconf 83' lang='lat' dir='ltr'><strong>auctores</strong></span> 
     </span>
    </p>
   </div>
   <div class='ocr_carea' id='block_1_29' title="bbox 1950 804 3525 876">
    <p class='ocr_par' dir='ltr' id='par_1_29' title="bbox 1950 804 3525 876">
     <span class='ocr_line' id='line_1_29' title="bbox 1950 804 3525 876; baseline 0.001 -16"><span class='ocrx_word' id='word_1_201' title='bbox 1950 806 2235 874; x_wconf 82' lang='lat' dir='ltr'><strong>corripuit,</strong></span> <span class='ocrx_word' id='word_1_202' title='bbox 2297 804 2573 874; x_wconf 80' lang='lat' dir='ltr'><strong>oculisque</strong></span> <span class='ocrx_word' id='word_1_203' title='bbox 2611 805 2830 859; x_wconf 78' lang='lat' dir='ltr'><strong>orbatos</strong></span> <span class='ocrx_word' id='word_1_204' title='bbox 2858 805 2910 858; x_wconf 90' lang='lat' dir='ltr'><strong>in</strong></span> <span class='ocrx_word' id='word_1_205' title='bbox 2945 805 3193 861; x_wconf 77' lang='lat' dir='ltr'><strong>exsilium</strong></span> <span class='ocrx_word' id='word_1_206' title='bbox 3234 808 3525 876; x_wconf 85' lang='lat' dir='ltr'><strong>deportan-</strong></span> 
     </span>
    </p>
   </div>
   <div class='ocr_carea' id='block_1_30' title="bbox 1950 897 3525 966">
    <p class='ocr_par' dir='ltr' id='par_1_30' title="bbox 1950 897 3525 966">
     <span class='ocr_line' id='line_1_30' title="bbox 1950 897 3525 966; baseline 0.001 -15"><span class='ocrx_word' id='word_1_207' title='bbox 1950 898 2047 952; x_wconf 88' lang='lat' dir='ltr'><strong>dos</strong></span> <span class='ocrx_word' id='word_1_208' title='bbox 2095 897 2322 952; x_wconf 83' lang='lat' dir='ltr'><strong>curavit.</strong></span> <span class='ocrx_word' id='word_1_209' title='bbox 2357 897 2420 950; x_wconf 89' lang='lat' dir='ltr'><strong>Et</strong></span> <span class='ocrx_word' id='word_1_210' title='bbox 2467 907 2747 966; x_wconf 81' lang='lat' dir='ltr'><strong>postquam</strong></span> <span class='ocrx_word' id='word_1_211' title='bbox 2784 912 2903 950; x_wconf 89' lang='lat' dir='ltr'><strong>cum</strong></span> <span class='ocrx_word' id='word_1_212' title='bbox 2938 897 3133 952; x_wconf 81' lang='lat' dir='ltr'><strong>Carolo</strong></span> <span class='ocrx_word' id='word_1_213' title='bbox 3181 913 3368 954; x_wconf 89' lang='lat' dir='ltr'><strong>omnes</strong></span> <span class='ocrx_word' id='word_1_214' title='bbox 3394 915 3525 954; x_wconf 82' lang='lat' dir='ltr'><strong>suas</strong></span> 
     </span>
    </p>
   </div>
   <div class='ocr_carea' id='block_1_31' title="bbox 1951 973 3528 1057">
    <p class='ocr_par' dir='ltr' id='par_1_31' title="bbox 1951 973 3528 1057">
     <span class='ocr_line' id='line_1_31' title="bbox 1951 973 3528 1057; baseline -0.001 -13"><span class='ocrx_word' id='word_1_215' title='bbox 1951 989 2178 1054; x_wconf 74' lang='lat' dir='ltr'><strong>injurias</strong></span> <span class='ocrx_word' id='word_1_216' title='bbox 2214 999 2538 1057; x_wconf 80' lang='lat' dir='ltr'><strong>reparasset,</strong></span> <span class='ocrx_word' id='word_1_217' title='bbox 2571 999 2622 1041; x_wconf 87' lang='lat' dir='ltr'><strong>et</strong></span> <span class='ocrx_word' id='word_1_218' title='bbox 2666 986 2990 1042; x_wconf 84' lang='lat' dir='ltr'><strong>vindicasset</strong></span> <span class='ocrx_word' id='word_1_219' title='bbox 3022 1003 3314 1055; x_wconf 81' lang='lat' dir='ltr'><strong>servosque</strong></span> <span class='ocrx_word' id='word_1_220' title='bbox 3337 973 3528 1044; x_wconf 82' lang='lat' dir='ltr'><strong>omnes</strong></span> 
     </span>
    </p>
   </div>
   <div class='ocr_carea' id='block_1_32' title="bbox 1952 1079 3520 1146">
    <p class='ocr_par' dir='ltr' id='par_1_32' title="bbox 1952 1079 3520 1146">
     <span class='ocr_line' id='line_1_32' title="bbox 1952 1079 3520 1146; baseline 0 -12"><span class='ocrx_word' id='word_1_221' title='bbox 1952 1081 2298 1146; x_wconf 83' lang='lat' dir='ltr'><strong>restituisset,</strong></span> <span class='ocrx_word' id='word_1_222' title='bbox 2355 1079 2440 1134; x_wconf 83' lang='lat' dir='ltr'><strong>his</strong></span> <span class='ocrx_word' id='word_1_223' title='bbox 2497 1079 2678 1133; x_wconf 80' lang='lat' dir='ltr'><strong>verbis</strong></span> <span class='ocrx_word' id='word_1_224' title='bbox 2728 1079 2979 1132; x_wconf 80' lang='lat' dir='ltr'><strong>Carolum</strong></span> <span class='ocrx_word' id='word_1_225' title='bbox 3032 1080 3263 1134; x_wconf 89' lang='lat' dir='ltr'><strong>adortus</strong></span> <span class='ocrx_word' id='word_1_226' title='bbox 3300 1088 3429 1135; x_wconf 88' lang='lat' dir='ltr'><strong>est:</strong></span> <span class='ocrx_word' id='word_1_227' title='bbox 3464 1080 3520 1134; x_wconf 90' lang='lat' dir='ltr'><strong>Si</strong></span> 
     </span>
    </p>
   </div>
   <div class='ocr_carea' id='block_1_33' title="bbox 1949 1169 3526 1238">
    <p class='ocr_par' dir='ltr' id='par_1_33' title="bbox 1949 1169 3526 1238">
     <span class='ocr_line' id='line_1_33' title="bbox 1949 1169 3526 1238; baseline 0.001 -14"><span class='ocrx_word' id='word_1_228' title='bbox 1949 1172 2030 1226; x_wconf 88' lang='lat' dir='ltr'><strong>vis</strong></span> <span class='ocrx_word' id='word_1_229' title='bbox 2063 1188 2090 1225; x_wconf 68' lang='grc' dir='ltr'><strong>τι</strong></span> <span class='ocrx_word' id='word_1_230' title='bbox 2128 1188 2212 1225; x_wconf 89' lang='lat' dir='ltr'><strong>me</strong></span> <span class='ocrx_word' id='word_1_231' title='bbox 2231 1172 2502 1238; x_wconf 87' lang='lat' dir='ltr'><strong>coronari,</strong></span> <span class='ocrx_word' id='word_1_232' title='bbox 2529 1170 2831 1238; x_wconf 74' lang='lat' dir='ltr'><strong>iuramento</strong></span> <span class='ocrx_word' id='word_1_233' title='bbox 2855 1169 2958 1224; x_wconf 81' lang='lat' dir='ltr'><strong>ltoc</strong></span> <span class='ocrx_word' id='word_1_234' title='bbox 2987 1169 3159 1226; x_wconf 74' lang='lat' dir='ltr'><strong>fmdus</strong></span> <span class='ocrx_word' id='word_1_235' title='bbox 3223 1171 3363 1225; x_wconf 79' lang='lat' dir='ltr'><strong>inter</strong></span> <span class='ocrx_word' id='word_1_236' title='bbox 3428 1186 3526 1225; x_wconf 77' lang='lat' dir='ltr'><strong>nos</strong></span> 
     </span>
    </p>
   </div>
   <div class='ocr_carea' id='block_1_34' title="bbox 1948 1263 3522 1331">
    <p class='ocr_par' dir='ltr' id='par_1_34' title="bbox 1948 1263 3522 1331">
     <span class='ocr_line' id='line_1_34' title="bbox 1948 1263 3522 1331; baseline -0.004 -11"><span class='ocrx_word' id='word_1_237' title='bbox 1948 1265 2254 1330; x_wconf 79' lang='lat' dir='ltr'><strong>confirmes,</strong></span> <span class='ocrx_word' id='word_1_238' title='bbox 2305 1276 2355 1318; x_wconf 88' lang='lat' dir='ltr'><strong>te</strong></span> <span class='ocrx_word' id='word_1_239' title='bbox 2399 1265 2648 1318; x_wconf 88' lang='lat' dir='ltr'><strong>nimirum</strong></span> <span class='ocrx_word' id='word_1_240' title='bbox 2691 1278 2754 1318; x_wconf 88' lang='lat' dir='ltr'><strong>eo</strong></span> <span class='ocrx_word' id='word_1_241' title='bbox 2802 1265 3200 1317; x_wconf 69' lang='lat' dir='ltr'><strong>inwrccundire</strong></span> <span class='ocrx_word' id='word_1_242' title='bbox 3259 1271 3314 1316; x_wconf 86' lang='lat' dir='ltr'><strong>et</strong></span> <span class='ocrx_word' id='word_1_243' title='bbox 3343 1263 3522 1331; x_wconf 81' lang='lat' dir='ltr'><strong>impu-</strong></span> 
     </span>
    </p>
   </div>
   <div class='ocr_carea' id='block_1_35' title="bbox 1947 1352 3521 1424">
    <p class='ocr_par' dir='ltr' id='par_1_35' title="bbox 1947 1352 3521 1424">
     <span class='ocr_line' id='line_1_35' title="bbox 1947 1352 3521 1424; baseline -0.002 -17"><span class='ocrx_word' id='word_1_244' title='bbox 1947 1357 2143 1411; x_wconf 77' lang='lat' dir='ltr'><strong>dentia:</strong></span> <span class='ocrx_word' id='word_1_245' title='bbox 2170 1372 2442 1424; x_wconf 84' lang='lat' dir='ltr'><strong>nunquam</strong></span> <span class='ocrx_word' id='word_1_246' title='bbox 2493 1354 2869 1420; x_wconf 86' lang='lat' dir='ltr'><strong>deventurum,</strong></span> <span class='ocrx_word' id='word_1_247' title='bbox 2903 1364 2959 1408; x_wconf 89' lang='lat' dir='ltr'><strong>ut</strong></span> <span class='ocrx_word' id='word_1_248' title='bbox 2991 1364 3177 1408; x_wconf 87' lang='lat' dir='ltr'><strong>contra</strong></span> <span class='ocrx_word' id='word_1_249' title='bbox 3206 1354 3428 1406; x_wconf 79' lang='lat' dir='ltr'><strong>Romam</strong></span> <span class='ocrx_word' id='word_1_250' title='bbox 3453 1352 3521 1405; x_wconf 81' lang='lat' dir='ltr'><strong>il-</strong></span> 
     </span>
    </p>
   </div>
   <div class='ocr_carea' id='block_1_36' title="bbox 1947 1445 3520 1514">
    <p class='ocr_par' dir='ltr' id='par_1_36' title="bbox 1947 1445 3520 1514">
     <span class='ocr_line' id='line_1_36' title="bbox 1947 1445 3520 1514; baseline -0.004 -14"><span class='ocrx_word' id='word_1_251' title='bbox 1947 1447 2155 1514; x_wconf 84' lang='lat' dir='ltr'><strong>liusque</strong></span> <span class='ocrx_word' id='word_1_252' title='bbox 2177 1446 2348 1499; x_wconf 80' lang='lat' dir='ltr'><strong>vicina</strong></span> <span class='ocrx_word' id='word_1_253' title='bbox 2385 1445 2495 1498; x_wconf 89' lang='lat' dir='ltr'><strong>loca</strong></span> <span class='ocrx_word' id='word_1_254' title='bbox 2537 1445 2707 1498; x_wconf 83' lang='lat' dir='ltr'><strong>hostis</strong></span> <span class='ocrx_word' id='word_1_255' title='bbox 2751 1447 2996 1509; x_wconf 81' lang='lat' dir='ltr'><strong>accedas,</strong></span> <span class='ocrx_word' id='word_1_256' title='bbox 3027 1447 3119 1500; x_wconf 87' lang='lat' dir='ltr'><strong>sed</strong></span> <span class='ocrx_word' id='word_1_257' title='bbox 3172 1452 3377 1498; x_wconf 87' lang='lat' dir='ltr'><strong>tantum</strong></span> <span class='ocrx_word' id='word_1_258' title='bbox 3399 1458 3520 1496; x_wconf 90' lang='lat' dir='ltr'><strong>cum</strong></span> 
     </span>
    </p>
   </div>
   <div class='ocr_carea' id='block_1_37' title="bbox 1949 1534 3523 1602">
    <p class='ocr_par' dir='ltr' id='par_1_37' title="bbox 1949 1534 3523 1602">
     <span class='ocr_line' id='line_1_37' title="bbox 1949 1534 3523 1602; baseline -0.004 -10"><span class='ocrx_word' id='word_1_259' title='bbox 1949 1553 1979 1592; x_wconf 84' lang='lat' dir='ltr'><strong>a</strong></span> <span class='ocrx_word' id='word_1_260' title='bbox 2041 1553 2126 1590; x_wconf 91' lang='lat' dir='ltr'><strong>me</strong></span> <span class='ocrx_word' id='word_1_261' title='bbox 2167 1536 2684 1602; x_wconf 59' lang='lat' dir='ltr'><strong>successorilrusque</strong></span> <span class='ocrx_word' id='word_1_262' title='bbox 2733 1536 2868 1589; x_wconf 88' lang='lat' dir='ltr'><strong>meis</strong></span> <span class='ocrx_word' id='word_1_263' title='bbox 2927 1544 2981 1588; x_wconf 89' lang='lat' dir='ltr'><strong>tu</strong></span> <span class='ocrx_word' id='word_1_264' title='bbox 3012 1534 3194 1602; x_wconf 89' lang='lat' dir='ltr'><strong>tuique</strong></span> <span class='ocrx_word' id='word_1_265' title='bbox 3225 1534 3424 1602; x_wconf 83' lang='lat' dir='ltr'><strong>posteri</strong></span> <span class='ocrx_word' id='word_1_266' title='bbox 3458 1547 3523 1585; x_wconf 83' lang='lat' dir='ltr'><strong>eo</strong></span> 
     </span>
    </p>
   </div>
   <div class='ocr_carea' id='block_1_38' title="bbox 1949 1621 3519 1684">
    <p class='ocr_par' dir='ltr' id='par_1_38' title="bbox 1949 1621 3519 1684">
     <span class='ocr_line' id='line_1_38' title="bbox 1949 1621 3519 1684; baseline -0.004 -3"><span class='ocrx_word' id='word_1_267' title='bbox 1949 1628 2146 1681; x_wconf 76' lang='lat' dir='ltr'><strong>fuerint</strong></span> <span class='ocrx_word' id='word_1_268' title='bbox 2175 1625 2383 1679; x_wconf 89' lang='lat' dir='ltr'><strong>invitati</strong></span> <span class='ocrx_word' id='word_1_269' title='bbox 2427 1635 2480 1679; x_wconf 89' lang='lat' dir='ltr'><strong>et</strong></span> <span class='ocrx_word' id='word_1_270' title='bbox 2514 1639 2633 1676; x_wconf 82' lang='lat' dir='ltr'><strong>cum</strong></span> <span class='ocrx_word' id='word_1_271' title='bbox 2670 1633 2719 1677; x_wconf 93' lang='lat' dir='ltr'><strong>te</strong></span> <span class='ocrx_word' id='word_1_272' title='bbox 2750 1623 3083 1684; x_wconf 72' lang='lat' dir='ltr'><strong>vombimns,</strong></span> <span class='ocrx_word' id='word_1_273' title='bbox 3128 1622 3192 1676; x_wconf 84' lang='lat' dir='ltr'><strong>ad</strong></span> <span class='ocrx_word' id='word_1_274' title='bbox 3226 1621 3519 1676; x_wconf 85' lang='lat' dir='ltr'><strong>Ecclesiant</strong></span> 
     </span>
    </p>
   </div>
   <div class='ocr_carea' id='block_1_39' title="bbox 1949 1713 3520 1781">
    <p class='ocr_par' dir='ltr' id='par_1_39' title="bbox 1949 1713 3520 1781">
     <span class='ocr_line' id='line_1_39' title="bbox 1949 1713 3520 1781; baseline -0.003 -13"><span class='ocrx_word' id='word_1_275' title='bbox 1949 1717 2325 1771; x_wconf 76' lang='lat' dir='ltr'><strong>vindicandum</strong></span> <span class='ocrx_word' id='word_1_276' title='bbox 2382 1724 2432 1767; x_wconf 89' lang='lat' dir='ltr'><strong>te</strong></span> <span class='ocrx_word' id='word_1_277' title='bbox 2495 1725 2748 1780; x_wconf 83' lang='lat' dir='ltr'><strong>tanquam</strong></span> <span class='ocrx_word' id='word_1_278' title='bbox 2806 1713 2870 1766; x_wconf 86' lang='lat' dir='ltr'><strong>ad</strong></span> <span class='ocrx_word' id='word_1_279' title='bbox 2939 1713 3209 1781; x_wconf 81' lang='lat' dir='ltr'><strong>negotium</strong></span> <span class='ocrx_word' id='word_1_280' title='bbox 3293 1726 3520 1780; x_wconf 86' lang='lat' dir='ltr'><strong>prorsus</strong></span> 
     </span>
    </p>
   </div>
   <div class='ocr_carea' id='block_1_40' title="bbox 1947 1802 3520 1871">
    <p class='ocr_par' dir='ltr' id='par_1_40' title="bbox 1947 1802 3520 1871">
     <span class='ocr_line' id='line_1_40' title="bbox 1947 1802 3520 1871; baseline -0.006 -7"><span class='ocrx_word' id='word_1_281' title='bbox 1947 1807 2314 1864; x_wconf 85' lang='lat' dir='ltr'><strong>necessarium</strong></span> <span class='ocrx_word' id='word_1_282' title='bbox 2339 1805 2590 1861; x_wconf 84' lang='lat' dir='ltr'><strong>celeriter</strong></span> <span class='ocrx_word' id='word_1_283' title='bbox 2623 1805 3014 1858; x_wconf 83' lang='lat' dir='ltr'><strong>advolaturum.</strong></span> <span class='ocrx_word' id='word_1_284' title='bbox 3070 1802 3134 1856; x_wconf 85' lang='lat' dir='ltr'><strong>Et</strong></span> <span class='ocrx_word' id='word_1_285' title='bbox 3182 1803 3520 1871; x_wconf 85' lang='lat' dir='ltr'><strong>quandoqul-</strong></span> 
     </span>
    </p>
   </div>
   <div class='ocr_carea' id='block_1_41' title="bbox 1941 1891 3522 1966">
    <p class='ocr_par' dir='ltr' id='par_1_41' title="bbox 1941 1891 3522 1966">
     <span class='ocr_line' id='line_1_41' title="bbox 1941 1891 3522 1966; baseline -0.008 -8"><span class='ocrx_word' id='word_1_286' title='bbox 1941 1908 2058 1962; x_wconf 72' lang='lat' dir='ltr'><strong>dezn</strong></span> <span class='ocrx_word' id='word_1_287' title='bbox 2116 1908 2226 1953; x_wconf 83' lang='lat' dir='ltr'><strong>tota</strong></span> <span class='ocrx_word' id='word_1_288' title='bbox 2291 1899 2436 1966; x_wconf 79' lang='lat' dir='ltr'><strong>regio</strong></span> <span class='ocrx_word' id='word_1_289' title='bbox 2463 1907 2546 1950; x_wconf 87' lang='lat' dir='ltr'><strong>cst</strong></span> <span class='ocrx_word' id='word_1_290' title='bbox 2574 1895 2714 1963; x_wconf 84' lang='lat' dir='ltr'><strong>juris</strong></span> <span class='ocrx_word' id='word_1_291' title='bbox 2747 1894 3088 1963; x_wconf 82' lang='lat' dir='ltr'><strong>imperatoris</strong></span> <span class='ocrx_word' id='word_1_292' title='bbox 3145 1891 3394 1956; x_wconf 79' lang='lat' dir='ltr'><strong>Romani,</strong></span> <span class='ocrx_word' id='word_1_293' title='bbox 3418 1892 3522 1946; x_wconf 88' lang='lat' dir='ltr'><strong>hoc</strong></span> 
     </span>
    </p>
   </div>
   <div class='ocr_carea' id='block_1_42' title="bbox 1937 1996 3520 2069">
    <p class='ocr_par' dir='ltr' id='par_1_42' title="bbox 1937 1996 3520 2069">
     <span class='ocr_line' id='line_1_42' title="bbox 1937 1996 3520 2069; baseline -0.009 -6"><span class='ocrx_word' id='word_1_294' title='bbox 1937 2008 2081 2063; x_wconf 89' lang='lat' dir='ltr'><strong>inter</strong></span> <span class='ocrx_word' id='word_1_295' title='bbox 2103 2021 2198 2060; x_wconf 92' lang='lat' dir='ltr'><strong>nos</strong></span> <span class='ocrx_word' id='word_1_296' title='bbox 2218 2003 2430 2057; x_wconf 85' lang='lat' dir='ltr'><strong>ineatur</strong></span> <span class='ocrx_word' id='word_1_297' title='bbox 2457 2011 2694 2069; x_wconf 85' lang='lat' dir='ltr'><strong>pactum,</strong></span> <span class='ocrx_word' id='word_1_298' title='bbox 2727 2012 2777 2052; x_wconf 87' lang='lat' dir='ltr'><strong>te</strong></span> <span class='ocrx_word' id='word_1_299' title='bbox 2801 2008 3187 2068; x_wconf 82' lang='lat' dir='ltr'><strong>occupaturum</strong></span> <span class='ocrx_word' id='word_1_300' title='bbox 3206 1996 3520 2068; x_wconf 81' lang='lat' dir='ltr'><strong>Longobar-</strong></span> 
     </span>
    </p>
   </div>
   <div class='ocr_carea' id='block_1_43' title="bbox 1935 2093 3518 2163">
    <p class='ocr_par' dir='ltr' id='par_1_43' title="bbox 1935 2093 3518 2163">
     <span class='ocr_line' id='line_1_43' title="bbox 1935 2093 3518 2163; baseline -0.006 -11"><span class='ocrx_word' id='word_1_301' title='bbox 1935 2100 2080 2152; x_wconf 85' lang='lat' dir='ltr'><strong>diam</strong></span> <span class='ocrx_word' id='word_1_302' title='bbox 2106 2109 2159 2151; x_wconf 92' lang='lat' dir='ltr'><strong>et</strong></span> <span class='ocrx_word' id='word_1_303' title='bbox 2200 2094 2453 2163; x_wconf 74' lang='lat' dir='ltr'><strong>regiones</strong></span> <span class='ocrx_word' id='word_1_304' title='bbox 2520 2093 2594 2145; x_wconf 88' lang='lat' dir='ltr'><strong>illi</strong></span> <span class='ocrx_word' id='word_1_305' title='bbox 2631 2093 2964 2161; x_wconf 79' lang='lat' dir='ltr'><strong>adjacentcs,</strong></span> <span class='ocrx_word' id='word_1_306' title='bbox 3024 2106 3108 2144; x_wconf 89' lang='lat' dir='ltr'><strong>me</strong></span> <span class='ocrx_word' id='word_1_307' title='bbox 3144 2105 3274 2144; x_wconf 90' lang='lat' dir='ltr'><strong>vero</strong></span> <span class='ocrx_word' id='word_1_308' title='bbox 3295 2103 3518 2156; x_wconf 88' lang='lat' dir='ltr'><strong>posses-</strong></span> 
     </span>
    </p>
   </div>
   <div class='ocr_carea' id='block_1_44' title="bbox 1940 2179 3516 2247">
    <p class='ocr_par' dir='ltr' id='par_1_44' title="bbox 1940 2179 3516 2247">
     <span class='ocr_line' id='line_1_44' title="bbox 1940 2179 3516 2247; baseline -0.008 -5"><span class='ocrx_word' id='word_1_309' title='bbox 1940 2202 2128 2242; x_wconf 87' lang='lat' dir='ltr'><strong>surum</strong></span> <span class='ocrx_word' id='word_1_310' title='bbox 2184 2183 2530 2246; x_wconf 80' lang='lat' dir='ltr'><strong>Toscattiam,</strong></span> <span class='ocrx_word' id='word_1_311' title='bbox 2562 2192 2614 2235; x_wconf 88' lang='lat' dir='ltr'><strong>et</strong></span> <span class='ocrx_word' id='word_1_312' title='bbox 2657 2181 2922 2247; x_wconf 67' lang='lat' dir='ltr'><strong>Regiones</strong></span> <span class='ocrx_word' id='word_1_313' title='bbox 2955 2197 2982 2232; x_wconf 85' lang='lat' dir='ltr'><strong>a</strong></span> <span class='ocrx_word' id='word_1_314' title='bbox 3008 2179 3175 2233; x_wconf 82' lang='lat' dir='ltr'><strong>Roma</strong></span> <span class='ocrx_word' id='word_1_315' title='bbox 3208 2179 3516 2246; x_wconf 76' lang='lat' dir='ltr'><strong>Longobar-</strong></span> 
     </span>
    </p>
   </div>
   <div class='ocr_carea' id='block_1_45' title="bbox 1937 2269 3519 2342">
    <p class='ocr_par' dir='ltr' id='par_1_45' title="bbox 1937 2269 3519 2342">
     <span class='ocr_line' id='line_1_45' title="bbox 1937 2269 3519 2342; baseline -0.008 -9"><span class='ocrx_word' id='word_1_316' title='bbox 1937 2279 2082 2334; x_wconf 84' lang='lat' dir='ltr'><strong>diam</strong></span> <span class='ocrx_word' id='word_1_317' title='bbox 2133 2285 2188 2332; x_wconf 93' lang='lat' dir='ltr'><strong>et</strong></span> <span class='ocrx_word' id='word_1_318' title='bbox 2240 2275 2478 2330; x_wconf 86' lang='lat' dir='ltr'><strong>Siciliam</strong></span> <span class='ocrx_word' id='word_1_319' title='bbox 2527 2289 2699 2342; x_wconf 88' lang='lat' dir='ltr'><strong>usque</strong></span> <span class='ocrx_word' id='word_1_320' title='bbox 2752 2272 3146 2336; x_wconf 80' lang='lat' dir='ltr'><strong>circumfusas;</strong></span> <span class='ocrx_word' id='word_1_321' title='bbox 3201 2283 3255 2324; x_wconf 89' lang='lat' dir='ltr'><strong>et</strong></span> <span class='ocrx_word' id='word_1_322' title='bbox 3306 2281 3356 2324; x_wconf 86' lang='lat' dir='ltr'><strong>te</strong></span> <span class='ocrx_word' id='word_1_323' title='bbox 3397 2269 3519 2322; x_wconf 80' lang='lat' dir='ltr'><strong>illas</strong></span> 
     </span>
    </p>
   </div>
   <div class='ocr_carea' id='block_1_46' title="bbox 269 2367 3510 2442">
    <p class='ocr_par' dir='ltr' id='par_1_46' title="bbox 269 2367 3510 2442">
     <span class='ocr_line' id='line_1_46' title="bbox 269 2367 3510 2442; baseline -0 -23"><span class='ocrx_word' id='word_1_324' title='bbox 269 2367 663 2422; x_wconf 65' lang='lat' dir='ltr'><strong>vinlicuturnm</strong></span> <span class='ocrx_word' id='word_1_325' title='bbox 721 2367 766 2421; x_wconf 89' lang='lat' dir='ltr'><strong>si</strong></span> <span class='ocrx_word' id='word_1_326' title='bbox 797 2367 990 2436; x_wconf 79' lang='lat' dir='ltr'><strong>aliquis</strong></span> <span class='ocrx_word' id='word_1_327' title='bbox 1026 2367 1143 2422; x_wconf 89' lang='lat' dir='ltr'><strong>illas</strong></span> <span class='ocrx_word' id='word_1_328' title='bbox 1187 2369 1437 2422; x_wconf 81' lang='lat' dir='ltr'><strong>invadere</strong></span> <span class='ocrx_word' id='word_1_329' title='bbox 1474 2369 1743 2434; x_wconf 79' lang='lat' dir='ltr'><strong>moliatur,</strong></span> <span class='ocrx_word' id='word_1_330' title='bbox 1809 2384 1868 2426; x_wconf 89' lang='lat' dir='ltr'><strong>ut</strong></span> <span class='ocrx_word' id='word_1_331' title='bbox 1901 2372 2023 2442; x_wconf 84' lang='lat' dir='ltr'><strong>jura</strong></span> <span class='ocrx_word' id='word_1_332' title='bbox 2078 2373 2407 2440; x_wconf 74' lang='lat' dir='ltr'><strong>libertasque</strong></span> <span class='ocrx_word' id='word_1_333' title='bbox 2456 2370 2694 2424; x_wconf 79' lang='lat' dir='ltr'><strong>Romana</strong></span> <span class='ocrx_word' id='word_1_334' title='bbox 2752 2376 2897 2422; x_wconf 83' lang='lat' dir='ltr'><strong>sarta</strong></span> <span class='ocrx_word' id='word_1_335' title='bbox 2956 2375 3011 2420; x_wconf 69' lang='lat' dir='ltr'><strong>et</strong></span> <span class='ocrx_word' id='word_1_336' title='bbox 3087 2375 3226 2422; x_wconf 88' lang='lat' dir='ltr'><strong>tecta</strong></span> <span class='ocrx_word' id='word_1_337' title='bbox 3291 2380 3510 2419; x_wconf 86' lang='lat' dir='ltr'><strong>conser-</strong></span> 
     </span>
    </p>
   </div>
   <div class='ocr_carea' id='block_1_47' title="bbox 269 2455 3514 2532">
    <p class='ocr_par' dir='ltr' id='par_1_47' title="bbox 269 2455 3514 2532">
     <span class='ocr_line' id='line_1_47' title="bbox 269 2455 3514 2532; baseline -0.001 -22"><span class='ocrx_word' id='word_1_338' title='bbox 269 2466 482 2512; x_wconf 84' lang='lat' dir='ltr'><strong>ventur.</strong></span> <span class='ocrx_word' id='word_1_339' title='bbox 541 2455 832 2526; x_wconf 78' lang='lat' dir='ltr'><strong>Postquam</strong></span> <span class='ocrx_word' id='word_1_340' title='bbox 898 2473 1025 2512; x_wconf 88' lang='lat' dir='ltr'><strong>vero</strong></span> <span class='ocrx_word' id='word_1_341' title='bbox 1103 2469 1456 2512; x_wconf 88' lang='lat' dir='ltr'><strong>coronatusa</strong></span> <span class='ocrx_word' id='word_1_342' title='bbox 1518 2475 1600 2513; x_wconf 87' lang='lat' dir='ltr'><strong>me</strong></span> <span class='ocrx_word' id='word_1_343' title='bbox 1629 2459 1816 2524; x_wconf 76' lang='lat' dir='ltr'><strong>fueris,</strong></span> <span class='ocrx_word' id='word_1_344' title='bbox 1870 2477 2021 2532; x_wconf 65' lang='lat' dir='ltr'><strong>reges</strong></span> <span class='ocrx_word' id='word_1_345' title='bbox 2082 2477 2168 2516; x_wconf 90' lang='lat' dir='ltr'><strong>me</strong></span> <span class='ocrx_word' id='word_1_346' title='bbox 2224 2463 2376 2516; x_wconf 82' lang='lat' dir='ltr'><strong>freno</strong></span> <span class='ocrx_word' id='word_1_347' title='bbox 2407 2467 2461 2513; x_wconf 91' lang='lat' dir='ltr'><strong>et</strong></span> <span class='ocrx_word' id='word_1_348' title='bbox 2483 2457 2706 2512; x_wconf 82' lang='lat' dir='ltr'><strong>habenis</strong></span> <span class='ocrx_word' id='word_1_349' title='bbox 2731 2457 2853 2525; x_wconf 90' lang='lat' dir='ltr'><strong>equi</strong></span> <span class='ocrx_word' id='word_1_350' title='bbox 2895 2455 3018 2520; x_wconf 86' lang='lat' dir='ltr'><strong>mei,</strong></span> <span class='ocrx_word' id='word_1_351' title='bbox 3047 2455 3363 2524; x_wconf 84' lang='lat' dir='ltr'><strong>salvumque</strong></span> <span class='ocrx_word' id='word_1_352' title='bbox 3429 2469 3514 2508; x_wconf 88' lang='lat' dir='ltr'><strong>me</strong></span> 
     </span>
    </p>
   </div>
   <div class='ocr_carea' id='block_1_48' title="bbox 268 2549 3518 2623">
    <p class='ocr_par' dir='ltr' id='par_1_48' title="bbox 268 2549 3518 2623">
     <span class='ocr_line' id='line_1_48' title="bbox 268 2549 3518 2623; baseline -0.002 -15"><span class='ocrx_word' id='word_1_353' title='bbox 268 2563 323 2608; x_wconf 86' lang='lat' dir='ltr'><strong>et</strong></span> <span class='ocrx_word' id='word_1_354' title='bbox 353 2553 672 2607; x_wconf 86' lang='lat' dir='ltr'><strong>incolumem</strong></span> <span class='ocrx_word' id='word_1_355' title='bbox 696 2553 761 2607; x_wconf 84' lang='lat' dir='ltr'><strong>ad</strong></span> <span class='ocrx_word' id='word_1_356' title='bbox 823 2555 1083 2619; x_wconf 84' lang='lat' dir='ltr'><strong>palatium</strong></span> <span class='ocrx_word' id='word_1_357' title='bbox 1119 2570 1291 2623; x_wconf 88' lang='lat' dir='ltr'><strong>usque</strong></span> <span class='ocrx_word' id='word_1_358' title='bbox 1325 2571 1502 2609; x_wconf 87' lang='lat' dir='ltr'><strong>meum</strong></span> <span class='ocrx_word' id='word_1_359' title='bbox 1575 2559 1822 2612; x_wconf 81' lang='lat' dir='ltr'><strong>reduces.</strong></span> <span class='ocrx_word' id='word_1_360' title='bbox 1865 2556 1945 2611; x_wconf 67' lang='lat' dir='ltr'><strong>lle</strong></span> <span class='ocrx_word' id='word_1_361' title='bbox 2001 2567 2181 2611; x_wconf 87' lang='lat' dir='ltr'><strong>autem</strong></span> <span class='ocrx_word' id='word_1_362' title='bbox 2231 2566 2286 2610; x_wconf 92' lang='lat' dir='ltr'><strong>et</strong></span> <span class='ocrx_word' id='word_1_363' title='bbox 2331 2567 2674 2611; x_wconf 85' lang='lat' dir='ltr'><strong>successores</strong></span> <span class='ocrx_word' id='word_1_364' title='bbox 2713 2567 2881 2616; x_wconf 81' lang='lat' dir='ltr'><strong>meos,</strong></span> <span class='ocrx_word' id='word_1_365' title='bbox 2934 2559 2990 2604; x_wconf 87' lang='lat' dir='ltr'><strong>ut</strong></span> <span class='ocrx_word' id='word_1_366' title='bbox 3041 2549 3288 2604; x_wconf 78' lang='lat' dir='ltr'><strong>dominos</strong></span> <span class='ocrx_word' id='word_1_367' title='bbox 3354 2565 3518 2618; x_wconf 83' lang='lat' dir='ltr'><strong>papas</strong></span> 
     </span>
    </p>
   </div>
   <div class='ocr_carea' id='block_1_49' title="bbox 271 2641 3517 2716">
    <p class='ocr_par' dir='ltr' id='par_1_49' title="bbox 271 2641 3517 2716">
     <span class='ocr_line' id='line_1_49' title="bbox 271 2641 3517 2716; baseline -0.001 -21"><span class='ocrx_word' id='word_1_368' title='bbox 271 2643 516 2710; x_wconf 76' lang='lat' dir='ltr'><strong>habebis,</strong></span> <span class='ocrx_word' id='word_1_369' title='bbox 577 2652 632 2698; x_wconf 86' lang='lat' dir='ltr'><strong>et</strong></span> <span class='ocrx_word' id='word_1_370' title='bbox 692 2642 796 2697; x_wconf 85' lang='lat' dir='ltr'><strong>illis</strong></span> <span class='ocrx_word' id='word_1_371' title='bbox 853 2645 1131 2712; x_wconf 87' lang='lat' dir='ltr'><strong>honorem,</strong></span> <span class='ocrx_word' id='word_1_372' title='bbox 1158 2659 1648 2715; x_wconf 68' lang='lat' dir='ltr'><strong>congruente-mque</strong></span> <span class='ocrx_word' id='word_1_373' title='bbox 1673 2647 2070 2700; x_wconf 74' lang='lat' dir='ltr'><strong>observantiam</strong></span> <span class='ocrx_word' id='word_1_374' title='bbox 2105 2649 2349 2713; x_wconf 89' lang='lat' dir='ltr'><strong>tribues;</strong></span> <span class='ocrx_word' id='word_1_375' title='bbox 2377 2661 2477 2716; x_wconf 83' lang='lat' dir='ltr'><strong>ego</strong></span> <span class='ocrx_word' id='word_1_376' title='bbox 2503 2659 2629 2697; x_wconf 90' lang='lat' dir='ltr'><strong>vero</strong></span> <span class='ocrx_word' id='word_1_377' title='bbox 2647 2654 2930 2713; x_wconf 85' lang='lat' dir='ltr'><strong>postquam</strong></span> <span class='ocrx_word' id='word_1_378' title='bbox 2959 2656 2988 2695; x_wconf 85' lang='lat' dir='ltr'><strong>a</strong></span> <span class='ocrx_word' id='word_1_379' title='bbox 3022 2657 3106 2696; x_wconf 90' lang='lat' dir='ltr'><strong>me</strong></span> <span class='ocrx_word' id='word_1_380' title='bbox 3153 2641 3320 2694; x_wconf 80' lang='lat' dir='ltr'><strong>fueris</strong></span> <span class='ocrx_word' id='word_1_381' title='bbox 3359 2655 3517 2694; x_wconf 91' lang='lat' dir='ltr'><strong>coro-</strong></span> 
     </span>
    </p>
   </div>
   <div class='ocr_carea' id='block_1_50' title="bbox 271 2737 3510 2810">
    <p class='ocr_par' dir='ltr' id='par_1_50' title="bbox 271 2737 3510 2810">
     <span class='ocr_line' id='line_1_50' title="bbox 271 2737 3510 2810; baseline -0 -20"><span class='ocrx_word' id='word_1_382' title='bbox 271 2748 450 2804; x_wconf 82' lang='lat' dir='ltr'><strong>natus,</strong></span> <span class='ocrx_word' id='word_1_383' title='bbox 483 2741 818 2806; x_wconf 69' lang='lat' dir='ltr'><strong>imperatoris</strong></span> <span class='ocrx_word' id='word_1_384' title='bbox 851 2755 1046 2793; x_wconf 89' lang='lat' dir='ltr'><strong>nomen</strong></span> <span class='ocrx_word' id='word_1_385' title='bbox 1097 2750 1150 2793; x_wconf 92' lang='lat' dir='ltr'><strong>et</strong></span> <span class='ocrx_word' id='word_1_386' title='bbox 1200 2742 1408 2794; x_wconf 85' lang='lat' dir='ltr'><strong>titulum</strong></span> <span class='ocrx_word' id='word_1_387' title='bbox 1467 2744 1560 2796; x_wconf 88' lang='lat' dir='ltr'><strong>tibi</strong></span> <span class='ocrx_word' id='word_1_388' title='bbox 1588 2743 1842 2798; x_wconf 68' lang='lat' dir='ltr'><strong>tribuam.</strong></span> <span class='ocrx_word' id='word_1_389' title='bbox 1895 2743 2102 2810; x_wconf 82' lang='lat' dir='ltr'><strong>Quibus</strong></span> <span class='ocrx_word' id='word_1_390' title='bbox 2148 2743 2398 2796; x_wconf 88' lang='lat' dir='ltr'><strong>omnibus</strong></span> <span class='ocrx_word' id='word_1_391' title='bbox 2477 2741 2618 2794; x_wconf 89' lang='lat' dir='ltr'><strong>inter</strong></span> <span class='ocrx_word' id='word_1_392' title='bbox 2669 2739 2786 2793; x_wconf 87' lang='lat' dir='ltr'><strong>illos</strong></span> <span class='ocrx_word' id='word_1_393' title='bbox 2845 2737 3140 2802; x_wconf 73' lang='lat' dir='ltr'><strong>conoessis,</strong></span> <span class='ocrx_word' id='word_1_394' title='bbox 3189 2749 3242 2792; x_wconf 90' lang='lat' dir='ltr'><strong>et</strong></span> <span class='ocrx_word' id='word_1_395' title='bbox 3301 2738 3510 2791; x_wconf 85' lang='lat' dir='ltr'><strong>chartis</strong></span> 
     </span>
    </p>
   </div>
   <div class='ocr_carea' id='block_1_51' title="bbox 270 2829 3512 2903">
    <p class='ocr_par' dir='ltr' id='par_1_51' title="bbox 270 2829 3512 2903">
     <span class='ocr_line' id='line_1_51' title="bbox 270 2829 3512 2903; baseline -0.001 -21"><span class='ocrx_word' id='word_1_396' title='bbox 270 2829 743 2897; x_wconf 71' lang='lat' dir='ltr'><strong>instrumentisqne</strong></span> <span class='ocrx_word' id='word_1_397' title='bbox 765 2831 984 2897; x_wconf 82' lang='lat' dir='ltr'><strong>scriptis</strong></span> <span class='ocrx_word' id='word_1_398' title='bbox 1043 2831 1352 2900; x_wconf 86' lang='lat' dir='ltr'><strong>respectivis</strong></span> <span class='ocrx_word' id='word_1_399' title='bbox 1428 2834 1669 2896; x_wconf 82' lang='lat' dir='ltr'><strong>nntnitis,</strong></span> <span class='ocrx_word' id='word_1_400' title='bbox 1728 2834 2146 2903; x_wconf 80' lang='lat' dir='ltr'><strong>jurumentoque</strong></span> <span class='ocrx_word' id='word_1_401' title='bbox 2205 2832 2384 2887; x_wconf 79' lang='lat' dir='ltr'><strong>Caroli</strong></span> <span class='ocrx_word' id='word_1_402' title='bbox 2454 2830 2682 2886; x_wconf 79' lang='lat' dir='ltr'><strong>(innatis</strong></span> <span class='ocrx_word' id='word_1_403' title='bbox 2723 2841 2779 2884; x_wconf 89' lang='lat' dir='ltr'><strong>et</strong></span> <span class='ocrx_word' id='word_1_404' title='bbox 2841 2829 3132 2893; x_wconf 85' lang='lat' dir='ltr'><strong>roboratis,</strong></span> <span class='ocrx_word' id='word_1_405' title='bbox 3174 2829 3512 2882; x_wconf 88' lang='lat' dir='ltr'><strong>consuetudo</strong></span> 
     </span>
    </p>
   </div>
   <div class='ocr_carea' id='block_1_52' title="bbox 267 2921 1834 2998">
    <p class='ocr_par' dir='ltr' id='par_1_52' title="bbox 267 2921 1834 2998">
     <span class='ocr_line' id='line_1_52' title="bbox 267 2921 1834 2998; baseline 0.004 -21"><span class='ocrx_word' id='word_1_406' title='bbox 267 2923 368 2978; x_wconf 82' lang='lat' dir='ltr'><strong>ista</strong></span> <span class='ocrx_word' id='word_1_407' title='bbox 405 2921 708 2977; x_wconf 88' lang='lat' dir='ltr'><strong>obtinuitet</strong></span> <span class='ocrx_word' id='word_1_408' title='bbox 747 2924 953 2977; x_wconf 87' lang='lat' dir='ltr'><strong>obtinet</strong></span> <span class='ocrx_word' id='word_1_409' title='bbox 1002 2924 1068 2979; x_wconf 81' lang='lat' dir='ltr'><strong>ad</strong></span> <span class='ocrx_word' id='word_1_410' title='bbox 1099 2941 1524 2996; x_wconf 60' lang='lat' dir='ltr'><strong>praesensumque</strong></span> <span class='ocrx_word' id='word_1_411' title='bbox 1555 2940 1786 2998; x_wconf 89' lang='lat' dir='ltr'><strong>tempus.</strong></span> <span class='ocrx_word' id='word_1_412' title='bbox 1816 2951 1834 2983; x_wconf 71' lang='grc' dir='ltr'><strong>ι</strong></span> 
     </span>
    </p>
   </div>
   <div class='ocr_carea' id='block_1_53' title="bbox 339 3011 1844 3092">
    <p class='ocr_par' dir='ltr' id='par_1_53' title="bbox 339 3015 1835 3092">
     <span class='ocr_line' id='line_1_53' title="bbox 339 3015 1835 3092; baseline 0.004 -24"><span class='ocrx_word' id='word_1_413' title='bbox 339 3015 589 3085; x_wconf 74' lang='grc' dir='ltr'>Μαρτίου</span> <span class='ocrx_word' id='word_1_414' title='bbox 634 3021 716 3083; x_wconf 85' lang='grc' dir='ltr'><strong>κγ’</strong></span> <span class='ocrx_word' id='word_1_415' title='bbox 765 3017 1082 3070; x_wconf 76' lang='grc' dir='ltr'>ὲτελειῶθεν</span> <span class='ocrx_word' id='word_1_416' title='bbox 1124 3018 1267 3070; x_wconf 75' lang='grc' dir='ltr'>κατὰ</span> <span class='ocrx_word' id='word_1_417' title='bbox 1303 3019 1363 3072; x_wconf 72' lang='grc' dir='ltr'><strong>τὸ</strong></span> <span class='ocrx_word' id='word_1_418' title='bbox 1396 3021 1552 3092; x_wconf 59' lang='grc' dir='ltr'>,σκιαί</span> <span class='ocrx_word' id='word_1_419' title='bbox 1591 3021 1684 3074; x_wconf 79' lang='grc' dir='ltr'><strong>τοῦ</strong></span> <span class='ocrx_word' id='word_1_420' title='bbox 1723 3023 1835 3074; x_wconf 73' lang='grc' dir='ltr'><strong>Σω-</strong></span> 
     </span>
    </p>
   </div>
   <div class='ocr_carea' id='block_1_54' title="bbox 1946 3011 3516 3092">
    <p class='ocr_par' dir='ltr' id='par_1_54' title="bbox 2018 3011 3516 3091">
     <span class='ocr_line' id='line_1_54' title="bbox 2018 3011 3516 3091; baseline -0.005 -16"><span class='ocrx_word' id='word_1_421' title='bbox 2018 3021 2249 3091; x_wconf 75' lang='lat' dir='ltr'><strong>Explicit</strong></span> <span class='ocrx_word' id='word_1_422' title='bbox 2293 3019 2394 3074; x_wconf 83' lang='lat' dir='ltr'><strong>ltoe</strong></span> <span class='ocrx_word' id='word_1_423' title='bbox 2425 3035 2582 3086; x_wconf 87' lang='lat' dir='ltr'><strong>opus,</strong></span> <span class='ocrx_word' id='word_1_424' title='bbox 2611 3017 2680 3069; x_wconf 78' lang='lat'><strong>9.3</strong></span> <span class='ocrx_word' id='word_1_425' title='bbox 2718 3016 2868 3069; x_wconf 82' lang='lat' dir='ltr'><strong>Muri.</strong></span> <span class='ocrx_word' id='word_1_426' title='bbox 2903 3031 3027 3069; x_wconf 79' lang='lat' dir='ltr'><strong>ann.</strong></span> <span class='ocrx_word' id='word_1_427' title='bbox 3057 3013 3182 3067; x_wconf 71' lang='grc'><strong>1011</strong></span> <span class='ocrx_word' id='word_1_428' title='bbox 3223 3011 3516 3067; x_wconf 78' lang='lat' dir='ltr'><strong>Sulvutoris</strong></span> 
     </span>
    </p>
   </div>
   <div class='ocr_carea' id='block_1_55' title="bbox 269 3105 1844 3179">
    <p class='ocr_par' dir='ltr' id='par_1_55' title="bbox 269 3106 1834 3179">
     <span class='ocr_line' id='line_1_55' title="bbox 269 3106 1834 3179; baseline 0.004 -21"><span class='ocrx_word' id='word_1_429' title='bbox 269 3108 434 3176; x_wconf 81' lang='grc' dir='ltr'>τῆρος</span> <span class='ocrx_word' id='word_1_430' title='bbox 480 3106 637 3178; x_wconf 78' lang='grc' dir='ltr'>ἡμῶν</span> <span class='ocrx_word' id='word_1_431' title='bbox 680 3107 856 3178; x_wconf 77' lang='grc' dir='ltr'>Ἰησοῦ</span> <span class='ocrx_word' id='word_1_432' title='bbox 917 3109 1152 3179; x_wconf 81' lang='grc' dir='ltr'>Χριστοῦ</span> <span class='ocrx_word' id='word_1_433' title='bbox 1212 3110 1353 3175; x_wconf 71' lang='grc' dir='ltr'><strong>ἔτος,</strong></span> <span class='ocrx_word' id='word_1_434' title='bbox 1407 3112 1466 3163; x_wconf 87' lang='grc' dir='ltr'>ὲν</span> <span class='ocrx_word' id='word_1_435' title='bbox 1513 3113 1634 3164; x_wconf 68' lang='grc' dir='ltr'><strong>Ίωα</strong></span> <span class='ocrx_word' id='word_1_436' title='bbox 1670 3115 1834 3176; x_wconf 79' lang='grc' dir='ltr'>νίνοις</span> 
     </span>
    </p>
   </div>
   <div class='ocr_carea' id='block_1_56' title="bbox 1946 3105 3516 3179">
    <p class='ocr_par' dir='ltr' id='par_1_56' title="bbox 1946 3105 3516 3175">
     <span class='ocr_line' id='line_1_56' title="bbox 1946 3105 3516 3175; baseline -0.004 -8"><span class='ocrx_word' id='word_1_437' title='bbox 1946 3116 2112 3168; x_wconf 72' lang='lat' dir='ltr'><strong>nostri</strong></span> <span class='ocrx_word' id='word_1_438' title='bbox 2153 3111 2278 3168; x_wconf 85' lang='lat' dir='ltr'><strong>Jcsu</strong></span> <span class='ocrx_word' id='word_1_439' title='bbox 2311 3113 2531 3175; x_wconf 78' lang='lat' dir='ltr'><strong>Christi,</strong></span> <span class='ocrx_word' id='word_1_440' title='bbox 2564 3113 2614 3164; x_wconf 88' lang='lat' dir='ltr'><strong>in</strong></span> <span class='ocrx_word' id='word_1_441' title='bbox 2675 3108 2958 3163; x_wconf 71' lang='lat' dir='ltr'><strong>Jo&#39;lttllinis</strong></span> <span class='ocrx_word' id='word_1_442' title='bbox 2984 3124 3144 3161; x_wconf 76' lang='lat' dir='ltr'><strong>manu</strong></span> <span class='ocrx_word' id='word_1_443' title='bbox 3185 3105 3516 3162; x_wconf 76' lang='lat' dir='ltr'><strong>Cltristuduli</strong></span> 
     </span>
    </p>
   </div>
   <div class='ocr_carea' id='block_1_57' title="bbox 270 3201 1844 3276">
    <p class='ocr_par' dir='ltr' id='par_1_57' title="bbox 270 3201 1674 3276">
     <span class='ocr_line' id='line_1_57' title="bbox 270 3201 1674 3276; baseline 0.009 -26"><span class='ocrx_word' id='word_1_444' title='bbox 270 3201 416 3272; x_wconf 78' lang='grc' dir='ltr'>γειρὶ</span> <span class='ocrx_word' id='word_1_445' title='bbox 439 3202 832 3274; x_wconf 76' lang='grc' dir='ltr'>Χριστοδούλου</span> <span class='ocrx_word' id='word_1_446' title='bbox 861 3202 978 3256; x_wconf 71' lang='grc' dir='ltr'><strong>υἱοῦ</strong></span> <span class='ocrx_word' id='word_1_447' title='bbox 1033 3203 1346 3275; x_wconf 80' lang='grc' dir='ltr'>Δημητρίου</span> <span class='ocrx_word' id='word_1_448' title='bbox 1381 3205 1674 3276; x_wconf 80' lang='grc' dir='ltr'><strong>Μεχελιοῦ.</strong></span> 
     </span>
    </p>
   </div>
   <div class='ocr_carea' id='block_1_58' title="bbox 1946 3201 2649 3276">
    <p class='ocr_par' dir='ltr' id='par_1_58' title="bbox 1947 3203 2649 3261">
     <span class='ocr_line' id='line_1_58' title="bbox 1947 3203 2649 3261; baseline -0.006 0"><span class='ocrx_word' id='word_1_449' title='bbox 1947 3208 2040 3261; x_wconf 81' lang='lat' dir='ltr'><strong>lilii</strong></span> <span class='ocrx_word' id='word_1_450' title='bbox 2079 3204 2328 3260; x_wconf 73' lang='lat' dir='ltr'><strong>Demetrii</strong></span> <span class='ocrx_word' id='word_1_451' title='bbox 2359 3203 2649 3259; x_wconf 78' lang='lat' dir='ltr'><strong>Micltaclii.</strong></span> 
     </span>
    </p>
   </div>
  </div>
