3968 6220
405 289 545 362 ιιιο

1583 273 1904 341 JOANNIS
1943 270 2413 332 ANTIOCHENI

3530 265 3687 331 me

400 406 703 471 voluntate,
733 401 916 459 divina
941 394 1255 471 praedicatio
1285 392 1471 449 urbem
1497 398 1765 445 terrarum
1805 399 1967 442 occu-

2084 364 2169 434 ἑὸν
2195 380 2383 450 λόγον
2404 378 2793 446 βεϐαιοῦντος
2822 377 2920 432 διὰ
2948 376 3067 431 τῶν
3081 376 3695 433 ἐπακολουθούντων

399 499 569 570 pavit,
597 507 913 564 cunctaeque
942 500 1131 561 gentes
1170 486 1397 557 imperio
1430 485 1597 554 ipsius
1629 480 1787 535 linem
1833 494 1971 570 nun-

401 565 564 658 quam
598 585 851 642 habituro
902 580 1158 652 subjecta
1200 585 1347 642 sunt,
1393 574 1507 629 haec
1536 572 1812 626 moderate
1839 565 1971 621 tole-

402 693 527 733 rare
581 692 686 733 non
727 673 903 746 potuit
930 672 1154 737 invidia,
1191 684 1284 724 seu
1319 665 1533 722 invidiae
1567 671 1740 733 paler,
1778 667 1969 713 auctor

403 770 669 826 malorum
692 766 858 822 draco
887 781 903 819 :
927 763 1021 820 sed
1047 778 1167 817 cum
1193 768 1441 815 cerneret
1475 754 1771 817 hominem,
1808 764 1968 820 quem

404 877 501 931 per
525 859 769 914 fraudem
794 871 828 913 e
861 854 1115 926 paradiso
1145 850 1443 921 expulerat,
1473 847 1527 902 in
1551 844 1746 901 corium
1771 842 1969 908 redire,

402 967 644 1017 omnem,
671 950 827 1021 juxta
850 944 1217 1019 proverbium,
1246 943 1476 1013 lapidem
1507 939 1693 1004 movit,
1728 946 1970 991 conten-

404 1041 541 1096 dens
587 1053 875 1095 accensam
922 1036 1079 1091 fidem
1115 1033 1479 1103 exstinguere.
1511 1033 1591 1084 Ac
1626 1028 1808 1100 primo
1845 1026 1968 1097 qui-

404 1132 548 1196 dem,
621 1145 718 1201 per
781 1130 989 1199 impura
1047 1127 1425 1182 instrumenta:
1470 1138 1566 1177 sua
1619 1123 1973 1190 imperatores

404 1219 526 1273 dico
549 1229 601 1272 et
622 1218 899 1287 praesides,
921 1215 1011 1285 qui
1040 1215 1213 1269 adhuc
1241 1229 1349 1284 pra:
1371 1228 1556 1268 errore
1583 1213 1843 1267 servitute
1870 1227 1969 1280 op-

406 1308 579 1377 pressi
630 1310 789 1364 abeo
847 1308 1216 1364 tenebantur:
1276 1307 1461 1363 fideles
1524 1308 1721 1376 ubique
1770 1304 1974 1362 consti-

406 1409 552 1456 tutos
584 1413 900 1472 persecutus
943 1412 1048 1467 est,
1078 1417 1143 1457 ac
1171 1400 1321 1457 omni
1373 1415 1573 1471 genere
1609 1399 1798 1455 mortis
1846 1413 1976 1453 con-

404 1491 557 1547 fecit.
607 1490 815 1547 Deinde
873 1507 998 1547 cum
1060 1492 1304 1548 divinum
1379 1494 1705 1561 praeconium
1763 1509 1972 1563 praeva-

403 1581 613 1646 luisset,
642 1582 1044 1651 inexpugnabili
1080 1582 1338 1638 nimirum
1368 1585 1484 1656 ejus
1516 1585 1604 1654 qui
1635 1587 1972 1654 persecutio-

406 1687 530 1727 nem
560 1675 867 1744 patiebatur
901 1676 1120 1741 virtute,
1145 1684 1201 1730 et
1226 1675 1370 1744 ipsos
1398 1692 1614 1746 quoque
1641 1676 1789 1731 orbis
1820 1692 1975 1748 reges

405 1764 659 1844 cepisset,
701 1789 876 1845 neque
907 1774 985 1830 sic
1015 1790 1167 1845 spem
1198 1775 1393 1844 abjecit
1426 1776 1599 1831 malus
1629 1776 1720 1832 ille
1745 1779 1976 1845 daetnon;

405 1879 593 1919 verum
625 1882 810 1922 rursus
838 1882 934 1938 per
963 1867 1231 1933 haereses,
1273 1882 1395 1937 qua:
1437 1870 1504 1923 ab
1538 1869 1654 1940 ipso
1698 1870 1980 1942 ipsiusque

407 1955 649 2024 profanis
681 1959 824 2014 vasis
858 1974 956 2028 per
1005 1968 1249 2028 tempora
1297 1970 1500 2017 exortae
1552 1972 1700 2027 sunt,
1751 1975 1979 2021 conatus

405 2057 493 2104 est
522 2058 767 2105 evertere
815 2061 1062 2107 sanctam
1116 2052 1296 2107 fidem.
1332 2051 1407 2109 Ut
1451 2064 1629 2110 autem
1673 2056 1837 2110 etiam
1878 2056 1982 2113 hoc

406 2142 567 2196 modo
598 2156 627 2195 a
662 2142 866 2197 sanctis
916 2141 1172 2199 Patribus
1223 2143 1448 2208 nostris,
1495 2146 1587 2214 qui
1643 2148 1979 2222 temporibus

405 2230 523 2285 suis
564 2229 632 2284 ad
679 2231 779 2286 hoc
825 2243 1239 2301 concurrerunt,
1269 2235 1517 2299 repulsus
1561 2244 1665 2302 est,
1722 2247 1976 2308 tanquam

406 2318 656 2375 machina
710 2323 959 2390 quaedam
1014 2336 1047 2377 a
1100 2339 1255 2379 muro
1299 2323 1645 2393 fortissimo,
1704 2328 1980 2399 ipsiusque

406 2411 668 2466 adversus
697 2410 855 2467 fidem
892 2411 1110 2470 framea:
1145 2413 1460 2472 defecerunt
1492 2418 1545 2473 in
1583 2418 1815 2486 (iuem‘,
1872 2421 1978 2476 alia

409 2498 639 2554 incessit
684 2499 794 2556 via.
854 2501 1072 2572 Loquor
1116 2513 1295 2560 autem
1338 2506 1407 2563 de
1439 2508 1768 2564 sanctissimi
1810 2511 1981 2580 bapti-

409 2590 607 2648 smatis
658 2592 936 2650 dilatione.
961 2592 1259 2666 .Fidelibus
1289 2598 1581 2667 persuasit,
1635 2608 1694 2655 ut
1740 2600 1841 2657 sub
1881 2618 1980 2658 ex-

409 2688 583 2737 trema
630 2683 753 2739 vitae
791 2699 922 2753 sua,
980 2686 1163 2743 divino
1212 2689 1605 2759 perficerentur
1635 2694 1978 2763 baptismate.

404 2776 477 2832 At
495 2777 794 2834 beatissimi
828 2778 1021 2838 Patres
1050 2783 1224 2839 nostri
1248 2787 1724 2859 apostolorumqne
1755 2805 1978 2850 succes-

404 2882 581 2936 sores,
608 2870 785 2926 intuiti
804 2872 1060 2927 damnum
1082 2872 1209 2929 inde
1236 2885 1437 2931 sanctze
1462 2878 1746 2935 catholica:
1770 2890 1825 2937 et
1845 2897 1980 2952 apo-

406 2958 608 3016 stolica:
638 2960 898 3018 Ecclesiae
923 2964 1252 3033 proveniens
1271 3006 1287 3035 ,
1310 2982 1429 3022 eam
1454 2969 1705 3026 videlicet
1726 2974 1982 3031 amittere

2079 473 2365 542 σημείων.
2409 473 2499 543 Τῷ
2542 472 2945 542 παντοδυνάμῳ
2978 470 3161 523 τοίνυν
3202 468 3370 524 αὑτοῦ
3410 470 3693 540 νεύματι,

2078 562 2172 613 τοῦ
2211 561 2356 615 θείου
2391 562 2750 631 κηρύγματος
2781 560 2871 613 τὸν
2903 559 2996 613 τοῦ
3034 559 3243 628 κόσμου
3275 559 3446 631 γῦρον
3478 559 3683 613 διαλα-

2080 650 2111 702 6
2121 652 2289 715 ῧντος,
2317 652 2412 704 καὶ
2443 652 2664 704 πάντων
2688 650 2797 703 τῶν
2826 649 2997 703 ὲθνῶν
3022 652 3089 719 τῇ
3118 649 3469 719 ἀτελευτήτῳ
3502 649 3695 703 αὑτοῦ

2081 737 2329 809 βασιλείᾳ⁸
2360 739 2766 807 ὑποταγέντων,
2797 739 2897 791 ούκ
2928 738 3121 809 ἔμελλε
3151 737 3325 791 ταῦτα
3357 739 3567 807 πράως
3594 738 3689 789 οἰ-

2081 847 2197 883 σειν
2226 832 2254 883 6
2291 830 2514 899 φθόνος,
2545 831 2663 900 ἦτοι
2696 832 2723 883 6
2752 828 2846 884 τοῦ
2881 828 3076 898 φθόνου
3109 829 3326 899 πατὴρ.
3358 828 3390 880 6
3423 828 3711 899 ἀρχέκαο.

2083 941 2177 986 tto;
2206 924 2425 995 δράκων
2444 939 2459 955 ’
2491 922 2607 977 ἀλλ’
2627 923 2772 993 ὁρῶν
2795 923 2888 977 τὸν
2916 922 3237 993 ἄνθρωπον,
3266 922 3326 976 ὃν
3358 922 3429 975 δι’
3448 916 3688 991 ἀπάτης

2081 1015 2175 1069 τοῦ
2213 1015 2543 1084 παραδείσου
2576 1015 2839 1078 ἐξέωσεν,
2874 1016 2956 1078 είς
2997 1014 3227 1083 οὐρανὸν
3260 1013 3687 1082 ἀνερχόμεντν,

2080 1108 2259 1160 πάντα
2291 1104 2437 1159 λίθον
2468 1106 2718 1177 ἐκίνησε,
2751 1104 2814 1159 τὸ
2845 1103 2938 1160 τοῦ
2972 1104 3166 1173 λόγου,
3200 1102 3307 1174 τὴν
3334 1103 3689 1173 ἑξαφθείααί

2080 1199 2265 1252 πίστιν
2293 1199 2628 1253 κατασϐέσαι
2661 1198 2982 1268 φιλονεικῶν
3016 1215 3031 1230 ·
3067 1197 3266 1268 πρῶτα
3296 1197 3402 1267 μὲν
3440 1197 3538 1249 διὰ
3568 1195 3689 1247 τῶν

2080 1288 2406 1361 ἀκαθάρτων
2435 1288 2601 1344 αὐτοῦ
2636 1290 2908 1361 ὀργάνων,
2958 1289 3223 1359 βασιλέων
3253 1289 3402 1358 φημὶ
3436 1289 3540 1341 καὶ
3575 1288 3686 1357 ἀρ-

2080 1380 2305 1452 χόντων,
2331 1381 2440 1433 τῶν
2467 1381 2547 1433 ἐτι
2573 1383 2640 1452 τῇ
2671 1381 2850 1456 πλάνῃ
2884 1381 3034 1451 αὐτῷ
3060 1379 3485 1449 δεδουλωμένων
3504 1418 3523 1442 ,
3550 1382 3686 1441 τοὺς

2080 1470 2397 1541 ἁπανταχοῦ
2428 1472 2654 1536 πιστοὺς
2681 1470 2929 1537 διώκων,
2965 1472 3058 1525 καὶ
3085 1470 3545 1541 παντοιοτρόπως
3577 1486 3686 1521 κιο

2080 1561 2392 1630 ταφονεύων
2442 1576 2456 1593 ⁸
2503 1561 2700 1617 ἔπειτα
2739 1560 2835 1614 τοῦ
2888 1561 3036 1615 θείου
3084 1559 3452 1631 κηρύγματος
3496 1562 3691 1629 ὑπερ-

2085 1657 2422 1727 ισχύσαντος,
2454 1660 2518 1729 τῇ
2553 1658 2752 1729 ἀμάχῳ
2783 1657 2985 1729 δηλαδὴ
3009 1656 3102 1710 τοῦ
3135 1656 3477 1727 διωκομένου
3508 1654 3689 1709 δυνά-

2010 1736 2053 1792 Β
2084 1766 2197 1819 μει,
2225 1748 2318 1802 καὶ
2344 1749 2528 1804 αὐτῶν
2550 1749 2658 1803 τῶν
2682 1750 2781 1820 τῆς
2809 1751 2914 1821 γῆς
2942 1748 3206 1819 βασιλέων
3234 1746 3685 1817 ἐπιλαϐομένου,

2080 1840 2189 1894 οὐδ’
2212 1841 2384 1903 οὕτως
2417 1842 2638 1910 ἀπέγνω
2669 1844 2698 1895 6
2733 1843 2969 1913 πονηρὸς
3001 1840 3214 1911 δαίμων
3244 1840 3459 1902 ἐκεῖνος
3485 1855 3501 1870 θ
3539 1838 3685 1892 ἀλλὰ

2081 1937 2177 1988 καὶ
2213 1931 2370 1996 αὖθις
2407 1934 2496 1988 διὰ
2529 1932 2624 1988 τοῦ
2662 1934 2803 1988 κατά
2846 1933 3075 2004 καιροὺς
3108 1930 3201 1984 ὑπ’
3224 1930 3394 1985 αὐτοῦ
3433 1930 3537 1983 καὶ
3571 1929 3683 1983 τῶν

2080 2026 2245 2082 αὑτοῦ
2274 2027 2517 2098 βεϐήλων
2545 2026 2754 2079 σκευῶν
2780 2025 3169 2095 ἀναφυομένων
3195 2023 3494 2093 αἱρέσεων,
3524 2022 3687 2074 ἐπει-

2085 2121 2217 2192 ρᾶτο
2244 2119 2344 2190 τὴν
2377 2119 2540 2187 ἁγίαν
2570 2117 2874 2188 ἀνατρέψαι
2906 2115 3112 2169 πίστιν.
3150 2114 3234 2176 Ὠς
3265 2114 3324 2167 δὲ
3357 2112 3463 2165 καὶ
3498 2112 3684 2175 οὕτως

2082 2212 2188 2265 ὑπὸ
2220 2212 2328 2265 τῶν
2363 2211 2536 2280 ἀγίων
2574 2212 2835 2278 Πατέρων
2874 2207 3032 2281 ἡμῶν
3065 2206 3175 2260 τῶν
3211 2208 3290 2270 είς
3328 2206 3495 2260 τοῦτο
3533 2209 3684 2261 κατὰ

2080 2305 2308 2375 καιροὺς
2338 2303 2766 2374 συντρεχόντων,
2794 2300 3173 2371 ἀπεκρούσθη,
3232 2298 3430 2370 ὥσπερ
3484 2316 3540 2352 τι
3578 2316 3687 2368 μη-

2081 2397 2306 2468 χάνημα
2327 2394 2543 2465 τείχους
2559 2394 2654 2465 όχυ
2664 2394 2928 2465 ρωτάτου·
2948 2395 3043 2446 καὶ
3056 2394 3113 2445 αἱ
3140 2389 3282 2444 κατά
3300 2391 3404 2459 τῆς
3434 2393 3684 2452 πίστεως

2080 2489 2325 2553 ἐξέλιπον
2367 2486 2534 2542 αὑτοῦ
2583 2488 2850 2557 ρομφαϊαι
2896 2485 2976 2548 είς
3017 2484 3208 2547 τέλος
3258 2482 3464 2552 ἑτέραν
3508 2476 3684 2552 ἦλθεν

2079 2579 2198 2633 όδόν
2216 2594 2229 2609 ⁸
2260 2578 2402 2648 λέγω
2426 2578 2511 2649 δὴ,
2542 2578 2638 2649 τὴν
2666 2577 2761 2631 τοῦ
2790 2576 3057 2645 παναγίου
3085 2576 3476 2646 βαπτίσματος
3504 2574 3620 2627 ὐπὲ
3629 2592 3686 2644 ρ-

2083 2670 2231 2725 θεσιν
2252 2688 2266 2702 θ
2296 2672 2422 2735 τοὺς
2450 2671 2676 2734 πιστοὺς
2705 2669 3036 2733 ἀναπείθων,
3070 2670 3201 2739 περὶ
3227 2666 3297 2721 τὰ
3328 2666 3544 2738 ἔσχατά
3573 2684 3684 2720 που

2080 2764 2178 2834 τῆς
2208 2764 2422 2817 ἑαυτῶν
2475 2761 2622 2831 ζωῆς
2660 2761 2737 2833 τῷ
2766 2761 2896 2832 θείῳ
2922 2759 3263 2814 τελειοῦσθαι
3297 2759 3677 2830 βαπτίσματι.

2095 2853 2183 2917 Ὦς
2217 2854 2272 2907 δὲ
2304 2854 2495 2923 ἑώρων
2526 2855 2575 2907 oi
2607 2853 2905 2925 τρισόλὸιοι
2946 2852 3189 2924 Πατέρες
3232 2851 3393 2923 ἡμῶν
3428 2855 3531 2906 καὶ
3564 2854 3679 2907 τῶν

2082 2947 2396 3001 ἀποστόλων
2419 2947 2656 3017 διάδοχοι
2712 2948 2812 3017 τὴν
2838 2948 2903 3000 ὲκ
2924 2946 3115 3000 τούτου
3143 2948 3211 3017 τῇ
3238 2946 3373 3017 ἀγίᾳ
3396 2946 3676 3017 καθολικῇ

406 3066 534 3106 suos
568 3051 793 3119 liberos,
844 3069 939 3123 per
1002 3066 1202 3114 mortes
1261 3058 1612 3127 subitaneas,
1663 3075 1762 3133 per
1815 3065 1978 3132 bella,

2084 3043 2178 3097 καὶ
2218 3042 2547 3113 ἀποστολικῇ
2586 3040 2886 3114 Ἐκκλησία
2927 3039 3221 3112 γινομένην
3264 3039 3479 3111 βλάϐην
3508 3079 3525 3103 ,
3570 3042 3676 3110 ζη-

409 3140 735 3212 naufragia,
793 3156 1129 3216 ceterosque
1175 3162 1370 3215 casus;
1429 3149 1608 3205 valido
1661 3164 1853 3210 conatu
1883 3157 1980 3212 ob-

407 3228 668 3285 stiterunt
697 3231 822 3286 huic
854 3232 1059 3289 inimici
1091 3235 1530 3293 machinamento
1571 3255 1586 3293 :
1622 3255 1688 3295 ac
1716 3256 1815 3313 per
1836 3245 1980 3301 divi-

410 3320 560 3377 nitus
592 3320 854 3391 inSpirata
896 3339 992 3379 sua
1018 3326 1345 3383 documenta
1373 3338 1426 3385 et
1457 3331 1682 3402 scripta,
1714 3349 1746 3390 e
1783 3337 1982 3406 quibus

408 3419 533 3466 sunt
594 3412 727 3468 illud
778 3430 793 3470 :
837 3412 1056 3483 Sapiens
1104 3419 1316 3489 quidem
1370 3418 1664 3489 Salomon;
1716 3436 1773 3482 et
1824 3428 1977 3487 hoc:

408 3501 536 3559 Heri
574 3505 847 3576 splendido
896 3508 1155 3565 luminum
1192 3511 1280 3567 die
1312 3552 1330 3579 .
1366 3523 1422 3569 et
1468 3530 1588 3585 quas
1639 3518 1707 3575 iis
1751 3534 1981 3577 consen-

410 3604 568 3651 tanea
592 3638 608 3665 ,
640 3612 829 3655 omnes
855 3614 920 3655 eo
945 3600 1308 3671 adduxerunt,
1362 3615 1425 3661 ut
1463 3607 1701 3666 infantes
1732 3613 1983 3681 baptiza-

412 3696 623 3755 rentur,
658 3697 821 3759 atque
859 3705 888 3744 a
928 3693 1245 3760 parentibus
1294 3696 1433 3761 suis,
1477 3700 1701 3770 suisque
1730 3717 1760 3756 e
1799 3703 1981 3762 divino

412 3774 739 3845 baptismate
776 3783 1216 3852 susceptoribus,
1255 3786 1397 3842 sicut
1435 3786 1778 3848 Christianos
1802 3792 1980 3862 decet,

410 3868 796 3925 educarentur.
834 3867 931 3927 Ubi
980 3888 1108 3928 vero
1135 3876 1299 3930 etiam
1340 3876 1445 3932 hoc
1491 3881 1826 3949 propositum
1875 3900 1980 3941 nou

412 3960 675 4014 successit
703 3961 916 4032 impuro
951 3962 1024 4018 illi
1060 3964 1317 4033 daemoni,
1354 3967 1790 4027 Christianorum
1819 3974 1980 4031 vitam

410 4065 702 4123 moresque
729 4056 952 4109 tentavit
984 4071 1357 4128 corrumpere.
1394 4058 1614 4117 Sciebat
1648 4065 1794 4118 enim
1830 4065 1983 4122 frau-

411 4141 689 4208 dulentus,
735 4144 892 4201 iidem
920 4147 1038 4203 sine
1071 4150 1327 4220 operibus
1359 4166 1480 4208 esse
1509 4164 1776 4209 mortuam
1799 4157 1841 4211 '.
1876 4157 1983 4213 Sed

414 4233 489 4287 ita
517 4248 733 4304 quoque
771 4246 958 4292 sancta
992 4237 1258 4308 Ecclesia,
1313 4257 1434 4312 quae
1466 4244 1729 4302 adversus
1778 4248 1982 4304 infero-

414 4336 536 4376 rum
586 4332 769 4393 portas
794 4327 1069 4396 praevalet,
1123 4329 1241 4399 ejus
1275 4334 1552 4401 superavit
1597 4338 1861 4406 argutias,
1893 4354 1984 4393 eo-

417 4428 645 4484 rumque
679 4418 768 4486 qui
806 4418 874 4472 ab
904 4418 996 4473 illo
1038 4420 1378 4490 instigantur,
1431 4440 1495 4478 ac
1519 4402 1780 4491 abjiciunt
1814 4430 1987 4496 pasni-
2016 4402 2061 4457 D

422 4509 665 4562 tentiam.
702 4509 979 4577 Siquidem
1024 4514 1197 4566 sancti
1245 4513 1433 4569 Patres
1488 4516 1681 4579 nostri,
1728 4520 1988 4587 expositis

415 4598 749 4669 paenitentiae
788 4600 982 4664 modis,
1031 4610 1086 4655 et
1112 4616 1395 4672 poenarum
1445 4607 1736 4675 generibus
1770 4610 1834 4664 ad
1881 4609 1984 4665 ho-

416 4691 623 4746 minum
679 4700 899 4761 peccata
952 4695 1439 4764 respondentibus,
1485 4711 1845 4769 properarunt
1892 4716 1987 4772 per

417 4783 535 4841 base
577 4800 872 4857 repurgare
918 4786 1177 4843 Ecclesiae
1202 4803 1399 4860 corpus
1445 4800 1501 4844 et
1536 4793 1678 4846 sacri
1734 4794 1984 4864 baptismi

415 4879 645 4948 gratiam
681 4894 711 4933 a
738 4878 949 4935 delictis
989 4879 1261 4945 obrutam,
1312 4881 1506 4938 iterum
1542 4883 1788 4941 lidelibus
1822 4887 1986 4941 resti-

416 4975 593 5024 tuere.
655 4968 808 5025 Unde
871 4970 1250 5040 pmnitentium
1310 4974 1499 5043 ingens
1564 4975 1858 5031 multitudo
1914 4977 1983 5031 ad

418 5060 683 5117 ecclesias
719 5062 1059 5132 confugiens,
1088 5065 1299 5134 sibique
1331 5058 1620 5137 impositas
1643 5082 1832 5138 pteuas
1861 5084 1988 5124 sns-
2018 5081 2024 5086 ‘

419 5152 663 5224 cipiens,
744 5156 1081 5211 remissionis
1144 5158 1469 5213 solutionem
1530 5161 1985 5230 consequebatur.

406 5244 808 5325 'Verumlamcn
877 5245 1074 5303 diaboli
1135 5250 1645 5323 immundorumque
1700 5254 1790 5323 qui
1864 5268 1986 5308 cum

406 5338 541 5410 .ipso
569 5350 711 5407 sunt,
732 5338 1016 5410 spirituum
1050 5341 1282 5397 violenta
1313 5343 1651 5413 improbitas,
1689 5346 1811 5401 vitae
1841 5345 1991 5414 pcla-

498 5499 521 5530 ⁶
548 5498 696 5557 Psal.
733 5515 811 5565 ιχ,
836 5498 892 5552 7.
968 5498 990 5531 ⁸
1018 5495 1133 5551 Jac.
1168 5513 1227 5561 ιι,
1259 5497 1352 5561 ‘20,
1379 5499 1471 5555 26.

2086 3135 2389 3207 μιουμένην
2438 3134 2610 3206 αὐτὴν
2655 3133 2899 3203 δηλονότι
2945 3133 3015 3186 τά
3064 3132 3176 3187 ίδια
3220 3133 3424 3194 τέκνα.
3474 3132 3567 3185 δια
3617 3150 3679 3185 τε

2082 3226 2365 3297 αἰφνιδίων
2405 3225 2673 3291 θανάτων,
2716 3224 2805 3280 διά
2848 3243 2907 3278 τε
2954 3224 3231 3294 πολέμων,
3276 3226 3570 3292 ναυαγίων
3615 3241 3680 3278 τε

2083 3317 2180 3371 καλ⁵
2205 3316 2412 3372 λοιπῶν
2440 3315 2867 3387 συμπτωμάτων
2889 3333 2902 3347 ·
2931 3313 3184 3368 ἔνστασιν
3212 3315 3336 3385 ίσχυ
3348 3314 3452 3385 ράν
3479 3316 3683 3369 ἐνεδεί-

2083 3408 2273 3476 ξαντο,
2304 3410 2398 3463 καὶ
2426 3409 2568 3463 κατά
2591 3407 2692 3477 τῆς
2715 3405 2971 3476 τοιαύτης
2995 3406 3088 3460 τοῦ
3118 3404 3317 3477 ἐχθροῦ
3356 3424 3681 3477 μηχανουρ-

2082 3500 2209 3570 γίας
2232 3538 2248 3567 ,
2286 3500 2382 3554 καὶ
2419 3500 2505 3554 διὰ
2538 3499 2646 3554 τῶν
2680 3498 3056 3553 θεοπνεύστων
3085 3498 3268 3551 αὐτῶν
3297 3497 3679 3552 διδασκαλιῶν

2082 3591 2180 3645 καὶ
2211 3590 2697 3662 συγγραμμάτων
2717 3588 2777 3655 ἐξ
2806 3582 2880 3643 ὧν
2908 3591 3013 3643 είσι
3046 3587 3187 3661 (2⁸),
3214 3587 3307 3654 τὸ,
3344 3588 3546 3659 ὀμὲν
3572 3604 3679 3644 σει-

2081 3683 2197 3754 φὸς
2219 3679 2524 3752 Σολομῶν,
2560 3682 2654 3735 καὶ
2684 3680 2777 3748 τὸ,
2814 3680 2962 3748 Χθές
3004 3679 3078 3749 τῇ
3120 3679 3369 3749 λαμπρᾷ
3401 3680 3531 3735 τῶν
3563 3681 3685 3752 5:03-

2084 3790 2201 3828 των
2231 3772 2443 3844 ἡμέρᾳ,
2496 3775 2592 3826 καὶ
2646 3771 2718 3826 τὰ
2759 3772 2965 3826 τούτων
2995 3772 3263 3826 ἀκόλουθα
3289 3788 3301 3800 ⁸
3334 3775 3558 3837 πάντας
3585 3775 3685 3827 ἀν-

2082 3864 2312 3920 έπεισαν
2357 3863 2583 3936 νηπίους
2610 3864 2993 3936 βαπτίζεσθαι,
3037 3864 3132 3917 καὶ
3178 3863 3270 3917 διὰ
3307 3864 3420 3918 τῶν
3464 3864 3681 3932 γονέων

2084 3959 2286 4025 αὐτῶν,
2313 3958 2409 4014 καὶ
2436 3959 2545 4014 τῶν
2575 3961 2640 4012 ὲκ
2665 3959 2758 4011 τοῦ
2789 3959 2932 4012 θείου
2965 3958 3343 4028 βαπτίσματος
3368 3957 3682 4026 ἀναδόχων,

2084 4051 2486 4122 Χριστιανικῶς
2516 4050 2941 4122 ἀνατρέφεσθαι.
2974 4050 3062 4114 Ὠς
3091 4049 3147 4103 δὲ
3177 4051 3270 4101 καὶ
3297 4048 3393 4101 τοῦ
3420 4050 3678 4102 τοιούτου

2087 4141 2295 4199 σκοποῦ
2328 4142 2602 4214 ἀπέτυχεν
2633 4145 2661 4198 6
2698 4142 2893 4214 μιαρὸς
2926 4142 3139 4212 δαίμων
3169 4143 3401 4207 ἐκεῖνος,
3431 4141 3538 4210 τὴν
3566 4143 3682 4194 τῶν

2085 4235 2427 4308 Χριστιανῶν
2469 4235 2745 4290 πολιτείαν
2782 4235 3094 4306 διαφθεῖραι
3133 4234 3496 4289 ἐσπούδασεν.
3528 4234 3680 4301 Ἐγί-

2085 4345 2261 4382 νωσκε
2310 4328 2418 4401 γὰρ
2445 4329 2474 4382 6
2520 4326 2693 4392 δόλιος
2730 4328 2815 4381 ὃτι
2843 4328 2876 4398 ἡ
2909 4327 3091 4391 πίστις
3122 4326 3293 4397 χωρὶς
3347 4325 3459 4379 τῶν
3494 4326 3680 4394 ἔργων

2090 4420 2260 4490 νεκρά
2287 4419 2455 4474 ἐστιν.
2486 4417 2650 4472 Ἀλλὰ
2680 4419 2775 4474 καί
2802 4416 2975 4482 οὕτως
3005 4419 3038 4489 ἡ
3065 4418 3173 4472 τῶν
3200 4416 3298 4471 τοῦ
3328 4418 3459 4489 ᾅδου
3488 4419 3679 4472 πυλῶν

2094 4510 2463 4581 κατισχύουσα
2518 4510 2817 4581 Ἐκκλησία
2846 4510 2976 4581 ἀγία
3004 4511 3338 4582 ὑπερίσχυσε
3365 4510 3478 4563 τῶν
3507 4511 3679 4564 αὐτοῦ

2093 4609 2476 4678 σοφισμάτων,
2519 4606 2613 4660 καὶ
2650 4606 2758 4659 τῶν
2797 4602 3077 4658 ὑπἀὐτοῦ
3123 4605 3544 4674 ἐνεργουμένων
3584 4609 3679 4658 καὶ

2090 4700 2189 4771 τὴν
2217 4698 2503 4770 μετάνοιαν
2527 4698 3007 4769 ἀπαγορευόντων.
3032 4695 3093 4749 Oi
3119 4695 3230 4766 γάρ
3254 4694 3405 4765 ἀγιοι
3429 4698 3579 4750 Πατέ
3587 4714 3679 4767 ρες

2092 4792 2251 4864 ἡμῶν
2289 4790 2579 4863 μετανοίας
2616 4789 2851 4859 τρόπους
2886 4788 3205 4859 ὲκθέμενοι,
3241 4789 3337 4841 καὶ
3376 4788 3681 4859 ἐπιτιμίων

2094 4886 2237 4948 ίδέας
2272 4885 2567 4953 ἀναλόγους
2606 4886 2720 4947 τοῖς
2756 4883 2866 4937 τῶν
2899 4880 3205 4954 ἀνθρώπων
3240 4882 3677 4952 ἁμαρτήμασιν,

2091 4978 2350 5032 ἔσπευδον
2382 4976 2450 5031 δι’
2474 4976 2652 5030 αὐτῶν
2691 4974 3080 5044 ἀνακαθαίρειν
3114 4975 3176 5027 τὸ
3217 4973 3379 5043 σῶμα
3413 4974 3518 5043 τῆς
3556 4975 3677 5027 Ἐκ-

2093 5071 2355 5142 κλησίας,
2389 5069 2486 5123 καὶ
2519 5068 2618 5140 τὴν
2654 5068 2761 5122 ὑπὸ
2792 5067 2902 5121 τῶν
2934 5065 3226 5137 αμαρτιῶν
3260 5066 3675 5136 συγχωσθείσαν

2094 5164 2252 5236 χάριν
2275 5164 2371 5218 τοῦ
2398 5163 2554 5231 ἁγίου
2584 5162 2956 5234 βαπτίσματος
3006 5161 3117 5222 τοίς
3142 5161 3357 5223 πιστοῖς
3387 5158 3674 5213 ἀνακαλεῖ·

2096 5252 2218 5307 σθαι
2259 5252 2444 5307 πάλιν.
2471 5252 2635 5306 Ὅθεν
2677 5252 2774 5307 καὶ
2815 5251 2925 5305 τῶν
2968 5249 3376 5320 μετανοούντων
3411 5249 3465 5303 oi
3506 5249 3673 5317 δῆμοι

2094 5346 2212 5409 ταῖς
2243 5343 2562 5415 ἐκκλησίαις
2592 5342 3062 5412 προσφεύγοντες,
3093 5342 3193 5396 καὶ
3222 5341 3326 5406 τὰς
3356 5340 3677 5412 ἐπιτιθεμέ-

1581 5594 1765 5655 Joan.
1800 5595 1982 5674 Bapt.
2015 5595 2325 5658 Coleleris
2354 5600 2516 5660 nota.-

502 5717 604 5790 (Υ)
649 5720 829 5776 Basilii
870 5724 1090 5778 homilia
1129 5724 1227 5790 15',
1256 5723 1421 5793 (ἴσως.
1455 5722 1589 5778 Naz.
1626 5738 1709 5777 or.
1743 5723 1831 5778 60.
