3968 6220
320 282 452 347 1121
1094 278 1193 341 DE
1234 278 1755 341 mommsens
1790 278 2039 338 LAICIS
2079 273 2238 336 NON
2276 274 2739 337 rmosxms.
2840 247 2867 273 ⁴
3422 238 3559 334 περ

297 416 402 462 νας
430 396 616 460 αὐτοῖς
645 393 931 465 ἐπιτιμίας
959 394 1383 465 καταδεχόμενοι
1403 436 1416 455 ,
1447 394 1546 455 τὰς
1579 391 1880 460 ἀφεσίμους
1910 410 1925 455 Α

2036 405 2106 443 tm
2145 390 2484 459 perturbans,
2522 388 2667 457 ipsos
2721 400 2935 458 quoque
2986 385 3349 458 ptcnitentcs,
3404 397 3559 443 ante-

301 491 492 552 λῦσεις
540 488 868 558 ἐλάμϐανον.
911 486 1050 539 ‘AD.’
1077 487 1228 556 ὅμως
1273 488 1305 557 ἡ
1350 486 1444 539 τοῦ
1490 483 1742 538 διαόὅλου
1788 483 1887 536 καὶ

2033 499 2154 536 nam
2215 480 2578 537 ccufecisscnt
2638 494 2916 549 prunarum
2979 479 3049 534 ob
3098 480 3278 551 priora
3339 487 3561 551 peccata

301 582 418 635 τῶν
448 582 545 635 σὺν
576 579 729 649 αὐτῷ
769 578 1096 649 ἀκαθάρτων
1127 578 1453 649 πνευμάτων
1490 577 1723 646 ὲπήρεια
1743 616 1757 637 ,
1791 573 1890 643 τὴν

2033 574 2359 645 ιίιιιιςιειτυιυ
2412 583 2653 643 tempus,
2708 572 2931 627 aliorum
2960 572 3279 627 delictorum
3312 569 3563 629 ﬂuctibus

301 671 404 725 τοῦ
455 671 574 742 βίου
625 671 904 724 θάλασσαν
955 671 1391 741 ἐκταράσσουσα,
1441 670 1535 722 καὶ
1581 667 1778 728 αὐτοὺς
1829 664 1893 735 δὴ

2038 662 2368 731 emergeliat.

302 768 437 830 τοὺς
486 765 905 837 μετανοοῦντας,
962 766 1070 836 πρὸ
1115 765 1210 818 τοῦ
1260 766 1508 817 διανῦσαι
1557 764 1649 817 τὸν
1698 761 1892 833 χρόνον
1944 760 2041 828 τῆς
2074 757 2356 828 ἐπιτιμίας
2386 756 2493 809 τῶν
2562 753 2975 826 προγεγονότων
3008 753 3190 816 αὐτοῖς
3223 752 3564 824 ἁμαρτημά-

306 877 440 920 των.
473 859 675 931 ἑτέρων
708 858 994 929 ἁμαρτιῶν
1023 858 1234 928 κύμασι
1267 856 1690 921 κατεόάπτιζεν.

391 949 457 1020 β’.
498 949 636 1001 Επεὶ
681 944 776 1002 οὖν
822 948 944 1002 λίαν
994 948 1233 1020 ἐργῶδες
1282 950 1376 1001 καὶ
1427 949 1894 1019 δυσκατόρθωτον,

313 1044 405 1095 ἵνα
438 1041 513 1111 μὴ
541 1042 686 1109 λέγω
717 1041 1001 1106 ἀδύνατον,
1033 1045 1142 1104 τοῖς
1176 1042 1338 1095 πᾶσιν
1371 1040 1543 1111 ἐφάνη
1566 1082 1580 1106 ,
1611 1041 1672 1094 τὸ
1702 1042 1766 1111 τῇ
1801 1040 1894 1092 0a-

310 1135 492 1204 λέισσῃ
520 1132 612 1185 τοῦ
648 1131 764 1203 βίου
795 1132 1132 1201 ἐμπλέοντας
1170 1132 1435 1203 ἁϐρόχους
1489 1131 1893 1204 διατηρείσθαι·

318 1223 516 1293 ἤκουον
564 1221 620 1273 δὲ
697 1220 792 1273 τοῦ
844 1221 978 1273 Θεοῦ
1031 1222 1125 1275 καὶ⁸
1175 1223 1425 1291 Σωτῆρος
1472 1221 1630 1293 ἡμῶν
1684 1223 1741 1273 ἐν
1786 1222 1899 1283 τοῖς

319 1315 498 1381 ἁγίοις
542 1314 636 1366 καὶ
677 1313 969 1383 ἀκράντοις
1007 1313 1174 1366 αὑτοῦ
1218 1313 1572 1382 Εὖαγγελίοις
1610 1313 1895 1382 λέγοντοςο

321 1404 538 1470 Οὐδεὶς
582 1403 832 1457 δύναται
874 1405 1016 1458 δυσὶ
1058 1406 1288 1474 κυρίοις
1327 1406 1642 1460 δουλεύειν
1666 1423 1679 1434 ·
1712 1405 1749 1472 ἢ
1775 1403 1887 1474 γὰρ

318 1496 430 1547 τὸν
470 1494 579 1547 ἕνα
624 1494 897 1563 μισήσει,
945 1495 1041 1548 καί
1089 1497 1196 1550 τὸν
1237 1496 1444 1565 ἕτερον
1485 1496 1818 1566 ἀγαπήσει·
1867 1496 1903 1565 ἢ

316 1588 460 1653 ἐνὸς
504 1587 850 1653 ἀνθέξεται,
895 1588 992 1642 καί
1037 1589 1142 1643 τοῦ
1189 1589 1394 1658 ἐτέρου
1438 1572 1904 1660 καταφρονήσει.

312 1679 681 1733 Οὺὸύνασθε
707 1679 826 1744 Θεῷ
844 1680 1158 1735 δουλεύειν
1187 1682 1284 1735 καὶ
1313 1681 1629 1752 μαμμωνᾷ.
1662 1682 1772 1736 Καὶ
1804 1682 1910 1734 πά-

2077 941 2135 996 2.
2170 939 2619 1010 Quandoquidem
2670 937 2832 1006 igitur
2878 936 3035 990 valde
3084 949 3366 1003 operosum
3400 936 3566 991 factu-

2002 1049 2107 1103 que
2135 1033 2370 1098 difﬁcile,
2390 1048 2457 1086 ne
2480 1031 2657 1087 dicam
2681 1028 3009 1101 impossibile
3034 1029 3205 1083 visunt
3228 1039 3309 1083 est
3335 1031 3569 1095 cunctis,

2003 1125 2306 1194 navigando
2346 1140 2440 1195 per
2483 1125 2603 1177 vitae
2644 1138 2812 1186 mare,
2849 1120 3056 1176 servari
3088 1136 3116 1174 a
3152 1119 3405 1175 ﬂuctibus
3439 1121 3570 1175 illa:-

2003 1238 2126 1288 Sos;
2151 1224 2440 1278 audiebant
2471 1233 2650 1277 autem
2684 1222 2846 1276 Deum
2873 1237 2936 1275 ac
2962 1220 3304 1277 Servatorem
3330 1230 3572 1275 nostrum

2003 1317 2056 1370 in
2088 1317 2292 1372 sanctis
2346 1324 2401 1369 et
2436 1314 2883 1370 incontaminatis
2910 1314 3226 1382 Evangeliis
3253 1313 3365 1367 suis
3393 1315 3574 1368 dicen-

2000 1416 2106 1461 tem
2135 1427 2148 1462 :
2189 1406 2356 1461 Nemo
2383 1419 2544 1474 potest
2570 1408 2772 1461 duobus
2799 1407 3022 1460 dominis
3054 1408 3245 1461 servire
3271 1424 3292 1473 ;
3324 1417 3410 1459 aut
3439 1408 3575 1461 enim
3682 1404 3683 1407 “

2004 1516 2164 1553 unum
2216 1501 2336 1553 odio
2380 1501 2624 1564 habebit,
2657 1511 2704 1553 et
2754 1500 2977 1552 alterum
3013 1498 3193 1569 diliget
3226 1509 3379 1553 :aut
3415 1515 3577 1553 unum

2004 1592 2299 1655 sustinebit,
2348 1602 2395 1645 et
2434 1592 2657 1643 alterunt
2697 1598 3006 1646 contemnet.
3041 1589 3164 1645 Non
3211 1593 3425 1659 potestis
3470 1592 3578 1646 Deo

2007 1683 2196 1736 servire
2241 1692 2287 1735 et
2341 1698 2655 1735 ntammonw
2675 1682 2715 1735 ⁸.
2750 1682 2815 1735 Ει
2846 1682 3038 1736 iterum
3065 1697 3084 1737 :
3109 1681 3166 1737 Si
3193 1686 3307 1752 quis
3334 1682 3441 1736 vult
3463 1691 3579 1747 post

318 1772 408 1826 λιν
434 1789 450 1805 θ
488 1774 560 1826 El
594 1792 683 1840 τις
720 1772 879 1828 θέλει
917 1776 1110 1829 ὀπίσω
1141 1793 1262 1845 μου
1297 1776 1519 1840 ἐλθεῖν,
1556 1774 1908 1843 ἀπαρνησά-

2033 1789 2093 1825 tte
2141 1775 2338 1836 uenire,
2394 1774 2609 1845 abneget
2658 1773 3021 1841 semetipsum,
3080 1783 3128 1827 et
3179 1773 3331 1826 tollat
3376 1789 3581 1826 crucem

317 1865 450 1916 σθω
483 1863 721 1929 ἑαυτὸν,
758 1864 854 1916 καὶ
894 1864 1088 1931 ἀράτω
1122 1865 1227 1918 τόν
1256 1866 1526 1931 σταυρὸν
1556 1864 1772 1927 αὐτοῦ,
1810 1862 1908 1916 καί

320 1956 727 2010 ἀκολουθείτω
750 1974 871 2025 μοι.
906 1957 1012 2008 Καὶ
1045 1954 1207 2009 πάλιν
1228 1972 1242 1987 ’
1274 1955 1349 2009 Εἴ
1377 1972 1464 2020 τις
1496 1954 1729 2023 ἔρχεται
1760 1954 1909 2020 πρὸς

316 2047 420 2116 μὲ,
462 2047 561 2101 καὶ
593 2050 665 2102 οὺ
698 2047 869 2117 μισεῖ
898 2047 1005 2101 τὸν
1038 2046 1265 2116 πατέρα
1295 2047 1483 2101 αὑτοῦ
1521 2047 1619 2099 καὶ
1658 2046 1771 2111 τὴν
1797 2063 1911 2115 μη-

325 2140 497 2208 τέρα,
529 2140 616 2195 ἔτι
651 2140 719 2193 δὲ
754 2141 853 2196 καὶ
885 2140 1001 2210 τὴν
1029 2141 1247 2194 ἑαυτοῦ
1281 2139 1515 2209 ψυχὴν,
1547 2141 1617 2192 οὐ
1660 2139 1913 2192 δύναται

317 2247 445 2299 μου
475 2227 629 2284 εἶναι
657 2231 955 2299 μαθητής.
988 2232 1100 2285 Καὶ
1131 2230 1287 2294 αὖθις
1316 2248 1332 2264 ·
1369 2231 1432 2284 '0
1467 2230 1662 2300 φιλῶν
1691 2230 1916 2298 πατέρα

2009 1878 2182 1926 suam,
2210 1863 2256 1917 el
2291 1874 2538 1933 sequatur
2558 1865 2698 1918 me'.
2724 1861 3042 1931 Rursusque
3072 1880 3086 1916 :
3117 1860 3176 1916 Si
3201 1864 3317 1932 quis
3348 1864 3480 1916 t'enit
3514 1862 3582 1916 ad

2009 1969 2111 2015 me,
2158 1963 2206 2007 et
2254 1970 2355 2007 non
2392 1955 2506 2008 odit
2560 1968 2764 2020 patrem
2816 1970 2969 2006 suunt
3014 1964 3060 2006 et
3121 1964 3365 2018 matrem,
3413 1954 3584 2007 adhuc

2011 2055 2184 2097 autem
2213 2054 2260 2097 et
2306 2046 2538 2097 animam
2571 2061 2748 2107 suam,
2786 2061 2889 2099 non
2912 2052 3076 2114 potest
3108 2060 3251 2097 meus
3290 2061 3402 2098 esse
3424 2045 3585 2097 disci-

2011 2139 2164 2207 palus
2185 2139 2227 2192 ⁸.
2258 2137 2325 2191 Ει
2372 2140 2594 2194 adhuc:
2644 2139 2748 2204 Qui
2781 2150 2923 2192 amat
2975 2150 3178 2207 patrem
3227 2148 3319 2191 aut
3367 2149 3585 2192 matrem

2012 2230 2289 2301 plusquam
2342 2247 2452 2291 me,
2505 2246 2605 2282 non
2648 2240 2724 2283 est
2776 2245 2854 2282 nte
2895 2229 3107 2299 dignus.
3160 2228 3228 2283 Et
3271 2233 3360 2301 qui
3416 2231 3587 2301 diligit

325 2321 369 2388 ἦ
402 2320 629 2390 μητέρα
666 2321 818 2391 ὑπὲρ
856 2322 961 2392 ἐμὲ
997 2325 1108 2377 οὐκ
1161 2323 1292 2376 ἔστι
1327 2340 1447 2392 μου
1506 2322 1696 2390 ἄξιος.
1734 2325 1842 2377 Καὶ
1885 2328 1918 2380 d

2033 2334 2184 2386 ilium
2225 2343 2317 2386 aut
2346 2333 2515 2401 ﬁliam
2550 2348 2707 2401 super
2738 2347 2840 2393 me,
2888 2348 2989 2385 non
3032 2341 3112 2386 est
3154 2349 3233 2386 me
3266 2333 3484 2401 dignus.
3521 2333 3589 2387 Et

326 2412 581 2479 ἀγαπῶν
606 2411 740 2466 υἱὸν
766 2409 804 2481 ἢ
834 2411 1133 2481 θυγατέρα
1164 2411 1313 2481 ὑπὲρ
1344 2412 1469 2482 ἐμὲ,
1499 2414 1611 2466 οὐκ
1640 2412 1772 2466 ἐστι
1797 2432 1917 2483 μου

2033 2424 2104 2492 iui
2132 2439 2233 2475 non
2276 2424 2467 2491 accipit
2517 2438 2721 2475 crucem
2768 2437 2942 2486 suam,
2993 2432 3040 2475 et
3087 2424 3320 2493 sequitur
3352 2441 3451 2485 me.
3489 2440 3590 2477 non

329 2501 524 2568 ἄξιος.
570 2503 678 2558 Καὶ
712 2502 781 2570 ὃς
816 2506 889 2559 οὐ
924 2505 1216 2573 λαμϐάνει
1256 2506 1364 2558 τὸν
1402 2505 1669 2574 σταυρόν
1709 2507 1918 2573 αὑτοῦ,

2033 2521 2094 2564 2st
2127 2527 2204 2564 me
2230 2512 2417 2581 dignus
2437 2513 2483 2567 θ.
2511 2513 2687 2580 Atque
2714 2513 2780 2565 ad
2811 2527 2907 2567 eos
2930 2511 3020 2579 qui
3052 2513 3304 2568 dixerant
3325 2515 3373 2568 ei
3406 2529 3423 2568 :
3452 2512 3587 2568 Ecce

332 2596 434 2649 καὶ
472 2598 800 2653 ἀκολουθεῖ
837 2599 1031 2652 ὀπίσω
1065 2616 1208 2668 μου,
1247 2600 1359 2653 οὐκ
1403 2599 1537 2651 ἐστι
1566 2616 1688 2667 μου
1729 2598 1919 2665 ἄξιος,

2033 2620 2115 2656 uos
2150 2604 2456 2671 reliquimus
2495 2606 2691 2667 omnia,
2724 2614 2770 2656 et
2798 2605 2961 2657 secuti
2994 2619 3176 2657 sumus
3199 2615 3281 2668 te;
3316 2603 3443 2674 quid
3469 2619 3592 2671 ergo

334 2689 448 2741 Καὶ
482 2689 621 2759 πρὸς
663 2691 789 2753 τοὺς
839 2692 1095 2754 εἰπόντας
1126 2689 1277 2761 αὐτῷ
1302 2707 1317 2722 ·
1370 2689 1529 2745 Ἰδοὺ
1564 2689 1738 2759 ἡμεῖς
1769 2690 1925 2758 ἀρή-

2033 2696 2118 2749 erit
2160 2696 2350 2749 nobis?
2384 2698 2492 2749 ait:
2523 2696 2687 2749 Amen
2734 2695 2849 2749 dico
2876 2695 3040 2760 vobis,
3075 2697 3213 2764 quod
3259 2711 3346 2749 uos
3389 2695 3478 2764 qui
3510 2710 3596 2749 se-

332 2796 528 2849 καμεν
555 2781 773 2847 πάντα,
826 2783 925 2837 καὶ
966 2782 1475 2853 ἠκολουθήσαμέν
1539 2798 1673 2837 σοι·
1712 2784 1770 2837 τι
1813 2783 1925 2851 ἄρα

2033 2790 2134 2842 cuti
2173 2791 2294 2843 estis
2332 2805 2435 2854 me,
2487 2790 2543 2843 in
2596 2790 2980 2859 regeneratione
3026 2804 3147 2842 cum
3180 2786 3371 2842 sederit
3419 2784 3593 2841 Filius

334 2871 510 2927 ἔσται
539 2873 721 2943 ὴμῒν;
764 2874 955 2946 φησίν,
1005 2875 1184 2945 Ἀμὴν
1207 2875 1362 2945 λέγω
1389 2873 1532 2943 ὑμῖν
1557 2874 1645 2927 ότι
1676 2872 1841 2942 ὑμεῖς
1874 2876 1925 2928 ol

2033 2880 2250 2936 hominis
2292 2882 2344 2934 in
2388 2882 2507 2935 sede
2560 2880 2850 2950 majestatis
2897 2896 3029 2947 sum,
3091 2880 3336 2935 sedebitis
3394 2888 3443 2934 et
3506 2894 3594 2934 vos

336 2963 871 3034 ἀκολουθήσαντές
909 2985 1032 3036 μοι,
1077 2967 1147 3021 ἐν
1183 2966 1259 3035 τῇ
1306 2967 1737 3037 παλιγγενεσία
1784 2966 1925 3019 ὅταν

2033 2988 2184 3040 super
2227 2973 2371 3026 sedes
2418 2970 2713 3035 duodecim,
2744 2971 3049 3041 judicantes
3109 2970 3388 3024 duodecim
3427 2970 3597 3024 tribus

337 3059 565 3127 καθίσῃ
606 3062 639 3112 ὁ
679 3059 809 3125 Υἱὸς
844 3059 951 3114 τοῦ
991 3059 1309 3128 ἀνθρώπιυ
1348 3059 1447 3113 ἐπί
1488 3060 1705 3128 θρόνου
1742 3057 1925 3128 δόξης

2033 3069 2221 3124 Israel.
2254 3067 2320 3121 Et
2357 3068 2529 3122 omnis
2576 3069 2665 3136 qui
2699 3068 2967 3137 reliquerit
2996 3065 3211 3119 domum
3249 3075 3340 3118 aut
3371 3074 3597 3134 patrem,

338 3150 552 3213 αὐτοῦ,
583 3152 908 3205 καθίσεσαε
935 3150 1033 3204 καὶ
1062 3151 1234 3221 ὑμεῖς
1260 3152 1360 3205 ἐπὶ
1389 3149 1619 3205 δώδεκα
1647 3152 1922 3221 θρόνους,

2033 3172 2116 3216 aut
2151 3172 2391 3226 matrem,
2432 3170 2524 3213 aut
2579 3159 2801 3228 fratres,
2852 3167 2944 3211 aut
2989 3172 3238 3222 uxorem,
3289 3165 3380 3209 aut
3433 3155 3596 3224 ﬁlios,

341 3240 658 3308 κρίνοντες
699 3239 798 3307 τὰς
849 3241 1081 3297 δώδεκα
1121 3242 1322 3312 φυλὰς
1362 3243 1470 3299 τοῦ
1504 3243 1770 3313 Ἰσραήλ.
1815 3243 1924 3298 Kal

2033 3261 2122 3306 aut
2154 3267 2329 3321 agros,
2367 3261 2576 3319 prapter
2604 3266 2684 3303 me
2736 3260 2783 3303 et
2827 3257 3038 3317 propter
3084 3245 3448 3315 Evangelium,
3482 3262 3603 3300 cen-

342 3331 572 3413 uage;
619 3334 854 3405 ἀφῆκεν
890 3336 1107 3401 οὶκίαν,
1152 3338 1191 3405 ἤ
1235 3337 1477 3406 πατέρα,
1520 3336 1558 3406 ἢ
1597 3337 1843 3407 μητέρα,
1886 3337 1925 3406 ἣ

2033 3344 2233 3412 tuplum
2288 3342 2537 3412 accipiet,
2592 3349 2642 3394 et
2698 3340 2857 3394 uitam
2907 3350 3157 3394 teternam
3216 3338 3500 3405 possidebit
3534 3337 3600 3395 ¹⁹.

340 3425 673 3497 ἀδελφοὺς,
701 3430 740 3498 ἢ
772 3429 1048 3501 γυναῖκα,
1078 3431 1117 3498 ἢ
1143 3422 1346 3496 τέκνα,
1376 3430 1415 3500 ἢ
1447 3430 1689 3501 ἀγροὺς,
1719 3431 1925 3485 ἕνεκεν

2033 3434 2157 3490 llaec
2204 3434 2387 3503 igitur,
2443 3434 2633 3511 bisque
2667 3442 3033 3487 consentanea
3070 3430 3259 3485 ﬁdeles
3318 3430 3603 3485 audientes

342 3520 496 3589 ἐμοῦ
522 3521 619 3575 καὶ
644 3521 751 3576 τοῦ
781 3525 1176 3594 Εὐαγγελὶου,
1202 3524 1799 3578 ἑκατονταπλασίονα
1822 3522 1925 3594 λήε

2033 3526 2262 3597 singulis
2298 3525 2489 3581 diebus
2539 3539 2637 3595 per
2679 3524 2827 3579 orbis
2876 3524 3136 3580 ecclesias
3185 3523 3310 3595 legi,
3348 3523 3605 3579 secedere

345 3616 551 3681 ψεται,
594 3613 691 3670 καὶ
744 3612 897 3684 ζωὴν
944 3616 1186 3670 αἰώνιον
1231 3614 1698 3687 κληρονομήσει.
1748 3615 1925 3670 Ταῦτα

2033 3626 2354 3688 coeperunt,
2424 3626 2690 3687 quotquot
2735 3616 2989 3671 nimirum
3048 3616 3370 3671 tenebantur
3422 3615 3605 3670 divino

344 3704 533 3756 τοίνυν
562 3704 752 3759 καὶτὰ
779 3706 986 3761 τούτων
1019 3705 1292 3761 ἀκόλουθα
1331 3706 1627 3771 ἀκούοντες
1662 3707 1712 3760 οἱ
1751 3708 1934 3761 πιστοὶ

349 3793 479 3847 καθ’
502 3794 740 3867 ἑκάστην
773 3796 985 3870 ἡμέραν
1016 3800 1121 3855 ἀνὰ
1153 3799 1250 3863 τὰς
1287 3799 1587 3870 ἐκκλησίας
1619 3800 1718 3869 τῆς
1753 3800 1935 3853 οἰκου-

357 3886 529 3957 μένης
580 3889 1092 3961 ἀναγινωσκόμεθα,
1143 3890 1377 3963 ἤρξαντο
1430 3893 1772 3963 ἀναχωρεῖνο
1822 3893 1935 3946 ὅσοι

355 3976 558 4049 δηλαδὴ
583 3977 661 4049 τῷ
689 3978 819 4050 θείῳ
851 3981 1001 4052 φόϐῳ
1033 3983 1286 4050 γεγόνασι
1314 3982 1536 4053 κάτοχοι
1563 4021 1578 4048 ,
1610 3982 1707 4036 καὶ
1733 3982 1801 4036 τὰ
1834 3981 1936 4052 ὅρη

354 4069 832 4141 καταλαμϐάνειν,
869 4072 964 4126 καὶ
997 4074 1310 4145 ἀσκητικῶς
1347 4074 1574 4137 ἑαυτοὺς
1611 4074 1934 4145 γυμνάζειν.

358 4160 476 4231 Τῆς
512 4161 569 4214 δὲ
610 4163 800 4233 φήμης
839 4164 972 4218 αὐτὸ
1011 4165 1502 4237 φανεροποιούοης,
1538 4166 1767 4235 ἐφοίτων
1802 4168 1939 4238 πρὸς

357 4252 560 4316 αὐτοὺς
594 4254 799 4309 πολλοί·
839 4255 899 4321 ἐξ
931 4251 1006 4312 ὧν
1038 4275 1203 4323 τινες,
1238 4260 1298 4313 τὸ
1333 4259 1536 4328 ἀγαθὸν
1573 4259 1937 4330 μιμούμενοι,

360 4344 573 4399 εἴλοντο
599 4347 811 4413 τούτοις
843 4351 1012 4422 συξῇν
1036 4368 1050 4383 ο
1084 4351 1176 4405 καὶ
1206 4353 1393 4405 λοιπὸν
1422 4350 1659 4424 ἤρξαντο
1690 4351 1810 4405 κατ’
1834 4351 1943 4406 ὀλί-

2037 3709 2226 3764 timore
2247 3748 2263 3775 ,
2312 3716 2367 3764 et
2397 3707 2463 3763 ad
2500 3717 2709 3762 montes
2740 3707 3033 3777 proﬁcisci,
3068 3715 3229 3775 atque
3261 3721 3319 3761 se
3351 3719 3607 3761 exercere

2035 3802 2089 3856 in
2121 3802 2224 3856 vita
2253 3800 2484 3855 ascetica
2515 3806 2570 3854 et
2613 3797 2930 3853 monastica.
2977 3795 3131 3864 Quod
3158 3811 3277 3851 cum
3313 3794 3454 3849 lama
3483 3810 3608 3865 per-

2037 3895 2338 3950 crebuisset
2418 3891 2485 3947 ad
2539 3905 2633 3947 eos
2686 3890 2976 3946 veniebant
3030 3888 3221 3954 multi;
3276 3901 3413 3956 quos
3469 3888 3609 3941 inter

2038 3989 2254 4058 quidam
2308 3987 2506 4041 bonum
2561 3984 2856 4047 imitantes,
2913 3997 3035 4037 cum
3092 3981 3201 4036 illis
3253 3982 3432 4035 vivere
3475 3994 3610 4034 con-

2039 4083 2328 4136 stituerunt
2350 4095 2366 4147 ;
2388 4078 2577 4147 sicque
2602 4076 2855 4144 deinceps
2883 4074 3135 4144 paulatim
3161 4080 3442 4142 cmperunt
3472 4069 3604 4124 mul-

2043 4169 2297 4241 tiplicari,
2337 4178 2392 4224 et
2423 4168 2602 4223 vocari
2637 4166 3002 4231 monasteria;
3042 4179 3164 4219 cum
3223 4165 3274 4218 id
3309 4162 3435 4217 boni
3476 4176 3613 4231 pra:-

2042 4266 2198 4335 cipue
2244 4266 2311 4319 ab
2360 4262 2598 4333 Egypto
2649 4260 2912 4330 originem
2970 4258 3237 4325 duxisset,
3295 4271 3361 4311 ac
3414 4256 3613 4326 ubique

2049 4366 2314 4413 terrarum
2369 4356 2744 4409 ditttanasset:
2779 4352 3228 4422 quemadmodum
3282 4348 3449 4406 refert
3498 4362 3615 4402 ma-

358 4453 462 4507 γον
501 4438 892 4509 πληθύνεσθαι,
928 4443 1023 4496 καὶ
1063 4445 1405 4514 μοναστήρια
1442 4441 1840 4512 ὀνομάζεσθαιο
1878 4444 1925 4496 ἐι

2047 4462 2183 4518 gnus
2206 4448 2536 4503 Athanasius
2574 4446 2631 4502 in
2669 4446 2962 4502 Prommiis
2997 4444 3130 4501 Vita:
3162 4445 3338 4516 magni
3372 4441 3614 4508 Antonii,

360 4531 466 4600 τῆς
502 4533 782 4601 Αἰγύπτου
824 4537 1060 4604 μάλιστα
1088 4537 1180 4590 τοῦ
1220 4537 1427 4605 ἀγαθοῦ
1457 4538 1649 4590 τούτου
1686 4537 1925 4608 ἀπαρξα·

2047 4552 2256 4594 necnon
2312 4548 2533 4595 sanctus
2592 4546 2799 4609 martyr
2850 4537 3012 4593 Pater
3076 4548 3259 4593 noster
3304 4534 3619 4590 Theodorus

367 4626 559 4694 μένου,
602 4628 697 4681 καὶ
739 4629 1015 4701 πανταχοῦ
1055 4630 1154 4699 τῆς
1197 4630 1525 4699 οἰκουμένης
1563 4629 1904 4693 διαδοθέντος

2048 4628 2261 4685 Studita
2297 4630 2349 4685 in
2377 4629 2565 4684 divino
2599 4630 2797 4699 hymno
2827 4643 2986 4698 quem
3019 4629 3086 4683 de
3122 4626 3374 4682 Omnibus
3415 4624 3621 4680 sanctis

367 4715 553 4780 καθώς
586 4735 749 4788 φησιν
774 4722 801 4772 ό
831 4721 1004 4791 μέγας
1032 4722 1371 4784 Ἀθανάσιος,
1402 4722 1462 4773 ὲν
1489 4722 1602 4784 τοῖς
1636 4720 1925 4799 προοιμίου

2048 4722 2270 4787 cecinit,
2303 4721 2503 4791 aliique
2527 4721 2853 4790 complures.
2987 4751 2990 4754 ~

367 4806 465 4861 τοῦ
496 4808 612 4879 βίου
640 4811 733 4864 τοῦ
764 4812 861 4885 [αι.
896 4812 1052 4882 ἁγίου
1087 4816 1177 4868 καὶ
1203 4816 1350 4867 ὁσίου
1384 4813 1599 4884 [ἰατρὸς
1626 4812 1807 4886 ἡμῶν]
1842 4813 2082 4885 μεγάλου
2113 4814 2420 4878 Ἀντωνίου.
2447 4814 2541 4868 καὶ
2593 4814 2623 4866 ό
2670 4812 3004 4884 όσιομάρτυς
3066 4811 3256 4881 Πατὴρ
3304 4809 3461 4881 ήμῶν
3492 4804 3626 4861 Θεό-

368 4902 543 4973 δωρος
603 4907 633 4959 ό
674 4906 957 4979 Στουδίτης
993 4911 1049 4961 ὲν
1083 4911 1149 4980 τῇ
1195 4908 1313 4981 θείᾳ
1354 4909 1650 4980 ὑμνολογία
1686 4912 1752 4980 τῇ
1799 4908 1937 4980 πρὸς
1994 4911 2205 4974 πάντας
2237 4910 2364 4973 τοὺς
2404 4908 2594 4978 ἁγίους
2659 4905 2808 4977 αὐτῷ
2846 4902 3187 4977 μελισθείση,
3244 4903 3342 4959 καὶ
3379 4902 3624 4960 πλεῖστοι

372 4995 463 5049 Et:
473 5012 574 5067 ροι.

448 5099 518 5161 γ’.
557 5093 933 5165 Δὺξανομένου
966 5094 1148 5149 τοίνυν
1183 5096 1280 5149 καὶ
1314 5094 1643 5157 ἐπιδιδόντος
1679 5094 1953 5165 ὁσημέραι

370 5187 471 5241 τοῦ
510 5188 655 5241 θείου
693 5188 805 5241 τῶν
846 5187 1188 5258 μοναζόντων
1223 5189 1502 5258 τάγματος
1530 5184 1629 5258 [αι.
1672 5186 1954 5252 συστήμα-

369 5279 489 5353 τος]
528 5280 633 5335 ἀνὰ
672 5280 764 5333 τὸν
803 5279 1008 5350 κόσμον
1046 5281 1200 5342 ὅλον,
1238 5278 1383 5344 ἔδοξε
1422 5280 1486 5348 τῇ
1525 5277 1624 5348 τῆς
1664 5274 1955 5346 καθ’ήμᾶς

2122 5093 2177 5148 3.
2233 5091 2367 5148 Cum
2404 5090 2634 5159 ergojn
2676 5088 2793 5144 dies
2830 5094 3122 5157 augeretur
3172 5093 3230 5142 et
3276 5100 3623 5155 progressum

2050 5184 2254 5241 faceret
2301 5198 2397 5253 per
2438 5190 2607 5236 totum
2663 5178 2922 5234 mundum
2972 5177 3187 5232 divinus
3229 5178 3621 5233 monachorum

2051 5275 2225 5342 ordo,
2298 5273 2499 5344 placuit
2548 5270 2849 5326 hierarcltis
2921 5269 3330 5340 legislatoribus
3395 5268 3621 5336 nostris,

373 5373 661 5444 ἱεραρχίας
689 5371 1018 5443 θεσμοθεσία
1075 5369 1186 5443 [αι.
1216 5365 1542 5439 νομοθεσίᾳ]
1583 5368 1722 5438 μετὰ
1748 5366 1848 5429 τὰς
1882 5366 1957 5418 ιε-

375 5469 479 5539 ρᾶς
513 5465 675 5530 εὐθὺς
733 5463 1044 5527 τελειώσεις
1084 5460 1405 5532 τελεστικὴν
1436 5463 1530 5515 καὶ
1561 5458 1747 5523 αὐτοῖς
1779 5456 1959 5529 δωρή-

456 5648 473 5679 ³
494 5646 684 5702 Matth.
718 5662 793 5711 Vl,
822 5645 912 5701 24.
989 5644 1011 5677 ⁷
1032 5644 1222 5702 Matth:
1258 5656 1372 5710 ενι,
1401 5638 1491 5697 Ἡ.
1568 5637 1591 5671 ⁸
1612 5635 1744 5693 Luc.
1771 5650 1884 5705 xw,
1916 5634 2010 5693 26.

379 5719 551 5776 Marc.
578 5735 632 5787 χ,
662 5720 751 5779 29.
784 5718 875 5774 50.

2052 5365 2237 5421 statim
2285 5372 2407 5433 post
2451 5371 2672 5416 sanctas
2736 5364 3217 5423 consecrationcs,
3278 5359 3411 5428 ipsis
3485 5373 3624 5429 quo-

2055 5470 2159 5527 que
2182 5453 2555 5526 perticientem
2582 5450 2714 5507 dare
2747 5449 3001 5522 gratiam,
3047 5461 3252 5518 eosque
3283 5446 3627 5503 invocatione

2109 5635 2131 5669 ⁸
2166 5632 2357 5690 Matth.
2392 5648 2448 5701 χ,
2479 5632 2568 5699 57,
2611 5631 2704 5690 38.
2825 5630 2848 5664 °
2879 5628 3070 5688 Matth.
3113 5645 3226 5697 sis,
3253 5627 3345 5697 ‘27,
3392 5626 3485 5696 28,
3515 5626 3623 5695 29;
