3968 6220
431 306 570 374 1133

1229 308 1328 368 DE
1368 307 1895 370 MONASTERIIS
1935 306 2188 366 LAICIS
2225 303 2380 366 NON
2415 304 2880 367 TRADENDIS.

3546 307 3683 374 1134

427 423 648 486 πάντως
679 439 807 486 τους
837 423 935 493 τὴν
964 421 1244 477 θάλασσαν
1275 419 1374 474 τοῦ
1409 421 1529 491 βίου
1563 419 1836 484 πλέοντας
1883 421 2012 473 ὑπο-

2120 418 2305 474 dicito.
2385 416 2577 473 Nerine
2631 420 2741 474 scis
2803 419 3063 488 quidnam
3133 422 3242 476 sint
3309 427 3690 480 monasteria?

425 514 714 583 δεχόμενοι
751 515 844 566 καὶ
869 512 1248 576 διασώζοντες.
1288 513 1348 567 ’0
1375 512 1508 581 γοῦν
1541 511 1715 566 ταῦτα
1738 515 1852 575 τοῖς
1880 513 2011 583 βιω-

426 610 604 669 τικοῖς
659 605 1049 677 χαριζόμενος,
1119 606 1276 660 οὐδὲν
1339 606 1469 660 ἄλλο
1531 609 1713 674 ποιεῖ,
1778 607 1811 678 ἢ
1883 607 2012 672 τοὺς

428 700 725 768 φραγμοὺς
775 697 885 752 τῶν
938 697 1178 768 λιμένων
1232 697 1533 770 περιελὼν,
1583 698 1885 770 ὡδοποίησε
1933 699 2012 770 τῷ

426 789 663 842 κλύδωνι
703 789 805 859 τῆς
843 790 1146 862 Θαλάσσης,
1185 791 1286 862 τὴν
1317 792 1400 855 είς
1434 791 1565 855 τοὺς
1593 789 1824 864 λιμένας
1867 791 2012 846 είσοο

425 882 538 936 δον·
569 886 668 936 καλ⁵
699 884 887 938 οὐκέτι
916 885 1026 939 elei
1054 885 1300 956 λιμένες·
1329 886 1426 940 καὶ
1446 885 1676 955 γέγονεν
1700 888 2013 958 οίκουμενι-

425 974 525 1028 κδν
551 975 613 1028 rb
643 975 930 1044 ναυάγιον.

502 1063 592 1121 ια’.
635 1067 751 1120 Οὐκ
775 1063 927 1131 οἶδας
946 1067 1001 1120 τί
1019 1068 1137 1120 ἐστι
1160 1069 1554 1140 μοναστήριονς
1581 1069 1829 1136 Πάντως,
1855 1069 2014 1138 ἅγιος

426 1153 578 1221 οἶκος
610 1159 698 1212 ἐπ’
725 1157 951 1228 ὀνόματι
977 1159 1218 1229 Χριστοῦ
1248 1159 1346 1213 τοῦ
1381 1160 1520 1213 Θεοῦ
1571 1160 1740 1231 τυχὸν
1787 1161 2013 1233 ἱδρυμέ-

427 1266 544 1315 νος,
580 1251 766 1320 φέρων
803 1251 968 1304 αὑτὸν
1005 1253 1063 1303 έν
1105 1253 1220 1314 τοῖς
1259 1254 1427 1322 ἱεροῖς
1467 1253 1682 1317 ἀδύτοις
1720 1254 2012 1325 άνιστορη-

433 1341 618 1410 μένον,
643 1341 738 1393 καὶ
767 1340 836 1394 τὰ
861 1340 1122 1412 θαύματα
1151 1342 1314 1395 αὐτοῦ
1333 1343 1510 1398 καὶτὰ
1539 1343 1659 1399 θεῖα
1686 1343 2009 1415 παθήματα·

429 1434 490 1487 ὲν
509 1435 589 1504 τῷ
610 1435 724 1504 ναῷ
757 1437 947 1498 παντὶ,
1007 1435 1182 1505 βίϐλοι
1236 1438 1382 1508 ἱεραὶ
1413 1438 1510 1491 καί⁹
1541 1438 1660 1494 Θεία
1691 1437 1956 1510 κειμήλια
1993 1452 2006 1466 ·

431 1522 654 1574 συνοδία
692 1523 856 1590 ἁγία,
889 1523 955 1575 δι’
994 1523 1162 1577 αὑτὸν
1188 1563 1204 1587 ,
1244 1524 1487 1592 κόσμον,
1521 1525 1590 1578 τὰ
1623 1526 1680 1578 ὲν
1709 1525 1902 1594 κόσμῳ
1948 1539 2010 1576 τε

427 1612 525 1664 καὶ
554 1611 758 1682 ἑαυτὴν
815 1613 1262 1683 ἁπαρνησαμένη
1289 1650 1306 1676 ,
1339 1613 1436 1666 καὶ
1487 1611 1641 1684 αὐτῷ
1687 1610 2011 1682 κολληθεῖσα

428 1701 1004 1774 καὶγπροσανέχουσα,
1050 1703 1146 1758 καὶ
1197 1703 1350 1774 αύτῷ
1390 1702 1586 1767 νυκτὸς
1643 1701 1738 1757 καὶ
1793 1703 2012 1772 ἡμέρας

2117 507 2317 563 Portus
2361 507 2539 575 plane,
2573 508 2665 577 qui
2721 509 2774 561 in
2806 510 2928 562 vitae
2962 511 3097 564 mari
3148 513 3463 582 navigantes
3511 531 3576 570 su
3594 519 3690 570 ςιεί-

2117 601 2276 671 piunt
2311 607 2366 654 et
2395 605 2741 653 conservant.
2781 598 2882 664 Qui
2908 615 3036 669 ergo
3065 602 3179 655 hmc
3197 605 3554 661 szecularibus
3580 612 3694 662 lar.

2115 692 2280 762 gitur,
2310 691 2447 746 nihil
2507 691 2654 746 aliud
2685 692 2817 761 agit,
2868 708 3028 762 quam
3086 696 3379 764 aggeribus
3431 692 3709 769 portuum

2115 783 2366 849 sublatis,
2399 783 2548 838 viam
2584 784 2715 839 dare
2742 782 2997 840 ﬂuctibus
3021 787 3208 851 maris,
3256 803 3362 858 qua
3397 791 3448 844 in
3497 801 3690 862 portus
3727 777 3732 784 ’

2116 875 2533 946 ingrediantur:
2567 876 2710 932 unde
2739 891 2846 932 non
2870 878 3103 948 amplius
3146 890 3332 950 portus
3362 893 3529 951 sunt;
3561 901 3691 941 con-

2113 968 2381 1039 tingitque
2408 969 2718 1026 universale
2749 969 3116 1042 naufragium.

2184 1063 2279 1118 XI.
2312 1063 2502 1119 Nonne
2537 1063 2684 1118 nosti
2716 1062 2846 1134 quid
2872 1065 3389 1122 sitmonasterium?
3415 1068 3510 1125 Est
3531 1069 3690 1141 plane

2113 1163 2299 1208 sancta
2323 1153 2514 1209 domus
2549 1153 2602 1208 in
2639 1156 2857 1211 nomine
2885 1155 3070 1212 forsan
3107 1157 3312 1214 Christi
3343 1160 3435 1216 Dei
3471 1173 3683 1228 erecta,

2113 1259 2308 1314 gerens
2350 1257 2474 1299 eum
2533 1245 2586 1298 in
2625 1245 2797 1300 sacris
2853 1247 3032 1316 adytis
3093 1245 3411 1315 depictum,
3463 1249 3688 1318 ejusque

2112 1336 2372 1392 miracula
2422 1345 2480 1391 et
2515 1337 2721 1392 divinas
2753 1339 3128 1408 perpessioues
3153 1357 3168 1406 ;
3197 1341 3248 1394 in
3281 1341 3430 1396 omni
3459 1343 3683 1412 templo.

2115 1427 2238 1482 libri
2277 1429 2438 1491 sacri,
2477 1436 2531 1484 et
2561 1429 2738 1483 divina
2771 1430 3119 1500 pretiosaque
3151 1431 3431 1500 supellex;
3484 1443 3672 1488 sancta

2113 1521 2350 1575 societas
2389 1521 2672 1576 hominum
2702 1523 2790 1591 qui
2832 1524 3117 1588 mundum,
3150 1537 3213 1578 ea
3265 1523 3461 1594 quaein
3487 1527 3688 1581 mundo

2113 1621 2260 1676 sunt,
2289 1612 2548 1683 ipsosque
2575 1629 2633 1668 se
2663 1615 3072 1685 abnegaverunt
3113 1627 3335 1687 propter
3378 1617 3576 1682 Deum,
3608 1617 3689 1673 ei-

2113 1716 2218 1770 que
2260 1701 2566 1768 adhment,
2617 1705 2927 1770 attendunt,
2990 1706 3077 1761 die
3101 1717 3370 1775 nocteque
3399 1719 3601 1764 canunt
3623 1722 3689 1764 ac

428 1793 638 1864 ᾅδουσα
668 1796 763 1850 καὶ⁵
791 1795 1076 1866 ψάλλουσα
1097 1810 1112 1827 ⁸
1159 1799 1256 1851 καὶ
1285 1797 1343 1850 ὲν
1370 1795 1450 1866 τῷ
1477 1795 1591 1866 ναῷ
1629 1795 1821 1863 αὐτοῦ,
1869 1795 2012 1849 κατὰ

2116 1793 2348 1863 psallunt
2372 1809 2387 1858 ;
2410 1803 2576 1865 atque
2603 1794 2658 1849 in
2687 1795 2884 1865 templo
2909 1796 3048 1866 ejus,
3073 1796 3226 1866 juxta
3251 1796 3596 1854 Psalmistam
3619 1798 3685 1864 ι’,

429 1888 522 1939 τὸν
545 1886 879 1958 Ψαλμῳδδν,
912 1887 1196 1943 ἄπαυστον
1233 1887 1473 1957 λέγουσα
1498 1887 1663 1954 δόξαν
1683 1903 1697 1917 ’
1719 1887 1816 1941 κα)⁴
1849 1885 2012 1957 μέσον

431 1977 606 2047 αὐτῆς
639 1978 844 2048 ἔχουσα
885 1979 1079 2033 τοῦτον
1118 1979 1234 2044 ἀεὶ,
1280 1978 1426 2033 κατὰ
1457 1978 1557 2049 τὴν
1603 1977 2013 2048 άψευδεστάτην

430 2069 602 2123 αὑτοῦ
628 2072 723 2124 καὶ
765 2071 916 2125 Θείαν
947 2073 1267 2143 ὑπόσχεσινο
1293 2071 1489 2126 Ὅπου
1517 2070 1628 2141 γάρ
1655 2073 1774 2125 εισι
1824 2070 1934 2124 δύο
1972 2066 2012 2138 ἢ

428 2161 589 2228 τρεῖς
617 2162 995 2232 συνηγμένοι
1027 2165 1119 2229 εις
1149 2162 1218 2217 τὸ
1250 2162 1400 2233 ἐμὸν
1430 2162 1639 2231 ὄνομα,
1677 2162 1860 2230 φησὶν,
1891 2159 2021 2213 ἐκεῖ

428 2257 554 2327 elui
579 2259 650 2312 ἐν
666 2258 836 2328 μέσῳ
856 2259 1076 2314 αὐτῶν.
1094 2258 1357 2330 Πρόσοδοι
1393 2257 1488 2311 ἐπὶ
1509 2257 1716 2321 τῖύτῖις
1747 2258 1892 2326 ίεραλ⁵
1920 2255 2015 2311 καὶ

429 2351 704 2421 διάφοροι,
737 2351 1100 2420 πολυτρόπως
1123 2349 1548 2420 συλλεγόμεναι,
1578 2350 1716 2419 πρὸς
1747 2347 2012 2402 σύστασιν

434 2446 533 2498 καὶ
569 2445 834 2516 διαμονὴν
862 2445 960 2498 καὶ
1008 2443 1282 2514 διοίκησιν
1318 2444 1428 2497 τῶν
1459 2444 1764 2514 εἰρημένων
1794 2459 2013 2512 χρημα-

431 2536 702 2604 τίζουσαι,
731 2539 788 2591 αἱ
818 2537 970 2608 παρὰ
1004 2538 1114 2591 τῶν
1135 2536 1421 2608 μακαρίων
1441 2537 1742 2608 κτητόρων,
1771 2537 1852 2600 είς
1885 2536 2011 2590 τοῦ-

429 2646 495 2683 το
521 2630 937 2701 άφιερωθεῖσαι.
976 2629 1166 2683 Ταῦτα
1189 2630 1370 2684 τοίνυν
1402 2631 1584 2685 πάντα
1605 2631 1670 2684 τὰ
1695 2630 1814 2699 ίερά
1838 2647 1897 2682 τε
1921 2629 2014 2684 καὶ

435 2721 556 2776 θεῖα
593 2723 938 2792 μοναστήρια
961 2722 1058 2774 καὶ
1083 2722 1210 2776 ὄντα
1240 2721 1334 2775 καὶ
1362 2721 1628 2789 λεγόμενα
1653 2760 1667 2784 ,
1691 2721 1740 2773 οί
1773 2723 1880 2774 ἀπὸ
1918 2720 2012 2775 τοῦ

433 2812 574 2867 Θεοῦ
616 2814 921 2884 τολμηρῶς
957 2813 1381 2884 ἀφαιρούμενοι,
1429 2812 1524 2865 καὶ
1567 2811 1657 2865 διὰ
1685 2812 1889 2882 δωρεᾶς
1916 2813 2014 2866 ἀν-

437 2905 647 2978 Θρώπῳ
674 2903 771 2976 [αἱ.
805 2903 1139 2976 ἀνθρώπων]
1167 2902 1650 2966 καταδουλοῦντες,
1673 2903 1727 2956 τί
1758 2903 2014 2974 ἁμαρτά-

434 3014 638 3064 νουσιν;
677 2999 1008 3069 ίεροσυλίαν;
1033 2998 1175 3068 οὐχί.
1222 2996 1281 3050 '0
1305 2997 1416 3067 γάρ
1443 2995 1721 3066 ἱερόσυλος
1741 3036 1754 3061 ,
1793 2995 1944 3062 ἅπαξ
1975 2997 2008 3068 ἢ

434 3091 496 3147 τὸ
540 3091 680 3144 πολὺ
717 3091 800 3154 δίς
833 3091 957 3162 ίερά
988 3089 1223 3159 συλῆσαι
1250 3088 1524 3158 δυνηθεὶς,
1567 3081 1688 3142 εἶτα
1717 3089 2012 3160 κρατηθεὶς

435 3183 707 3252 ἐκολάσθη
740 3183 836 3236 καὶ
865 3180 1230 3252 ἐφυλακίσθη,
1266 3182 1362 3234 καὶ
1395 3182 1676 3235 πέπαυται
1705 3181 1765 3235 τὸ
1797 3182 1963 3236 κακόν
1990 3197 2009 3215 ⁶

435 3274 672 3328 ἐνταῦθα
709 3274 765 3327 δὲ
807 3274 1058 3343 διηνεκὲς
1097 3273 1160 3326 rb
1203 3273 1397 3337 κακὸν,
1425 3273 1519 3326 καὶ
1546 3273 1608 3325 τὸ
1628 3271 2013 3343 πλημμέλημα

432 3365 515 3438 τῷ
564 3367 664 3438 βίῳ
714 3367 882 3419 παντὶ
931 3365 1585 3436 συμπαρεκτεινόμενον·
1632 3366 1729 3419 καὶ
1773 3365 1836 3419 οὐ
1875 3367 2014 3435 μετὰ

437 3455 629 3524 φόϐου,
663 3455 916 3523 καθάπερ
947 3455 1086 3517 ἐκεῖ,
1121 3453 1198 3515 ὼς
1223 3451 1532 3523 ἁμάρτημα
1556 3451 1853 3522 δρώμενον,
1876 3451 2014 3508 ἀλλὰ

441 3547 581 3618 μετὰ
631 3547 948 3618 παρρησίας
987 3545 1441 3618 διενεργούμενον
1493 3546 1570 3609 ὡς
1600 3544 2011 3616 ἀναμάρτητον.

437 3639 506 3692 Τί
542 3634 637 3694 οὖν
673 3639 1052 3710 κληθήσεταις
1086 3635 1406 3702 πλεονεξία;
1435 3635 1720 3706 οὕμενουν.
1756 3638 1869 3709 Τὴν
1903 3637 2014 3706 γὰρ

437 3731 576 3802 πρὸς
609 3732 734 3795 τοὺς
764 3729 1094 3801 ὁμοδούλους
1123 3728 1466 3792 πλεονεξίαν,
1495 3729 1524 3780 ὁ
1545 3727 1688 3790 θεῖος
1712 3726 2014 3791 ἀπόστολος

436 3824 654 3885 Παῦλος
684 3823 1106 3894 είδωλολατρίαν
1135 3823 1396 3877 ἐκάλεσεν
1419 3840 1432 3854 ·
1451 3821 1479 3875 δ
1513 3821 1608 3876 καὶ
1646 3819 1964 3890 ἑρμηνεύων
1984 3821 2014 3873 ὁ

439 3915 581 3978 θεῖος
606 3915 1019 3986 Χρυσόστομος,
1050 3898 1322 3982 πολλαχοῦ
1349 3928 1409 3964 τε
1435 3912 1530 3966 καὶ
1555 3912 1614 3964 ὲν
1639 3911 1715 3981 τῷ
1743 3911 2014 3964 ὀκτωκαι-

437 4006 650 4076 δεκάτῳ
677 4007 820 4074 λόγῳ
833 4009 932 4077 τῆς
956 4006 1091 4077 πρὸς
1109 4002 1390 4074 Ἐφεσίους
1427 4002 1768 4072 Ἐπιστολῆς,
1792 4003 1883 4056 καὶ
1905 4004 2016 4072 χεῖ-

443 4115 538 4169 ρον
586 4098 1009 4170 εἰδωλολατρίας
1062 4094 1369 4161 ἀπέδειξεν.
1420 4094 1484 4146 Εί
1527 4089 1620 4147 οὖν
1661 4094 1861 4164 ἡπρὸς
1889 4094 2015 4158 τοὺς

440 4188 768 4259 ὁμοδούλους
797 4188 1110 4255 πλεονεξία,
1147 4188 1536 4259 εἰδωλολατρία
1568 4187 1736 4239 ἐστίν.
1785 4184 1851 4238 'Il
1879 4185 2015 4256 πρὸς

437 4280 572 4333 θεὸν
615 4280 994 4346 διαϐαίνουσα,
1040 4283 1096 4336 τί
1137 4282 1268 4336 ἄλλο
1303 4279 1770 4350 ὀνομασθήσεται,
1827 4278 1877 4330 εί
1937 4277 2014 4348 μὴ

439 4372 690 4438 adﬁcta;
723 4373 785 4426 El
819 4372 928 4446 γὰρ
957 4375 985 4427 ὁ
1009 4373 1070 4427 έν
1107 4391 1165 4427 τι
1199 4373 1308 4427 τῶν
1348 4374 1512 4427 Θείων
1549 4371 1700 4436 ἅπαξ
1749 4371 2015 4436 κοινώσας

2112 1899 2389 1954 nunquam
2459 1887 2793 1943 desinentem
2859 1888 3046 1946 dicunt
3109 1889 3384 1958 gloriam;
3453 1905 3688 1959 eumque

2112 1977 2166 2031 in
2214 1979 2392 2035 medio
2437 1980 2522 2036 sui
2578 1995 2794 2051 semper
2829 1981 3052 2049 habent,
3111 1981 3262 2050 juxta
3316 1982 3681 2038 certissimam

2112 2066 2464 2137 divinamque
2525 2069 2696 2138 ipsius
2739 2070 3206 2140 promissionem:
3254 2068 3355 2125 Ubi
3384 2072 3522 2128 enim
3561 2081 3682 2126 sunt

2111 2161 2217 2213 duo
2268 2161 2348 2215 vel
2377 2169 2484 2215 tres
2533 2164 2834 2232 congregati
2865 2163 2921 2217 in
2951 2164 3162 2218 nomine
3205 2179 3340 2227 meo,
3376 2164 3574 2234 inquit,
3608 2163 3686 2218 ibi

2112 2252 2304 2304 suntin
2337 2250 2508 2306 medio
2535 2269 2714 2307 eorum
2753 2255 2818 2308 '°.
2873 2255 2954 2308 Ad
2985 2254 3101 2312 hate
3129 2255 3273 2310 sacri
3327 2255 3578 2325 variique
3605 2269 3691 2310 re-

2115 2344 2286 2410 ditus,
2317 2345 2504 2401 multis
2541 2345 2716 2400 modis
2765 2345 3004 2412 collecti,
3040 2347 3109 2402 ad
3143 2346 3687 2416 praedictorumcon-

2114 2437 2440 2502 sistentiam,
2524 2438 2966 2506 permansiouem
3043 2448 3098 2495 et
3151 2439 3687 2518 administrationem

2113 2529 2310 2593 coacti,
2343 2539 2504 2596 atque
2535 2545 2563 2583 a
2614 2530 2790 2584 beatis
2839 2531 3247 2598 possessoribus
3280 2531 3348 2585 ad
3403 2533 3505 2586 hoc
3548 2545 3685 2585 con-

2113 2616 2335 2672 secrati.
2369 2615 2493 2672 Haec
2531 2632 2659 2688 ergo
2683 2620 2864 2674 omnia
2889 2634 3045 2676 sacra
3077 2621 3367 2690 divinaque
3403 2636 3523 2690 quae
3559 2630 3690 2678 sunt

2115 2708 2480 2779 dieunturque
2523 2711 2870 2776 mouaSteria,
2912 2713 3059 2782 quia
3092 2713 3203 2768 Deo
3232 2712 3485 2769 auferunt
3519 2715 3689 2769 conﬁ-

2115 2803 2326 2867 denter,
2356 2813 2413 2858 et
2446 2803 2651 2860 homini
2678 2821 2774 2875 per
2816 2807 3015 2860 donum
3047 2806 3365 2876 subjiciunt,
3413 2809 3689 2876 quodnam

2113 2897 2465 2952 committunt
2519 2899 2850 2968 peccatum?
2881 2899 3282 2969 Sacrilegium?
3312 2897 3687 2969 Nequaquam.

2117 2986 2431 3058 Sacrilegus
2463 2990 2607 3045 enim
2661 2999 2950 3060 pOSIquam
2979 2989 3146 3046 semel
3193 2999 3290 3046 aut
3336 2991 3404 3045 ad
3460 2991 3688 3044 multum

2117 3079 2198 3135 bis
2228 3095 2384 3136 sacra
2445 3082 2678 3150 praedari
2714 3082 2912 3152 potuit,
2944 3091 3128 3151 postea
3179 3082 3610 3150 comprehensus
3633 3082 3684 3135 in

2115 3183 2390 3226 carcerem
2422 3172 2624 3228 missus
2670 3181 2754 3228 est
2778 3186 2843 3227 ac
2872 3172 3113 3241 punitus,
3155 3171 3425 3241 desiitque
3451 3172 3688 3226 malum:

2113 3262 2203 3318 hic
2235 3272 2416 3318 autem
2448 3273 2768 3334 perpetuum
2815 3275 2898 3319 est
2929 3265 3156 3332 malum,
3215 3273 3271 3319 et
3301 3264 3556 3320 delictum
3595 3279 3694 3334 per

2117 3364 2281 3409 totam
2299 3354 2465 3409 vitam
2498 3365 2809 3422 protensqu
2837 3373 2852 3421 ;
2900 3369 3073 3423 neque
3103 3369 3226 3409 cum
3255 3355 3473 3423 timore,
3502 3370 3691 3424 quem-

2111 3445 2401 3499 admodum
2472 3446 2603 3511 iilic,
2670 3446 2842 3500 instar
2886 3446 3094 3516 peccati
3155 3456 3542 3517 perpetratum,
3593 3449 3689 3501 sed

2113 3550 2235 3592 cum
2269 3537 2464 3594 ﬁducia
2512 3547 2692 3593 aetum
2729 3546 2980 3609 tanquam
3009 3541 3216 3610 peccati
3267 3540 3524 3595 immune.
3568 3539 3688 3606 Quo

2115 3635 2285 3705 igitur
2315 3635 2538 3691 nomine
2593 3635 2934 3692 donabitur?
2987 3636 3290 3692 Avaritiae?
3345 3634 3685 3691 Nullatenus.

2114 3727 2251 3784 Nam
2291 3741 2416 3799 erga
2456 3743 2750 3786 conservos
2793 3728 3104 3795 avaritiam,
3129 3728 3350 3784 divinus
3398 3726 3690 3798 Apostolus

2117 3820 2330 3876 vocavit
2359 3819 2623 3876 idolorum
2671 3821 2984 3878 servitutem
3009 3821 3078 3876 “.
3111 3821 3266 3887 Quod
3316 3821 3691 3891 interpretans

2115 3913 2327 3968 divinus
2381 3910 2825 3980 Chrysostomus,
2856 3911 3044 3967 multis
3093 3911 3148 3966 in
3177 3910 3332 3976 locis,
3363 3919 3420 3966 et
3445 3910 3692 3966 oratione

2115 4001 2324 4057 decima
2373 4010 2564 4057 octava
2616 4002 2670 4056 in
2706 4002 3000 4072 Epistolam
3038 4004 3106 4058 ad
3166 4001 3457 4072 Ephesios,
3517 4001 3687 4058 etiam

2116 4093 2417 4149 idololatria
2468 4093 2594 4163 quid
2631 4093 2784 4164 pejus
2829 4108 2951 4151 esse
2990 4093 3405 4150 demonstrat-it.
3450 4093 3604 4160 Quod
3643 4093 3690 4148 si

2116 4201 2241 4256 erga
2310 4199 2605 4240 conservos
2654 4185 2905 4252 avaritia,
2954 4186 3222 4241 idolorum
3282 4186 3517 4242 servitus
3555 4195 3689 4250 est;

2115 4288 2236 4342 quae
2269 4274 2336 4328 ad
2373 4275 2538 4329 Deum
2597 4275 2863 4344 pervenit,
2895 4275 3026 4344 quid
3081 4275 3225 4332 aliud
3255 4276 3488 4344 dicetur,
3526 4291 3688 4347 quam

2120 4366 2409 4436 impietas?
2461 4367 2597 4422 Nam
2637 4371 2680 4423 si
2717 4367 2810 4424 ille
2833 4369 2922 4438 qui
2957 4383 3008 4424 e.
3043 4369 3208 4424 rebus
3241 4369 3440 4428 divinis
3491 4385 3689 4440 quam-

439 4464 472 4532 ῆ
503 4463 868 4536 καθυϐρίσας,
893 4459 1009 4520 οἷον
1033 4465 1202 4533 ἁγίαν
1227 4464 1440 4530 εἰκόνα,
1467 4465 1502 4536 ἢ
1531 4466 1678 4534 ἱερὸν
1703 4463 2012 4534 κειμήλιον,

2119 4455 2261 4522 piam
2303 4456 2470 4511 semel
2513 4457 2884 4526 profanaverit
2915 4467 3009 4514 aut
3037 4461 3359 4516 tractaverit
3405 4469 3694 4523 contume¢

437 4555 473 4626 ἢ
502 4557 766 4627 χρήματα
803 4559 926 4629 ἱερὰ
967 4558 1213 4630 μερικῶς
1244 4556 1664 4626 νοσφισάμενος,
1715 4555 2013 4626 θεοστυγὴς

438 4647 536 4701 καὶ
563 4647 916 4719 κατάκριτος,
948 4650 1037 4703 διὰ
1075 4648 1138 4702 rb
1165 4647 1264 4719 τὴν
1298 4646 1458 4718 ὕϐριν
1489 4647 1584 4701 ἐπὶ
1611 4647 1703 4701 τὸν
1732 4647 1865 4700 Θεὸν
1893 4646 2011 4700 δια·

439 4735 670 4804 ϐαίνειν,
707 4736 898 4809 ὥσπερ
934 4737 1028 4793 καὶ⁸
1055 4737 1158 4810 τὴν
1203 4738 1373 4810 τιμήν
1401 4754 1416 4770 ο
1463 4738 1558 4792 καὶ
1607 4737 1888 4805 βεϐαιοῦσι
1922 4737 2013 4791 τὸν

437 4823 622 4892 λόγον,
678 4827 738 4882 ὲν
780 4828 880 4897 μὲν
932 4831 1000 4901 τῇ
1054 4829 1288 4900 Παλαιᾷ,
1336 4828 1476 4898 πρὸς
1525 4831 1638 4893 τοῖς
1690 4828 1872 4892 ἄλλοις
1918 4827 2012 4882 καὶ

441 4917 625 4988 ’Δχαρ
651 4918 788 4991 (12),
833 4920 898 4974 ὲκ
939 4920 1049 4975 τῶν
1103 4920 1180 4992 τῷ
1227 4919 1348 4990 Θεῷ
1396 4920 1833 4992 άνατεθειμένων
1863 4920 2013 4988 ἅπαξ

437 5008 747 5078 κεκλοφὼς,
772 5008 868 5063 καὶ
898 5008 1007 5063 ὑπὸ
1037 5009 1135 5064 τοῦ
1169 5009 1303 5063 λαοῦ
1329 5009 1554 5064 πανοικὶ
1579 5009 1972 5073 καταλευσθείς
1993 5026 2008 5040 ·

437 5099 498 5153 ἐν
529 5099 587 5153 δὲ
613 5103 679 5172 τῇ
712 5103 910 5174 Καινῇ,
951 5101 1203 5166 Ἀνανίας
1225 5102 1322 5155 καλ⁵
1351 5101 1658 5172 Σάπφειρα,
1695 5101 1761 5155 ἐκ
1792 5101 1902 5154 τῶν
1933 5100 2011 5172 τῷ

513 5258 557 5291 ¹⁹
592 5257 741 5315 Psal.
785 5274 978 5330 xxvm,
1012 5261 1066 5316 9.
1142 5258 1188 5291 '°
1227 5256 1581 5328 Matthemu,
1629 5257 1720 5313 20.
1797 5259 1841 5291 ²¹
1878 5257 2072 5330 Ephes.
2101 5274 2154 5324 ν,
2198 5262 2254 5318 5.

2114 4547 2271 4614 liose,
2322 4548 2468 4604 verbi
2501 4551 2677 4620 gratia
2701 4559 2947 4607 sanctam
2977 4551 3294 4624 imaginem,
3316 4566 3534 4610 sacrum
3568 4571 3683 4620 vas,

2113 4638 2199 4694 vel
2241 4641 2497 4708 pecunias
2533 4657 2720 4699 sacras
2765 4657 2829 4698 ex
2884 4653 3038 4715 parte
3072 4646 3331 4716 rapuerit,
3357 4645 3468 4701 Deo
3492 4661 3690 4702 exosus

2115 4742 2178 4783 ac
2207 4744 2333 4786 reus
2369 4741 2470 4798 est,
2500 4748 2564 4789 eo
2596 4735 2736 4804 quod
2764 4737 3087 4792 contumelia
3129 4740 3197 4791 ad
3228 4735 3394 4790 Deum
3421 4743 3690 4804 transeat,

2117 4835 2250 4882 utet
2294 4829 2500 4885 honor:
2536 4845 2954 4900 sermonemque
3006 4831 3352 4897 conﬁrmant,
3407 4833 3461 4887 in
3508 4831 3691 4889 Veteri

2115 4920 2332 4989 quidem
2385 4921 2752 4987 Testamento,
2783 4937 2905 4978 cum
2939 4923 3062 4978 aliis
3094 4924 3256 4978 etiam
3286 4923 3487 4991 Achar,
3521 4925 3613 4993 qui
3659 4939 3692 4979 e

2117 5013 2229 5067 Deo
2260 5012 2451 5068 dicatis
2478 5015 2646 5069 semel
2703 5015 2932 5081 furatus,
2962 5029 2992 5069 a
3020 5015 3218 5086 populo
3244 5031 3366 5071 cum
3395 5025 3505 5072 tota
3528 5017 3690 5073 domo

2117 5103 2385 5174 lapidatus
2405 5115 2485 5160 est
2505 5105 2550 5137 "
2574 5123 2589 5174 ;
2610 5106 2665 5160 in
2685 5105 2837 5162 Novo
2861 5117 3062 5176 autem,
3085 5107 3326 5166 Ananias
3348 5117 3402 5165 et
3435 5107 3688 5179 Saphira,

2366 5264 2410 5293 υ
2443 5259 2605 5318 Josue
2636 5278 2732 5331 ru,
2762 5264 2785 5318 l
2811 5277 2964 5335 seqq.

1581 5399 1764 5461 Joan.
1797 5399 1972 5478 Bapt.
2011 5400 2308 5462 Cotelerii
2343 5410 2526 5465 nota).

513 5548 624 5617 (l2)
651 5547 850 5618 έΔχαρ.
875 5547 1134 5604 Nolabam
1153 5547 1217 5602 ad
1239 5543 1649 5618 Constitution“
1664 5546 2000 5618 apostolicos.

437 5615 611 5689 nunc
646 5615 820 5689 locum
873 5617 1240 5689 Chrysostomi
1294 5615 1679 5689 hotu.___9.5,_qin
1723 5617 1894 5689 Epist.
1943 5619 2008 5672 ad

442 5687 598 5742 llom.
636 5686 874 5742 conferri
903 5685 1060 5742 velim
1088 5701 1209 5741 cum
1257 5687 1397 5752 aliis,
1437 5686 1529 5740 lib.
1585 5685 1657 5738 De
1684 5687 2002 5753 virginitate.

439 5773 561 5828 cap.
590 5759 683 5825 24,
711 5759 857 5813 Ιιοιιι.
888 5757 939 5826 l,
965 5757 1027 5813 de
1060 5755 1224 5812 verbis
1257 5756 1440 5824 Isaia’,
1467 5756 1613 5812 hom.
1644 5758 1694 5810 in
1723 5761 2005 5812 secundum

2118 5549 2325 5628 Domini
2373 5551 2685 5628 adventum;
2718 5558 2867 5628 hom.
2904 5557 2990 5620 1'2,
3042 5558 3096 5611 in
3133 5558 3283 5621 Acta,
3317 5558 3370 5626 6,
3403 5561 3457 5614 in
3509 5558 3686 5628 Epist.

2116 5621 2185 5673 ad
2220 5621 2509 5705 Ephesios;
2538 5626 2588 5693 8,
2619 5627 2686 5680 ad
2720 5625 2953 5682 T/rcssal.
2988 5639 3145 5696 atque
3177 5645 3240 5686 ex
3273 5621 3436 5687 iis'ad
3461 5621 3688 5688 examen

2116 5708 2376 5749 TCVOCili‘l.
