3968 6220
371 386 509 454 113Ἱ

1172 387 1271 448 DE
1312 389 1839 454 MONASTERIIS
1881 389 2133 453 LAIClS
2177 391 2332 454 NON
2373 388 2836 461 TRADENDIS,

3491 382 3513 448 i
3526 385 3626 452 138

369 506 654 562 Συσταθὲν
714 506 770 559 δὲ
828 506 924 559 καὶ
978 505 1372 563 ἀνακαινισθὲν
1417 513 1570 581 παρὰ
1629 529 1947 582 χαριστικα-

2059 518 2261 565 mutata
2309 510 2365 564 in
2405 508 2686 563 suburhia.
2715 503 3129 563 Constabilitum
3159 517 3286 560 vero
3327 504 3629 562 acinstau-

369 601 492 672 ρίου
532 599 647 670 (li)
683 600 1090 668 μοναστήριον,
1126 602 1230 654 οὑκ
1268 601 1430 670 ἴσμεν
1464 603 1513 655 εί
1541 603 1902 675 εὑρεθήσεται
1931 620 1946 636 ο

367 693 508 749 ἀλλὰ
533 694 626 746 καὶ
648 693 697 745 εἰ
724 693 1111 763 εὑρεθήσεται,
1146 696 1499 764 παρανομίας
1529 697 1702 766 δῶρον
1723 696 1856 758 Θεὸς
1886 697 1948 750 οὑ

368 786 683 857 προσίεται.
717 786 872 844 Τέως
907 788 1173 854 σήμερον,
1199 785 1266 839 τὰ
1288 786 1550 858 ἐλεύθερα
1575 787 1830 842 θάλλουσι
1857 788 1951 841 καὶ

367 878 669 932 ἐπιδιδόασι
691 893 708 909 ⁶
731 877 799 929 τὰ
833 877 890 930 δὲ
921 877 1109 940 δοῦλα,
1147 877 1536 934 καταλύονται.
1573 879 1645 933 Σὺ
1673 878 1730 931 δὲ
1762 879 1948 948 ὅμοιόν

368 990 422 1026 τι
455 973 658 1040 λέγεις,
712 972 793 1043 τῷ
839 973 1233 1044 διατεινομένῳ
1274 974 1373 1044 τὴν
1427 973 1656 1045 διηνεκῆ
1702 973 1950 1027 δουλείαν

368 1065 660 1136 κρείττονα
687 1061 829 1118 εἶναι
854 1066 957 1134 τῆς
990 1065 1332 1136 ἐλευθερίας.
1364 1067 1489 1120 Ὀτι
1515 1067 1572 1121 δὲ
1605 1067 1706 1120 οὑκ
1736 1069 1828 1120 ἐπὶ
1857 1085 1950 1120 συ-

369 1156 561 1210 στάσει
583 1157 678 1210 xui.
699 1156 932 1226 διαμονῇ
964 1157 1140 1210 ταῦτα
1163 1159 1494 1230 δωροῦνται,
1524 1159 1686 1229 δῆλον
1710 1159 1945 1214 ἐκεῖθεν.

371 1250 448 1304 Οὑ
485 1249 597 1318 γὰρ
631 1249 700 1301 τά
743 1248 1162 1319 καταλελυμένα
1203 1250 1507 1322 δωροῦνται
1535 1266 1549 1280 ⁸
1579 1251 1716 1304 ἀλλὰ
1749 1251 1951 1322 μᾶλλον

367 1343 442 1396 τὰ
473 1342 870 1409 συνιστάμενα,
906 1343 1003 1394 καὶ
1048 1343 1252 1413 εὐθαλῆ
1293 1342 1394 1414 τὴν
1435 1344 1698 1414 πρόσοδον
1729 1344 1946 1415 ἔχοντα.

377 1434 491 1488 Καὶ
521 1437 552 1503 ή
588 1435 708 1497 ταῖς
746 1433 920 1496 ἐνίαις
947 1433 1004 1486 δὲ
1030 1434 1138 1487 τῶν
1163 1434 1388 1505 δωρεῶν
1424 1437 1807 1509 προσκειμένῃ
1849 1437 1946 1508 [αΙ.

374 1525 746 1597 προκειμένη]
777 1528 940 1594 χάρις
987 1527 1142 1598 δηλοί
1167 1529 1327 1582 τοῦτο
1367 1530 1733 1601 σαφέστερον,
1773 1533 1832 1584 ὲν
1867 1528 1950 1595 οἷς

367 1621 509 1688 φησὶ
542 1620 644 1682 τὰς
678 1622 816 1689 μετὰ
836 1618 935 1690 τὴν
952 1621 1192 1692 τυπικὴν
1222 1622 1323 1690 τῆς
1350 1623 1517 1692 μονῆς
1548 1623 1726 1687 ἔξοδον
1755 1641 1949 1694 περιτ-

365 1707 632 1770 τευοὺσας
662 1709 985 1777 προσόδους,
1025 1709 1444 1777 ἀποκερδαίνειν
1479 1712 1950 1782 ἀλογοπραγήτως

366 1796 460 1850 τὸν
493 1797 931 1866 χαριστικάριον.
990 1798 1051 1850 Ei
1085 1797 1140 1852 δὲ
1172 1799 1335 1851 πάλιν
1367 1798 1516 1866 λέγει
1559 1799 1658 1871 [αι.
1689 1799 1948 1871 λέγοιεν],
1984 1849 2026 1908 Β

369 1888 450 1942 ὅτι
487 1889 574 1942 διὰ
596 1889 655 1940 τὸ
689 1889 1156 1955 ὲξκουσσεὺεσοαι
1190 1892 1298 1944 ἀπὸ
1325 1892 1436 1945 τῶν
1459 1893 1746 1962 ἐπηρειῶν
1782 1893 1947 1947 τοῦτο

370 1977 734 2048 πράττουσιν,
768 1978 1152 2033 ἀκουέτωσαν·
1177 1981 1240 2034 τὸ
1271 1983 1603 2052 ἐπηρεάζειν
1641 1983 1672 2053 ἢ
1718 1985 1792 2056 μὴ
1843 1988 1946 2036 ἑπ-

367 2068 652 2138 ηρεάζειν,
686 2070 784 2139 τῆς
841 2071 995 2140 ὑμῶν
1043 2071 1293 2136 ἐξουσίας
1338 2074 1490 2126 ἐστί·
1526 2075 1774 2128 παύσατε
1819 2078 1949 2139 τοὺς

367 2161 750 2232 ὲπηρεαστὰς,
790 2164 886 2217 καὶ
931 2165 1315 2228 ὲξκουσσάτων
1348 2167 1443 2239 [aL
1490 2169 1948 2242 ὲξκουσσάτοςος]

368 2253 534 2326 χρεία
565 2253 666 2306 οὑκ
701 2253 876 2308 ἔστιν.
922 2255 982 2308 ’0
1021 2257 1130 2326 γὰρ
1187 2257 1364 2312 ταῦτα
1417 2259 1594 2327 λέγων
1632 2261 1814 2318 ἔοικεν
1850 2265 1950 2334 ἄρ-

369 2363 543 2416 χοντι,
575 2345 864 2416 ἐλεύθερον
898 2347 1109 2416 πένητα
1159 2349 1250 2403 διά
1292 2351 1402 2404 τῶν
1437 2353 1606 2406 αὑτοῦ
1656 2356 1948 2426 ὑπηρετῶν

370 2436 810 2507 ξενοπροσὼπως
845 2438 1230 2509 ἐπηρεάζοντι,
1257 2438 1376 2496 εἶτα
1405 2446 1485 2508 εἰς
1507 2445 1655 2501 ἔλεον
1675 2448 1948 2518 δῆθεντοῦ

373 2530 611 2600 πένητος
644 2531 943 2601 κινηθέντι,
977 2533 1074 2586 καὶ
1119 2535 1516 2604 προστάξαντι,
1561 2539 1699 2608 μετὰ
1731 2541 1950 2594 πάντων

368 2623 482 2676 τῶν
539 2624 854 2694 προσόντων
906 2625 1079 2695 αὑτῷ,
1133 2628 1229 2680 καὶ
1273 2629 1374 2699 τὴν
1428 2631 1747 2702 ἐλευθερίαν
1781 2636 1948 2690 αὑτοῦ

368 2720 692 2789 ἀφελέσθαι,
721 2723 815 2774 καὶ
837 2722 1026 2776 δοῦλον
1053 2717 1196 2777 εἶναι
1217 2725 1335 2778 ἀντ’
1366 2727 1660 2798 ἐλευθέρου
1699 2746 1713 2760 ’
1753 2733 1840 2785 ἵνα
1871 2734 1948 2805 μὴ

370 2811 779 2884 ὲπηρεάζηται,
808 2814 964 2884 φησί.
994 2815 1201 2886 Σκῆψις
1226 2815 1402 2870 ταῦτα
1423 2822 1517 2872 καὶ
1541 2822 1834 2890 πρόφασις,
1855 2827 1950 2878 καὶ

368 2905 472 2974 τῆς
509 2905 964 2974 αἰσχροκερδείας
997 2906 1453 2978 ἐπικαλύμματα.
1490 2911 1630 2965 Ποία
1664 2914 1950 2982 εὐαγγελι-

369 2999 442 3069 κὴ
473 2998 572 3050 καὶ
596 2996 715 3050 θεία
741 2996 893 3066 φωνὴ
927 2997 1252 3065 ἐνετείλατο,
1293 3002 1420 3055 ποία
1449 3003 1784 3078 άποστολικὴ
1806 3026 1948 3079 παρ-

375 3090 585 3153 αίνεσις
604 3089 908 3156 διετάξατο,
943 3092 1072 3145 ποία
1091 3093 1339 3166 πατρικὴ
1369 3095 1462 3148 καὶ
1496 3099 1749 3172 κονονικὴ
1774 3102 1950 3172 παρά-

2055 612 2234 659 ratum
2285 618 2315 658 a
2383 601 2764 658 charisticario
2815 598 3228 663 monasterium,
3274 613 3341 652 an
3397 597 3626 653 inveniri

2053 705 2213 765 queat
2265 695 2608 763 ignoramus:
2665 692 2756 747 sed
2790 691 2915 746 licet
2947 689 3300 753 inveniretur,
3329 689 3632 758 iniquitatis

2055 789 2253 844 donum
2293 803 2397 842 non
2440 785 2676 840 admittit
2716 785 2882 838 Deus.
2940 781 3138 836 Verum
3197 780 3383 847 hodie,
3418 795 3538 850 qua:
3565 781 3632 836 li-

2053 881 2182 935 bera
2225 889 2372 943 sunt,
2443 893 2504 932 ea
2563 877 2774 940 ﬂorent,
2834 884 2887 928 et
2929 874 3150 943 capiunt
3186 873 3629 936 incrementum;

2054 986 2174 1040 qua:
2219 985 2398 1034 serva,
2451 978 2788 1024 evertuntur.
2833 965 2912 1018 Tu
2962 979 3089 1018 vero
3127 962 3302 1018 simile
3341 962 3470 1030 quid
3505 976 3634 1030 pro—

2055 1065 2164 1118 fers
2194 1065 2266 1129 ei,
2299 1063 2390 1132 qui
2447 1060 2798 1116 contenderet
2839 1065 3150 1125 perpetuam
3216 1056 3535 1109 servitutem
3566 1053 3635 1107 li-

2053 1155 2262 1210 bertate
2295 1156 2559 1223 potiorem
2600 1166 2741 1206 esse.
2813 1149 2965 1216 Quod
3002 1163 3168 1219 porro
3209 1162 3312 1201 non
3341 1147 3408 1201 ad
3460 1147 3632 1202 stabi-

2053 1246 2333 1300 limentum
2405 1255 2458 1299 et
2543 1242 2998 1314 perseverantiam
3080 1239 3168 1294 illa
3247 1238 3467 1304 dentur,
3505 1238 3633 1292 hinc

2053 1348 2292 1393 constat.
2360 1337 2475 1391 Non
2518 1336 2660 1388 enim
2710 1335 2821 1403 jam
2862 1331 3123 1386 dissoluta
3185 1331 3482 1396 donantur,
3534 1328 3634 1384 sed

2053 1429 2233 1498 potius
2279 1428 2502 1490 stantia,
2565 1436 2727 1492 atque
2778 1423 3006 1475 reditum
3069 1420 3323 1475 habentia
3385 1419 3630 1473 uberem.

2053 1519 2270 1574 Necnon
2335 1518 2659 1587 quibusdam
2719 1517 3068 1569 donationnm
3105 1514 3287 1568 addita
3312 1511 3484 1582 gratia
3518 1525 3631 1566 retu

2051 1613 2294 1681 apertius
2343 1611 2610 1672 declarat,
2669 1625 2790 1662 cum
2847 1607 3067 1671 dititttr,
3134 1615 3192 1661 ut
3249 1605 3456 1660 reditus
3511 1614 3635 1673 post

2056 1703 2356 1770 regularem
2415 1699 2737 1754 monasterii
2795 1713 3087 1768 expensam
3122 1697 3393 1760 residuos,
3447 1695 3633 1750 ειιιιιίρ

2055 1794 2312 1849 stiBarius
2367 1794 2610 1848 obtineat
2660 1794 2869 1859 absque
2911 1793 3180 1845 rationum
3209 1789 3538 1845 redditione.
3567 1787 3627 1842 Si

2055 1901 2182 1940 vero
2217 1901 2401 1939 rursus
2444 1883 2707 1946 dixerint,
2773 1899 2830 1938 se
2861 1883 2911 1936 id
2944 1898 3127 1950 agere,
3174 1891 3286 1938 uta
3326 1879 3634 1935 vexationi-

2054 1981 2154 2035 bus
2186 1979 2501 2031 immunitas
2549 1984 2864 2046 praestetur,
2903 1975 3127 2029 audiant
3181 1974 3630 2043 responsionem:

2058 2073 2268 2128 Vexare
2319 2082 2412 2124 aut
2447 2087 2551 2123 non
2594 2084 2810 2133 vexare,
2862 2070 2915 2121 in
2959 2077 3134 2122 vestra
3198 2074 3465 2135 potestate
3505 2073 3631 2118 est:

2051 2161 2394 2233 comprimite
2452 2171 2758 2222 vexatores,
2813 2175 2912 2212 nec
2942 2159 3046 2213 erit
3090 2173 3225 2226 opus
3271 2157 3635 2211 immunitati-

2053 2255 2177 2309 bus.
2245 2253 2376 2306 Nam
2423 2253 2514 2320 qui
2548 2251 2661 2306 haac
2686 2251 2945 2320 loquitur,
2981 2249 3182 2304 similis
3241 2258 3323 2302 est
3390 2248 3630 2317 praesidi,

2053 2347 2146 2417 qui
2195 2347 2426 2402 liberum
2475 2359 2770 2416 pauperem
2814 2359 2910 2413 per
2948 2343 3232 2398 ministros
3286 2357 3413 2397 suos
3475 2341 3633 2410 quasi

2054 2441 2156 2497 sub
2187 2439 2291 2493 alia
2312 2452 2540 2509 persona
2570 2444 2816 2500 vexaret,
2847 2435 3044 2491 deinde
3067 2435 3134 2490 ad
3171 2434 3630 2498 misericordiam,

2055 2539 2285 2605 scilicet,
2340 2538 2594 2609 pauperis
2629 2545 2809 2590 motus
2861 2543 3028 2599 esset,
3082 2533 3451 2602 jussissetque
3505 2547 3631 2586 cum

2054 2633 2304 2690 omnibus
2336 2630 2451 2700 ejus
2469 2630 2845 2693 facultatibus,
2867 2629 3032 2683 etiam
3065 2627 3371 2681 libertatem
3402 2625 3654 2688 auferri”

2053 2732 2106 2779 et
2160 2739 2254 2792 pro
2309 2723 2479 2776 liltero
2525 2735 2742 2776 servum
2807 2719 2953 2772 illum
3027 2717 3184 2784 ﬁeri;
3270 2731 3338 2772 ne
3387 2726 3631 2780 vexetur,

2055 2817 2262 2871 diceret
2293 2833 2306 2870 :
2367 2814 2537 2869 Fit-tio
2569 2814 2672 2868 ista
2705 2823 2854 2880 sunt,
2891 2821 2946 2866 et
2994 2821 3314 2882 przetextus,
3353 2811 3636 2879 turpisque

2054 2908 2190 2964 lucri
2230 2906 2518 2962 velamina.
2547 2905 2806 2972 Quaenam
2855 2904 3168 2975 evangelica
3197 2905 3493 2973 divinaque
3523 2917 3626 2956 vox

2054 3001 2349 3064 mandavit,
2379 2999 2654 3068 quodnam
2708 2998 3082 3068 apostolorum
3125 2996 3392 3052 monitum
3423 2996 3634 3051 consti-

2059 3093 2181 3156 tuit,
2205 3093 2509 3162 qualisnam
2547 3091 2763 3145 Patrum
2796 3099 2853 3146 et
2883 3105 3150 3146 canonum
3185 3089 3408 3144 traditio
3434 3088 3631 3143 deﬂui-

367 3184 524 3248 δοσις
581 3183 750 3253 ὥρισε
780 3225 794 3249 ,
850 3185 984 3238 ποία
1035 3187 1294 3259 πολιτικὴ
1344 3191 1641 3261 νομοθεσία
1687 3195 1798 3247 ἀπὸ
1853 3196 1947 3249 τοῦ

2055 3185 2152 3250 vit,
2201 3201 2322 3255 qua:
2368 3185 2545 3240 civilis
2578 3183 2943 3238 lexasaeculo
2995 3183 3197 3247 sanxit,
3253 3190 3310 3236 ut
3365 3181 3629 3250 templum

368 3275 570 3338 αἰῶνος
602 3275 881 3340 ἐθέσπισε,
915 3276 1044 3330 ναὸν
1086 3279 1268 3346 ἆγιον,
1306 3281 1402 3334 καὶ
1435 3286 1804 3356 μοναστήριον
1842 3289 1948 3340 δω-

367 3368 590 3440 ρεῖσθαί
625 3385 771 3433 τινι;
803 3370 924 3423 οὑδὲ
954 3372 1063 3439 γὰρ
1095 3372 1252 3424 αὑτοὶ
1284 3374 1334 3425 oi
1366 3374 1632 3446 Ἕλληνες
1661 3379 1949 3450 εὑρίσκον-

365 3473 459 3511 ται
487 3456 771 3511 είδωλικόν
800 3476 924 3511 τινα
951 3460 1081 3512 ναόν
1106 3462 1236 3515 ποτέ
1267 3479 1375 3515 τινι
1416 3463 1825 3536 δωρησάμενοι.
1877 3470 1951 3522 Τὸ

368 3545 502 3615 γοῦν
522 3547 677 3618 παρὰ
692 3546 866 3601 ταῦτα
882 3549 1192 3619 γινόμενον,
1209 3553 1295 3614 τίς
1327 3551 1395 3606 ἂν
1427 3551 1693 3624 λογισμοῦ
1722 3557 1946 3628 Κύριος,

368 3640 580 3708 ἀγαθὸν
614 3641 825 3711 καλέσῃ
858 3642 891 3712 ἢ
935 3644 1241 3714 συμφέρον,
1291 3646 1325 3716 ἦ
1365 3647 1701 3717 οἰκονομίαν,
1735 3650 1768 3720 ἢ
1817 3668 1953 3722 προ-

370 3735 684 3805 μήθειαν,ἢ
715 3735 984 3803 ὠφέλειαν
1008 3739 1103 3790 καὶ
1135 3738 1394 3794 σύστασιν
1414 3757 1428 3772 ·
1451 3740 1567 3794 ἀλλ’
1593 3742 1716 3812 οὐχὶ
1751 3745 1951 3814 μᾶλλον

369 3827 688 3897 παράϐασιν
725 3829 822 3882 καὶ
846 3831 1156 3902 παρακοήν,
1186 3833 1283 3884 και)⁸
1312 3833 1666 3904 παρανομίαν
1713 3836 1952 3908 ἐσχάτην

368 3923 472 3975 καὶ
501 3922 782 3990 ὀλεθρίαν,
810 3923 946 3976 Εἰπὲ
981 3924 1090 3991 γάρ
1121 3942 1244 3993 μοι,
1278 3926 1327 3978 εί
1359 3927 1386 3978 6
1419 3927 1496 3996 τῷ
1526 3928 1755 4000 ὲπιγείῳ
1784 3930 1951 3984 ἀντά-

370 4029 474 4083 ρας
510 4013 745 4082 βασιλεί,
781 4015 878 4068 καὶ
907 4015 977 4067 τὰ
1012 4017 1365 4087 προσήκοντα
1399 4019 1550 4089 αὑτῷ
1577 4024 1840 4092 χρήματα
1858 4026 1953 4077 καὶ

368 4103 629 4174 κτήματα
684 4106 1187 4176 σφετερισάμενος,
1254 4109 1452 4165 ἔπειτα
1510 4112 1569 4166 δὲ
1629 4116 1726 4166 καὶ
1785 4115 1950 4168 αὑτοῦ

371 4195 740 4265 στρατοπέδου
768 4195 1188 4271 [στρατόπεδον]
1219 4200 1477 4273 δυνηθεὶς
1501 4205 1836 4276 ἀποστῆσαι,
1857 4210 1952 4262 καὶ

370 4286 466 4354 ὑφ’
498 4287 694 4340 ἑαυτὸν
728 4289 1092 4359 ποιήσασθαι,
1118 4291 1306 4346 οὐκέτι
1338 4295 1461 4348 ἐστὶ
1493 4295 1681 4361 δοῦλος
1731 4301 1952 4364 πάντως

370 4379 404 4449 ἢ
439 4379 594 4448 φίλος
623 4380 720 4433 τοῦ
753 4380 1041 4451 βασιλέως,
1073 4383 1191 4437 ἀλλ’
1223 4385 1419 4456 ἐχθρὸς
1458 4390 1552 4442 καὶ
1594 4391 1856 4460 πολέμιος
1885 4411 1898 4424 ’
1924 4395 1952 4446 ὁ

367 4474 440 4527 τὰ
487 4473 566 4542 τῷ
619 4474 935 4545 ἐπουρανίῳ
983 4475 1201 4546 βασιλεῖ
1246 4480 1470 4551 Χριστῷ
1519 4483 1598 4554 τῷ
1636 4484 1758 4554 Θεῷ
1789 4485 1948 4556 ἡμῶν

370 4567 776 4638 ἀνατεθειμένα
816 4569 938 4624 θεῖα
979 4573 1076 4625 καὶ
1128 4572 1252 4643 ιερὰ
1299 4577 1640 4646 πράγματα,
1678 4573 1767 4631 οἵα
1801 4581 1846 4632 δ’
1881 4581 1946 4633 ἂν

367 4661 464 4713 καὶ
497 4656 632 4725 εἷεν,
659 4662 860 4715 κοινῶν
894 4665 986 4715 καὶ
1017 4665 1479 4735 σφετεριζόμενος
1506 4671 1598 4722 καὶ
1635 4669 1818 4733 ἄλλοις
1842 4675 1946 4726 δωο

367 4752 662 4823 ροὺμενος,
695 4754 777 4807 ἔτι
808 4755 864 4808 δὲ
891 4757 986 4810 καὶ
1016 4757 1075 4809 τὸ
1100 4757 1246 4811 θεῖον
1267 4761 1358 4811 καὶ
1398 4760 1544 4830 ἱερὸν
1567 4763 1732 4815 αὑτοῦ
1775 4782 1944 4834 στρα-

362 4845 591 4897 τόπεδον
615 4861 631 4876 ο
665 4864 739 4916 φη
749 4847 811 4914 μὶ
831 4847 916 4917 δὴ,
940 4849 1000 4900 τὸ
1020 4848 1128 4900 τῶν
1151 4851 1404 4919 μοναχῶν
1436 4851 1531 4904 καὶ
1565 4854 1800 4922 μοναζου
1811 4857 1939 4909 σῶν·

363 4937 426 4989 οὑ
457 4937 620 5006 μόνον
642 4936 732 4990 διὰ
756 4937 855 5007 τῆς
882 4938 992 4992 τῶν
1019 4939 1336 5006 ἀναγκαίων
1365 4941 1574 5006 ἐνδείας
1612 4945 1818 5008 πιέζων
1847 4949 1943 5000 καὶ

372 5027 748 5099 στενοχωρῶν,
783 5029 923 5083 ἀλλὰ
959 5032 1056 5083 καὶ
1084 5031 1172 5084 διὰ
1194 5031 1406 5102 δωρεᾶς
1433 5034 1743 5104 ἀνθρώποις
1773 5056 1945 5092 κατα-

365 5122 594 5186 δουλῶν,
629 5124 723 5176 καὶ
749 5125 877 5176 ὅσον
897 5125 959 5177 τὸ
979 5125 1065 5177 ἐπ’
1093 5126 1256 5178 αὑτὸν
1285 5127 1599 5194 ἀφιστάνων
1629 5130 1824 5195 αὑτοὺς
1850 5134 1944 5186 τοῦ

366 5216 702 5284 ἐπουρανίου
733 5216 1020 5286 βασιλέως,
1064 5217 1184 5280 πῶς
1205 5217 1428 5272 δύναται
1457 5218 1598 5275 εἶναι
1628 5221 1660 5292 ἢ
1685 5221 1944 5290 λέγεσθαι

2053 3289 2310 3334 sanctum
2344 3287 2397 3333 et
2429 3276 3078 3354 monasteriumcuipiant
3117 3275 3446 3330 concedatur
3475 3275 3499 3326 ?
3529 3272 3634 3328 Ne-

2054 3386 2162 3439 que
2190 3370 2339 3424 enim
2401 3369 2486 3423 vel
2539 3370 2637 3437 ipsi
2692 3367 2923 3438 gentiles
2972 3368 3318 3438 reperiuntur
3397 3383 3636 3436 unquam

2056 3465 2182 3521 idoli
2210 3465 2470 3534 templum
2511 3464 2672 3518 alicui
2695 3463 3008 3520 tradidisse.
3061 3463 3215 3531 Quod
3248 3463 3412 3534 igitur
3431 3475 3625 3518 contra

2055 3563 2169 3617 base
2223 3563 2301 3628 tit,
2349 3560 2471 3630 quis
2506 3569 2686 3615 mente
2726 3559 2985 3629 praeditus
3025 3562 3222 3615 bonum
3255 3559 3630 3630 appellaverit,

2054 3664 2148 3709 aut
2171 3655 2536 3715 commodum,
2551 3653 3028 3722 dispensationem,
3049 3652 3465 3722 providentiam,
3491 3650 3639 3706 utili-

2057 3757 2248 3811 tatem,
2280 3757 2332 3801 et
2362 3738 2894 3810 contmodati‘onem;
2951 3762 3013 3800 ac
3047 3761 3153 3800 non
3217 3746 3397 3816 potius
3450 3755 3632 3799 trans-

2055 3841 2411 3912 gressionem,
2436 3839 2888 3905 inobedicntiam,
2943 3839 3284 3908 iniquitatem
3323 3847 3628 3893 extremam

2055 3949 2118 3988 ac
2167 3930 2739 4002 perniciosissimam?
2795 3929 2972 3984 Etiare
3009 3929 3141 3983 mihi
3174 3943 3190 3983 ι
3234 3929 3279 3984 si
3335 3930 3381 3984 is
3411 3926 3503 3997 qui
3535 3927 3633 3981 ad-

2053 4038 2247 4079 versus
2309 4032 2582 4076 terrenum
2607 4021 2990 4090 imperatorem
3030 4019 3340 4083 rebellavit,
3367 4018 3628 4088 pecunias

2052 4113 2536 4186 possessionesque
2569 4112 2634 4166 ad
2657 4127 2778 4167 eum
2807 4112 3142 4182 pertinentes
3167 4110 3464 4166 vindicavit
3497 4109 3630 4177 sibi,

2052 4206 2246 4261 deinde
2283 4205 2580 4258 exercitum
2616 4203 2732 4272 ejus
2765 4203 2942 4273 potuit
2973 4209 3222 4256 avertere
3251 4200 3465 4271 sibique
3485 4214 3623 4256 con-

2053 4299 2259 4362 ciliare,
2297 4314 2399 4352 non
2437 4296 2658 4350 omnino
2687 4295 2918 4363 amplius
2951 4295 3397 4364 estimperatoris
3428 4309 3622 4349 servus

2053 4391 2137 4446 vel
2178 4391 2411 4453 amicus,
2449 4388 2544 4442 sed
2599 4387 2856 4442 inimicus
2906 4397 2960 4442 et
3015 4386 3218 4451 hostis;
3272 4387 3363 4456 qui
3419 4385 3632 4441 ccclein

2055 4481 2367 4550 imperatori
2421 4479 2637 4534 Christo
2693 4477 2802 4533 Deo
2853 4489 3042 4534 nostro
3091 4479 3365 4534 dedicatas
3417 4479 3630 4533 divinas

2054 4564 2348 4642 sacrasque
2375 4590 2481 4638 res,
2532 4573 2934 4644 qualescunque
2994 4573 3098 4628 ilhn
3148 4583 3300 4637 sunt,
3356 4572 3630 4642 profanat,

2053 4667 2376 4732 intervertit,
2410 4665 2576 4721 donat
2612 4667 2756 4730 aliis,
2820 4675 3192 4735 prmtereaque
3239 4666 3482 4718 divinum
3537 4679 3633 4718 sa-

2051 4774 2314 4827 crumque
2373 4759 2488 4829 ejus
2531 4759 2828 4814 exercitum
2871 4756 3212 4828 (monachos
3263 4765 3318 4809 et
3365 4755 3631 4810 moniales

2055 4855 2341 4925 intelligo)
2390 4873 2494 4911 non
2564 4855 2735 4908 solum
2803 4869 2899 4923 per
2951 4868 3129 4906 rerum
3189 4850 3631 4904 necessariarum

2055 4949 2405 5019 indigentiam
2475 4949 2672 5018 premit
2730 4959 2783 4998 et
2836 4955 3106 5013 angustat,
3162 4944 3256 4998 sed
3319 4943 3483 4996 etiam
3534 4957 3629 5012 per

2056 5043 2254 5096 donum
2271 5041 2584 5096 hominibus
2605 5041 2656 5092 itt
2679 5039 2994 5092 servitutem
3027 5037 3210 5101 tradit,
3255 5048 3630 5106 quantumque

2057 5134 2196 5188 inse
2218 5143 2302 5187 est
2345 5141 2534 5184 avocat
2574 5146 2603 5182 a
2633 5129 2836 5184 cmlesti
2871 5130 3222 5198 imperatore,
3265 5143 3375 5196 qua
3411 5127 3626 5180 ratione

2055 5240 2178 5281 esse
2205 5236 2298 5279 aut
2323 5224 2425 5278 dici
2459 5233 2634 5292 potest
2679 5221 3058 5276 Christianus?
3095 5220 3185 5276 Sic
3211 5235 3341 5291 ergo
3375 5219 3630 5275 inimicus

1522 5382 1706 5444 Joan.
1746 5383 1924 5461 Bapt.
1959 5382 2257 5446 Cotelerii
2291 5389 2474 5443 notua.

400 5577 411 5587 _
443 5505 553 5588 (li)
584 5507 1078 5588 ξίαριστιριαρίων,
1113 5507 1510 5588 Charisticarii.
1541 5519 1595 5564 et
1615 5511 1938 5588 charistiea-

368 5577 484 5648 riae,
520 5576 661 5630 ittl'ra
695 5593 709 5631 :
740 5579 936 5645 quibus
973 5579 1026 5632 in
1063 5580 1378 5633 beneficium
1406 5591 1460 5634 et
1488 5582 1717 5648 gratiam
1753 5583 1938 5637 trade-

370 5647 569 5700 bantur
595 5662 659 5699 ae
691 5649 1069 5714 prmbebantur
1098 5651 1460 5714 monaSteria;
1497 5647 1658 5704 laicis
1708 5651 1821 5705 loca
1851 5667 1938 5707 sa-

365 5731 495 5786 cra;
526 5717 882 5780 bcncliciarii,
907 5719 1282 5786 prmbcndstrii.
1312 5717 1445 5773 Vide
1470 5731 1578 5772 tum
1603 5720 1938 5775 Glossarium

349 5784 594 5840 Joannis
637 5785 876 5850 Meursii,
907 5784 1036 5842 tum
1075 5787 1447 5843 Putlsatnouetu
1485 5791 1551 5843 ad
1583 5807 1844 5845 canonum
1874 5793 1939 5846 19

367 5871 440 5912 vn
475 5856 684 5928 synodi,
719 5865 772 5912 et
815 5857 907 5916 Jus
949 5859 1466 5916 Graeco-liotttattum
1500 5877 1550 5931 p.
1587 5860 1706 5930 142,
1738 5861 1863 5918 251.
1897 5865 1940 5917 Λ

2043 5512 2254 5567 Latinis
2309 5511 2701 5576 abbacomites,
2755 5509 3146 5568 abhieomites;
3200 5505 3421 5560 abhates
3471 5505 3615 5574 laici,

2044 5585 2268 5637 abbates
2301 5583 2592 5636 militemct
2617 5581 2887 5635 abbatiani
2914 5579 3272 5646 appellantur.
3307 5578 3362 5630 ln
3389 5577 3626 5631 concilio

2045 5653 2326 5716 Meldensi,
2356 5651 2676 5705 Antichristi
2721 5661 2777 5705 et
2814 5649 3109 5716 apocryplti
3143 5657 3403 5702 rectores.
3441 5648 3621 5709 Bedm.

2046 5723 2122 5777 De
2151 5723 2318 5787 laicis,
2361 5736 2463 5775 non
2497 5722 2747 5774 monachi
2778 5717 2872 5775 sed
2898 5718 3139 5776 abbates.
3173 5717 3428 5788 Egberto,
3455 5719 3626 5774 abba-

2047 5801 2127 5850 tcs
2153 5793 2270 5850 sine
2295 5792 2501 5850 ordine.
2532 5792 2664 5848 Aliis
2693 5791 2870 5848 aliter.
