3968 6220
367 316 502 382 Ilii

1147 317 1247 377 DE
1289 314 1817 377 MONASTERIIS
1854 316 2109 377 LAICIS
2151 317 2306 379 NON
2342 319 2805 382 TRADENDIS.

3473 324 3624 388 1142‘

365 436 465 503 τῆς
509 431 680 504 μονῆς
714 431 1055 503 προεστῶτος
1084 432 1177 485 καὶ
1209 432 1316 484 τῶν
1356 431 1628 500 ἀδελφῶν,
1648 431 1941 502 δοκιμάζε-

2045 433 2337 490 triennium
2376 435 2655 505 probetur,
2713 451 2779 491 an
2831 435 2944 492 fieri
2969 438 3148 507 possit
3186 441 3524 509 monachus;
3555 454 3610 500 et

366 527 492 580 σθαι
541 526 597 578 δὲ
644 526 806 580 αὐτὸν
841 526 935 578 ἐπὶ
983 525 1228 596 τριετίαν
1257 525 1411 594 ὅλην,
1442 526 1492 577 εί
1522 524 1745 579 δύναται
1779 524 1937 590 γενέ-

367 617 496 670 σθαι
533 616 771 688 μοναχός
798 630 814 646 ⁶
848 616 944 669 καὶ
989 618 1039 670 εί
1093 616 1194 687 μὲν
1228 619 1371 686 φανῇ
1426 615 1760 686 ἐπιτήδειος,
1805 618 1940 671 ἁπο-

369 708 674 778 ιιείρεσθαι,
709 707 803 760 καὶ
827 707 904 778 τῷ
935 707 1124 779 κλήρῳ
1147 708 1255 761 τῶν
1297 707 1640 777 μοναζόντων
1667 725 1941 776 συγκατα-

368 801 622 869 ).έγεσθαι
667 815 682 831 ο
735 800 787 853 εἰ
840 800 885 853 δ’
939 798 1025 877 οὒ,
1104 800 1544 872 ἐπαναστρέφειν
1591 801 1752 855 αὑτὸν
1817 802 1940 855 ὅθεν

369 894 619 965 ἐλήλυθε.
677 894 789 948 Καὶ
828 894 1179 964 ἀποκαρέντα
1227 894 1284 949 δὲ
1325 893 1540 960 τοῦτον,
1574 895 1603 949 δ
1655 891 1941 964 προεστὼς

370 985 709 1055 παραδίδωσί
766 1003 874 1040 τινι
935 986 1044 1040 τῶν
1113 986 1214 1055 τὴν
1280 985 1588 1058 ἀσκητικὴν
1649 985 1795 1057 ζωὴν
1847 987 1940 1038 καὶ

369 1077 576 1148 ἀρετὴν
633 1078 1089 1149 κατορθωκότων,
1127 1077 1222 1131 ἐπὶ
1251 1078 1327 1148 τῷ
1380 1077 1796 1148 στοιχειωθῆναι
1848 1078 1940 1133 ὑπ’

370 1169 539 1222 αὐτοῦ
597 1170 678 1233 είς
718 1169 818 1241 τὴν
851 1169 1053 1240 τέχνην
1103 1170 1212 1223 τῶν
1254 1171 1460 1240 τεχνῶν
1501 1171 1595 1224 καὶ
1629 1171 1942 1241 ἐπιστήμην

370 1259 480 1312 τῶν
518 1259 842 1331 ἐπιστημῶν
897 1277 911 1292 ⁸
961 1262 1104 1331 φημὶ
1129 1262 1204 1332 ιδὴ
1246 1261 1348 1333 τὴν
1387 1263 1688 1334 μοναχικὴν
1723 1263 1940 1332 φιλοσο⁴

373 1351 526 1418 φίαν.
570 1351 801 1405 Κελλίου
859 1352 916 1406 δὲ
985 1354 1296 1418 ἰδιαζόντως
1351 1356 1472 1408 τότε
1530 1355 1801 1422 ἀξιοῦται,
1852 1357 1941 1410 ὅτε

371 1443 574 1513 δηλαδὴ
624 1445 817 1516 ἀρκεῖν
846 1447 1009 1501 αὐτὸν
1040 1447 1219 1518 ἑαυτῷ
1245 1450 1325 1512 εἰς
1358 1448 1636 1520 σωτηρίαν
1667 1449 1821 1524 παρὰ
1848 1449 1941 1502 τοῦ

374 1536 720 1603 προεστῶτος
774 1537 1119 1607 κριθήσεται.
1191 1540 1302 1592 Καὶ
1368 1538 1512 1592 οὕτω
1561 1539 1663 1609 μὲν
1716 1540 1746 1592 ὁ
1798 1539 1943 1609 ἱερὸς

372 1627 573 1695 θεσμός
625 1643 685 1681 τε
745 1627 838 1680 καὶ
892 1627 1146 1698 θεμέλιος
1206 1630 1350 1700 ἀρχή
1414 1647 1475 1683 τε
1518 1633 1614 1683 καὶ
1666 1629 1792 1700 ῥίζα
1843 1631 1943 1700 τῆς

371 1719 526 1783 θείας
569 1719 821 1783 εὐζωΐας.
862 1719 927 1774 Ἠ
973 1720 1031 1773 δὲ
1059 1720 1296 1791 ἄθεσμος
1332 1722 1588 1792 πονηρία,
1618 1721 1709 1774 τὸν
1741 1720 1942 1792 θεσμὸν

373 1812 702 1884 ἀναιροῦσα,
737 1813 1068 1883 πρόσταγμα
1110 1813 1388 1884 ἔγγραφον
1424 1815 1775 1885 καταπέμπει
1806 1816 1944 1887 πρὸς

372 1905 466 1957 τὸν
498 1903 823 1974 ἡγούμενον,
855 1906 1057 1959 οὑτωσὶ
1079 1906 1359 1976 περιέχονο
1383 1906 1474 1959 τὸν
1497 1906 1644 1959 δεῖνα
1672 1907 1944 1977 ἐτάξαμεν

374 1995 614 2063 ἀδελφὸν
647 1997 727 2058 είς
754 1995 855 2066 τήν
909 1995 1001 2064 ὑφ’
1049 1997 1196 2066 ἡμᾶς
1240 1995 1340 2067 [aL
1378 1996 1501 2050 καθ’
1543 1995 1712 2067 ὑμᾶς]
1751 1997 1942 2067 μονὴν,

371 2087 468 2140 καὶ
499 2085 598 2154 [αι.
628 2085 750 2158 τὴν]
779 2087 950 2150 δεῖνα,
985 2088 1080 2139 καὶ
1105 2088 1396 2157 παράλαϐε
1440 2087 1629 2154 αὑτὸν,
1665 2087 1944 2159 καθηγού-

378 2197 531 2249 μενε,
567 2181 663 2234 καὶ
691 2179 1015 2250 ἀπόκειρον,
1047 2181 1144 2234 καὶ
1175 2181 1434 2252 πάρασχε
1458 2181 1608 2252 αὐτῷ
1642 2181 1829 2235 κελλία
1863 2182 1946 2245 είς

373 2273 584 2328 οἰκείαν
633 2274 951 2343 καταμονὴν
997 2273 1094 2327 καὶ
1127 2273 1433 2327 ἀνάπαυσιν
1467 2291 1482 2307 ο
1528 2273 1853 2343 λαμϐανέτω
1887 2274 1945 2327 δὲ

375 2368 472 2421 καὶ
506 2366 691 2432 αὐτὸς,
719 2368 774 2422 εἴ
797 2385 852 2421 τι
884 2366 980 2420 καὶ
1009 2367 1059 2418 oi
1089 2366 1271 2420 λοιποὶ
1299 2365 1521 2435 ἀδελφοὶ
1553 2366 1897 2437 λαμϐάνουσι
1926 2382 1943 2399 ’

375 2457 605 2529 ποίησον
635 2459 694 2513 δὲ
738 2459 832 2512 καὶ
862 2458 922 2512 τὸ
957 2453 1080 2512 ἶσον
1125 2457 1224 2527 τῆς
1248 2457 1534 2528 παρούσης
1578 2459 1737 2528 ἡμῶν
1773 2476 1945 2529 προσ-

373 2552 604 2618 τάξεως,
639 2549 736 2605 καὶ
767 2551 952 2614 ἐπίδος
1000 2550 1080 2620 τῷ
1121 2549 1351 2622 τοιούτῳ
1383 2551 1465 2614 είς
1493 2550 1816 2620 ἀσφάλειαν.
1837 2551 1946 2605 Καὶ

378 2640 562 2698 ταῦτα,
588 2639 712 2711 μὲν,
748 2640 843 2694 ἐάν
873 2656 959 2702 τις
992 2639 1101 2695 τῶν
1133 2638 1549 2711 εὐλαϐεστέρων
1582 2641 1666 2710 εἴη
1695 2657 1945 2711 χαριστι-

376 2735 613 2805 καρίων,
648 2734 700 2786 sl.
727 2733 786 2787 δὲ
824 2733 935 2786 τῶν
962 2733 1136 2798 άλλως
1167 2736 1402 2804 ἐχόντων
1427 2738 1603 2796 ἐστὶν.
1639 2736 1762 2788 οὐδὲ
1783 2735 1947 2804 ψιλῆς

375 2827 742 2898 προσρήσεως
802 2825 894 2880 τὸν
938 2825 1246 2896 ἡγούμενον
1295 2827 1481 2891 ἀξιοῖ’
1536 2827 1674 2880 ἀλλὰ
1709 2827 1846 2898 πρὸς
1886 2827 1948 2880 ὃν

375 2916 649 2987 ἐπέστησε
681 2917 752 2970 τὰ
778 2914 883 2985 τῆς
928 2917 1100 2986 μονῆς
1139 2916 1490 2986 προνοεῖσθαι
1523 2915 1814 2988 ἄνθρωπον
1849 2915 1948 2969 αὑ-

375 3008 496 3072 τοῦ,
525 3007 586 3061 τὸ
617 3008 784 3078 ῥηθὲν
805 3006 1128 3062 ἀποστέλλει
1159 3007 1494 3078 πρόσταγμα
1519 3025 1534 3040 ο
1561 3009 1684 3063 οὐδὲ
1712 3009 1763 3062 εί
1800 3006 1948 3062 ἐστιν

373 3097 707 3170 ἡγούμενος,
745 3097 1184 3168 καθηγούμενος.
1217 3097 1504 3167 Διέφθειρε
1531 3097 1632 3170 [αι.
1665 3097 1945 3171 διέφθορε]

374 3191 508 3261 γοῦν
543 3191 864 3262 παραυτίκα
900 3193 932 3262 ή
969 3191 1114 3263 ἀρχὴ
1137 3233 1154 3256 ,
1190 3191 1286 3244 καὶ
1316 3190 1568 3260 ὕπεσύρη
1612 3193 1641 3244 ὁ
1692 3191 1944 3262 θεμέλιος

373 3283 476 3354 τῆς
521 3282 677 3345 θείας
727 3283 1038 3352 οἰκοδομῆς,
1088 3282 1185 3334 καὶ
1234 3283 1267 3352 ἡ
1315 3281 1440 3352 ῥίζα
1469 3283 1790 3354 ἐξήρανται.
1833 3285 1946 3354 Τῆς

374 3377 556 3447 ἀρχῆς
585 3375 643 3431 οὲ
673 3374 1073 3448 διαφθαρείσης
1093 3411 1109 3438 ,
1143 3373 1356 3444 ἀνάγκη
1388 3374 1852 3445 συνδιαφθαρῆναι
1884 3375 1945 3428 τὸ

374 3469 485 3520 πᾶν
506 3483 520 3498 ·
549 3467 645 3520 καὶ
673 3465 766 3520 τοῦ
796 3464 1055 3536 θεμελίου
1085 3464 1555 3528 ὑποσπασθέντος,
1603 3462 1820 3532 ἀνάγκη
1849 3464 1945 3516 καὶ

375 3559 475 3628 τὴν
519 3558 811 3629 οἰκοδομὴν
870 3555 1374 3627 συγκατενεχθῆται
1405 3571 1420 3587 ο
1481 3558 1576 3610 καὶ
1619 3555 1720 3625 τῆς
1785 3554 1944 3625 ῥίζης

377 3652 766 3722 ξηρανθείσης,
802 3651 1019 3723 ἀνάγκη
1063 3653 1159 3706 καὶ
1191 3650 1254 3704 τὸ
1286 3651 1536 3722 δένδρον·
1582 3651 1794 3722 ἤργησε
1835 3647 1945 3720 γὰρ

374 3746 595 3810 αὐτίκα,
624 3746 773 3800 πᾶσα
799 3744 1162 3807 θεόπνευστος
1191 3739 1516 3798 διδασκαλία
1553 3745 1661 3798 τῶν
1680 3761 1943 3817 προειρη-

379 3833 559 3903 μένων
607 3831 914 3887 θεσπεσίων
961 3833 1250 3902 Πατέρων,
1302 3831 1436 3902 περὶ
1485 3832 1794 3903 ἀποταγῆς,
1851 3834 1943 3886 καὶ

374 3921 679 3992 ὑποταγῆς,
720 3921 815 3974 καὶ
847 3919 1222 3988 είσαγωγικῆς
1257 3919 1674 3990 στοιχειώσεως,
1711 3922 1808 3975 καὶ
1853 3921 1945 3975 ἐκ·

376 4012 554 4078 κοπῆς
597 4010 908 4081 θελήματος
950 4008 1291 4064 συντεθεῖσα.
1327 4010 1546 4064 Τούτων
1594 4011 1653 4064 δὲ
1701 4013 1775 4082 μὴ
1805 4029 1944 4084 προ..

377 4101 744 4174 ῦπαρξάντων
801 4100 881 4172 τῷ
944 4101 1178 4171 μονάσαι
1242 4101 1473 4168 θέλοντι,
1538 4103 1661 4156 οὐδὲ
1710 4102 1838 4157 ἄλλο
1891 4120 1944 4156 τι

375 4195 599 4258 πάντως
623 4193 818 4264 ἕψεται
844 4193 952 4248 τῶν
980 4192 1143 4248 θείων
1175 4193 1272 4248 τοῦ
1303 4195 1683 4264 πνευματικοῦ
1725 4198 1821 4252 καὶ
1847 4215 1943 4268 μο-

374 4287 605 4358 ναχικοῦ
641 4287 808 4357 νόμου
848 4285 1354 4358 παραγγελμάτων.
1387 4289 1498 4360 Τῆς
1539 4290 1649 4361 γὰρ
1672 4290 1767 4345 τοῦ
1813 4311 1945 4361 προ·

375 4379 618 4442 εστῶτος
660 4377 916 4442 ἐξουσίας
969 4379 1325 4452 ἀνῃρημένης
1376 4379 1482 4433 ὑπὸ
1532 4381 1631 4450 τῆς
1669 4384 1944 4453 κοσμικῆς

373 4469 651 4534 ἐξουσίας,
682 4469 759 4532 ὡς
789 4468 1033 4540 εἴρηται,
1066 4470 1166 4541 τῆς
1189 4471 1508 4542 σωματικῆς
1536 4488 1596 4525 τε
1621 4473 1810 4544 χρείας
1832 4474 1945 4540 τοῖς

379 4563 638 4632 μοναχοῖς
668 4561 766 4632 οὐχ
792 4559 880 4615 ὑπ’
910 4561 1236 4626 αὐτοῢ,άλλ’
1269 4562 1374 4616 ὑπὸ
1405 4562 1501 4617 τοῦ
1527 4567 1944 4637 χαριστικαρίου

377 4653 785 4724 παρεχομένης,
833 4653 922 4718 τίς
973 4655 1156 4708 αὐτῶν
1186 4655 1264 4726 τῷ
1296 4657 1602 4727 προεστῶτι
1647 4661 1943 4731 προσέξει;

375 4745 461 4808 τίς
508 4744 920 4816 φοϐηθήσεται;
953 4746 1035 4810 τίς
1072 4749 1193 4810 ταῖς
1237 4747 1480 4812 ἐντολαῖς
1509 4749 1676 4802 αὐτοῦ
1718 4751 1948 4823 πειθαρ-

374 4837 557 4906 χὴσει;
587 4835 672 4897 τίς
697 4836 1070 4903 πνευματικὸν
1091 4836 1364 4906 καυτῆρα,
1394 4837 1427 4908 ἢ
1452 4838 1649 4909 τομὴν,
1675 4839 1706 4911 ἢ
1742 4841 1947 4912 μικρὰν

376 4925 512 4993 γοῦν
546 4926 870 4998 ἐπιτίμησιν
899 4927 1300 4997 καταδέξεται;
1337 4929 1546 4984 τούτων
1595 4932 1652 4984 δὲ
1695 4933 1791 4987 καὶ
1834 4933 1947 4988 τῶν

377 5019 641 5071 τοιούτων
672 5019 1059 5090 ἀνῃρημένων,
1095 5020 1314 5091 ἀνάγκη
1353 5021 1473 5074 ὲστὶ
1506 5021 1690 5078 λοιπὸν
1714 5063 1730 5090 ,
1763 5027 1946 5080 πᾶσαν

375 5113 478 5176 τὴν
521 5111 823 5183 μοναχικὴν
853 5112 946 5166 καὶ
980 5112 1288 5184 άσκητικὴν
1319 5115 1599 5170 πολιτείαν
1646 5117 1741 5170 καὶ
1773 5119 1946 5172 κατά-

378 5221 567 5256 στασιν
607 5203 852 5274 οἴχεσθαι
897 5204 1284 5278 πανωλεθρίᾳ·
1315 5207 1487 5287 μόνην
1515 5207 1613 5280 τὴν
1649 5209 1946 5282 περιϐολὴν

374 5295 450 5356 ὡς
479 5297 823 5364 προσωπεῖον
853 5297 1274 5367 περικειμένους
1313 5301 1457 5352 κατά
1482 5301 1574 5352 τὸν
1600 5301 1706 5366 ἔξω
1729 5301 1946 5371 ἄνθρω-

378 5402 500 5438 πον.
551 5383 716 5456 Ἀλλά
749 5384 844 5437 καὶ
877 5383 1016 5454 αὐτὴ
1047 5387 1078 5453 ή
1122 5385 1320 5450 ἔξωθεν
1357 5387 1661 5459 μόρφωσις,
1695 5387 1948 5458 ἀπήρξα-

373 5489 436 5529 το
464 5477 564 5548 ἤδη
601 5475 996 5544 ἀφανίζεσθαι·
1031 5475 1107 5540 ὡς
1138 5476 1286 5530 ἐστιν
1309 5479 1442 5548 ὀρᾷν
1471 5483 1551 5542 εἰς
1574 5481 1644 5534 τὰ
1671 5481 1934 5534 δεδουλω-

377 5569 514 5638 μένα
551 5569 842 5636 κοσμικαῖς
881 5569 1248 5641 μοναστήρια.
1295 5571 1626 5644 ’ἰσαρίθμιοι
1675 5575 1785 5644 γάρ
1838 5576 1945 5629 είσι

332 5678 338 5683 ’
376 5655 567 5737 σχεδὸν
599 5661 714 5722 τοῖς
744 5660 1001 5728 μοναχοῖς
1023 5659 1073 5712 of
1109 5662 1494 5732 ἐνταττὸμενοι
1524 5665 1674 5736 παρά
1704 5667 1814 5720 τῶν
1851 5666 1945 5737 βα-

377 5733 571 5808 ἆιλέων
617 5750 709 5804 καὶ
736 5750 1169 5822 χαριστικαρίων
1197 5757 1456 5826 κοσμικοὶ
1479 5733 1700 5830 ἀδελιροὶ
1732 5733 1944 5832 ἐσωμο-

2038 527 2328 596 siquidem
2362 527 2510 582 visus
2542 527 2704 581 fuerit
2737 527 2982 591 idoneus,
3035 528 3343 596 tondeatur,
3387 541 3444 587 et
3489 549 3612 588 coo-

2041 628 2224 690 ptetur
2257 619 2324 674 ad
2366 621 2757 674 monachorum
2803 620 3130 690 collegium;
3170 622 3252 676 sin
3306 622 3489 679 minus
3520 639 3607 679 re-

2040 713 2166 768 deat
2199 714 2339 768 unde
2385 712 2659 781 profectus
2685 721 2788 769 est.
2845 713 2966 769 1am
3009 730 3135 771 vero
3183 725 3394 771 tonsum
3458 717 3620 778 illum

2043 805 2362 875 prmpositus
2388 803 2552 859 tradit
2606 804 2821 861 cuidam
2880 821 3067 860 eorum
3129 808 3219 876 qui
3269 806 3322 862 in
3371 810 3609 865 ascetica

2041 897 2150 952 vita
2205 905 2260 952 et
2281 897 2480 952 virtute
2517 897 2853 970 praecellunt,
2881 907 2942 952 ut
2969 899 3061 976 ab_
3089 913 3155 954 eo
3185 898 3499 954 instituatur
3556 901 3610 956 in

2042 999 2162 1044 arte
2190 989 2386 1044 artium
2436 1005 2502 1045 ac
2557 990 2791 1046 scientia
2842 989 3244 1057 scientiarum;
3283 993 3608 1056 monastica,

2042 1080 2286 1149 inquam,
2339 1079 2647 1151 disciplina.
2689 1077 2841 1135 Tunc
2889 1095 3019 1135 vero
3059 1095 3311 1137 seorsum
3339 1082 3477 1138 cella
3511 1084 3612 1138 do-

2044 1183 2223 1238 natur,
2250 1173 2468 1244 quando
2495 1187 2688 1242 nempe
2712 1173 2828 1241 ipse
2863 1171 2964 1226 sibi
2999 1172 3064 1226 ad
3099 1172 3328 1227 salutem
3362 1173 3614 1230 sullicere

2044 1281 2073 1321 a
2100 1265 2353 1338 praefecto
2373 1265 2726 1334 iudicabitur.
2769 1264 2949 1335 Atque
2975 1264 3048 1320 ita
3073 1264 3292 1336 quidem
3316 1279 3472 1320 sacra
3498 1265 3624 1331 lex,

2045 1359 2477 1424 fundamentum,
2515 1359 2839 1429 principium
2881 1367 2935 1414 et
2969 1357 3119 1413 radix
3160 1358 3358 1414 divinae
3413 1359 3618 1414 beata:-

2043 1468 2149 1524 que
2197 1455 2341 1508 vitae.
2393 1455 2460 1508 At
2503 1453 2658 1509 exlex
2708 1452 2911 1507 malitia
2943 1453 3115 1522 legem
3151 1461 3428 1520 evertens,
3455 1466 3613 1506 mau-

2044 1548 2227 1602 datum
2281 1548 2540 1616 scriptum
2577 1547 2644 1600 ad
2698 1546 3056 1616 hegumenum
3127 1560 3222 1600 seu
3259 1545 3628 1616 praepositum:

2045 1634 2233 1698 mittit,
2280 1636 2424 1704 quod
2465 1635 2539 1689 ita
2593 1635 3012 1705 complectitur:
3050 1634 3201 1690 illum
3233 1636 3613 1690 constituimus

2046 1724 2271 1780 fratrem
2307 1727 2358 1780 in
2391 1725 2719 1780 monasterio
2755 1735 2942 1782 nostro
2969 1726 3062 1780 illo
3091 1741 3106 1790 ;
3136 1735 3187 1780 et
3217 1725 3436 1795 suscipe
3465 1740 3612 1790 eum,

2047 1817 2355 1888 praeposite,
2381 1831 2446 1872 ac
2481 1817 2736 1883 tonde,et
2765 1819 2916 1873 trade
2933 1817 2980 1872 ei
3011 1817 3176 1873 cellas
3194 1817 3247 1870 in
3272 1817 3614 1872 mansionem

2047 1922 2199 1962 suam
2249 1915 2304 1960 et
2353 1906 2641 1975 requiem:
2695 1906 2812 1978 ipse
2864 1907 3030 1962 etiam
3063 1905 3296 1976 accipiat
3355 1905 3616 1976 quidquid

2047 1999 2240 2068 reliqui
2262 1998 2458 2054 fratres
2493 1999 2764 2070 accipiunt
2801 2016 2815 2054 :
2867 1998 3030 2054 facito
3074 2010 3289 2066 quoque
3310 1995 3616 2063 exemplum

2047 2091 2272 2161 hujusce
2304 2091 2474 2145 nostri
2509 2091 2773 2155 mandati,
2808 2104 2872 2144 ac
2926 2088 3161 2158 praebeto
3202 2088 3292 2142 tali
3343 2087 3410 2141 ad
3464 2102 3622 2142 secu-

2048 2182 2288 2237 ritatem.
2337 2182 2516 2251 Atque
2549 2182 2664 2237 haec
2697 2181 2941 2251 quidem,
3005 2181 3050 2234 si
3081 2179 3174 2235 ille
3211 2179 3352 2234 inter
3399 2177 3619 2246 religio-

2049 2277 2223 2332 siores
2287 2274 2695 2329 cbaristicarios
2746 2273 2924 2346 locum
2979 2280 3148 2327 tenet.
3193 2269 3329 2324 Nam
3377 2269 3424 2325 si
3472 2269 3619 2324 inter

2047 2365 2208 2421 aliter
2249 2364 2471 2421 affectos
2519 2375 2797 2428 censetur,
2825 2378 3000 2431 neque
3021 2361 3253 2432 simplici
3284 2361 3618 2417 salutatione

2048 2459 2409 2528 hcgumenum
2442 2459 2735 2527 dignatur;
2766 2458 2860 2513 sed
2890 2458 2954 2511 ad
2977 2471 3100 2510 eum
3132 2469 3290 2526 quem
3335 2453 3629 2509 constituis

2027 2563 2106 2606 out
2140 2552 2299 2608 rebus
2321 2551 2950 2620 monasteriiprovideat,
2984 2547 3263 2603 hominem
3295 2560 3474 2610 suum,
3501 2558 3620 2600 me-

2050 2649 2316 2702 moratum
2348 2642 2513 2696 mittit
2541 2625 2889 2702 mandatum;
2937 2653 3113 2708 neque
3143 2652 3212 2691 an
3242 2636 3314 2692 sit
3355 2635 3616 2706 prmposi-

2052 2738 2133 2783 tus
2166 2727 2388 2798 cogitat.
2423 2727 2834 2784 Labefactatum
2885 2727 3050 2798 igitur
3094 2725 3238 2781 illico
3267 2731 3351 2780 est
3411 2722 3618 2792 princi-

2048 2819 2220 2890 pium,
2276 2818 2614 2875 subtractum
2659 2815 2763 2873 fuit
2806 2815 3218 2872 fundamentum
3267 2814 3438 2870 divini
3479 2814 3614 2870 tedi-

2051 2910 2183 2976 licii,
2218 2917 2272 2964 et
2305 2908 2458 2964 radix
2475 2909 2711 2966 exaruit.
2734 2905 3082 2962 Labefactato
3110 2917 3291 2962 autem
3321 2905 3613 2975 principio.

2049 3014 2270 3056 necesse
2296 3007 2378 3056 est
2409 2999 2570 3055 simul
2592 2998 2904 3054 labefactari
2939 3006 3103 3052 totum
3132 3014 3147 3063 ;
3179 2997 3444 3053 subducto
3492 2996 3619 3052 fun-

1973 3097 2016 3157 C
2050 3092 2324 3159 damento,
2355 3092 2522 3146 etiam
2574 3090 2860 3146 aedilicium
2911 3090 3226 3145 necessario
3280 3087 3528 3155 corruit;
3564 3095 3623 3144 et

2051 3180 2234 3236 radice
2273 3178 2529 3246 arefacta,
2572 3178 2713 3232 idem
2745 3191 2969 3234 necesse
2998 3185 3083 3232 est
3110 3177 3388 3247 contingat
3412 3175 3614 3231 arbori.

2051 3270 2173 3326 Mox
2199 3271 2343 3326 enim
2400 3269 2632 3326 cessavit
2659 3268 2837 3324 omnis
2891 3267 3151 3324 divinitus
3186 3267 3453 3338 inspirata
3475 3279 3620 3337 prae-

2051 3367 2318 3422 dictorum
2377 3371 2688 3418 sanctorum
2757 3362 2980 3416 Patrum
3039 3359 3340 3426 doetrina,‘
3377 3375 3498 3430 quae
3553 3359 3620 3415 de

2050 3458 2477 3520 renuntiatione,
2495 3455 2824 3519 obedientia,
2843 3455 3238 3511 introductoria
3258 3439 3619 3517 institutione,

2052 3566 2114 3606 ac
2139 3551 2414 3606 escisione
2446 3547 2741 3604 voluntatis
2770 3547 2903 3619 agit.
2956 3548 3082 3604 Haec
3107 3557 3290 3604 autem
3323 3546 3376 3602 in
3408 3560 3474 3602 eo
3526 3544 3620 3616 qui

2051 3643 2404 3699 monasticam
2461 3641 2626 3697 vitam
2679 3641 2878 3698 ducere
2928 3642 3043 3697 vult
3080 3643 3127 3697 si
3183 3655 3292 3697 non
3332 3641 3618 3711 pratexsti-

2051 3735 2238 3801 terint,
2293 3748 2470 3804 neque
2518 3731 2665 3788 aliud
2719 3733 2941 3790 omnino
2997 3734 3300 3790 divinorum
3357 3730 3622 3804 spiritalis

2050 3839 2106 3886 et
2140 3825 2452 3885 monasticae
2485 3824 2622 3896 legis
2661 3817 3054 3894 praeceptorum
3100 3832 3378 3893 sequetur.
3409 3822 3618 3892 Quippe

2051 3922 2351 3992 superioris
2414 3920 2740 3976 auctoritate
2780 3933 2887 3990 per.
2928 3917 3243 3973 satcularem
3296 3922 3617 3984 potestatem

2050 4013 2284 4077 sublata,
2327 4013 2466 4068 sicut
2500 4011 2702 4066 dictum
2756 4021 2862 4077 est,
2899 4020 2953 4066 et
2989 4007 3257 4078 corporali
3288 4004 3616 4062 necessitate

2051 4121 2156 4162 non
2189 4120 2284 4176 per
2318 4105 2514 4172 ipsum,
2565 4102 2660 4158 sed
2701 4117 2797 4171 per
2824 4101 3265 4158 eharisticarium
3330 4100 3618 4156 monachis

2051 4197 2298 4270 prmbita,
2340 4197 2463 4266 quis
2485 4210 2670 4251 eorum
2699 4195 2776 4249 illi
2825 4195 3068 4251 attendet
3092 4195 3116 4248 ?
3136 4194 3268 4260 Quis
3295 4208 3418 4250 eum
3450 4192 3625 4247 timc-

2049 4289 2170 4346 hit?
2214 4288 2343 4356 Quis
2375 4287 2770 4356 obtemperabit
2821 4285 3092 4341 mandatis
3121 4285 3286 4352 ejus?
3339 4285 3472 4352 Quis
3510 4285 3636 4352 spi-

2051 4385 2259 4442 ritalem
2293 4390 2589 4445 cauterem,
2621 4381 2706 4437 vel
2746 4382 3064 4444 sectionem,
3123 4380 3207 4435 vel
3238 4391 3458 4449 parvam
3490 4391 3622 4432 sane

1979 4462 2022 4516 ι)
2053 4475 2531 4548 reprehensionem
2581 4474 2882 4530 admittet?
2917 4473 3015 4529 His
3055 4487 3187 4530 vero
3214 4487 3278 4528 ac
3307 4470 3620 4541 hujustnodi

2049 4570 2295 4635 sublatis,
2355 4568 2481 4622 inde
2544 4581 2767 4623 necesse
2830 4575 2934 4633 est,
2989 4580 3207 4622 omnem
3265 4562 3620 4619 monasticam

2050 4661 2446 4730 ascetieautque
2487 4660 2653 4714 vitam
2698 4671 2748 4714 ct
2784 4658 3182 4718 institutionem
3240 4658 3423 4728 perire
3490 4657 3618 4710 fun-

2047 4753 2233 4819 ditus;
2284 4761 2448 4821 atque
2479 4753 2772 4808 monachos
2829 4753 2944 4807 solo
2998 4749 3328 4806 circumdari
3391 4747 3617 4809 amictu,

2051 4843 2220 4898 instar
2251 4844 2437 4908 larvae,
2471 4845 2769 4899 secundum
2798 4841 3125 4898 exteriorem
3182 4839 3478 4894 hominem.
3507 4837 3615 4892 Sed

2047 4951 2102 4997 et
2131 4943 2243 5012 ipsa
2278 4943 2522 4998 exterior
2573 4942 2895 5003 formatura,
2917 4937 3084 5006 ccepit
3122 4937 3232 5005 jam
3251 4948 3612 4991 evanescere:

2048 5043 2104 5089 ut
2140 5049 2364 5089 cernere
2411 5034 2570 5088 datur
2618 5034 2671 5087 in
2721 5029 3069 5086 monasteriis
3096 5042 3217 5098 qua:
3265 5027 3617 5084 saecularibus

2047 5126 2307 5182 serviunt.
2369 5125 2485 5180 Non
2526 5125 2744 5180 totidem
2780 5121 2897 5177 fere
2931 5135 2994 5175 ac
3040 5119 3290 5175 monachi
3348 5128 3493 5200 sunt,
3527 5121 3614 5188 qui

2048 5220 2116 5276 ab
2162 5217 2583 5288 imperatoribus
2627 5215 3097 5272 etcbaristicariis
3123 5213 3462 5271 collocantur
3506 5227 3614 5266 sa:-

2048 5310 2262 5365 culares
2317 5308 2537 5373 fratres,
2588 5308 2732 5363 intra
2759 5308 3151 5366 monasterium
3210 5308 3520 5364 habitantes
3562 5313 3617 5358 ct

2047 5406 2200 5452 extra
2244 5399 2634 5453 monasterium
2665 5407 2966 5454 manentes.
2996 5401 3172 5468 Atque
3196 5399 3337 5453 intra
3368 5408 3615 5452 sanctam

2048 5488 2328 5542 mandram
2358 5506 2372 5555 ;
2410 5503 2442 5542 ο
2471 5503 2582 5543 rem
2619 5490 2944 5545 absurdam!
2994 5490 3284 5545 steculares
3345 5498 3614 5550 mactant,

2048 5591 2265 5632 carnem
2319 5579 2641 5646 comedunt,
2713 5579 3006 5646 tragoedias
3064 5590 3250 5650 agunt,
3311 5587 3615 5645 cunctaque

2047 5669 2326 5724 saecularia
2359 5670 2602 5726 inatituta
2632 5679 3026 5741 persequuntur
3047 5685 3169 5726 cum
3197 5672 3344 5728 omni
3370 5674 3615 5730 licentia.

2050 5762 2112 5818 Et
2135 5763 2258 5834 quis
2295 5764 2540 5837 ambigit,
2572 5766 2703 5837 quin
2753 5763 3082 5839 procedente
3106 5772 3346 5836 tempore
3371 5781 3434 5824 ac
3474 5767 3617 5821 malo
