3968 6220
495 268 631 336 ιιιδ

1699 278 1731 337 J
1741 276 1944 336 OANN
1954 275 2024 335 IS
2065 275 2158 338 AN
2169 275 2540 336 TIOCHENI

3535 293 3631 357 ιιιι

493 408 846 465 progressum
901 393 1159 458 faciente,
1214 394 1546 448 monasteria
1571 394 1785 463 penitus
1808 394 2066 448 vertenda

2101 401 2142 457 Α
2179 396 2323 448 νῖται
2376 393 2471 447 καὶ
2520 393 2868 463 ἐξωμονῖται.
2923 393 3028 446 Καὶ
3059 395 3250 449 ἔσωθεν
3276 399 3364 473 τῆς
3386 401 3516 468 ἁγίας
3542 408 3630 473 μάν.

499 489 610 540 sint
674 486 728 540 in
779 483 1058 540 saecularia
1133 484 1468 550 diversoria;
1519 488 1757 556 quinque
1819 487 1870 540 id
1923 485 2066 555 quod

491 580 713 646 exsequi
770 593 874 630 non
927 577 1102 646 potuit
1149 577 1486 631 miserrimus
1533 579 1908 647 Copronymns
1953 578 2066 647 (eo

489 670 632 725 enim
662 669 751 723 ille
785 667 1129 740 collimabat)
1191 684 1285 737 per
1310 670 1644 724 orthodoxos
1696 670 2011 739 perficiatur
2045 669 2068 722 ?

488 763 570 815 Ita
615 775 743 830 ergo
760 761 935 819 .‘draco
977 775 1138 816 etiam
1165 777 1259 816 eos
1277 761 1368 830 qui
1400 761 1723 815 donationes
1761 760 2065 829 accipiunt,

487 850 622 920 ipsis
666 851 1006 920 cupientibus
1059 851 1411 906 interimitac
1474 852 1717 905 devorat.
1767 851 1940 918 Atque
1989 850 2071 903 ha:

492 951 623 996 sunt
669 943 883 998 illorum
925 944 1256 1012 iniquitates,
1306 956 1371 996 ne
1401 943 1577 998 dicam
1627 943 1957 1012 impietates,
2005 942 2071 995 de

487 1034 678 1090 multis
733 1050 918 1104 pauca:
986 1045 1317 1102 memoratae,
1397 1050 1463 1090 ne
1518 1034 1732 1089 modum
1781 1034 2068 1090 excederet

491 1126 845 1196 eonscriptio.

2173 488 2326 557 δρας,
2353 486 2398 539 ὼ
2419 486 2520 554 τῆς
2546 486 2795 552 ἀτοπίας,
2819 486 2870 538 οἱ
2894 491 3144 556 κοσμικοὶ
3168 489 3425 558 σφάζουσι,
3449 511 3633 564 apamea-

2175 579 2367 647 γοῦσι,
2415 578 2784 650 τραγῳδοῦσι,
2831 578 2925 632 καὶ
2969 580 3141 634 πάντα
3178 582 3240 635 τὰ
3268 588 3474 655 κοσμικὰ
3501 589 3636 659 ἐπιτη-

2173 669 2421 738 δεύματα
2448 669 2617 740 δρῶσι
2657 669 2799 738 μετὰ
2847 670 3027 738 πάσης
3057 671 3310 735 ἐξουσίας.
3361 677 3452 728 Καὶ
3470 679 3536 736 τίς
3563 681 3636 745 ἀμ-

2179 762 2451 830 φιϐάλλει,
2510 761 2604 814 τοῦ
2663 762 2857 830 χρόνου
2907 764 3202 832 προϊόντος,
3251 766 3340 819 καὶ
3385 767 3464 820 τοῦ
3512 770 3634 823 κακοῦ

2176 853 2608 924 προκόπτοντος,
2643 853 2715 923 μὴ
2737 852 2962 916 τελείως
2991 855 3244 923 γενέσθαι
3265 858 3327 910 τὰ
3358 862 3635 930 μοναστήρια,

2177 945 2422 1014 κοσμικά
2481 944 2804 1013 καταγώγια
2862 961 2877 976 ο
2935 948 3028 998 καὶ
3084 947 3217 1018 ὅπερ
3269 949 3360 1001 οὒκ
3405 950 3637 1022 ἡδυνὴθηὸ

2177 1036 2492 1105 τρισάθλιος
2544 1036 2926 1108 Κοπρῶνυμος
2983 1039 3316 1108 κατορθῶσαι
3344 1055 3356 1070 ’
3400 1042 3529 1096 τοῦτο
3563 1047 3637 1115 τᾶρ

2178 1127 2376 1199 ἐκείνῳ
2419 1128 2623 1191 σκοπός
2652 1144 2665 1156 ’
2718 1128 2825 1182 ὑπὸ
2855 1129 2964 1182 τῶν
2997 1129 3282 1200 ὀρθοδὸξων
3332 1132 3633 1202 πληρωθῆναιξ

493 1220 685 1285 Οὕτως
719 1221 904 1276 τοίνυν
933 1225 960 1276 ὁ
993 1223 1210 1293 δράκων
1261 1224 1361 1275 καὶ
1412 1225 1538 1284 τοὺς
1574 1222 1672 1286 τάς
1715 1223 1925 1292 δωρεάς
1970 1221 2372 1292 λαμϐάνοντας,
2415 1224 2586 1294 ἡδέως
2624 1225 2841 1296 ἀναιρεί
2895 1225 2990 1277 καὶ
3047 1225 3341 1279 καταπίνει.
3381 1227 3470 1279 Καὶ
3519 1227 3636 1282 ταῦτα

484 1315 553 1368 τὰ
578 1316 758 1369 αὐτῶν
787 1316 1147 1386 ἀνομήματα,
1183 1316 1271 1368 ἵνα
1303 1316 1378 1388 μὴ
1411 1316 1554 1384 λέγω
1591 1317 1943 1387 ἀσεϐήματα,
1977 1318 2041 1369 ἐκ
2081 1316 2292 1370 πολλῶν
2325 1319 2503 1388 ὀλίγα,
2535 1319 2620 1373 διὰ
2656 1320 2752 1391 τὴν
2778 1320 3182 1391 πολυγραφίαν.

559 1411 675 1468 XV.
717 1412 984 1468 Carterutn
1016 1425 1238 1467 necesse
1263 1421 1346 1467 est
1387 1422 1445 1466 ut
1493 1413 1780 1481 loquamur
1812 1414 1877 1468 de
1924 1412 2072 1479 abje-

485 1509 586 1562 etis
611 1519 663 1561 et
696 1505 1091 1560 miserabilibus
1121 1506 1424 1570 monachis,
1453 1505 1520 1560 de
1541 1506 1738 1575 quibus
1768 1521 1829 1559 ac
1854 1519 2074 1574 propter

485 1614 622 1669 quos
652 1612 813 1652 omne
872 1596 1110 1652 studium
1165 1596 1490 1665 intelligibili
1523 1606 1578 1650 et
1624 1596 1854 1666 spiritali
1903 1595 2068 1659 leoni,

2255 1413 2336 1470 ιε’.
2380 1417 2516 1485 Περὶ
2552 1417 2609 1470 δὲ
2633 1417 2740 1470 τῶν
2771 1417 3042 1471 ταπεινῶν
3064 1419 3155 1470 καὶ
3184 1417 3414 1472 ἐλεεινῶν
3442 1422 3634 1490 μοναχῶν,

2181 1507 2311 1577 περὶ
2349 1502 2424 1561 ὧν
2449 1510 2542 1560 καὶ
2569 1507 2636 1560 δι’
2665 1506 2758 1570 οὓς
2784 1511 2815 1579 ἡ
2842 1510 2991 1562 πᾶσα
3027 1509 3225 1578 σπουδὴ
3257 1509 3325 1579 τῷ
3346 1511 3491 1580 νοητῷ
3505 1511 3636 1573 λέοντι,

2180 1601 2274 1652 καὶ
2305 1600 2337 1670 ἡ
2368 1600 2668 1669 ἀκόρεστος
2707 1600 2800 1653 καὶ
2830 1600 3116 1663 ἀνένδοτος
3167 1599 3342 1666 ἔφεσις
3388 1604 3471 1671 τῆς
3521 1604 3637 1655 αἰτῶν

485 1700 539 1743 et
571 1687 873 1742 insatiabile
891 1688 1329 1758 obstinatumqne
1357 1703 1542 1743 eorum
1575 1688 1896 1758 perditionis
1928 1688 2069 1741 desi-

2099 1727 2146 1786 B
2177 1691 2480 1754 ἀπωλείας,
2509 1691 2577 1744 δι’
2599 1693 2666 1762 ἣν
2694 1693 2788 1746 καὶ
2822 1694 2993 1746 πᾶσαι
3033 1693 3086 1745 αἱ
3121 1691 3481 1762 προειρημέναι
3529 1693 3636 1744 αὑτοῦ

485 1779 735 1843 derium;
777 1781 846 1834 ob
888 1794 1050 1848 quam
1091 1789 1146 1834 et
1179 1789 1385 1834 cuncta:
1415 1780 1535 1849 ejus
1585 1790 1743 1834 antea
1793 1778 2071 1847 explicatae

488 1871 916 1925 machinationes
943 1871 1262 1939 excogitata:
1291 1871 1528 1937 fuerunt,
1563 1887 1684 1925 cum
1709 1872 1847 1926 sicut
1869 1870 2068 1925 dictum

490 1960 627 2024 fuit,
667 1962 848 2015 videre
883 1977 990 2016 non
1024 1963 1319 2017 sustineret
1358 1964 1588 2018 salutem
1624 1978 1744 2032 qua!
1773 1977 1801 2015 a
1837 1961 1943 2015 Deo
1977 1977 2072 2029 per

492 2053 640 2117 ipsos
669 2054 867 2107 mundo
897 2054 1266 2122 contingebat.
1306 2055 1436 2108 Nam
1467 2058 1649 2110 statim
1692 2071 1756 2110 ac
1809 2055 1956 2124 ipsos
1987 2054 2070 2124 ip-

487 2159 784 2212 sorumque
815 2146 1206 2198 monasterium
1253 2145 1451 2201 invasit
1487 2149 1926 2215 charisticarins,
1953 2163 2073 2202 om-

487 2236 685 2306 niaque
721 2237 959 2304 ipsorum
1010 2253 1131 2290 cum
1166 2238 1297 2306 ipsis
1337 2239 1386 2290 itt
1432 2239 1609 2293 sinum
1639 2239 1874 2308 conjecit
1921 2256 1983 2294 ac
2013 2240 2066 2294 in

486 2328 804 2382 servitutem
876 2327 1104 2395 redegit,
1175 2327 1354 2381 intuiti
1426 2331 1738 2384 monasterii
1805 2344 2069 2399 suamque

486 2419 888 2485 snbactionetn,
919 2421 1280 2474 succumbunt
1315 2421 1478 2475 etiam
1507 2423 1682 2486 inviti,
1715 2422 1856 2476 heu!
1902 2437 2072 2476 saacu-

486 2507 586 2562 lari
618 2510 906 2578 potentiae;
938 2517 992 2563 et
1027 2511 1207 2578 inopia
1246 2512 1676 2566 necessariorum
1717 2512 1914 2581 pressi,
1949 2513 2070 2568 vin-

487 2599 611 2665 ctis,
636 2601 777 2668 quod
810 2600 914 2656 dici
948 2599 1374 2664 solel,manibus
1403 2601 1779 2656 charisticario
1803 2601 2071 2657 famulan-

489 2702 615 2753 tur,
676 2691 793 2760 ejus
849 2691 1132 2762 praeceptis
1180 2692 1638 2762 saecularibusque
1701 2693 2070 2748 voluntatibus

485 2782 800 2838 obedientes
834 2785 1007 2839 instar
1037 2783 1468 2854 mancipiorum;
1509 2800 1682 2856 neque
1729 2800 1795 2840 an
1840 2785 1971 2855 ip'.is
2000 2785 2071 2839 sit

488 2874 815 2943 prtepositus
869 2875 1388 2930 animadvertentes.
1439 2875 1516 2929 Ad
1575 2879 1909 2945 begnmenns
1973 2890 2068 2931 seu

486 2980 689 3033 przeses
715 2975 769 3021 et
795 2967 1006 3031 ductor,
1045 2967 1089 3023 si
1125 2981 1262 3022 unus
1304 2981 1334 3020 e
1376 2967 1537 3038 vulgo
1585 2976 1690 3030 est,
1723 2968 1840 3038 ipse
1871 2968 2072 3038 pariter

486 3058 851 3114 charisticarii
904 3067 1177 3127 potestate
1224 3060 1514 3127 abripitur,
1568 3059 1732 3126 fitque
1764 3073 1827 3112 ac
1874 3059 2072 3113 dicitur

483 3163 587 3221 pro
621 3151 846 3205 ductore
875 3151 1091 3208 ductus.
1122 3151 1277 3217 Quod
1309 3152 1351 3206 si
1385 3151 1567 3206 forsan
1603 3167 1632 3206 e
1663 3166 1888 3207 numero
1911 3150 2075 3207 fuerit

487 3239 814 3310 Spiritalium
850 3250 906 3297 et
958 3243 1272 3312 proborum,
1322 3242 1541 3297 resistet
1575 3243 1790 3312 quidem
1827 3258 1890 3298 ac
1922 3242 2075 3297 oblu-

488 3333 730 3390 ctabitur
755 3335 1102 3405 aliquatenus
1127 3335 1489 3392 charisticarii
1524 3335 1830 3390 temerariis
1859 3335 2076 3391 insulti-

488 3426 612 3491 bus,
642 3435 806 3496 atque
835 3428 1004 3482 divini
1033 3430 1304 3484 sermonis
1333 3428 1538 3495 fistula,
1567 3429 1784 3482 monitis
1808 3427 2072 3497 pluribus,

488 3517 882 3588 frequenteque
920 3521 1320 3588 adhortatione,
1356 3526 1595 3578 attrahet
1623 3521 1688 3576 ad
1721 3538 1778 3577 se
1815 3522 2072 3590 quosdam

487 3607 716 3665 fratrum
765 3629 779 3666 :
827 3613 922 3667 sed
969 3622 1024 3668 et
1081 3615 1154 3669 illi
1205 3625 1489 3670 cernentes
1533 3615 1676 3684 quod
1729 3613 1930 3669 fratres
1977 3615 2070 3684 qui

487 3702 870 3758 charisticario
902 3706 1208 3772 adhaerent,
1264 3707 1721 3778 praepositumque
1761 3707 2072 3762 monasterii

490 3803 874 3862 contemnunt,
907 3797 1222 3852 nonnullum
1249 3813 1312 3854 ex
1345 3809 1496 3869 parte
1523 3810 1926 3869 consequantur
1954 3801 2075 3856 vita:

487 3887 762 3952 solatium,
823 3889 924 3958 ipsi
981 3905 1108 3946 vero
1161 3891 1570 3961 despiciantur,
1635 3892 1909 3961 palinodia
1968 3894 2071 3958 usi,

488 3980 873 4036 charisticario
920 3983 1084 4037 etiam
1129 3984 1231 4053 ipsi
1284 3985 1582 4055 adjnngunt
1626 4001 1724 4051 se;
1763 4002 1792 4040 a
1825 4001 1932 4056 quo
1968 4000 2072 4040 non

488 4070 890 4138 admittuntur,
949 4073 1120 4128 donec
1172 4075 1220 4127 ei
1279 4075 1625 4130 cxhibuerint
1666 4076 1773 4130 odii
1814 4078 2074 4132 adversus

485 4164 839 4234 praepositum
877 4164 1093 4236 aliquod
1124 4167 1533 4224 documentum.
1577 4169 1714 4235 Quid
1754 4184 1886 4239 ergo
1915 4169 2076 4225 faciet

490 4255 714 4312 humilis
755 4255 843 4312 ille
868 4258 1200 4328 praefectus?
1238 4261 1365 4330 quid
1420 4261 1785 4332 excogitabit?
1815 4263 2072 4329 Quatnam

487 4349 663 4404 oratio
692 4350 981 4420 explicabit
1014 4367 1321 4421 supremam
1342 4353 1456 4422 ejus
1485 4352 1826 4409 amictionem
1861 4365 1913 4408 et
1945 4369 2074 4409 con-

2182 1784 2587 1855 μηχανουργίαι
2623 1784 3021 1853 ἐπενοήθησαν,
3043 1783 3118 1853 μὴ
3147 1782 3351 1852 φέροντι
3375 1783 3638 1852 nomine;

2181 1873 2529 1944 προείρηται,
2560 1873 2660 1943 τὴν
2685 1873 2752 1925 δι’
2775 1874 2956 1926 αὐτῶν
2995 1873 3410 1943 προσγινόμενην
3431 1873 3493 1938 τῷ
3514 1873 3637 1938 κόσμῳ

2178 1956 2332 2026 παρά
2367 1956 2505 2009 Θεοῦ
2544 1956 2846 2028 σωτηρίαν,
2879 1957 3184 2024 ἀναγκαῖον
3219 1958 3399 2008 εἰπεῖν.
3423 1955 3541 2022 Ἀμα
3567 1956 3634 2023 γὰρ

2177 2049 2255 2119 τῷ
2289 2049 2546 2119 ἐπιϐῆναι
2571 2049 2756 2112 αὐτοῖς
2788 2049 2885 2102 καὶ
2917 2051 2984 2119 τῇ
3015 2048 3190 2101 αὐτῶν
3212 2050 3336 2118 μονῇ
3370 2047 3447 2099 τὶν
3472 2061 3637 2115 χαριστι-

2178 2147 2393 2214 κάριον,
2433 2143 2528 2196 καὶ
2559 2142 2738 2194 πάντα
2760 2142 2826 2194 τὰ
2852 2141 3039 2195 αὐτῶν
3073 2143 3167 2194 καὶ
3222 2140 3402 2202 αὐτοὺς
3441 2134 3636 2206 ἐγκολτὼ-

2181 2234 2377 2286 σασθαι
2413 2235 2508 2286 καὶ
2537 2232 3005 2304 κιτακυριεῦσαι,
3046 2233 3121 2295 ὡς
3149 2231 3442 2300 δεδήλωται,
3472 2226 3637 2296 ἑωρακό-

2177 2343 2268 2389 τες
2297 2327 2395 2396 τὴν
2417 2325 2517 2395 τῆς
2541 2326 2708 2395 μονῆς
2727 2325 2822 2379 καὶ
2842 2325 3053 2378 ἑαυτῶν
3079 2322 3466 2385 καταδούλωσιν,

2179 2437 2373 2472 πτουσι
2399 2419 2492 2471 καὶ
2514 2417 2588 2488 μὴ
2617 2416 2880 2481 θέλοντες,
2907 2415 3036 2486 φεῦ,
3062 2419 3127 2488 τῇ
3157 2417 3377 2486 κοσμικῇ
3398 2411 3635 2476 δυναστεὶᾳ’

2177 2510 2272 2563 καὶ
2301 2509 2407 2562 ὑπὸ
2435 2509 2534 2576 τῆς
2571 2508 2780 2571 ἐνδείας
2806 2509 2915 2562 τῶν
2937 2506 3252 2576 ἀναγκαίων
3303 2503 3561 2572 πιεζόμενοι
3581 2499 3638 2552 δε-

2177 2598 2448 2666 δεμέναις,
2479 2597 2508 2649 ὃ
2535 2597 2591 2650 δὲ
2623 2597 2875 2665 λέγεται,
2901 2599 3026 2661 ταῖς
3063 2597 3238 2670 χερσὶ,
3272 2587 3637 2663 δουλοπρεπῶςτῷ

2178 2689 2578 2760 χαριστικαρίῳ
2636 2688 3030 2760 παρίστανται,
3112 2684 3490 2756 πειταρχοῦντες
3535 2680 3638 2748 δίκην

2178 2781 2532 2850 ἀνδραπόδων
2568 2783 2680 2842 τοῖς
2715 2781 2896 2834 αὐτῶν
2921 2781 3260 2850 διατάγμασι
3313 2778 3395 2832 καὶ
3436 2772 3638 2843 κοσμικαῖς

2177 2873 2480 2943 θελήμασιν
2515 2890 2532 2906 ο
2563 2872 2686 2926 οὑδέ
2716 2874 2764 2924 εί
2807 2871 2958 2926 ἐστιν
2994 2873 3179 2935 αὐτοῖς
3211 2867 3458 2943 προεστὼς
3486 2864 3638 2919 ἐπιστὰ-

2182 2979 2354 3032 μενοι.
2393 2961 2454 3014 ὐ
2487 2961 2541 3014 δὲ
2573 2961 2895 3032 ἡγούμενος,
2921 2963 2972 3015 εἰ
3008 2961 3109 3032 μὲν
3145 2961 3250 3014 τῶν
3269 2959 3451 3013 πολλῶν
3468 2951 3635 3016 cicini,

2099 3091 2142 3149 C
2181 3057 2552 3126 συναπάγεται
2621 3054 2715 3108 καὶ
2802 3055 2969 3118 αὐτὸς
3031 3057 3101 3126 τῇ
3167 3053 3258 3109 τοῦ
3319 3043 3636 3124 χαριστικαρίου

2179 3149 2420 3220 ἐξουσίᾳ,
2454 3148 2546 3203 καὶ
2587 3148 2799 3216 γίνεται
2837 3149 2935 3200 καὶ
2992 3147 3209 3216 λέγεται
3273 3146 3383 3200 ἀντὶ
3419 3138 3636 3212 ἡγουμένου

2175 3247 2462 3316 ἀγόμενος.
2499 3243 2558 3296 El
2590 3241 2647 3295 δὲ
2681 3240 2819 3313 τύχῃ
2860 3236 3002 3295 εἶναί
3068 3257 3150 3304 τις
3203 3238 3294 3292 τοῦ
3353 3225 3637 3303 πνευματικῶν

2176 3339 2270 3392 καὶ
2297 3336 2516 3404 λογίων,
2540 3334 2756 3405 ἀντέχει
2791 3333 2890 3404 μὲν
2928 3333 3061 3405 ἄχρι
3088 3331 3230 3394 τινὸς
3264 3329 3354 3383 καὶ
3403 3324 3638 3380 ἀνθίσταται

2173 3433 2293 3494 ταῖς
2350 3428 2447 3482 τοῦ
2502 3426 2918 3498 χαριστικαρίου
2988 3418 3538 3496 παραλόγοις.ὀρμαῖς.
3579 3408 3638 3463 καὶ

2176 3523 2478 3576 ἐπισπᾶται
2518 3520 2656 3592 πρὸς
2691 3519 2887 3573 ἐαυτὸν
2910 3520 2976 3590 τῇ
3000 3517 3096 3571 τοῦ
3136 3516 3276 3570 θείου
3304 3514 3444 3580 λόγου
3469 3507 3636 3577 σύριγγι.

2172 3617 2238 3687 τῇ
2273 3613 2444 3685 πολλῇ
2471 3611 2732 3683 νουθεσία
2758 3611 2933 3681 καὶτῇ
2963 3613 3148 3681 πυκνῇ
3171 3605 3497 3680 παρακλήσει,
3523 3595 3638 3652 ἐνίους

2172 3711 2283 3764 τῶν
2307 3707 2557 3778 ἀδελφῶν
2578 3721 2596 3740 ο
2627 3706 2766 3760 ἀλλά
2792 3704 2890 3760 καὶ
2918 3704 3078 3759 αὐτοὶ
3107 3702 3328 3773 ὁρῶντες
3354 3698 3462 3758 τοὺς
3499 3689 3557 3758 τῷ
3575 3701 3639 3778 Xf‘

2174 3775 2502 3874 ριστικαρίιρ
2527 3799 2971 3870 προσανέχοντας
3006 3794 3287 3864 ἀδελφοὺς,
3340 3788 3423 3842 καὶ
3453 3779 3574 3839 αὐτοῦ
3597 3775 3638 3842 δὴ

2173 3892 2266 3947 τοῦ
2299 3890 2604 3963 ἡγουμένου
2635 3888 3124 3959 περιφρονοῦντας,
3185 3885 3398 3957 μερικῆς
3417 3891 3531 3936 τινος
3549 3885 3638 3938 “PV

2174 3983 2325 4047 νοίας
2373 3980 2756 4052 ἀξιουμένους,
2799 3980 3030 4043 ἑαυτοὺς
3081 3978 3136 4032 δὲ
3199 3965 3638 4052 παραὸλεπομένουςι

2175 4074 2476 4146 παλινῳδίᾳ
2507 4051 2870 4146 χρησάμενοι,
2911 4070 2990 4141 τῷ
3021 4065 3403 4140 χαριστικαρίῳ
3447 4059 3520 4113 καὶ
3537 4051 3640 4107 αὐτοὶ

2175 4168 2591 4240 προστίθενται,
2626 4164 2702 4236 μὴ
2733 4163 3172 4235 παραδεχόμενοι
3224 4159 3310 4212 ὐπ’
3340 4151 3496 4215 αὑτοῦ,
3532 4147 3640 4240 ἄχρις

2174 4237 2236 4312 οὗ
2271 4259 2472 4330 δεῖγμά
2493 4275 2545 4312 τι
2569 4258 2669 4329 τῆς
2693 4256 2830 4325 πρὸς
2861 4255 2954 4309 τὸν
2977 4254 3380 4324 καθηγούμενον
3427 4237 3640 4309 ἀπεχθείας

2177 4355 2326 4425 αὐτῷ
2352 4351 2707 4424 παράσχωσι.
2734 4349 2800 4401 Τί
2824 4346 2920 4402 οὖν
2953 4349 3172 4418 ποιήσει
3189 4346 3216 4398 ὀ
3243 4339 3468 4397 ταπεινὸς
3495 4330 3640 4425 ἐκεῖνος

487 4441 594 4496 silii
619 4442 876 4511 inopiam,
904 4443 1031 4496 dum
1060 4445 1252 4513 aspicit
1288 4446 1590 4500 animarum
1629 4462 1855 4516 quarum
1891 4457 2070 4516 pastor

2105 4441 2149 4497 D
2179 4421 2522 4518 ήγοιξιμενος;
2563 4442 2617 4495 τί
2673 4440 3143 4511 διανοηθήσεταις
3199 4438 3342 4497 ποῖος
3386 4421 3640 4518 παραστῆτει

488 4545 574 4588 est
604 4533 909 4598 interitum,
958 4533 1202 4589 Numinis
1250 4547 1656 4607 contemptum,
1687 4554 1848 4593 omne
1898 4539 2070 4593 sancti

488 4626 698 4682 ordinis
721 4627 1040 4695 periculum,
1068 4637 1370 4698 cunctaque
1387 4628 1496 4697 jam
1521 4631 1659 4685 dicta
1683 4632 2022 4686 incommoda
2047 4631 2072 4684 ‘l

488 4717 677 4788 Neque
723 4733 854 4774 vero
884 4719 1095 4789 prolato
1142 4718 1316 4773 solum
1368 4720 1526 4774 modo
1572 4731 1796 4790 pereunt
1841 4719 2071 4775 humiles

494 4811 764 4878 monachi,
815 4811 1220 4880 sed.multiplex
1253 4824 1335 4866 est
1362 4811 1550 4866 eorum
1587 4813 1862 4868 interitus.
1910 4811 2072 4867 Nam-

490 4917 596 4970 que
628 4903 678 4955 in
706 4903 873 4956 multa
897 4903 1130 4958 absurda
1164 4918 1260 4972 per
1284 4903 1632 4972 indigentiam
1688 4903 2069 4966 devolvuntur;

491 4994 908 5063 negotiatimtem
943 5006 1215 5060 exercent,
1237 5006 1405 5049 artem
1431 4996 1771 5065 cauponiam,
1803 5010 2072 5066 omneque

491 5086 754 5144 smculare
788 5087 1117 5153 institutum,
1167 5097 1388 5157 propter
1442 5088 1808 5143 miserabilem
1862 5102 2064 5158 corpo-

490 5197 641 5239 ream
669 5181 858 5236 vitam.
895 5180 1170 5249 Ejusmodi
1206 5189 1292 5236 est
1325 5197 1443 5251 quae
1492 5182 1545 5235 in
1589 5183 1826 5235 virorum
1877 5197 2068 5236 mona-

492 5275 674 5330 stet-iis
711 5274 821 5344 agit
853 5274 1142 5344 agiturque
1173 5275 1446 5344 impietas.
1495 5275 1626 5328 Eam
1657 5285 1833 5328 autem
1862 5289 1980 5343 qua:
2016 5275 2068 5328 in

493 5367 780 5420 mulierum
818 5365 1165 5419 monasteriis
1199 5376 1468 5428 versatur,
1523 5366 1645 5434 quis
1694 5380 1874 5419 sermo
1919 5381 2068 5420 asse-

496 5469 711 5524 qnetur,
737 5458 806 5511 ob
829 5457 952 5510 tnali
978 5455 1355 5509 nimietatem?
1381 5455 1512 5520 Quis
1537 5471 1638 5508 non
1665 5454 1810 5508 flebit
1839 5470 2067 5511 cernens

500 5560 587 5598 res
619 5548 841 5605 horrore
899 5547 1131 5618 plenas?
1176 5547 1308 5600 Nam
1343 5563 1463 5600 cum
1515 5547 1785 5617 pt'wdictis
1832 5549 2063 5600 virilium

500 5644 948 5695 monasteriorum
998 5640 1417 5703 calamitatibus,
1480 5640 1583 5692 alia
1643 5640 1955 5692 molestiora
2012 5639 2065 5692 in

502 5729 620 5787 istis
656 5742 1006 5801 peraguntur.
1042 5733 1264 5808 _D'.tiora
1298 5732 1505 5788 illorum
1538 5729 1813 5803 primariis
1845 5731 1974 5789 viris
2011 5732 2064 5790 in

2175 4509 2338 4608 λίδγος
2364 4535 2464 4607 τὴν
2515 4509 2966 4604 ὑπερϐάλλουσαν
3017 4529 3183 4586 αὐτοῦ
3244 4525 3421 4594 θλῖψιν,
3463 4517 3535 4569 καὶ
3576 4509 3639 4608 την

2175 4629 2514 4701 ἀμηχανίαν,
2545 4626 2779 4697 ὁρῶντος
2801 4625 2900 4694 τὴν
2921 4622 3029 4676 τῶν
3052 4621 3145 4675 ὑπ’
3180 4616 3337 4674 αὐτοῦ
3363 4616 3639 4706 nomen/ops,-

2175 4742 2280 4778 νων
2300 4721 2489 4792 ψυχῶν
2513 4717 2816 4782 ἀπώλειαν,
2846 4715 2943 4770 καὶ
2969 4716 3068 4785 τὴν
3097 4715 3177 4777 εἰς
3205 4711 3266 4764 τὸ
3289 4709 3414 4762 θεῖον
3441 4707 3639 4792 iure???

2175 4815 2468 4886 νησιν,τδν
2531 4810 2626 4864 τοῦ
2677 4810 2833 4877 ἁγίου
2895 4807 3180 4878 τάγματος
3233 4802 3394 4855 πάντα
3447 4789 3639 4886 κίνδυνῡέ

2175 4868 2269 4959 κά).
2299 4868 2479 4956 πάντα
2510 4900 2577 4953 τὰ
2602 4868 2870 4968 εἰρημένα
2898 4868 3072 4950 ἄτοπα
3111 4912 3127 4962 ;
3154 4893 3215 4946 οὐ
3245 4891 3318 4961 τῷ
3361 4868 3638 4978 simu-{Wfth

2174 4996 2363 5068 τρόπῳ
2391 4994 2550 5062 μόνον
2579 4989 2904 5044 ἀπόλλυνται
2932 4991 2981 5042 οἱ
3037 4984 3280 5041 ταπεινοὶ
3329 4967 3640 5068 μοναχοῖ,

2177 5049 2514 5155 πολύτροπος
2556 5082 2792 5154 ὑπάρχει
2822 5083 2849 5133 ὁ
2875 5081 3098 5152 ὄλεθρος
3162 5049 3352 5131 αὐτῶν.
3417 5067 3497 5125 Εἰς
3525 5049 3640 5159 πολλὰ

2172 5180 2281 5247 γὰρ
2307 5177 2486 5231 ἄτοπα
2524 5173 2630 5231 ὖπδ
2668 5174 2768 5242 τῆς
2796 5174 3004 5236 ἐνδείας
3035 5169 3385 5225 ἐκκυλίονται,
3418 5159 3640 5227 ὲμπορεεαν

2173 5272 2266 5323 καὶ
2298 5267 2602 5337 καπηλείαν
2631 5266 2729 5319 καὶ
2789 5266 2896 5318 πᾶν
2938 5263 3189 5336 βιωτικὸν
3236 5250 3640 5337 ἐπιτήδευμαμετς

2174 5322 2483 5429 ἐρχόμενοι,
2545 5355 2635 5408 διὰ
2674 5354 2791 5425 ,τὴν
2847 5322 3085 5422 ἐλεεινὴν
3118 5322 3418 5413 σωματικῆν
3457 5322 3637 5429 alii"?

2310 5416 2407 5503 οὖν
2438 5416 2518 5511 είς
2551 5448 2620 5500 τὰ
2680 5416 2896 5518 ἁνδρῷα
2959 5416 3285 5517 μοναστήρια
3331 5427 3574 5504 ἐνεργθῦσα
3613 5416 3634 5483 ἦ

2173 5541 2545 5613 ἐνεργουμένη
2572 5540 2821 5604 ἀσέϐεια,
2852 5540 3095 5606 τοιαύτη.
3127 5537 3236 5605 Τῆς
3266 5534 3317 5586 δέ
3344 5533 3414 5592 είς
3432 5525 3486 5578 τὰ
3508 5528 3637 5610 γυναιῖ

2171 5639 2318 5698 κεῖα,
2351 5636 2433 5696 τίς
2465 5635 2530 5686 ἂν
2563 5633 2810 5702 ἐφίκοιτο
2858 5633 3035 5700 λόγος,
3064 5632 3151 5683 διὰ
3176 5630 3270 5698 τὴν
3308 5613 3633 5716 ὖπερὸολῆγῖθυ

2171 5728 2378 5797 κακοῦ;
2412 5729 2507 5792 Τίς
2540 5727 2614 5800 μὴ
2643 5727 2864 5781 κλαύσει
2899 5727 3044 5798 ὁρῶν
3105 5726 3170 5780 τὰ
3217 5721 3401 5792 opim;
3424 5710 3634 5768 ἀνάπλεα»
