3968 6220
286 345 423 409 1145

1079 348 1178 409 DE
1218 348 1735 413 MONASTEHIIS
1772 348 2020 411 LAICIS
2059 353 2214 415 NON
2252 350 2710 413 TRADENDIS.

3394 348 3531 413 1146

282 459 439 513 Μετὰ
470 456 580 528 γάρ
638 456 752 511 τῶν
790 457 886 512 ἐπὶ
943 463 1057 525 τοῖς
1108 464 1377 536 ἀνδρῴοις
1436 466 1853 539 προειρημένων

1962 468 2208 535 personis
2237 467 2579 537 propriarum
2628 480 2857 519 uxorum
2891 465 3180 528 donantur,
3210 478 3373 531 super
3398 464 3533 515 dua-

278 551 490 616 κακῶν,
512 551 609 604 καὶ
637 550 775 604 ἄλλα
804 550 1167 624 χαλεπώτερα
1197 558 1289 611 ἐπὶ
1321 557 1534 622 τούτοις
1591 558 1850 629 ὁρῶνται.

277 643 361 697 Τά
407 643 507 713 μὲν
532 643 642 710 γάρ
673 642 1032 715 εὐπορώτερα
1071 647 1300 714 τούτων,
1330 654 1447 714 τοῖς
1474 651 1735 722 ἄρχουσιν
1772 653 1852 716 είς

277 735 549 805 πρόσωπα
580 733 689 787 τῶν
704 735 926 789 οἰκείων
959 742 1221 809 γαμετῶν
1248 741 1574 811 δωροῦνται,
1604 743 1699 796 ἐπὶ
1727 744 1852 797 δυσὶ⁵

274 827 596 894 προσώποις
622 826 655 897 ἢ
687 830 778 882 ἐπὶ
808 832 1009 900 τρισὶν,
1031 833 1106 897 ὥς
1135 854 1303 903 φασιο
1333 838 1471 892 τὰδὲ
1500 840 1850 914 ἀπορώτερα,

271 916 651 987 ἀπορωτέροις
689 919 784 973 καὶ
823 921 1225 996 ἀπορωτέραις.
1291 930 1360 983 Οί
1412 948 1557 994 τινες
1600 932 1716 1002 ἅμα
1773 934 1852 1004 τῷ

279 1007 622 1076 παραλαϐεῖν
641 1010 805 1073 αὐτὰ,
848 1013 913 1065 ού
976 1017 1139 1084 μόνον
1180 1021 1361 1072 πᾶσαν
1416 1021 1518 1092 τὴν
1588 1025 1850 1093 πρόσοδον

278 1099 486 1164 αὐτῶν,
520 1102 594 1164 ώς
625 1102 764 1156 ἰδίαν
812 1105 1212 1173 ἐγκολποῦνται
1240 1112 1630 1183 κληρονομίαν,
1694 1115 1850 1185 ὀλίγα

278 1194 451 1265 τιναῆ
493 1195 650 1248 οὐδὲν
679 1201 803 1261 ταῖς
845 1202 1211 1269 μοναζούσαις
1255 1209 1588 1277 παρέχοντες
1629 1227 1642 1241 ο
1715 1211 1852 1267 ἀλλὰ

274 1286 373 1338 καὶ
411 1284 596 1350 οἴκους
621 1288 753 1342 ἔνιοι
778 1289 984 1346 ἔσωθεν
1028 1295 1131 1364 τῆς
1182 1297 1290 1351 τῶν
1354 1302 1642 1369 παρθένων
1680 1304 1851 1374 αὐλῆς

270 1375 672 1444 ἀνεγείρουσιν.
700 1379 926 1433 αἰωνίαν
959 1381 1057 1452 τὴν
1086 1385 1196 1437 τῶν
1239 1392 1625 1457 μοναστηρίων
1677 1394 1853 1447 κατά-

270 1479 460 1532 σχεσιν
490 1464 701 1529 ἑαυτοῖς
729 1472 1267 1541 πραγματευόμενοι.
1336 1477 1448 1530 Καὶ
1497 1478 1604 1531 εἰσὶ
1663 1479 1849 1536 λοιπὸν

263 1555 499 1624 ἀναμὶξ,
532 1561 792 1627 κοσμικοὶ
825 1564 921 1615 καὶ
936 1566 1222 1632 κοσμικαὶ,
1252 1568 1430 1623 δοῦλοι
1453 1572 1549 1624 καὶ
1586 1572 1846 1640 δουλίδες,

268 1643 413 1710 μετά
445 1644 555 1697 τῶν
588 1648 940 1715 μοναζουσῶν
965 1650 1236 1715 συζῶντες
1265 1656 1360 1709 καὶ
1391 1660 1850 1732 συνεκκλησιαζό-

267 1749 445 1824 μενοι.
481 1736 549 1788 Ἀ
579 1737 637 1790 δὲ
666 1740 763 1793 κα)⁸
784 1740 842 1793 αἱ
870 1750 1131 1797 ταπειναί
1174 1747 1523 1815 μονάζουσαι,
1581 1753 1688 1807 ὑπὸ
1743 1758 1844 1824 τῆς

1962 560 2062 615 bus
2091 563 2359 629 personis,
2391 571 2484 615 aut
2533 574 2694 628 super
2720 558 2916 623 tribus,
2953 567 3010 610 ιιι
3056 557 3247 609 aiunt:
3309 554 3533 609 minoris

1958 668 2085 706 vero
2109 653 2337 716 reditus,
2368 653 2546 706 minus
2568 651 2823 705 divitibus
2847 666 2966 703 eum
2993 648 3123 702 viris
3146 660 3257 700 tum
3291 646 3531 703 feminis.

1955 745 2055 811 Qui
2108 745 2267 800 simul
2323 753 2488 808 atque
2538 751 2886 812 acceperunt.
2939 757 3042 794 non
3092 742 3251 793 modo
3302 748 3531 793 cunctas

1955 849 2141 889 eorum
2174 834 2455 909 facultates
2479 874 2494 899 ,
2563 844 2818 902 tauquam
2853 831 3121 899 propriam
3159 829 3531 884 ha‘reditatent

1957 926 2010 979 in
2042 927 2219 979 sinum
2269 935 2551 995 cegerunt,
2584 939 2752 994 pauca
2804 923 3050 992 quaedam
3086 932 3179 974 aut
3230 920 3365 974 nihtl
3417 936 3535 973 mo-

1955 1017 2190 1073 nialibus
2226 1018 2529 1085 prazbeutes
2552 1058 2568 1081 ,
2602 1029 2790 1068 verum
2826 1014 2991 1068 etiam
3062 1010 3305 1065 nonnulli
3339 1009 3531 1064 domos

1959 1120 2247 1165 exstruunt
2279 1109 2416 1163 intra
2481 1108 2746 1179 virginum
2797 1117 2948 1174 septa
2982 1145 2997 1167 ,
3046 1114 3360 1173 perpetuam
3425 1100 3530 1155 sibi

1954 1204 2409 1255 monasteriorum
2484 1199 2881 1269 possessionem
2954 1193 3169 1249 emi-ere
3240 1201 3527 1248 conantes.

1952 1292 2183 1363 Jamque
2231 1293 2528 1363 pertnislim
2575 1293 2777 1359 degunt
2822 1288 3078 1343 mundani
3127 1296 3182 1341 et
3219 1284 3524 1348 mundanae,

1955 1387 2097 1440 servi
2133 1394 2186 1439 et
2219 1384 2452 1447 ancillae,
2490 1398 2610 1437 cum
2640 1381 2962 1435 monialibns
2990 1379 3361 1439 eouviventcs,
3399 1390 3528 1430 cou-

1952 1474 2231 1533 versantes
2261 1488 2312 1531 et
2342 1477 2730 1547 colloquentes.
2776 1474 2905 1539 Quae
2938 1487 3098 1541 porro
3158 1470 3381 1538 abjectte
3413 1482 3528 1521 mo-

1950 1570 2121 1625 nialcs
2154 1570 2329 1636 inopia
2361 1585 2538 1622 rerum
2575 1565 3005 1622 necessariarum
3039 1576 3309 1631 oppressae
3340 1570 3521 1630 agant,

1949 1662 2073 1731 quis
2101 1661 2301 1715 valebit
2325 1660 2517 1713 litteris
2551 1656 2802 1711 tradere?
2837 1656 3059 1710 Pessum
3087 1655 3128 1708 it
3161 1654 3243 1705 hic
3273 1650 3526 1705 charisli-

1948 1755 2218 1807 cariorunt
2241 1750 2805 1805 etcharisticariarum
2824 1744 3198 1805 caus.t,omnis
3225 1741 3522 1796 tnonastica

261 1822 475 1888 ἐνδείας
504 1827 612 1881 τῶν
647 1828 966 1897 ἀναγκαίων
998 1809 1532 1908 πιεζόμεναινδρῶσι,
1560 1842 1643 1904 τίς
1668 1809 1841 1913 ίσχύεί

1957 1852 2012 1899 et
2040 1843 2317 1913 virginalis
2353 1841 2705 1905 constitutio;
2744 1839 2923 1893 omnis
2956 1837 3140 1905 regula
3175 1832 3519 1896 obedientize,

261 1918 451 1985 γραφῇ
488 1918 823 1987 παραδοῦναι
846 1939 862 1988 ;
887 1923 1090 1992 οἱχεται
1119 1928 1399 1982 κάνταῦθα
1442 1931 1502 1996 ἐξ
1526 1933 1708 1996 αίτίας
1732 1937 1842 1988 τῶν

261 2008 699 2076 χαριστικαρίων
718 2014 809 2063 καὶ
829 2019 1282 2087 χαριστικαριῶν,
1298 2024 1445 2074 πᾶσα
1464 2043 1488 2089 ξέ
1502 2025 1722 2095 οναδικὴ
1742 2025 1835 2099 [αι.

266 2100 567 2173 μοναχικὴ]
581 2104 672 2156 καὶ
690 2107 996 2181 παρθενικὴ
1013 2116 1373 2179 κατάστασις·
1394 2120 1499 2181 πᾶς
1518 2120 1697 2173 κανὼν
1718 2123 1843 2176 ὑπο·

260 2190 441 2255 ταγῆς
461 2192 557 2246 καὶ
576 2196 967 2263 ταπεινώσεως
995 2203 1089 2255 καὶ
1111 2204 1352 2275 ἐκκοπῆς
1376 2208 1683 2277 θελήματος
1704 2213 1841 2264 ἀπε-

261 2277 521 2343 λήλαταν
559 2288 839 2358 πανταχοῦ
868 2291 977 2345 τῶν
1015 2299 1453 2369 χαριστικαρίων
1480 2303 1838 2368 κατεξουσιά-

258 2373 486 2463 ζάντων,
513 2378 607 2431 καὶ
636 2379 745 2434 τῶν
764 2384 1126 2453 προεστώτων
1158 2395 1709 2463 καταφρονουμένωνο
1745 2400 1838 2451 καὶ

255 2479 370 2558 των
398 2466 766 2558 Αμοναζουσέν
802 2477 922 2539 ταῖς
949 2482 1396 2551 χαριστικαρίαις
1426 2489 1839 2558 προσκειμένων

258 2555 359 2608 καὶ
386 2556 750 2626 ύπεικυυσῶν,
775 2566 837 2618 ού
865 2569 1003 2631 ταῖς,
1042 2573 1437 2641 προεστώσαις,
1481 2579 1576 2630 καὶ
1610 2555 1839 2650 χαίρου-

259 2647 376 2700 σῶν
409 2650 611 2719 μᾶλλον
631 2655 706 2719 ώς
729 2657 797 2710 τά
824 2659 1019 2743 πολλὰ,
1055 2668 1178 2728 ταῖς
1203 2667 1467 2732 διενέξεσι
1516 2647 1640 2739 τῆς
1679 2647 1840 2743 χαρι-

260 2744 557 2812 στικαρίας
613 2749 709 2801 καὶ
765 2751 869 2819 τῆς
900 2729 1364 2828 ίκαθηγουμένης,
1427 2729 1710 2833 διηνεκῶν⁸
1740 2729 1838 2820 καὶ

259 2835 628 2895 ἀδιαλείπτων
656 2844 834 2899 οὐσῶν
873 2849 932 2900 ἐν
958 2851 1150 2915 αύταῖς
1180 2853 1538 2922 διχοστασιῶν
1571 2859 1665 2911 καὶ
1705 2877 1838 2931 μνη-

256 2927 550 2981 σικακιῶν.
579 2930 798 2987 Τούτων
843 2935 899 2987 δὲ
947 2937 1123 3004 οὕτως
1184 2943 1440 3011 ἐχόντων,
1501 2946 1601 2999 ποῦ
1649 2927 1835 3003 λοιπὸν

254 3019 540 3089 σωτηρίας
581 3022 777 3096 ὲλπίς;
816 3028 927 3083 Ποῦ
951 3030 1012 3085 τδ
1040 3031 1140 3103 τῆς
1170 3034 1371 3106 ἀρετῆς
1422 3038 1788 3111 ἐργαστήριον
1816 3058 1831 3109 ;

1948 1935 2291 1999 humilitatis,
2311 1933 2687 1987 exscindenda:
2709 1929 2997 1985 voluntatis
3020 1925 3374 1993 propellitur;
3397 1937 3519 1973 cum

1946 2030 2146 2096 ubique
2172 2026 2533 2083 charisticarii
2568 2026 2938 2086 dominentur,
2986 2029 3039 2073 ct
3075 2016 3345 2089 pra‘posili
3384 2028 3520 2066 con-

1949 2129 2298 2185 temnantur;
2350 2133 2560 2173 necnon
2619 2111 3064 2170 sanctimonialcs
3128 2102 3520 2162 eharistiCariis

1945 2213 2269 2268 mulieribus
2296 2211 2610 2265 adhaereant
2648 2218 2704 2263 et
2744 2204 3135 2262 obsecundent,
3177 2214 3282 2252 non
3334 2205 3518 2249 autem

1946 2305 2014 2360 iis
2044 2303 2487 2374 qua-.przeposita:
2512 2315 2698 2354 earum
2751 2306 2905 2361 sunt;
2962 2296 3070 2348 imo
3126 2301 3182 2344 ut
3230 2288 3516 2357 plurimum

1944 2398 2193 2453 laetentur
2227 2397 2280 2450 in
2310 2393 2703 2451 charisticaria:
2742 2400 2795 2445 et
2826 2386 3126 2461 praeposita
3153 2377 3518 2436 contentioni-

1944 2494 2065 2558 bus,
2100 2509 2231 2561 quas
2257 2494 2399 2546 inter
2427 2489 2696 2544 routiuua:
2739 2502 2802 2539 ac
2834 2482 3200 2538 iudesincntes
3247 2477 3518 2529 habentur

1947 2586 2314 2640 dissensiones
2349 2595 2400 2638 et
2436 2582 2765 2637 simultates.
2800 2577 2930 2643 Qnre
2961 2588 3079 2627 cum
3114 2571 3187 2624 ita
3234 2569 3362 2630 sint.
3396 2563 3516 2616 "hi‘

1942 2692 2065 2729 nam
2124 2677 2189 2729 de
2253 2676 2461 2744 reliquo
2526 2688 2651 2741 spes
2700 2666 2943 2724 salutis?
3000 2661 3230 2717 Ubinam
3296 2652 3516 2710 virtutis

1941 2767 2188 2822 ollieiua?
2244 2768 2330 2821 ubi
2394 2765 2578 2820 schola
2630 2778 2770 2817 verae
2824 2755 3216 2827 philosophiae,
3271 2748 3517 2815 artisque

1942 2859 2188 2914 artium?
2216 2860 2362 2913 Abiit
2395 2869 2559 2926 atque
2611 2855 2792 2925 periit.
2827 2853 2902 2906 lta
2934 2865 3062 2920 ergo
3116 2845 3371 2901 inimicus
3412 2857 3515 2895 nos

1942 2953 2281 3007 miserabiles
2331 2950 2498 3003 vitam
2552 2945 2906 3002 monasticam
2974 2951 3194 3010 agentes
3263 2937 3411 2990 viros
3460 2941 3516 2988 et

1943 3041 2198 3107 fetutinas,
2234 3041 2531 3096 secundum
2562 3039 2798 3092 animam
2833 3033 3092 3089 interﬁcit
3125 3044 3188 3083 ac
3224 3026 3419 3096 perdit.

256 3159 373 3212 Ποῦ
402 3160 464 3213 τὸ
508 3157 853 3212 διδασκάλων
895 3162 997 3228 τῆς
1045 3161 1283 3234 ἀληθοῦς
1343 3166 1683 3238 φιλοσοφίας,
1745 3170 1841 3222 καὶ
1878 3172 2077 3244 τέχνης
2109 3175 2218 3227 τῶν
2272 3172 2517 3245 τεχνῶν;
2579 3171 2786 3242 οἴχεται
2825 3169 2919 3222 καὶ
2987 3166 3301 3224 ἀπώλωλεν.
3323 3170 3510 3233 Οὕτως

251 3250 440 3305 τοίνυν
481 3251 580 3305 καὶ
606 3255 634 3305 ὁ
663 3251 859 3322 ὲχϐρὺς
888 3254 1034 3326 ἡμᾶς
1059 3257 1186 3322 τοὺς
1233 3259 1501 3328 ἐλεεινοὺς
1537 3262 1830 3334 μοναχοὺς,
1870 3265 2072 3337 ἀνδρας
2124 3285 2185 3321 τε
2250 3268 2343 3321 καὶ
2397 3267 2685 3335 γυναῖκας,
2733 3261 2983 3335 ψυχικῶς
3051 3264 3294 3333 φονεύων
3346 3263 3515 3318 ἀπόλ“

248 3341 431 3396 λυσιν.

332 3441 431 3499 ις’.
452 3432 626 3488 Τοῦτο
662 3434 726 3488 τὸ
783 3436 1172 3507 χαλεπώτατον
1229 3444 1325 3498 καὶ
1381 3446 1689 3519 ὑπέρογκον
1740 3454 1834 3506 καὶ

2006 3446 2148 3502 XVI.
2194 3443 2304 3500 lloc
2352 3442 2754 3512 gravissimum,
2809 3439 3512 3509 immensum,“multiplex,

251 3528 602 3598 πολύτροπον
630 3531 724 3583 καὶ
754 3530 1162 3604 ἀνυπέρϐλητον
1193 3537 1385 3603 κακὸν,
1412 3540 1472 3593 τὸ
1499 3543 1677 3612 πάσης
1710 3546 1836 3598 ἀσε-

250 3620 415 3683 ϐείας
435 3621 755 3691 ἐφάμιλλον,
782 3624 844 3676 τὸ
870 3625 1054 3695 πάσης
1079 3627 1350 3699 αἱρέσεως
1414 3633 1742 3703 ίσοστάσιον,
1787 3641 1835 3692 oi

249 3710 401 3763 κατά
421 3710 652 3779 καιροὺς
680 3711 921 3781 βασιλεῖς
946 3714 1043 3769 καὶ
1076 3719 1417 3789 πατριάρχαι
1441 3723 1836 3795 ὲνεργούμενον

247 3801 622 3872 καθορῶντες,
648 3801 745 3856 καὶ
787 3803 1077 3873 δυνάμενοι
1134 3808 1230 3862 καὶ
1292 3810 1545 3877 ἐξουσίαν
1617 3813 1835 3884 ἔχοντες

244 3895 570 3948 ἀναστεῖλαι
601 3896 694 3949 καὶ
727 3896 937 3951 παῦσαι
1004 3899 1161 3964 αὐτὸ,
1221 3902 1281 3954 ού
1343 3905 1504 3973 μόνον
1549 3907 1713 3962 τοῦτο
1769 3911 1833 3963 ού

248 3989 525 4053 ποιοῦσιν,
566 3989 704 4042 ἀλλὰ
733 3990 830 4043 καὶ
868 3990 1271 4057 ὲπιϐεὸαιοῦσι,
1309 3994 1377 4047 δι’
1412 3992 1486 4049 ὧν
1523 4001 1618 4053 καὶ
1675 4003 1834 4056 αὐτοὶ

244 4078 323 4155 τὰ
368 4078 507 4131 αύτά
534 4078 646 4132 τῶν
673 4080 781 4148 πρὸ
809 4081 990 4132 αὐτῶν
1016 4082 1334 4151 ἐνεργοῦσιν
1362 4101 1378 4116 °
1416 4089 1504 4139 ἀεὶ
1530 4089 1627 4142 τοῦ
1659 4092 1830 4144 κακοῦ

244 4170 396 4222 κατά
428 4171 625 4237 γενεάν
660 4173 755 4225 καὶ
783 4173 980 4240 γενεὰν
1038 4177 1362 4248 προσθήκην
1417 4180 1828 4251 ἐπιδεχομένου,

242 4265 345 4316 καὶ
376 4264 501 4317 ὅσον
551 4262 705 4317 οΰπω
757 4263 1050 4336 ἀφανισμῷ
1121 4268 1311 4340 τελείῳ
1382 4273 1477 4325 τοῦ
1536 4277 1831 4346 μοναχικοῦ

216 4356 536 4429 ⁸τάγματος
570 4356 1115 4427 παραδοθησομένου.
1144 4361 1279 4413 Οὐδὲ
1314 4363 1423 4436 γὰρ
1473 4365 1735 4436 ἡγοῦνται
1769 4368 1830 4422 τὸ

212 4444 518 4511 ,τοιοῦτοῆ
571 4446 712 4511 ὅλως
787 4447 1095 4518 ἁμάρτημα
1142 4445 1304 4506 εἶναι.
1365 4453 1476 4505 Καὶ
1535 4454 1653 4517 πῶς
1722 4455 1832 4528 ἄρα

206 4534 218 4556 ³
240 4536 638 4605 διορθώσονται
664 4552 679 4603 ;
706 4538 765 4590 Εἰ
788 4538 843 4590 δὲ
873 4540 967 4592 καί
1004 4558 1133 4593 ποτε
1158 4543 1240 4606 εἰς
1277 4546 1483 4615 μικράν
1528 4547 1829 4617 συναίσθη-

208 4623 219 4633 ’
240 4647 335 4683 σιν
365 4629 614 4695 ἔλθωσιν,
650 4631 755 4684 ὑπό
784 4648 931 4693 τινος
960 4632 1071 4686 τῶν
1121 4634 1428 4705 φιλαρέτων
1472 4638 1601 4709 περὶ
1635 4641 1827 4694 τούτου

240 4724 825 4794 ύπομιμνησκὸμενοι,
850 4728 963 4788 τοῖς
993 4728 1347 4795 πρωταιτίοις
1377 4729 1607 4792 ἐκείνοις
1636 4731 1697 4784 τὸ
1718 4734 1826 4785 πᾶν

1939 3556 2003 3595 ac
2030 3535 2372 3593 intolerabile
2422 3534 2648 3598 malum,
2680 3532 2861 3586 emuis
2906 3530 3197 3601 impietatis
3233 3530 3507 3593 annulum.

1937 3629 2082 3686 omni
2140 3627 2329 3684 hmresi
2390 3625 2615 3695 aequale,
2665 3623 2757 3695 qui
2816 3638 2911 3693 per
2948 3632 3190 3692 tempora
3249 3622 3512 3678 exstitere

1938 3718 2297 3788 imperatores
2330 3723 2385 3768 et
2436 3713 2757 3782 patriarchae
2804 3712 2986 3782 vigere
3032 3712 3354 3782 conspicati,
3387 3727 3510 3768 cum

1936 3819 2159 3881 possent
2189 3823 2252 3864 ex
2284 3809 2606 3863 auctoritate
2630 3806 2988 3874 comprimere
3013 3815 3064 3858 et
3092 3818 3366 3869 coercere,
3402 3817 3511 3857 non

1935 3903 2094 3957 modo
2129 3918 2232 3956 nou
2266 3899 2530 3964 fecerunt,
2559 3901 2652 3952 sed
2680 3897 2843 3952 etiam
2871 3895 3269 3957 continuarunt,
3301 3894 3514 3964 agendo

1933 3996 2120 4049 eadem
2160 4009 2278 4063 quae
2326 3993 2763 4069 prmdecessores
2797 3990 2883 4045 sui
2937 4006 2951 4042 :
3012 3992 3147 4043 adeo
3199 3999 3255 4041 ut
3304 3988 3505 4043 malum

1934 4100 2146 4153 semper
2174 4087 2240 4139 ab
2270 4098 2425 4139 a-tate
2462 4085 2512 4136 in
2555 4094 2763 4137 a-tatem
2799 4093 3147 4151 augmentum
3194 4082 3416 4151 ceperit,
3452 4089 3510 4135 et

1935 4179 2282 4232 lltO't:l(‘iti(‘llS
2318 4179 2450 4229 ordo
2481 4187 2688 4229 tantum
2720 4191 2824 4228 non
2862 4174 3159 4228 tradendus
3185 4174 3255 4227 sit
3285 4173 3509 4242 integrae

1933 4269 2233 4324 :tholiliutti.
2270 4268 2453 4338 Neque
2495 4269 2637 4321 enim
2672 4267 2771 4320 hoc
2794 4276 3040 4326 censent,
3081 4264 3350 4318 ullatenus
3388 4278 3508 4319 esse

1938 4371 2246 4430 peccatum.
2282 4359 2563 4426 Quomodo
2597 4358 2763 4428 igitur
2789 4355 3263 4411 emendabuntur?
3295 4354 3351 4410 Si
3381 4369 3509 4409 vero

1933 4452 2226 4521 aliquando
2258 4452 2311 4506 in
2345 4451 2615 4509 modicum
2645 4464 2862 4503 sensum
2899 4448 3183 4514 venerint,
3214 4447 3282 4502 ab
3326 4447 3508 4516 aliquo

1930 4562 1961 4599 e
2011 4547 2210 4599 virtute
2258 4544 2497 4613 prteditis
2548 4558 2665 4596 eam
2708 4543 2775 4595 ob
2829 4556 2938 4593 rem
2983 4540 3265 4603 admoniti,
3316 4538 3508 4607 primis

1932 4638 2038 4692 illis
2066 4638 2379 4691 auctoribus
2429 4645 2599 4690 totum
2636 4636 2939 4699 aScribuut,
2980 4650 3146 4700 seque
3177 4634 3507 4686 arbitrantur

1932 4728 2102 4795 culpa:
2126 4743 2231 4781 non
2273 4727 2503 4783 amnes:
2542 4738 2704 4796 atque
2752 4727 3001 4796 ignorant
3033 4725 3172 4793 quod
3222 4738 3288 4777 eo
3335 4723 3505 4790 magis

238 4814 645 4881 ἐπιγράφουσι,
678 4813 777 4866 καὶ⁵
801 4814 1027 4878 ἑαυτοὺς
1049 4816 1378 4880 ἀνευθύνους
1408 4819 1825 4889 ύπολαμόάνου-
1852 4844 1853 4847 η

1940 4834 2092 4890 supra
2153 4819 2271 4874 illos
2318 4817 2714 4873 condemnandi
2773 4820 2904 4879 sint,
2975 4830 3084 4883 quo
3146 4813 3221 4866 illi
3286 4814 3502 4881 quidem

238 4919 367 4957 σιν·
403 4903 728 4969 ἀγνοοῦντες
756 4905 839 4959 ὅτι
867 4906 1128 4961 τοσοῦτον
1159 4909 1362 4978 μᾶλλον
1392 4911 1622 4963 ἐκείνων
1660 4929 1828 4964 κατα-

236 4996 614 5068 κριθήσεσθαι
640 4996 952 5068 μέλλουσιν,
992 5000 1119 5052 ὅσον
1150 5002 1350 5053 ἐκεῖνοι
1385 5001 1485 5070 μὲν
1519 5004 1595 5072 μὴ
1626 5003 1825 5066 εἰδότες

235 5090 308 5144 τὸ
338 5089 399 5153 ἐξ
436 5090 881 5160 ἀποτελέσματος
912 5090 1009 5145 τοῦ
1040 5091 1216 5145 κακοῦ
1244 5093 1496 5162 μέγεθος,
1521 5094 1597 5157 ὡς
1622 5094 1827 5162 ἀγαθόν

236 5205 296 5240 τι
329 5184 618 5247 δοκοῦντες
652 5187 851 5250 ποιεῖν,
885 5185 947 5238 τὸ
970 5185 1215 5256 πονηρὸν
1262 5187 1496 5259 ἔδρασαν
1521 5201 1535 5216 ’
1593 5181 1738 5241 οὗτοι
1769 5188 1826 5241 δὲ

233 5277 304 5331 τὸ
328 5275 791 5345 θεοστυγέστατον
821 5278 1176 5347 ἀποτέλεσμα
1204 5278 1504 5347 ὀφθαλμοῖς
1542 5278 1821 5350 καθορῶν-

229 5386 358 5433 τες,
391 5369 657 5431 ἑκουσίως
688 5370 978 5439 άνομοῦσι,
1014 5371 1115 5440 τὴν
1144 5371 1353 5424 οίκείαν
1376 5371 1821 5436 καταπατοῦντες

236 5459 578 5530 συνείδησιν.
628 5460 793 5515 Ἀλλά
824 5462 921 5515 καὶ
944 5460 1027 5524 τίς
1050 5462 1157 5515 ἀπὸ
1187 5455 1296 5517 τοῦ
1315 5463 1536 5528 αἰῶνος.
1587 5466 1694 5519 ὑπὸ
1719 5464 1822 5535 τῆς

232 5550 355 5607 τῶν
375 5550 758 5621 προλαδόντων
784 5552 983 5615 κακίας
1010 5552 1306 5625 ἐϐοηθὴθη,
1342 5556 1436 5608 τοῦ
1469 5557 1542 5626 μὴ
1567 5559 1633 5608 τὰ
1664 5557 1824 5625 ὃμοια

200 5635 204 5638 ⁴
237 5644 341 5699 καὶ
370 5644 588 5715 χείρονα
619 5645 847 5698 ἐκείνων
878 5645 1207 5716 κολασθῆναι
1231 5663 1247 5712 ;
1275 5647 1327 5700 τί
1357 5648 1463 5717 γὰρ
1483 5648 1823 5717 ὠφελοῦνται

229 5736 289 5790 οι
315 5737 499 5801 φονεῖς
522 5735 633 5790 ἀπὸ
657 5736 752 5790 τοῦ
783 5731 923 5792 εἷναι
964 5737 1060 5792 τοῦ
1113 5739 1275 5808 φόνου
1338 5740 1669 5810 πρωταίτιον
1728 5742 1822 5795 τὸν

232 5825 409 5893 Κάῖν,
439 5826 476 5898 ἦ
506 5828 554 5882 οί
587 5829 973 5898 ἀρσενοκοῖται
1004 5830 1111 5909 ἀπὸ
1144 5830 1237 5886 τοῦ
1272 5826 1410 5887 εἶναι
1448 5833 1820 5903 πρωταιτίους

1926 4911 2229 4964 nescientes
2277 4911 2401 4963 mali
2454 4910 2577 4964 inde
2630 4907 2999 4978 provenientis
3058 4905 3501 4972 magnitudinem,

1926 5003 2163 5074 putando
2188 5005 2386 5058 bonum
2418 5003 2544 5071 quid
2566 5017 2624 5054 se
2655 5014 2833 5066 agere,
2866 4997 3061 5051 malum
3088 5007 3500 5067 perpetrarunt;

1926 5096 2025 5163 ipsi
2085 5111 2213 5149 vero
2269 5096 2377 5150 Deo
2425 5094 2663 5147 maxime
2725 5092 2965 5145 invisum
3020 5100 3272 5145 eventum
3328 5089 3503 5144 oculis

1927 5197 2263 5256 spectantes,
2299 5195 2494 5255 sponte
2550 5184 2733 5251 inique
2796 5192 2985 5252 agunt,
3041 5196 3138 5236 sua
3186 5180 3499 5236 conculcata

1928 5280 2285 5337 conscientia.
2339 5279 2443 5334 Sed
2498 5286 2552 5331 et
2602 5278 2727 5346 quis
2780 5277 2846 5329 ab
2889 5276 3035 5330 onmi
3091 5285 3354 5344 tempore,
3404 5288 3502 5342 per

1928 5375 2345 5448 pra-cedentium
2400 5373 2662 5427 malitiam
2715 5370 2930 5438 adjutus
2963 5380 3067 5433 est,
3102 5380 3164 5424 ut
3212 5383 3317 5422 non
3358 5367 3498 5436 pari,

1927 5469 2036 5522 imo
2098 5464 2335 5537 graviori
2399 5463 2666 5533 supplicio
2737 5463 3091 5519 adiceretur?
3133 5458 3304 5526 Quid
3351 5460 3496 5515 enim

1926 5558 2146 5629 prodest
2200 5555 2510 5621 homicidia,
2542 5553 2767 5609 Caintnn
2818 5557 3052 5631 primum
3078 5568 3197 5609 esse
3223 5552 3497 5631 homicidii

1924 5628 2244 5714 auctorem;
2292 5659 2384 5704 aut
2425 5648 2839 5719 praedicentibus,
2868 5628 3151 5702 inchoasse
3184 5646 3287 5702 hoc
3315 5628 3496 5703 scelus

1926 5742 2272 5798 Sodomitas?
2299 5739 2440 5808 Quin
2498 5742 2678 5811 potius
2707 5741 2913 5809 absque
2958 5753 3054 5807 spe
3100 5739 3271 5793 venite
3317 5737 3496 5792 delin-

1927 5840 2133 5905 quunt;
2171 5843 2350 5904 utpote
2382 5832 2471 5903 qui
2508 5844 2624 5903 post
2658 5832 2957 5891 terribilem
2992 5831 3203 5889 illorum
3237 5829 3493 5887 condem-

3556 991 3565 1017 ί
