  <div class='ocr_page' id='page_1' title='image "/cluster/home/n/w/nwhite01/storage/ocr_20150623/132/hvd.32044073502361/624.png"; bbox 0 0 3968 6220; ppageno 0'>
   <div class='ocr_carea' id='block_1_1' title="bbox 228 370 381 441">
    <p class='ocr_par' dir='ltr' id='par_1_1' title="bbox 228 370 381 441">
     <span class='ocr_line' id='line_1_1' title="bbox 228 370 381 441; baseline -0.02 -2"><span class='ocrx_word' id='word_1_1' title='bbox 228 370 381 441; x_wconf 62' lang='grc'><strong>1149</strong></span> 
     </span>
    </p>
   </div>
   <div class='ocr_carea' id='block_1_2' title="bbox 966 372 2789 446">
    <p class='ocr_par' dir='ltr' id='par_1_2' title="bbox 966 372 2789 446">
     <span class='ocr_line' id='line_1_2' title="bbox 966 372 2789 446; baseline 0.005 -10"><span class='ocrx_word' id='word_1_2' title='bbox 966 372 1290 438; x_wconf 80' lang='lat' dir='ltr'><strong>JOANNIS</strong></span> <span class='ocrx_word' id='word_1_3' title='bbox 1325 377 1669 441; x_wconf 86' lang='lat' dir='ltr'><strong>COMNENI</strong></span> <span class='ocrx_word' id='word_1_4' title='bbox 1706 379 2073 444; x_wconf 65' lang='lat' dir='ltr'><strong>NOVELLE</strong></span> <span class='ocrx_word' id='word_1_5' title='bbox 2106 381 2789 446; x_wconf 81' lang='lat' dir='ltr'><strong>CONSTITUTIONES.</strong></span> 
     </span>
    </p>
   </div>
   <div class='ocr_carea' id='block_1_3' title="bbox 3380 377 3519 447">
    <p class='ocr_par' dir='ltr' id='par_1_3' title="bbox 3380 377 3519 447">
     <span class='ocr_line' id='line_1_3' title="bbox 3380 377 3519 447; baseline 0.007 -2"><span class='ocrx_word' id='word_1_6' title='bbox 3380 377 3519 447; x_wconf 78' lang='grc'><strong>1150</strong></span> 
     </span>
    </p>
   </div>
   <div class='ocr_carea' id='block_1_4' title="bbox 226 463 1855 547">
    <p class='ocr_par' dir='ltr' id='par_1_4' title="bbox 226 463 1837 542">
     <span class='ocr_line' id='line_1_4' title="bbox 226 463 1837 542; baseline 0.002 -21"><span class='ocrx_word' id='word_1_7' title='bbox 226 467 356 522; x_wconf 85' lang='grc' dir='ltr'>ἀλλ’</span> <span class='ocrx_word' id='word_1_8' title='bbox 382 463 464 521; x_wconf 78' lang='grc' dir='ltr'>ἔτι</span> <span class='ocrx_word' id='word_1_9' title='bbox 491 465 519 518; x_wconf 83' lang='grc' dir='ltr'>ὁ</span> <span class='ocrx_word' id='word_1_10' title='bbox 541 463 751 519; x_wconf 81' lang='grc' dir='ltr'><strong>ἀθετῶν</strong></span> <span class='ocrx_word' id='word_1_11' title='bbox 769 464 973 533; x_wconf 79' lang='grc' dir='ltr'><strong>ἀθετεῖ,</strong></span> <span class='ocrx_word' id='word_1_12' title='bbox 1004 468 1100 522; x_wconf 75' lang='grc' dir='ltr'>καὶ</span> <span class='ocrx_word' id='word_1_13' title='bbox 1127 471 1156 523; x_wconf 87' lang='grc' dir='ltr'>ὁ</span> <span class='ocrx_word' id='word_1_14' title='bbox 1176 470 1396 541; x_wconf 85' lang='grc' dir='ltr'>ἀνομῶν</span> <span class='ocrx_word' id='word_1_15' title='bbox 1419 471 1634 542; x_wconf 87' lang='grc' dir='ltr'>ἀνομεῖ.</span> <span class='ocrx_word' id='word_1_16' title='bbox 1659 471 1731 525; x_wconf 83' lang='grc' dir='ltr'><strong>Σὺ</strong></span> <span class='ocrx_word' id='word_1_17' title='bbox 1758 471 1837 537; x_wconf 78' lang='grc' dir='ltr'><strong>δὲ,</strong></span> 
     </span>
    </p>
   </div>
   <div class='ocr_carea' id='block_1_5' title="bbox 1938 463 3516 547">
    <p class='ocr_par' dir='ltr' id='par_1_5' title="bbox 1944 473 3516 547">
     <span class='ocr_line' id='line_1_5' title="bbox 1944 473 3516 547; baseline 0.001 -18"><span class='ocrx_word' id='word_1_18' title='bbox 1944 474 2137 544; x_wconf 67' lang='lat' dir='ltr'><strong>reiicit,</strong></span> <span class='ocrx_word' id='word_1_19' title='bbox 2167 486 2221 531; x_wconf 89' lang='lat' dir='ltr'><strong>et</strong></span> <span class='ocrx_word' id='word_1_20' title='bbox 2249 478 2339 547; x_wconf 89' lang='lat' dir='ltr'><strong>qui</strong></span> <span class='ocrx_word' id='word_1_21' title='bbox 2374 477 2556 547; x_wconf 84' lang='lat' dir='ltr'><strong>inique</strong></span> <span class='ocrx_word' id='word_1_22' title='bbox 2593 473 2942 545; x_wconf 77' lang='lat' dir='ltr'><strong>operabatur,</strong></span> <span class='ocrx_word' id='word_1_23' title='bbox 2973 473 3162 546; x_wconf 78' lang='lat' dir='ltr'><strong>inique</strong></span> <span class='ocrx_word' id='word_1_24' title='bbox 3192 474 3306 547; x_wconf 77' lang='lat' dir='ltr'><strong>agit</strong></span> <span class='ocrx_word' id='word_1_25' title='bbox 3335 477 3406 531; x_wconf 82' lang='lat'><strong>&quot;.</strong></span> <span class='ocrx_word' id='word_1_26' title='bbox 3434 474 3516 531; x_wconf 83' lang='lat' dir='ltr'><strong>Tu</strong></span> 
     </span>
    </p>
   </div>
   <div class='ocr_carea' id='block_1_6' title="bbox 228 555 1835 632">
    <p class='ocr_par' dir='ltr' id='par_1_6' title="bbox 228 555 1835 632">
     <span class='ocr_line' id='line_1_6' title="bbox 228 555 1835 632; baseline 0.001 -17"><span class='ocrx_word' id='word_1_27' title='bbox 228 558 434 630; x_wconf 73' lang='grc' dir='ltr'>Κύριε,</span> <span class='ocrx_word' id='word_1_28' title='bbox 458 555 555 612; x_wconf 76' lang='grc' dir='ltr'>καὶ</span> <span class='ocrx_word' id='word_1_29' title='bbox 575 556 660 611; x_wconf 75' lang='grc' dir='ltr'><strong>ἔτι</strong></span> <span class='ocrx_word' id='word_1_30' title='bbox 689 555 849 629; x_wconf 78' lang='grc' dir='ltr'>φείδῃ</span> <span class='ocrx_word' id='word_1_31' title='bbox 869 557 1050 630; x_wconf 76' lang='grc' dir='ltr'>ἡμῶν,</span> <span class='ocrx_word' id='word_1_32' title='bbox 1067 559 1166 615; x_wconf 79' lang='grc' dir='ltr'>καὶ</span> <span class='ocrx_word' id='word_1_33' title='bbox 1191 563 1463 632; x_wconf 78' lang='grc' dir='ltr'><strong>προνοεῖς,</strong></span> <span class='ocrx_word' id='word_1_34' title='bbox 1493 561 1588 616; x_wconf 77' lang='grc' dir='ltr'>καὶ</span> <span class='ocrx_word' id='word_1_35' title='bbox 1611 562 1835 627; x_wconf 86' lang='grc' dir='ltr'>διοικεῖς</span> 
     </span>
    </p>
   </div>
   <div class='ocr_carea' id='block_1_7' title="bbox 231 649 1836 727">
    <p class='ocr_par' dir='ltr' id='par_1_7' title="bbox 231 649 1836 727">
     <span class='ocr_line' id='line_1_7' title="bbox 231 649 1836 727; baseline 0.004 -24"><span class='ocrx_word' id='word_1_36' title='bbox 231 652 299 703; x_wconf 72' lang='grc' dir='ltr'>ἐν</span> <span class='ocrx_word' id='word_1_37' title='bbox 322 650 464 705; x_wconf 68' lang='grc' dir='ltr'>ἐλέει</span> <span class='ocrx_word' id='word_1_38' title='bbox 492 649 589 704; x_wconf 78' lang='grc' dir='ltr'>καὶ</span> <span class='ocrx_word' id='word_1_39' title='bbox 620 651 932 722; x_wconf 84' lang='grc' dir='ltr'>οίκτιρμοῖς</span> <span class='ocrx_word' id='word_1_40' title='bbox 954 651 1056 722; x_wconf 73' lang='grc' dir='ltr'>τὴν</span> <span class='ocrx_word' id='word_1_41' title='bbox 1086 652 1233 725; x_wconf 76' lang='grc' dir='ltr'>ζωὴν</span> <span class='ocrx_word' id='word_1_42' title='bbox 1258 653 1440 727; x_wconf 78' lang='grc' dir='ltr'>ἡμῶν.</span> <span class='ocrx_word' id='word_1_43' title='bbox 1464 655 1675 720; x_wconf 81' lang='grc' dir='ltr'>Ὄντως</span> <span class='ocrx_word' id='word_1_44' title='bbox 1693 654 1836 709; x_wconf 86' lang='grc' dir='ltr'><strong>κατά</strong></span> 
     </span>
    </p>
   </div>
   <div class='ocr_carea' id='block_1_8' title="bbox 232 743 1833 818">
    <p class='ocr_par' dir='ltr' id='par_1_8' title="bbox 232 743 1833 818">
     <span class='ocr_line' id='line_1_8' title="bbox 232 743 1833 818; baseline 0.002 -20"><span class='ocrx_word' id='word_1_45' title='bbox 232 744 339 817; x_wconf 76' lang='grc' dir='ltr'>τὴν</span> <span class='ocrx_word' id='word_1_46' title='bbox 375 743 771 814; x_wconf 79' lang='grc' dir='ltr'>μεγαλωσύνην</span> <span class='ocrx_word' id='word_1_47' title='bbox 802 760 920 809; x_wconf 89' lang='grc' dir='ltr'>σου,</span> <span class='ocrx_word' id='word_1_48' title='bbox 955 743 1102 817; x_wconf 78' lang='grc' dir='ltr'>καὶὴ</span> <span class='ocrx_word' id='word_1_49' title='bbox 1123 746 1478 818; x_wconf 80' lang='grc' dir='ltr'><strong>μακροθυμία</strong></span> <span class='ocrx_word' id='word_1_50' title='bbox 1514 765 1633 805; x_wconf 92' lang='grc' dir='ltr'>σου.</span> <span class='ocrx_word' id='word_1_51' title='bbox 1671 747 1833 801; x_wconf 85' lang='grc' dir='ltr'>Ἀλλά</span> 
     </span>
    </p>
   </div>
   <div class='ocr_carea' id='block_1_9' title="bbox 230 834 1834 912">
    <p class='ocr_par' dir='ltr' id='par_1_9' title="bbox 230 834 1834 912">
     <span class='ocr_line' id='line_1_9' title="bbox 230 834 1834 912; baseline 0.002 -21"><span class='ocrx_word' id='word_1_52' title='bbox 230 837 467 909; x_wconf 79' lang='grc' dir='ltr'>φοϐοὖσί</span> <span class='ocrx_word' id='word_1_53' title='bbox 489 854 556 908; x_wconf 89' lang='grc' dir='ltr'><strong>με</strong></span> <span class='ocrx_word' id='word_1_54' title='bbox 579 836 638 890; x_wconf 75' lang='grc' dir='ltr'>αἱ</span> <span class='ocrx_word' id='word_1_55' title='bbox 656 835 888 909; x_wconf 75' lang='grc' dir='ltr'>φοϐεραὶ</span> <span class='ocrx_word' id='word_1_56' title='bbox 908 834 1009 910; x_wconf 82' lang='grc' dir='ltr'><strong>[αι.</strong></span> <span class='ocrx_word' id='word_1_57' title='bbox 1028 837 1277 912; x_wconf 69' lang='grc' dir='ltr'>φρικταὶ]</span> <span class='ocrx_word' id='word_1_58' title='bbox 1294 840 1391 893; x_wconf 70' lang='grc' dir='ltr'>καὶ</span> <span class='ocrx_word' id='word_1_59' title='bbox 1408 841 1691 895; x_wconf 82' lang='grc' dir='ltr'>ἀδέκαστοι</span> <span class='ocrx_word' id='word_1_60' title='bbox 1713 841 1834 911; x_wconf 88' lang='grc' dir='ltr'>κρί-</span> 
     </span>
    </p>
   </div>
   <div class='ocr_carea' id='block_1_10' title="bbox 232 929 1833 1006">
    <p class='ocr_par' dir='ltr' id='par_1_10' title="bbox 232 929 1833 1006">
     <span class='ocr_line' id='line_1_10' title="bbox 232 929 1833 1006; baseline 0.001 -21"><span class='ocrx_word' id='word_1_61' title='bbox 232 948 357 996; x_wconf 83' lang='grc' dir='ltr'>σεις</span> <span class='ocrx_word' id='word_1_62' title='bbox 398 948 515 992; x_wconf 88' lang='grc' dir='ltr'>σου,</span> <span class='ocrx_word' id='word_1_63' title='bbox 551 929 609 984; x_wconf 78' lang='grc' dir='ltr'>αἱ</span> <span class='ocrx_word' id='word_1_64' title='bbox 635 929 730 984; x_wconf 86' lang='grc' dir='ltr'><strong>ἀπ’</strong></span> <span class='ocrx_word' id='word_1_65' title='bbox 761 929 964 994; x_wconf 77' lang='grc' dir='ltr'>αἰῶνος</span> <span class='ocrx_word' id='word_1_66' title='bbox 996 932 1381 1002; x_wconf 68' lang='grc' dir='ltr'><strong>ἐπενεχθεῖσαν.</strong></span> <span class='ocrx_word' id='word_1_67' title='bbox 1411 936 1524 997; x_wconf 86' lang='grc' dir='ltr'>τοῖς</span> <span class='ocrx_word' id='word_1_68' title='bbox 1550 932 1619 987; x_wconf 82' lang='grc' dir='ltr'><strong>τά</strong></span> <span class='ocrx_word' id='word_1_69' title='bbox 1650 933 1833 1006; x_wconf 83' lang='grc' dir='ltr'>ἀδιόρ-</span> 
     </span>
    </p>
   </div>
   <div class='ocr_carea' id='block_1_11' title="bbox 232 1020 1834 1096">
    <p class='ocr_par' dir='ltr' id='par_1_11' title="bbox 232 1020 1834 1096">
     <span class='ocr_line' id='line_1_11' title="bbox 232 1020 1834 1096; baseline 0.002 -20"><span class='ocrx_word' id='word_1_70' title='bbox 232 1021 390 1076; x_wconf 86' lang='grc' dir='ltr'>θωτα</span> <span class='ocrx_word' id='word_1_71' title='bbox 418 1021 738 1076; x_wconf 75' lang='grc' dir='ltr'><strong>πταίσασιν.</strong></span> <span class='ocrx_word' id='word_1_72' title='bbox 770 1020 848 1077; x_wconf 83' lang='grc' dir='ltr'><strong>Οὐ</strong></span> <span class='ocrx_word' id='word_1_73' title='bbox 883 1022 993 1093; x_wconf 84' lang='grc' dir='ltr'><strong>γὰρ</strong></span> <span class='ocrx_word' id='word_1_74' title='bbox 1026 1022 1289 1087; x_wconf 82' lang='grc' dir='ltr'><strong>πολλάκις</strong></span> <span class='ocrx_word' id='word_1_75' title='bbox 1337 1023 1512 1092; x_wconf 80' lang='grc' dir='ltr'>φιλεῖς</span> <span class='ocrx_word' id='word_1_76' title='bbox 1567 1040 1834 1096; x_wconf 79' lang='grc' dir='ltr'>περιφρο-</span> 
     </span>
    </p>
   </div>
   <div class='ocr_carea' id='block_1_12' title="bbox 232 1111 1831 1185">
    <p class='ocr_par' dir='ltr' id='par_1_12' title="bbox 232 1111 1831 1185">
     <span class='ocr_line' id='line_1_12' title="bbox 232 1111 1831 1185; baseline 0.002 -20"><span class='ocrx_word' id='word_1_77' title='bbox 232 1113 526 1185; x_wconf 82' lang='grc' dir='ltr'>νούμενος,</span> <span class='ocrx_word' id='word_1_78' title='bbox 554 1114 650 1167; x_wconf 56' lang='grc' dir='ltr'><strong>καὶ⁵</strong></span> <span class='ocrx_word' id='word_1_79' title='bbox 670 1113 719 1167; x_wconf 85' lang='grc' dir='ltr'><strong>εί</strong></span> <span class='ocrx_word' id='word_1_80' title='bbox 742 1112 863 1166; x_wconf 89' lang='grc' dir='ltr'>λίαν</span> <span class='ocrx_word' id='word_1_81' title='bbox 925 1111 1196 1185; x_wconf 81' lang='grc' dir='ltr'><strong>ὑπάρχεις</strong></span> <span class='ocrx_word' id='word_1_82' title='bbox 1235 1113 1637 1185; x_wconf 82' lang='grc' dir='ltr'>φιλάνθρωπος.</span> <span class='ocrx_word' id='word_1_83' title='bbox 1671 1115 1831 1169; x_wconf 79' lang='grc' dir='ltr'>Φοδεῖ</span> 
     </span>
    </p>
   </div>
   <div class='ocr_carea' id='block_1_13' title="bbox 237 1204 1830 1279">
    <p class='ocr_par' dir='ltr' id='par_1_13' title="bbox 237 1204 1830 1279">
     <span class='ocr_line' id='line_1_13' title="bbox 237 1204 1830 1279; baseline 0 -18"><span class='ocrx_word' id='word_1_84' title='bbox 237 1222 312 1276; x_wconf 85' lang='grc' dir='ltr'><strong>με</strong></span> <span class='ocrx_word' id='word_1_85' title='bbox 352 1208 380 1259; x_wconf 83' lang='grc' dir='ltr'><strong>ὁ</strong></span> <span class='ocrx_word' id='word_1_86' title='bbox 409 1204 755 1276; x_wconf 84' lang='grc' dir='ltr'>ἀσυμπαθῶς</span> <span class='ocrx_word' id='word_1_87' title='bbox 814 1206 1219 1271; x_wconf 76' lang='grc' dir='ltr'><strong>κατακλυσθεὶς</strong></span> <span class='ocrx_word' id='word_1_88' title='bbox 1290 1207 1515 1279; x_wconf 79' lang='grc' dir='ltr'>κόσμος.</span> <span class='ocrx_word' id='word_1_89' title='bbox 1558 1207 1718 1262; x_wconf 77' lang='grc' dir='ltr'>Φοὸεῖ</span> <span class='ocrx_word' id='word_1_90' title='bbox 1761 1224 1830 1279; x_wconf 80' lang='grc' dir='ltr'><strong>με</strong></span> 
     </span>
    </p>
   </div>
   <div class='ocr_carea' id='block_1_14' title="bbox 228 1294 1829 1367">
    <p class='ocr_par' dir='ltr' id='par_1_14' title="bbox 228 1294 1829 1367">
     <span class='ocr_line' id='line_1_14' title="bbox 228 1294 1829 1367; baseline 0.001 -19"><span class='ocrx_word' id='word_1_91' title='bbox 228 1298 266 1367; x_wconf 77' lang='grc' dir='ltr'><strong>ἡ</strong></span> <span class='ocrx_word' id='word_1_92' title='bbox 297 1296 390 1351; x_wconf 74' lang='grc' dir='ltr'><strong>τοῦ</strong></span> <span class='ocrx_word' id='word_1_93' title='bbox 417 1296 551 1350; x_wconf 85' lang='grc' dir='ltr'>λαοῦ</span> <span class='ocrx_word' id='word_1_94' title='bbox 576 1294 687 1350; x_wconf 85' lang='grc' dir='ltr'><strong>τῶν</strong></span> <span class='ocrx_word' id='word_1_95' title='bbox 721 1295 974 1367; x_wconf 83' lang='grc' dir='ltr'><strong>Σοδόμων</strong></span> <span class='ocrx_word' id='word_1_96' title='bbox 1027 1296 1125 1350; x_wconf 78' lang='grc' dir='ltr'><strong>σὺν</strong></span> <span class='ocrx_word' id='word_1_97' title='bbox 1179 1297 1247 1367; x_wconf 74' lang='grc' dir='ltr'><strong>τῇ</strong></span> <span class='ocrx_word' id='word_1_98' title='bbox 1287 1298 1359 1367; x_wconf 79' lang='grc' dir='ltr'><strong>γῇ</strong></span> <span class='ocrx_word' id='word_1_99' title='bbox 1416 1295 1510 1349; x_wconf 76' lang='grc' dir='ltr'>καὶ</span> <span class='ocrx_word' id='word_1_100' title='bbox 1574 1295 1655 1366; x_wconf 85' lang='grc' dir='ltr'>τῷ</span> <span class='ocrx_word' id='word_1_101' title='bbox 1704 1296 1829 1365; x_wconf 81' lang='grc' dir='ltr'>ἀέρι</span> 
     </span>
    </p>
   </div>
   <div class='ocr_carea' id='block_1_15' title="bbox 227 1385 1830 1461">
    <p class='ocr_par' dir='ltr' id='par_1_15' title="bbox 227 1385 1830 1461">
     <span class='ocr_line' id='line_1_15' title="bbox 227 1385 1830 1461; baseline -0.001 -18"><span class='ocrx_word' id='word_1_102' title='bbox 227 1390 694 1459; x_wconf 42' lang='grc' dir='ltr'>ἀποτέφιτωσις,’ή</span> <span class='ocrx_word' id='word_1_103' title='bbox 716 1389 825 1443; x_wconf 83' lang='grc' dir='ltr'><strong>τῶν</strong></span> <span class='ocrx_word' id='word_1_104' title='bbox 851 1387 1167 1457; x_wconf 77' lang='grc' dir='ltr'><strong>Αἰγυπτίων</strong></span> <span class='ocrx_word' id='word_1_105' title='bbox 1188 1390 1267 1452; x_wconf 85' lang='grc' dir='ltr'><strong>είς</strong></span> <span class='ocrx_word' id='word_1_106' title='bbox 1293 1388 1354 1442; x_wconf 83' lang='grc' dir='ltr'>τὸ</span> <span class='ocrx_word' id='word_1_107' title='bbox 1383 1385 1706 1461; x_wconf 79' lang='grc' dir='ltr'><strong>Ἐρυθραῖον</strong></span> <span class='ocrx_word' id='word_1_108' title='bbox 1732 1388 1830 1441; x_wconf 74' lang='grc' dir='ltr'><strong>πέ-</strong></span> 
     </span>
    </p>
   </div>
   <div class='ocr_carea' id='block_1_16' title="bbox 230 1479 1828 1554">
    <p class='ocr_par' dir='ltr' id='par_1_16' title="bbox 230 1479 1828 1554">
     <span class='ocr_line' id='line_1_16' title="bbox 230 1479 1828 1554; baseline 0.001 -21"><span class='ocrx_word' id='word_1_109' title='bbox 230 1480 402 1549; x_wconf 86' lang='grc' dir='ltr'>λαγος</span> <span class='ocrx_word' id='word_1_110' title='bbox 452 1480 870 1544; x_wconf 84' lang='grc' dir='ltr'>καταπόντωσις</span> <span class='ocrx_word' id='word_1_111' title='bbox 911 1479 1009 1552; x_wconf 82' lang='grc' dir='ltr'><strong>[αι.</strong></span> <span class='ocrx_word' id='word_1_112' title='bbox 1043 1479 1483 1553; x_wconf 69' lang='grc' dir='ltr'>καταπόντισιςῙ,</span> <span class='ocrx_word' id='word_1_113' title='bbox 1538 1480 1636 1535; x_wconf 75' lang='grc' dir='ltr'>καὶ</span> <span class='ocrx_word' id='word_1_114' title='bbox 1667 1481 1700 1554; x_wconf 78' lang='grc' dir='ltr'><strong>ἡ</strong></span> <span class='ocrx_word' id='word_1_115' title='bbox 1734 1479 1828 1534; x_wconf 82' lang='grc' dir='ltr'><strong>τοῦ</strong></span> 
     </span>
    </p>
   </div>
   <div class='ocr_carea' id='block_1_17' title="bbox 231 1569 1829 1643">
    <p class='ocr_par' dir='ltr' id='par_1_17' title="bbox 231 1569 1829 1643">
     <span class='ocr_line' id='line_1_17' title="bbox 231 1569 1829 1643; baseline 0.003 -22"><span class='ocrx_word' id='word_1_116' title='bbox 231 1571 606 1641; x_wconf 67' lang='grc' dir='ltr'>ἠγαπημένον</span> <span class='ocrx_word' id='word_1_117' title='bbox 658 1569 877 1643; x_wconf 79' lang='grc' dir='ltr'>Ἰσραὴλ</span> <span class='ocrx_word' id='word_1_118' title='bbox 908 1569 999 1624; x_wconf 81' lang='grc' dir='ltr'><strong>διὰ</strong></span> <span class='ocrx_word' id='word_1_119' title='bbox 1060 1570 1165 1643; x_wconf 80' lang='grc' dir='ltr'>τὴν</span> <span class='ocrx_word' id='word_1_120' title='bbox 1229 1571 1310 1635; x_wconf 84' lang='grc' dir='ltr'><strong>είς</strong></span> <span class='ocrx_word' id='word_1_121' title='bbox 1372 1574 1433 1625; x_wconf 79' lang='grc' dir='ltr'>σὲ</span> <span class='ocrx_word' id='word_1_122' title='bbox 1478 1571 1829 1643; x_wconf 82' lang='grc' dir='ltr'>παρανομίαν</span> 
     </span>
    </p>
   </div>
   <div class='ocr_carea' id='block_1_18' title="bbox 227 1662 1829 1735">
    <p class='ocr_par' dir='ltr' id='par_1_18' title="bbox 227 1662 1829 1735">
     <span class='ocr_line' id='line_1_18' title="bbox 227 1662 1829 1735; baseline 0.002 -19"><span class='ocrx_word' id='word_1_123' title='bbox 227 1664 478 1735; x_wconf 75' lang='grc' dir='ltr'>ἀποϐολή</span> <span class='ocrx_word' id='word_1_124' title='bbox 508 1680 570 1717; x_wconf 84' lang='grc' dir='ltr'><strong>τε</strong></span> <span class='ocrx_word' id='word_1_125' title='bbox 612 1664 707 1717; x_wconf 77' lang='grc' dir='ltr'>καὶ</span> <span class='ocrx_word' id='word_1_126' title='bbox 734 1662 1038 1728; x_wconf 69' lang='grc' dir='ltr'>ἔκπτωσις.</span> <span class='ocrx_word' id='word_1_127' title='bbox 1108 1663 1223 1718; x_wconf 69' lang='grc' dir='ltr'><strong>Καὶ</strong></span> <span class='ocrx_word' id='word_1_128' title='bbox 1259 1663 1350 1719; x_wconf 79' lang='grc' dir='ltr'>διὰ</span> <span class='ocrx_word' id='word_1_129' title='bbox 1396 1662 1556 1717; x_wconf 82' lang='grc' dir='ltr'>τοῦτο</span> <span class='ocrx_word' id='word_1_130' title='bbox 1609 1663 1829 1735; x_wconf 85' lang='grc' dir='ltr'>τολμῶν</span> 
     </span>
    </p>
   </div>
   <div class='ocr_carea' id='block_1_19' title="bbox 226 1753 1827 1825">
    <p class='ocr_par' dir='ltr' id='par_1_19' title="bbox 226 1753 1827 1825">
     <span class='ocr_line' id='line_1_19' title="bbox 226 1753 1827 1825; baseline 0.001 -19"><span class='ocrx_word' id='word_1_131' title='bbox 226 1753 427 1825; x_wconf 78' lang='grc' dir='ltr'>δέομαι</span> <span class='ocrx_word' id='word_1_132' title='bbox 445 1771 460 1786; x_wconf 78' lang='grc'><em>’</em></span> <span class='ocrx_word' id='word_1_133' title='bbox 498 1753 699 1825; x_wconf 78' lang='grc' dir='ltr'>Κύριε,</span> <span class='ocrx_word' id='word_1_134' title='bbox 727 1755 911 1809; x_wconf 88' lang='grc' dir='ltr'>κλῖνον</span> <span class='ocrx_word' id='word_1_135' title='bbox 939 1755 1001 1807; x_wconf 83' lang='grc' dir='ltr'><strong>τδ</strong></span> <span class='ocrx_word' id='word_1_136' title='bbox 1028 1753 1123 1819; x_wconf 78' lang='grc' dir='ltr'>οὓς</span> <span class='ocrx_word' id='word_1_137' title='bbox 1151 1771 1247 1808; x_wconf 90' lang='grc' dir='ltr'><strong>σου</strong></span> <span class='ocrx_word' id='word_1_138' title='bbox 1276 1754 1372 1807; x_wconf 79' lang='grc' dir='ltr'>καὶ</span> <span class='ocrx_word' id='word_1_139' title='bbox 1393 1754 1657 1809; x_wconf 76' lang='grc' dir='ltr'>ἄκουσον·</span> <span class='ocrx_word' id='word_1_140' title='bbox 1683 1754 1827 1809; x_wconf 80' lang='grc' dir='ltr'>ἀνοι-</span> 
     </span>
    </p>
   </div>
   <div class='ocr_carea' id='block_1_20' title="bbox 228 1844 1826 1918">
    <p class='ocr_par' dir='ltr' id='par_1_20' title="bbox 228 1844 1826 1918">
     <span class='ocr_line' id='line_1_20' title="bbox 228 1844 1826 1918; baseline -0.001 -18"><span class='ocrx_word' id='word_1_141' title='bbox 228 1848 330 1915; x_wconf 82' lang='grc' dir='ltr'>ξον</span> <span class='ocrx_word' id='word_1_142' title='bbox 371 1846 503 1910; x_wconf 76' lang='grc' dir='ltr'>τοὺς</span> <span class='ocrx_word' id='word_1_143' title='bbox 524 1846 840 1918; x_wconf 70' lang='grc' dir='ltr'>ὀφθαλμούς</span> <span class='ocrx_word' id='word_1_144' title='bbox 864 1864 982 1916; x_wconf 88' lang='grc' dir='ltr'>σου,</span> <span class='ocrx_word' id='word_1_145' title='bbox 1016 1846 1112 1901; x_wconf 76' lang='grc' dir='ltr'>καὶ</span> <span class='ocrx_word' id='word_1_146' title='bbox 1153 1845 1230 1900; x_wconf 86' lang='grc' dir='ltr'><strong>ἴδε</strong></span> <span class='ocrx_word' id='word_1_147' title='bbox 1304 1846 1429 1918; x_wconf 83' lang='grc' dir='ltr'><strong>ῑλέῳ</strong></span> <span class='ocrx_word' id='word_1_148' title='bbox 1458 1864 1575 1912; x_wconf 85' lang='grc' dir='ltr'>,σου</span> <span class='ocrx_word' id='word_1_149' title='bbox 1617 1844 1826 1918; x_wconf 78' lang='grc' dir='ltr'>ὄμματι</span> 
     </span>
    </p>
   </div>
   <div class='ocr_carea' id='block_1_21' title="bbox 228 1936 1826 2012">
    <p class='ocr_par' dir='ltr' id='par_1_21' title="bbox 228 1936 1826 2012">
     <span class='ocr_line' id='line_1_21' title="bbox 228 1936 1826 2012; baseline 0 -21"><span class='ocrx_word' id='word_1_150' title='bbox 228 1939 329 1992; x_wconf 70' lang='grc' dir='ltr'><strong>ἐπὶ</strong></span> <span class='ocrx_word' id='word_1_151' title='bbox 374 1938 467 1993; x_wconf 79' lang='grc' dir='ltr'><strong>τὸν</strong></span> <span class='ocrx_word' id='word_1_152' title='bbox 490 1936 620 1992; x_wconf 77' lang='grc' dir='ltr'>λαόν</span> <span class='ocrx_word' id='word_1_153' title='bbox 651 1954 748 1992; x_wconf 84' lang='grc' dir='ltr'><strong>σου</strong></span> <span class='ocrx_word' id='word_1_154' title='bbox 776 1940 872 1994; x_wconf 78' lang='grc' dir='ltr'>καὶ</span> <span class='ocrx_word' id='word_1_155' title='bbox 927 1939 1029 2012; x_wconf 81' lang='grc' dir='ltr'>τὴν</span> <span class='ocrx_word' id='word_1_156' title='bbox 1068 1938 1441 2010; x_wconf 85' lang='grc' dir='ltr'>κληρονομίαν</span> <span class='ocrx_word' id='word_1_157' title='bbox 1492 1954 1610 2002; x_wconf 87' lang='grc' dir='ltr'>σου,</span> <span class='ocrx_word' id='word_1_158' title='bbox 1644 1938 1711 2011; x_wconf 76' lang='grc' dir='ltr'>ἢν</span> <span class='ocrx_word' id='word_1_159' title='bbox 1734 1939 1826 2005; x_wconf 63' lang='grc' dir='ltr'><strong>ἐξ-</strong></span> 
     </span>
    </p>
   </div>
   <div class='ocr_carea' id='block_1_22' title="bbox 230 2030 1828 2103">
    <p class='ocr_par' dir='ltr' id='par_1_22' title="bbox 230 2030 1828 2103">
     <span class='ocr_line' id='line_1_22' title="bbox 230 2030 1828 2103; baseline 0.002 -20"><span class='ocrx_word' id='word_1_160' title='bbox 230 2031 501 2102; x_wconf 87' lang='grc' dir='ltr'>ηγοράσω</span> <span class='ocrx_word' id='word_1_161' title='bbox 526 2030 604 2103; x_wconf 85' lang='grc' dir='ltr'><strong>τῷ</strong></span> <span class='ocrx_word' id='word_1_162' title='bbox 620 2032 788 2103; x_wconf 82' lang='grc' dir='ltr'>τιμίῳ</span> <span class='ocrx_word' id='word_1_163' title='bbox 803 2048 895 2086; x_wconf 91' lang='grc' dir='ltr'><strong>σου</strong></span> <span class='ocrx_word' id='word_1_164' title='bbox 921 2033 1138 2103; x_wconf 82' lang='grc' dir='ltr'>αἶματι’</span> <span class='ocrx_word' id='word_1_165' title='bbox 1166 2033 1262 2086; x_wconf 76' lang='grc' dir='ltr'>καὶ</span> <span class='ocrx_word' id='word_1_166' title='bbox 1276 2031 1457 2086; x_wconf 86' lang='grc' dir='ltr'>κλῖνον</span> <span class='ocrx_word' id='word_1_167' title='bbox 1479 2031 1579 2095; x_wconf 88' lang='grc' dir='ltr'><strong>τάς</strong></span> <span class='ocrx_word' id='word_1_168' title='bbox 1599 2031 1828 2102; x_wconf 86' lang='grc' dir='ltr'>καρδίας</span> 
     </span>
    </p>
   </div>
   <div class='ocr_carea' id='block_1_23' title="bbox 232 2123 1829 2197">
    <p class='ocr_par' dir='ltr' id='par_1_23' title="bbox 232 2123 1829 2197">
     <span class='ocr_line' id='line_1_23' title="bbox 232 2123 1829 2197; baseline 0.001 -20"><span class='ocrx_word' id='word_1_169' title='bbox 232 2123 395 2194; x_wconf 74' lang='grc' dir='ltr'>ἡμῶν</span> <span class='ocrx_word' id='word_1_170' title='bbox 419 2123 688 2193; x_wconf 82' lang='grc' dir='ltr'>βασιλέων</span> <span class='ocrx_word' id='word_1_171' title='bbox 727 2125 871 2196; x_wconf 80' lang='grc' dir='ltr'>φημὶ</span> <span class='ocrx_word' id='word_1_172' title='bbox 919 2124 1017 2179; x_wconf 77' lang='grc' dir='ltr'>καὶ</span> <span class='ocrx_word' id='word_1_173' title='bbox 1068 2125 1397 2197; x_wconf 85' lang='grc' dir='ltr'>ἀρχιερέων,</span> <span class='ocrx_word' id='word_1_174' title='bbox 1443 2125 1723 2196; x_wconf 81' lang='grc' dir='ltr'>ἀρχόντων</span> <span class='ocrx_word' id='word_1_175' title='bbox 1768 2141 1829 2179; x_wconf 90' lang='grc' dir='ltr'><strong>τε</strong></span> 
     </span>
    </p>
   </div>
   <div class='ocr_carea' id='block_1_24' title="bbox 234 2217 1831 2291">
    <p class='ocr_par' dir='ltr' id='par_1_24' title="bbox 234 2217 1831 2291">
     <span class='ocr_line' id='line_1_24' title="bbox 234 2217 1831 2291; baseline 0.002 -22"><span class='ocrx_word' id='word_1_176' title='bbox 234 2217 341 2270; x_wconf 82' lang='grc' dir='ltr'>καὶ</span> <span class='ocrx_word' id='word_1_177' title='bbox 367 2219 713 2288; x_wconf 82' lang='grc' dir='ltr'>ἀρχομένων,</span> <span class='ocrx_word' id='word_1_178' title='bbox 744 2218 1030 2289; x_wconf 86' lang='grc' dir='ltr'>μοναστῶν</span> <span class='ocrx_word' id='word_1_179' title='bbox 1063 2220 1160 2273; x_wconf 77' lang='grc' dir='ltr'>καὶ</span> <span class='ocrx_word' id='word_1_180' title='bbox 1185 2219 1454 2291; x_wconf 80' lang='grc' dir='ltr'>μιγάδων,</span> <span class='ocrx_word' id='word_1_181' title='bbox 1483 2222 1567 2285; x_wconf 86' lang='grc' dir='ltr'><strong>είς</strong></span> <span class='ocrx_word' id='word_1_182' title='bbox 1583 2217 1831 2290; x_wconf 79' lang='grc' dir='ltr'>ὑπακοὴν</span> 
     </span>
    </p>
   </div>
   <div class='ocr_carea' id='block_1_25' title="bbox 229 2294 1830 2384">
    <p class='ocr_par' dir='ltr' id='par_1_25' title="bbox 229 2294 1830 2384">
     <span class='ocr_line' id='line_1_25' title="bbox 229 2294 1830 2384; baseline 0 -20"><span class='ocrx_word' id='word_1_183' title='bbox 229 2310 347 2364; x_wconf 81' lang='grc' dir='ltr'><strong>τῶν</strong></span> <span class='ocrx_word' id='word_1_184' title='bbox 376 2294 538 2364; x_wconf 83' lang='grc' dir='ltr'>θείων</span> <span class='ocrx_word' id='word_1_185' title='bbox 572 2327 665 2365; x_wconf 89' lang='grc' dir='ltr'><strong>σου</strong></span> <span class='ocrx_word' id='word_1_186' title='bbox 687 2313 1155 2384; x_wconf 81' lang='grc' dir='ltr'>προσταγμάτων·</span> <span class='ocrx_word' id='word_1_187' title='bbox 1185 2313 1279 2366; x_wconf 78' lang='grc' dir='ltr'>καὶ</span> <span class='ocrx_word' id='word_1_188' title='bbox 1304 2312 1382 2384; x_wconf 81' lang='grc' dir='ltr'>τῷ</span> <span class='ocrx_word' id='word_1_189' title='bbox 1412 2312 1542 2383; x_wconf 84' lang='grc' dir='ltr'>θείῳ</span> <span class='ocrx_word' id='word_1_190' title='bbox 1564 2329 1658 2366; x_wconf 80' lang='grc' dir='ltr'><strong>σου</strong></span> <span class='ocrx_word' id='word_1_191' title='bbox 1678 2311 1830 2383; x_wconf 79' lang='grc' dir='ltr'><strong>φὸὄῳ</strong></span> 
     </span>
    </p>
   </div>
   <div class='ocr_carea' id='block_1_26' title="bbox 233 2403 1830 2478">
    <p class='ocr_par' dir='ltr' id='par_1_26' title="bbox 233 2403 1830 2478">
     <span class='ocr_line' id='line_1_26' title="bbox 233 2403 1830 2478; baseline 0.001 -21"><span class='ocrx_word' id='word_1_192' title='bbox 233 2403 569 2475; x_wconf 83' lang='grc' dir='ltr'>καθηλὼσας</span> <span class='ocrx_word' id='word_1_193' title='bbox 605 2407 706 2467; x_wconf 80' lang='grc' dir='ltr'><strong>τὰς</strong></span> <span class='ocrx_word' id='word_1_194' title='bbox 735 2405 950 2472; x_wconf 82' lang='grc' dir='ltr'>σάρκας</span> <span class='ocrx_word' id='word_1_195' title='bbox 1019 2405 1209 2478; x_wconf 74' lang='grc' dir='ltr'>ἡμῶν,</span> <span class='ocrx_word' id='word_1_196' title='bbox 1278 2405 1621 2473; x_wconf 81' lang='grc' dir='ltr'>καταξίωσον</span> <span class='ocrx_word' id='word_1_197' title='bbox 1679 2406 1830 2476; x_wconf 77' lang='grc' dir='ltr'>ἡμᾶς</span> 
     </span>
    </p>
   </div>
   <div class='ocr_carea' id='block_1_27' title="bbox 228 2496 1831 2569">
    <p class='ocr_par' dir='ltr' id='par_1_27' title="bbox 228 2496 1831 2569">
     <span class='ocr_line' id='line_1_27' title="bbox 228 2496 1831 2569; baseline 0.001 -19"><span class='ocrx_word' id='word_1_198' title='bbox 228 2497 466 2568; x_wconf 80' lang='grc' dir='ltr'>τρέμειν</span> <span class='ocrx_word' id='word_1_199' title='bbox 499 2496 597 2550; x_wconf 75' lang='grc' dir='ltr'>καὶ</span> <span class='ocrx_word' id='word_1_200' title='bbox 654 2496 941 2566; x_wconf 71' lang='grc' dir='ltr'>φοϐεῖσθαι</span> <span class='ocrx_word' id='word_1_201' title='bbox 1008 2498 1071 2552; x_wconf 82' lang='grc' dir='ltr'>τὸ</span> <span class='ocrx_word' id='word_1_202' title='bbox 1142 2498 1371 2569; x_wconf 79' lang='grc' dir='ltr'>φρικτὸν</span> <span class='ocrx_word' id='word_1_203' title='bbox 1424 2499 1519 2552; x_wconf 73' lang='grc' dir='ltr'>καὶ</span> <span class='ocrx_word' id='word_1_204' title='bbox 1560 2500 1831 2569; x_wconf 84' lang='grc' dir='ltr'>πάντιμον</span> 
     </span>
    </p>
   </div>
   <div class='ocr_carea' id='block_1_28' title="bbox 230 2587 1829 2663">
    <p class='ocr_par' dir='ltr' id='par_1_28' title="bbox 230 2587 1829 2663">
     <span class='ocr_line' id='line_1_28' title="bbox 230 2587 1829 2663; baseline 0.001 -20"><span class='ocrx_word' id='word_1_205' title='bbox 230 2589 414 2660; x_wconf 73' lang='grc' dir='ltr'>ὄνομά</span> <span class='ocrx_word' id='word_1_206' title='bbox 446 2606 543 2642; x_wconf 91' lang='grc' dir='ltr'><strong>σου</strong></span> <span class='ocrx_word' id='word_1_207' title='bbox 572 2605 587 2621; x_wconf 88' lang='grc'><strong>·</strong></span> <span class='ocrx_word' id='word_1_208' title='bbox 609 2587 704 2643; x_wconf 84' lang='grc' dir='ltr'>τοῦ</span> <span class='ocrx_word' id='word_1_209' title='bbox 732 2589 831 2662; x_wconf 79' lang='grc' dir='ltr'>[αι.</span> <span class='ocrx_word' id='word_1_210' title='bbox 868 2588 985 2663; x_wconf 68' lang='grc' dir='ltr'>καὶ]</span> <span class='ocrx_word' id='word_1_211' title='bbox 1013 2589 1087 2661; x_wconf 81' lang='grc' dir='ltr'>μὴ</span> <span class='ocrx_word' id='word_1_212' title='bbox 1115 2589 1454 2663; x_wconf 82' lang='grc' dir='ltr'>παρακούειν</span> <span class='ocrx_word' id='word_1_213' title='bbox 1508 2590 1601 2644; x_wconf 81' lang='grc' dir='ltr'>τὸν</span> <span class='ocrx_word' id='word_1_214' title='bbox 1663 2594 1829 2662; x_wconf 84' lang='grc' dir='ltr'>νόμον</span> 
     </span>
    </p>
   </div>
   <div class='ocr_carea' id='block_1_29' title="bbox 239 2667 1828 2749">
    <p class='ocr_par' dir='ltr' id='par_1_29' title="bbox 239 2667 1828 2749">
     <span class='ocr_line' id='line_1_29' title="bbox 239 2667 1828 2749; baseline 0 -18"><span class='ocrx_word' id='word_1_215' title='bbox 239 2694 342 2731; x_wconf 85' lang='grc' dir='ltr'><strong>σου</strong></span> <span class='ocrx_word' id='word_1_216' title='bbox 373 2694 386 2707; x_wconf 87' lang='grc'><strong>·</strong></span> <span class='ocrx_word' id='word_1_217' title='bbox 424 2676 564 2730; x_wconf 86' lang='grc' dir='ltr'><strong>ἀλλά</strong></span> <span class='ocrx_word' id='word_1_218' title='bbox 588 2680 708 2742; x_wconf 87' lang='grc' dir='ltr'>ταῖς</span> <span class='ocrx_word' id='word_1_219' title='bbox 737 2677 922 2746; x_wconf 89' lang='grc' dir='ltr'>ἀγίαις</span> <span class='ocrx_word' id='word_1_220' title='bbox 946 2667 1193 2742; x_wconf 71' lang='grc' dir='ltr'>ἐντολαῖς</span> <span class='ocrx_word' id='word_1_221' title='bbox 1221 2677 1317 2733; x_wconf 79' lang='grc' dir='ltr'>καὶ</span> <span class='ocrx_word' id='word_1_222' title='bbox 1345 2677 1684 2749; x_wconf 83' lang='grc' dir='ltr'>δικαιώμασί</span> <span class='ocrx_word' id='word_1_223' title='bbox 1734 2695 1828 2732; x_wconf 92' lang='grc' dir='ltr'><strong>σου</strong></span> 
     </span>
    </p>
   </div>
   <div class='ocr_carea' id='block_1_30' title="bbox 231 2767 1830 2842">
    <p class='ocr_par' dir='ltr' id='par_1_30' title="bbox 231 2767 1830 2842">
     <span class='ocr_line' id='line_1_30' title="bbox 231 2767 1830 2842; baseline 0 -20"><span class='ocrx_word' id='word_1_224' title='bbox 231 2767 701 2840; x_wconf 79' lang='grc' dir='ltr'>πειθαρχοῦντας,</span> <span class='ocrx_word' id='word_1_225' title='bbox 727 2771 993 2837; x_wconf 75' lang='grc' dir='ltr'>ἐκφυγεῖν</span> <span class='ocrx_word' id='word_1_226' title='bbox 1021 2768 1091 2823; x_wconf 84' lang='grc' dir='ltr'><strong>δι’</strong></span> <span class='ocrx_word' id='word_1_227' title='bbox 1132 2770 1335 2836; x_wconf 80' lang='grc' dir='ltr'>αὐτῶν,</span> <span class='ocrx_word' id='word_1_228' title='bbox 1367 2770 1428 2824; x_wconf 84' lang='grc' dir='ltr'>οὐ</span> <span class='ocrx_word' id='word_1_229' title='bbox 1495 2770 1657 2841; x_wconf 87' lang='grc' dir='ltr'>μόνον</span> <span class='ocrx_word' id='word_1_230' title='bbox 1728 2770 1830 2842; x_wconf 85' lang='grc' dir='ltr'>τὴν</span> 
     </span>
    </p>
   </div>
   <div class='ocr_carea' id='block_1_31' title="bbox 231 2855 1833 2930">
    <p class='ocr_par' dir='ltr' id='par_1_31' title="bbox 231 2855 1833 2930">
     <span class='ocr_line' id='line_1_31' title="bbox 231 2855 1833 2930; baseline 0.002 -22"><span class='ocrx_word' id='word_1_231' title='bbox 231 2855 651 2929; x_wconf 73' lang='grc' dir='ltr'>προειρημένην</span> <span class='ocrx_word' id='word_1_232' title='bbox 733 2856 1016 2922; x_wconf 76' lang='grc' dir='ltr'>ἀσέϐειαν,</span> <span class='ocrx_word' id='word_1_233' title='bbox 1070 2855 1208 2911; x_wconf 88' lang='grc' dir='ltr'><strong>ἀλλά</strong></span> <span class='ocrx_word' id='word_1_234' title='bbox 1250 2859 1346 2912; x_wconf 76' lang='grc' dir='ltr'>καὶ</span> <span class='ocrx_word' id='word_1_235' title='bbox 1408 2859 1592 2912; x_wconf 84' lang='grc' dir='ltr'>πᾶσαν</span> <span class='ocrx_word' id='word_1_236' title='bbox 1665 2857 1833 2930; x_wconf 83' lang='grc' dir='ltr'>ἀλλην</span> 
     </span>
    </p>
   </div>
   <div class='ocr_carea' id='block_1_32' title="bbox 229 2947 1833 3022">
    <p class='ocr_par' dir='ltr' id='par_1_32' title="bbox 229 2947 1833 3022">
     <span class='ocr_line' id='line_1_32' title="bbox 229 2947 1833 3022; baseline 0.002 -20"><span class='ocrx_word' id='word_1_237' title='bbox 229 2948 540 3020; x_wconf 78' lang='grc' dir='ltr'>ἁμαρτίαν,</span> <span class='ocrx_word' id='word_1_238' title='bbox 570 2947 771 3018; x_wconf 81' lang='grc' dir='ltr'>πράξει</span> <span class='ocrx_word' id='word_1_239' title='bbox 794 2950 889 3004; x_wconf 77' lang='grc' dir='ltr'>καὶ</span> <span class='ocrx_word' id='word_1_240' title='bbox 931 2949 1076 3020; x_wconf 88' lang='grc' dir='ltr'>λόγῳ</span> <span class='ocrx_word' id='word_1_241' title='bbox 1097 2951 1195 3004; x_wconf 77' lang='grc' dir='ltr'>καὶ</span> <span class='ocrx_word' id='word_1_242' title='bbox 1252 2950 1465 3022; x_wconf 68' lang='grc' dir='ltr'>διανοίᾳ</span> <span class='ocrx_word' id='word_1_243' title='bbox 1499 2951 1833 3022; x_wconf 75' lang='grc' dir='ltr'>ἐνεργουμέ-</span> 
     </span>
    </p>
   </div>
   <div class='ocr_carea' id='block_1_33' title="bbox 233 3039 1830 3115">
    <p class='ocr_par' dir='ltr' id='par_1_33' title="bbox 233 3039 1830 3115">
     <span class='ocr_line' id='line_1_33' title="bbox 233 3039 1830 3115; baseline 0.001 -20"><span class='ocrx_word' id='word_1_244' title='bbox 233 3040 494 3109; x_wconf 75' lang='grc' dir='ltr'>νηνοῖνα</span> <span class='ocrx_word' id='word_1_245' title='bbox 524 3039 839 3113; x_wconf 85' lang='grc' dir='ltr'>εὐρεθῶμεν</span> <span class='ocrx_word' id='word_1_246' title='bbox 894 3041 1125 3096; x_wconf 75' lang='grc' dir='ltr'>ἐνώπιόν</span> <span class='ocrx_word' id='word_1_247' title='bbox 1181 3060 1274 3096; x_wconf 92' lang='grc' dir='ltr'><strong>σου</strong></span> <span class='ocrx_word' id='word_1_248' title='bbox 1340 3043 1830 3115; x_wconf 82' lang='grc' dir='ltr'>εὐαρεστήσαντες,</span> 
     </span>
    </p>
   </div>
   <div class='ocr_carea' id='block_1_34' title="bbox 1853 1813 1903 1874">
    <p class='ocr_par' dir='ltr' id='par_1_34' title="bbox 1853 1813 1903 1874">
     <span class='ocr_line' id='line_1_34' title="bbox 1853 1813 1903 1874; baseline 0 0"><span class='ocrx_word' id='word_1_249' title='bbox 1853 1813 1903 1874; x_wconf 85' lang='grc' dir='ltr'><strong>Β</strong></span> 
     </span>
    </p>
   </div>
   <div class='ocr_carea' id='block_1_35' title="bbox 1941 567 3571 639">
    <p class='ocr_par' dir='ltr' id='par_1_35' title="bbox 1941 567 3571 639">
     <span class='ocr_line' id='line_1_35' title="bbox 1941 567 3571 639; baseline 0 -18"><span class='ocrx_word' id='word_1_250' title='bbox 1941 578 2146 636; x_wconf 81' lang='lat' dir='ltr'><strong>autem,</strong></span> <span class='ocrx_word' id='word_1_251' title='bbox 2171 567 2421 632; x_wconf 86' lang='lat' dir='ltr'><strong>Domine,</strong></span> <span class='ocrx_word' id='word_1_252' title='bbox 2439 569 2608 624; x_wconf 82' lang='lat' dir='ltr'><strong>etiam</strong></span> <span class='ocrx_word' id='word_1_253' title='bbox 2636 567 2814 626; x_wconf 79' lang='lat' dir='ltr'><strong>adhuc</strong></span> <span class='ocrx_word' id='word_1_254' title='bbox 2839 569 3020 639; x_wconf 87' lang='lat' dir='ltr'><strong>parcis</strong></span> <span class='ocrx_word' id='word_1_255' title='bbox 3039 568 3218 633; x_wconf 82' lang='lat' dir='ltr'><strong>nobis,</strong></span> <span class='ocrx_word' id='word_1_256' title='bbox 3241 582 3304 622; x_wconf 86' lang='lat' dir='ltr'><strong>ac</strong></span> <span class='ocrx_word' id='word_1_257' title='bbox 3333 567 3519 637; x_wconf 83' lang='lat' dir='ltr'><strong>provi-</strong></span> <span class='ocrx_word' id='word_1_258' title='bbox 3568 586 3571 589; x_wconf 94' lang='grc'>·</span> 
     </span>
    </p>
   </div>
   <div class='ocr_carea' id='block_1_36' title="bbox 1941 657 3517 730">
    <p class='ocr_par' dir='ltr' id='par_1_36' title="bbox 1941 657 3517 730">
     <span class='ocr_line' id='line_1_36' title="bbox 1941 657 3517 730; baseline -0.003 -17"><span class='ocrx_word' id='word_1_259' title='bbox 1941 660 2056 723; x_wconf 86' lang='lat' dir='ltr'><strong>des.</strong></span> <span class='ocrx_word' id='word_1_260' title='bbox 2089 670 2251 730; x_wconf 88' lang='lat' dir='ltr'><strong>atque</strong></span> <span class='ocrx_word' id='word_1_261' title='bbox 2278 660 2548 730; x_wconf 78' lang='lat' dir='ltr'><strong>gubernas</strong></span> <span class='ocrx_word' id='word_1_262' title='bbox 2572 660 2625 714; x_wconf 90' lang='lat' dir='ltr'><strong>in</strong></span> <span class='ocrx_word' id='word_1_263' title='bbox 2658 659 3029 716; x_wconf 80' lang='lat' dir='ltr'><strong>misericordia</strong></span> <span class='ocrx_word' id='word_1_264' title='bbox 3062 669 3117 716; x_wconf 91' lang='lat' dir='ltr'><strong>et</strong></span> <span class='ocrx_word' id='word_1_265' title='bbox 3144 657 3517 714; x_wconf 82' lang='lat' dir='ltr'><strong>miserationi-</strong></span> 
     </span>
    </p>
   </div>
   <div class='ocr_carea' id='block_1_37' title="bbox 1937 748 3516 819">
    <p class='ocr_par' dir='ltr' id='par_1_37' title="bbox 1937 748 3516 819">
     <span class='ocr_line' id='line_1_37' title="bbox 1937 748 3516 819; baseline -0.002 -16"><span class='ocrx_word' id='word_1_266' title='bbox 1937 748 2039 804; x_wconf 88' lang='lat' dir='ltr'><strong>bus</strong></span> <span class='ocrx_word' id='word_1_267' title='bbox 2071 749 2234 805; x_wconf 85' lang='lat' dir='ltr'><strong>vitam</strong></span> <span class='ocrx_word' id='word_1_268' title='bbox 2272 760 2539 806; x_wconf 87' lang='lat' dir='ltr'><strong>nostram.</strong></span> <span class='ocrx_word' id='word_1_269' title='bbox 2571 748 2712 806; x_wconf 81' lang='lat' dir='ltr'><strong>Vere</strong></span> <span class='ocrx_word' id='word_1_270' title='bbox 2737 753 3037 807; x_wconf 88' lang='lat' dir='ltr'><strong>secundum</strong></span> <span class='ocrx_word' id='word_1_271' title='bbox 3087 749 3516 819; x_wconf 74' lang='lat' dir='ltr'><strong>magnitudinem</strong></span> 
     </span>
    </p>
   </div>
   <div class='ocr_carea' id='block_1_38' title="bbox 1936 837 3521 910">
    <p class='ocr_par' dir='ltr' id='par_1_38' title="bbox 1936 837 3521 910">
     <span class='ocr_line' id='line_1_38' title="bbox 1936 837 3521 910; baseline -0.001 -16"><span class='ocrx_word' id='word_1_272' title='bbox 1936 849 2106 907; x_wconf 85' lang='lat' dir='ltr'><strong>tuam,</strong></span> <span class='ocrx_word' id='word_1_273' title='bbox 2133 841 2507 910; x_wconf 67' lang='lat' dir='ltr'><strong>aequanimitas</strong></span> <span class='ocrx_word' id='word_1_274' title='bbox 2553 848 2669 897; x_wconf 84' lang='lat' dir='ltr'><strong>tua.</strong></span> <span class='ocrx_word' id='word_1_275' title='bbox 2720 839 2919 896; x_wconf 83' lang='lat' dir='ltr'><strong>Verum</strong></span> <span class='ocrx_word' id='word_1_276' title='bbox 2973 856 3062 897; x_wconf 90' lang='lat' dir='ltr'><strong>me</strong></span> <span class='ocrx_word' id='word_1_277' title='bbox 3096 848 3302 896; x_wconf 89' lang='lat' dir='ltr'><strong>terrent</strong></span> <span class='ocrx_word' id='word_1_278' title='bbox 3333 837 3521 893; x_wconf 81' lang='lat' dir='ltr'><strong>formi-</strong></span> 
     </span>
    </p>
   </div>
   <div class='ocr_carea' id='block_1_39' title="bbox 1936 932 3510 1006">
    <p class='ocr_par' dir='ltr' id='par_1_39' title="bbox 1936 932 3510 1006">
     <span class='ocr_line' id='line_1_39' title="bbox 1936 932 3510 1006; baseline -0.002 -17"><span class='ocrx_word' id='word_1_279' title='bbox 1936 932 2115 989; x_wconf 83' lang='lat' dir='ltr'><strong>danda</strong></span> <span class='ocrx_word' id='word_1_280' title='bbox 2150 949 2361 989; x_wconf 85' lang='lat' dir='ltr'><strong>necnon</strong></span> <span class='ocrx_word' id='word_1_281' title='bbox 2397 935 2744 1005; x_wconf 73' lang='lat' dir='ltr'><strong>integerrima</strong></span> <span class='ocrx_word' id='word_1_282' title='bbox 2773 935 2978 1006; x_wconf 88' lang='lat' dir='ltr'><strong>judicia</strong></span> <span class='ocrx_word' id='word_1_283' title='bbox 3013 944 3124 999; x_wconf 88' lang='lat' dir='ltr'><strong>tua,</strong></span> <span class='ocrx_word' id='word_1_284' title='bbox 3158 948 3190 989; x_wconf 89' lang='lat' dir='ltr'><strong>a</strong></span> <span class='ocrx_word' id='word_1_285' title='bbox 3215 932 3416 988; x_wconf 60' lang='lat' dir='ltr'><strong>saeculo</strong></span> <span class='ocrx_word' id='word_1_286' title='bbox 3454 932 3510 986; x_wconf 94' lang='lat' dir='ltr'><strong>in</strong></span> 
     </span>
    </p>
   </div>
   <div class='ocr_carea' id='block_1_40' title="bbox 1935 1020 3516 1095">
    <p class='ocr_par' dir='ltr' id='par_1_40' title="bbox 1935 1020 3516 1095">
     <span class='ocr_line' id='line_1_40' title="bbox 1935 1020 3516 1095; baseline -0.003 -16"><span class='ocrx_word' id='word_1_287' title='bbox 1935 1039 2028 1079; x_wconf 91' lang='lat' dir='ltr'><strong>eos</strong></span> <span class='ocrx_word' id='word_1_288' title='bbox 2062 1024 2209 1078; x_wconf 85' lang='lat' dir='ltr'><strong>illata</strong></span> <span class='ocrx_word' id='word_1_289' title='bbox 2236 1024 2329 1093; x_wconf 88' lang='lat' dir='ltr'><strong>qui</strong></span> <span class='ocrx_word' id='word_1_290' title='bbox 2366 1027 2569 1095; x_wconf 79' lang='lat' dir='ltr'><strong>absque</strong></span> <span class='ocrx_word' id='word_1_291' title='bbox 2612 1026 2954 1080; x_wconf 77' lang='lat' dir='ltr'><strong>correctione</strong></span> <span class='ocrx_word' id='word_1_292' title='bbox 2986 1025 3352 1094; x_wconf 88' lang='lat' dir='ltr'><strong>deliquerunt.</strong></span> <span class='ocrx_word' id='word_1_293' title='bbox 3400 1020 3516 1076; x_wconf 88' lang='lat' dir='ltr'><strong>Non</strong></span> 
     </span>
    </p>
   </div>
   <div class='ocr_carea' id='block_1_41' title="bbox 1933 1112 3518 1187">
    <p class='ocr_par' dir='ltr' id='par_1_41' title="bbox 1933 1112 3518 1187">
     <span class='ocr_line' id='line_1_41' title="bbox 1933 1112 3518 1187; baseline -0.001 -18"><span class='ocrx_word' id='word_1_294' title='bbox 1933 1114 2078 1169; x_wconf 89' lang='lat' dir='ltr'><strong>enim</strong></span> <span class='ocrx_word' id='word_1_295' title='bbox 2112 1116 2318 1185; x_wconf 88' lang='lat' dir='ltr'><strong>pateris</strong></span> <span class='ocrx_word' id='word_1_296' title='bbox 2349 1129 2492 1184; x_wconf 61' lang='lat' dir='ltr'><strong>saPpe</strong></span> <span class='ocrx_word' id='word_1_297' title='bbox 2522 1117 2818 1183; x_wconf 88' lang='lat' dir='ltr'><strong>contemni,</strong></span> <span class='ocrx_word' id='word_1_298' title='bbox 2845 1116 3093 1187; x_wconf 83' lang='lat' dir='ltr'><strong>quamvis</strong></span> <span class='ocrx_word' id='word_1_299' title='bbox 3119 1115 3407 1170; x_wconf 78' lang='lat' dir='ltr'><strong>admodum</strong></span> <span class='ocrx_word' id='word_1_300' title='bbox 3440 1112 3518 1168; x_wconf 85' lang='lat' dir='ltr'><strong>sis</strong></span> 
     </span>
    </p>
   </div>
   <div class='ocr_carea' id='block_1_42' title="bbox 1939 1194 3516 1278">
    <p class='ocr_par' dir='ltr' id='par_1_42' title="bbox 1939 1194 3516 1278">
     <span class='ocr_line' id='line_1_42' title="bbox 1939 1194 3516 1278; baseline -0.002 -16"><span class='ocrx_word' id='word_1_301' title='bbox 1939 1194 2202 1263; x_wconf 54' lang='lat' dir='ltr'><strong>cleme’ns.</strong></span> <span class='ocrx_word' id='word_1_302' title='bbox 2258 1204 2453 1263; x_wconf 84' lang='lat' dir='ltr'><strong>Terret</strong></span> <span class='ocrx_word' id='word_1_303' title='bbox 2500 1224 2587 1265; x_wconf 92' lang='lat' dir='ltr'><strong>me</strong></span> <span class='ocrx_word' id='word_1_304' title='bbox 2634 1209 2724 1278; x_wconf 86' lang='lat' dir='ltr'><strong>qui</strong></span> <span class='ocrx_word' id='word_1_305' title='bbox 2773 1208 3281 1264; x_wconf 84' lang='lat' dir='ltr'><strong>immisericorditer</strong></span> <span class='ocrx_word' id='word_1_306' title='bbox 3310 1205 3516 1260; x_wconf 81' lang='lat' dir='ltr'><strong>diluvio</strong></span> 
     </span>
    </p>
   </div>
   <div class='ocr_carea' id='block_1_43' title="bbox 1932 1296 3516 1370">
    <p class='ocr_par' dir='ltr' id='par_1_43' title="bbox 1932 1296 3516 1370">
     <span class='ocr_line' id='line_1_43' title="bbox 1932 1296 3516 1370; baseline -0.002 -16"><span class='ocrx_word' id='word_1_307' title='bbox 1932 1298 2183 1355; x_wconf 85' lang='lat' dir='ltr'><strong>obtectus</strong></span> <span class='ocrx_word' id='word_1_308' title='bbox 2213 1300 2317 1355; x_wconf 79' lang='lat' dir='ltr'><strong>fuit</strong></span> <span class='ocrx_word' id='word_1_309' title='bbox 2350 1300 2520 1356; x_wconf 80' lang='lat' dir='ltr'><strong>orbis.</strong></span> <span class='ocrx_word' id='word_1_310' title='bbox 2572 1300 2653 1357; x_wconf 80' lang='lat' dir='ltr'><strong>Me</strong></span> <span class='ocrx_word' id='word_1_311' title='bbox 2696 1300 2749 1355; x_wconf 92' lang='lat' dir='ltr'><strong>in</strong></span> <span class='ocrx_word' id='word_1_312' title='bbox 2781 1301 3029 1356; x_wconf 89' lang='lat' dir='ltr'><strong>timorem</strong></span> <span class='ocrx_word' id='word_1_313' title='bbox 3058 1299 3284 1370; x_wconf 73' lang='lat' dir='ltr'><strong>coniicit</strong></span> <span class='ocrx_word' id='word_1_314' title='bbox 3332 1296 3516 1369; x_wconf 83' lang='lat' dir='ltr'><strong>populi</strong></span> 
     </span>
    </p>
   </div>
   <div class='ocr_carea' id='block_1_44' title="bbox 1932 1390 3515 1463">
    <p class='ocr_par' dir='ltr' id='par_1_44' title="bbox 1932 1390 3515 1463">
     <span class='ocr_line' id='line_1_44' title="bbox 1932 1390 3515 1463; baseline -0.002 -17"><span class='ocrx_word' id='word_1_315' title='bbox 1932 1390 2291 1446; x_wconf 84' lang='lat' dir='ltr'><strong>Sodomorum</strong></span> <span class='ocrx_word' id='word_1_316' title='bbox 2322 1407 2444 1447; x_wconf 87' lang='lat' dir='ltr'><strong>cum</strong></span> <span class='ocrx_word' id='word_1_317' title='bbox 2496 1400 2643 1448; x_wconf 88' lang='lat' dir='ltr'><strong>terra</strong></span> <span class='ocrx_word' id='word_1_318' title='bbox 2686 1402 2741 1448; x_wconf 89' lang='lat' dir='ltr'><strong>et</strong></span> <span class='ocrx_word' id='word_1_319' title='bbox 2791 1407 2919 1449; x_wconf 89' lang='lat' dir='ltr'><strong>aere</strong></span> <span class='ocrx_word' id='word_1_320' title='bbox 2953 1391 3345 1463; x_wconf 76' lang='lat' dir='ltr'><strong>conﬂagratio;</strong></span> <span class='ocrx_word' id='word_1_321' title='bbox 3385 1391 3515 1446; x_wconf 87' lang='lat' dir='ltr'><strong>item</strong></span> 
     </span>
    </p>
   </div>
   <div class='ocr_carea' id='block_1_45' title="bbox 1930 1483 3519 1556">
    <p class='ocr_par' dir='ltr' id='par_1_45' title="bbox 1930 1483 3519 1556">
     <span class='ocr_line' id='line_1_45' title="bbox 1930 1483 3519 1556; baseline -0.002 -17"><span class='ocrx_word' id='word_1_322' title='bbox 1930 1483 2311 1556; x_wconf 63' lang='lat' dir='ltr'><strong>[Egyptiorum</strong></span> <span class='ocrx_word' id='word_1_323' title='bbox 2358 1485 2412 1541; x_wconf 87' lang='lat' dir='ltr'><strong>in</strong></span> <span class='ocrx_word' id='word_1_324' title='bbox 2461 1500 2609 1542; x_wconf 85' lang='lat' dir='ltr'><strong>mare</strong></span> <span class='ocrx_word' id='word_1_325' title='bbox 2656 1485 2905 1542; x_wconf 77' lang='lat' dir='ltr'><strong>Rubrum</strong></span> <span class='ocrx_word' id='word_1_326' title='bbox 2958 1485 3300 1551; x_wconf 82' lang='lat' dir='ltr'><strong>submersio;</strong></span> <span class='ocrx_word' id='word_1_327' title='bbox 3352 1492 3519 1553; x_wconf 78' lang='lat' dir='ltr'><strong>atque</strong></span> 
     </span>
    </p>
   </div>
   <div class='ocr_carea' id='block_1_46' title="bbox 1931 1574 3516 1648">
    <p class='ocr_par' dir='ltr' id='par_1_46' title="bbox 1931 1574 3516 1648">
     <span class='ocr_line' id='line_1_46' title="bbox 1931 1574 3516 1648; baseline -0.001 -18"><span class='ocrx_word' id='word_1_328' title='bbox 1931 1575 2112 1631; x_wconf 90' lang='lat' dir='ltr'><strong>dilecti</strong></span> <span class='ocrx_word' id='word_1_329' title='bbox 2161 1574 2385 1633; x_wconf 85' lang='lat' dir='ltr'><strong>lsraelis</strong></span> <span class='ocrx_word' id='word_1_330' title='bbox 2438 1585 2661 1647; x_wconf 86' lang='lat' dir='ltr'><strong>propter</strong></span> <span class='ocrx_word' id='word_1_331' title='bbox 2708 1577 3052 1648; x_wconf 81' lang='lat' dir='ltr'><strong>iniquitatem</strong></span> <span class='ocrx_word' id='word_1_332' title='bbox 3105 1577 3390 1633; x_wconf 83' lang='lat' dir='ltr'><strong>adversum</strong></span> <span class='ocrx_word' id='word_1_333' title='bbox 3440 1584 3516 1638; x_wconf 87' lang='lat' dir='ltr'><strong>te,</strong></span> 
     </span>
    </p>
   </div>
   <div class='ocr_carea' id='block_1_47' title="bbox 1932 1664 3519 1739">
    <p class='ocr_par' dir='ltr' id='par_1_47' title="bbox 1932 1664 3519 1739">
     <span class='ocr_line' id='line_1_47' title="bbox 1932 1664 3519 1739; baseline -0.001 -18"><span class='ocrx_word' id='word_1_334' title='bbox 1932 1668 2206 1723; x_wconf 81' lang='lat' dir='ltr'><strong>abdicatio</strong></span> <span class='ocrx_word' id='word_1_335' title='bbox 2234 1676 2290 1722; x_wconf 90' lang='lat' dir='ltr'><strong>et</strong></span> <span class='ocrx_word' id='word_1_336' title='bbox 2319 1668 2500 1723; x_wconf 85' lang='lat' dir='ltr'><strong>ruina.</strong></span> <span class='ocrx_word' id='word_1_337' title='bbox 2544 1668 2839 1739; x_wconf 84' lang='lat' dir='ltr'><strong>Propterea</strong></span> <span class='ocrx_word' id='word_1_338' title='bbox 2878 1669 3095 1739; x_wconf 87' lang='lat' dir='ltr'><strong>precari</strong></span> <span class='ocrx_word' id='word_1_339' title='bbox 3145 1672 3318 1723; x_wconf 81' lang='lat' dir='ltr'><strong>audeo</strong></span> <span class='ocrx_word' id='word_1_340' title='bbox 3349 1683 3367 1723; x_wconf 85' lang='lat'><strong>:</strong></span> <span class='ocrx_word' id='word_1_341' title='bbox 3410 1664 3519 1722; x_wconf 62' lang='lat' dir='ltr'><strong>Do.-</strong></span> 
     </span>
    </p>
   </div>
   <div class='ocr_carea' id='block_1_48' title="bbox 1932 1759 3515 1831">
    <p class='ocr_par' dir='ltr' id='par_1_48' title="bbox 1932 1759 3515 1831">
     <span class='ocr_line' id='line_1_48' title="bbox 1932 1759 3515 1831; baseline -0.001 -17"><span class='ocrx_word' id='word_1_342' title='bbox 1932 1760 2097 1827; x_wconf 89' lang='lat' dir='ltr'><strong>mine,</strong></span> <span class='ocrx_word' id='word_1_343' title='bbox 2120 1759 2318 1815; x_wconf 91' lang='lat' dir='ltr'><strong>inclina</strong></span> <span class='ocrx_word' id='word_1_344' title='bbox 2336 1776 2523 1815; x_wconf 85' lang='lat' dir='ltr'><strong>aurem</strong></span> <span class='ocrx_word' id='word_1_345' title='bbox 2550 1770 2696 1815; x_wconf 89' lang='lat' dir='ltr'><strong>tuam</strong></span> <span class='ocrx_word' id='word_1_346' title='bbox 2718 1770 2771 1816; x_wconf 93' lang='lat' dir='ltr'><strong>et</strong></span> <span class='ocrx_word' id='word_1_347' title='bbox 2794 1762 2955 1828; x_wconf 90' lang='lat' dir='ltr'><strong>audi;</strong></span> <span class='ocrx_word' id='word_1_348' title='bbox 2981 1761 3128 1831; x_wconf 86' lang='lat' dir='ltr'><strong>aperi</strong></span> <span class='ocrx_word' id='word_1_349' title='bbox 3155 1759 3342 1816; x_wconf 89' lang='lat' dir='ltr'><strong>oculos</strong></span> <span class='ocrx_word' id='word_1_350' title='bbox 3373 1768 3515 1823; x_wconf 77' lang='lat' dir='ltr'><strong>tuos,</strong></span> 
     </span>
    </p>
   </div>
   <div class='ocr_carea' id='block_1_49' title="bbox 1931 1848 3515 1920">
    <p class='ocr_par' dir='ltr' id='par_1_49' title="bbox 1931 1848 3515 1920">
     <span class='ocr_line' id='line_1_49' title="bbox 1931 1848 3515 1920; baseline -0.002 -16"><span class='ocrx_word' id='word_1_351' title='bbox 1931 1864 1995 1904; x_wconf 85' lang='lat' dir='ltr'><strong>ac</strong></span> <span class='ocrx_word' id='word_1_352' title='bbox 2027 1849 2237 1919; x_wconf 87' lang='lat' dir='ltr'><strong>respice</strong></span> <span class='ocrx_word' id='word_1_353' title='bbox 2270 1849 2506 1920; x_wconf 84' lang='lat' dir='ltr'><strong>propitio</strong></span> <span class='ocrx_word' id='word_1_354' title='bbox 2527 1850 2688 1905; x_wconf 86' lang='lat' dir='ltr'><strong>oculo</strong></span> <span class='ocrx_word' id='word_1_355' title='bbox 2725 1859 2817 1905; x_wconf 89' lang='lat' dir='ltr'><strong>tuo</strong></span> <span class='ocrx_word' id='word_1_356' title='bbox 2863 1864 3029 1917; x_wconf 81' lang='lat' dir='ltr'><strong>super</strong></span> <span class='ocrx_word' id='word_1_357' title='bbox 3059 1848 3317 1919; x_wconf 89' lang='lat' dir='ltr'><strong>populum</strong></span> <span class='ocrx_word' id='word_1_358' title='bbox 3359 1856 3515 1903; x_wconf 88' lang='lat' dir='ltr'><strong>tuum</strong></span> 
     </span>
    </p>
   </div>
   <div class='ocr_carea' id='block_1_50' title="bbox 1931 1938 3520 2011">
    <p class='ocr_par' dir='ltr' id='par_1_50' title="bbox 1931 1938 3520 2011">
     <span class='ocr_line' id='line_1_50' title="bbox 1931 1938 3520 2011; baseline -0.003 -14"><span class='ocrx_word' id='word_1_359' title='bbox 1931 1950 1987 1997; x_wconf 88' lang='lat' dir='ltr'><strong>et</strong></span> <span class='ocrx_word' id='word_1_360' title='bbox 2015 1941 2387 1997; x_wconf 68' lang='lat' dir='ltr'><strong>hmreditatem</strong></span> <span class='ocrx_word' id='word_1_361' title='bbox 2444 1952 2614 2008; x_wconf 88' lang='lat' dir='ltr'><strong>tuam,</strong></span> <span class='ocrx_word' id='word_1_362' title='bbox 2656 1955 2820 2011; x_wconf 85' lang='lat' dir='ltr'><strong>quam</strong></span> <span class='ocrx_word' id='word_1_363' title='bbox 2848 1939 3131 1994; x_wconf 85' lang='lat' dir='ltr'><strong>redemisti</strong></span> <span class='ocrx_word' id='word_1_364' title='bbox 3156 1938 3398 2010; x_wconf 90' lang='lat' dir='ltr'><strong>pretioso</strong></span> <span class='ocrx_word' id='word_1_365' title='bbox 3424 1947 3520 1992; x_wconf 90' lang='lat' dir='ltr'><strong>tuo</strong></span> 
     </span>
    </p>
   </div>
   <div class='ocr_carea' id='block_1_51' title="bbox 1930 2020 3516 2103">
    <p class='ocr_par' dir='ltr' id='par_1_51' title="bbox 1930 2020 3516 2103">
     <span class='ocr_line' id='line_1_51' title="bbox 1930 2020 3516 2103; baseline -0.006 -14"><span class='ocrx_word' id='word_1_366' title='bbox 1930 2034 2197 2103; x_wconf 74' lang='lat' dir='ltr'><strong>sanguine</strong></span> <span class='ocrx_word' id='word_1_367' title='bbox 2219 2049 2233 2086; x_wconf 90' lang='lat'><strong>:</strong></span> <span class='ocrx_word' id='word_1_368' title='bbox 2259 2032 2411 2087; x_wconf 85' lang='lat' dir='ltr'><strong>ﬂecte</strong></span> <span class='ocrx_word' id='word_1_369' title='bbox 2431 2032 2595 2087; x_wconf 87' lang='lat' dir='ltr'><strong>corda</strong></span> <span class='ocrx_word' id='word_1_370' title='bbox 2614 2020 3255 2099; x_wconf 83' lang='lat' dir='ltr'><strong>uostra;imperatorum,</strong></span> <span class='ocrx_word' id='word_1_371' title='bbox 3274 2028 3516 2096; x_wconf 81' lang='lat' dir='ltr'><strong>inquam,</strong></span> 
     </span>
    </p>
   </div>
   <div class='ocr_carea' id='block_1_52' title="bbox 1930 2121 3516 2193">
    <p class='ocr_par' dir='ltr' id='par_1_52' title="bbox 1930 2121 3516 2193">
     <span class='ocr_line' id='line_1_52' title="bbox 1930 2121 3516 2193; baseline -0.004 -14"><span class='ocrx_word' id='word_1_372' title='bbox 1930 2133 1986 2179; x_wconf 89' lang='lat' dir='ltr'><strong>et</strong></span> <span class='ocrx_word' id='word_1_373' title='bbox 2040 2122 2402 2193; x_wconf 79' lang='lat' dir='ltr'><strong>pontiﬁcum,</strong></span> <span class='ocrx_word' id='word_1_374' title='bbox 2462 2122 2766 2191; x_wconf 78' lang='lat' dir='ltr'><strong>regentium</strong></span> <span class='ocrx_word' id='word_1_375' title='bbox 2827 2121 3036 2192; x_wconf 89' lang='lat' dir='ltr'><strong>pariter</strong></span> <span class='ocrx_word' id='word_1_376' title='bbox 3092 2135 3159 2175; x_wconf 86' lang='lat' dir='ltr'><strong>ac</strong></span> <span class='ocrx_word' id='word_1_377' title='bbox 3217 2128 3516 2184; x_wconf 86' lang='lat' dir='ltr'><strong>rectorum,</strong></span> 
     </span>
    </p>
   </div>
   <div class='ocr_carea' id='block_1_53' title="bbox 1932 2210 3514 2286">
    <p class='ocr_par' dir='ltr' id='par_1_53' title="bbox 1932 2210 3514 2286">
     <span class='ocr_line' id='line_1_53' title="bbox 1932 2210 3514 2286; baseline -0.004 -14"><span class='ocrx_word' id='word_1_378' title='bbox 1932 2217 2322 2272; x_wconf 80' lang='lat' dir='ltr'><strong>monachorum</strong></span> <span class='ocrx_word' id='word_1_379' title='bbox 2350 2225 2406 2270; x_wconf 86' lang='lat' dir='ltr'><strong>et</strong></span> <span class='ocrx_word' id='word_1_380' title='bbox 2447 2213 2744 2286; x_wconf 86' lang='lat' dir='ltr'><strong>promiscui</strong></span> <span class='ocrx_word' id='word_1_381' title='bbox 2781 2213 3002 2284; x_wconf 91' lang='lat' dir='ltr'><strong>populi,</strong></span> <span class='ocrx_word' id='word_1_382' title='bbox 3032 2212 3087 2266; x_wconf 93' lang='lat' dir='ltr'><strong>in</strong></span> <span class='ocrx_word' id='word_1_383' title='bbox 3132 2210 3514 2267; x_wconf 83' lang='lat' dir='ltr'><strong>obedientiam</strong></span> 
     </span>
    </p>
   </div>
   <div class='ocr_carea' id='block_1_54' title="bbox 1932 2303 3519 2369">
    <p class='ocr_par' dir='ltr' id='par_1_54' title="bbox 1932 2303 3519 2369">
     <span class='ocr_line' id='line_1_54' title="bbox 1932 2303 3519 2369; baseline -0.007 -3"><span class='ocrx_word' id='word_1_384' title='bbox 1932 2310 2238 2367; x_wconf 85' lang='lat' dir='ltr'><strong>divinorum</strong></span> <span class='ocrx_word' id='word_1_385' title='bbox 2289 2308 2675 2363; x_wconf 80' lang='lat' dir='ltr'><strong>mandatorum</strong></span> <span class='ocrx_word' id='word_1_386' title='bbox 2737 2314 2992 2369; x_wconf 88' lang='lat' dir='ltr'><strong>tuorum;</strong></span> <span class='ocrx_word' id='word_1_387' title='bbox 3050 2318 3116 2358; x_wconf 87' lang='lat' dir='ltr'><strong>ac</strong></span> <span class='ocrx_word' id='word_1_388' title='bbox 3162 2303 3362 2357; x_wconf 90' lang='lat' dir='ltr'><strong>timore</strong></span> <span class='ocrx_word' id='word_1_389' title='bbox 3421 2309 3519 2355; x_wconf 90' lang='lat' dir='ltr'><strong>tuo</strong></span> 
     </span>
    </p>
   </div>
   <div class='ocr_carea' id='block_1_55' title="bbox 1933 2396 3522 2468">
    <p class='ocr_par' dir='ltr' id='par_1_55' title="bbox 1933 2396 3522 2468">
     <span class='ocr_line' id='line_1_55' title="bbox 1933 2396 3522 2468; baseline -0.007 -12"><span class='ocrx_word' id='word_1_390' title='bbox 1933 2401 2117 2456; x_wconf 87' lang='lat' dir='ltr'><strong>divino</strong></span> <span class='ocrx_word' id='word_1_391' title='bbox 2146 2399 2426 2468; x_wconf 77' lang='lat' dir='ltr'><strong>conligens</strong></span> <span class='ocrx_word' id='word_1_392' title='bbox 2457 2413 2652 2453; x_wconf 89' lang='lat' dir='ltr'><strong>carnes</strong></span> <span class='ocrx_word' id='word_1_393' title='bbox 2681 2407 2899 2453; x_wconf 87' lang='lat' dir='ltr'><strong>nostras</strong></span> <span class='ocrx_word' id='word_1_394' title='bbox 2927 2396 2971 2428; x_wconf 79' lang='lat'><strong>&quot;</strong></span> <span class='ocrx_word' id='word_1_395' title='bbox 3015 2410 3083 2451; x_wconf 92' lang='lat' dir='ltr'><strong>eo</strong></span> <span class='ocrx_word' id='word_1_396' title='bbox 3144 2408 3247 2449; x_wconf 84' lang='lat' dir='ltr'><strong>nos</strong></span> <span class='ocrx_word' id='word_1_397' title='bbox 3295 2407 3522 2447; x_wconf 79' lang='lat' dir='ltr'><strong>munere</strong></span> 
     </span>
    </p>
   </div>
   <div class='ocr_carea' id='block_1_56' title="bbox 1933 2483 3521 2564">
    <p class='ocr_par' dir='ltr' id='par_1_56' title="bbox 1933 2483 3521 2564">
     <span class='ocr_line' id='line_1_56' title="bbox 1933 2483 3521 2564; baseline -0.007 -17"><span class='ocrx_word' id='word_1_398' title='bbox 1933 2493 2202 2564; x_wconf 77' lang='lat' dir='ltr'><strong>dignare,</strong></span> <span class='ocrx_word' id='word_1_399' title='bbox 2245 2502 2308 2546; x_wconf 89' lang='grc' dir='ltr'><strong>ιιι</strong></span> <span class='ocrx_word' id='word_1_400' title='bbox 2363 2493 2656 2545; x_wconf 81' lang='lat' dir='ltr'><strong>timeamus</strong></span> <span class='ocrx_word' id='word_1_401' title='bbox 2695 2503 2759 2544; x_wconf 91' lang='lat' dir='ltr'><strong>ac</strong></span> <span class='ocrx_word' id='word_1_402' title='bbox 2811 2498 3111 2544; x_wconf 88' lang='lat' dir='ltr'><strong>tremamus</strong></span> <span class='ocrx_word' id='word_1_403' title='bbox 3173 2483 3521 2541; x_wconf 80' lang='lat' dir='ltr'><strong>formidabile</strong></span> 
     </span>
    </p>
   </div>
   <div class='ocr_carea' id='block_1_57' title="bbox 1932 2586 3517 2657">
    <p class='ocr_par' dir='ltr' id='par_1_57' title="bbox 1932 2586 3517 2657">
     <span class='ocr_line' id='line_1_57' title="bbox 1932 2586 3517 2657; baseline -0.003 -17"><span class='ocrx_word' id='word_1_404' title='bbox 1932 2591 2191 2657; x_wconf 90' lang='lat' dir='ltr'><strong>omnique</strong></span> <span class='ocrx_word' id='word_1_405' title='bbox 2225 2586 2579 2641; x_wconf 80' lang='lat' dir='ltr'><strong>veneratione</strong></span> <span class='ocrx_word' id='word_1_406' title='bbox 2613 2586 2835 2656; x_wconf 78' lang='lat' dir='ltr'><strong>dignum</strong></span> <span class='ocrx_word' id='word_1_407' title='bbox 2868 2599 3064 2638; x_wconf 88' lang='lat' dir='ltr'><strong>nomen</strong></span> <span class='ocrx_word' id='word_1_408' title='bbox 3094 2594 3269 2650; x_wconf 88' lang='lat' dir='ltr'><strong>tuum;</strong></span> <span class='ocrx_word' id='word_1_409' title='bbox 3302 2590 3361 2636; x_wconf 90' lang='lat' dir='ltr'><strong>ut</strong></span> <span class='ocrx_word' id='word_1_410' title='bbox 3400 2594 3517 2635; x_wconf 88' lang='lat' dir='ltr'><strong>non</strong></span> 
     </span>
    </p>
   </div>
   <div class='ocr_carea' id='block_1_58' title="bbox 1934 2673 3516 2750">
    <p class='ocr_par' dir='ltr' id='par_1_58' title="bbox 1934 2673 3516 2750">
     <span class='ocr_line' id='line_1_58' title="bbox 1934 2673 3516 2750; baseline -0.004 -18"><span class='ocrx_word' id='word_1_411' title='bbox 1934 2678 2270 2750; x_wconf 78' lang='lat' dir='ltr'><strong>negligamus</strong></span> <span class='ocrx_word' id='word_1_412' title='bbox 2320 2678 2491 2749; x_wconf 79' lang='lat' dir='ltr'><strong>legem</strong></span> <span class='ocrx_word' id='word_1_413' title='bbox 2537 2689 2723 2744; x_wconf 86' lang='lat' dir='ltr'><strong>tuam;</strong></span> <span class='ocrx_word' id='word_1_414' title='bbox 2771 2677 2866 2733; x_wconf 89' lang='lat' dir='ltr'><strong>sed</strong></span> <span class='ocrx_word' id='word_1_415' title='bbox 2916 2675 3122 2730; x_wconf 85' lang='lat' dir='ltr'><strong>sanctis</strong></span> <span class='ocrx_word' id='word_1_416' title='bbox 3157 2673 3428 2727; x_wconf 83' lang='lat' dir='ltr'><strong>mandatis</strong></span> <span class='ocrx_word' id='word_1_417' title='bbox 3456 2680 3516 2727; x_wconf 82' lang='lat' dir='ltr'><strong>et</strong></span> 
     </span>
    </p>
   </div>
   <div class='ocr_carea' id='block_1_59' title="bbox 1929 2771 3518 2851">
    <p class='ocr_par' dir='ltr' id='par_1_59' title="bbox 1929 2771 3518 2851">
     <span class='ocr_line' id='line_1_59' title="bbox 1929 2771 3518 2851; baseline -0.004 -18"><span class='ocrx_word' id='word_1_418' title='bbox 1929 2777 2417 2851; x_wconf 74' lang='lat' dir='ltr'><strong>iustiﬁcationibus</strong></span> <span class='ocrx_word' id='word_1_419' title='bbox 2444 2777 2553 2832; x_wconf 89' lang='lat' dir='ltr'><strong>tuis</strong></span> <span class='ocrx_word' id='word_1_420' title='bbox 2574 2780 3040 2845; x_wconf 88' lang='lat' dir='ltr'><strong>obtemperantes,</strong></span> <span class='ocrx_word' id='word_1_421' title='bbox 3074 2789 3171 2845; x_wconf 88' lang='lat' dir='ltr'><strong>per</strong></span> <span class='ocrx_word' id='word_1_422' title='bbox 3196 2789 3259 2828; x_wconf 84' lang='lat' dir='ltr'><strong>ea</strong></span> <span class='ocrx_word' id='word_1_423' title='bbox 3290 2771 3518 2842; x_wconf 76' lang='lat' dir='ltr'><strong>ell‘ugia-</strong></span> 
     </span>
    </p>
   </div>
   <div class='ocr_carea' id='block_1_60' title="bbox 1936 2865 3520 2939">
    <p class='ocr_par' dir='ltr' id='par_1_60' title="bbox 1936 2865 3520 2939">
     <span class='ocr_line' id='line_1_60' title="bbox 1936 2865 3520 2939; baseline -0.006 -12"><span class='ocrx_word' id='word_1_424' title='bbox 1936 2886 2059 2927; x_wconf 85' lang='lat' dir='ltr'><strong>mus</strong></span> <span class='ocrx_word' id='word_1_425' title='bbox 2089 2886 2195 2925; x_wconf 93' lang='lat' dir='ltr'><strong>non</strong></span> <span class='ocrx_word' id='word_1_426' title='bbox 2240 2871 2416 2925; x_wconf 91' lang='lat' dir='ltr'><strong>solum</strong></span> <span class='ocrx_word' id='word_1_427' title='bbox 2463 2870 2777 2939; x_wconf 66' lang='lat' dir='ltr'><strong>praedictam</strong></span> <span class='ocrx_word' id='word_1_428' title='bbox 2829 2869 3188 2937; x_wconf 85' lang='lat' dir='ltr'><strong>impietatem,</strong></span> <span class='ocrx_word' id='word_1_429' title='bbox 3227 2868 3322 2921; x_wconf 91' lang='lat' dir='ltr'><strong>sed</strong></span> <span class='ocrx_word' id='word_1_430' title='bbox 3350 2865 3520 2921; x_wconf 87' lang='lat' dir='ltr'><strong>etiam</strong></span> 
     </span>
    </p>
   </div>
   <div class='ocr_carea' id='block_1_61' title="bbox 1935 2957 3518 3032">
    <p class='ocr_par' dir='ltr' id='par_1_61' title="bbox 1935 2957 3518 3032">
     <span class='ocr_line' id='line_1_61' title="bbox 1935 2957 3518 3032; baseline -0.004 -13"><span class='ocrx_word' id='word_1_431' title='bbox 1935 2979 2099 3019; x_wconf 89' lang='lat' dir='ltr'><strong>omne</strong></span> <span class='ocrx_word' id='word_1_432' title='bbox 2125 2964 2271 3019; x_wconf 89' lang='lat' dir='ltr'><strong>aliud</strong></span> <span class='ocrx_word' id='word_1_433' title='bbox 2303 2975 2607 3031; x_wconf 83' lang='lat' dir='ltr'><strong>peccatum,</strong></span> <span class='ocrx_word' id='word_1_434' title='bbox 2644 2962 2791 3032; x_wconf 88' lang='lat' dir='ltr'><strong>quod</strong></span> <span class='ocrx_word' id='word_1_435' title='bbox 2822 2976 3009 3030; x_wconf 81' lang='lat' dir='ltr'><strong>Opere,</strong></span> <span class='ocrx_word' id='word_1_436' title='bbox 3040 2975 3317 3023; x_wconf 85' lang='lat' dir='ltr'><strong>sermone,</strong></span> <span class='ocrx_word' id='word_1_437' title='bbox 3353 2957 3518 3028; x_wconf 73' lang='lat' dir='ltr'><strong>cogi-</strong></span> 
     </span>
    </p>
   </div>
   <div class='ocr_carea' id='block_1_62' title="bbox 1935 3053 3521 3124">
    <p class='ocr_par' dir='ltr' id='par_1_62' title="bbox 1935 3053 3521 3124">
     <span class='ocr_line' id='line_1_62' title="bbox 1935 3053 3521 3124; baseline -0.008 -10"><span class='ocrx_word' id='word_1_438' title='bbox 1935 3058 2144 3114; x_wconf 83' lang='lat' dir='ltr'><strong>talione</strong></span> <span class='ocrx_word' id='word_1_439' title='bbox 2169 3058 2566 3123; x_wconf 88' lang='lat' dir='ltr'><strong>committitur;</strong></span> <span class='ocrx_word' id='word_1_440' title='bbox 2596 3071 2705 3124; x_wconf 85' lang='lat' dir='ltr'><strong>quo</strong></span> <span class='ocrx_word' id='word_1_441' title='bbox 2748 3053 3092 3110; x_wconf 87' lang='lat' dir='ltr'><strong>inveniamur</strong></span> <span class='ocrx_word' id='word_1_442' title='bbox 3118 3066 3303 3106; x_wconf 79' lang='lat' dir='ltr'><strong>coram</strong></span> <span class='ocrx_word' id='word_1_443' title='bbox 3338 3058 3391 3104; x_wconf 89' lang='lat' dir='ltr'><strong>te</strong></span> <span class='ocrx_word' id='word_1_444' title='bbox 3426 3063 3521 3102; x_wconf 91' lang='lat' dir='ltr'><strong>ac-</strong></span> 
     </span>
    </p>
   </div>
   <div class='ocr_carea' id='block_1_63' title="bbox 237 3132 1855 3230">
    <p class='ocr_par' dir='ltr' id='par_1_63' title="bbox 237 3132 1830 3207">
     <span class='ocr_line' id='line_1_63' title="bbox 237 3132 1830 3207; baseline 0.002 -20"><span class='ocrx_word' id='word_1_445' title='bbox 237 3132 345 3187; x_wconf 73' lang='grc' dir='ltr'>καὶ</span> <span class='ocrx_word' id='word_1_446' title='bbox 378 3134 452 3203; x_wconf 77' lang='grc' dir='ltr'>μὴ</span> <span class='ocrx_word' id='word_1_447' title='bbox 492 3134 898 3204; x_wconf 73' lang='grc' dir='ltr'>αἰσχυνόμενοι,</span> <span class='ocrx_word' id='word_1_448' title='bbox 930 3135 1060 3188; x_wconf 84' lang='grc' dir='ltr'>ὅταν</span> <span class='ocrx_word' id='word_1_449' title='bbox 1084 3135 1355 3199; x_wconf 87' lang='grc' dir='ltr'>ἀποδίδως</span> <span class='ocrx_word' id='word_1_450' title='bbox 1397 3136 1616 3207; x_wconf 78' lang='grc' dir='ltr'>ἑκάστῳ</span> <span class='ocrx_word' id='word_1_451' title='bbox 1685 3137 1830 3190; x_wconf 82' lang='grc' dir='ltr'><strong>κατά</strong></span> 
     </span>
    </p>
   </div>
   <div class='ocr_carea' id='block_1_64' title="bbox 1938 3132 3523 3230">
    <p class='ocr_par' dir='ltr' id='par_1_64' title="bbox 1938 3138 3523 3227">
     <span class='ocr_line' id='line_1_64' title="bbox 1938 3138 3523 3227; baseline -0.008 -23"><span class='ocrx_word' id='word_1_452' title='bbox 1938 3149 2100 3218; x_wconf 83' lang='lat' dir='ltr'><strong>cepti.</strong></span> <span class='ocrx_word' id='word_1_453' title='bbox 2149 3163 2248 3202; x_wconf 87' lang='lat' dir='ltr'><strong>nec</strong></span> <span class='ocrx_word' id='word_1_454' title='bbox 2298 3147 2503 3216; x_wconf 88' lang='lat' dir='ltr'><strong>pmlore</strong></span> <span class='ocrx_word' id='word_1_455' title='bbox 2551 3145 2765 3210; x_wconf 75' lang='lat' dir='ltr'><strong>suthtsi,</strong></span> <span class='ocrx_word' id='word_1_456' title='bbox 2800 3143 3020 3227; x_wconf 82' lang='lat' dir='ltr'><strong>quando</strong></span> <span class='ocrx_word' id='word_1_457' title='bbox 3080 3140 3273 3196; x_wconf 86' lang='lat' dir='ltr'><strong>reddes</strong></span> <span class='ocrx_word' id='word_1_458' title='bbox 3318 3138 3523 3209; x_wconf 87' lang='lat' dir='ltr'><strong>cuique</strong></span> 
     </span>
    </p>
   </div>
   <div class='ocr_carea' id='block_1_65' title="bbox 235 3224 1855 3307">
    <p class='ocr_par' dir='ltr' id='par_1_65' title="bbox 235 3224 1831 3300">
     <span class='ocr_line' id='line_1_65' title="bbox 235 3224 1831 3300; baseline 0.003 -21"><span class='ocrx_word' id='word_1_459' title='bbox 235 3226 314 3279; x_wconf 65' lang='grc' dir='ltr'>τὶ</span> <span class='ocrx_word' id='word_1_460' title='bbox 355 3226 491 3295; x_wconf 80' lang='grc' dir='ltr'>ἔργα</span> <span class='ocrx_word' id='word_1_461' title='bbox 522 3224 713 3280; x_wconf 80' lang='grc' dir='ltr'>αὐτοῦ.</span> <span class='ocrx_word' id='word_1_462' title='bbox 757 3228 851 3281; x_wconf 79' lang='grc' dir='ltr'><strong>Σοὶ</strong></span> <span class='ocrx_word' id='word_1_463' title='bbox 891 3228 1001 3299; x_wconf 86' lang='grc' dir='ltr'>γὰρ</span> <span class='ocrx_word' id='word_1_464' title='bbox 1031 3228 1233 3298; x_wconf 80' lang='grc' dir='ltr'>πρέπει</span> <span class='ocrx_word' id='word_1_465' title='bbox 1280 3232 1433 3283; x_wconf 83' lang='grc' dir='ltr'>πᾶσα</span> <span class='ocrx_word' id='word_1_466' title='bbox 1481 3230 1631 3296; x_wconf 77' lang='grc' dir='ltr'>δόξα,</span> <span class='ocrx_word' id='word_1_467' title='bbox 1695 3228 1831 3300; x_wconf 75' lang='grc' dir='ltr'>τιμὴ</span> 
     </span>
    </p>
   </div>
   <div class='ocr_carea' id='block_1_66' title="bbox 1938 3224 3516 3307">
    <p class='ocr_par' dir='ltr' id='par_1_66' title="bbox 1940 3224 3516 3307">
     <span class='ocr_line' id='line_1_66' title="bbox 1940 3224 3516 3307; baseline -0.007 -12"><span class='ocrx_word' id='word_1_468' title='bbox 1940 3240 2241 3295; x_wconf 84' lang='lat' dir='ltr'><strong>secundum</strong></span> <span class='ocrx_word' id='word_1_469' title='bbox 2270 3253 2433 3307; x_wconf 88' lang='lat' dir='ltr'><strong>opera</strong></span> <span class='ocrx_word' id='word_1_470' title='bbox 2463 3254 2583 3292; x_wconf 89' lang='lat' dir='ltr'><strong>sua.</strong></span> <span class='ocrx_word' id='word_1_471' title='bbox 2617 3236 2694 3290; x_wconf 89' lang='lat' dir='ltr'><strong>&#39;l‘e</strong></span> <span class='ocrx_word' id='word_1_472' title='bbox 2735 3236 2879 3290; x_wconf 87' lang='lat' dir='ltr'><strong>enim</strong></span> <span class='ocrx_word' id='word_1_473' title='bbox 2909 3224 3065 3290; x_wconf 86' lang='lat' dir='ltr'><strong>decet</strong></span> <span class='ocrx_word' id='word_1_474' title='bbox 3110 3231 3292 3288; x_wconf 88' lang='lat' dir='ltr'><strong>omnis</strong></span> <span class='ocrx_word' id='word_1_475' title='bbox 3320 3229 3516 3301; x_wconf 76' lang='lat' dir='ltr'><strong>gloria.</strong></span> 
     </span>
    </p>
   </div>
   <div class='ocr_carea' id='block_1_67' title="bbox 233 3318 1833 3401">
    <p class='ocr_par' dir='ltr' id='par_1_67' title="bbox 233 3318 1833 3401">
     <span class='ocr_line' id='line_1_67' title="bbox 233 3318 1833 3401; baseline 0.001 -28"><span class='ocrx_word' id='word_1_476' title='bbox 233 3318 342 3373; x_wconf 78' lang='grc' dir='ltr'>καὶ</span> <span class='ocrx_word' id='word_1_477' title='bbox 372 3319 766 3401; x_wconf 68' lang='grc' dir='ltr'>προσκύνησις,</span> <span class='ocrx_word' id='word_1_478' title='bbox 804 3321 902 3372; x_wconf 73' lang='grc' dir='ltr'><strong>σὺν</strong></span> <span class='ocrx_word' id='word_1_479' title='bbox 933 3320 1011 3399; x_wconf 83' lang='grc' dir='ltr'>τῷ</span> <span class='ocrx_word' id='word_1_480' title='bbox 1075 3322 1251 3393; x_wconf 80' lang='grc' dir='ltr'>Πατρὶ</span> <span class='ocrx_word' id='word_1_481' title='bbox 1310 3323 1406 3375; x_wconf 71' lang='grc' dir='ltr'>καὶ</span> <span class='ocrx_word' id='word_1_482' title='bbox 1455 3322 1533 3392; x_wconf 84' lang='grc' dir='ltr'>τῷ</span> <span class='ocrx_word' id='word_1_483' title='bbox 1577 3323 1833 3394; x_wconf 81' lang='grc' dir='ltr'>παναγίῳ</span> 
     </span>
    </p>
   </div>
   <div class='ocr_carea' id='block_1_68' title="bbox 234 3413 1824 3484">
    <p class='ocr_par' dir='ltr' id='par_1_68' title="bbox 234 3413 1824 3484">
     <span class='ocr_line' id='line_1_68' title="bbox 234 3413 1824 3484; baseline 0.002 -16"><span class='ocrx_word' id='word_1_484' title='bbox 234 3413 546 3484; x_wconf 84' lang='grc' dir='ltr'>Πνεύματι,</span> <span class='ocrx_word' id='word_1_485' title='bbox 580 3414 698 3478; x_wconf 85' lang='grc' dir='ltr'>νῦν,</span> <span class='ocrx_word' id='word_1_486' title='bbox 738 3418 834 3471; x_wconf 73' lang='grc' dir='ltr'>καὶ</span> <span class='ocrx_word' id='word_1_487' title='bbox 884 3418 996 3484; x_wconf 79' lang='grc' dir='ltr'>ἀεὶ,</span> <span class='ocrx_word' id='word_1_488' title='bbox 1040 3417 1135 3470; x_wconf 71' lang='grc' dir='ltr'>καὶ</span> <span class='ocrx_word' id='word_1_489' title='bbox 1171 3418 1252 3481; x_wconf 82' lang='grc' dir='ltr'><strong>είς</strong></span> <span class='ocrx_word' id='word_1_490' title='bbox 1291 3418 1418 3481; x_wconf 71' lang='grc' dir='ltr'>τοὺς</span> <span class='ocrx_word' id='word_1_491' title='bbox 1471 3418 1676 3482; x_wconf 79' lang='grc' dir='ltr'>αἰῶνας</span> <span class='ocrx_word' id='word_1_492' title='bbox 1712 3417 1824 3472; x_wconf 78' lang='grc' dir='ltr'><strong>τῶν</strong></span> 
     </span>
    </p>
   </div>
   <div class='ocr_carea' id='block_1_69' title="bbox 234 3505 717 3578">
    <p class='ocr_par' dir='ltr' id='par_1_69' title="bbox 234 3505 717 3578">
     <span class='ocr_line' id='line_1_69' title="bbox 234 3505 717 3578; baseline 0.004 -18"><span class='ocrx_word' id='word_1_493' title='bbox 234 3505 482 3561; x_wconf 75' lang='grc' dir='ltr'>αἰώνων.</span> <span class='ocrx_word' id='word_1_494' title='bbox 519 3508 717 3578; x_wconf 78' lang='grc' dir='ltr'>Ἀμήν.</span> 
     </span>
    </p>
   </div>
   <div class='ocr_carea' id='block_1_70' title="bbox 317 3598 1434 3668">
    <p class='ocr_par' dir='ltr' id='par_1_70' title="bbox 317 3598 1434 3668">
     <span class='ocr_line' id='line_1_70' title="bbox 317 3598 1434 3668; baseline 0 -11"><span class='ocrx_word' id='word_1_495' title='bbox 317 3599 366 3633; x_wconf 84' lang='grc'><strong>⁸⁸</strong></span> <span class='ocrx_word' id='word_1_496' title='bbox 395 3598 501 3657; x_wconf 80' lang='lat' dir='ltr'><strong>lsa.</strong></span> <span class='ocrx_word' id='word_1_497' title='bbox 528 3615 643 3664; x_wconf 72' lang='lat' dir='ltr'><strong>nt,</strong></span> <span class='ocrx_word' id='word_1_498' title='bbox 672 3600 728 3657; x_wconf 74' lang='lat'><strong>2.</strong></span> <span class='ocrx_word' id='word_1_499' title='bbox 804 3601 849 3632; x_wconf 82' lang='lat'><strong>&quot;&#39;</strong></span> <span class='ocrx_word' id='word_1_500' title='bbox 883 3601 1036 3656; x_wconf 85' lang='lat' dir='ltr'><strong>Psai.</strong></span> <span class='ocrx_word' id='word_1_501' title='bbox 1078 3617 1275 3668; x_wconf 69' lang='lat' dir='ltr'><strong>cum,</strong></span> <span class='ocrx_word' id='word_1_502' title='bbox 1310 3602 1434 3657; x_wconf 65' lang='grc'><strong>120.</strong></span> 
     </span>
    </p>
   </div>
   <div class='ocr_carea' id='block_1_71' title="bbox 304 3761 495 3779">
    <p class='ocr_par' dir='ltr' id='par_1_71' title="bbox 304 3761 495 3779">
     <span class='ocr_line' id='line_1_71' title="bbox 304 3761 495 3779; baseline 0 -1"><span class='ocrx_word' id='word_1_503' title='bbox 304 3761 495 3779; x_wconf 49' lang='grc' dir='ltr'><strong>ε--ι--ρ</strong></span> 
     </span>
    </p>
   </div>
   <div class='ocr_carea' id='block_1_72' title="bbox 1942 3325 3522 3393">
    <p class='ocr_par' dir='ltr' id='par_1_72' title="bbox 1942 3325 3522 3393">
     <span class='ocr_line' id='line_1_72' title="bbox 1942 3325 3522 3393; baseline -0.005 -8"><span class='ocrx_word' id='word_1_504' title='bbox 1942 3331 2116 3385; x_wconf 86' lang='lat' dir='ltr'><strong>honor</strong></span> <span class='ocrx_word' id='word_1_505' title='bbox 2152 3340 2208 3383; x_wconf 76' lang='lat' dir='ltr'><strong>et</strong></span> <span class='ocrx_word' id='word_1_506' title='bbox 2240 3330 2512 3393; x_wconf 81' lang='lat' dir='ltr'><strong>adoratio.</strong></span> <span class='ocrx_word' id='word_1_507' title='bbox 2557 3344 2680 3383; x_wconf 87' lang='lat' dir='ltr'><strong>cum</strong></span> <span class='ocrx_word' id='word_1_508' title='bbox 2722 3329 2886 3383; x_wconf 82' lang='lat' dir='ltr'><strong>Patre</strong></span> <span class='ocrx_word' id='word_1_509' title='bbox 2930 3325 3392 3393; x_wconf 87' lang='lat' dir='ltr'><strong>sanctissimoqne</strong></span> <span class='ocrx_word' id='word_1_510' title='bbox 3426 3332 3522 3378; x_wconf 92' lang='lat' dir='ltr'><strong>tuo</strong></span> 
     </span>
    </p>
   </div>
   <div class='ocr_carea' id='block_1_73' title="bbox 1942 3417 3522 3489">
    <p class='ocr_par' dir='ltr' id='par_1_73' title="bbox 1942 3417 3522 3489">
     <span class='ocr_line' id='line_1_73' title="bbox 1942 3417 3522 3489; baseline -0.003 -15"><span class='ocrx_word' id='word_1_511' title='bbox 1942 3420 2171 3489; x_wconf 78' lang='lat' dir='ltr'><strong>Spiritu,</strong></span> <span class='ocrx_word' id='word_1_512' title='bbox 2204 3436 2348 3476; x_wconf 88' lang='lat' dir='ltr'><strong>nunc</strong></span> <span class='ocrx_word' id='word_1_513' title='bbox 2391 3429 2448 3474; x_wconf 83' lang='lat' dir='ltr'><strong>et</strong></span> <span class='ocrx_word' id='word_1_514' title='bbox 2495 3435 2716 3488; x_wconf 83' lang='lat' dir='ltr'><strong>semper</strong></span> <span class='ocrx_word' id='word_1_515' title='bbox 2759 3430 2815 3472; x_wconf 86' lang='lat' dir='ltr'><strong>et</strong></span> <span class='ocrx_word' id='word_1_516' title='bbox 2850 3420 2902 3472; x_wconf 89' lang='lat' dir='ltr'><strong>in</strong></span> <span class='ocrx_word' id='word_1_517' title='bbox 2932 3418 3131 3473; x_wconf 73' lang='lat' dir='ltr'><strong>smcula</strong></span> <span class='ocrx_word' id='word_1_518' title='bbox 3176 3417 3522 3471; x_wconf 75' lang='lat' dir='ltr'><strong>szeculorutn.</strong></span> 
     </span>
    </p>
   </div>
   <div class='ocr_carea' id='block_1_74' title="bbox 1938 3512 2131 3566">
    <p class='ocr_par' dir='ltr' id='par_1_74' title="bbox 1938 3512 2131 3566">
     <span class='ocr_line' id='line_1_74' title="bbox 1938 3512 2131 3566; baseline 0.01 -2"><span class='ocrx_word' id='word_1_519' title='bbox 1938 3512 2131 3566; x_wconf 82' lang='lat' dir='ltr'><strong>Amen.</strong></span> 
     </span>
    </p>
   </div>
   <div class='ocr_carea' id='block_1_75' title="bbox 1382 3758 3519 3824">
    <p class='ocr_par' dir='ltr' id='par_1_75' title="bbox 1382 3758 3519 3824">
     <span class='ocr_line' id='line_1_75' title="bbox 1382 3771 2457 3781; baseline 0 -2"><span class='ocrx_word' id='word_1_520' title='bbox 1382 3771 2457 3781; x_wconf 67' lang='lat'><strong>.._________.._.__.__.__..</strong></span> 
     </span>
     <span class='ocr_line' id='line_1_76' title="bbox 1382 3758 3519 3824; baseline 0 -1"><span class='ocrx_word' id='word_1_521' title='bbox 1382 3758 3519 3824; x_wconf 31' lang='lat' dir='ltr'>ﬂ</span> 
     </span>
    </p>
   </div>
   <div class='ocr_carea' id='block_1_76' title="bbox 248 3766 1999 3826">
    <p class='ocr_par' dir='ltr' id='par_1_76' title="bbox 248 3766 1999 3826">
     <span class='ocr_line' id='line_1_77' title="bbox 248 3766 1999 3826; baseline 0 -2"><span class='ocrx_word' id='word_1_522' title='bbox 248 3766 1999 3826; x_wconf 37' lang='grc' dir='ltr'>ψ</span> <span class='ocrx_word' id='word_1_523' title='bbox 1382 3774 1999 3810; x_wconf 64' lang='grc' dir='ltr'><strong>τ-ι--Ξ</strong></span> 
     </span>
    </p>
   </div>
   <div class='ocr_carea' id='block_1_77' title="bbox 1521 3934 2258 3983">
    <p class='ocr_par' dir='ltr' id='par_1_77' title="bbox 1521 3934 2258 3983">
     <span class='ocr_line' id='line_1_78' title="bbox 1521 3934 2258 3983; baseline -0.001 -3"><span class='ocrx_word' id='word_1_524' title='bbox 1521 3934 1694 3981; x_wconf 72' lang='lat' dir='ltr'><strong>ANNO</strong></span> <span class='ocrx_word' id='word_1_525' title='bbox 1725 3936 1950 3983; x_wconf 80' lang='lat' dir='ltr'><strong>DOMINI</strong></span> <span class='ocrx_word' id='word_1_526' title='bbox 1982 3936 2258 3983; x_wconf 77' lang='lat' dir='ltr'><strong>MCXLHI.</strong></span> 
     </span>
    </p>
   </div>
   <div class='ocr_carea' id='block_1_78' title="bbox 748 4052 1782 4376">
    <p class='ocr_par' dir='ltr' id='par_1_78' title="bbox 748 4052 1782 4376">
     <span class='ocr_line' id='line_1_79' title="bbox 748 4052 1782 4376; baseline -0.002 -92"><span class='ocrx_word' id='word_1_527' title='bbox 748 4052 753 4056; x_wconf 47' lang='lat'><strong>‘</strong></span> <span class='ocrx_word' id='word_1_528' title='bbox 871 4097 1782 4376; x_wconf 84' lang='lat' dir='ltr'><strong>JOANNIS</strong></span> 
     </span>
    </p>
   </div>
   <div class='ocr_carea' id='block_1_79' title="bbox 1931 4104 2908 4287">
    <p class='ocr_par' dir='ltr' id='par_1_79' title="bbox 1931 4104 2908 4287">
     <span class='ocr_line' id='line_1_80' title="bbox 1931 4104 2908 4287; baseline -0.004 0"><span class='ocrx_word' id='word_1_529' title='bbox 1931 4104 2908 4287; x_wconf 87' lang='lat' dir='ltr'><strong>COMNENI</strong></span> 
     </span>
    </p>
   </div>
   <div class='ocr_carea' id='block_1_80' title="bbox 1619 4384 2170 4449">
    <p class='ocr_par' dir='ltr' id='par_1_80' title="bbox 1619 4384 2170 4449">
     <span class='ocr_line' id='line_1_81' title="bbox 1619 4384 2170 4449; baseline 0.009 -5"><span class='ocrx_word' id='word_1_530' title='bbox 1619 4384 2170 4449; x_wconf 76' lang='lat' dir='ltr'><strong>IMPERATORIS</strong></span> 
     </span>
    </p>
   </div>
   <div class='ocr_carea' id='block_1_81' title="bbox 700 4524 3073 4743">
    <p class='ocr_par' dir='ltr' id='par_1_81' title="bbox 700 4524 3073 4743">
     <span class='ocr_line' id='line_1_82' title="bbox 700 4524 3073 4743; baseline 0.003 -89"><span class='ocrx_word' id='word_1_531' title='bbox 700 4524 1492 4658; x_wconf 70' lang='lat' dir='ltr'><strong>NOVELLIE</strong></span> <span class='ocrx_word' id='word_1_532' title='bbox 1640 4531 3073 4743; x_wconf 47' lang='lat' dir='ltr'><strong>COFSTITUTIONES.</strong></span> 
     </span>
    </p>
   </div>
   <div class='ocr_carea' id='block_1_82' title="bbox 1112 4918 2677 4989">
    <p class='ocr_par' dir='ltr' id='par_1_82' title="bbox 1112 4918 2677 4989">
     <span class='ocr_line' id='line_1_83' title="bbox 1112 4918 2677 4989; baseline 0.004 -22"><span class='ocrx_word' id='word_1_533' title='bbox 1112 4927 1224 4967; x_wconf 78' lang='lat' dir='ltr'><strong>IIP.</strong></span> <span class='ocrx_word' id='word_1_534' title='bbox 1258 4927 1475 4969; x_wconf 70' lang='lat' dir='ltr'><strong>JOANNIS</strong></span> <span class='ocrx_word' id='word_1_535' title='bbox 1514 4930 1744 4972; x_wconf 66' lang='lat' dir='ltr'><strong>cannam</strong></span> <span class='ocrx_word' id='word_1_536' title='bbox 1783 4934 1959 4974; x_wconf 62' lang='lat' dir='ltr'><strong>suum</strong></span> <span class='ocrx_word' id='word_1_537' title='bbox 1993 4933 2162 4973; x_wconf 67' lang='grc' dir='ltr'>ιιυιιλ</span> <span class='ocrx_word' id='word_1_538' title='bbox 2203 4931 2307 4971; x_wconf 70' lang='lat' dir='ltr'><strong>vtio</strong></span> <span class='ocrx_word' id='word_1_539' title='bbox 2334 4932 2569 4973; x_wconf 72' lang='lat' dir='ltr'><strong>verteris</strong></span> <span class='ocrx_word' id='word_1_540' title='bbox 2596 4918 2677 4989; x_wconf 88' lang='grc'><strong>(1)</strong></span> 
     </span>
    </p>
   </div>
   <div class='ocr_carea' id='block_1_83' title="bbox 230 5027 1855 5177">
    <p class='ocr_par' dir='ltr' id='par_1_83' title="bbox 230 5030 1855 5159">
     <span class='ocr_line' id='line_1_84' title="bbox 230 5030 1854 5158; baseline 0.001 -72"><span class='ocrx_word' id='word_1_541' title='bbox 230 5030 475 5107; x_wconf 74' lang='lat' dir='ltr'><strong>(Venio</strong></span> <span class='ocrx_word' id='word_1_542' title='bbox 507 5030 699 5090; x_wconf 81' lang='lat' dir='ltr'><strong>Latina</strong></span> <span class='ocrx_word' id='word_1_543' title='bbox 728 5032 888 5104; x_wconf 74' lang='lat' dir='ltr'><strong>huius</strong></span> <span class='ocrx_word' id='word_1_544' title='bbox 926 5030 1251 5102; x_wconf 77' lang='lat' dir='ltr'><strong>chrysobulli</strong></span> <span class='ocrx_word' id='word_1_545' title='bbox 1295 5032 1487 5102; x_wconf 75' lang='lat' dir='ltr'><strong>legitur</strong></span> <span class='ocrx_word' id='word_1_546' title='bbox 1513 5034 1714 5088; x_wconf 80' lang='lat' dir='ltr'><strong>inserta</strong></span> <span class='ocrx_word' id='word_1_547' title='bbox 1731 5035 1854 5158; x_wconf 69' lang='lat' dir='ltr'><strong>dimi</strong></span> 
     </span>
     <span class='ocr_line' id='line_1_85' title="bbox 1695 5122 1855 5159; baseline 0.006 -1"><span class='ocrx_word' id='word_1_548' title='bbox 1695 5122 1729 5158; x_wconf 84' lang='grc' dir='ltr'><strong>α</strong></span> <span class='ocrx_word' id='word_1_549' title='bbox 1798 5122 1855 5159; x_wconf 69' lang='lat' dir='ltr'><strong>ar</strong></span> 
     </span>
    </p>
   </div>
   <div class='ocr_carea' id='block_1_84' title="bbox 1938 5027 3534 5177">
    <p class='ocr_par' dir='ltr' id='par_1_84' title="bbox 1938 5027 3534 5177">
     <span class='ocr_line' id='line_1_86' title="bbox 1938 5027 3534 5177; baseline -0.003 -87"><span class='ocrx_word' id='word_1_550' title='bbox 1938 5052 2135 5177; x_wconf 46' lang='lat' dir='ltr'><strong>large?!</strong></span> <span class='ocrx_word' id='word_1_551' title='bbox 2169 5033 2436 5093; x_wconf 76' lang='lat' dir='ltr'><strong>Manuelis</strong></span> <span class='ocrx_word' id='word_1_552' title='bbox 2476 5035 2730 5092; x_wconf 84' lang='lat' dir='ltr'><strong>Conmeni</strong></span> <span class='ocrx_word' id='word_1_553' title='bbox 2762 5051 2859 5106; x_wconf 88' lang='lat' dir='ltr'><strong>pro</strong></span> <span class='ocrx_word' id='word_1_554' title='bbox 2910 5033 3096 5089; x_wconf 79' lang='lat' dir='ltr'><strong>iisdem</strong></span> <span class='ocrx_word' id='word_1_555' title='bbox 3137 5029 3367 5087; x_wconf 78' lang='lat' dir='ltr'><strong>Venetis.</strong></span> <span class='ocrx_word' id='word_1_556' title='bbox 3404 5027 3534 5085; x_wconf 72' lang='lat' dir='ltr'><strong>Vide</strong></span> 
     </span>
    </p>
   </div>
   <div class='ocr_carea' id='block_1_85' title="bbox 1695 5122 2079 5163">
    <p class='ocr_par' dir='ltr' id='par_1_85' title="bbox 1695 5122 2079 5163">
     <span class='ocr_line' id='line_1_87' title="bbox 1695 5122 2079 5163; baseline 0.016 -6"><span class='ocrx_word' id='word_1_557' title='bbox 1695 5122 1764 5158; x_wconf 85' lang='lat' dir='ltr'><strong>aa</strong></span> <span class='ocrx_word' id='word_1_558' title='bbox 1798 5122 1891 5161; x_wconf 84' lang='lat' dir='ltr'><strong>an.</strong></span> <span class='ocrx_word' id='word_1_559' title='bbox 1921 5122 1945 5161; x_wconf 87' lang='lat' dir='ltr'><strong>‘I</strong></span> <span class='ocrx_word' id='word_1_560' title='bbox 1960 5122 2079 5163; x_wconf 71' lang='grc' dir='ltr'><strong>μδ.</strong></span> 
     </span>
    </p>
   </div>
   <div class='ocr_carea' id='block_1_86' title="bbox 998 5189 1054 5246">
    <p class='ocr_par' dir='ltr' id='par_1_86' title="bbox 998 5189 1054 5246">
     <span class='ocr_line' id='line_1_88' title="bbox 998 5189 1054 5246; baseline 0 0"><span class='ocrx_word' id='word_1_561' title='bbox 998 5189 1054 5246; x_wconf 89' lang='lat' dir='ltr'><strong>B&#39;</strong></span> 
     </span>
    </p>
   </div>
   <div class='ocr_carea' id='block_1_87' title="bbox 250 5282 1855 5358">
    <p class='ocr_par' dir='ltr' id='par_1_87' title="bbox 250 5283 1832 5358">
     <span class='ocr_line' id='line_1_89' title="bbox 250 5283 1832 5358; baseline -0.001 -16"><span class='ocrx_word' id='word_1_562' title='bbox 250 5284 561 5358; x_wconf 53' lang='grc' dir='ltr'>Ἰωάννου</span> <span class='ocrx_word' id='word_1_563' title='bbox 585 5284 694 5340; x_wconf 71' lang='grc' dir='ltr'>τοῦ</span> <span class='ocrx_word' id='word_1_564' title='bbox 720 5283 1038 5358; x_wconf 71' lang='grc' dir='ltr'>κομνηνοῦ</span> <span class='ocrx_word' id='word_1_565' title='bbox 1069 5283 1147 5355; x_wconf 77' lang='lat'><strong>(‘2)</strong></span> <span class='ocrx_word' id='word_1_566' title='bbox 1180 5284 1683 5358; x_wconf 58' lang='lat' dir='ltr'><strong>IMddovJJor,</strong></span> <span class='ocrx_word' id='word_1_567' title='bbox 1741 5286 1832 5340; x_wconf 84' lang='grc' dir='ltr'>δι-</span> 
     </span>
    </p>
   </div>
   <div class='ocr_carea' id='block_1_88' title="bbox 1938 5282 3529 5358">
    <p class='ocr_par' dir='ltr' id='par_1_88' title="bbox 1942 5282 3529 5358">
     <span class='ocr_line' id='line_1_90' title="bbox 1942 5282 3529 5358; baseline -0.005 -14"><span class='ocrx_word' id='word_1_568' title='bbox 1942 5288 2173 5345; x_wconf 72' lang='lat' dir='ltr'><strong>Joamzis</strong></span> <span class='ocrx_word' id='word_1_569' title='bbox 2213 5291 2467 5347; x_wconf 81' lang='lat' dir='ltr'><strong>Comneni</strong></span> <span class='ocrx_word' id='word_1_570' title='bbox 2497 5305 2658 5343; x_wconf 82' lang='lat' dir='ltr'><strong>aurea</strong></span> <span class='ocrx_word' id='word_1_571' title='bbox 2703 5289 2872 5354; x_wconf 76' lang='lat' dir='ltr'><strong>bulla,</strong></span> <span class='ocrx_word' id='word_1_572' title='bbox 2899 5305 3017 5358; x_wconf 67' lang='lat' dir='ltr'><strong>qua:</strong></span> <span class='ocrx_word' id='word_1_573' title='bbox 3046 5288 3260 5347; x_wconf 70' lang='lat' dir='ltr'><strong>sternit.</strong></span> <span class='ocrx_word' id='word_1_574' title='bbox 3308 5302 3370 5341; x_wconf 82' lang='lat' dir='ltr'><strong>ne</strong></span> <span class='ocrx_word' id='word_1_575' title='bbox 3401 5282 3529 5354; x_wconf 82' lang='lat' dir='ltr'><strong>quid</strong></span> 
     </span>
    </p>
   </div>
   <div class='ocr_carea' id='block_1_89' title="bbox 322 5354 1835 5427">
    <p class='ocr_par' dir='ltr' id='par_1_89' title="bbox 322 5354 1835 5427">
     <span class='ocr_line' id='line_1_91' title="bbox 322 5354 1835 5427; baseline 0.001 -19"><span class='ocrx_word' id='word_1_576' title='bbox 322 5354 874 5425; x_wconf 67' lang='grc' dir='ltr'>οριζόμενονμηδέιο</span> <span class='ocrx_word' id='word_1_577' title='bbox 899 5372 956 5408; x_wconf 81' lang='grc' dir='ltr'><strong>τι</strong></span> <span class='ocrx_word' id='word_1_578' title='bbox 970 5354 1367 5427; x_wconf 26' lang='grc' dir='ltr'>ἀπαιτεῑνλτὸιτ</span> <span class='ocrx_word' id='word_1_579' title='bbox 1389 5356 1696 5427; x_wconf 77' lang='grc' dir='ltr'>πράκτορα</span> <span class='ocrx_word' id='word_1_580' title='bbox 1715 5357 1835 5412; x_wconf 80' lang='grc' dir='ltr'>ἀπὸ</span> 
     </span>
    </p>
   </div>
   <div class='ocr_carea' id='block_1_90' title="bbox 324 5424 1839 5495">
    <p class='ocr_par' dir='ltr' id='par_1_90' title="bbox 324 5424 1839 5495">
     <span class='ocr_line' id='line_1_92' title="bbox 324 5424 1839 5495; baseline 0.002 -15"><span class='ocrx_word' id='word_1_581' title='bbox 324 5424 689 5495; x_wconf 56' lang='grc' dir='ltr'>ἐκκλησίας</span> <span class='ocrx_word' id='word_1_582' title='bbox 721 5426 1105 5495; x_wconf 80' lang='grc' dir='ltr'>χηρευούσης</span> <span class='ocrx_word' id='word_1_583' title='bbox 1166 5424 1274 5479; x_wconf 83' lang='grc' dir='ltr'>τοῦ</span> <span class='ocrx_word' id='word_1_584' title='bbox 1341 5424 1685 5482; x_wconf 80' lang='grc' dir='ltr'>ἐπισκόπου</span> <span class='ocrx_word' id='word_1_585' title='bbox 1730 5429 1839 5483; x_wconf 83' lang='grc' dir='ltr'><strong>αὑ-</strong></span> 
     </span>
    </p>
   </div>
   <div class='ocr_carea' id='block_1_91' title="bbox 328 5497 571 5552">
    <p class='ocr_par' dir='ltr' id='par_1_91' title="bbox 328 5497 571 5552">
     <span class='ocr_line' id='line_1_93' title="bbox 328 5497 571 5552; baseline 0.004 -1"><span class='ocrx_word' id='word_1_586' title='bbox 328 5497 440 5552; x_wconf 54' lang='grc' dir='ltr'>τηῆρ</span> <span class='ocrx_word' id='word_1_587' title='bbox 470 5500 571 5552; x_wconf 69' lang='lat'><strong>(5‘.</strong></span> 
     </span>
    </p>
   </div>
   <div class='ocr_carea' id='block_1_92' title="bbox 330 5502 1833 5663">
    <p class='ocr_par' dir='ltr' id='par_1_92' title="bbox 330 5502 1833 5663">
     <span class='ocr_line' id='line_1_94' title="bbox 330 5502 571 5552; baseline 0.004 -1"><span class='ocrx_word' id='word_1_588' title='bbox 330 5502 401 5551; x_wconf 45' lang='grc' dir='ltr'>τέ</span> <span class='ocrx_word' id='word_1_589' title='bbox 491 5502 571 5552; x_wconf 68' lang='lat'><strong>5‘.</strong></span> 
     </span>
     <span class='ocr_line' id='line_1_95' title="bbox 330 5502 1833 5663; baseline 0.001 -19"><span class='ocrx_word' id='word_1_590' title='bbox 330 5516 442 5644; x_wconf 44' lang='lat' dir='ltr'><strong>K1313;</strong></span> <span class='ocrx_word' id='word_1_591' title='bbox 467 5502 519 5641; x_wconf 48' lang='grc' dir='ltr'>ξι</span> <span class='ocrx_word' id='word_1_592' title='bbox 552 5587 608 5642; x_wconf 78' lang='grc' dir='ltr'>δὲ</span> <span class='ocrx_word' id='word_1_593' title='bbox 635 5587 765 5645; x_wconf 81' lang='grc' dir='ltr'>ἀλλο</span> <span class='ocrx_word' id='word_1_594' title='bbox 789 5588 856 5660; x_wconf 81' lang='grc' dir='ltr'>τῇ</span> <span class='ocrx_word' id='word_1_595' title='bbox 893 5586 1147 5660; x_wconf 75' lang='grc' dir='ltr'>βασιλείᾳ</span> <span class='ocrx_word' id='word_1_596' title='bbox 1180 5587 1285 5659; x_wconf 83' lang='grc' dir='ltr'><strong>μου</strong></span> <span class='ocrx_word' id='word_1_597' title='bbox 1312 5592 1777 5662; x_wconf 77' lang='grc' dir='ltr'>προυργιαίτερον</span> <span class='ocrx_word' id='word_1_598' title='bbox 1800 5589 1833 5663; x_wconf 68' lang='grc' dir='ltr'>ἢ</span> 
     </span>
    </p>
   </div>
   <div class='ocr_carea' id='block_1_93' title="bbox 2014 5358 3452 5431">
    <p class='ocr_par' dir='ltr' id='par_1_93' title="bbox 2014 5358 3452 5431">
     <span class='ocr_line' id='line_1_96' title="bbox 2014 5358 3452 5431; baseline -0.004 -16"><span class='ocrx_word' id='word_1_599' title='bbox 2014 5362 2083 5415; x_wconf 76' lang='lat' dir='ltr'><strong>ab</strong></span> <span class='ocrx_word' id='word_1_600' title='bbox 2115 5361 2355 5416; x_wconf 75' lang='lat' dir='ltr'><strong>Ecclesia</strong></span> <span class='ocrx_word' id='word_1_601' title='bbox 2383 5364 2570 5416; x_wconf 83' lang='lat' dir='ltr'><strong>orbata</strong></span> <span class='ocrx_word' id='word_1_602' title='bbox 2599 5361 2836 5430; x_wconf 72' lang='lat' dir='ltr'><strong>episcopo</strong></span> <span class='ocrx_word' id='word_1_603' title='bbox 2861 5376 2957 5415; x_wconf 77' lang='lat' dir='ltr'><strong>suo</strong></span> <span class='ocrx_word' id='word_1_604' title='bbox 2986 5370 3223 5431; x_wconf 68' lang='lat' dir='ltr'><strong>quastor</strong></span> <span class='ocrx_word' id='word_1_605' title='bbox 3254 5358 3452 5427; x_wconf 71' lang='lat' dir='ltr'><strong>exigat.</strong></span> 
     </span>
    </p>
   </div>
   <div class='ocr_carea' id='block_1_94' title="bbox 2017 5579 3521 5656">
    <p class='ocr_par' dir='ltr' id='par_1_94' title="bbox 2017 5579 3521 5656">
     <span class='ocr_line' id='line_1_97' title="bbox 2017 5579 3521 5656; baseline -0.005 -14"><span class='ocrx_word' id='word_1_606' title='bbox 2017 5585 2173 5656; x_wconf 86' lang='lat' dir='ltr'><strong>Quod</strong></span> <span class='ocrx_word' id='word_1_607' title='bbox 2196 5583 2379 5642; x_wconf 77' lang='lat' dir='ltr'><strong>facere</strong></span> <span class='ocrx_word' id='word_1_608' title='bbox 2406 5586 2668 5654; x_wconf 71' lang='lat' dir='ltr'><strong>maiestas</strong></span> <span class='ocrx_word' id='word_1_609' title='bbox 2694 5602 2815 5643; x_wconf 87' lang='lat' dir='ltr'><strong>mea</strong></span> <span class='ocrx_word' id='word_1_610' title='bbox 2849 5585 3025 5656; x_wconf 81' lang='lat' dir='ltr'><strong>majus</strong></span> <span class='ocrx_word' id='word_1_611' title='bbox 3049 5597 3229 5654; x_wconf 64' lang='lat' dir='ltr'><strong>opera:</strong></span> <span class='ocrx_word' id='word_1_612' title='bbox 3260 5579 3521 5652; x_wconf 87' lang='lat' dir='ltr'><strong>pretium,</strong></span> 
     </span>
    </p>
   </div>
   <div class='ocr_carea' id='block_1_95' title="bbox 230 5672 1855 5753">
    <p class='ocr_par' dir='ltr' id='par_1_95' title="bbox 230 5677 1837 5753">
     <span class='ocr_line' id='line_1_98' title="bbox 230 5677 1837 5753; baseline -0.001 -17"><span class='ocrx_word' id='word_1_613' title='bbox 230 5677 888 5753; x_wconf 77' lang='grc' dir='ltr'>περισπουδαστότερον,</span> <span class='ocrx_word' id='word_1_614' title='bbox 916 5677 956 5750; x_wconf 74' lang='grc' dir='ltr'><strong>’ἢ</strong></span> <span class='ocrx_word' id='word_1_615' title='bbox 989 5677 1051 5731; x_wconf 80' lang='grc' dir='ltr'><strong>τὺ</strong></span> <span class='ocrx_word' id='word_1_616' title='bbox 1072 5678 1175 5743; x_wconf 80' lang='grc' dir='ltr'><strong>τὰς</strong></span> <span class='ocrx_word' id='word_1_617' title='bbox 1214 5677 1519 5750; x_wconf 68' lang='grc' dir='ltr'>ἐκκλησίας</span> <span class='ocrx_word' id='word_1_618' title='bbox 1553 5678 1837 5752; x_wconf 77' lang='grc' dir='ltr'>ἀνωτέρας</span> 
     </span>
    </p>
   </div>
   <div class='ocr_carea' id='block_1_96' title="bbox 1938 5672 3520 5753">
    <p class='ocr_par' dir='ltr' id='par_1_96' title="bbox 1938 5672 3520 5752">
     <span class='ocr_line' id='line_1_99' title="bbox 1938 5672 3520 5752; baseline -0.004 -16"><span class='ocrx_word' id='word_1_619' title='bbox 1938 5681 2142 5752; x_wconf 79' lang='lat' dir='ltr'><strong>&#39;quidve</strong></span> <span class='ocrx_word' id='word_1_620' title='bbox 2164 5677 2347 5733; x_wconf 88' lang='lat' dir='ltr'><strong>studio</strong></span> <span class='ocrx_word' id='word_1_621' title='bbox 2360 5690 2467 5733; x_wconf 86' lang='lat' dir='ltr'><strong>suo</strong></span> <span class='ocrx_word' id='word_1_622' title='bbox 2483 5677 2698 5749; x_wconf 81' lang='lat' dir='ltr'><strong>dignius</strong></span> <span class='ocrx_word' id='word_1_623' title='bbox 2712 5680 2907 5749; x_wconf 83' lang='lat' dir='ltr'><strong>possit;</strong></span> <span class='ocrx_word' id='word_1_624' title='bbox 2927 5689 3088 5748; x_wconf 82' lang='lat' dir='ltr'><strong>quam</strong></span> <span class='ocrx_word' id='word_1_625' title='bbox 3106 5683 3168 5730; x_wconf 73' lang='lat' dir='ltr'><strong>ut</strong></span> <span class='ocrx_word' id='word_1_626' title='bbox 3185 5672 3428 5730; x_wconf 67' lang='lat' dir='ltr'><strong>ecclesiae</strong></span> <span class='ocrx_word' id='word_1_627' title='bbox 3450 5672 3520 5729; x_wconf 85' lang='lat' dir='ltr'><strong>ab</strong></span> 
     </span>
    </p>
   </div>
   <div class='ocr_carea' id='block_1_97' title="bbox 326 5791 1203 5865">
    <p class='ocr_par' dir='ltr' id='par_1_97' title="bbox 326 5791 1203 5865">
     <span class='ocr_line' id='line_1_100' title="bbox 326 5791 1203 5865; baseline 0 -17"><span class='ocrx_word' id='word_1_628' title='bbox 326 5794 409 5865; x_wconf 76' lang='lat' dir='ltr'><strong>(ll</strong></span> <span class='ocrx_word' id='word_1_629' title='bbox 447 5793 604 5848; x_wconf 84' lang='lat' dir='ltr'><strong>Anno</strong></span> <span class='ocrx_word' id='word_1_630' title='bbox 636 5791 795 5865; x_wconf 69' lang='lat'><strong>“26.</strong></span> <span class='ocrx_word' id='word_1_631' title='bbox 1106 5791 1114 5797; x_wconf 90' lang='grc'><em>’</em></span> <span class='ocrx_word' id='word_1_632' title='bbox 1198 5860 1203 5865; x_wconf 77' lang='lat'><strong><em>_</em></strong></span> 
     </span>
    </p>
   </div>
   <div class='ocr_carea' id='block_1_98' title="bbox 327 5864 1318 5939">
    <p class='ocr_par' dir='ltr' id='par_1_98' title="bbox 327 5864 1318 5939">
     <span class='ocr_line' id='line_1_101' title="bbox 327 5864 1318 5939; baseline 0.001 -21"><span class='ocrx_word' id='word_1_633' title='bbox 327 5864 408 5939; x_wconf 75' lang='grc'><strong>(2)</strong></span> <span class='ocrx_word' id='word_1_634' title='bbox 451 5865 604 5922; x_wconf 77' lang='grc' dir='ltr'>ιιιιιιο</span> <span class='ocrx_word' id='word_1_635' title='bbox 634 5864 1014 5935; x_wconf 72' lang='lat' dir='ltr'><strong>Calojoannem</strong></span> <span class='ocrx_word' id='word_1_636' title='bbox 1039 5864 1318 5923; x_wconf 78' lang='lat' dir='ltr'><strong>vocarunt.</strong></span> 
     </span>
    </p>
   </div>
   <div class='ocr_carea' id='block_1_99' title="bbox 2003 5787 3515 5863">
    <p class='ocr_par' dir='ltr' id='par_1_99' title="bbox 2003 5787 3515 5863">
     <span class='ocr_line' id='line_1_102' title="bbox 2003 5787 3515 5863; baseline 0 -19"><span class='ocrx_word' id='word_1_637' title='bbox 2003 5792 2080 5863; x_wconf 77' lang='lat'><strong>(3)</strong></span> <span class='ocrx_word' id='word_1_638' title='bbox 2120 5790 2280 5863; x_wconf 73' lang='lat' dir='ltr'><strong>Anno</strong></span> <span class='ocrx_word' id='word_1_639' title='bbox 2313 5790 2449 5863; x_wconf 71' lang='lat' dir='ltr'><strong>im</strong></span> <span class='ocrx_word' id='word_1_640' title='bbox 2481 5790 2568 5863; x_wconf 81' lang='lat' dir='ltr'><strong>vel</strong></span> <span class='ocrx_word' id='word_1_641' title='bbox 2606 5790 2764 5850; x_wconf 73' lang='lat' dir='ltr'><strong>H39.</strong></span> <span class='ocrx_word' id='word_1_642' title='bbox 2796 5788 2952 5863; x_wconf 87' lang='lat' dir='ltr'><strong>Apud</strong></span> <span class='ocrx_word' id='word_1_643' title='bbox 2998 5787 3384 5847; x_wconf 83' lang='lat' dir='ltr'><strong>Lcanclavium</strong></span> <span class='ocrx_word' id='word_1_644' title='bbox 3410 5787 3515 5845; x_wconf 75' lang='lat' dir='ltr'><strong>Jus</strong></span> 
     </span>
    </p>
   </div>
   <div class='ocr_carea' id='block_1_100' title="bbox 1945 5859 2630 5933">
    <p class='ocr_par' dir='ltr' id='par_1_100' title="bbox 1945 5859 2630 5933">
     <span class='ocr_line' id='line_1_103' title="bbox 1945 5859 2630 5933; baseline 0.003 -16"><span class='ocrx_word' id='word_1_645' title='bbox 1945 5859 2128 5920; x_wconf 76' lang='lat' dir='ltr'><strong>Grch</strong></span> <span class='ocrx_word' id='word_1_646' title='bbox 2160 5859 2314 5919; x_wconf 82' lang='lat' dir='ltr'><strong>llam.</strong></span> <span class='ocrx_word' id='word_1_647' title='bbox 2350 5861 2391 5931; x_wconf 89' lang='lat' dir='ltr'><strong>l,</strong></span> <span class='ocrx_word' id='word_1_648' title='bbox 2423 5878 2475 5933; x_wconf 86' lang='lat' dir='ltr'><strong>p.</strong></span> <span class='ocrx_word' id='word_1_649' title='bbox 2508 5862 2630 5919; x_wconf 75' lang='grc'><strong>147.</strong></span> 
     </span>
    </p>
   </div>
  </div>
