3968 6220
209 231 346 299 1153
1155 249 1469 312 ΝΟΤΙΤῙΛ
1510 252 1595 314 IN
1631 253 1776 314 ISAI‘

1896 259 1964 319 lM
2018 260 2532 328 CATHOLICUM.
3324 278 3463 347 1154

197 347 296 400 καὶ
322 348 683 420 ἀφαιρεῖσθαι
715 352 748 407 ἃ
782 354 1087 427 βούλονται.
1127 361 1290 416 Ἀλλὰ
1344 366 1440 419 καὶ
1474 366 1529 420 εἴ
1553 384 1606 422 τι
1633 369 1764 439 παρέ

1899 379 2191 429 lroversmn
2218 392 2341 432 esse
2371 379 2636 449 paruerit,
2671 382 2813 453 quod
2852 396 2880 436 a
2912 393 3067 453 parte
3106 387 3357 446 ecclesia;
3404 394 3466 447 fl-

189 438 293 506 τῆς
318 440 765 516 ἀρχιεπισκοπῆς
793 455 1154 519 χρεωστεῖται
1191 455 1269 527 τῷ
1298 456 1566 530 δημοσίῳ,
1605 438 1746 530 μετα

1900 479 2016 520 scus
2061 471 2300 535 postulat
2348 438 2384 525 τ’
2405 481 2463 527 ιιι
2496 474 2599 529 hoc
2648 438 2820 543 ipsum
2851 477 3034 534 clerici
3074 493 3139 534 ex
3200 485 3467 543 reditibus

189 530 431 601 κλήτους
464 534 713 603 γίνεσθαι
762 542 891 605 τοὺς
935 543 1253 615 κληρικοὺς,
1297 549 1390 603 καὶ
1428 552 1480 604 εἰ
1512 552 1756 624 πρόδηλοί

1893 555 2146 614 Ecclesia:
2188 562 2320 616 tisco
2354 575 2626 632 praestent.
2664 565 2781 622 Non
2829 577 3004 623 tamen
3056 576 3310 641 quaestori
3344 576 3460 631 lici-

188 624 289 674 καὶ
323 624 726 695 ἀναμφίϐολον,
757 631 820 683 τδ
859 635 1012 706 παρὰ
1040 638 1135 689 τοῦ
1180 639 1441 710 δημοσίου
1483 644 1755 714 ἐπιζητού-

1898 659 1999 703 tum
2054 662 2209 718 esto,
2282 662 2341 707 ut
2395 655 2466 709 ob
2516 657 2825 726 hujnsmodi
2880 672 3096 715 causam
3150 666 3465 723 suburbana

189 730 360 779 μενον
390 719 498 771 ἀπὸ
522 722 617 774 τοῦ
649 723 850 795 μέρους
879 730 975 797 τῆς
1022 729 1348 803 Ἐκκ).ησίας
1383 738 1600 807 φανείη,
1643 738 1756 801 τοὺς

189 808 245 828 -.η
318 827 323 828 ,
428 812 443 827 .
603 814 626 825 -
734 818 746 828 .
807 818 818 828 .
899 820 925 828 _
1029 823 1053 828 -
1153 827 1156 828 ,
1253 827 1256 828 ,

1890 744 2086 809 praedia
2118 758 2465 815 pervagetur,
2496 760 2552 803 et
2586 766 2706 817 qua:
2760 750 2887 805 velit
2920 754 3156 822 auferat,
3207 759 3297 828 qui
3331 774 3457 815 vero

184 808 489 880 κληρικοῦς
535 814 695 868 τοῦτο
722 818 830 871 ἀπὸ
857 820 965 873 τῶν
993 823 1094 893 τῆς
1147 827 1446 896 ἐκκλησίας
1492 831 1751 902 προσόδου·

1886 808 1893 810 .
2119 808 2133 815 ..
2286 808 2314 815 ν
2452 808 2461 812 ν
2604 808 2614 817 -
3058 808 3156 822 ⁷““ν
3212 808 3296 828 1—-

1737 849 1771 884 ιν
1879 834 2255 905 designabitnr
2298 842 2539 908 pontifex
2579 842 2832 901 Ecclesia:
2874 849 2994 914 jura
3046 852 3304 907 tuebitur.

180 905 397 961 διδόναι
441 910 580 981 πρὸς
621 914 715 967 τὸν
753 914 1020 987 δημόσιον
1048 937 1063 952 ·
1136 921 1212 992 μὴ
1266 923 1450 993 μέντοι
1501 927 1589 980 ἐπ’
1633 929 1816 992 ἀδείας
1844 930 1991 1003 ἔχειν
2017 933 2109 986 τὸν
2144 905 2431 1007 πράκίιορα
2493 937 2580 992 διὰ
2614 939 2715 1009 τὴν
2738 905 2999 1014 comith
3030 946 3209 999 αἰτίαν
3226 905 3457 1020 περιπο-

182 999 371 1057 λεύειν
430 1007 511 1068 εἰς
565 1007 634 1059 τὰ
695 1009 1018 1078 προάστεια,
1085 1017 1177 1069 καὶ
1242 1018 1596 1089 ἀφαιρεῖσθαι
1627 1021 1664 1077 ἃ
1695 999 1978 1093 βούλουται
2012 1026 2110 1099 (4).
2255 1030 2312 1084 δὲ
2361 999 2969 1106 ίπροχειρισάησόμενος.
3005 999 3324 1111 ἀρχιερεὺςΓ
3344 1045 3453 1098 τῶν

180 1096 295 1166 τῆς
333 1099 664 1171 Ἐκκλησίας
687 1105 1042 1177 ἀντιλήψεται
1067 1111 1313 1169 δικαίων.

264 1182 395 1259 Εἶχε
438 1190 500 1244 τὸ
537 1196 669 1263 μηνὶ
706 1197 1000 1271 Ἀπριλλίῳ
1047 1203 1424 1275 ἐπινεμήσεως
1458 1206 1524 1277 β’,
1551 1208 1621 1263 δι’
1644 1211 1770 1282 ἐρυ-

1970 1216 2092 1273 Dat.
2124 1234 2309 1275 mense
2333 1220 2523 1290 Aprili,
2563 1223 2855 1279 indictione
2885 1228 3121 1281 secunda
3156 1229 3335 1285 rubris
3359 1232 3448 1289 lit-

183 1279 338 1349 θρῶν
384 1286 734 1353 γραμμάτων
780 1288 878 1342 τοῦ
927 1294 1193 1362 κραταιοῦ
1252 1299 1346 1349 καὶ
1386 1299 1542 1367 ἁγίου
1607 1279 1750 1373 ’ἔχρὦ

1881 1309 2014 1363 teris
2043 1312 2392 1379 praepotentis
2423 1324 2480 1369 et
2515 1317 2867 1371 sacratissimi
2896 1319 3154 1387 principis
3193 1325 3364 1377 nostri
3395 1325 3445 1380 in

182 1369 459 1438 βασιλέως
497 1372 638 1445 [τοῦ)
690 1378 1213 1454 Πορφυρογεννήτου
1250 1382 1460 1460 Κυρίου
1513 1369 1749 1449 'lwa’ivvot

1883 1395 2153 1470 Porphyra
2182 1401 2320 1462 uati.
2358 1403 2571 1459 domini
2594 1403 2819 1460 Joannis
2853 1407 3140 1477 Comneni,
3174 1426 3295 1466 cum
3336 1413 3450 1470 usi-

177 1461 283 1516 τοῦ
331 1465 644 1538 Κομνηνοῦ,
682 1472 839 1545 καὶή
887 1473 974 1528 διὰ
1008 1477 1182 1549 κηροῦ
1219 1481 1458 1552 συνήθης
1504 1487 1740 1557 σφραγίς

887 1473 974 1528 διὰ
1008 1477 1182 1549 κηροῦ
1219 1481 1458 1552 συνήθης
1504 1487 1761 1557 σφραγίς.
1874 1461 1994 1546 tato.
2021 1461 2182 1547 Cerco
2210 1494 2406 1563 sigillo.

255 1618 333 1707 (ξ)
374 1620 480 1676 Aut
508 1621 761 1694 βούλεται
808 1627 1118 1702 legendum,
1151 1645 1247 1692 aut
1276 1640 1437 1709 paulo
1465 1652 1589 1698 ante
1624 1644 1751 1709 τοὺς
1792 1661 1822 1697 τι

566 1623 761 1680 trilicem
808 1627 1118 1702 legendum,
1151 1645 1247 1692 aut
1276 1640 1437 1709 paulo
1465 1652 1589 1698 ante
1624 1644 1751 1709 τοὺς
1792 1648 2133 1718 πράκτορας.

177 1818 3432 1878 ———________._.__.___________.__________________

1446 2004 1622 2051 ANNO
1668 2007 1902 2055 DOMINI
1939 2012 2159 2058 ιίαην

1334 2185 1970 2372 ISAAC
1993 2195 2254 2373 US

793 2496 1239 2591 MAGNIE
1338 2505 1923 2618 ARMENle
2016 2514 2800 2613 CATHOLICUS.

1340 2966 1367 2984 λ,
1479 2855 2126 2972 ΝΟΤΙΤΙΑ.

894 3074 1144 3138 (Galland.
1173 3076 1412 3127 Veterum
1444 3076 1641 3128 Patrum
1680 3077 1935 3140 Biblioth.,
1972 3086 2090 3132 tom.
2130 3082 2256 3142 XIV,
2294 3085 2498 3149 Prolcg.
2533 3101 2583 3150 p.
2609 3084 2716 3149 xv.)

1749 3250 1817 3268 -ν-

152 3408 153 3413 η
240 3354 511 3408 Catholici
537 3353 753 3422 {nomen
788 3366 956 3423 penes
997 3353 1282 3409 Armenios
1311 3353 1498 3409 titulus
1527 3363 1613 3410 est
1657 3356 2038 3422 patriarchalis
2071 3359 2190 3412 sive
2250 3359 2749 3428 archiepiscopalis,
2783 3359 3031 3430 idemque
3072 3362 3216 3419 valet
3256 3376 3420 3438 atque

157 3448 520 3503 ecumcnicus
551 3446 604 3502 in
630 3445 863 3503 CPtanis
884 3446 1233 3516 patriarcbis.
1275 3444 1366 3501 Sic
1404 3461 1569 3515 porro
1602 3446 1859 3516 appellari
1901 3447 2153 3499 videntur
2181 3461 2246 3499 ex
2277 3461 2342 3500 eo
2371 3446 2512 3515 quod
2549 3446 2774 3513 reliquis
2794 3448 2920 3515 jsuac
2945 3449 3178 3507 rationis
3202 3457 3416 3523 episco-

158 3538 246 3608 pis
306 3537 648 3591 immineant.
695 3535 859 3591 Forte
914 3544 1200 3604 postquam
1250 3543 1495 3604 tempore
1550 3533 1754 3604 Pelagii
1784 3544 1840 3588 et
1874 3531 1933 3587 S.
1963 3532 2214 3602 Gregorii
2260 3532 2333 3588 Μ.
2373 3531 2611 3589 Joannes
2642 3532 2928 3599 Jejunator
2969 3536 3018 3589 in
3050 3551 3151 3592 sua
3207 3543 3416 3611 Synoﬁo

150 3624 378 3680 CPtana
428 3627 553 3679 anni
585 3624 693 3679 589
740 3623 1048 3692 hujusmodi
1098 3622 1312 3677 titulum
1350 3638 1615 3693 usurpare
1650 3623 1838 3691 coepit,
1868 3623 2144 3678 innocenti
2188 3623 2419 3680 fortasse
2468 3628 2535 3680 de
2583 3641 2770 3691 causa,
2819 3627 2912 3681 sed
2953 3643 3145 3696 magna
3201 3631 3415 3689 illorum

138 3714 480 3785 pontificum
535 3712 800 3782 zelotypia
829 3751 845 3775 ,
879 3712 1183 3767 verentium
1237 3725 1305 3765 ne
1351 3712 1549 3781 aliquis
1602 3713 1850 3766 subesset
1883 3726 2076 3766 error:
2119 3712 2370 3768 videntes
2415 3715 2798 3770 Armeniorum
2850 3719 3174 3786 patriarchae
3220 3719 3271 3773 in
3314 3734 3415 3775 sua

146 3806 429 3861 sententia
464 3804 894 3875 perseveravisse
921 3803 1189 3870 CPtanos,
1224 3804 1487 3873 quidquid
1521 3803 1574 3857 in
1608 3799 1940 3858 contrarium
1977 3800 2322 3855 obstitissent
2353 3800 2586 3856 Romani
2623 3804 2947 3873 pontifices;
2988 3815 3048 3860 ut
3085 3822 3191 3859 non
3232 3808 3412 3860 mino-

152 3894 233 3948 ris
263 3893 551 3961 mmmam,
583 3893 635 3946 ίη
669 3907 768 3946 ειη
796 3902 958 3961 genie
994 3890 1345 3954 haberentur,
1374 3888 1642 3958 simulque
1667 3890 1846 3942 minus
1875 3887 2061 3939 odioso
2096 3887 2362 3941 vocabulo
2404 3890 2477 3942 uti
2513 3891 2845 3955 viderentur,
2874 3890 3141 3944 Catholici
3173 3893 3412 3960 appella—

149 3983 364 4036 tionem
402 3992 835 4047 assumpserunt,
876 3978 1092 4032 nemine
1125 3980 1450 4032 adversante
1480 3978 1620 4044 quod
1658 3976 1852 4030 sciam.
1890 3973 2017 4026 Fuit
2048 3974 2216 4041 igitur
2251 3974 2468 4029 lsaacus
2501 3978 2566 4030 de
2606 3992 2713 4043 quo
2743 3976 3036 4044 loquimur,
3067 3993 3277 4048 magna;
3302 3979 3409 4033 Ar-

144 4071 351 4125 meniae
388 4068 721 4122 Catholicus.
760 4068 809 4121 Is
838 4066 980 4119 inter
1013 4065 1305 4119 Armenios
1355 4063 1639 4119 haereticos
1696 4074 1857 4116 natus
1888 4071 1941 4114 et
1968 4060 2229 4115 educatus
2262 4070 2345 4116 est
2368 4101 2382 4125 ι
2418 4070 2579 4131 atque
2621 4062 2933 4118 δίιιῢοῖῖοοδ
2967 4065 3410 4134 οτιιιοάολοείιυο

140 4159 215 4212 ab
250 4157 412 4211 initio
437 4155 675 4211 ludibrio
694 4155 883 4209 habuit
913 4152 1012 4226 (ιι).
1041 4151 1361 4208 Sacerdotio
1383 4152 1524 4205 inter
1544 4166 1671 4205 suos
1700 4151 2009 4205 cumulatus
2030 4162 2132 4206 est.
2164 4151 2271 4208 Sed
2308 4153 2399 4206 Dei
2433 4154 2708 4223 aspirantc
2728 4154 2928 4226 gratia,
2950 4154 3173 4224 disjecta
3203 4159 3408 4213 erroris

138 4246 405 4316 ealigiue,
446 4244 659 4313 occepit
705 4243 955 4298 deserere
999 4240 1162 4296 simul
1212 4251 1266 4295 et
1297 4242 1578 4294 confutare
1607 4253 1828 4291 suorum
1878 4255 2115 4295 errores.
2159 4228 2233 4293 Ea
2280 4257 2335 4294 re
2378 4239 2579 4296 factum
2633 4255 2738 4308 est,
2766 4250 2823 4295 ut
2861 4244 3002 4311 apud
3035 4257 3229 4297 omnes
3262 4243 3407 4302 illius

139 4335 292 4388 fama
322 4335 652 4401 vulgaretur,
681 4331 1009 4385 orthodoxos
1053 4328 1322 4392 videlicet,
1367 4328 1494 4381 dum
1545 4326 1757 4379 interim
1792 4329 1928 4394 apud
1957 4328 2242 4383 Armenios
2279 4346 2406 4384 suos
2431 4344 2601 4400 usque
2636 4329 2769 4383 adeo
2789 4332 3029 4399 graviter
3060 4329 3304 4396 oﬂendit,
3340 4341 3402 4389 ut

135 4439 247 4478 non
284 4423 447 4475 modo
483 4419 909 4476 sacerdotalibus
944 4418 1142 4472 muniis
1179 4414 1620 4476 interdiceretur,
1662 4429 1850 4467 verum
1901 4414 2088 4481 etiam,
2132 4423 2403 4486 pr0posita
2452 4417 2901 4474 interfectoribus
2953 4420 3073 4488 ejus
3127 4424 3403 4487 mercede,

132 4514 353 4583 plnries
386 4520 719 4581 quaereretur
745 4508 813 4562 ad
843 4522 1049 4563 necem.
1080 4505 1209 4559 Erat.
1238 4506 1353 4559 haec
1384 4519 1590 4558 merces
1620 4504 1773 4557 venia
1811 4514 2155 4573 peccatorum
2203 4504 2535 4559 certissima.
2577 4503 2672 4558 llis
2713 4505 2954 4575 agitatus
2986 4510 3158 4565 turbis
3185 4511 3250 4564 ad
3272 4526 3403 4565 sau-

129 4600 438 4652 ctissimam
472 4591 1091 4665 metropolim'cOnfugit
1130 4592 1231 4661 (ὁ).
1267 4592 1340 4646 Eo
1367 4591 1587 4645 nomine
1626 4589 1856 4645 Romam
1890 4591 2113 4662 intelligi
2152 4592 2309 4646 facile
2343 4592 2647 4646 suadebunt
2675 4608 2736 4649 ea
2764 4611 2885 4664 qua:
2916 4599 3115 4666 passim
3151 4600 3308 4653 docet
3348 4607 3406 4654 et

129 4687 407 4756 loquitur,
437 4682 739 4738 conformia
787 4683 961 4751 magis
1004 4681 1244 4733 moribus
1290 4677 1656 4732 Romanorum
1691 4693 1854 4747 qnam
1898 4679 2232 4734 Graecorum.
2269 4678 2599 4735 Memoratur
2649 4682 2864 4738 lsaacus
2907 4696 3093 4740 noster
3148 4701 3177 4738 a
3220 4687 3404 4739 Theo-

130 4779 324 4839 riauo,
357 4774 446 4842 qui
495 4774 640 4825 circa
686 4770 752 4823 Α.
800 4768 862 4823 C.
918 4767 1057 4825 H70
1088 4767 1373 4835 scripsisse
1422 4764 1617 4829 fertur,
1651 4776 1707 4817 ut
1745 4770 1880 4822 scite
1913 4766 2296 4822 animadvertit
2332 4766 2616 4824 Fabricius
2650 4770 2743 4842 (ε).
2770 4770 2914 4826 Duas
2943 4772 3059 4841 ejus
3103 4772 3401 4825 inveCIiVaS

123 4879 275 4934 quas
333 4861 540 4931 primus
585 4858 778 4913 extulit
824 4855 1181 4912 Comheilsius
1226 4855 1279 4908 in
1314 4852 1555 4907 Auctarii
1591 4855 1672 4908 sui
1727 4864 1874 4908 tomo
1908 4854 1968 4908 ll.
2012 4869 2041 4908 a
2096 4856 2253 4911 nobis
2306 4856 2432 4911 inde
2488 4868 2741 4925 acceptas
2791 4855 2844 4912 in
2893 4872 3089 4925 penum
3153 4866 3399 4911 nostrum

123 4949 528 5007 "austriliittus
558 4966 572 5002 :
609 4947 810 5001 habent
844 4946 988 5000 enim
1034 4950 1477 5012 argumentorum
1508 4950 1562 4995 et
1599 4941 1945 5007 eruditionis,
1980 4943 2122 4997 haud
2154 4945 2280 5000 alibi
2326 4944 2557 5000 fortasse
2607 4945 2969 5008 invenienda,
3010 4958 3246 5015 segetem
3291 4960 3398 5000 non

122 5041 416 5111 exiguam.
449 5039 581 5105 Quae
610 5039 768 5093 fuerit
792 5036 1007 5091 tandem
1048 5034 1285 5091 hominis
1314 5033 1528 5089 fortuna
1561 5048 1665 5086 non
1691 5040 1926 5086 constat.
1963 5030 2095 5085 Illud
2137 5034 2513 5087 animadverto
2540 5046 2604 5085 ex
2633 5031 2885 5086 Fabricio
2908 5031 2990 5103 (ιι)
3017 5051 3031 5086 :
3065 5032 3206 5102 apud
3234 5030 3397 5086 Lam-

122 5133 355 5186 Decium
389 5128 459 5199 (ε)
504 5126 776 5182 rerenseri
810 5127 952 5179 inter
976 5125 1175 5192 scripta
1203 5121 1480 5190 Euthymii
1508 5119 1768 5190 Zigabeni
1800 5120 2083 5187 epistolam
2122 5120 2414 5189 quamdam
2457 5119 2784 5174 invectivam
2813 5122 3077 5175 adversus
3108 5120 3398 5174 Armenios

120 5218 598 5285 'l'heopaschitas,
627 5215 780 5282 cujus
807 5213 1019 5268 initium
1047 5219 1152 5277 est,
1195 5210 1533 5306 Ἐπειδὴ-περ
1573 5208 1681 5262 Εὐτ

1865 5210 1962 5261 καὶ
1986 5209 2302 5278 Διόσκορος.
2328 5209 2462 5263 Cum
2500 5220 2682 5262 autem
2730 5225 2759 5262 a
2796 5209 2977 5264 verbis
3008 5209 3116 5264 illis
3153 5209 3397 5264 ordiatur

120 5307 404 5366 invectiva
434 5305 605 5373 prima
642 5302 883 5371 ejusdem
919 5299 1226 5368 argumenti
1267 5314 1387 5366 qua!
1414 5297 1598 5352 lsaaco
1633 5308 1820 5351 nostro
1848 5298 2105 5351 tribuitur
2133 5315 2147 5363 ;
2179 5301 2377 5367 quibus
2407 5297 2488 5351 fas
2515 5304 2598 5352 est
2625 5297 2872 5353 codicem
2909 5298 3063 5353 illum
3104 5296 3395 5352 Lambeciu

120 5404 500 5454 memoratum
534 5394 822 5463 inspicere,
859 5390 1159 5460 dijudicare
1200 5398 1497 5458 potuerunt
1528 5387 1654 5458 quis
1694 5402 1721 5439 a
1764 5400 1872 5455 quo
1912 5388 2205 5454 acceperit.

3282 5482 3327 5501 θ

196 5572 287 5641 (ιι)
324 5570 463 5627 Infra
496 5574 551 5629 in
578 5569 851 5629 lnvcctiva
879 5563 1121 5631 1|,num.
1152 5563 1188 5617 2
1217 5563 1337 5618 iuit.
1892 5561 1970 5641 (rl‘)
1991 5559 2135 5641 .lﬂhid.
2174 5568 2305 5641 tom.
2345 5555 2614 5641 νιῐιήιέοε.
2647 5564 2773 5619 475.

199 5628 280 5712 ibi
324 5644 451 5698 Ibid.
487 5628 621 5701 mn.
780 5709 819 5712 __
932 5628 939 5631 ⁷
1041 5707 1132 5712 ___
1356 5704 1388 5712 _-

1372 5704 1388 5712 Δ
1891 5628 1961 5701 (ε)
1995 5630 2147 5684 Tom.
2189 5629 2249 5694 V,
2280 5644 2403 5699 pag.
2436 5628 2553 5682 1‘27,

197 5704 277 5784 (ε)
316 5713 446 5770 Bibl.
483 5716 578 5772 Gr.
612 5725 747 5772 tom.
780 5709 848 5779 X,
876 5723 1000 5781 pag.
1039 5707 1156 5774 175,
1200 5714 1325 5760 nota
1353 5704 1411 5757 ".
