3968 6220
288 319 431 383 1157

1367 312 1663 377 ORATIO
1702 312 2001 375 CONTRA
2043 263 2460 375 ARMlZNIOS.

3418 315 3557 384 1158

288 449 441 505 γονε,
491 430 586 485 καὶ
628 430 729 483 οὐκ
779 426 895 499 ἔχει
936 428 965 482 6
1008 426 1242 498 Χριστὸς
1296 425 1355 482 ὲν
1402 425 1551 499 αὐτῷ
1599 429 1747 479 σώαν
1779 424 1875 495 τὴν

1983 422 2283 479 divinitatis
2324 425 2659 478 demutatam
2702 421 2876 489 aiunt,
2902 436 3002 480 ncc
3030 422 3330 497 Christum,
3363 428 3558 487 huma-

287 523 572 597 ἡμετέραν
601 517 767 590 φύσιν
792 534 807 550 ο
836 517 898 571 ού
923 516 1079 587 σῶμα
1103 516 1236 587 ἡμῖν
1258 516 1545 586 ὀμοούσιον
1564 555 1581 579 ,
1608 514 1669 568 οὐ
1697 516 1874 585 σάρκα

288 617 390 671 καὶ
435 613 607 668 ὀστᾶο
638 612 701 664 οὐ
751 610 1000 681 κεφαλήν
1026 626 1040 641 ·
1074 609 1134 663 οὐ
1178 611 1372 680 χεῖρας
1421 608 1516 662 καὶ
1565 607 1736 671 πόδας
1768 622 1781 638 ·
1810 606 1873 660 οὐ

288 708 481 777 σχῆμα
528 699 821 774 ἀνθρώπου
847 718 863 733 ·
903 701 1041 755 ἀλλὰ
1072 701 1298 772 γέγονεν
1329 698 1533 759 ἁπλοῦς
1569 700 1664 753 ml.
1709 697 1876 753 ἀσύν-

276 799 467 860 θετος,
492 795 687 866 ὥσπερ
712 789 780 865 ἦν
807 793 903 848 καὶ
925 793 1030 864 πρὸ
1048 795 1145 865 τῆς
1172 793 1519 865 σαρκώσεως.
1545 795 1654 847 Καὶ
1681 791 1831 846 ῶσπε
1841 808 1872 863 ρ

284 883 511 951 σταγὼν
538 881 803 953 μέλιτοςῆ
830 880 986 947 δξους
1019 882 1449 954 συνανακραθὲν,
1478 883 1575 937 καὶ
1599 900 1875 937 καταπον-

283 973 474 1026 τισθὲν
503 974 561 1026 ὲν
590 971 819 1041 πελάγει
842 971 944 1043 τῆς
973 970 1269 1045 θαλάσσης,
1295 974 1478 1028 οὐκέτι
1506 973 1720 1046 δρᾶται,
1746 973 1870 1027 οὔτε

285 1064 591 1135 ὑφίσταται
611 1079 629 1096 θ
659 1062 837 1128 οὕτως
872 1063 1006 1133 φασὶ
1050 1066 1144 1118 καὶ
1171 1066 1234 1118 τδ
1263 1064 1424 1136 σῶμα
1455 1068 1632 1122 ἐκεῖνο
1674 1068 1734 1120 ὲν
1768 1058 1813 1135 ᾧ
1842 1067 1871 1120 6

284 1157 526 1226 Χριστὸς
565 1157 644 1227 (2)
693 1154 947 1223 ἀνέλαϐε,
990 1158 1403 1229 συνανακραθὲν
1442 1158 1539 1212 καὶ
1589 1175 1870 1213 καταπον-

283 1245 478 1299 τισθὲν
515 1247 574 1298 ὲν
632 1244 865 1312 πελάγει
918 1244 1022 1313 τῆς
1057 1244 1332 1315 θεότητος,
1370 1245 1554 1298 οὐκέτι
1584 1247 1774 1317 ὁρᾶται
1812 1247 1871 1299 ἐν

284 1339 538 1411 Χριστῷ,
583 1337 708 1392 οὔτε
745 1338 884 1393 σῶον
913 1338 972 1392 ὲν
996 1338 1145 1408 αὐτῷ
1177 1338 1493 1408 ὑφίσταται,
1537 1338 1662 1392 οῦτε
1707 1338 1869 1405 σώζει

286 1432 393 1500 τὴν
427 1430 620 1484 ἑαυτοῦ
658 1430 843 1499 φύσιν,
897 1426 1021 1483 οὔτε
1054 1431 1319 1500 φυλάττει
1360 1432 1461 1500 τὴν
1506 1431 1700 1486 ἑαυτοῦ
1737 1432 1869 1486 ἰδιόυ

282 1539 432 1591 τητα
455 1539 469 1553 ’
500 1523 595 1576 καὶ
621 1521 714 1575 διὰ
739 1521 898 1575 τοῦτό
919 1538 1105 1592 φασιν,
1136 1520 1239 1575 οῦκ
1267 1524 1406 1576 εἰσιν
1437 1525 1497 1577 ὲν
1520 1523 1743 1595 Χριστῷ
1776 1522 1870 1577 δύο

286 1614 510 1683 φύσεις,
544 1613 796 1685 θεότητος
822 1615 916 1667 καὶ
941 1613 1388 1685 ἀνθρωπότητος⁹
1410 1615 1545 1668 ἀλλά
1577 1615 1677 1683 μία
1707 1614 1868 1683 φύσις

285 1707 391 1779 ὅλη
436 1707 535 1777 τῆς
581 1706 860 1779 θεότητος.
894 1707 1059 1779 ’ρθεν
1099 1709 1193 1762 καὶ
1235 1709 1335 1772 τὰς
1381 1707 1712 1780 παραδόσεις
1765 1711 1865 1778 τῆς

287 1797 592 1869 καθολικῆς
660 1798 1030 1870 Ἐκκλησίας,
1087 1799 1184 1854 καὶ
1235 1799 1346 1852 τῶν
1405 1800 1721 1871 μυστηρίων
1771 1800 1867 1853 τοῦ

286 1890 555 1961 Χριστοῦ,
593 1891 739 1944 κατά
764 1892 865 1962 τὴν
908 1891 1039 1962 μίαν
1069 1888 1255 1961 φύσιν,
1282 1890 1351 1962 ἢν
1382 1892 1438 1943 ὲν
1455 1891 1675 1962 Χριστῷ
1707 1890 1871 1962 βλασ-

287 1983 572 2054 φημοῦσι,
638 1984 822 2048 πάσας
900 1982 1416 2055 μεταστρέψαντες,
1490 1983 1870 2055 παραπλήσιον

283 2074 501 2139 ταύτας
546 2075 984 2147 ἑκαινοτόμησαν
1009 2087 1025 2104 ⁸
1065 2076 1161 2129 καὶ
1205 2075 1305 2147 τὴν
1348 2073 1638 2129 κοινωνίαν
1669 2075 1725 2128 δὲ
1760 2075 1871 2130 τῶν

295 2168 639 2240 μυστηρίων,
668 2170 836 2241 ἤγουν
869 2170 968 2241 τὴν
998 2170 1188 2224 θυσίαν
1209 2169 1301 2224 τοῦ
1332 2171 1521 2241 ἄρτου,
1547 2168 1647 2239 τῆς
1670 2168 1871 2242 σαρκὸς

289 2256 395 2309 τοῦ
424 2257 687 2328 Χριστοῦ,
720 2259 780 2311 οὐ
822 2258 979 2330 σῶμα
1009 2259 1249 2331 Χριστοῦ
1282 2259 1376 2314 τοῦ
1417 2259 1554 2314 Θεοῦ
1596 2259 1867 2330 λέγουσιν,

287 2349 371 2413 ὡς
421 2351 581 2414 αὐτὸς
621 2353 650 2405 6
688 2351 924 2423 Χριστὸς
975 2350 1239 2425 εἰρηκενο
1285 2351 1424 2406 ἀλλά
1466 2351 1717 2424 θεότητα.
1761 2351 1872 2406 Καὶ

288 2443 527 2507 ταύταις
564 2446 685 2507 ταῖς
717 2444 1069 2514 μυθολογίαις
1109 2445 1204 2500 καὶ
1248 2445 1622 2519 βλασφημίαις
1650 2446 1872 2518 ὑπερει-

289 2536 516 2606 δὸμενοι
540 2552 555 2567 ⁸
592 2537 796 2608 μᾶλλον
826 2537 881 2590 δὲ
924 2536 1234 2610 καλαμίνην
1269 2537 1465 2609 ῥάϐδον
1506 2539 1719 2602 ἑαυτοῖς
1740 2539 1873 2591 ὑπο-

291 2631 620 2700 στήσαντες,
662 2628 761 2699 τὴν
790 2628 1208 2700 ὲνανθρὼπησιν
1253 2630 1347 2685 τοῦ
1384 2632 1708 2702 μονογενοῦς
1738 2631 1871 2687 Υίοῦ

289 2722 396 2777 τοῦ
426 2722 584 2787 Θεοῦ,
610 2723 679 2795 ἦν
710 2722 776 2776 τὰ
804 2722 1050 2791 τέσσαρα
1079 2723 1390 2793 Εὑαγγέλια
1414 2724 1746 2793 δεικνύουσι,
1778 2728 1874 2783 καὶ

293 2814 502 2877 πάντες
531 2812 584 2867 oi
625 2812 917 2867 ἀπόστολοι
967 2813 1107 2882 μετά
1138 2814 1247 2867 τῶν
1293 2814 1572 2886 θεοφόρων
1611 2802 1873 2887 Πατέρων

291 2901 689 2972 κηρύττουσιν,
721 2894 868 2955 οῦτοι
889 2901 1168 2967 παντελῶς
1198 2902 1491 2974 ἀρνοῦνται
1526 2904 1620 2959 καὶ
1646 2904 1876 2978 ἀνατρέ-

290 3014 515 3051 πουσιν.

1975 529 2102 569 nam
2138 526 2388 570 naturam
2421 515 2473 568 in
2498 514 2619 586 ipso
2646 528 2868 571 servare
2894 516 3218 572 incolumem
3244 536 3257 573 :
3286 535 3394 576 non
3432 538 3558 579 cor-

1975 621 2076 677 pus
2106 607 2349 677 ejusdem
2379 609 2661 663 nohiscum
2712 608 3056 675 substantiae,
3091 625 3196 666 non
3232 628 3452 669 carnem
3491 630 3559 672 ac

1974 713 2122 763 ossa,
2149 713 2253 753 non
2291 706 2479 768 capttt,
2514 713 2619 753 non
2666 714 2855 754 manus
2881 713 2945 752 ac
2976 700 3163 770 pedes,
3192 717 3296 757 non
3326 704 3560 762 hominis

1973 788 2222 860 ﬁguram,
2262 792 2356 843 sed
2392 788 2592 843 factum
2629 788 2954 859 simplicem,
2995 806 3059 845 ac
3089 802 3369 861 expertem
3409 809 3561 851 com-

1973 879 2296 951 positionis,
2333 881 2605 949 quomodo
2642 880 2878 935 habebat
2924 889 3053 937 ante
3101 883 3555 944 incarnationem.

1971 972 2148 1042 Atque
2215 982 2274 1027 ut
2319 971 2494 1027 mellis
2554 981 2648 1026 aut
2706 973 2844 1026 aceti
2900 984 3085 1042 gutta,
3146 978 3316 1033 maris
3367 980 3562 1049 pelago

1972 1063 2285 1128 commista,
2331 1073 2493 1133 atque
2539 1063 2592 1118 in
2627 1077 2692 1118 eo
2723 1079 2922 1129 mersa,
2956 1081 3062 1120 non
3115 1069 3348 1138 amplius
3378 1072 3557 1127 oculis

1972 1164 2263 1234 cetISpicua
2329 1173 2435 1228 est,
2500 1175 2661 1219 autve
2725 1165 2979 1220 consistit
3035 1183 3049 1221 :
3114 1167 3211 1233 ita,
3280 1168 3558 1240 inquiunt,

1970 1265 2025 1311 et
2070 1257 2214 1326 quod
2268 1256 2521 1312 Christus
2566 1259 2860 1327 assumpsit
2917 1274 3140 1329 corpus,
3176 1260 3459 1317 confusum
3492 1279 3557 1319 ac

1971 1362 2206 1402 mersum
2233 1349 2450 1403 deitatis
2481 1350 2690 1419 pelago,
2719 1348 2863 1404 haud
2900 1349 3159 1421 deinceps
3188 1354 3240 1406 in
3279 1355 3395 1424 ipso
3437 1369 3556 1409 cer-

1971 1438 2140 1505 nitur,
2177 1447 2271 1493 aut
2299 1438 2554 1495 consisdt
2588 1439 2899 1506 incolume;
2931 1457 3030 1497 nec
3076 1453 3259 1499 servat
3306 1455 3554 1502 naturam

1969 1545 2144 1594 suam,
2168 1539 2259 1584 aut
2279 1531 2660 1599 pmprictatcm
2689 1533 2903 1587 retinet:
2925 1545 3086 1604 atque
3104 1537 3259 1602 adeo,
3283 1537 3551 1608 inquiunt,

1971 1634 2074 1673 n0u
2105 1622 2221 1673 dine
2252 1633 2376 1675 sunt
2425 1622 2475 1674 in
2510 1621 2725 1678 Christo
2754 1632 2962 1680 naturae
3006 1625 3223 1682 deitatis
3252 1643 3316 1684 ac
3358 1630 3556 1685 burna-

1971 1710 2179 1773 nitatis,
2210 1712 2302 1766 sed
2339 1728 2441 1765 una
2468 1717 2760 1779 duntaxat,
2789 1723 2897 1771 tota
2926 1717 3162 1773 deitatis.
3183 1718 3362 1786 Quare
3389 1721 3555 1777 etiam

1972 1800 2227 1856 Ecclesiae
2277 1802 2558 1857 catholicae
2609 1804 2949 1872 traditiones,
2995 1823 3060 1863 ac
3112 1809 3319 1866 Christi
3373 1825 3557 1867 sacra-

1971 1899 2276 1944 mentorum
2300 1930 2314 1953 ,
2347 1906 2442 1960 pro
2478 1890 2638 1945 unius
2682 1893 2827 1948 illius
2866 1904 3077 1951 natura:
3121 1898 3354 1965 ratione,
3390 1914 3557 1971 quam

1971 1979 2344 2049 hlasphemant
2374 1983 2427 2036 in
2460 1981 2703 2050 Christo,
2752 1994 3052 2054 mutantes,
3085 1988 3338 2044 similiter
3388 2004 3561 2047 novas

1972 2072 2146 2126 tuoliti
2181 2084 2347 2139 sunt;
2385 2088 2448 2127 ac
2478 2086 2948 2131 sacramentorum
2992 2081 3453 2147 communionem,
3499 2081 3557 2136 id

1970 2177 2077 2233 est,
2108 2182 2264 2236 panis
2313 2168 2666 2234 sacriﬁcium,
2695 2169 2786 2240 qui
2817 2179 2903 2227 est
2946 2172 3147 2227 Christi
3199 2187 3353 2237 caro,
3381 2153 3574 2230 haud-5

1970 2278 2243 2332 quaquam
2273 2261 2474 2317 Christi
2521 2260 2615 2316 Dei
2644 2278 2846 2332 corpus
2875 2263 3168 2332 appellant,
3194 2265 3271 2320 uti
3297 2265 3557 2323 Christus

1972 2359 2089 2425 ipse
2120 2355 2280 2421 dixit,
2307 2356 2400 2411 sed
2442 2355 2697 2410 deitatem
2728 2371 2742 2409 :
2772 2356 2946 2427 iisque
2977 2356 3174 2412 fabulis
3205 2374 3270 2415 ac
3298 2360 3565 2435 blasphe-q

1973 2448 2097 2502 miis
2137 2447 2271 2511 nixi,
2321 2447 2450 2515 quin
2505 2447 2685 2516 potius
2739 2462 2840 2501 ceu
2890 2446 3250 2503 arnndincum
3301 2441 3565 2507 baculum.

1972 2538 2072 2593 sibi
2109 2537 2453 2604 adhibentes,
2495 2538 2755 2609 unigeniti
2798 2537 2920 2592 Filii
2962 2540 3056 2593 Dei
3087 2539 3554 2608 incarnationem,

1973 2642 2132 2697 quam
2204 2638 2469 2697 quaterna
2527 2628 2818 2698 EVangelia
2872 2630 3204 2699 ostendunt,
3257 2646 3555 2704 omnesque

1974 2721 2201 2793 apostoli
2236 2737 2360 2776 cum
2388 2721 2609 2777 deileris
2637 2721 2888 2778 Patribus
2919 2725 3240 2795 praedicant,
3273 2724 3308 2779 ii
3335 2726 3555 2795 penitus

1976 2823 2175 2885 negant
2206 2823 2372 2884 atque
2404 2820 2680 2869 evertunt.
3621 2803 3626 2807 ’

370 3083 447 3140 Γ.
486 3083 654 3140 Ὅθεν
700 3085 884 3156 ⁴ίιμεῖς,
927 3086 1049 3157 οὐχὶ
1092 3084 1490 3158 διορθώσασθαι
1522 3089 1720 3156 αὐτοὺς
1753 3088 1875 3162 βου-

2049 3077 2139 3134 Ill.
2181 3077 2446 3145 Quocirca
2496 3090 2623 3142 nos,
2668 3089 2777 3130 non
2813 3083 3069 3146 tanquam
3105 3077 3379 3147 corrigere
3423 3077 3555 3134 veli-

289 3178 514 3249 λόμενοι
552 3178 726 3233 ταῦτα
756 3181 1042 3251 γράφομεν
1067 3198 1081 3212 ·
1111 3180 1509 3253 διορθώσασθαι
1542 3184 1653 3255 γὰρ
1676 3185 1874 3248 αὐτοὺς

291 3268 562 3323 ἀδύνατον
591 3269 823 3332 καὶτοῖς
849 3269 1122 3338 ἀγγέλοις.
1156 3270 1218 3323 Oi
1244 3272 1352 3339 γὰρ
1374 3272 1524 3343 αῦτῷ
1545 3273 1622 3342 τῷ
1653 3273 1876 3345 Χριστῷ

291 3360 379 3432 τῷ
418 3359 534 3430 Υἱῷ
566 3358 663 3413 τοῦ
694 3358 830 3413 Θεοῦ
874 3359 952 3431 τῷ
992 3364 1401 3434 σεσαρκωμένῳ
1448 3363 1590 3435 Θεῷ,
1632 3365 1730 3418 καὶ
1763 3368 1876 3430 τοῖς

291 3454 719 3522 εὐαγγελισταῖς
781 3456 876 3507 καὶ
916 3453 1239 3518 ἀποστόλοις
1280 3457 1447 3511 αὐτοῦ
1484 3457 1557 3528 μὴ
1618 3457 1878 3528 πειθόμεο

290 3564 406 3615 νοι,
448 3547 585 3617 μήτε
625 3545 997 3612 πιστεύοντες,
1035 3546 1144 3600 τίνι
1184 3549 1357 3621 ἑτέρῳ
1389 3550 1529 3621 ἁγίῳ
1571 3548 1876 3622 διδασκάλῳ

292 3639 553 3711 ἑπιγείῳ,
589 3639 623 3708 ἢ
655 3639 965 3712 ἐπουρανίῳ
1009 3638 1227 3709 ἀγγέλῳ
1274 3640 1721 3713 πιστεύσουσινῆ
1759 3659 1878 3695 πει-

295 3732 639 3800 σθήσονται;
704 3730 846 3785 Ἀλλ’
898 3730 984 3786 ενα
1027 3731 1288 3786 ἀσέϐειαν
1338 3733 1433 3787 καὶ
1481 3734 1876 3806 χριστομαχίαν

292 3824 508 3890 αὐτῶν,
529 3824 588 3890 ἐξ
633 3822 802 3879 αὐτοῦ
828 3823 924 3878 τοῦ
957 3824 1221 3896 Χριστοῦ,
1253 3826 1348 3879 καὶ
1386 3826 1481 3880 τοῦ
1513 3827 1874 3897 Εὖαγγελίου,

294 3912 404 3968 καὶ
426 3911 534 3967 τῶν
572 3911 743 3967 αὐτοῦ
782 3912 1099 3967 ἀποστόλων
1134 3912 1476 3982 ὲλέγξαντες,
1511 3916 1637 3979 τοὺς
1673 3917 1737 3970 ὲκ
1776 3918 1876 3989 τῆς

292 4002 584 4074 ὀρθοδόξου
616 4001 852 4065 πίστεως
894 4001 988 4055 ὑπ’
1020 4003 1202 4056 αὐτῶν
1245 4004 1333 4057 διά
1358 4004 1559 4069 παντὸς
1584 4005 1877 4078 πλανωμέὲ

295 4111 431 4158 νους
459 4095 522 4148 ὲκ
554 4094 653 4166 τῆς
680 4092 862 4148 αὐτῶν
885 4094 1141 4158 ἀσεϐείας
1168 4093 1648 4167 ὲλευθερώσωμεν.
1677 4099 1740 4152 El
1766 4099 1876 4170 γὰρ

290 4183 432 4241 οὔτε
480 4184 555 4255 τῷ
609 4184 832 4255 Χριστῷ
873 4185 1193 4238 πιστεύουσι
1236 4188 1364 4257 περὶ
1395 4188 1590 4242 ἑαυτοῦ
1640 4189 1875 4259 λέγοντι,

292 4279 431 4333 οὔτε
462 4282 572 4343 τοῖς
620 4278 1043 4347 εὐαγγελισταῖς
1085 4278 1182 4331 καὶ
1223 4279 1544 4344 ἀποστόλοις
1571 4280 1875 4351 πείθονται,

288 4375 418 4435 τοῖς
464 4371 627 4425 αὐτὸν
681 4370 1103 4441 σεσαρκωμένον
1141 4371 1265 4424 καθ’
1316 4372 1464 4442 ἡμᾶς
1494 4373 1903 4444 κηρύττουσιν,

1976 3187 2129 3238 mus,
2188 3172 2263 3226 ita
2323 3170 2648 3237 scribimus;
2703 3184 2828 3223 nam
2888 3183 2989 3224 nec
3039 3170 3211 3240 angeli
3262 3172 3559 3227 emendare

1975 3266 2209 3335 possint.
2242 3262 2343 3330 Qui
2380 3262 2524 3317 enim
2557 3277 2656 3317 nec
2680 3261 2781 3330 ipsi
2822 3261 3042 3316 Christo
3073 3263 3163 3316 Dei
3211 3260 3348 3317 Filio
3372 3262 3558 3317 incar-

1976 3368 2124 3422 nato,
2178 3354 2405 3425 ejusque
2466 3354 2816 3422 evangelistis
2874 3368 2940 3407 ac
2992 3354 3252 3421 apostolis
3301 3356 3554 3422 credunt,

1975 3449 2159 3519 utique
2188 3462 2288 3501 nec
2332 3446 2427 3500 ulli
2468 3445 2558 3499 alii
2606 3455 2822 3498 terreno
2867 3444 3098 3509 doctori,
3141 3454 3303 3498 autve
3341 3445 3553 3501 caelesti

1974 3539 2164 3610 angelo
2192 3538 2495 3602 credentes,
2532 3535 2689 3590 [idem
2717 3534 2826 3589 sint
2854 3536 3115 3600 habituri,
3146 3551 3208 3589 ac
3237 3536 3318 3591 eis
3348 3551 3553 3591 morem

1975 3629 2218 3703 gesturi:
2250 3630 2346 3683 sed
2379 3636 2436 3682 ut
2472 3641 2658 3682 eorum
2691 3627 3028 3696 impietatem
3077 3639 3142 3681 ac
3183 3626 3234 3682 in
3275 3626 3554 3682 Christum

1976 3722 2198 3777 hostiles
2242 3720 2475 3785 animos,
2530 3734 2596 3772 ex
2650 3718 2772 3787 ipso
2836 3717 3081 3784 Christo,
3131 3732 3195 3773 ac
3241 3717 3553 3789 Evangelio,

1976 3813 2200 3884 ejusque
2231 3812 2496 3883 apostolis
2526 3820 2908 3880 coarguentes,
2953 3825 3091 3880 quos
3137 3811 3213 3865 illi
3257 3812 3323 3866 de
3367 3812 3558 3866 ortho-

1977 3907 2241 3961 doxorum
2272 3904 2473 3959 castris
2505 3903 2558 3957 in
2591 3917 2834 3957 errorem
2863 3901 3144 3971 impellere
3171 3917 3277 3956 non
3312 3913 3554 3969 cessant,

1977 3993 2287 4053 ab'eorum
2336 3995 2615 4065 impietate
2664 3993 2979 4048 liberemus.
3040 3991 3176 4047 Cum
3241 3992 3388 4048 enim
3454 4008 3558 4049 nec

1975 4091 2190 4148 Christo
2217 4090 2283 4145 de
2316 4103 2375 4144 sc
2400 4087 2637 4157 loquenti
2676 4086 2922 4150 credant,
2964 4101 3063 4141 nec
3107 4085 3457 4156 evangelistis
3489 4100 3556 4141 ac

1977 4182 2238 4254 apostolis
2275 4181 2666 4252 obsequantur,
2701 4178 2794 4249 qui
2829 4191 2953 4231 eum
2997 4177 3156 4234 nobis
3195 4178 3424 4234 similem
3465 4178 3557 4234 in-

1978 4284 2260 4329 carnatum
2297 4271 2627 4343 praedicant;
2655 4284 2755 4324 nec
2786 4268 2993 4324 sanctis
3023 4283 3088 4323 ac
3126 4268 3345 4324 deiferis
3379 4266 3558 4324 Patri-

1978 4366 2081 4422 bus
2117 4367 2489 4436 acquiescant,
2519 4364 2608 4432 qui
2643 4362 2709 4417 iis
2742 4376 3000 4425 consone,
3036 4362 3335 4432 perlectum
3387 4362 3555 4418 Deum

291 4466 431 4519 οὒτε
452 4467 564 4528 τοῖς
594 4465 770 4532 ἁγίοις
797 4463 893 4517 καὶ
920 4462 1197 4532 θεοφόροις
1222 4463 1499 4536 Πατράσιν
1524 4465 1875 4536 ἀρέσκονται,

1984 4474 2049 4513 ac
2072 4457 2375 4528 perfectum
2408 4457 2701 4521 hominem,
2728 4454 2781 4508 in
2813 4453 3026 4509 duabus
3058 4453 3313 4523 perfectis
3348 4452 3558 4508 naturis

291 4558 417 4619 τοῖς
451 4554 757 4626 σλμφώνως
785 4554 991 4609 τέλειον
1016 4553 1174 4621 Θεὸν,
1206 4554 1301 4608 καὶ
1332 4554 1536 4610 τέλειον
1567 4558 1877 4629 ἄνθρωπον,

290 4652 365 4704 ἐν
395 4645 489 4702 δύο
525 4647 772 4710 ,τελείαις
822 4647 1018 4716 φύσεσι
1063 4647 1155 4702 τὸν
1193 4648 1430 4728 Χριστὸν
1472 4649 1829 4719 ὁμολογοῦσιν
1861 4666 1876 4684 ⁶

290 4742 432 4799 οὔτε
475 4743 534 4798 δὲ
580 4745 701 4806 ταῖς
756 4743 913 4806 ἰδίαις
961 4742 1168 4796 ἑαυτῶν
1225 4746 1628 4813 πανηγυρικαῖς
1676 4745 1883 4815 βίϐλοις

288 4835 645 4900 πιστεύουσι,
678 4833 772 4887 δύο
801 4832 1015 4903 φύσεις,
1047 4832 1142 4886 καὶ
1169 4832 1263 4887 δύο
1298 4835 1581 4904 ἐνεργείας
1608 4836 1701 4889 ἐπὶ
1742 4837 1879 4905 Χρι-

292 4928 440 4984 στοῦ
496 4926 903 4992 διδασκούσαις,
956 4925 1140 4989 καθὼς
1194 4926 1459 4998 μυριάκις
1518 4927 1883 4999 ὑπεδείξαμεν

288 5023 491 5083 αὐτοῖς
524 5021 588 5073 ὲκ
612 5020 720 5073 τῶν
753 5019 903 5073 ίδίων
941 5018 1121 5072 αὑτῶν
1161 5018 1402 5087 βιϐλίων,
1438 5020 1536 5073 κα)⁸
1566 5023 1633 5091 τῇ
1684 5020 1885 5092 Ἀρμε-

284 5112 433 5168 νίων
458 5110 720 5182 διαλέκτῳ
738 5108 1162 5181 γεγραμμένων,
1188 5110 1302 5172 πῶς
1328 5110 1430 5164 οὐκ
1457 5111 1565 5164 εἰσὶ
1593 5111 1885 5181 προφανῶς

288 5206 686 5278 χριστομάχοι,
711 5205 823 5272 ίκαὶ
867 5204 1185 5272 Μανιχαῖοι,
1234 5202 1364 5277 μίαν
1406 5204 1569 5274 φύσιν
1622 5206 1716 5259 καὶ
1756 5205 1885 5277 μίαν

290 5301 587 5370 ἐνέργειαν
618 5300 676 5351 ὲν
707 5296 929 5369 Χριστῷ
959 5297 1407 5367 βλασφημοῦντες
1428 5299 1506 5369 (5)
1537 5296 1635 5372 τὴν
1664 5298 1883 5372 σάρκω·

286 5411 426 5459 an;
471 5395 533 5447 Ei
562 5393 691 5464 γὰρ,
724 5392 860 5446 ἄλλα
901 5393 998 5464 μὲν
1020 5392 1049 5444 6
1076 5392 1314 5465 Χριστὸς
1344 5392 1589 5451 διδάσκει
1631 5395 1761 5467 περὶ
1789 5393 1882 5447 αὖ.

270 5488 421 5545 τοῦ,
460 5487 552 5538 καὶ
579 5487 631 5540 οἱ
679 5483 1091 5552 εὐαγγελισταὶ,
1141 5482 1234 5536 καὶ
1263 5483 1313 5535 οί
1354 5482 1662 5546 ἀπόστολοι,
1708 5481 1803 5536 καὶ
1831 5481 1881 5540 oi

281 5584 452 5643 ἅγιοι
482 5579 722 5649 Πατέρες
741 5592 755 5606 ·
788 5570 942 5631 οῦτοι
968 5575 1027 5632 δὲ
1063 5573 1230 5647 ἕτερα
1258 5573 1477 5634 ἐναντία
1510 5574 1607 5630 τοῦ
1638 5573 1881 5648 Χριστοῦ

376 5705 454 5773 (‘21
496 5703 637 5775 Lege
671 5705 698 5757 ὃ
728 5706 985 5774 Χριστός.

377 5779 455 5846 (5)
501 5782 655 5831 Deest
686 5779 845 5846 μετὰ.

1981 4548 2256 4605 Christum
2310 4542 2671 4604 conﬁtentur:
2719 4563 2784 4602 ac
2829 4561 2929 4602 nec
2976 4546 3211 4617 pr0priis
3244 4560 3432 4602 eorum
3477 4546 3558 4618 (ι)

1980 4642 2190 4699 festivis
2217 4640 2368 4697 libris
2402 4641 2637 4696 habeant
2665 4640 2845 4705 tidem,
2899 4639 3095 4709 quibus
3137 4639 3272 4691 duas
3312 4648 3557 4703 naturas,

1982 4750 2049 4791 ac
2091 4734 2225 4789 duas
2268 4733 2611 4802 operationes
2660 4732 2725 4786 in.
2771 4730 2989 4785 Christo
3037 4729 3321 4789 docentur,
3356 4728 3432 4780 uti
3484 4742 3556 4781 ex

1986 4829 2176 4885 iisdem
2215 4828 2349 4899 ipsis
2375 4825 2529 4882 libris
2558 4824 2740 4895 lingua
2772 4821 3059 4876 Armeuica
3089 4818 3329 4888 scriptis,
3361 4817 3559 4872 millies

1976 4901 2088 4977 illis
2133 4920 2517 4991 probavimus;
2566 4917 2837 4986 quomodo
2869 4927 2980 4968 non
3023 4909 3310 4981 perspicue
3351 4908 3559 4965 Christi

1983 5014 2168 5069 hostes
2190 5022 2318 5068 sunt
2342 5026 2405 5067 ac
2435 5007 2739 5071 Manichaai,
2770 5004 2863 5073 qui
2895 5017 3056 5057 unam
3085 5010 3340 5055 naturam
3372 5012 3560 5054 unam-

1981 5113 2090 5179 que
2142 5108 2515 5178 operationem
2567 5101 2621 5154 in
2686 5097 2900 5154 Christo
2948 5104 3070 5165 post
3125 5092 3559 5149 incarnationem

1984 5198 2405 5272 blasphement?
2459 5193 2739 5263 Siquidem
2790 5189 2978 5256 enim,
3029 5187 3280 5244 Christus
3337 5180 3560 5256 quidem

1987 5298 2103 5367 ipse
2153 5294 2258 5348 alia
2311 5293 2379 5346 de
2426 5291 2628 5360 seipse,
2679 5299 2745 5341 ac
2794 5282 3138 5351 evangelista:
3189 5295 3255 5335 ac
3304 5277 3558 5349 apostoli,

1987 5387 2270 5458 sanctique
2304 5383 2493 5438 Patres
2525 5384 2758 5445 docent;
2786 5378 2840 5432 hi
2860 5385 3040 5430 autem
3068 5373 3196 5437 alia,
3234 5371 3473 5435 Christo,
3504 5376 3561 5424 et

1987 5477 2334 5552 evangebstis
2403 5490 2469 5532 ac
2537 5471 2798 5543 apostolis
2862 5468 3138 5525 contraria
3166 5465 3471 5534 loquuntur
3495 5476 3560 5516 ac

1989 5572 2309 5644 praedicant,
2342 5581 2461 5639 qua:
2484 5579 2658 5637 neque
2683 5561 2960 5626 Christus,
2993 5572 3168 5628 neque
3189 5554 3556 5627 evangelista,

2051 5701 2128 5773 (ι)
2172 5699 2380 5770 Potius,
2413 5698 2655 5756 omnium
2683 5694 2940 5753 manibus
2970 5691 3135 5749 tritis.
