3968 6220
606 224 741 290 1159

1670 221 1918 282 ISAACI
1962 206 2336 281 Anan;an
2371 219 2780 282 CA'rnouel

3625 236 3715 303 1160

601 354 776 409 neque
803 339 1032 409 apostoli
1058 337 1343 399 dixerunt;
1373 335 1497 407 quid
1519 335 1663 389 aliud
1683 335 1996 400 ostendunt,
2019 350 2167 403 quan

2287 334 2382 388 καὶ
2416 335 2525 387 τῶν
2563 335 2970 403 εὑαγγελιστῶν
3015 337 3112 391 καὶ
3160 338 3443 395 ἅποττόλων
3473 342 3644 414 λέγουσι
3662 356 3719 407 καὶ

599 448 658 487 se
687 430 888 501 liquido
920 430 1192 484 Christum
1228 442 1445 495 negare,
1480 441 1543 482 ac
1586 425 1952 494 Et’angeliunt,
2000 426 2172 481 facto-

600 538 733 592 sque
777 520 1143 588 apostolorum
1196 520 1405 584 hostes,
1452 535 1517 574 ac
1567 528 1873 573 sanctorum
1911 516 2176 570 Patrum?

2281 425 2635 496 κηρύττουσι,
2662 428 2805 498 ἅπερ
2831 426 2956 482 οὔτε
2987 430 3016 483 6
3045 432 3290 502 Χριστὸς,
3317 432 3429 487 οὔτε
3453 437 3495 489 οἱ
3520 440 3721 510 aiunth-
3824 436 3825 443 “

2287 518 2412 571 arei.
2441 521 2533 571 καὶ
2568 519 2618 572 οἱ
2648 520 2937 574 ἀπόστολοι
2965 523 3216 591 είρήκασι
3243 538 3255 548 ·
3282 526 3331 577 τί
3349 525 3510 594 ἓτερον
3534 530 3723 587 δεικνύοι).

601 635 706 679 σιν,
750 617 783 686 ἦ
831 618 912 669 ὃτι
959 616 1253 685 προφανῶς
1288 616 1520 687 άρνηταὶ
1559 614 1653 667 τοῦ
1702 614 1940 686 Χριστοῦ
2000 614 2095 666 xui.
2157 614 2253 668 τοῦ
2288 614 2643 684 Εὑαγγελίου,
2710 616 2897 687 ἐχθροὶ
2947 617 3005 671 δὲ
3050 617 3159 670 τῶν
3207 620 3510 688 ἀποστόλων,
3550 627 3621 678 καὶ
3652 629 3723 683 τῶν

598 706 771 777 ἁγίων
804 709 1053 778 πολέμιοι
1078 708 1369 777 γεγόνασιν
1390 724 1406 773 ;

668 804 756 859 Ν.
801 802 991 856 Dicant
1036 801 1216 868 itaque
1249 800 1403 855 nobis
1447 798 1667 868 pessimi
1710 797 1947 854 haeretici
1978 798 2171 851 Arme-

596 896 698 959 nii,
751 893 1020 948 tenebrosi
1082 892 1155 944 illi
1214 891 1357 944 circa
1409 889 1612 949 lumen.
1666 904 1791 958 erga
1843 889 2169 956 sapientiam

599 988 925 1051 insolentes,
968 999 1067 1052 pro
1106 983 1300 1052 quibus
1337 980 1585 1036 Clll'liltls
1643 981 1814 1047 gratis
1858 981 2172 1034 incarnatus

597 1085 702 1142 est,
732 1079 940 1146 ingrata
972 1085 1173 1135 eteata,
1203 1073 1323 1127 tnali
1353 1074 1638 1142 figmenta:
1672 1073 1947 1135 nndc,'aut
1978 1070 2173 1138 quibus

596 1185 664 1223 ex
697 1164 1043 1235 ('tttttgviiSliS
1091 1181 1153 1219 ac
1187 1164 1468 1232 apostolis,
1496 1163 1576 1216 vel
1629 1162 1851 1215 deireris
1903 1160 2171 1222 Pati-ibus,

604 1260 880 1315 iltVL‘lllitlll
940 1261 1078 1312 hanc
1145 1256 1511 1324 negationem,
1564 1264 1621 1308 ttt
1670 1254 1944 1316 Christus,
2001 1264 2176 1320 neque

597 1367 817 1406 carnem
878 1348 1101 1413 haheat,
1164 1360 1338 1414 neque
1403 1360 1568 1410 ossa,
1634 1358 1811 1414 neque
1879 1344 2173 1396 humanam

598 1449 875 1504 naturam,
933 1453 1110 1506 neque
1164 1436 1515 1500 voluntatem,
1558 1450 1735 1505 neque
1781 1433 2173 1503 operationem,

597 1532 894 1600 praedicent
928 1545 1069 1584 :ncc
1108 1527 1277 1583 solam
1323 1526 1650 1594 simplicem,
1686 1541 1747 1578 ac
1778 1525 1923 1577 omni
1977 1523 2172 1575 nudam

598 1623 990 1691 compositione
1033 1621 1332 1682 deitatem,
1362 1633 1629 1685 unamque
1666 1628 1913 1669 naturam
1953 1632 2013 1669 ac.
2044 1633 2173 1684 ope-

595 1714 888 1775 rationem,
921 1712 997 1764 uti
1026 1710 1189 1764 etiam
1229 1717 1356 1763 ante
1386 1709 1837 1771 incarnationem,
1872 1708 1923 1760 in
1961 1710 2175 1762 Christo

595 1804 975 1872 praedicantes,
1040 1799 1345 1856 horreant?
1399 1798 1437 1852 li
1490 1799 1770 1854 enimvero
1831 1799 2171 1868 impii-talum

601 1895 1036 1965 redargutionem
1094 1892 1371 1956 timentes,
1438 1891 1694 1945 simulate
1776 1892 2107 1960 respoodent
2156 1909 2170 1946 :

595 1986 676 2041 Ita
704 2001 856 2049 vero,
890 1984 1163 2041 Christum
1197 1986 1361 2039 Detnn
1395 2000 1459 2038 ac
1506 1984 1776 2038 hominem
1807 1985 2056 2038 dicimus.
2094 1982 2173 2037 Ad

595 2093 734 2148 quos
757 2077 1085 2132 dicendum:
1120 2075 1262 2130 Bene
1288 2077 1354 2131 de
1389 2078 1543 2132 vobis
1568 2077 1785 2146 scripsit
1821 2091 2046 2145 magnus
2088 2075 2175 2129 ille

598 2168 893 2239 Gregorius
956 2166 1299 2235 Theologus:
1338 2186 1357 2219 ι
1419 2166 1538 2222 Non
1599 2166 1816 2222 invenio
1871 2165 2171 2234 simplicem

595 2260 971 2314 Armeniorum
1026 2258 1339 2325 nationem;
1370 2259 1462 2315 sed
1500 2258 1654 2314 valde
1691 2265 1884 2312 tectam
1917 2272 1979 2310 ac
2020 2257 2174 2311 dolo-

597 2366 712 2406 smn
740 2351 841 2420 (5).
877 2368 895 2401 ι
922 2348 1035 2403 lloe
1057 2360 1163 2413 est,
1200 2364 1305 2403 non
1343 2359 1519 2405 rectos
1542 2366 1603 2405 ac
1630 2362 1863 2420 apertos,
1897 2351 1992 2405 sed
2015 2351 2173 2405 valde

586 2434 864 2512 malignos
899 2456 962 2496 ac
1010 2440 1274 2496 occultos.
1308 2439 1589 2510 Siquidem
1640 2442 1786 2497 enim
1844 2443 1896 2496 in
1934 2443 2170 2508 Christo,

595 2550 774 2606 neque
802 2549 1022 2590 carnem
1080 2549 1143 2589 ac
1173 2549 1299 2588 ossa
1333 2535 1687 2599 conﬁtemini,
1723 2550 1896 2604 neque
1939 2535 2173 2590 hominis

596 2638 874 2693 naturam,
922 2640 1098 2696 neque
1143 2627 1536 2694 operationem,
1581 2642 1680 2681 nec
1730 2627 1872 2682 servi
1923 2626 2170 2693 formam,

598 2733 700 2772 nec
752 2732 950 2785 corpus
1008 2715 1286 2786 passibile,
1337 2732 1402 2771 ac
1465 2717 1717 2779 mortale,
1767 2716 2171 2785 olntoxiumque

600 2809 962 2879 corruptioni,
989 2824 1051 2862 ac
1079 2807 1321 2878 ejusdem
1371 2807 1647 2863 nobiscum
1681 2808 2028 2874 substantiae;
2075 2809 2168 2864 sed

598 2911 848 2955 naturam
904 2914 1090 2963 unam,
1148 2904 1314 2953 totam
1376 2899 1653 2963 deitatem,
1714 2900 2039 2968 simplicem,
2105 2915 2243 2981 acc

596 2998 871 3059 expertem
903 2985 1312 3057 compositioiiis
1356 3005 1375 3044 :
1420 2990 1513 3058 qui
1557 3004 1650 3044 vos
1683 2989 1867 3058 .Deum
1899 3005 1963 3045 ac
1998 2992 2172 3046 homi-

598 3095 726 3136 nem
771 3080 1042 3145 simulate,
1078 3081 1145 3134 ad
1183 3079 1458 3133 auditores
1488 3079 1855 3147 decipiendos,
1895 3081 2168 3136 Christum

596 3172 779 3228 dicere
809 3185 913 3224 non
951 3170 1152 3239 pudet?
1198 3169 1328 3236 Quis
1357 3180 1658 3238 quantusve
1705 3170 1868 3225 homo
1900 3172 2169 3240 Christus,

595 3264 689 3335 qui
716 3280 817 3318 nec
836 3278 1075 3326 carnem,
1100 3276 1199 3317 nec
1226 3276 1369 3327 ossa,
1391 3276 1489 3315 nec
1513 3261 1653 3316 servi
1685 3261 1880 3316 habeat
1913 3262 2165 3331 formam;

596 3372 698 3414 nec
725 3363 976 3412 naturam
1022 3355 1279 3419 hominis,
1317 3369 1417 3408 nec
1444 3352 1796 3419 voluntatem,
1831 3368 1930 3408 nec
1970 3368 2168 3424 opera-

594 3451 822 3516 tionem,
858 3463 956 3504 nec
985 3455 1168 3515 caput,
1201 3461 1301 3501 nec
1335 3460 1544 3506 manus,
1588 3458 1683 3499 nec
1715 3443 1920 3514 pedes?
1943 3444 2094 3511 Quod
2122 3445 2166 3499 si

593 3543 775 3597 omnia
806 3542 919 3596 haec
945 3540 1220 3595 Christum
1267 3538 1467 3593 habere
1500 3536 1764 3603 fatemini,
1798 3545 1958 3605 atque
1989 3536 2041 3591 id
2073 3550 2165 3591 ve-

594 3633 778 3697 ritate,
832 3646 939 3686 non
991 3631 1350 3701 apparentia,
1402 3631 1673 3699 quomodo
1720 3643 1825 3683 non
1885 3630 2167 3698 perspicue

594 3725 732 3780 duas
771 3724 934 3780 habet
972 3735 1217 3789 naturas,
1255 3723 1492 3777 divinam
1539 3733 1701 3791 atque
1751 3723 2076 3787 humanam,
2107 3730 2167 3777 ut

594 3817 759 3871 etiam
798 3819 905 3871 duo
933 3815 1176 3878 nomina,
1207 3813 1300 3871 Dei
1350 3813 1604 3869 nimirum
1649 3826 1714 3866 ac
1743 3811 1978 3867 hominis
2020 3810 2164 3867 obti-

595 3909 723 3963 net?
755 3908 1089 3978 Quapropter
1118 3908 1311 3976 liquet,
1344 3921 1466 3960 cum
1519 3919 1627 3959 non
1681 3904 1817 3959 duas
1858 3912 2080 3959 naturas
2106 3904 2160 3958 in

595 3999 815 4057 Christo
841 4000 1142 4068 fateamini,
1165 3999 1330 4053 Deum
1364 4013 1460 4053 vos
1490 4013 1553 4053 ac
1582 3997 1851 4053 hominem
1881 3995 2161 4051 Christum

597 4093 779 4148 dicere
814 4108 910 4161 per
940 4093 1365 4157 simulationem,
1396 4100 1455 4144 ut
1488 4090 1766 4143 auditores
1796 4088 2102 4158 decipiatis.

673 4180 735 4235 V.
769 4180 1046 4251 Siquidem
1087 4196 1216 4249 ergo
1264 4178 1465 4234 Christi
1493 4192 1622 4233 caro
1663 4178 1937 4233 demutata
1991 4188 2074 4233 est
2104 4177 2156 4231 in

2349 799 2426 853 A'.
2468 799 2796 854 Είπάτωσαν
2822 795 2916 854 οῦν
2952 800 3084 870 ἡμῖν
3126 801 3176 854 οἱ
3202 805 3518 874 παμπόνηροι
3541 808 3723 880 αἱρετικά

2287 890 2564 961 Ἀρμένιοι
2599 908 2614 921 ο
2654 893 2704 945 οἱ
2746 894 3013 945 σκοτεινοὶ
3054 893 3181 961 περὶ
3225 893 3282 946 τὸ
3316 895 3456 962 φῶς·
3482 900 3522 950 οἱ
3550 902 3644 971 περὶ
3663 905 3723 973 τὴν

2276 982 2471 1050 σοφίαν
2509 981 2829 1036 ἀπαίδευτοι
2852 998 2866 1012 ’
2896 982 3039 1054 ὑπὲρ
3065 977 3140 1037 ὦν
3172 985 3392 1055 Χριστὸς
3425 987 3591 1058 δωρεὰν
3617 993 3724 1066 iasp-

2275 1073 2429 1142 κὼθη
2458 1090 2473 1106 ι
2517 1074 2586 1128 τά
2643 1074 2917 1144 ἀχάριστα
2969 1076 3244 1142 κτίσματα
3271 1092 3287 1108 ⁸
3332 1078 3396 1131 τὰ
3446 1082 3525 1132 τοῦ
3563 1088 3722 1155 πονηροῦ

2277 1163 2614 1233 πλάσματα·
2658 1165 2844 1230 πόθεν,
2883 1165 2914 1235 ἢ
2969 1166 3035 1217 ἐκ
3087 1167 3255 1219 ποίοιν
3306 1167 3636 1239 εὑαγγελιστῶν
3666 1180 3724 1228 ni

2277 1256 2616 1317 ἀποστόλων,
2652 1255 2684 1326 ἢ
2720 1256 2999 1327 θεοφόρων
3039 1258 3297 1327 Πατέρων
3342 1261 3522 1333 ταύτην
3556 1266 3725 1334 εὑρόντες

2275 1346 2374 1418 τὴν
2398 1347 2650 1419 ἄρνησιν,
2694 1350 2831 1418 μήτε
2860 1350 3039 1420 σάρκα
3065 1351 3159 1402 καὶ
3192 1351 3342 1417 ὀστᾶ,
3374 1353 3493 1421 μήτε
3532 1354 3650 1423 φύσιν
3668 1360 3724 1410 ἀκοὴ

2281 1434 2580 1507 θρωπίνην,
2620 1440 2756 1508 μήτε
2800 1438 3043 1509 θέλησιν,
3080 1441 3219 1511 μήτε
3263 1442 3518 1513 ἐνέργειαν
3548 1445 3652 1514 ἔχειν
3670 1449 3724 1500 τὶν

2281 1526 2518 1595 Χριστδν
2564 1528 2900 1598 κηρύττουσι
2923 1545 2938 1558 ⁶
2984 1530 3217 1600 θεότητα
3247 1533 3299 1585 δὲ
3335 1535 3483 1603 μόνην
3510 1538 3645 1606 ἁπλῆν
3667 1541 3724 1593 καὶ

2277 1612 2591 1677 ἀσύνθετον,
2619 1617 2709 1667 καὶ
2740 1618 2867 1683 μίαν
2896 1617 3060 1685 φύσιν
3084 1620 3179 1670 καὶ
3208 1619 3482 1689 ἐνέργειαν,
3500 1622 3557 1684 ὡς
3573 1623 3640 1675 καὶ
3663 1625 3723 1693 πρὸ

2274 1706 2373 1773 τῆς
2400 1708 2729 1775 σαρκώσεως
2757 1710 2813 1759 ὲν
2844 1709 2886 1760 Χ
2898 1708 3065 1778 ριστῴ
3094 1709 3459 1779 κηρῦττοντες,
3487 1714 3535 1763 οὐ
3557 1715 3722 1781 φρίττου-

2277 1814 2397 1862 σιν;
2438 1800 2499 1851 Οἱ
2529 1798 2584 1851 δὲ
2618 1798 2709 1851 τὸν
2752 1798 2972 1869 ἔλεγχον
3021 1801 3133 1853 τῶν
3188 1799 3436 1855 ἀσεϐειῶν
3466 1804 3722 1873 ὑφορώμεγι,

2274 1893 2334 1945 ὲν
2364 1891 2652 1961 ὑποκρίσει
2684 1894 3071 1963 ἀποκρίνονται
3101 1908 3115 1922 ⁸
3159 1895 3290 1961 Ναὶ,
3347 1898 3509 1963 φασὶν,
3543 1898 3639 1951 Θείν
3666 1901 3721 1953 καὶ

2274 1981 2562 2053 ἄνθρωπον
2602 1983 2837 2054 λέγομεν
2865 1984 2956 2038 τὸν
2999 1985 3258 2053 Χριστόν.
3301 1988 3433 2058 Πρὸς
3462 1986 3541 2052 οὓς
3572 1991 3721 2059 ῥητέον·

2273 2071 2358 2125 ὅτι
2405 2072 2586 2137 καλῶς
2616 2073 2827 2144 ἔγραψε
2879 2075 3008 2145 περὶ
3041 2077 3200 2146 ὑμῶν
3230 2079 3258 2131 6
3292 2079 3448 2148 μέγας
3475 2079 3722 2149 Γρηγόριοςὸ

2273 2161 2537 2231 Θεολόγος
2561 2180 2576 2197 ·
2610 2182 2629 2216 ε
2664 2166 2777 2235 Οὑχ
2817 2163 3021 2220 ἁπλοῦν
3047 2167 3208 2235 γένος
3243 2168 3461 2239 εὑρίσκω
3481 2171 3568 2223 τῶν
3594 2172 3725 2241 Ἀρμε·

2272 2256 2402 2310 νίων
2423 2272 2438 2287 ⁸
2463 2256 2597 2310 ἀλλὰ
2616 2257 2738 2310 λίαν
2759 2274 2862 2329 κρυ
2872 2258 3000 2311 πτόν
3030 2276 3091 2312 τε
3116 2261 3213 2312 καὶ
3238 2260 3427 2329 ὕφαλον
3451 2279 3463 2291 ·
3486 2282 3502 2315 i
3519 2266 3723 2329 τουτέστιν,

2273 2346 2373 2398 οὐκ
2412 2346 2606 2417 ὀρθοὺς
2637 2348 2733 2401 καὶ⁷
2767 2352 3057 2418 φανεροὺς,
3106 2351 3246 2405 ἀλλά
3289 2353 3379 2405 καὶ
3414 2354 3582 2425 σφόδρα
3615 2370 3725 2422 πονη-

2275 2439 2403 2510 ροὺς
2437 2439 2531 2493 καὶ
2560 2440 2848 2510 κρυφίους.
2884 2441 2946 2496 Ei
2971 2443 3080 2514 γὰρ
3111 2446 3251 2516 μήτε
3277 2445 3446 2516 σάρκα
3484 2450 3559 2499 καὶ
3584 2448 3723 2498 όστᾶέν

2272 2528 2495 2602 Χριστῷ
2540 2531 2856 2603 ὁμολογεῖτε
2888 2548 2903 2562 ·
2943 2534 3082 2602 μήτε
3133 2535 3297 2602 φύσιν
3338 2535 3600 2607 ἀνθρώπω,
3637 2535 3723 2603 μήτε

2272 2620 2578 2691 ἐνέργειαν,
2612 2622 2753 2692 μήτε
2788 2621 2977 2675 δούλου
3013 2624 3257 2696 μορφὴν,
3298 2628 3425 2696 μήτε
3466 2627 3591 2696 σῶμα
3614 2624 3726 2707 πορη-

2271 2713 2384 2778 τὶν,
2419 2712 2512 2766 καὶ
2545 2712 2759 2784 θνητὸν,
2798 2715 2891 2766 καὶ
2925 2714 3192 2784 φθαρτὸν,
3220 2720 3314 2771 καὶ
3346 2718 3464 2788 ἡμῖν
3491 2714 3724 2787 ὁμοοὺσιονο

2272 2805 2409 2858 ἀλλὰ
2441 2803 2572 2875 μίαν
2609 2805 2797 2874 φύσιν,
2829 2804 2960 2874 ὅλην
2994 2805 3251 2878 θεότητα,
3279 2810 3444 2878 ἁπλῆν
3467 2809 3545 2862 καὶ
3574 2807 3726 2862 ἀσύνθε-

2273 2913 2403 2950 τον·
2444 2896 2562 2960 πῶς
2610 2896 2742 2950 Θεὸν
2795 2898 2890 2949 καὶ
2938 2898 3235 2968 ἄνθρωπον
3273 2901 3329 2953 ἐν
3374 2900 3607 2970 ὑποκρίσει
3640 2898 3725 2967 πρὸς

2275 2988 2496 3058 ἀπάτην
2534 2989 2645 3043 τῶν
2674 2988 2984 3044 ἀκουόντων
3024 2990 3303 3059 λέγοντες,
3348 2993 3439 3046 οὐκ
3473 2989 3723 3061 αἰσχύνεσθῦ

2274 3082 2524 3147 Ποταπὸς
2545 3080 2832 3155 ἄνθρωπός
2859 3085 3009 3139 ἐστιν
3037 3085 3065 3137 6
3095 3086 3353 3156 Χριστος,
3386 3084 3454 3157 μὴ
3480 3086 3588 3155 ἔχων
3608 3082 3724 3151 cipit:

2272 3175 2365 3227 καὶ
2406 3172 2539 3226 ὀστᾶ
2571 3176 2666 3227 καὶ
2706 3174 2919 3245 μορφὴν
2953 3173 3173 3241 δούλου,
3219 3177 3311 3229 καὶ
3348 3173 3723 3244 φύσινάνθρίὶοταδ.

2271 3266 2367 3321 καὶ
2390 3266 2631 3338 θέλησιν,
2654 3268 2747 3320 καὶ
2778 3267 3082 3339 ἐνέργειαν,
3115 3270 3212 3323 καὶ
3237 3269 3480 3341 κεφαλὴ-ι,
3497 3267 3574 3320 καὶ
3587 3265 3725 3336 χεῖρας,

2271 3358 2367 3413 καὶ
2397 3358 2594 3423 πόδαςῖ
2634 3358 2696 3411 El
2731 3357 2789 3411 δὲ
2812 3358 2989 3412 ταῦτα
3023 3359 3205 3413 πάντα
3235 3360 3523 3431 ὁμολογεῖτε
3546 3359 3652 3427 ἔχειν
3671 3354 3726 3405 τὸν

2269 3448 2506 3523 Χριστὸν
2536 3451 2594 3503 ὲν
2621 3450 2874 3521 ἀληθείᾳ,
2908 3450 3001 3504 καὶ
3043 3453 3104 3503 οὗ
3136 3452 3356 3524 δοκήσει
3382 3468 3396 3483 ·
3430 3451 3532 3514 πῶς
3557 3451 3632 3503 οὐκ
3656 3446 3725 3513 ἔχει

2268 3541 2568 3614 προφανῶς
2608 3541 2702 3595 δύο
2744 3542 2936 3610 φύσεις
2968 3542 2997 3595 6
3031 3544 3270 3613 Χριστός
3291 3560 3310 3576 ·
3338 3545 3546 3609 θεότητα
3580 3541 3649 3593 καὶ
3670 3538 3726 3588 ἄν·

2269 3631 2616 3703 θρωπότητα,
2651 3631 2841 3704 ὥσπερ
2871 3632 2985 3703 ἔχει
3016 3632 3110 3687 δύο
3139 3634 3397 3705 ὀνόματα,
3430 3631 3542 3687 Θεοῦ
3576 3629 3645 3683 καὶ
3668 3628 3724 3681 ἂν·

2269 3724 2489 3795 θρώπου
2515 3741 2531 3792 ;
2562 3724 2728 3779 Ὅθεν
2772 3725 3042 3796 πρόδηλον
3076 3727 3161 3781 ὅτι
3196 3727 3291 3781 δύο
3317 3727 3493 3797 φύσεις
3515 3717 3727 3792 ἕν’Χριστῷ

2269 3817 2345 3887 μὴ
2367 3816 2782 3885 ὁμολογοῦντες,
2807 3816 2940 3871 Θεὸν
2965 3819 3059 3871 καὶ¹
3084 3818 3373 3891 ἄνθρωπον
3396 3819 3478 3873 τὸν
3505 3817 3543 3869 Χ
3548 3813 3680 3886 ριστὸν
3691 3813 3727 3863 ιν

2266 3907 2555 3978 ὑποκρίσει
2581 3908 2719 3980 πρὸς
2742 3906 2960 3980 ἀπάτην
2979 3909 3086 3964 τῶν
3113 3912 3418 3966 ἀκουόντων
3451 3910 3618 3977 λέγετε.

2335 4174 2411 4227 E'.
2454 4173 2516 4227 El
2556 4171 2650 4227 οῦν
2684 4173 2821 4245 σὰρξ
2847 4173 2942 4227 τοῦ
2986 4175 3227 4244 Χριστοῦ
3269 4179 3349 4240 εἰς
3385 4176 3526 4245 φύσιν
3552 4171 3729 4240 θεότητσς

596 4274 813 4330 deitatis
844 4284 1112 4339 naturam,
1148 4289 1210 4328 ac
1237 4270 1475 4340 ejusdem
1512 4284 1633 4325 cum
1665 4269 1867 4324 deitate
1909 4271 2159 4325 substan-

2272 4264 2456 4333 ἐτάθη,
2504 4265 2601 4317 καὶ
2651 4265 2934 4334 ὁμοοὺσιος
2980 4268 3047 4336 τῇ
3088 4265 3307 4336 θεότητι
3349 4270 3537 4336 γέγονε,
3565 4262 3635 4315 καὶ
3664 4259 3729 4329 μία

594 4365 683 4420 tiae
728 4364 917 4419 eﬁeeta
943 4373 1046 4427 est,
1087 4374 1278 4433 estque
1309 4378 1415 4416 una
1444 4362 1620 4417 deitas
1658 4358 1860 4425 Patris,
1892 4375 1955 4415 ac
1980 4361 2160 4415 carnis

594 4457 820 4521 Christi,
843 4460 988 4512 sicut
1020 4457 1259 4510 hmretici
1292 4457 1506 4519 docent,
1535 4469 1597 4508 ae
1625 4453 1828 4507 idcirco
1864 4468 1965 4505 una
2001 4460 2083 4506 est
2108 4453 2159 4506 in

593 4548 810 4602 Christo
847 4556 1064 4613 natura,
1097 4555 1205 4600 tota
1234 4545 1441 4606 deitas;
1483 4546 1669 4611 utique
1717 4541 1917 4597 Christi
1948 4556 2163 4611 quoque

591 4654 720 4696 caro
747 4638 891 4694 omni
926 4648 1164 4708 tempore
1189 4652 1253 4692 ac
1283 4636 1400 4691 loco
1432 4646 1550 4716 erat
1581 4650 1609 4687 a
1637 4632 1796 4690 Patre
1825 4634 2160 4702 inseparabi-

593 4738 681 4800 lis.
700 4739 776 4792 uti
803 4744 857 4792 et
884 4734 1086 4791 Christi
1117 4733 1309 4789 deitas.
1336 4730 1611 4802 Siquidem
1631 4744 1761 4800 ergo
1780 4727 1981 4784 Christi
2007 4741 2156 4791 caro,

590 4839 784 4884 natura
842 4826 1059 4882 deitatis
1107 4822 1319 4887 ,ell'eeta
1375 4830 1494 4886 est,
1556 4819 1828 4889 quomodo
1883 4815 2160 4870 Passionis

591 4930 831 4987 tempore
856 4918 972 4987 ejus
1001 4930 1126 4971 caro
1155 4930 1262 4969 non
1297 4923 1411 4967 erat
1443 4913 1494 4967 in
1528 4911 1683 4967 caelis
1728 4907 2099 4976 inseparabilis
2129 4920 2157 4959 a

590 5008 769 5073 Patre,
812 5008 972 5077 inque
1026 5005 1237 5061 inferno
1286 5020 1407 5058 cum
1459 5003 1573 5071 ejus
1609 5002 1812 5065 anima,
1848 5010 2008 5068 atque
2037 5014 2158 5052 cum

588 5100 796 5154 latrone
830 5098 883 5151 in
919 5098 1190 5167 paradiso,
1229 5096 1374 5151 nullo
1415 5096 1695 5163 utriusque
1719 5090 1819 5145 loci
1860 5087 2067 5145 deft-ctu
2098 5103 2162 5142 ac

588 5189 972 5261 inseparabilis
1007 5189 1295 5254 exsisteus,
1328 5188 1405 5241 uti
1431 5196 1487 5240 et
1530 5186 1701 5240 deitas
1743 5181 1886 5237 fuit?
1919 5182 2011 5236 sed
2040 5180 2159 5251 ejus

587 5296 785 5352 corpus
831 5281 885 5335 in
918 5280 1167 5350 sepulcro
1209 5287 1477 5331 mortumn
1524 5274 1759 5342 iacebat,
1801 5288 1863 5328 ac
1898 5271 2156 5337 inanimo,

588 5369 1003 5441 immotumque,
1049 5384 1111 5423 ac
1167 5366 1655 5436 circumscriptum,
1697 5363 1911 5418 tametsi
1957 5361 2158 5416 Christi

589 5463 761 5518 deitas
796 5465 863 5519 ab
890 5478 956 5519 eo
1002 5460 1378 5530 inseparabilis
1404 5466 1543 5514 erat.
1576 5458 1709 5511 Dum
1742 5456 1884 5511 enim
1919 5452 2159 5509 haeretici

588 5550 830 5605 Armenii
864 5554 1098 5621 probare
1130 5552 1356 5622 possint,
1386 5550 1784 5605 sanctissimum
1825 5544 2027 5601 Christi
2063 5544 2157 5601 Dei

665 5645 740 5715 (5)
780 5645 943 5717 (ἔναιε.
988 5658 1132 5704 orat.
1173 5645 1263 5700 ΞΟ.
1508 5680 1513 5685 ρ
2067 5687 2097 5708 κ

2263 4356 2455 4426 θεότης
2478 4356 2594 4409 ἐστὶ
2610 4356 2706 4409 τοῦ
2734 4356 2949 4428 Πατρὺς
2980 4359 3193 4429 καὶτῆς
3222 4358 3417 4431 σαρκὸς
3442 4357 3524 4410 τοῦ
3545 4350 3726 4425 Χριπιῦ,
3828 4378 3829 4443 ἲ

2258 4448 2335 4512 ὡς
2363 4449 2411 4501 οἱ
2436 4448 2705 4519 αἱρετικοὶ
2726 4446 3130 4518 δογματίζουσι,
3160 4449 3254 4503 καὶ
3271 4450 3358 4503 διὰ
3376 4449 3516 4503 τοῦτο
3530 4447 3607 4517 μία
3622 4443 3730 4512 etin;

2259 4542 2318 4594 ὲν
2363 4538 2584 4610 Χριστῷ
2642 4538 2739 4609 ὅλη
2780 4538 2974 4609 θεότης
3006 4556 3022 4572 ’
3067 4540 3337 4612 πρόδηλον
3381 4541 3555 4594 ὃτικαὶ
3584 4538 3608 4606 ἡ
3639 4529 3729 4602 σὰρξ

2258 4629 2352 4683 τοῦ
2383 4628 2644 4700 Χριστοῦ,
2685 4631 2743 4684 ὲν
2773 4632 2940 4685 παντὶ
2984 4632 3162 4701 καιρῷ
3205 4635 3301 4686 καὶ
3336 4633 3499 4704 χρόνῳ
3518 4626 3728 4692 “tam.

2257 4722 2352 4776 τοῦ
2396 4722 2607 4795 [πατρὸς
2656 4722 2961 4794 άχώριστος
3006 4719 3096 4796 ἦν,
3145 4724 3337 4797 ὥσπερ
3374 4726 3404 4796 ἡ
3447 4721 3528 4776 τοῦ
3560 4712 3727 4786 Χριστῶ

2260 4814 2474 4885 θεότης.
2526 4815 2588 4869 Εἰ
2618 4813 2749 4884 γοῦν
2779 4815 2812 4887 ἡ
2846 4813 2985 4884 σάρξ
3027 4814 3123 4868 τοῦ
3169 4815 3405 4885 Χριστοῦ
3438 4813 3575 4885 φύσει
3600 4808 3727 4874 θεότη·

2258 4922 2349 4969 τος
2380 4906 2574 4974 γέγονε
2597 4922 2612 4936 ο
2649 4906 2767 4969 πῶς
2800 4907 2858 4960 ὲν
2892 4906 2970 4977 τῷ
3022 4908 3203 4979 καιρῷ
3241 4909 3335 4961 τοῦ
3392 4907 3571 4967 πάθους
3598 4906 3641 4955 ἐν
3674 4895 3729 4950 0'5-

2263 4998 2439 5066 ρανοῖς
2465 4996 2563 5051 οὑκ
2589 4992 2657 5067 ἧν
2684 4996 2716 5065 ἡ
2747 4996 2883 5069 σὰρξ
2925 4998 3091 5052 αὑτοῦ
3119 4999 3214 5052 τοῦ
3247 4998 3454 5070 Πατρὺς
3490 4994 3727 5066 ἀχώριστῢςο

2259 5088 2353 5141 καὶ
2397 5089 2457 5141 ὲν
2508 5090 2589 5159 τῷ
2628 5088 2727 5161 ᾅδῃ
2773 5089 2911 5160 μετὰ
2941 5093 3040 5161 τῆς
3073 5090 3254 5161 ψυχῆς
3306 5091 3486 5154 αὑτοῦ,
3522 5088 3598 5140 καί
3622 5088 3663 5136 ἐν
3679 5077 3726 5146 τῷ

2261 5178 2574 5250 παραδείσῳ
2606 5180 2747 5249 μετὰ
2770 5181 2865 5234 τοῦ
2908 5181 3128 5255 λῃστοῦ,
3157 5186 3218 5235 ὲν
3254 5182 3561 5253 ἀμφοτέροις
3584 5173 3727 5230 amt:-

2260 5270 2366 5342 πὴς
2395 5272 2489 5324 καὶ
2510 5271 2837 5341 ἀχώριστος,
2869 5271 3055 5345 ὥσπερ
3082 5274 3177 5328 καὶ
3197 5276 3232 5346 ἡ
3257 5274 3442 5343 θεότης
3459 5271 3723 5339 ὑπάρχουσι·

2258 5362 2377 5416 ἀλλ’
2403 5364 2460 5416 ὲν
2492 5365 2569 5434 τῷ
2599 5364 2756 5433 τάφῳ
2783 5364 2964 5419 ἔκειτο
2990 5366 3181 5437 νεκρὸν
3207 5366 3411 5438 ἄψυχον
3438 5365 3525 5420 καὶ
3549 5361 3724 5425 him?"

2260 5455 2322 5508 τδ
2357 5456 2517 5525 σῶμα
2553 5457 2739 5523 αὑτοῦ,
2767 5461 2862 5515 καὶ
2890 5459 3290 5531 περιγραπτὺν,
3317 5462 3365 5512 εί
3393 5459 3478 5512 καὶ
3502 5454 3723 5524 ἀχὼριστθς

2258 5541 2328 5617 ἦν
2348 5544 2408 5612 ἐξ
2441 5546 2605 5602 αὑτοῦ
2633 5550 2667 5620 ἠ
2693 5548 2788 5604 τοῦ
2831 5535 3073 5621 Χριστοῦ,
3106 5550 3333 5622 θεότης;
3377 5550 3493 5604 Ἐάν
3530 5547 3616 5615 γὰρ
3637 5541 3721 5592 ἀτυ-

2341 5634 2375 5668 δ
