3968 6220
253 231 383 296 1161

1269 237 1552 299 ORATIO
1590 239 1618 298 Ι
1658 237 1954 301 CONTRA
1995 237 2408 300 ARMENIOS.

3354 239 3490 308 llb2

243 347 417 414 δεῖξαι
448 348 766 420 δυνήσονται
791 351 840 403 οἱ
867 352 1131 420 αἱρετικοὶ
1159 351 1456 424 Ἀρμένιοι,
1478 353 1540 406 τὸ
1558 353 1820 420 πανάγιον

1928 366 2125 422 corpus
2177 359 2420 423 tempore
2472 353 2758 422 passionis,
2803 354 3235 425 inseparabiliter
3278 358 3387 414 Deo
3424 376 3490 416 ac

244 439 405 508 σῶμα
426 440 665 508 Χριστοῦ
699 442 794 494 τοῦ
820 442 954 496 Θεοῦ
988 445 1046 496 ὲν
1076 443 1152 514 τῷ
1186 445 1364 516 καιρῷ
1388 445 1482 500 τοῦ
1519 445 1724 508 πάθους
1765 446 1821 498 ὲν

245 532 498 601 οὐρανοῖς
527 532 853 604 ἀχωρίστως
890 535 967 604 τῷ
987 535 1108 606 Θεῷ
1143 537 1240 590 καὶ
1278 538 1453 608 [Ia-cpi.
1485 536 1824 605 συγκαθεζό-

257 639 422 691 μενον
446 626 588 692 μετὰ
609 625 708 693 τῆς
730 625 1006 695 θεότητος,
1037 627 1132 680 καὶ
1154 628 1210 680 ὲν
1229 627 1310 699 τῷ
1337 628 1515 698 τάφῳ,
1547 627 1642 681 καὶ
1668 628 1724 679 ὲν
1743 625 1821 694 τῷ

245 712 348 783 ᾅδῃ
382 713 525 783 μετά
559 714 656 783 τῆς
681 713 883 784 ψυχῆς.
911 717 1008 769 καὶ
1036 719 1093 771 ἐν
1125 717 1203 788 τῷ
1231 719 1549 790 παραδείσῳ
1569 722 1706 790 μετὰ
1723 723 1820 777 τοῦ

243 807 469 879 λῃστοῦ,
530 808 812 878 πανταχοῦ
876 809 1164 879 ἀνελλιπῆ.
1221 813 1316 866 καὶ
1366 812 1672 882 ἀχώριστον
1722 817 1822 869 καὶ⁵

245 899 578 969 ἀδιαίρετον,
615 899 804 969 ὥσπερ
835 903 926 954 καὶ
955 906 1020 974 τῇ
1066 903 1278 972 θεότητι
1316 905 1394 973 (5)
1424 905 1590 958 αὐτοῦ
1614 923 1629 938 ο
1661 907 1819 975 εῦδη-

244 989 338 1041 λον
359 991 440 1042 ὅτι
468 990 617 1060 καὶὴ
651 990 787 1060 σὰρξ
819 991 984 1044 αὑτοῦ
1008 991 1166 1060 φύσει
1200 992 1452 1062 θεότητος
1484 994 1694 1064 γέγονε.
1753 998 1816 1051 Ei

245 1081 300 1134 δὲ
337 1083 392 1132 ἐν
413 1082 490 1150 τῷ
519 1082 675 1150 τάφῳ
708 1081 890 1135 ἔκειτο
925 1083 1138 1153 νεκρὸν,
1182 1084 1277 1137 καὶ
1296 1084 1502 1154 ἄψυχον
1523 1127 1540 1153 ,
1575 1087 1670 1138 καὶ⁹
1697 1086 1820 1140 ἀκίσο

246 1189 429 1242 νητον,
458 1174 552 1226 καὶ
575 1174 698 1226 οὔτε
724 1175 782 1225 ἐν
813 1174 1070 1245 οὐρανοῖς
1101 1176 1177 1245 τῷ
1201 1176 1320 1245 Θεῷ
1351 1177 1446 1230 καὶ
1477 1177 1651 1248 Πατρὶ
1673 1177 1820 1247 ἀχώ-

249 1282 434 1339 ριστον
486 1265 905 1331 συνεκαθέζετο,
938 1265 1060 1319 οὗτε
1112 1269 1170 1320 ὲν
1208 1268 1286 1338 τῷ
1320 1268 1420 1340 ᾄδῃ
1473 1269 1611 1340 μετά
1643 1269 1822 1340 ψυχῆς

243 1351 332 1426 ἧν,
357 1357 482 1410 οὗτε
509 1358 568 1409 ἐν
598 1357 914 1428 παραδείσῳ
935 1358 1078 1425 μετά
1115 1357 1208 1410 τοῦ
1240 1356 1438 1428 λῃστοῦ
1473 1374 1486 1388 ⁸
1523 1357 1637 1410 ἀλλ’
1663 1359 1720 1410 ὲν
1742 1358 1821 1427 τῷ

245 1451 403 1520 τάφῳ
431 1451 578 1521 μόνῳ
611 1451 988 1520 περιγραπτδν
1016 1451 1303 1505 κατέκειτο
1330 1467 1345 1482 ·
1383 1449 1502 1513 πῶς
1541 1449 1644 1502 οὐκ
1680 1449 1822 1502 εἰσὶν

246 1538 392 1596 οὗτοι
415 1541 645 1612 ψεῦσται
668 1544 760 1596 καὶ
791 1542 1064 1613 αίρετικοὶ¹
1095 1543 1187 1595 καὶ
1210 1540 1608 1612 χριστομάχοι;

319 1631 396 1697 ς’.
439 1632 502 1684 El
553 1627 646 1686 οῦν
692 1632 829 1702 σάρξ
870 1629 967 1685 τοῦ
1019 1631 1258 1700 Χριστοῦ
1310 1630 1563 1700 θεότητος
1606 1628 1818 1697 γέγονε,

244 1723 362 1786 πῶς
391 1722 550 1785 αὐτὸς
589 1723 617 1774 ὁ
658 1723 862 1792 Κύριος
896 1721 990 1775 ἐπὶ
1025 1720 1262 1791 σταυροῦ
1305 1718 1457 1787 ἔλεγε
1483 1735 1499 1751 ο
1534 1718 1641 1772 Θεέ
1678 1735 1822 1786 μου,

248 1814 357 1868 Θεέ
376 1833 516 1883 μου,
549 1815 650 1868 ἵνα
679 1816 734 1866 τί
749 1830 826 1882 με
854 1811 1285 1882 ὲγκατέλιπες;
1327 1811 1455 1862 Ἐὰν
1485 1808 1594 1879 γὰρ
1625 1810 1658 1876 ἡ
1689 1807 1824 1878 σὰρξ

244 1903 342 1957 τοῦ
374 1903 608 1976 Χριστοῦ
645 1904 898 1978 θεότητος
947 1899 1035 1975 ἦν,
1070 1907 1164 1956 καὶ
1213 1904 1270 1955 ὲν
1308 1903 1559 1973 οὐρανοῖς
1589 1900 1684 1954 τοῦ
1714 1901 1824 1954 Πα-

243 1998 375 2067 τρδς
431 1997 760 2067 ἀχώριστος,
814 1997 908 2050 καὶ
961 1995 1060 2064 μία
1114 1994 1305 2066 θεότης
1360 1988 1428 2063 ἦν
1469 1991 1562 2046 τοῦ
1613 1991 1824 2062 Πατρὸς

248 2089 342 2142 καὶ
380 2090 476 2160 τῆς
520 2089 723 2160 σαρκὸς
770 2087 866 2141 τοῦ
919 2087 1180 2159 Χριστοῦ,
1232 2088 1327 2140 καὶ
1384 2086 1417 2155 ἡ
1465 2084 1600 2155 σὰρξ
1653 2081 1817 2136 αὐτοῦ

249 2182 501 2247 θεότητος
542 2177 611 2252 ἦν
637 2181 730 2234 τοῦ
761 2180 976 2248 [ἰατρὸς
999 2178 1334 2250 ἀχώριστος’
1373 2177 1490 2240 πῶς
1522 2179 1554 2246 ἡ
1600 2177 1698 2246 μία
1731 2174 1825 2229 καὶ

246 2274 552 2343 ἀδιαίρετος
579 2275 766 2342 Θεότης
803 2271 1138 2343 διαιρεθεῖσα
1167 2271 1366 2338 ἑαυτὴν
1396 2268 1822 2336 ὲγκατέλειπεν;

317 2368 393 2420 Z’.
446 2364 605 2418 Ἀλλὰ
634 2363 686 2416 τί
722 2381 852 2434 φασι
886 2363 1019 2435 πρὸς
1039 2361 1212 2414 ταῦτα
1241 2361 1290 2413 oi
1323 2357 1669 2428 ἀγνώμονεςς
1702 2357 1822 2410 ’Ὁτι

253 2463 428 2516 ταῦτα
481 2460 550 2514 τὰ
615 2461 836 2530 ῥήματα
886 2459 1115 2512 ταπεινά
1139 2456 1166 2508 ὁ
1196 2454 1430 2527 Χριστὸς
1468 2454 1550 2508 διὰ
1577 2454 1667 2506 τὸν
1699 2452 1817 2506 διά-

249 2553 405 2606 ϐολον
435 2551 640 2620 ἔλεγεν,
678 2551 765 2604 ἵνα
795 2551 869 2620 μὴ
901 2549 1081 2622 φεύγῃ
1107 2549 1163 2614 ἐξ
1199 2547 1390 2602 αὐτοῦ.
1411 2545 1475 2598 Ὢ
1503 2545 1599 2613 τῆς
1621 2544 1823 2597 ἀτόπου

249 2647 343 2700 καὶ
372 2644 730 2715 ἀναισχύντου
767 2643 1112 2711 ἀποκρίσεως
1143 2639 1351 2694 αύτῶνι
1386 2637 1684 2707 Προφανῶς
1715 2635 1824 2704 γὰρ

248 2736 340 2789 τὸν
368 2735 605 2806 Χριστὸν
633 2732 931 2802 ὑποκριτὴν
951 2729 1314 2800 κηρύττουσιν
1345 2743 1359 2757 ·
1394 2727 1532 2781 ἀλλα
1562 2725 1658 2796 μὲν
1679 2724 1825 2795 ἔχειν

251 2830 310 2880 ἐν
334 2830 399 2896 τῇ
427 2825 648 2895 καρδίᾳ,
678 2823 843 2894 ἔτερα
865 2823 920 2875 δὲ
947 2821 1036 2874 διὰ
1061 2824 1159 2892 τῆς
1187 2817 1432 2888 γλώττης
1463 2815 1822 2885 φθέγγεσθαι.

251 2921 468 2990 Ὥσπερ
493 2921 599 2989 γὰρ
637 2917 811 2981 αὐτοὶ,
865 2915 1054 2986 μεστοὶ
1089 2913 1425 2983 ὑποκρίσεως
1457 2910 1553 2961 καὶ
1583 2908 1826 2978 δολιότη-

245 3028 340 3073 τος
372 3011 729 3080 ὑπάρχοντες,
757 3007 1014 3068 τοιούτως
1046 3003 1142 3058 καὶ
1176 3003 1264 3056 τὸν
1289 2999 1522 3071 Χριστὸν
1553 2999 1822 3068 ὀνομάσαι

245 3106 351 3158 οὐκ
393 3101 740 3172 ἐφοϐήθησαν
783 3101 831 3153 οἱ
875 3099 1206 3168 παράνομοι.
1256 3094 1388 3155 Θεὸς
1427 3089 1521 3147 οὖν
1558 3091 1820 3144 παντοδύ-

246 3215 423 3267 ναμος
485 3195 561 3248 ὢν
614 3197 642 3248 ὁ
678 3192 949 3263 Χριστὸς,
1006 3194 1034 3244 δ
1083 3188 1358 3258 πανταχοῦ
1410 3185 1601 3256 παρών
1642 3201 1655 3216 ⁸
1712 3182 1819 3237 ποῦ

246 3290 484 3359 ἡδύνατο
524 3289 552 3340 δ
583 3285 827 3350 διάϐολος
885 3284 945 3351 ἐξ
1000 3282 1166 3337 αὐτοῦ
1205 3283 1440 3350 φυγείν;
1488 3279 1577 3340 Ὠς
1611 3277 1722 3348 γὰρ
1753 3277 1820 3329 ὲκ

246 3385 491 3449 πάντων,
526 3382 668 3436 οὕτω
698 3381 792 3433 καὶ
821 3381 887 3431 ἐκ
907 3376 1132 3438 τούτων,
1163 3377 1210 3428 οἱ
1239 3374 1456 3435 ἀσεϐεῖς
1480 3371 1818 3441 ἐλέγχονται,

250 3477 423 3548 μηδὲν
461 3477 524 3528 ἐκ
557 3473 657 3543 τῆς
687 3469 1036 3533 διδασκαλίας
1062 3467 1172 3520 τῶν
1202 3465 1376 3534 ἁγίων
1407 3464 1545 3534 μήτε
1576 3461 1816 3531 φρονεῖν,

247 3571 396 3640 μήτε
450 3565 722 3620 διδάσκειν
757 3579 773 3595 ο
823 3561 936 3615 ἀλλ’
965 3559 1024 3626 ἐξ
1077 3557 1288 3612 ἑαυτῶν
1343 3554 1544 3625 μύθους
1603 3550 1820 3640 ψευδεῖς

244 3638 639 3722 ἀναπλάττειν,
699 3655 785 3708 ἵνα
827 3650 1100 3719 δυνηθῶσι
1157 3647 1318 3718 μόνον
1359 3644 1457 3715 τὴν
1497 3643 1676 3709 σάρκα
1722 3638 1818 3693 τοῦ

241 3747 490 3815 Χριστοῦ
519 3745 887 3818 ἀρνήσασθαι.
909 3742 1058 3795 Δῦτὰ
1091 3741 1198 3810 γὰρ
1227 3737 1298 3791 τὰ
1318 3734 1548 3790 ταπεινὰ
1575 3734 1816 3804 ῥήματα,

245 3839 436 3902 καθὼς
467 3839 668 3900 πάντες
719 3837 767 3888 οί
807 3835 952 3902 ἇγιοι
1001 3832 1094 3886 καὶ
1140 3829 1389 3898 θεοφόροι
1424 3825 1686 3894 Πατέρες,
1725 3822 1819 3875 εύ-

245 3932 446 4003 φώνως
479 3932 538 3996 ἐξ
565 3930 722 3999 ἁγίου
751 3927 1064 3997 Πνεύματος
1083 3921 1498 3994 ἑρμηνεύονται,
1530 3918 1559 3969 ὁ
1588 3914 1820 3986 Χριστὸς

243 4025 389 4095 πρὸς
440 4023 732 4094 βεϐαίωσιν
772 4021 866 4074 καὶ
901 4019 1164 4072 πίσιωσιν
1208 4014 1307 4084 τῆς
1359 4009 1554 4065 ἑαυτοῦ
1596 4008 1818 4078 σαρκὶς,

237 4119 347 4171 καὶ
385 4113 729 4185 ἀνθρωπίνης
772 4111 1006 4181 φύσεως,
1052 4107 1206 4174 ἔλεγε
1237 4105 1332 4158 καὶ
1365 4104 1610 4175 ἐνήργει,
1631 4101 1725 4154 καὶ
1757 4099 1818 4151 ού

239 4207 377 4263 καθ’
424 4208 713 4276 ὑπόκρισιν
764 4205 853 4257 διὰ
886 4202 977 4255 τὸν
1011 4199 1278 4254 διάϐολον.
1318 4195 1470 4250 Ἐπεὶ
1513 4191 1632 4256 πῶς
1665 4191 1820 4257 ἔλεγε

237 4299 517 4369 πρότερον
541 4312 556 4327 °
589 4294 848 4362 Λάζαρος
877 4291 1158 4354 ἀπέθανε,
1190 4286 1288 4342 καί
1330 4286 1513 4355 χαΙρω
1557 4277 1630 4336 δι’
1664 4280 1819 4350 ὑμᾶς

236 4390 352 4442 ἵνα
374 4387 766 4452 πιστεύσητε,
795 4382 884 4435 ὅτι
912 4382 1022 4434 οὐκ
1049 4378 1214 4447 ἥμην
1238 4374 1397 4440 sicsi;

328 4478 406 4533 l’l'.
453 4479 511 4531 Ei
545 4474 640 4530 οὖν
665 4477 758 4528 καὶ
784 4476 816 4544 ἡ
846 4471 983 4540 σάρξ
1028 4467 1196 4524 αὑτοῦ
1236 4465 1399 4535 φύσει
1441 4462 1693 4530 θεότητος
1733 4454 1823 4530 ἦν,

234 4568 530 4640 πανταχοῦ
573 4565 868 4634 ἀνελλιπὴς
907 4565 1000 4616 καὶ
1047 4560 1349 4631 ἀχώριστος
1384 4555 1479 4609 καὶ⁹
1519 4552 1822 4624 ἀπερίγρα-

231 4679 407 4728 πτος,
443 4661 678 4730 (θεότης)
707 4653 775 4728 ἦν
817 4655 912 4709 καὶ
944 4654 978 4724 ἡ
1011 4651 1149 4723 σὰρξ
1185 4649 1278 4702 τοῦ
1308 4644 1546 4717 Χριστοῦ
1579 4641 1676 4696 τοῦ
1715 4643 1823 4693 Πα-

230 4754 381 4825 τρδς
405 4751 726 4823 ἀχώριστος,
761 4747 950 4817 ὥσπερ
987 4743 1080 4798 καὶ
1111 4746 1145 4813 ἡ
1181 4740 1372 4809 θεὸτης
1412 4735 1602 4800 αὑτοῦ,
1639 4732 1821 4796 καθὼς

230 4847 411 4909 αὐτὸς
457 4848 484 4898 ό
533 4843 742 4913 Κύριος
789 4841 940 4908 λέγει
989 4833 1251 4904 περὶτῆς
1295 4827 1490 4885 ἑαυτοῦ
1539 4827 1819 4896 θεότητοςο

246 4937 415 5007 Ἐγὼ
458 4937 558 4990 καὶ
586 4939 619 4990 ό
654 4933 858 5000 Πατὴρ
891 4932 962 4986 ἓν
1014 4929 1246 4997 ἐσμεν·
1288 4923 1382 4978 καὶ
1436 4921 1596 4976 πάλιν
1625 4938 1638 4950 ο
1681 4917 1822 4988 Ἐγὼ

226 5035 321 5088 ὲν
346 5029 426 5095 τῷ
449 5029 652 5096 "arpi,
689 5028 785 5080 καί
816 5021 1018 5091 Πατὴρ
1047 5023 1116 5075 ἐν
1156 5018 1316 5085 ἐμοί’
1354 5015 1473 5078 πῶς
1506 5013 1653 5081 λέγει
1682 5009 1822 5080 μετὰ

229 5124 354 5193 τὴν
387 5121 683 5175 ἀνάστασιν
715 5122 781 5190 τῇ
832 5116 1024 5186 Μαρίᾳ
1049 5129 1064 5145 °
1101 5110 1196 5178 Μή
1220 5127 1340 5180 μου
1379 5107 1572 5163 ἅπτου
1606 5120 1621 5135 °
1655 5103 1822 5157 οὔπω

227 5219 363 5290 ’γὰρ
391 5214 732 5281 ἀναϐέϐηκα
755 5212 905 5281 πρὸς
943 5209 1050 5263 τὸν
1087 5205 1312 5273 Πατέρα
1340 5218 1460 5272 μου
1484 5217 1504 5266 ;
1533 5197 1634 5290 καὶ,
1659 5195 1824 5290 πάλιν

233 5289 274 5364 ὁ
301 5308 469 5370 αὐτὸς
490 5309 602 5369 τοῖς
629 5304 946 5364 ἀποστόλοις
996 5299 1136 5369 μετὰ
1163 5297 1261 5368 τὴν
1298 5295 1597 5349 ἀνάστασιν
1627 5289 1776 5356 λέγει
1805 5301 1819 5316 ⁸

245 5397 670 5468 Ψηλαφήσατε
699 5395 801 5450 καί
829 5393 1038 5456 εἴδετε,
1082 5391 1171 5444 ὅτι
1217 5388 1454 5458 πνεῦμα
1485 5385 1684 5455 σάρκα
1725 5379 1825 5435 καὶ

1847 4388 1902 4447 D

1921 441 2066 498 Patri
2099 459 2200 498 una
2234 460 2357 498 cum
2399 444 2600 501 deitate
2628 447 2960 511 consedisse,
3006 457 3166 519 atque
3209 450 3261 505 in
3309 452 3491 520 scpnl.

1922 550 2036 600 cro,
2064 537 2226 607 inque
2249 536 2459 591 inferno
2485 553 2606 592 cum
2637 539 2813 593 anima
2849 554 2911 594 ac
2938 555 3059 596 cum
3091 541 3298 597 latrone
3319 544 3372 597 in
3391 559 3490 612 pa-

1924 630 2128 694 radiso,
2165 632 2310 686 nullo
2345 630 2542 700 ubique
2577 629 2812 697 defectu,
2844 647 2907 687 ac
2939 635 3301 702 inseparabile
3344 636 3489 690 indi-

1923 722 2208 790 vidueque,
2246 722 2320 776 uti
2364 731 2419 776 et
2467 723 2637 776 deitas
2681 733 2818 786 erat,
2851 722 3021 779 fuisse
3057 741 3070 777 :
3110 725 3266 794 plane
3295 726 3491 792 liquet.

1923 814 2038 883 ejus
2065 827 2279 882 quoque
2329 828 2569 880 carnem,
2615 824 2806 868 natura
2855 814 3072 870 deitatis
3109 816 3306 871 factam
3347 832 3488 872 esse.

1924 902 2017 958 Sin
2045 912 2224 958 autem
2253 904 2382 959 illud
2411 905 2660 973 sepulcro
2714 913 2982 958 mortuum
3013 906 3251 972 jacebat,
3284 918 3340 962 et
3370 909 3491 962 ina-

1922 995 2069 1049 nime
2124 1005 2285 1065 atque
2338 995 2649 1062 immotum;
2681 1009 2744 1049 ac
2771 981 2945 1065 neque
2998 997 3049 1049 in
3094 998 3248 1051 caelis
3289 998 3396 1052 Deo
3427 1015 3492 1056 ac

1921 1083 2066 1139 Patri
2100 1085 2364 1141 indivulso
2402 1101 2541 1140 nexu
2579 1086 2923 1153 conjunctum
2955 1088 3291 1154 cousidehat,
3312 1105 3488 1161 neque

1922 1176 1976 1230 in
2009 1176 2218 1232 inferno
2247 1193 2368 1232 cum
2404 1178 2606 1244 anima,
2645 1192 2742 1233 nec
2763 1193 2886 1232 cum
2915 1178 3122 1235 latrone
3155 1179 3205 1232 in
3237 1182 3488 1246 paradiso

1921 1275 2062 1331 erat,
2090 1269 2182 1322 sed
2205 1267 2953 1338 duntaxatcircumscriptum
2982 1270 3034 1323 in
3062 1271 3309 1338 sepulcro
3339 1271 3489 1339 jace-

1923 1354 2014 1409 bat
2054 1373 2068 1411 :
2113 1359 2388 1427 quomodo
2441 1357 2528 1412 isti
2583 1358 2924 1412 mendacium
2986 1373 3050 1414 ac
3114 1361 3489 1415 haereticorum

1921 1447 2233 1516 Christique
2262 1448 2497 1503 hostium
2534 1457 2716 1503 notam
2749 1447 3078 1520 ell‘ngerint?

1993 1623 2080 1678 Vl.
2107 1622 2382 1692 Siquidem
2412 1637 2540 1694 ergo
2570 1639 2698 1678 caro
2726 1624 2930 1681 Christi
2959 1625 3100 1682 facta
3141 1637 3220 1683 est
3249 1629 3486 1692 deitatis,

1855 1700 1896 1752 Β
1927 1713 2194 1781 quomodo
2220 1713 2479 1769 Dominus
2509 1717 2621 1785 ipse
2652 1716 2704 1771 in
2735 1731 2896 1772 cruce
2925 1719 3060 1773 dixit
3096 1737 3109 1772 :
3137 1719 3274 1774 Deus
3319 1737 3488 1785 meus,

1925 1807 2064 1860 Deus
2101 1823 2270 1871 meus,
2320 1816 2378 1860 ut
2436 1808 2562 1878 quid
2609 1808 2936 1880 dereliquiin
2988 1811 3155 1865 me‘?
3211 1813 3489 1882 Siquidem

1923 1899 2066 1952 enim
2100 1897 2304 1954 Christi
2346 1913 2474 1954 caro
2526 1900 2742 1956 deitatis
2782 1910 2922 1968 erat,
2955 1912 3119 1972 atque
3169 1904 3222 1958 in
3256 1905 3408 1960 caelis
3460 1920 3491 1958 a

1923 1991 2083 2046 Patre
2100 1991 2359 2046 indivulsa
2385 1991 2702 2046 exsistebat.
2729 2007 2945 2063 unaque
2968 2003 3087 2048 erat
3111 1994 3284 2050 deitas
3317 1994 3495 2051 Patris

1923 2099 1986 2137 ac
2015 2081 2194 2138 carnis
2221 2082 2446 2148 Christi,
2480 2084 2702 2152 ejusque
2736 2098 2864 2139 caro
2909 2100 2939 2138 a
2977 2085 3149 2138 Patris
3178 2085 3376 2142 deitate
3403 2089 3495 2141 in-

1923 2173 2242 2242 separabilis
2271 2183 2430 2228 erat:
2459 2175 2728 2243 quomodo
2756 2189 2863 2230 una
2898 2189 2960 2230 ac
2992 2174 3268 2230 individua
3297 2177 3492 2243 deitas,

1929 2265 2044 2334 ipsa
2075 2279 2136 2319 se
2165 2265 2334 2320 divisa
2361 2265 2724 2334 derelinquit?

2000 2368 2108 2421 \‘Il.
2147 2368 2459 2435 Enimvero,
2487 2369 2616 2439 quid
2653 2370 2718 2423 ad
2761 2370 2874 2426 haec
2914 2373 3144 2442 improbi
3184 2375 3300 2431 illi?
3329 2376 3494 2433 Aiunt

1925 2459 2203 2525 nimirum,
2225 2459 2500 2515 Christum
2526 2461 2684 2516 verba
2716 2463 2828 2522 hac
2853 2462 3022 2518 humil
3051 2480 3080 2519 a
3107 2465 3343 2522 locutum
3374 2483 3494 2524 esse

1923 2563 2148 2622 propter
2169 2552 2461 2618 diabolum,
2493 2563 2553 2610 ut
2581 2569 2645 2609 ne
2677 2557 2742 2609 ab
2773 2556 2892 2624 ipso
2922 2555 3204 2627 eﬂ‘ugeret.
3241 2558 3285 2615 Ο
3318 2560 3495 2616 abso-

1927 2660 2048 2698 nam
2077 2659 2140 2700 ac
2171 2645 2533 2714 impudentem
2567 2645 2842 2700 hominum
2873 2650 3311 2711 responsionem!
3361 2655 3494 2710 Per-

1926 2739 2114 2804 spicue
2178 2737 2320 2791 enim
2388 2736 2661 2792 Christum
2720 2739 3093 2794 simulatorem
3153 2744 3490 2811 prtedicant,

1924 2827 2110 2882 utalia
2147 2830 2364 2898 quidem
2393 2829 2617 2884 haberet
2647 2831 2698 2882 in
2727 2831 2910 2897 corde,
2947 2832 3050 2886 alia
3086 2845 3266 2890 autem
3304 2835 3486 2906 lingua

1926 2919 2287 2990 eloqueretur.
2332 2921 2790 2987 Quemadmodum
2817 2923 2984 2987 enim,
3015 2924 3107 2993 qui
3142 2925 3489 2984 simulatione

1850 3043 1892 3101 ο
1929 3023 1992 3063 ac
2025 3009 2314 3065 dolositate
2351 3011 2493 3078 pleni
2537 3012 2820 3076 exsistant,
2854 3026 2952 3068 nec
2978 3012 3253 3068 Christum
3285 3016 3366 3070 sic
3398 3032 3492 3085 aps

1933 3101 2132 3168 pellare
2163 3115 2388 3171 nequam
2413 3102 2660 3156 homines
2688 3103 2844 3156 veriti
2872 3112 3019 3157 sunt.
3057 3103 3332 3174 Siquidem
3361 3124 3492 3178 ergo

1929 3190 2195 3257 Christus,
2243 3193 2333 3261 qui
2381 3192 2721 3261 omnipotens
2773 3203 2935 3257 esset,
2967 3195 3114 3250 omni
3174 3197 3294 3252 loco
3349 3207 3490 3264 erat,

1929 3297 2162 3351 quonam
2195 3283 2262 3337 ab
2285 3295 2351 3342 eo
2380 3283 2622 3338 diabolus
2667 3283 2856 3351 fugere
2893 3285 3109 3354 potuit?
3145 3285 3216 3343 Ut
3255 3287 3398 3344 enim
3427 3304 3494 3344 ex

1929 3372 2178 3428 omnibus
2209 3373 2353 3438 aliis,
2399 3373 2480 3427 sic
2511 3387 2723 3442 quoque
2753 3389 2818 3428 ex
2861 3375 2943 3429 his
2983 3387 3282 3445 arguuntur
3315 3379 3488 3447 impii,

1931 3464 2063 3517 nihil
2097 3478 2289 3534 sapere
2318 3473 2413 3520 aut
2441 3467 2634 3521 docere
2665 3481 2728 3520 ex
2764 3479 3073 3522 sanctorum
3109 3470 3490 3526 doctrinazsed

1928 3571 1991 3612 ex
2037 3556 2273 3626 propriis
2318 3555 2483 3611 falsas
2527 3554 2737 3612 fabulas
2785 3559 3144 3624 comminisci,
3174 3567 3236 3613 ut
3281 3572 3491 3616 tantum

1927 3645 2128 3702 Christi
2188 3659 2407 3701 carnem
2457 3662 2653 3718 negare
2707 3648 2936 3717 possint.
2991 3649 3268 3719 Siquidem
3327 3653 3492 3708 verba

1928 3739 2042 3794 haec
2074 3738 2316 3803 humilia,
2349 3739 2424 3793 uti
2478 3753 2668 3794 omnes
2720 3739 2897 3795 sancti
2945 3755 3008 3795 ac
3063 3742 3252 3797 deiferi
3302 3740 3492 3798 Patres

1931 3832 2197 3886 concinne
2225 3845 2252 3881 a
2291 3829 2496 3898 Spiritu
2533 3838 2724 3885 sancto
2755 3830 3204 3899 interpretantur,
3238 3846 3302 3886 eo
3334 3833 3494 3887 Chri-

1929 3933 2046 3976 stus
2075 3931 2131 3975 et
2161 3921 2480 3990 loquebatur
2519 3929 2572 3974 et
2605 3921 2819 3989 agebat,
2855 3933 2962 3988 quo
2990 3934 3210 3974 carnem
3241 3936 3393 3976 suam
3429 3939 3496 3980 ac

1929 4011 2222 4065 humanam
2251 4019 2499 4062 naturam
2518 4017 2818 4074 astrueret;
2857 4024 2960 4063 non
2991 4017 3162 4077 ut‘per
3195 4011 3497 4066 simulatio-

1928 4121 2050 4160 nem
2100 4103 2370 4159 diabolum
2402 4100 2633 4156 falleret.
2666 4100 2904 4169 Alioqui,
2931 4104 3203 4170 quomodo
3231 4101 3379 4170 prius
3397 4105 3496 4156 di-

1927 4195 2081 4252 cebat
2111 4211 2125 4248 :
2153 4193 2393 4247 Lazarus
2430 4202 2667 4246 mortuus
2705 4202 2800 4252 est,
2829 4201 2878 4245 et
2909 4191 3108 4261 gaudeo
3135 4204 3350 4262 propter
3385 4210 3494 4262 vos,

1928 4294 1984 4338 ut
2014 4285 2262 4348 credatis,
2289 4283 2416 4352 quia
2445 4297 2548 4336 non
2577 4297 2719 4336 eram
2747 4281 2819 4334 ibi
2843 4281 2903 4333 ’ἲ

2010 4457 2150 4512 Vill.
2189 4456 2466 4524 Siquidem
2493 4469 2624 4524 ergo
2659 4455 2856 4511 Christi
2891 4471 3106 4526 quoque
3137 4471 3282 4522 caro,
3307 4467 3499 4514 natura

1933 4550 2150 4605 deitatis
2184 4555 2322 4613 erat,
2354 4545 2503 4602 nullo
2533 4549 2731 4617 ubique
2753 4546 2988 4610 defectu,
3015 4563 3078 4602 ac
3099 4549 3498 4619 inseparabilis,

1933 4639 2534 4708 incircumscriptaque,
2579 4638 2778 4693 Christi
2834 4651 3050 4710 quoque
3102 4655 3230 4695 caro
3269 4655 3298 4693 a
3336 4642 3496 4696 Patre

1931 4731 2308 4801 inseparabilis
2353 4740 2491 4796 erat,
2531 4731 2982 4800 quemadmodum
3030 4740 3084 4784 et
3131 4731 3303 4784 deitas
3341 4730 3492 4799 ejus;

1932 4825 2072 4878 sicut
2101 4823 2215 4892 ipse
2249 4819 2503 4873 Dominus
2531 4820 2596 4873 de
2627 4833 2724 4872 sua
2757 4819 2832 4872 ait
2861 4816 3060 4870 deitate
3098 4831 3113 4868 :
3147 4814 3263 4884 Ego
3294 4824 3343 4867 et
3391 4814 3499 4867 Pa-

1933 4925 2010 4969 ter
2040 4928 2200 4968 unum
2235 4925 2414 4964 sumus
2435 4909 2476 4973 ³,
2521 4917 2578 4962 et
2608 4909 2798 4963 iterum
2837 4923 2852 4961 :
2881 4909 2992 4976 Ego
3022 4907 3074 4958 in
3109 4904 3290 4972 Patre,
3312 4915 3359 4957 et
3388 4904 3500 4958 Pa-

1933 5023 2011 5062 ter
2049 5008 2102 5058 in
2134 5017 2214 5057 me
2254 4998 2408 5055 ett‘:
2438 4997 2704 5066 quomodo
2749 5003 2871 5064 post
2915 4993 3371 5050 resurrectionem
3421 4993 3499 5047 ait

1933 5099 2154 5156 Mariae:
2185 5094 2311 5150 Νοίί
2338 5105 2419 5145 me
2457 5099 2696 5158 tangere;
2727 5087 2955 5142 nondum
2993 5087 3134 5140 enim
3184 5087 3399 5141 ascendi
3428 5085 3496 5139 ad

1940 5190 2152 5244 Patrem
2177 5183 2383 5240 meum"
2415 5179 2438 5234 τ
2467 5194 2530 5233 ac
2562 5180 2754 5232 iterum
2781 5179 2856 5230 ait
2889 5177 3002 5246 ipse
3045 5177 3304 5248 apostolis
3348 5188 3498 5246 post-

1934 5298 2094 5355 quam
2127 5273 2512 5335 resurrexisset
2544 5287 2558 5322 :
2597 5267 2816 5355 Palpate
2842 5277 2890 5322 et
2924 5268 3109 5332 videte,
3133 5270 3256 5337 quia
3281 5267 3497 5334 spiritus

1935 5346 2146 5430 carnem
2176 5375 2222 5419 et
2261 5377 2379 5417 ossa
2409 5374 2510 5412 non
2533 5356 2708 5420 habet,
2741 5346 2873 5410 sicut
2904 5374 2984 5410 me
3014 5358 3192 5410 videtis
3225 5357 3410 5410 habere
3431 5355 3450 5382 ⁸
3477 5355 3499 5406 2

327 5513 345 5544 ¹
379 5512 568 5566 Matth.
602 5527 772 5574 xxvu,
798 5508 889 5564 46.
965 5510 986 5540 ²
1011 5505 1166 5560 Joan.
1207 5519 1283 5567 τι,
1315 5501 1402 5555 li.
1481 5499 1504 5530 ³
1549 5496 1707 5552 Joan.
1764 5509 1819 5557 κ,
1863 5489 1952 5544 50.
2029 5485 2050 5516 ⁸
2077 5483 2231 5537 Joan.
2271 5492 2382 5542 sui,
2415 5472 2502 5527 l0.
2602 5474 2622 5504 '
2655 5470 2809 5527 Joan.
2840 5487 2931 5540 xx,
2965 5473 3052 5527 l7.
3128 5473 3148 5503 ⁸
3178 5470 3310 5526 Luc.
3350 5485 3498 5537 xxiv,

237 5585 345 5643 39.

329 5680 408 5750 (ὅ)
452 5678 522 5734 Ἦ
555 5677 750 5746 θεότης

575 5772 849 5836 Panos.
897 5769 1016 5831 Gn.
1068 5762 1349 5828 CXXXll.

2015 5649 2088 5722 (6)
2129 5646 2288 5712 (ἶπες.
2321 5649 2467 5697 orat.
2497 5635 2566 5690 20
3029 5725 3102 5786 37
