3968 6220
472 208 631 272 11163

1542 216 1800 279 TSAACI
1836 218 2208 281 ARMENUE
2245 217 2643 280 CATHOLICI

3612 220 3745 284 11ξᾶ

473 318 772 391 Siquidem
796 320 941 376 enim
969 320 1085 390 ejus
1111 334 1325 392 quoque
1353 334 1482 379 caro
1506 322 1644 378 facta
1680 324 1899 381 deitatis
1920 335 2054 391 erat,

2162 326 2340 383 ὀστέα
2363 330 2473 382 οὐκ
2498 327 2625 396 ἔχει
2658 325 2850 392 καθὼς
2883 326 2987 394 ἐμὲ
3020 326 3292 395 θεωρεῖτε
3318 331 3554 397 ἔχοντα
3575 347 3600 395 ;
3627 332 3751 384 Ἐάν

493 411 669 478 palam
717 419 800 464 est
853 422 959 463 non
1005 407 1174 464 fuisse
1220 424 1461 475 carnem,
1498 413 1590 465 sed
1642 413 1893 481 spiritum
1944 415 2062 469 sine

473 498 757 564 emateria,
809 512 874 553 ac
933 499 1105 569 ignem
1150 510 1571 565 consumentem,
1609 505 2060 571 quemadmodum

476 591 752 647 Dominus
777 590 957 657 docet,
988 591 1196 655 dicens,
1227 592 1459 662 Spiritus
1475 602 1553 648 est
1584 594 1722 649 Deus
1743 596 1785 650 '.
1816 596 2056 653 Dicendo

488 689 672 736 autem
722 679 1004 750 apostolis,
1029 694 1248 736 carnem
1288 697 1349 737 se
1386 696 1453 738 ac
1486 697 1610 738 ossa
1643 684 1866 753 habere,
1892 696 2057 757 atque

484 775 543 830 in
579 774 1075 844 primispostquam
1122 775 1530 839 resurrexisset.
1561 777 1682 846 eius
1723 792 1817 833 eos
1859 793 2061 850 negan-

480 877 571 920 tes
595 880 836 932 carnem,
872 880 935 920 ac
966 864 1168 921 Christi
1205 868 1408 932 hostes,
1442 870 1700 923 ostendit.

552 1060 650 1117 1x.
688 1059 824 1117 Cum
868 1072 1001 1127 ergo
1038 1057 1441 1115 sanetissimum
1474 1059 1675 1114 Christi
1732 1075 1929 1129 corpus
1959 1077 2058 1116 nec

478 1163 746 1208 aeternum
779 1152 870 1214 sit,
898 1165 994 1205 nec
1026 1148 1172 1203 Patri
1195 1160 1542 1216 coaeternum,
1570 1160 1658 1203 aut
1687 1152 1892 1221 pariter
1907 1167 2054 1207 sem-

464 1245 780 1314 .piternum,
810 1255 907 1296 nec
930 1242 1254 1306 incrcatum,
1283 1255 1383 1295 nec
1410 1242 1515 1295 tale
1535 1250 1589 1294 ut
1619 1253 1850 1309 nequeat
1882 1243 2052 1297 videri

482 1337 683 1403 oculis,
713 1334 1230 1398 neccircumscribi,
1270 1347 1445 1402 neque
1477 1331 1707 1402 palpari,
1763 1346 1862 1386 nec
1903 1348 2053 1403 aspe-

470 1429 643 1493 clari,
677 1441 778 1483 nec
809 1426 1053 1498 ﬁgurari,
1100 1441 1197 1481 nec
1244 1426 1313 1480 sit
1345 1426 1588 1494 spiritus,
1616 1425 1704 1497 qui
1750 1424 1947 1478 coelum
1994 1441 2058 1480 ac

487 1527 692 1571 terram
734 1516 976 1586 impleat,
1010 1514 1087 1568 uti
1144 1513 1365 1569 deitas:
1420 1530 1520 1569 nec
1567 1519 1636 1570 sit
1666 1518 1916 1587 simplex,
1956 1531 2055 1571 nec

472 1623 689 1665 micans
738 1608 1154 1679 compositione,
1187 1622 1362 1676 neque
1394 1606 1597 1676 angelis
1631 1623 1695 1663 ac
1743 1608 2087 1662 hominibus

486 1700 893 1772 inaspectabile,
942 1713 1114 1769 neque
1165 1699 1304 1769 ignis
1348 1712 1725 1753 consumens:
1787 1698 2054 1768 quomodo

484 1802 681 1847 natura
716 1791 888 1845 deitas
908 1800 1013 1856 est,
1051 1789 1127 1843 uti
1162 1788 1417 1856 Δωριωιὶ
1448 1788 1756 1858 nugantur?
1782 1788 2053 1853 Quemad-

487 1886 703 1938 modum
733 1884 878 1937 enim
918 1880 1155 1935 Verbum
1182 1894 1311 1933 caro
1343 1878 1545 1933 factum
1586 1889 1668 1933 est
1698 1877 2056 1932 immutabili-

488 1980 592 2033 ter,
627 1968 761 2024 nihil
812 1968 927 2037 ejus
969 1968 1020 2022 in
1053 1981 1271 2021 carnem
1312 1967 1579 2021 demutata
1630 1966 1830 2022 deitate
1877 1986 1889 2021 :
1923 1968 2054 2036 quin

478 2068 609 2129 post
650 2059 812 2113 etiam
861 2057 1284 2112 incarnationem
1336 2058 1542 2125 absque
1586 2056 1691 2111 ulla
1750 2058 2051 2111 mutatione

490 2148 631 2203 Deus
658 2147 1021 2217 perseveravit
1047 2163 1060 2199 :
1099 2144 1179 2199 sic
1201 2158 1417 2213 quoque
1440 2144 1559 2213 ejus
1586 2158 1713 2200 caro
1740 2145 2050 2199 immutabi-

467 2236 609 2290 "liter
635 2235 889 2304 nulloque
919 2233 1122 2288 amisso
1150 2231 1423 2296 deiﬁcata,
1455 2232 1871 2302 haudquaquam
1900 2232 2049 2287 exci-

484 2330 566 2385 dit
612 2343 641 2382 a
688 2337 877 2382 natura
928 2341 1024 2381 sua
1072 2338 1138 2378 ac
1178 2323 1531 2393 pr0prietate,
1569 2330 1661 2376 aut
1704 2323 1759 2376 in
1804 2332 2054 2377 naturam

467 2418 701 2475 ideitatis
731 2429 991 2471 conversa
1025 2423 1129 2468 est.
1176 2413 1253 2467 Ac
1302 2412 1506 2466 idcirco
1547 2408 1848 2476 Christum,
1888 2410 2052 2467 Deum

485 2524 552 2564 ac
578 2508 849 2563 hominem
895 2506 950 2560 in
990 2505 1198 2560 duabus
1233 2504 1442 2558 naturis
1471 2515 1522 2558 et
1547 2503 1960 2571 operationibus
1990 2516 2054 2557 ac

478 2600 873 2662 voluntatibus,
914 2597 1030 2665 ejus
1063 2610 1251 2650 omnes
1288 2595 1461 2650 sancti
1507 2593 1832 2650 conﬁtentur
1892 2602 2056 2663 atque

487 2690 801 2761 praedicant.
830 2688 984 2754 Quod
1012 2686 1058 2741 si
1099 2686 1218 2755 ejus
1256 2699 1383 2740 caro
1433 2683 1488 2738 in
1552 2694 1799 2737 naturam
1840 2683 2055 2738 deitatis

484 2785 588 2838 fuit
620 2790 843 2847 mutata,
894 2779 1234 2850 perspicuum
1281 2786 1381 2842 est,
1430 2790 1534 2831 non
1576 2789 1736 2845 posse
1775 2775 2054 2831 Christum

484 2874 920 2943 diciperfectum
944 2871 1243 2935 hominem,
1263 2884 1327 2921 ac
1352 2869 1590 2938 ejusdem
1620 2868 1902 2923 nobiscum
1925 2869 2053 2924 sub-

486 2967 722 3024 stantia.
2081 2990 2126 3050 ο

556 3058 624 3112 Χ.
665 3058 798 3112 Cum
827 3056 893 3110 de
929 3069 1027 3109 sua
1061 3055 1277 3122 quidem
1324 3052 1521 3106 deitate
1567 3050 1826 3106 Dominus
1860 3051 2005 3106 dicat
2038 3068 2051 3104 :

489 3149 603 3218 Ego
626 3159 672 3201 et
708 3146 870 3200 Pater
891 3160 1050 3198 unum
1086 3159 1287 3207 sumus,
1327 3141 1395 3196 de
1440 3155 1604 3196 carne
1636 3150 1816 3196 autem
1846 3156 1941 3196 sua
1976 3143 2058 3197 di-

482 3250 575 3292 cat
612 3255 626 3292 :
659 3235 817 3291 Pater
837 3251 1002 3300 meus,
1033 3233 1206 3302 major
1243 3248 1321 3285 me
1355 3242 1430 3286 est
1464 3231 1510 3295 ⁸,
1549 3231 1641 3286 Dei
1665 3240 1843 3286 autem
1872 3232 2057 3290 hostes

485 3326 727 3382 Armenii
751 3326 830 3391 hi,
861 3324 914 3378 in
942 3323 1190 3387 scelesta,
1226 3336 1291 3376 ac
1325 3319 1682 3387 exsecranda,
1716 3319 2058 3391 blasphema-

480 3433 591 3489 que
619 3431 804 3473 eorum
861 3414 1084 3484 synodo,
1114 3427 1276 3482 quam
1313 3410 1580 3476 fecerunt,
1616 3410 1671 3465 in
1719 3410 1828 3466 Deo
1866 3412 2055 3467 odibdi

462 3525 672 3564 veorum
701 3509 843 3573 loco,
874 3521 1034 3576 quem
1072 3503 1240 3559 Tihen
1267 3504 1553 3560 Armeuice
1583 3514 1796 3570 vocant,
1824 3506 1879 3558 in
1917 3506 2059 3560 hunc

478 3603 706 3656 modum
756 3614 852 3669 per
892 3596 1290 3654 contentionem
1349 3596 1632 3650 sanxerint
1685 3612 1701 3653 ;
1756 3614 1776 3648 ι
1820 3596 1877 3652 Si
1935 3598 2058 3666 quis

469 3693 685 3749 ‘Christi
720 3706 959 3755 carnem,
987 3690 1247 3760 a'qttalem
1277 3688 1422 3742 Patri
1469 3688 1727 3744 deitatem
1762 3703 1868 3742 non
1905 3690 2057 3743 dixe-

474 3787 583 3850 arit,
633 3784 917 3840 anathema
961 3784 1067 3850 sit;
1105 3801 1124 3835 ι
1176 3782 1266 3852 qui
1312 3798 1418 3837 non
1470 3781 1646 3851 palam
1708 3780 1802 3837 Dei
1872 3783 2057 3839 hostes

487 3881 636 3944 sint,
691 3894 755 3933 ac
809 3894 837 3932 a
895 3886 1002 3933 tota
1045 3876 1205 3932 alieni
1255 3876 1694 3939 christianitate,
1730 3874 1820 3944 qui
1873 3889 2058 3945 aperte

470 3973 755 4030 ‘Christum
800 3985 863 4025 ac
881 3970 995 4040 ejus
1017 3969 1305 4039 discipulus
1329 3967 1832 4022 anathematizenti
1860 3965 2049 4023 Videte

483 4065 691 4133 itaque,
720 4061 983 4127 Armenii,
1014 4063 1316 4116 daemonum
1352 4074 1565 4123 currus,
1597 4059 1929 4128 iniquantum
1954 4060 2057 4113 im-

474 4155 739 4225 pietatem
769 4168 833 4208 ac
866 4152 1252 4220 impudentiam
1288 4151 1522 4221 prolapsi
1560 4150 1704 4217 sitis,
1746 4158 1809 4205 ut
1854 4151 2052 4205 nedqu

484 4257 728 4302 sanctam
790 4244 1055 4314 synodum
1110 4242 1603 4297 Chalcedonensem
1632 4280 1649 4306 ,
1696 4255 1760 4296 ac
1805 4256 1927 4295 cum
1985 4256 2050 4296 ea

2162 420 2271 489 γὰρ
2298 419 2391 472 καὶ
2415 420 2447 489 ἠ
2483 418 2621 487 σάρξ
2654 416 2822 471 αὐτοῦ
2854 417 3106 487 θεότητος
3131 420 3347 487 γέγονε,
3407 422 3651 490 εὔδηλον
3677 426 3753 477 ὅτι

2161 512 2262 564 οὐκ
2290 506 2358 580 ἦν
2383 510 2541 581 σὰρξ,
2578 509 2713 563 ἀλλά
2742 509 2956 580 πνεῦμα
2988 511 3151 564 άῠλον
3190 514 3285 564 καὶ
3322 514 3448 581 πῦρ
3487 531 3751 567 καταγα-

2160 602 2400 667 λίσκον,
2443 600 2628 664 καθὼς
2663 602 2691 654 ὀ
2718 600 2924 672 Κύριος
2959 602 3205 655 διδάσκει
3255 603 3471 671 λέγων’
3507 610 3753 675 Πνεῦμα

2162 696 2196 747 ό
2222 695 2387 759 Θεός.
2432 693 2620 747 Είπὼν
2641 693 2697 746 δὲ
2730 695 2842 756 τοῖς
2873 692 3213 757 ἀποστόλοις,
3255 694 3437 764 σάρκα
3476 695 3636 764 ἔχειν
3665 700 3752 749 καὶ

2160 785 2317 849 ὀστᾶ,
2369 785 2465 837 καὶ
2521 785 2756 854 μάλιστα
2813 784 2951 854 μετά
2992 784 3092 854 τὴν
3130 785 3455 850 ἀνάστασιν,
3509 788 3749 841 δείκνυσ.

2158 876 2385 940 τούτους
2411 876 2655 947 ἀρνητάς
2692 876 2793 947 τῆς
2829 875 3023 930 ἑαυτοῦ
3064 876 3264 947 σαρκὸς
3304 878 3401 929 καὶ
3439 883 3749 949 χριστομά-

2161 985 2256 1037 χου
2270 986 2308 1028 ς.

2229 1057 2305 1113 Θ’.
2348 1060 2410 1111 Ei
2462 1059 2557 1112 οὖν
2610 1058 2671 1112 τὺ
2733 1060 3001 1126 πανάγιον
3069 1059 3229 1129 σῶμα
3295 1058 3571 1127 Χριστοῦ,
3628 1062 3747 1114 οὔτε

2166 1151 2403 1221 άναρχόν
2424 1153 2591 1215 ἐστιν,
2625 1151 2750 1204 οὔτε
2779 1152 3116 1220 συνάναρχον
3139 1152 3217 1221 τῷ
3237 1153 3435 1222 Πατρὶ,
3462 1154 3598 1206 οὔτε
3629 1172 3749 1207 συν-

2164 1242 2356 1304 αῒδιον,
2411 1239 2537 1294 οὔτε
2575 1243 2852 1306 άκτιστον,
2887 1240 3011 1295 οὕτε
3044 1241 3283 1306 αἰώνιον,
3313 1241 3443 1295 οὗτε
3493 1244 3746 1313 ἀόρατον,

2158 1331 2282 1384 οὔτε
2311 1333 2743 1403 ἀπερίγραπτον,
2767 1332 2891 1386 οὔτε
2911 1333 3297 1405 ξάψηλάφητον,
3316 1334 3447 1388 οὔτε
3487 1336 3743 1401 ἀθέατοι,

2158 1420 2282 1475 οὔτε
2306 1423 2731 1492 ἀσχημάτιστον,
2762 1422 2887 1476 οὕτε
2906 1425 3123 1494 πνεῦμα
3145 1426 3235 1477 τὸν
3269 1425 3513 1496 οὐρανὸν
3543 1428 3745 1498 καὶτὴν

2159 1514 2263 1582 γῆν
2290 1513 2550 1582 πληροῦν,
2579 1514 2691 1565 ἀλλ’
2719 1516 2752 1583 ἡ
2774 1514 2964 1580 θεότης
2991 1530 3007 1544 ·
3032 1513 3156 1567 οὔτε
3176 1514 3405 1579 ἁπλοῦν,
3424 1514 3562 1568 οὔτε
3592 1519 3743 1569 om

2162 1603 2334 1666 θετον,
2349 1603 2474 1656 οὔτε
2493 1604 2719 1658 ἀθέατον
2736 1604 2989 1673 ἀγγέλοις
3012 1605 3107 1659 καὶ
3129 1605 3467 1675 ἀνθρώποις,
3490 1606 3622 1659 οὔτε
3644 1608 3745 1678 πῦρ

2158 1696 2553 1752 καταναλίσκον
2578 1715 2593 1731 ⁸
2631 1697 2748 1762 πῶς
2774 1698 2935 1769 φύσει
2964 1700 3158 1770 θεότης
3185 1702 3356 1766 ἐστὶν,
3386 1704 3466 1766 ὡς
3493 1707 3547 1757 οἱ
3598 1706 3741 1758 Ἀκέ-

2157 1789 2317 1858 φαλοι
2365 1790 2736 1861 φλυαροῦσιν;
2775 1791 2987 1862 Ὠσπερ
3020 1793 3129 1862 γὰρ
3159 1794 3331 1862 Λόγος
3358 1794 3508 1865 σὰρξ
3534 1798 3742 1864 ἐγένετο

2156 1879 2461 1951 ἀτρέπτως,
2510 1882 2569 1934 ού
2609 1881 2935 1951 μεταϐαλὼν
2982 1883 3083 1953 τὴν
3127 1886 3323 1939 ἑαυτοῦ
3377 1888 3625 1959 θεότητα
3667 1891 3741 1953 είς

2159 1970 2376 2037 σάρκαο
2424 1970 2564 2025 ἀλλὰ
2622 1972 2756 2035 Θεὸς
2817 1973 3107 2042 ἀτρέπτως
3156 1975 3402 2044 διέμεινε
3455 1979 3560 2030 καὶ
3609 1981 3740 2046 μετά

2158 2059 2468 2131 σάρκωσιν·
2501 2059 2643 2113 οὕτω
2677 2063 2770 2115 καὶ
2818 2063 2850 2133 ἡ
2889 2063 3025 2133 σὰρξ
3065 2065 3229 2119 αὑτοῦ
3266 2064 3545 2119 θεωθείσα
3578 2069 3738 2139 ἀτρέ-

2158 2164 2305 2213 πτως
2340 2151 2434 2203 καὶ
2472 2151 2891 2221 ἀμεταὸλὴτως,
2927 2154 3026 2223 τῆς
3060 2153 3193 2216 ἰδίας
3219 2154 3445 2224 φύσεως
3483 2160 3585 2210 καὶ
3618 2160 3742 2212 ἰδιό-

2155 2255 2319 2308 τητος
2341 2239 2444 2292 οὐκ
2474 2241 2711 2310 ἐτράπη,
2744 2240 2867 2294 οὔτε
2908 2243 2988 2305 είς
3009 2244 3172 2312 φύσιν
3211 2244 3474 2315 θεότητος
3506 2249 3743 2317 pata.“-

2158 2331 2377 2402 ὄληται.
2442 2335 2552 2387 Καὶ
2604 2334 2694 2387 διὰ
2738 2334 2919 2398 τοῦτο,
2966 2336 3099 2391 θεὸν
3154 2338 3247 2391 καὶ
3299 2340 3609 2410 ἄνθρωπον
3658 2344 3743 2395 τὸυ

2158 2424 2392 2495 Χριστὸν
2431 2426 2490 2476 ὲν
2519 2425 2613 2478 δύο
2642 2425 2840 2494 φύσεσι
2864 2429 2957 2481 καὶ
2987 2429 3296 2497 ἐνεργείαις
3319 2430 3419 2483 καὶ
3442 2431 3741 2501 θελήμασι,

2157 2517 2359 2580 πάντες
2397 2517 2447 2570 oi
2482 2518 2629 2586 ἅγιοι
2655 2519 2821 2573 αὑτοῦ
2852 2520 3178 2588 ὁμολογοῦσι
3208 2520 3303 2574 καὶ
3342 2523 3741 2591 κηρύττουσιν.

2157 2612 2220 2664 Ei
2255 2610 2311 2662 δὲ
2350 2611 2486 2682 σὰρξ
2532 2611 2699 2664 αὐτοῦ
2750 2613 2830 2673 εἰς
2864 2611 3027 2681 φύσιν
3074 2611 3328 2682 θεότητος
3385 2617 3743 2685 μετετράπη.

2159 2699 2468 2771 πρόδηλον,
2536 2700 2619 2753 ὅτι
2664 2702 2691 2753 ό
2745 2702 2980 2771 Χριστὸς
3027 2701 3231 2765 τέλειος
3296 2702 3602 2774 ἄνθρωπος
3656 2708 3744 2758 καὶ

2155 2792 2439 2859 ὁμοούσιος
2461 2794 2596 2862 ἡμῖν
2624 2793 2687 2845 ού
2710 2793 2933 2846 δύναται
2971 2794 3245 2862 λέγεσθαι.

2228 3063 2284 3117 l'.
2324 3063 2460 3133 Περὶ
2490 3062 2591 3132 μὲν
2618 3061 2715 3131 τῆς
2742 3061 2909 3115 αὑτοῦ
2937 3061 3190 3131 θεότητος
3218 3060 3371 3129 λέγει
3396 3078 3411 3093 ·
3466 3062 3631 3132 Ἐγὼ
3652 3066 3743 3118 καί

2162 3157 2194 3210 d
2223 3154 2426 3223 Πατὴρ
2454 3154 2524 3208 ἐν
2554 3154 2764 3224 ἐσμεν.
2801 3154 2941 3226 Περὶ
2969 3154 3025 3208 δὲ
3057 3155 3158 3224 τῆς
3194 3156 3402 3225 σαρκὸς
3433 3155 3613 3211 αὑτοῦ
3650 3176 3742 3225 ση-

2160 3265 2243 3300 σιν
2274 3263 2286 3277 ·
2326 3247 2388 3299 Ὀ
2443 3245 2645 3314 Πατήρ
2684 3262 2805 3315 μου
2849 3244 3062 3315 μείζὶυν
3099 3249 3217 3316 μού
3258 3247 3395 3299 ἐστι
3420 3264 3439 3281 ο
3475 3251 3583 3301 καὶ
3602 3246 3744 3303 οὗτοι

2154 3340 2212 3393 δὲ
2242 3341 2289 3393 oi
2317 3339 2578 3409 θεομάχοι
2618 3338 2917 3408 Ἀρμένιοι,
2942 3339 2999 3391 ὲν
3028 3339 3092 3408 τῇ
3120 3339 3292 3408 μικρᾷ
3323 3340 3427 3391 καὶ
3463 3338 3737 3410 βδελυκτῇ

2157 3432 2251 3485 καὶ
2301 3431 2612 3502 βλασφήμῳ
2658 3430 2841 3483 αὐτῶν
2884 3429 3109 3500 συνόδῳ,
3150 3431 3217 3499 τῇ
3265 3431 3557 3504 γενομένῃ
3592 3436 3647 3486 ἐν
3681 3436 3743 3501 τῇ

2159 3523 2444 3591 θεοστυγεῖ
2492 3521 2673 3577 αὐτῶν
2715 3519 2891 3592 χώρᾳ,
2943 3523 3011 3591 τῇ
3063 3520 3377 3591 καλουμένῃ
3426 3522 3744 3592 ’Δρμενιπὶ

2159 3614 2349 3684 Τιὸην,
2389 3614 2684 3687 ἐριστικῶς
2723 3613 3129 3685 ἐπιγράφοντες
3156 3613 3415 3681 λέγουσιν
3441 3631 3459 3646 ο
3504 3634 3528 3667 s
3577 3617 3648 3669 Εἰ
3668 3634 3746 3678 τις

2157 3706 2216 3758 οὺ
2257 3705 2405 3773 λέγει
2452 3706 2552 3776 τὴν
2592 3708 2770 3776 σάρκα
2818 3703 2914 3758 τοῦ
2971 3705 3211 3775 Χριστοῦ
3275 3706 3395 3760 ἴσον
3442 3706 3529 3776 τῷ
3580 3709 3749 3777 [la-cpt

2159 3797 2407 3867 θεότητα,
2442 3797 2689 3868 ἀνάθεμα
2712 3797 2853 3851 ἔστω
2877 3796 2944 3867 ’ξι
2981 3798 3099 3859 πῶς
3125 3798 3227 3851 ούκ
3265 3799 3381 3851 εἰσὶ
3446 3801 3751 3869 προφανῶς

2159 3887 2419 3958 θεομάχοι
2472 3890 2568 3942 καὶ
2616 3888 2977 3959 ἀχριστίανοι,
3024 3888 3116 3942 τὸν
3160 3889 3401 3959 Χριστὸν
3445 3895 3752 3959 προ-θακῶς

2157 3978 2671 4046 άναθεματίζοντες,
2709 3981 2807 4033 κα)⁵
2850 3981 2977 4042 τοὺς
3008 3979 3258 4049 μαθητὰς
3290 3981 3501 4047 αύτοῦ;
3551 3984 3750 4054 Ὁρᾶτε

2156 4068 2269 4133 οὖν,
2301 4062 2346 4122 ὦ
2388 4070 2687 4139 Ἀρμένιοι,
2731 4070 2957 4140 ἅρματα
3008 4068 3116 4122 τῶν
3156 4069 3455 4137 δαιμόνων,
3496 4075 3591 4135 εις
3622 4076 3753 4141 ὅσην

2157 4162 2415 4215 ἀσέϐειαν
2452 4162 2548 4214 καὶ
2574 4161 2966 4231 ἀναισχυντίαν
2994 4160 3345 4225 πεπτώκατε,
3380 4163 3462 4224 ὡς
3486 4167 3559 4216 οὐ
3590 4167 3755 4234 μένον

2158 4252 2256 4323 τὴν
2286 4254 2343 4305 ὲν
2372 4250 2682 4321 Χαλκηδόνι
2720 4252 2884 4319 ἁγίαν
2911 4250 3150 4312 σύνοδον,
3181 4251 3278 4302 καὶ
3311 4251 3412 4302 σὺν
3449 4253 3601 4321 αὐτῇ
3627 4256 3757 4315 τοὺς

485 4348 706 4392 sanctos
730 4351 918 4391 omnes
941 4335 1358 4398 malediceretis,
1386 4349 1569 4389 verum
1594 4343 1649 4388 et
1690 4335 1861 4402 ipsum
1889 4333 2056 4387 Deum

2165 4347 2355 4415 ἁγίους
2415 4344 2661 4405 ἅπαντας
2706 4342 3088 4412 βλασφημεῖν,
3120 4340 3255 4393 ἀλλὰ
3302 4341 3402 4393 καὶ
3451 4343 3630 4395 αὐτὸν
3664 4344 3757 4396 τὸν

470 4429 831 4481 κὶιιρπῐιαωιη
892 4426 1075 4495 impie,
1111 4422 1419 4480 Judaeorum
1475 4437 1658 4491 more,
1712 4425 2055 4477 anathemate

484 4518 843 4573 damnaretis.

555 4625 649 4681 XI.
681 4624 813 4679 Cum
846 4623 1009 4693 igitur
1045 4622 1290 4676 Christus
1339 4633 1494 4675 suam
1518 4628 1770 4673 astruens
1801 4616 2054 4671 incarna-

482 4719 684 4773 tionem
717 4715 915 4773 Judaeis
947 4716 1090 4770 dicat
1121 4731 1133 4769 :
1164 4714 1302 4778 Quid
1335 4727 1414 4765 me
1453 4711 1687 4781 quwritis
1739 4708 2054 4777 interﬁcere,

476 4812 743 4865 hominem
767 4810 857 4880 qui
890 4809 1153 4862 veritatem
1194 4805 1333 4859 vobis
1373 4803 1575 4856 locutus
1601 4817 1716 4855 sum
1737 4799 1800 4853 οἳ
1830 4813 2056 4867 magnus

489 4918 618 4957 vero
665 4903 864 4957 Paulus
924 4899 1208 4955 Timutheo
1267 4897 1540 4961 scribens,
1601 4896 1747 4949 dicat
1804 4909 1818 4946 :
1881 4888 2055 4943 Homo

486 4995 729 5049 Christus
759 4993 935 5057 Jesus,
957 4993 1047 5062 qui
1074 4991 1293 5045 tradidit
1326 4990 1652 5057 semetipsum
1683 5000 1779 5054 pro
1810 4982 1957 5036 nobis
1984 4984 2049 5049 “;

492 5102 553 5140 ac
588 5100 774 5139 rursus
809 5102 823 5138 :
863 5084 965 5137 Per
988 5086 1245 5136 hominem
1280 5097 1440 5147 mors,
1476 5091 1525 5134 et
1566 5092 1657 5145 per
1683 5075 1944 5128 hominem
1973 5088 2057 5125 re-

484 5176 740 5231 surrectio
770 5192 834 5229 ex
857 5176 1074 5229 mortuis
1104 5176 1144 5207 "
1181 5193 1194 5228 :
1228 5175 1279 5227 hi
1318 5182 1498 5227 autem
1540 5168 1743 5227 dicant,
1774 5179 1882 5217 non
1922 5176 2042 5217 esse

480 5268 760 5325 Christum
784 5268 1075 5333 hominem,
1100 5266 1191 5321 sed
1216 5266 1475 5319 duntaxat
1497 5262 1686 5323 Deum,
1721 5254 1854 5311 nihil
1874 5254 2050 5309 abun-

484 5362 708 5417 dantius
754 5362 808 5416 in
855 5374 953 5414 sua
989 5357 1261 5429 hypostasi
1310 5356 1623 5416 habentem,
1653 5363 1813 5419 quam
1856 5345 2051 5401 habeat

484 5452 684 5522 Pater;
712 5452 983 5524 quoodo
1021 5464 1239 5520 prorsus
1270 5445 1566 5503 Christiani
1602 5451 1829 5514 possunt
1869 5440 2054 5511 appel-

557 5635 575 5664 ⁷
604 5633 763 5689 Joan.
791 5650 870 5700 ιν,
903 5634 997 5690 ει.
1070 5632 1093 5664 ⁸
1121 5629 1258 5685 Joan
1312 5642 1418 5696 xiv,
1450 5626 1542 5683 9,8.
1622 5623 1642 5653 '
1670 5621 1823 5678 Joan.
1849 5635 1951 5686 vn,
1988 5618 2081 5675 90.

2158 4435 2579 4507 σεσαρκωμένον
2633 4433 2770 4487 Θεδν
2831 4434 3044 4497 ἀσεϐῶς
3098 4431 3526 4500 ἀναθεματίζειν
3582 4435 3666 4497 ὡς
3705 4440 3753 4488 οὶ

2170 4527 2439 4579 Ἰουδαῖοι.

2234 4617 2333 4672 lA'.
2370 4618 2431 4670 El
2461 4612 2555 4672 οὖν
2590 4618 2619 4669 ὁ
2653 4616 2896 4686 Χριστὸς
2920 4615 3019 4686 τὴν
3068 4615 3268 4671 ἑαυτοῦ
3332 4617 3631 4686 σάρκωσιν
3665 4616 3756 4687 βε-

2157 4711 2327 4764 ϐαιῶν
2351 4711 2503 4779 ἔλεγε
2534 4712 2649 4773 τοῖς
2677 4708 2954 4772 Ἰουδαίοις
2977 4725 2991 4739 ’
3036 4711 3099 4763 Τί
3119 4726 3195 4778 με
3217 4708 3448 4776 ζητεῖτε
3463 4709 3756 4764 ἀποκτεὶ-

2156 4817 2274 4864 ναι,
2298 4800 2612 4868 ἄνθρωπον
2640 4800 2710 4866 ὃς
2746 4801 2866 4865 τὴν
2908 4801 3207 4867 ἀλήθειαν
3226 4801 3370 4871 ὑμῖν
3384 4800 3753 4869 λελάληκα

2158 4893 2251 4945 καὶ
2286 4892 2497 4956 Παῦλος
2534 4893 2594 4946 δὲ
2620 4894 2648 4945 ὁ
2670 4892 2848 4962 μέγας
2882 4893 3188 4955 ἀπόστολος
3217 4893 3457 4962 γράφων
3487 4893 3751 4961 Τιμοθέῳ

2156 4984 2342 5051 ἔλεγεν
2367 4998 2383 5014 ο
2464 4983 2813 5051 Ἀνθρωπος
2896 4983 3137 5050 Ἰησοῦς
3183 4982 3466 5051 Χριστὸς,
3525 4986 3567 5035 ὀ
3607 4983 3751 5045 δοὺς

2156 5073 2375 5127 ἑαυτὸν
2402 5071 2553 5141 ὑπὲρ
2573 5071 2743 5141 ἡμῶν
2765 5089 2780 5104 ο
2810 5074 2903 5127 καὶ
2931 5074 3121 5140 πάλιν,
3148 5075 3233 5127 ὅτι
3260 5074 3341 5126 Δι’
3368 5073 3703 5140 tit-0W
3720 5076 3749 5124 ὁ

2155 5162 2433 5229 θάνατος,
2455 5161 2552 5217 καί
2578 5161 2653 5217 δι’
2671 5164 2989 5231 ἄνθρωπον
3008 5164 3355 5229 ἀνάστασις
3374 5163 3447 5216 ἐκ
3470 5162 3714 5228 νεκρῶν
3732 5179 3745 5189 ³

2156 5250 2304 5310 οὗτοι
2334 5254 2393 5307 δὲ
2448 5255 2726 5322 λέγουσιν,
2762 5255 2851 5308 ὅτι
2880 5256 2983 5309 οὐκ
3016 5255 3171 5309 ἐστιν
3209 5255 3505 5324 ἄνθρωπος
3530 5256 3565 5307 ὁ
3622 5255 3748 5319 Χρι-

2159 5348 2309 5412 στὸς,
2340 5345 2478 5401 ἀλλά
2509 5346 2642 5410 Θεὸς
2684 5346 2845 5417 μόνον
2874 5360 2891 5375 ⁸
2922 5346 3077 5401 οὐδὲν
3117 5345 3377 5418 περισσὸν
3409 5344 3557 5413 ῐχων
3596 5345 3660 5396 ἰν
3686 5344 3742 5407 τῇ

2164 5441 2271 5511 ἰδίᾳ
2297 5439 2596 5494 ὑποστάσει
2625 5438 2779 5509 παρά
2803 5438 2893 5493 τὸν
2953 5439 3208 5510 Πατέρα·
3250 5437 3369 5502 πῶς
3421 5436 3565 5498 ὅλως
3626 5434 3745 5502 X9.-

2159 5620 2202 5650 ”
2243 5616 2421 5672 Galat.
2460 5632 2520 5684 ιι,
2548 5616 2641 5673 20.
2721 5617 2761 5649 ¹¹
2803 5616 2823 5669 ι
2855 5615 2982 5672 Cor.
3017 5630 3108 5682 xv,
3139 5614 3231 5667 Si.
