3968 6220
455 182 617 247 51167

1543 188 1793 250 ISAACI
1828 190 2199 254 ΑΒΜΕΝΙᾸΞ
2241 196 2648 258 CATHOL-ICI

3586 201 3736 269 1168

439 314 593 353 ‘nem
643 307 855 368 negent,
884 314 947 352 es
992 314 1056 353 cn
1101 300 1287 369 liquet.
1322 301 1456 356 Cum
1506 305 1650 357 enim
1700 304 2015 374 Evangeliur

2152 313 2392 382 Χριστοῦ
2427 315 2728 385 σάρκωσιν.
2764 315 2921 385 δῆλον
2943 317 3216 374 ἐντεῦθεν.
3241 319 3351 374 Τοῦ
3387 321 3736 389 Εὖαγγελίου

466 393 636 457 dicat,
694 402 850 447 sexto
891 392 1143 458 deinceps
1188 408 1372 448 mense
1404 409 1433 447 ο
1464 396 1818 463 conceptione
1868 396 2042 451 Elisa-

464 487 616 549 beth,
644 484 867 539 missum
919 498 1039 538 esse
1083 484 1464 555 archangelum
1496 485 1798 542 Gabrielem
1827 489 1892 542 ad
1925 488 2040 543 Ma-

463 578 601 630 riam
656 575 947 643 Virginem,
1005 575 1097 645 qui
1148 573 1480 631 Dominicam
1529 578 1578 632 ei
1616 579 2035 648 conceptionem

466 666 739 721 nuntiaret
778 683 791 719 :
826 666 881 719 hi
923 667 1097 736 potius
1120 666 1296 721 latam
1328 668 1591 735 ejusmodi
1621 684 1683 723 ae
1713 669 2035 725 horrendam

464 757 883 821 solemnitatem,
934 757 1275 829 primamque
1329 760 1513 813 mundi
1567 760 1817 826 salutem,
1846 778 1908 816 ac
1939 763 2031 817 Dei

442 847 752 903 Genitricis
767 849 1043 917 gaudium,
1070 864 1220 904 more
1239 847 1546 904 Judzeorum
1572 861 1806 922 negant;
1839 868 1902 907 ac
1924 853 2035 907 vel-

463 940 749 995 int-luctum
778 940 1156 1010 suscipientes,
1183 940 1324 994 nulla
1362 956 1582 1008 prorsus
1604 942 1812 997 ratione
1833 942 2027 998 festive

457 1032 789 1099 eolunt,aut
813 1032 1072 1088 celebrari
1110 1033 1216 1087 ulla
1247 1034 1502 1087 memoria
1535 1033 1755 1097 habent,
1789 1049 2026 1104 evange-

458 1121 603 1175 listis
637 1137 701 1176 ac
744 1122 998 1190 apostolis
1048 1122 1394 1176 adversantes
1442 1120 1786 1176 Hebraeorum
1816 1122 2022 1187 instar;

462 1220 519 1265 ut
563 1226 681 1279 quae
733 1212 807 1265 illi
861 1212 1033 1267 sancti
1082 1211 1315 1280 Spiritus
1357 1211 1541 1267 afﬂatu
1567 1211 2025 1281 conscripserunt,

438 1304 564 1372 ipsi
595 1318 699 1357 non
724 1302 1005 1372 recipiant.

522 1406 591 1461 ll.
626 1406 911 1461 Enimvero
935 1408 1064 1476 quid
1093 1408 1306 1463 scelesti
1342 1408 1706 1477 respondent?
1731 1408 2022 1478 Haudqua-

438 1514 620 1568 quam
651 1499 925 1554 Dominica
971 1502 1312 1555 annuntiatio
1345 1500 1538 1555 Martio
1564 1516 1748 1556 mense
1776 1501 2020 1570 contigit,

454 1607 625 1660 eaque
657 1592 860 1645 ratione
886 1607 992 1646 non
1024 1592 1356 1647 Celebramus
1383 1593 1574 1662 ipsam.
1604 1591 1651 1646 Ο
1678 1592 1898 1645 inultam
1926 1592 2025 1645 hu-

2143 402 2415 470 λέγοντος,
2473 405 2555 457 ὅτι
2594 405 2671 475 τῷ
2709 405 2855 476 ἕκτῳ
2908 409 3042 476 μηνὶ
3095 409 3206 462 ἀπὸ
3269 410 3372 479 τῆς
3398 411 3735 481 συλλήψεως

2155 492 2456 560 Ἐλισὰσετ,
2495 497 2777 564 ἀπεστάλη
2795 499 2823 548 6
2838 500 3181 567 ἀρχάγγελος
3199 501 3240 552 Γ
3243 501 3442 573 αόριὴλ
3463 505 3612 573 πρὸς
3634 504 3738 571 τὴν

2140 581 2423 651 Παρθένον
2447 584 2686 653 Μαρίαν,
2722 586 3224 656 εὐαγγελιζόμενος
3252 590 3393 661 αὐτῇ
3460 593 3566 659 τὴν
3638 592 3733 644 τό]

2139 673 2347 742 Κυρίου
2379 674 2643 744 σύλληψιν
2672 692 2686 705 ·
2715 671 2866 730 οὗτοι
2893 677 2992 747 τὴν
3022 680 3279 749 τοιαύτην
3330 682 3574 752 φαιδρὰν
3638 684 3736 735 καὶ

2139 763 2376 834 φρικτὴν
2403 765 2623 837 ἑορτὴν,
2650 768 2747 820 καὶ
2771 768 2998 837 πρώτην
3031 770 3130 822 τοῦ
3158 772 3369 840 κόσμου
3417 776 3731 844 σωτηρίαν,

2136 856 2232 907 καὶ
2261 855 2362 924 τῆς
2392 856 2657 911 Θεοτόκου
2686 859 2886 929 χαράν,
2919 860 3213 930 ἀρνοῦνται
3259 864 3468 931 μᾶλλον
3530 866 3734 935 ὥσπερ

2144 946 2414 1013 Ἰουδαῖοι,
2441 948 2696 1020 καθάπερ
2726 952 2925 1016 πένθος
2962 936 3138 1025 αὐτὴν
3188 955 3499 1025 δεχόμενοι.
3558 959 3730 1012 οὖδα-

2134 1035 2250 1105 μῶς
2273 1038 2381 1090 οὐδ’
2411 1039 2549 1103 ὅλως
2586 1042 2757 1112 αὐτὴν
2781 1044 3137 1115 ἑορτάζουσιν
3188 1047 3218 1116 ἢ
3280 1051 3728 1118 μνημονεύουσι,

2128 1128 2243 1188 τοῖς
2269 1128 2685 1196 εὐαγγελισταῖς
2719 1135 2815 1186 καὶ
2850 1136 3198 1201 ἀποστόλοις,
3241 1139 3435 1209 ὥσπερ
3470 1142 3727 1209 Ἐὁρςαῖοῑ

2127 1215 2519 1285 διαμαχόμενοι
2546 1236 2560 1249 ·
2594 1220 2682 1273 ἵνα
2726 1222 2872 1292 ἅπερ
2910 1225 3109 1278 ὲκεῖνοι
3139 1226 3199 1290 ἐξ
3256 1227 3416 1294 ἁγίου
3457 1229 3727 1297 Ilva-Ima.-

2124 1320 2215 1364 τος
2243 1306 2668 1378 συνεγράψαντο,
2701 1307 2846 1366 οὗτοι
2884 1313 2946 1367 οὑ
2990 1315 3429 1386 παραδέχωνται.

2201 1390 2275 1449 Β’.
2299 1395 2459 1448 Ἀλλά
2476 1398 2530 1448 τί
2558 1414 2725 1465 φασιν
2742 1402 2789 1452 οί
2809 1400 3125 1470 βδελυκτοί;
3154 1407 3269 1458 Οὐκ
3299 1408 3355 1458 ἐν
3375 1406 3455 1475 τῷ
3486 1409 3723 1476 Μαρτίῳ

2130 1486 2262 1553 μηνὶ
2291 1486 2319 1537 6
2351 1486 2749 1558 εὐαγγελισμδς
2769 1492 2983 1560 γέγονε,
3020 1496 3114 1549 καὶ
3148 1496 3238 1548 διὰ
3262 1498 3427 1551 τοῦτο
3456 1500 3567 1568 οὐχ
3595 1503 3723 1568 ἑορ-

2125 1574 2359 1646 τάζομεν
2397 1578 2582 1631 αὐτόν.
2622 1581 2685 1632 Ὦ
2715 1582 2814 1651 τῆς
2849 1584 3050 1655 πολλῆς
3076 1587 3259 1640 αὐτῶν
3291 1590 3716 1659 ἀναισχυντίας.

456 1655 657 1735 minnm
688 1682 1069 1751 impudentiam
1094 1684 1107 1736 l
1145 1655 1427 1738 Mendaces
1466 1698 1530 1737 ac
1557 1686 1874 1738 seductores
1899 1698 2015 1737 san-

2126 1666 2379 1731 Ψεύστας
2408 1671 2502 1722 καὶ
2537 1671 2776 1737 πλάνους
2807 1676 3020 1729 ποιοῦσι
3054 1678 3264 1741 πάντας
3309 1655 3715 1747 τοὺς-*ἁγίους

430 1786 572 1831 ‘ctos
620 1790 807 1830 omnes
856 1774 1076 1829 faciunt.
1113 1774 1265 1830 Unde
1318 1789 1481 1844 porro
1513 1774 1803 1844 contigisse
1855 1774 2015 1843 liquet

2129 1757 2251 1811 Ὀτι
2275 1759 2331 1812 δὲ
2378 1763 2608 1833 Μαρτίῳ
2644 1767 2774 1836 μηνὶ
2812 1769 2841 1820 6
2874 1768 3286 1840 εὖαγγελισμὺς
3312 1772 3415 1841 τῆς
3437 1772 3715 1826 Θεοτόκςυ

455 1867 650 1923 Martio
685 1880 866 1919 mense
892 1864 987 1919 Dei
1022 1864 1314 1919 Genitricis
1345 1866 1810 1920 ainiuntiatiunem
1830 1865 1852 1918 ?
1875 1864 2015 1919 Sane

2125 1851 2336 1919 γέγονε,
2373 1854 2538 1907 πόθεν
2559 1856 2751 1925 δῆλονς
2790 1859 2914 1912 Ὀτι
2945 1866 3087 1915 κατὰ
3111 1864 3358 1933 Μάρτιον
3403 1867 3562 1935 μῆνα
3590 1885 3714 1918 συν-

429 1960 532 2013 -δὶο
567 1971 675 2010 rem
700 1957 923 2019 habere,
952 1966 1010 2009 ut
1048 1955 1273 2024 Deipara
1310 1956 1499 2010 Martio
1534 1971 1718 2011 mense
1752 1971 2015 2025 concepe-

2125 1946 2316 1998 ἐλαϐεν
2350 1950 2380 2016 ἡ
2413 1948 2695 2015 Θεοτόκος,
2731 1954 2943 2023 μάρτυς
2994 1956 3254 2020 Εὐσέϐιος
3308 1961 3336 2011 ό
3394 1962 3710 2029 Παμφέλιος

454 2047 692 2117 rit'(ll),
727 2046 873 2101 testis
905 2056 990 2100 est
1019 2046 1280 2101 Eusebius
1311 2046 1599 2115 Pamphili,
1635 2047 1714 2100 vir
1740 2046 2015 2102 studiosus

2125 2036 2435 2107 φιλομαθὴς
2464 2042 2560 2093 καὶ
2615 2042 2948 2115 πολυῖστωρ,
3000 2047 3028 2098 6
3070 2045 3171 2115 τῆς
3228 2048 3711 2119 ὲκκλησιαστικῆς

451 2154 515 2193 ac
564 2137 987 2201 scientissimus,
1042 2135 1422 2191 ecclesiasticae
1468 2137 1704 2192 historia:
1762 2140 2015 2206 scriptor,

2125 2124 2367 2195 ἱστορίας
2396 2130 2766 2198 συγγραφεὺς,
2798 2132 2827 2182 6
2858 2135 3209 2204 ἀρχαιότερος
3240 2136 3348 2191 τῶν
3379 2139 3565 2206 ἁγίων
3601 2140 3715 2192 Πα-

452 2230 594 2284 inter
617 2227 808 2281 Patres
827 2226 1257 2297 antiquissimus,
1286 2243 1425 2284 unus
1451 2244 1480 2283 e
1510 2228 1765 2283 trecentis
1790 2230 1893 2284 illis
1923 2233 2015 2287 de-

2125 2216 2316 2286 τέρων,
2349 2214 2428 2282 εἷς
2459 2218 2533 2272 ὢν
2553 2222 2659 2275 τῶν
2675 2229 2779 2291 τιη¹
2800 2224 2971 2293 ἁγίων
2999 2227 3256 2297 Πατέρων
3286 2229 3388 2297 τῆς
3416 2230 3474 2281 ἑν
3500 2232 3715 2302 Νισαίᾳ

440 2333 567 2373 cem
601 2327 655 2369 et
694 2325 820 2372 octo
847 2316 1053 2370 sanctis
1109 2314 1362 2371 Patribus
1401 2317 1635 2371 Niczenae
1666 2320 1876 2387 synodi,
1912 2320 2015 2374 Pa-

2125 2308 2342 2379 πρώτης
2373 2312 2619 2377 συνόδου,
2659 2315 2687 2366 6
2710 2316 2928 2370 πάντων
2957 2316 3067 2370 τῶν
3121 2318 3384 2389 Πατέρων
3441 2320 3717 2387 λογιώτεο

444 2419 589 2465 trnm
644 2408 1114 2477 eloquentissimus
1154 2421 1219 2462 ac
1266 2407 1618 2463 doctissimus
1648 2426 1661 2462 :
1690 2410 2015 2467 Athanasius

2125 2417 2211 2471 ρος
2237 2403 2331 2455 καὶ
2362 2403 2861 2478 πολυμαθέστερος.
2921 2408 3030 2460 Καὶ
3102 2408 3426 2473 Ἀθανάσιος
3458 2414 3488 2464 6
3532 2413 3715 2481 μέγας

448 2517 662 2573 quoque
686 2503 775 2556 ille
806 2516 1037 2571 magnus
1059 2501 1487 2567 Alexandrinus,
1515 2517 1578 2557 ae
1608 2515 1831 2560 sanctus
1852 2503 2015 2561 Joan-

2130 2493 2560 2566 Ἀλεξανδρείας,
2594 2498 2688 2549 καί⁵
2712 2499 2738 2549 ό
2762 2498 2917 2565 ἆγιος
2955 2498 3207 2570 Ἰωάννης
3225 2502 3254 2553 6
3280 2502 3710 2572 Χρυσόστομος,

444 2611 544 2650 nes
597 2594 1034 2664 Chrysostomns,
1082 2606 1383 2662 omnesque
1423 2592 1613 2648 deiferi
1667 2594 1876 2660 Patres,
1920 2598 2012 2667 qui

2125 2584 2209 2637 καὶ
2239 2584 2438 2649 πάριτες
2462 2587 2513 2639 οί
2537 2587 2787 2660 θεοφόροι
2816 2590 3076 2659 Πατέρες,
3106 2592 3172 2659 τῇ
3211 2597 3287 2642 κε’
3317 2591 3413 2643 τοῦ
3448 2594 3710 2663 Μαρτίου

442 2688 629 2742 dicunt
672 2696 912 2741 sanetam
969 2684 1248 2754 Dciparam
1306 2684 1552 2740 vicesima
1607 2689 1793 2755 quinta
1836 2687 2013 2743 Martii

2125 2676 2287 2746 μηνὸς
2328 2676 2574 2745 λέγοντες
2606 2680 3063 2749 εὐαγγελισθῆναι
3087 2682 3186 2751 τὴν
3215 2682 3485 2736 Θεοτόκον
3518 2687 3588 2736 ὲκ
3611 2685 3707 2737 τοῦ

447 2779 618 2831 lausta
651 2775 838 2830 nuntia
867 2775 1132 2830 Gabrielis
1184 2788 1281 2829 ore
1325 2778 1620 2844 accepisse,
1652 2791 1754 2846 qua
1789 2779 1888 2847 ipsi
1924 2793 2013 2831 ra-

2125 2766 2377 2839 Γαϐριὴλ,
2413 2767 2597 2831 καθὼς
2628 2770 2806 2837 αὐτοὶ,
2842 2772 2935 2824 καὶ
2968 2772 3016 2824 οί
3050 2773 3155 2841 πρὸ
3205 2773 3412 2838 αὐτῶν,
3470 2778 3543 2826 ὲκ
3593 2775 3708 2827 τῶν

420 2870 610 2933 'tiom-,
661 2882 724 2921 ae
772 2868 1092 2921 decessores
1129 2880 1157 2919 a
1193 2866 1397 2921 sanctis
1445 2868 1703 2936 apostolis
1755 2869 2010 2922 traditum

2125 2858 2283 2926 Ξγίων
2315 2859 2630 2913 ἀποστ-ὑλων
2656 2861 2968 2932 παρέλαϐον
2996 2878 3009 2892 °
3049 2863 3139 2917 διὰ
3190 2864 3251 2916 τδ
3312 2865 3543 2935 ἐκείνην
3600 2869 3707 2935 τὴν

444 2959 781 3027 accepissent
811 2974 826 3009 :
858 2973 922 3010 eo
950 2957 1115 3025 quod,
1159 2957 1424 3023 inquiunt,
1456 2958 1545 3010 illa
1579 2957 1666 3012 die
1690 2958 1858 3011 Adam
1894 2959 2007 3012 fue-

2125 2948 2349 3021 ᾐμέραν,
2420 2954 2577 3019 φασὶ,
2633 2952 2723 3005 τὸν
2795 2954 2970 3023 Ἀδὰμ
3031 2955 3135 3007 ὑπὸ
3191 2955 3325 3009 Θεοῦ
3374 2957 3705 3027 πλασθῆναι

440 3059 526 3102 rat
555 3063 583 3100 a
616 3046 727 3101 Deo
753 3062 780 3098 a
806 3045 1073 3114 principio
1096 3047 1340 3100 conditus
1374 3067 1387 3101 :
1412 3061 1531 3113 qua:
1554 3056 1635 3102 est
1666 3048 1842 3115 primo
1863 3049 2009 3105 edita

2125 3038 2176 3104 ἐξ
2202 3040 2376 3109 ἀρχῆς
2402 3056 2413 3069 ·
2447 3041 2708 3110 ἦτιςὲστὶ
2738 3045 3141 3113 πρωτόκτιστος
3180 3046 3362 3117 ἡμέρα
3394 3049 3491 3100 τοῦ
3525 3049 3701 3101 αὑτοῦ

419 3138 685 3207 ejusdem
740 3137 944 3191 mensis
993 3138 1129 3200 dies,
1165 3151 1324 3205 quem
1355 3136 1565 3192 Hebraei
1599 3140 1870 3206 appellant
1916 3139 2010 3198 ΝΞ-

2125 3131 2301 3201 αηνδς,
2334 3134 2464 3203 παρ’
2525 3134 2798 3209 Ἑϐραίοις
2856 3137 3150 3207 λεγομένου
3204 3140 3404 3204 Νισάν,
3466 3142 3531 3205 ὃς
3582 3148 3700 3195 ἐστι

440 3242 557 3289 san,
594 3242 657 3283 ac
682 3226 885 3281 nostris
930 3226 1126 3281 dicitur
1154 3226 1404 3284 Martius.
1454 3246 1473 3279 ι
1506 3229 1582 3283 Ea
1607 3231 1750 3283 enim
1786 3232 1892 3298 die,
1927 3232 2008 3286 in—

2125 3228 2238 3298 ταρ’
2264 3230 2395 3297 ἡμῖν
2428 3228 2696 3299 Μάρτιος.
2741 3250 2760 3284 ι
2813 3232 2899 3286 Ἐν
2930 3234 3068 3305 αὐτῇ
3100 3235 3208 3304 γὰρ
3240 3239 3308 3307 τῇ
3338 3238 3539 3306 ἡμέρᾳ
3588 3257 3699 3307 φη-

438 3321 631 3389 quiunt
679 3318 938 3372 Eusebius
977 3331 1041 3371 ac
1099 3325 1321 3371 sanctus
1365 3317 1719 3382 Athanasius,
1751 3319 2005 3375 conditus

2125 3317 2194 3369 τὶν
2220 3317 2249 3370 6
2281 3318 2563 3386 Εὐσέϐιος,
2589 3322 2683 3374 καὶ
2711 3322 2739 3373 6
2791 3323 2947 3391 ἆγιος
3005 3325 3340 3392 Ἀθανάσιος,
3397 3328 3490 3379 τὸν
3525 3330 3699 3397 Ἀδὰμ

438 3410 537 3464 fuit
565 3408 760 3475 Adam,
794 3407 1092 3475 eademque
1123 3405 1213 3461 Dei
1245 3405 1413 3461 Filius
1440 3410 1504 3462 ac
1537 3407 1765 3462 Verbum
1797 3410 1850 3463 in
1881 3408 2007 3465 Vir—

2125 3408 2413 3481 τλασθῆναι
2442 3428 2457 3441 ο
2495 3414 2591 3467 καὶ
2620 3415 2677 3466 ὲν
2702 3415 2863 3485 αὐτῇ,
2888 3418 2955 3487 τῇ
2988 3418 3188 3487 γαστρὶ
3237 3418 3338 3486 τῆς
3400 3420 3693 3491 Παρθένου

436 3499 577 3569 ginis
607 3508 760 3551 utero
804 3495 1091 3559 habitavit,
1129 3507 1191 3547 ac
1223 3494 1434 3548 demum
1470 3495 1522 3547 in
1562 3510 1648 3559 ea,
1687 3496 1856 3565 prima
1896 3499 2003 3552 Do-

2125 3500 2384 3571 ινοικῆσαι
2414 3500 2505 3555 τδν
2531 3502 2625 3557 τοῦ
2674 3503 2809 3559 Θεοῦ
2856 3507 2982 3560 Υίὸν
3035 3510 3130 3561 καὶ
3188 3508 3401 3576 Λόγον·
3481 3516 3588 3565 καὶ
3635 3516 3693 3566 ἐν

421 3589 658 3651 .ntinica,
690 3586 918 3656 contigit
956 3584 1180 3652 Pascha,
1210 3582 1521 3655 Christique
1562 3588 1900 3643 resurrectio
1931 3603 2001 3645 ex

2125 3590 2240 3662 ιὺτῇ
2270 3592 2551 3661 γεγονέναι
2582 3598 2648 3668 τῇ
2680 3596 2871 3671 πρώτῃ
2905 3600 3158 3672 Κυριακῇ
3190 3601 3410 3672 Πάσχα,
3450 3605 3555 3657 καὶ
3603 3609 3690 3658 τίν

416 3682 700 3738 -ιιιονιιιὶε,⁶
716 3699 740 3733 γι
824 3684 831 3695 “

2125 3683 2340 3754 (ριστὸν
2371 3685 2672 3757 ἐγερθῆναι
2707 3690 2772 3743 ἐκ
2797 3690 3034 3761 νεκρῶν.

470 3819 475 3826 -
506 3787 594 3844 lll.
633 3788 728 3844 Sin
760 3797 936 3843 autem
972 3785 1135 3841 etiam
1176 3785 1408 3842 universi
1437 3786 1609 3841 sancti
1645 3788 1999 3856 mentiuntur,

2169 3771 2247 3831 I'.
2278 3776 2340 3828 El
2364 3776 2420 3829 δὲ
2447 3777 2542 3831 καὶ
2573 3778 2772 3842 πάντες
2792 3781 2841 3833 ol
2900 3782 3045 3850 ἅγιοι
3102 3782 3417 3851 ψεύδονται,
3478 3788 3581 3839 καὶ
3628 3788 3690 3841 οὐ

411 3895 535 3936 -nec
562 3879 896 3933 annuntiatio
931 3877 1071 3933 facta
1118 3888 1199 3932 est
1233 3891 1417 3932 mense
1447 3875 1637 3931 Martio
1671 3895 1685 3931 :
1713 3892 1813 3947 par
1860 3888 1999 3947 erat,

2125 3867 2330 3938 daptltp
2363 3870 2540 3940 μηνὶό
2592 3871 2993 3944 εὐαγγελισμὸς
3022 3875 3245 3943 γέγονεν
3269 3892 3284 3907 ·
3328 3876 3443 3930 ἔδει
3475 3881 3689 3943 αὐτοὺς

410 3983 490 4026 -υι
528 3986 593 4026 ne
633 3971 708 4024 illi
743 3969 962 4024 omnino
1012 3978 1294 4039 negarent,
1327 3983 1391 4021 ae
1434 3967 1649 4022 silentio
1700 3969 1997 4033 traderent,

2125 3960 2179 4030 ιὴ
2206 3960 2489 4025 παντελῶς
2524 3964 2692 4017 αὐτὸν
2719 3966 3133 4035 ἀρνεῖσθαι,κα“ι
3156 3971 3282 4038 σιγῇ
3309 3971 3686 4038 παραδοῦναι,

408 4064 524 4119 ~sed
554 4062 891 4117 celebrarent
914 4060 993 4115 rel
1027 4061 1218 4130 Aprili,
1240 4059 1321 4113 vel
1350 4058 1513 4122 Maio,
1534 4058 1614 4114 vel
1637 4059 1745 4113 alio
1786 4074 1996 4137 mense,

2125 4053 2217 4105 ιλλ⁸
2248 4054 2527 4124 ἑορτάζειν
2548 4056 2760 4127 αὐτδνῆ
2812 4060 3130 4129 Ἀπριλλίῳ,
3158 4062 3191 4132 ἢ
3220 4064 3409 4133 Μαΐῳ,
3442 4065 3473 4133 ἦ
3499 4066 3685 4135 ἑτέρῳ

420 4168 538 4224 -qno
580 4152 1054 4222 sic¢perspicuum
1103 4160 1266 4213 esset,
1322 4164 1430 4203 non
1469 4149 1594 4218 quia
1624 4160 1857 4220 negent,
1899 4149 1999 4204 sed

2125 4144 2251 4213 ιηνὶ,
2276 4144 2363 4197 ἵνα
2389 4144 2562 4209 οὕτως
2585 4146 2877 4212 ἐδείκνυτο,
2904 4151 2987 4202 ὅτι
3014 4151 3112 4203 οὐκ
3166 4152 3500 4221 ἀρνούμενοι
3554 4158 3687 4207 ταύ-

402 4249 559 4316 ειιιιὶο
620 4260 804 4300 mense
856 4242 1049 4299 Martio
1104 4251 1331 4313 negent,
1373 4242 1574 4297 ideirco
1616 4258 1729 4295 non
1756 4257 1875 4297 eam
1910 4257 2002 4297 ce-

2125 4251 2200 4305 :nv
2226 4236 2459 4307 Μαρτίῳ
2492 4238 2646 4309 μηνὶ,
2678 4239 2770 4292 διά
2795 4239 2954 4293 τοῦτο
2980 4242 3079 4310 οὐχ
3096 4243 3477 4313 ἑορτάζουσιν.
3512 4249 3682 4300 Ἀλλά

407 4337 658 4391 ιιυιπδιέ.
728 4335 1015 4389 Enimvero
1083 4334 1153 4387 ita
1215 4346 1431 4402 quoque
1492 4331 1794 4394 habentes,
1864 4332 1994 4386 nihil

2125 4326 2196 4378 ιαὶ
2206 4324 2348 4379 οὕτω
2366 4327 2665 4393 ποιοῦντες,
2678 4330 2834 4383 οὐδὲν
2849 4327 3009 4402 ἦττον
3028 4332 3308 4396 ἀσεϐοῦσι,
3327 4335 3458 4395 τοὺς
3477 4337 3681 4405 ἁγίους

431 4428 614 4481 minus
665 4426 811 4492 impii
857 4432 1011 4485 sunt,
1058 4425 1146 4493 qui
1190 4424 1395 4479 sanctis
1442 4438 1503 4477 ac
1549 4438 1581 4477 a
1631 4422 1739 4477 Deo
1791 4420 1997 4478 amatos

2125 4414 2191 4468 ιαὶ
2218 4414 2508 4485 θεοφόρους
2535 4417 2783 4489 Πατέρας
2803 4420 3042 4488 ψεύστας
3066 4422 3159 4474 καὶ
3174 4422 3413 4481 πλάνους
3428 4425 3677 4492 ἔχοντες,

417 4517 640 4575 'Patres.
676 4514 958 4567 mendaces
984 4528 1045 4568 ac
1075 4517 1390 4569 seductores
1417 4514 1750 4579 existiment,
1776 4528 1994 4569 eorum-

2128 4507 2185 4561 αὶ
2208 4508 2303 4570 τὰς
2330 4508 2719 4575 θεοπνεύστους
2748 4513 2928 4566 αὐτῶν
2962 4515 3313 4579 διδασκαλίας
3338 4517 3570 4586 ψευδεῖς
3595 4521 3680 4572 λο-

417 4622 536 4682 que
583 4605 843 4661 dixinizus
893 4605 1208 4674 inspiratam
1251 4605 1571 4669 doctrinam,
1604 4604 1794 4660 falsam
1837 4621 1995 4675 repu-

2127 4596 2385 4668 ιξόμενοι,
2420 4603 2513 4653 καὶ
2542 4602 2641 4665 τάς
2662 4604 2872 4657 ἑαυτῶν
2922 4606 3249 4675 μυθολογίας
3305 4608 3677 4682 βεδαιοτὲρσς

406 4709 566 4762 teni,
598 4708 758 4766 atque
804 4710 887 4763 ea,
917 4710 1056 4765 quas
1105 4695 1203 4764 ipsi
1236 4695 1444 4751 tabulas
1470 4698 1982 4764 comminiscuntur,

2125 4691 2183 4759 ῆς
2212 4691 2563 4756 διδασκαλίας
2583 4694 2693 4746 τῶν
2735 4695 2907 4763 ἁγίων
2937 4696 3171 4767 ἔχοντες.
3209 4699 3371 4753 Ὅθεν
3399 4706 3499 4754 καί
3534 4722 3676 4771 πμ)-

2093 4784 2277 4852 φανῶς
2305 4786 2573 4855 αί.ρετικολ⁸
2592 4788 2691 4840 κατ
2718 4789 2937 4853 ἀσεόεῑς
2964 4792 3332 4862 εὑρίσκονται,
3353 4799 3474 4857 τοῖς
3491 4799 3678 4863 ἁγίοις

2094 4877 2339 4946 Πατράσι
2368 4876 2443 4947 μὴ
2469 4878 2801 4947 πειθόμενοι,
2836 4882 3092 4953 κατάτὴν
3111 4884 3262 4935 θείαν
3286 4884 3514 4956 Γραφὴν
3574 4891 3677 4957 τὴν

2092 4966 2372 5034 λέγουσαν’
2407 4970 2646 5037 Ἀσεὸὴς
2662 4970 2773 5040 γάρ
2797 4973 2989 5039 ἐστιν,
3012 4975 3076 5036 ὃς
3091 4978 3201 5029 οὐκ
3220 4975 3449 5045 ᾐδέσθη
3476 4983 3672 5046 πρόισι

426 4788 691 4842 lirmiores
744 4784 1004 4839 habeant.
1034 4783 1391 4851 Quamobrem
1434 4785 1608 4853 palam
1650 4786 1888 4841 haeretici
1921 4803 1986 4843 ac

423 4875 965 4944 illlleilVCﬂlUlﬂul‘,
988 4877 1081 4943 qui
1109 4874 1315 4931 samtis
1344 4874 1590 4929 Patribus
1609 4892 1713 4930 non
1740 4880 1984 4945 credant,

416 4969 569 5037 juxta
602 4968 744 5035 quod
784 4967 859 5019 ait
889 4968 1069 5021 divina
1112 4967 1388 5037 Scriptura
1420 4985 1435 5022 :
1480 4967 1683 5037 Impius
1717 4970 1857 5022 enim
1885 4979 1983 5035 est,

415 5061 507 5132 qui
537 5056 924 5110 honorabilium
953 5058 1141 5127 faciem
1172 5075 1276 5112 non
1303 5072 1571 5114 reveretur
1602 5061 1665 5115 ".
1696 5058 1849 5115 Nune
1881 5078 1986 5115 au-

422 5161 553 5214 tem,
587 5162 706 5203 cum
752 5162 850 5201 nec
897 5146 1113 5214 Martio,
1147 5164 1245 5205 nec
1277 5151 1469 5221 Aprili,
1502 5167 1601 5206 nec
1654 5152 1762 5207 alio
1802 5168 1987 5207 mense

2084 5072 2249 5112 ωπον
2302 5061 2575 5130 ἐντίμων.
2660 5063 2777 5116 Νῦν
2831 5065 2929 5129 δὲ,
2987 5067 3128 5135 μήτε
3194 5068 3453 5137 Μαρτίῳ,
3522 5076 3667 5139 μήτε

2096 5148 2409 5221 ’Δπριλλίῳ,
2436 5152 2571 5223 μήτε
2604 5154 2662 5206 ὲν
2690 5155 2864 5224 ἑτέρῳ
2895 5156 3025 5225 μηνὶ
3060 5158 3263 5228 ταύτην
3283 5159 3663 5230 ἑορτάζοντες,

402 5238 616 5296 testam
658 5241 759 5295 hoc
782 5239 1078 5307 celebrent,
1115 5256 1213 5296 nec
1257 5242 1409 5311 juxta
1450 5242 1796 5312 Evangelium
1830 5254 1984 5299 sexto

2128 5242 2385 5312 ήτε-κατά
2414 5244 2475 5297 τὸ
2505 5245 2835 5314 Εὐαγγέλιον
2867 5249 2975 5301 ἀπὸ
3007 5251 3106 5320 τῆς
3164 5249 3487 5322 συλλήψεως
3526 5255 3664 5307 Ἐλι-

410 5333 670 5404 deinceps
703 5346 888 5389 mense
923 5346 955 5387 a
996 5333 1347 5403 conceptione
1373 5334 1651 5391 Etizabeth
1703 5336 1979 5403 recolant;

488 5471 532 5505 “
561 5472 688 5543 Sap.
723 5487 785 5540 tl,
817 5469 901 5528 10.
1680 5542 1688 5547 ε

470 5588 597 5652 κως)
626 5587 823 5645 Confer
860 5587 1105 5646 Combef.
1136 5588 1188 5645 in
1213 5599 1339 5647 uota
1375 5590 1440 5647 ad
1474 5598 1611 5649 hunc
1640 5593 1832 5650 locum.

2084 5332 2273 5401 σάθετ,
2300 5333 2442 5406 ἕκτῳ
2473 5336 2604 5410 μηνὶ
2636 5338 2729 5391 τὸν
2752 5339 3152 5413 εὐαγγελισμδν
3178 5344 3491 5413 πιιοῦντες,
3522 5347 3655 5418 πρό-
