3968 6220
1367 363 1657 426 ORATIO
1696 365 1720 424 Ι
1764 362 2067 427 CONTRA
2110 371 2523 434 ARMENIOS.

3410 369 3569 432 1170*

298 460 454 526 δηλοί
479 461 620 514 εἰσιν
649 465 735 518 ὅτι
767 466 1182 541 Εὐάγγελισμὸν
1216 476 1316 542 τῆς
1342 476 1631 540 Θεοτόκου,
1670 479 1788 548 μεθ’
1813 472 1874 532 οὗ

1984 482 2151 550 palam
2179 495 2282 546 cst,
2316 501 2515 554 negare
2544 499 2639 540 eos
2678 487 2919 557 Deiparm
2943 486 3446 550 Annnntiationem,
3485 502 3550 540 ac

303 555 396 606 καὶ
419 553 520 624 τὴν
559 554 820 624 γέννησιν
852 559 944 612 τοῦ
978 561 1242 633 Χριστοῦ,
1278 568 1372 621 καὶ
1395 568 1498 639 τὴν
1555 571 1836 641 σάρκωσιν
1860 589 1874 604 ο

301 645 398 696 καὶ
425 644 515 698 διὰ
547 647 706 700 τοῦτο
732 651 863 721 μίαν
907 653 1068 721 φύσιν
1117 659 1175 709 ὲν
1238 659 1388 729 αὐτῷ
1440 661 1877 732 βλασφημοῦσιν.

302 736 364 788 Εἰ
391 738 500 808 γὰρ
524 737 817 808 ψεύδονται
850 743 952 812 μὲν
987 747 1036 799 οἱ
1067 747 1220 816 ἅγιοι
1253 751 1524 822 Πατέρες,
1567 755 1659 808 τὸν
1712 757 1877 826 εὐαγ-

298 829 808 905 γελισμὸνΜαρτίῳ
833 837 1084 904 λέγοντες
1132 843 1486 912 γεγενῆσθαι,
1525 848 1632 900 ἔδει
1680 849 1880 913 αὐτοὺς

300 921 734 994 άκριὸολογῆσαι
796 929 891 980 καὶ
939 931 1142 999 εὑρεῖν,
1235 935 1363 989 πότε
1429 937 1529 1008 μὲν
1586 941 1880 996 συνέλαϐεν

315 1011 597 1068 Ἐλισάδετ
633 1017 665 1084 ἡ
701 1018 841 1089 γυνὴ
873 1020 1172 1093 Ζαχαρίου,
1211 1028 1306 1080 καὶ
1340 1030 1478 1099 ποίῳ
1549 1033 1719 1102 μηνί·
1785 1035 1879 1086 καὶ

304 1102 364 1166 ἐξ
391 1104 600 1158 ἐκείνου
636 1107 942 1180 ἀριθμῆσαι
998 1115 1172 1183 μῆνας
1211 1117 1290 1182 ἒξ,
1332 1121 1544 1174 καὶτὸν
1588 1123 1878 1191 εὐαγγελι-

306 1197 444 1262 eam
466 1198 565 1265 τῆς
594 1202 857 1258 Θεοτόκου
892 1205 1175 1274 ἑορτάσαι,
1212 1211 1396 1278 καθὼς
1417 1215 1478 1267 τὸ
1542 1216 1880 1287 Εὐαγγέλιον

305 1291 768 1358 παρακελεύεται.

851 1390 1247 1450 ΚΕΦΑΑΛΙΟΝ
1276 1397 1347 1452 Γ’.

585 1478 723 1546 Περὶ
776 1481 887 1549 τῆς
916 1486 1176 1552 Χριστοῦ
1211 1493 1594 1563 Γεννήσεως.

375 1560 710 1663 Εἶτα-πάλιν
743 1573 851 1625 άπὸ
915 1575 1011 1630 τοῦ
1067 1579 1512 1656 Εῦαγγελισμοῦ,
1545 1560 1876 1663 ⁷ἀριθμῆσαι

306 1659 484 1725 μῆνας
510 1659 574 1722 θ’,
619 1660 761 1715 οὕτω
785 1665 1068 1736 ἑορτάξειν
1105 1671 1301 1739 αὐτοὺς
1329 1677 1428 1747 τὴν
1488 1680 1583 1734 τοῦ
1618 1659 1875 1753 Χριστοῦ

303 1750 734 1866 nmmum
762 1758 818 1811 δὲ
836 1761 984 1866 ,μίτά
1017 1762 1258 1836 (12):»;
1284 1767 1549 1839 σύλληψιν
1590 1750 1874 1833 Ἐλισάόετ
1907 1808 1948 1866 Β

309 1844 759 1939 μνημονευόντων
791 1849 991 1920 αὐτῶν,
1021 1855 1158 1925 μήτε
1192 1859 1268 1928 τῷ
1295 1860 1438 1932 ἕκτῳ
1485 1866 1617 1933 μηνὶ
1645 1866 1754 1920 ἀπὸ
1774 1869 1874 1939 τῆς

310 1932 626 2030 συλλήψεως
646 1939 737 1992 τὸν
767 1941 1179 2018 Εὐαγγελισμὸν
1212 1951 1308 2019 τῆς
1366 1932 1630 2010 Θεοτόιιου
1683 1932 1877 2030 ἑορτα-

303 2024 532 2122 ζόντων,
568 2030 706 2122 μήτε
740 2034 879 2100 μετὰ
912 2037 1092 2106 μῆνας
1123 2041 1167 2092 0'
1187 2041 1280 2095 τοῦ
1311 2024 1758 2118 Εὐαγγελισμοῦ,
1778 2051 1874 2122 τὴν

299 2115 394 2167 τοῦ
438 2117 676 2186 Χριστοῦ
698 2122 964 2194 Γέννησιν
989 2133 1495 2201 πανηγυριζόντων,
1532 2136 1563 2207 ἢ
1590 2115 1877 2195 ἑέιτελούν-

300 2223 412 2305 των
446 2209 545 2279 τὴν
577 2215 927 2286 παγκόσμιον
977 2221 1073 2274 καὶ
1105 2224 1350 2296 μεγάλην
1405 2230 1500 2282 καὶ
1553 2231 1874 2305 θαυμαστὴν

302 2299 500 2372 ἑορτὴν
531 2303 626 2358 καὶ
678 2310 1039 2376 πανένδοξον·
1069 2316 1271 2384 μᾶλλον
1314 2320 1394 2382 δὲ,
1455 2299 1878 2393 σκυθρωπαζόν-

303 2408 421 2487 των
439 2394 622 2450 αὐτῶν
650 2401 746 2453 καὶ
778 2401 1115 2474 θλιϐομένων
1170 2410 1228 2463 ἐν
1269 2411 1407 2483 αὐτῇ
1464 2417 1530 2485 τῇ
1581 2416 1714 2487 ἁγίᾳ
1781 2421 1874 2473 καὶ

301 2486 504 2583 φαιδρᾷ
529 2491 716 2583 ἑορτῇ,
740 2493 815 2558 ὼς
830 2495 882 2548 ol
926 2496 1190 2569 Ἰουδαῖοι,
1224 2504 1282 2556 ὲν
1308 2507 1442 2576 ῥιπῇ
1499 2486 1782 2581 ὀφθαλμοῦ
1805 2515 1872 2583 τῇ

299 2585 340 2630 ε’
370 2580 580 2652 ἑσπέρα
602 2582 696 2636 τοῦ
739 2584 1072 2658 Ἰανουαρίου
1118 2596 1309 2664 μηνὸς,
1342 2599 1442 2668 οὐχ
1480 2580 1870 2670 ἑορτάζοντεςῖ

301 2671 487 2739 ἄπαγε
518 2689 532 2703 ο
558 2679 944 2746 φανταστικῶς
990 2683 1083 2736 καὶ
1134 2687 1392 2757 ἀμυδρῶς
1443 2693 1874 2762 μνημονεύοντες

301 2763 400 2816 τοῦ
428 2782 490 2817 τε
520 2766 953 2842 εὐαγγελισμοῦ,
989 2777 1083 2828 καὶ
1121 2777 1220 2848 τῆς
1251 2779 1585 2852 Γεννήσεως,
1628 2787 1724 2839 καὶ
1779 2789 1874 2842 τοῦ

305 2856 643 2928 βαπτισμοῦ,
701 2862 838 2932 πρὸς
896 2865 1115 2937 ἀπάτην
1165 2869 1276 2924 τῶν
1333 2873 1673 2930 ἀκουόντων·
1723 2879 1876 2946 ἐλέγ-

305 2963 492 3014 χονται
520 2952 810 3020 προφανῶς
845 2955 904 3007 ὲν
937 2956 1160 3027 δοκήσει
1192 2959 1289 3014 καὶ
1339 2966 1614 3038 φαντασίᾳ
1669 2971 1876 3042 κηρύτ-

301 3056 501 3132 τοντες
524 3042 794 3115 ἑκατέραν
830 3046 1046 3119 ἑορτὴν,
1079 3051 1174 3104 καὶ
1229 3053 1329 3107 οὐκ
1387 3057 1446 3109 ἐν
1490 3057 1720 3132 ἀληθείᾳ
1781 3063 1874 3116 τὸν

1978 588 2102 627 cum
2143 590 2226 639 ea,
2269 575 2473 632 Christi
2508 577 2853 634 Natlvitatem
2898 595 2960 634 ac
2983 579 3446 644 lncarnatiouem;
3492 587 3545 632 et

1977 665 2181 721 idcirco
2212 685 2371 724 unam
2403 671 2459 724 in
2487 670 2576 725 illo
2608 679 2854 727 naturam
2886 671 3284 741 blasphemare.
3307 670 3376 726 Ut
3403 671 3546 725 enim

1975 758 2168 814 Patres
2196 764 2474 818 mendacio
2508 763 2716 829 fallant,
2739 765 2829 833 qui
2859 780 3042 821 mense
3076 765 3269 819 Martio
3302 764 3550 817 astruant

1979 852 2270 922 contigisse
2306 855 2803 919 Annuntiationem,
2839 855 3138 909 debuerant
3177 856 3276 924 ipsi
3310 869 3543 909 accura.

1980 943 2086 999 tius
2116 960 2357 1010 quaerere
2418 963 2481 1000 ac
2515 945 2775 1010 invenire,
2808 947 3147 1016 quandonam
3180 947 3396 1000 tandem
3439 945 3548 999 Eli-

1977 1035 2164 1089 sabcth
2236 1034 2510 1090 Zachariae
2564 1052 2703 1091 uxor
2753 1037 3127 1105 concepisset,
3186 1051 3250 1090 ac
3307 1051 3554 1107 quonam.

1978 1138 2183 1186 mense,
2209 1134 2371 1194 atque
2397 1127 2464 1180 ab
2490 1142 2554 1178 eo
2579 1125 2832 1196 deinceps
2865 1140 3079 1181 menses
3108 1140 3268 1179 senos
3300 1126 3548 1180 dinume-

1979 1231 2120 1275 rare.
2167 1216 2354 1285 sicque
2399 1215 2488 1268 Dei
2519 1215 2810 1272 Genitrieis
2844 1216 3362 1284 Annuntiationem,
3393 1217 3568 1288 juxta.

1977 1306 2120 1376 quod
2149 1304 2498 1378 Evangelium
2530 1306 2707 1377 jubet,
2741 1307 3040 1362 celebrare.

2588 1397 2817 1454 CAPUT
2843 1398 2933 1456 lll.

2441 1491 2518 1546 De
2548 1491 2744 1546 Christi
2766 1491 3085 1547 Nativitats.

2047 1581 2090 1638 l.
2115 1581 2248 1637 Tum
2267 1598 2454 1638 rursus
2480 1586 2545 1638 ab
2561 1583 3006 1650 Annuntiatione,
3029 1584 3326 1640 numeratis
3354 1598 3564 1636 novent

1977 1675 2273 1738 mensibus,
2305 1675 2627 1730 celebranda
2671 1686 2788 1731 erat
2823 1676 3026 1732 Christi
3050 1675 3337 1730 Nativitas.
3390 1675 3546 1728 Nunc

1978 1777 2180 1831 autem,
2211 1779 2333 1820 cum
2365 1781 2539 1836 neque
2561 1768 2904 1822 meminerint
2948 1768 3319 1837 conceptionis
3373 1766 3545 1823 Elisa-

1976 1857 2126 1923 beth,
2157 1873 2254 1912 nec
2289 1867 2444 1912 sexto
2479 1872 2664 1916 mense
2699 1859 2766 1913 ab
2819 1859 2936 1928 ejus
2989 1860 3348 1929 conceptione
3401 1859 3544 1912 cele-

1976 1947 2136 2002 brent
2188 1947 2280 2003 Dei
2341 1948 2636 2004 Geuitricis
2688 1950 3206 2013 Annhntiationem,
3273 1964 3373 2003 nec
3429 1956 3554 2017 post

1976 2053 2168 2093 novem
2201 2055 2416 2094 menses
2445 2040 2514 2096 ab
2548 2039 2977 2096 Annuntiatione
3035 2039 3238 2095 Christi
3284 2038 3549 2093 Nativita-

1977 2132 2084 2178 tem
2113 2124 2303 2180 festam
2334 2137 2519 2198 agant,
2554 2137 2649 2182 aut
2703 2129 2885 2183 mundi
2939 2127 3131 2192 tutius,
3189 2140 3557 2198 magnamque

1975 2229 2038 2270 ac
2062 2217 2390 2286 mirabilem,
2422 2219 2690 2289 planeque
2719 2219 2982 2274 illustrem
3007 2219 3404 2273 solemnitatem
3451 2232 3547 2272 eoo

1974 2307 2088 2363 lant
2129 2328 2143 2365 :
2180 2310 2308 2380 quin
2353 2311 2532 2381 potius
2579 2309 2892 2366 Judaaorum
2931 2325 3102 2376 more,
3136 2311 3314 2365 moesti
3357 2325 3420 2363 ac
3451 2310 3548 2362 tri-

1972 2411 2086 2456 Stes
2117 2411 2308 2455 sancta
2344 2403 2456 2471 ipsa
2493 2417 2556 2458 ac
2596 2401 2714 2457 lteta
2762 2401 3077 2466 festivitate,
3116 2400 3168 2455 in
3217 2401 3323 2455 ictu
3379 2398 3561 2465 oeuli,

1974 2491 2060 2544 die
2086 2490 2120 2545 5
2145 2488 2390 2546 Januarii
2423 2502 2862 2561 vesperascente,
2907 2507 3013 2547 non
3070 2491 3263 2546 festive
3322 2489 3538 2559 quidem

1973 2581 2269 2649 celebrent,
2303 2583 2476 2638 absit!
2510 2583 2603 2638 sed
2634 2583 2778 2637 velut
2803 2583 2982 2654 specie
3008 2592 3163 2637 tenus
3195 2598 3259 2636 ac
3291 2580 3554 2642 obscure,

1975 2689 2095 2728 cum
2124 2674 2634 2742 Annuutia‘tionem,
2684 2685 2795 2730 tum
2831 2674 3178 2730 Nativitatem
3230 2688 3295 2726 ac
3335 2671 3550 2741 Baptis-

1977 2780 2119 2818 qum
2159 2767 2421 2833 recolant,
2461 2785 2569 2837 quo
2600 2769 2671 2824 ita
2699 2769 2973 2825 auditores
3015 2768 3288 2837 decipiant
3326 2785 3338 2820 :
3394 2765 3549 2834 plane

1977 2868 2314 2926 arguuntur,
2384 2862 2698 2930 apparentia
2769 2870 2980 2916 tantum
3051 2876 3118 2916 ac
3174 2859 3319 2915 inani
3371 2859 3562 2927 specie

1977 2965 2267 3023 utramque
2295 2951 2504 3021 jactare
2534 2953 2926 3019 celebritatem,
2965 2969 3072 3009 non
3113 2955 3344 3008 veritate
3387 2951 3548 3008 Chria-

1975 3056 2120 3099 stum
2148 3045 2490 3100 incarnatum
2521 3046 2838 3115 praedicare.
2873 3045 3117 3115 Hincque
3151 3048 3327 3115 palam
3356 3045 3550 3099 Evan-

304 3131 543 3202 Χριστόν
575 3137 928 3209 σαρκωθῆναι
963 3144 1330 3212 κηρύττοντες
1365 3166 1379 3180 ·
1417 3149 1475 3217 ἐξ
1514 3144 1589 3206 ὧν
1635 3131 1729 3207 καὶ
1771 3156 1872 3226 ἀρ-

1984 3137 2173 3206 gelinm
2208 3147 2470 3205 negantes
2499 3138 2870 3202 inveniuntur,
2895 3153 2960 3192 ac
3015 3138 3108 3193 Dei
3153 3136 3566 3193 lucarnationis.

305 3233 466 3296 νητσὶ
494 3230 594 3299 μὲν
621 3231 716 3284 τοῦ
783 3233 1118 3304 Εὐάγγελίου
1168 3241 1452 3312 προδήλως
1507 3245 1874 3317 εὑρίσκονται,

301 3323 395 3375 καὶ
419 3323 602 3395 ἐχθροὶ
624 3325 721 3396 τῆς
751 3327 847 3381 τοῦ
877 3329 1010 3384 Θεοῦ
1035 3335 1386 3404 σαρκώσεως,
1441 3339 1535 3392 καὶ
1571 3341 1682 3394 τῶν
1707 3342 1878 3410 ἁγίων

305 3415 568 3486 Πατέρων
596 3417 868 3488 πολέμιοι.
901 3423 1010 3476 Καὶ
1043 3424 1213 3479 ταῦτα
1243 3427 1342 3496 μὲν
1379 3429 1515 3498 πρὸς
1576 3431 1876 3502 ἀπόδειξιν,

304 3507 393 3561 ὅτι
426 3509 484 3560 ὲν
511 3513 784 3583 φαντασίᾳ
830 3515 923 3567 τὸν
955 3516 1192 3586 Χριστὸν
1243 3520 1594 3589 σαρκωθῆναι
1637 3522 1877 3592 λέγουσι,

305 3601 401 3652 καὶ
440 3601 528 3655 διὰ
555 3604 712 3658 τοῦτο
764 3607 894 3676 μίαν
928 3609 1090 3678 φύσιν
1121 3613 1178 3664 ὲν
1217 3613 1366 3684 αὑτῷ
1390 3614 1734 3688 βλασφημεῖν
1780 3619 1880 3672 οὐκ

305 3693 679 3765 αἰσχύνονται.

823 3819 1221 3877 ΚΕΦΔΛΔΙΟΝ
1242 3826 1319 3879 Δ’.

518 3909 655 3976 Περὶ
692 3911 810 3964 τῶν
842 3913 952 3967 δύο
981 3915 1226 3983 φύσεων
1253 3916 1363 3972 τοῦ
1394 3919 1684 3987 Χριστοῦ.

379 3999 458 4054 A'.
495 4001 556 4053 Ei
581 4003 776 4072 γὰρέν
805 4004 1038 4077 ἀληθεία
1072 4005 1207 4070 Θεὸς
1241 4009 1339 4062 καὶ
1389 4011 1676 4082 ἄνθρωπός
1733 4015 1882 4069 ἐστιν

306 4091 336 4142 ὁ
363 4091 617 4160 Χριστὸς,
646 4093 935 4162 όμοοῦσιος
960 4095 1039 4167 τῷ
1062 4097 1182 4169 Θεῷ
1209 4101 1306 4152 καὶ
1361 4102 1538 4174 Πατρὶ
1598 4106 1734 4159 κατὰ
1781 4107 1882 4176 τὴν

309 4182 542 4250 θεότητα
576 4199 590 4214 ο
624 4184 718 4238 καὶ
757 4187 1044 4255 ὁμοούσιος
1107 4190 1400 4262 ἄνθρωπος
1456 4195 1570 4266 (15)
1620 4199 1764 4250 κατὰ
1819 4200 1884 4252 τὸ

307 4271 475 4343 σῶμα
499 4292 514 4306 ο
547 4275 663 4340 πῶς
684 4277 786 4330 οὐκ
820 4278 932 4350 ἔχει
962 4281 1058 4335 δύο
1088 4283 1283 4351 φύσεις
1341 4288 1636 4357 προφανῶς
1707 4292 1765 4344 ὲν
1814 4295 1880 4365 τῇ

311 4365 414 4435 μιᾷ
437 4366 606 4421 αὐτοῦ
639 4369 980 4438 ostendat;
1011 4373 1145 4427 Ἐάν
1169 4375 1279 4447 γὰρ
1313 4379 1362 4430 οἱ
1379 4379 1662 4449 ἄνθρωποι
1715 4383 1886 4453 ἡμεῖς

1983 3231 2188 3295 hostes,
2222 3239 2645 3300 sanctorumque
2675 3230 2895 3285 Patrum
2931 3230 3144 3301 placitis
3178 3231 3554 3284 adversantes.

1979 3317 2044 3372 Et
2077 3319 2191 3372 haec
2225 3320 2464 3387 quidem,
2499 3337 2606 3389 quo
2634 3336 2728 3376 eos
2758 3321 2902 3375 inani
2942 3319 3219 3375 Christum
3245 3321 3422 3391 specie
3467 3319 3551 3371 iu-

1979 3419 2256 3464 carnatum
2279 3411 2461 3465 dicere
2487 3413 2798 3479 probemus,
2829 3427 2892 3466 ac
2923 3412 3130 3468 idcirco
3184 3429 3290 3468 non
3352 3415 3558 3482 pudere

1980 3513 2140 3553 unam
2165 3497 2218 3552 in
2246 3499 2364 3568 ipso
2390 3508 2636 3556 naturam
2671 3500 3068 3572 blasphemare.

2590 3823 2934 3881 CAPUTIV.

2371 3919 2450 3972 De
2475 3918 2680 3972 duabus
2703 3917 2898 3972 Christi
2927 3917 3159 3970 naturis.

2055 4015 2094 4069 Ι.
2122 4012 2400 4084 Siquidem
2424 4014 2570 4068 enim
2595 4011 2842 4069 Christus
2859 4027 2992 4066 vere
3017 4009 3346 4076 Deusjest‘ac
3372 4009 3553 4070 homo,

1981 4109 2227 4178 ejusdem
2250 4123 2373 4162 cum
2399 4107 2510 4162 Deo
2540 4122 2604 4160 ac
2624 4105 2786 4162 Patre
2814 4103 3132 4161 substantiae
3163 4103 3308 4173 quod
3348 4110 3558 4171 spectat
3657 4105 3666 4112 ’

1984 4203 2051 4255 ad
2081 4199 2364 4265 deitatem,
2414 4213 2480 4253 ac
2497 4197 2746 4268 ejusdem
2788 4196 3110 4251 substantia:
3172 4211 3294 4251 cum
3323 4195 3560 4249 homini-

1985 4291 2106 4356 bus,
2129 4291 2271 4360 quod
2327 4298 2536 4360 spectat
2567 4289 2632 4343 ad
2685 4303 2934 4358 corpus:
2996 4287 3097 4357 qui
3146 4302 3253 4341 non
3297 4287 3431 4341 duas
3491 4285 3557 4339 li-

1985 4381 2150 4450 quido
2204 4390 2425 4436 naturas
2487 4381 2684 4434 habeat
2731 4380 2786 4434 in
2832 4394 2938 4432 una
2977 4393 3074 4431 sua
3124 4375 3436 4448 hypostasi?
3488 4373 3558 4429 Ut

308 4459 588 4529 ὁμοούσιοί
618 4464 788 4532 ἐσμεν
819 4464 902 4534 τῷ.
921 4465 1046 4536 Θεῷ
1075 4467 1170 4521 καὶ
1195 4467 1376 4538 Πατρὶ
1428 4471 1598 4540 φύσιν
1629 4472 1879 4544 θεότητος

1984 4473 2128 4527 enim
2162 4486 2260 4528 nos
2292 4471 2541 4526 homines
2563 4469 2802 4538 ejusdem
2835 4485 2960 4524 cum
2999 4467 3108 4522 Deo
3143 4482 3208 4522 ac
3236 4466 3398 4521 Patre
3430 4465 3561 4521 sub-

306 4551 557 4622 ἔχοντες,
591 4555 691 4608 καὶ
733 4557 761 4608 ὁ
806 4555 940 4620 Θεὸς
1014 4557 1108 4610 καὶ
1163 4558 1356 4631 Πατὴρ
1415 4562 1704 4629 ὀμοοῠσιος
1756 4565 1879 4635 ἡμῖν

1987 4565 2204 4618 stantiae
2260 4563 2459 4626 simus,
2500 4561 2718 4618 deitatis
2780 4568 3032 4616 naturam
3075 4559 3369 4625 habentes;
3416 4555 3560 4612 Deus

309 4645 550 4716 ὑπάρχει
571 4661 586 4676 ⁸
613 4646 705 4700 καὶ
737 4646 899 4701 τοῦτο
929 4649 1214 4714 ἀποδείξαι
1245 4652 1296 4704 oi
1339 4651 1558 4718 ἀσεϐεῖς
1615 4655 1879 4726 αἱρετικοῖ

1986 4669 2206 4725 quoque
2255 4670 2321 4712 ae
2378 4655 2539 4710 Pater
2599 4653 2843 4722 ejusdem
2898 4653 3181 4709 nobiscum
3237 4651 3560 4707 substantiae

306 4741 853 4812 δυνήσονται,κα>.ῶς
879 4743 987 4813 ἄρα
1022 4747 1151 4815 μίαν
1180 4745 1343 4815 φύσιν
1395 4748 1456 4800 ὲν
1516 4749 1738 4821 Χριστῷ
1786 4766 1888 4820 κη-

313 4834 623 4904 ρύττοντες,
650 4837 725 4899 ὡς
749 4838 1050 4907 ὀμοουσίων
1077 4839 1248 4893 ὀντων
1265 4841 1426 4910 ἡμῶν
1466 4841 1545 4913 τῷ
1605 4841 1726 4911 Θεῷ
1787 4845 1882 4896 καὶ

307 4929 507 4996 Πατρὶ,
537 4927 636 4982 καὶ
667 4927 920 4998 θεότητος
947 4928 1110 4997 φύσιν
1149 4930 1384 4998 ἐχόντων
1427 4931 1621 5001 ἡμῶν*
1659 4935 1756 4987 καὶ
1786 4935 1881 4986 τοῦ

305 5020 526 5090 Πατρὸς
567 5021 859 5089 ὁμοουσίου
891 5022 1255 5090 ὑπάρχοντος.
1295 5023 1358 5074 El
1389 5024 1446 5078 δὲ
1479 5023 1639 5075 τοῦτο
1686 5025 1882 5089 άσεῦές

300 5115 427 5166 ἐστι
484 5112 683 5180 λέγειν,
716 5114 748 5184 ἢ
781 5116 1003 5177 ἐννοεῖν,
1035 5115 1120 5169 διὰ
1155 5115 1248 5168 τοῦ
1275 5112 1414 5170 εἶναι
1436 5116 1528 5168 τὸν
1560 5116 1695 5169 Θεὸν
1719 5117 1884 5170 ἀθέα-

201 5197 224 5212 ⁶
302 5221 424 5266 τον,
451 5207 707 5276 ἀόρατον,
742 5207 1172 5277 ἀσχημάτιστον.
1211 5208 1436 5270 ἁπλοῦν,
1463 5209 1555 5262 καὶ
1586 5208 1880 5276 ἀθάνατον,

303 5296 405 5351 καὶ
429 5297 864 5369 ἀπερίγραπτον,
880 5301 972 5353 καὶ
998 5301 1307 5371 άχὼρητον,
1343 5301 1438 5354 καὶ
1463 5303 1850 5370 ἀκατάληπτον
1866 5317 1880 5331 ·

305 5389 426 5459 ἔχει
454 5389 508 5443 δὲ
540 5392 636 5444 καὶ
677 5393 704 5444 δ
733 5394 967 5463 Χριστὸς
999 5393 1170 5447 ταῦτα
1195 5395 1372 5446 πάντα
1400 5396 1540 5449 κατὰ
1566 5395 1666 5464 τὴν
1692 5394 1882 5450 οὐσίαν

306 5483 410 5550 τῆς
439 5484 638 5538 ἑαυτοῦ
668 5485 944 5554 θεότητος,
973 5486 1048 5551 ῶς
1072 5487 1206 5549 Θεὸς
1255 5486 1484 5557 ἀληθὴς,
1555 5489 1650 5540 καὶ
1706 5488 1882 5555 Πατρὶ

307 5577 600 5650 ὸμοούσιος
630 5595 642 5607 ο
692 5578 808 5633 ἔστι
847 5578 902 5632 δὲ
933 5579 1098 5634 πάλιν
1126 5581 1218 5633 καὶ
1235 5581 1292 5634 ἐν
1317 5579 1549 5650 ἀληθείᾳ
1569 5578 1879 5650 ἄνθρωπος,

388 5765 498 5837 (l2)
527 5766 700 5838 mea.

1987 4749 2203 4803 exsistit
2239 4748 2440 4817 :idque
2465 4748 2613 4818 impii
2639 4745 2881 4801 hazretici
2917 4745 3296 4799 demonstrare
3323 4741 3556 4808 possint,

1986 4841 2080 4910 qui
2117 4840 2253 4894 belle
2275 4855 2435 4893 unam
2466 4840 2519 4894 iu
2551 4839 2769 4894 Christo
2801 4845 3051 4890 naturam
3083 4833 3375 4900 praedicent
3393 4848 3420 4897 ;.
3441 4841 3558 4887 tan-

1989 4947 2152 5002 quam
2181 4948 2298 5000 nos,
2324 4932 2564 5002 ejusdem
2585 4944 2712 4984 cum
2731 4929 2840 4982 Deo
2867 4942 2932 4981 ac
2957 4926 3117 4980 Patre
3141 4923 3460 4977 substantiae
3485 4925 3560 4977 si-

1991 5039 2132 5090 mus,
2152 5037 2217 5078 ae
2235 5023 2531 5078 habeamus
2551 5020 2772 5075 deitatis
2790 5027 3073 5081 naturam;
3101 5016 3348 5085 Deosque
3365 5031 3428 5070 ac
3461 5014 3559 5068 Pa—

1992 5131 2070 5173 ter
2092 5118 2333 5188 ejusdem
2355 5117 2637 5171 nobiscum
2667 5111 3243 5170 exsistatsubstantize.
3267 5110 3360 5166 Sin
3381 5121 3563 5166 autem.

1993 5209 2212 5276 impium
2250 5207 2351 5261 hoe
2376 5207 2519 5260 dictu
2560 5211 2663 5271 est,
2695 5211 2792 5256 aut
2819 5203 3077 5273 cogitatu,
3117 5213 3403 5273 propterea
3431 5204 3556 5271 quia

1995 5299 2135 5354 Deus
2169 5296 2574 5366 inaspectabilis
2605 5297 2700 5360 sit,
2742 5296 3049 5360 invisibilis,
3106 5297 3283 5365 ﬁgura
3331 5308 3554 5358 vacans,

1991 5389 2242 5458 simplex,
2291 5387 2633 5451 immortalis,
2700 5387 3228 5455 incircumscriptus,
3282 5387 3374 5455 qui
3435 5387 3556 5454 capi

1991 5498 2096 5536 non
2152 5480 2320 5548 possit
2361 5494 2424 5532 ac
2460 5479 2840 5546 comprehendi
2877 5497 2891 5532 :
2931 5494 3164 5547 cumque
3221 5493 3347 5532 vero
3401 5476 3560 5532 Chri-

1992 5586 2109 5629 stus
2143 5571 2391 5626 universa
2418 5571 2530 5625 hzec
2559 5572 2751 5626 habeat
2780 5588 2877 5641 pro
2911 5588 3024 5629 suae
3060 5571 3280 5627 deitatis
3305 5571 3561 5627 substan-

2071 5762 2179 5831 (ιδ)
2214 5759 2371 5816 Forte
2404 5757 2731 5831 ἀνθρώποις.
