3968 6220
499 307 519 364 1
536 301 630 366 ΠΙ
1390 379 1393 380 ν
1569 309 1821 370 ISAACI
1859 311 2161 380 ARMENI
2170 311 2232 370 1E
2272 311 2681 372 CATHOLICI
3627 307 3780 374 1172

493 423 588 485 tia,
616 419 794 488 utqui
825 417 964 473 Deus
1009 434 1167 474 verus
1211 434 1273 474 ac
1305 420 1449 476 Patri
1495 423 1565 477 sit
1620 426 2049 482 consubstantia

2166 428 2260 479 καὶ
2299 426 2590 497 ὁμοούσιος
2623 429 2756 497 ἡμῖν
2785 427 2929 482 κατὰ
2960 426 3021 481 τὸ
3040 425 3222 497 σῶμα,
3249 424 3450 497 ὁρατὸς
3488 424 3598 478 καὶ
3652 441 3782 477 κτισ

492 509 558 565 tis
597 527 612 565 :
644 511 820 581 sitque
849 527 1059 565 rursum
1099 527 1224 566 vere
1249 514 1411 569 etiam
1447 515 1631 584 homo,
1664 517 1904 586 ejusdem
1965 533 2049 572 no-

2173 519 2320 582 στὸς,
2349 521 2443 572 καὶ
2469 519 2675 590 χοῖκὸς,
2701 521 2795 574 καὶ
2862 519 3078 588 θνητὸς,
3142 519 3238 571 καὶ
3314 516 3598 587 παθητὸς,
3682 515 3782 569 καὶ

494 598 704 653 hiscum
740 599 1080 662 substantiae,
1119 602 1261 672 quod
1287 613 1498 673 spectat
1533 605 1597 659 ad
1647 622 1865 675 corpus,
1927 607 2049 663 visi-

2171 611 2554 682 περιγραπτός
2585 628 2598 642 ⁸
2633 611 2750 674 πῶς
2788 611 2894 680 ἄρα
2921 612 3021 663 οὐκ
3049 609 3165 679 ἔχει
3196 608 3291 662 δύο
3357 608 3565 676 φύσεις
3635 623 3780 675 1:95-

491 690 640 756 bilis,
670 699 910 758 creatus,
961 697 1233 759 terrenus,
1287 698 1553 761 mortalis,
1611 701 1908 769 passibilis,
1951 706 2049 758 cir-

2167 704 2370 772 φανῶς,
2402 703 2536 756 Θεοῦ
2558 703 2654 756 καὶ
2675 701 2999 773 ἀνθρώπου;
3034 702 3162 755 Ἐὰν
3184 703 3294 770 γὰρ
3318 702 3414 753 καὶ
3448 700 3503 752 οἱ
3554 702 3776 768 αἱρετι-

490 787 891 854 cumscriptus;
948 787 1040 858 qui
1081 803 1182 841 non
1213 792 1399 858 utique
1423 792 1557 844 duas
1592 793 1766 860 palam
1836 802 2049 850 naturas

2169 795 2257 848 κοὶ
2294 797 2567 866 Ἀρμένιοι
2586 795 2757 848 ταῦτα
2780 795 2960 847 πάντα
2987 794 3238 855 λέγουσιν
3255 788 3397 844 εἶναι
3426 794 3486 844 ὲν
3511 788 3768 859 Χριστῷ,

491 876 584 931 Dei
611 893 673 930 ae
698 877 928 933 hominis
954 879 1185 932 habeat?
1214 879 1369 936 Modo
1399 881 1544 935 enim
1582 883 1818 940 haeretici
1863 886 2049 942 Arme-

2176 886 2269 938 καὶ
2288 883 2639 954 ὁμολογοῦσιν
2667 883 2828 936 αὐτὸν
2845 883 2975 936 Θεὸν
3000 883 3093 936 καὶ
3117 881 3428 950 ἄνθρωπον,
3463 877 3772 948 ὁμοοὺσιον

488 968 562 1021 nii
593 968 771 1022 omnia
805 969 917 1023 haec
947 969 1000 1023 in
1027 968 1246 1025 Christo
1298 971 1605 1041 admittant,
1655 975 1931 1046 Deumque
1989 979 2049 1032 il-

2165 977 2284 1046 Θεῷ
2310 975 2401 1030 καὶ
2423 975 2709 1046 ὁμοούσιον
2738 977 2848 1038 τοῖς
2879 972 3474 1044 ἀνθρώποις,οὑράν;ον
3510 971 3608 1023 καὶ
3649 970 3773 1020 Ex?-

487 1059 596 1112 lnm
630 1074 694 1114 ac
724 1061 999 1114 hominem
1032 1062 1416 1130 conﬁteantur,
1472 1063 1580 1120 Deo
1604 1081 1667 1121 ac
1731 1065 1880 1123 Patri
1919 1084 2049 1124 con-

2167 1083 2313 1134 γειον
2333 1082 2347 1095 ·
2389 1068 2606 1119 κτιστὸν
2637 1065 2733 1118 καὶ
2759 1065 3014 1118 ἄκτιστον
3046 1080 3060 1094 ο
3095 1063 3290 1132 θνητὸν
3309 1063 3406 1116 καὶ
3435 1062 3732 1114 ἀθάνατον
3754 1077 3765 1087 ·

485 1151 923 1217 substantialem,
950 1152 1300 1224 ejusdemque
1327 1156 1678 1212 nihilominus
1709 1173 1832 1213 cum
1875 1160 2049 1214 homi-

2164 1157 2410 1228 παθητὸν
2473 1159 2567 1210 καὶ
2619 1156 2835 1229 ἀπαθῆο
2863 1157 3055 1228 ὁρατὸν
3089 1156 3185 1208 καὶ
3206 1156 3469 1226 ἀόρατον
3504 1155 3768 1222 ἀπάτορα

486 1243 647 1296 nibus
677 1243 1016 1310 substantiae,
1052 1246 1329 1301 caelestem
1359 1264 1422 1302 ac
1457 1255 1732 1305 terrenum
1753 1291 1768 1316 ,
1814 1262 2049 1307 creatum

2167 1250 2260 1302 καὶ
2312 1249 2596 1318 ἀμήτορα·
2627 1249 3001 1319 περιγραπτὸν
3032 1249 3125 1302 καὶ
3154 1248 3577 1317 ἀπερίγραπτον
3615 1261 3633 1274 ο
3670 1246 3766 1296 ἐὰν

485 1333 902 1398 acincreatum,
936 1335 1216 1389 mortalem
1267 1351 1330 1392 ac
1384 1336 1778 1405 immortalem;
1829 1343 2049 1410 passibi-

2167 1341 2302 1411 γὰρ,
2334 1339 2410 1403 ὡς
2443 1335 2618 1405 εἷπον,
2651 1340 2708 1392 ὲν
2735 1339 2965 1410 ἀληθείᾳ
2991 1337 3164 1391 ταῦτα
3216 1338 3396 1392 πάντα
3436 1340 3495 1390 ὲν
3535 1335 3761 1406 Χριστῷ

487 1423 593 1477 lem
622 1437 688 1478 ac
715 1424 1102 1493 impassihilem
1129 1445 1142 1494 ;
1171 1427 1340 1482 oculis
1372 1428 1671 1498 subjectum
1697 1446 1760 1486 ac
1797 1448 1900 1487 non
1933 1433 2049 1488 snb«

2163 1432 2517 1504 κηρύττουσι,
2565 1431 2833 1502 πρόδηλον
2879 1433 2962 1484 ὅτι
3011 1429 3105 1484 δύο
3137 1429 3350 1496 φύσεις,
3377 1429 3477 1480 καὶ
3513 1428 3678 1480 αὐτοὶ
3707 1430 3761 1477 ἐν

485 1512 717 1588 jectum;
750 1515 865 1570 sine
886 1526 1036 1585 patre
1068 1533 1132 1572 ac
1180 1519 1298 1574 sine
1331 1531 1540 1586 matre;
1579 1523 2049 1596 circumscriptum

2169 1521 2315 1592 αὺτῷ
2349 1521 2594 1590 λέγουσι,
2643 1521 2746 1574 κᾶν
2780 1521 2857 1592 μὴ
2897 1520 3115 1574 θέλωσι.
3179 1519 3364 1574 Ταῦτα
3410 1520 3529 1588 γὰρ
3582 1521 3764 1572 πάντα

485 1618 547 1656 ac
581 1602 1110 1677 incircumscriptum
1140 1625 1156 1676 ;
1191 1609 1506 1677 dummodo,
1540 1613 1787 1683 inquam,
1815 1615 1930 1671 haec
1983 1617 2049 1671 illi

2163 1614 2258 1668 δύο
2291 1613 2506 1682 φύσεὼν
2539 1615 2679 1666 εἰσιν
2713 1613 3004 1683 ἰδιώματα.
3044 1613 3107 1666 Εἰ
3141 1613 3198 1666 δὲ
3258 1612 3352 1664 δύο
3402 1610 3608 1680 φύσεις
3669 1614 3758 1661 ἐπι

484 1695 662 1748 Omnia
692 1696 744 1749 in
776 1695 993 1752 Christo
1025 1700 1250 1754 veritate
1282 1701 1598 1769 praedicent,
1621 1702 1825 1772 liquido
1851 1715 1904 1758 et
1951 1707 2049 1775 ipsi

2164 1705 2403 1777 Χριστοῦ
2435 1704 2730 1777 ἀρνοῦνται
2757 1704 2970 1773 λέγειν,
3009 1703 3304 1774 προφανῶς
3364 1705 3424 1755 ὲν
3475 1702 3758 1771 φαντασία

484 1784 619 1840 duas
647 1785 698 1839 in
727 1801 792 1840 eo
821 1797 1072 1854 naturas,
1126 1789 1295 1844 velint
1318 1790 1516 1856 nolint,
1579 1791 1870 1847 aﬂirmant.
1930 1793 2049 1849 Ilaec

2160 1776 2324 1848 αῦτὸν
2352 1795 2587 1864 φανῆναι
2623 1795 2871 1863 λέγουσιν
2903 1794 2978 1858 ὡς
3008 1794 3320 1865 ἄνθρωπον,
3354 1792 3452 1846 καὶ
3489 1793 3600 1842 οὐκ
3628 1790 3733 1857 ἁλη

483 1876 683 1944 quippe
715 1877 988 1941 universa,
1022 1879 1248 1948 propria
1275 1890 1399 1934 sunt
1424 1880 1653 1949 duplicis
1690 1893 1918 1941 naturae.
1965 1885 2056 1939 Si-

485 1967 698 2032 quidem
733 1980 860 2020 vero
895 1967 1029 2022 duas
1059 1969 1113 2021 in
1138 1968 1356 2023 Christo
1390 1980 1606 2023 naturas
1631 1972 1934 2028 detrectant
1979 1974 2060 2027 di-

483 2071 627 2122 cere,
653 2059 829 2127 palam
855 2069 1108 2114 asserunt
1135 2073 1352 2130 Spectro
1386 2072 1542 2116 tenus
1590 2063 1824 2119 hominis
1876 2065 2056 2129 specie

486 2149 822 2217 apparuisse,
847 2163 955 2204 non
984 2165 1110 2204 vere
1128 2151 1464 2205 incarnatmn
1489 2168 1630 2208 esse.
1658 2152 1792 2208 Nam
1829 2155 2052 2226 alioqui,

485 2253 605 2291 cum
631 2239 736 2291 duo
755 2241 970 2292 nomina
985 2239 1038 2292 in
1062 2237 1302 2306 Christo,
1323 2239 1487 2294 Deum
1501 2249 1556 2296 et
1579 2242 1849 2297 hominem
1869 2245 2056 2301 dicant

485 2328 658 2383 insani
696 2330 931 2396 ratione,
957 2339 1225 2395 naturam,
1251 2333 1352 2385 hoc
1381 2341 1486 2393 est,
1519 2331 1745 2387 alterius
1774 2336 2052 2389 nmninum

485 2423 787 2486 veritatem,
814 2430 1029 2492 negant.
1061 2421 1424 2488 Quamobrem
1465 2433 1739 2494 comperta
1804 2440 1892 2480 res
1943 2435 2050 2489 est.

486 2513 686 2567 nudum
716 2529 914 2567 nomen
954 2514 1304 2570 humanitatis
1342 2515 1542 2582 dicere,
1577 2525 1633 2570 ut
1655 2531 1726 2571 ne
1755 2529 2052 2588 arguantur

483 2616 740 2671 tanquam
780 2603 1058 2661 Maniclttei
1087 2625 1099 2660 :
1131 2622 1244 2662 rem
1291 2616 1473 2662 autem
1537 2609 1793 2675 nominis,
1855 2625 2051 2680 nempe

2165 1885 2288 1956 θείᾳ
2319 1886 2691 1956 σαρκωθῆναι.
2727 1887 2884 1939 Ἐπεὶ
2919 1889 2968 1939 ει
3001 1887 3073 1956 μὴ
3109 1881 3177 1956 ἧν
3235 1885 3420 1951 τοῦτο,
3481 1885 3606 1946 πῶς
3665 1884 3755 1936 δύο

2158 1976 2402 2047 ὀνόματα
2428 1977 2562 2030 Θεὸν
2586 1978 2681 2032 καὶ
2713 1977 3006 2048 ἄνθρωπον
3049 1978 3143 2030 ἐπὶ
3177 1976 3422 2046 Χριστοῦ
3471 1975 3748 2041 λέγοντες,

2160 2070 2342 2139 φύσιν,
2369 2069 2619 2123 τουτέστι
2644 2071 2743 2139 τὴν
2771 2067 3030 2137 ἀλήθειαν
3063 2067 3154 2119 τοῦ
3197 2067 3314 2130 ἑνὸς
3343 2068 3621 2134 ὀνόματος
3651 2070 3754 2133 αρ-

2159 2161 2374 2215 νοῦνται
2406 2161 2456 2213 οἱ
2493 2161 2893 2232 ματαιόφρονες
2929 2179 2943 2225 ;
2984 2160 3144 2212 Ὀθεν
3170 2160 3465 2229 πρόδηλον,
3547 2159 3633 2210 ὅτι
3692 2157 3753 2208 τὸ

2160 2251 2333 2322 ὄνομα
2365 2253 2525 2322 μόνον
2551 2251 2651 2320 τῆς
2675 2251 3094 2321 ἁνθρωπότητος
3123 2249 3402 2318 λέγουσιν,
3433 2250 3526 2302 ἵνα
3575 2248 3653 2315 μὴ
3680 2247 3755 2309 ὡς

2159 2344 2455 2413 Μανιχαῖοι
2487 2341 2791 2412 ἐλεγχθῶσι
2812 2360 2825 2373 ·
2863 2342 2924 2395 τὸ
2947 2342 3002 2395 δὲ
3043 2343 3276 2411 πρᾶγμα
3304 2339 3401 2393 τοῦ
3459 2340 3753 2407 ὀνόματος.

2159 2434 2260 2504 τὴν
2279 2435 2443 2503 φύσιν
2463 2435 2559 2488 καὶ
2583 2435 2683 2505 τὴν
2708 2434 2969 2503 ἀλήθειαν
2998 2433 3292 2505 ἀρνοῦνται
3313 2451 3326 2464 ·
3343 2432 3550 2486 aula-.31
3573 2430 3754 2492 τοῦτ’),

2160 2528 2251 2580 καὶ
2287 2525 2377 2580 τὸν
2403 2527 2835 2598 Εὑαγγελισμὸν,
2857 2526 2955 2579 καὶ
2974 2526 3070 2597 τὴν
3085 2525 3346 2594 Γέννησιν
3380 2522 3561 2577 αὐτοῦ
3592 2521 3756 2575 οὖδας

2159 2615 2277 2685 μῶς
2305 2616 2676 2688 ἑορτάζουσιν.

483 2707 730 2750 naturam
769 2712 833 2754 ac
867 2699 1175 2767 veritatem,
1201 2714 1436 2771 negare:
1482 2716 1546 2756 ac
1574 2700 1694 2757 ideo
1725 2715 1825 2758 nec
1859 2702 2348 2763 Annunciationem
2408 2708 2762 2774 Dominicam,
2802 2720 2902 2761 nec
2961 2706 3076 2775 eius
3109 2704 3461 2761 Nativitatem
3521 2719 3754 2776 prorsus

479 2790 776 2849 celebrare.

1107 2896 1335 2954 CAPUT
1371 2898 1431 2955 V.

951 2990 1030 3044 De
1057 2989 1254 3046 Christi
1276 2992 1579 3048 sudoribus.

549 3081 988 3154 Pervestigemus
1037 3097 1187 3149 vero,
1248 3097 1384 3150 quas
1438 3083 1516 3136 illi
1565 3085 1802 3152 reliquas
1863 3099 2052 3142 omnes

485 3171 844 3238 blasphemias
875 3188 936 3226 ac
963 3173 1348 3248 inﬁcialiones,
1367 3175 1628 3228 adversus
1673 3175 1947 3230 Christum
1988 3192 2052 3232 ac

2659 2890 3062 2945 ΚΕΦΑΛΑΙΟΝ
3095 2890 3170 2944 ε’.

2419 2984 2557 3053 Περὶ
2587 2985 2707 3039 τῶν
2741 2984 2998 3053 ἱδρώτων
3024 2984 3128 3054 τοῦ
3163 2984 3451 3052 Χριστοῦ.

2228 3082 2306 3135 Α’.
2341 3081 2759 3151 Ἐρευνήσωμεν
2779 3083 2872 3134 καὶ
2903 3079 3003 3140 τὰς
3030 3079 3210 3140 πάσας
3240 3079 3425 3131 αὐτῶν
3491 3078 3745 3148 βλασφησ

2161 3169 2289 3241 μίας
2319 3172 2414 3224 καὶ
2443 3170 2727 3240 ἀρνήσεις,
2761 3169 2827 3232 ἃς
2869 3171 3008 3223 κατὰ
3029 3169 3267 3238 Χριστοῦ
3296 3169 3393 3222 καὶ
3424 3170 3524 3221 τοῦ
3567 3171 3749 3236 Εὐαγ-

481 3261 856 3331 Evangelium,
891 3263 1270 3335 apostolosque
1319 3279 1384 3318 ac
1412 3273 1630 3321 sanctos
1673 3265 1860 3322 Patres
1917 3283 2049 3322 con-

2160 3265 2362 3335 γελίου,
2391 3265 2617 3318 καὶτῶν
2647 3263 2984 3326 ἀποστόλων,
3009 3264 3104 3315 καὶ
3135 3261 3242 3314 τῶν
3274 3263 3453 3329 ἁγίων
3480 3263 3746 3327 Πατέρων

486 3354 778 3407 tinxerunt.
827 3351 962 3408 Cum
1029 3354 1279 3410 Christus
1365 3369 1478 3410 suae
1556 3358 1744 3412 mortis
1810 3367 2052 3429 tempore

481 3463 666 3511 orans,
716 3465 779 3503 ac
837 3450 1081 3504 sudorem
1127 3459 1378 3518 tanquam
1442 3461 1620 3522 guttas
1671 3454 1946 3523 sanguinis
2007 3454 2052 3486 ⁸³

483 3539 744 3605 deﬂuens,
769 3557 882 3598 suae
907 3544 1089 3596 carnis
1117 3553 1364 3598 naturam
1425 3553 1632 3598 astruat
1653 3561 1673 3610 ;r
1727 3545 2054 3617 Christoque

485 3631 836 3688 adversantes
860 3632 1098 3687 Armenii
1131 3634 1206 3698 bi,
1235 3634 1353 3703 ejus
1369 3649 1434 3688 ex
1480 3634 1771 3705 Evangelia
1825 3641 2051 3692 sudores

485 3722 850 3788 obliterarint,
905 3724 996 3792 qui
1048 3739 1151 3778 non
1208 3725 1383 3792 palam
1428 3725 1519 3779 Dei
1563 3728 1861 3781 adversarii
1903 3729 2053 3784 sint?

480 3809 595 3865 Nisi
621 3811 763 3864 enim
789 3827 978 3868 revera
1037 3829 1104 3869 eo
1145 3814 1250 3869 tale
1301 3815 1513 3870 facinus
1569 3831 2047 3889 praesumpsernnt,

479 3905 608 3974 quia
659 3918 842 3959 veram
905 3905 1110 3962 Christi
1163 3907 1594 3964 incarnationem
1643 3910 1872 3966 inficiari
1937 3912 2050 3968 vel-

478 3995 612 4060 lent,
667 3997 955 4050 ostendant
1004 3996 1158 4052 nobis
1214 3998 1648 4067 impiihomines,
1697 4002 2046 4072 quamobrem

478 4083 681 4139 Christi
713 4083 787 4138 ita
812 4085 1040 4140 sudores
1069 4088 1474 4154 expunxerint?
1511 4100 1600 4143 aut
1632 4090 1902 4160 quomodo
1963 4108 2051 4147 sa-

483 4174 781 4242 pientiores
801 4173 1021 4231 Christo
1043 4185 1099 4231 et
1127 4179 1474 4249 evangelistis
1527 4195 1592 4234 ae
1648 4182 1909 4250 apostolis
1967 4183 2047 4237 ef-

481 4263 631 4329 fecti,
689 4265 795 4320 tale
847 4267 976 4336 quid
1016 4279 1333 4338 perpetrare
1400 4271 1519 4327 ausi
1577 4272 1725 4326 sint?
1767 4271 2048 4343 Siquidem

478 4357 624 4410 enim
679 4371 808 4412 vere
864 4358 1032 4412 Deum
1064 4361 1416 4430 conﬁtentur,
1461 4366 1731 4434 quomodo
1793 4382 1896 4421 non
1957 4367 2046 4421 Dei

480 4448 668 4503 hostes
695 4451 921 4504 veritate
943 4452 1230 4519 exsistunt,
1272 4472 1394 4510 cum
1435 4471 1553 4526 Quae
1592 4458 1679 4513 ille
1723 4468 1940 4528 przestat
1983 4473 2046 4514 ac

481 4537 743 4614 loquitur,
804 4541 908 4610 ipsi
964 4545 1266 4610 approbare
1333 4563 1396 4603 ac
1431 4551 1670 4618 recipere
1701 4551 1912 4606 nolint?
1956 4551 2043 4608 Si-

2158 3356 2491 3412 ὲπλάσαντο.
2525 3355 2615 3408 Ἕν
2641 3354 2720 3425 τῷ
2743 3353 2918 3424 καιρῷ
2955 3353 3049 3406 τοῦ
3082 3353 3292 3416 Πὰθους
3351 3352 3450 3405 τοῦ
3498 3353 3745 3423 Χριστοῦ

2155 3446 2616 3517 προσευχομένου,
2655 3446 2749 3498 καὶ
2774 3445 3004 3514 ἱδρῶτας
3025 3443 3163 3497 ὡσεὶ
3193 3443 3476 3513 θρόμϐους
3507 3446 3746 3513 αἵματος

2157 3535 2596 3606 ῥεύσαντος,καὶ
2621 3535 2720 3606 τὴν
2775 3534 2938 3604 φύσιν
2991 3535 3090 3602 τῆς
3148 3534 3351 3604 σαρκὸς
3414 3533 3596 3586 αὑτοῦ
3659 3535 3744 3602 βε-

2155 3628 2464 3693 6αιοῦντος,
2517 3623 2666 3682 οῦτοι
2717 3627 2767 3679 οἱ
2826 3625 3183 3697 χριστομάχοι
3243 3625 3550 3694 ’Δρμένιοι,
3623 3628 3745 3685 τοὺς

2158 3717 2387 3786 ἱδρῶτας
2426 3717 2592 3772 αὐτοῦ
2641 3718 2705 3768 ὲκ
2740 3717 2834 3768 τοῦ
2896 3715 3229 3783 Εὐαγγελιου
3302 3714 3744 3784 ἀπαλείψαντες,

2155 3809 2272 3870 cui);
2300 3808 2400 3861 οὐκ
2429 3809 2537 3861 εἰσὶ
2572 3807 2869 3881 προφανῶς
2897 3806 3156 3876 θεομάχοι
3181 3823 3196 3872 ;
3250 3807 3313 3859 Et
3348 3806 3459 3876 γὰρ
3488 3810 3567 3876 μή
3591 3807 3746 3858 ἐστιν

2155 3899 2376 3968 ἀληθὲς,
2407 3901 2490 3953 ὅτι
2523 3899 2621 3969 τὴν
2640 3899 2901 3968 ἀλήθειαν
2930 3899 3168 3970 Χριστοῦ
3199 3899 3537 3965 σαρκώσεως
3556 3900 3746 3968 ἀρνεῖ-

2155 3989 2279 4042 σθαι
2313 3989 2660 4058 θελήσαντες,
2692 3989 2855 4043 τοῦτο
2891 3990 3116 4058 ποιῆσαι
3153 3989 3453 4060 τολμηρῶς
3483 3991 3590 4042 οῦκ
3613 3995 3745 4057 ἐφε-

2153 4082 2399 4154 δήθησαν
2423 4097 2440 4113 °
2470 4082 2802 4146 δειξάτωσαν
2831 4083 2962 4152 ἡμῖν
2991 4084 3039 4135 οἱ
3109 4081 3327 4144 ἀσεὸεῑς
3395 4081 3500 4150 τὴν
3551 4083 3745 4135 αἰτίαν

2152 4175 2253 4244 τῆς
2285 4175 2392 4227 τῶν
2419 4173 2660 4244 ἱδρώτων
2691 4173 3259 4245 Χριστοῦάπαλειφῆς
3287 4191 3301 4205 ο
3341 4174 3375 4243 ἢ
3417 4173 3542 4235 πῶς
3595 4191 3738 4242 φρο-

2156 4266 2449 4338 νιμώτεροι
2481 4266 2575 4319 τοῦ
2599 4266 2838 4335 Χριστοῦ
2871 4265 3176 4336 γενόμενοι,
3209 4267 3304 4319 καὶ
3331 4267 3442 4320 τῶν
3497 4267 3743 4335 εὐαγγε-

2157 4359 2356 4413 λιστῶν
2388 4357 2844 4418 καὶάποστόλων,
2909 4358 3069 4410 τοῦτο
3122 4360 3330 4425 πρᾶξαι
3392 4359 3738 4427 ἐτόλμησαν.

2168 4451 2295 4503 Ἐὰν
2318 4451 2425 4521 γὰρ
2475 4449 2609 4502 Θεὸν
2629 4449 2843 4519 ἀληθῶς
2873 4449 3218 4518 ὁμολογοῦσι,
3245 4452 3362 4512 πῶς
3383 4449 3605 4519 ἀληθῶς
3637 4451 3740 4500 οὐκ

2154 4542 2264 4595 εἰσὶ
2295 4540 2589 4610 θεομάχοι,
2639 4541 2722 4593 ὅτι
2768 4539 2913 4610 ᾇπερ
2969 4542 3177 4604 ἐκεῖνος
3208 4543 3354 4594 ποιεῖ
3410 4543 3507 4592 καὶ
3555 4541 3740 4608 $0221-

479 4628 698 4698 quidem
726 4630 868 4684 enim
903 4631 1151 4688 Christus
1185 4650 1332 4691 more
1367 4639 1600 4694 hominis
1630 4652 1911 4710 operatur,
1939 4659 2046 4713 quo

2160 4651 2333 4702 γεται,
2365 4605 2512 4688 οῦτοι
2539 4605 2843 4704 ἀρεσθῆναι
2867 4605 2928 4687 οὐ
2959 4634 3348 4703 καταδέχονται
3370 4651 3386 4698 ;
3410 4633 3474 4684 Et
3501 4605 3604 4700 μὲν
3628 4605 3741 4704 γάρ

475 4737 589 4776 suae
615 4723 793 4778 carnis
821 4730 1070 4778 naturam
1093 4729 1386 4782 astruxerit
1419 4732 1550 4799 :qui
1580 4733 1762 4788 omnia
1791 4733 2042 4790 inliciati-

475 4822 569 4869 tnr
589 4825 751 4884 atque
772 4827 1042 4885 evertunt,
1073 4819 1164 4888 qui
1194 4820 1419 4877 omnino
1456 4823 1777 4891 Christiani,
1825 4841 1891 4883 ae
1936 4843 2042 4882 non

479 4908 654 4977 magis
684 4907 890 4965 Christi
921 4912 1221 4969 adversarii
1253 4913 1406 4969 sint?

1072 5167 1303 5225 CAPUT
1331 5168 1418 5226 Vl.

845 5280 853 5306 ι
892 5255 970 5309 De
1000 5275 1156 5326 pane,
1187 5261 1331 5328 uino,
1371 5275 1417 5318 et
1455 5281 1612 5334 aqua.

541 5365 586 5419 Ι.
616 5365 697 5420 Ad
722 5365 840 5420 haec
866 5383 1076 5436 rursus,
1112 5387 1233 5427 cum
1252 5373 1499 5432 Christus
1519 5378 1790 5448 accipiens
1818 5393 2037 5450 panem,

473 5455 716 5524 dansque
741 5459 1018 5528 discipulis
1041 5461 1154 5516 suis
1182 5465 1378 5520 dixerit
1403 5484 1416 5519 :
1452 5467 1704 5537 Accipite,
1729 5472 1984 5527 comedite
2019 5487 2038 5527 :

475 5542 570 5596 hoc
603 5557 680 5602 est
715 5563 902 5618 corpus
943 5568 1113 5607 meum
1155 5555 1243 5622 "°,
1285 5571 1348 5611 ac
1407 5558 1659 5615 similiter
1713 5577 1838 5617 cum
1892 5564 2038 5618 acci-

551 5725 743 5784 "Luc.
779 5747 934 5799 nm,
973 5735 1064 5788 Ν.
1144 5736 1185 5768 ¹⁷
1219 5735 1409 5796 Matth.
1455 5756 1604 5806 τιτι,
1657 5741 1752 5798 26.

2155 4728 2182 4778 ὁ
2204 4725 2441 4793 Χριστὸς
2465 4726 2682 4794 ἐνεργεῖ
2713 4724 3095 4794 ἀνθρωπίνως,
3125 4728 3226 4796 τὴν
3266 4727 3429 4795 φῦσιν
3462 4725 3565 4792 τῆς
3595 4742 3742 4796 cap-

2155 4815 2250 4878 κὸς
2281 4814 2450 4868 αὑτοῦ
2485 4813 2866 4870 πιστώσασθαι
2899 4816 3223 4886 βουλόμενος
3251 4832 3266 4846 ·
3332 4817 3480 4885 ἅπερ
3522 4819 3741 4880 ἐκεῖνος

2149 4907 2366 4974 ἐνεργεῖ
2381 4907 2472 4959 καὶ
2494 4905 2789 4974 φθέγγεται
2825 4906 3184 4978 ἀνθρωπίνως
3203 4909 3384 4962 πάντα
3430 4908 3740 4979 ἀρνοῦντες

2152 4997 2246 5048 καὶ
2265 4993 2684 5067 ἀνατρέποντες,
2705 4999 2821 5062 πῶς
2845 4999 2982 5063 ὅλως
3009 5000 3327 5071 Χριστιανοι
3380 5002 3516 5067 εισι,
3553 5004 3654 5054 καὶ
3679 5004 3738 5055 οὐ

2156 5088 2355 5158 μᾶλλον
2373 5109 2403 5159 χ
2409 5092 2733 5160 ριστομάχοι
2757 5107 2772 5156 ;

2710 5182 3100 5238 ΚΕΦΔΔΛΙΟΝ
3129 5185 3220 5250 ς’.

2152 5271 2290 5341 Περὶ
2316 5271 2422 5326 τοῦ
2453 5272 2660 5342 ἄρτου,
2688 5274 2784 5328 καὶ
2809 5275 2916 5329 τοῦ
2945 5277 3136 5339 οἴνου.
3162 5276 3262 5329 καὶ
3309 5276 3418 5330 τοῦ
3484 5277 3733 5345 ὕδατος.

2224 5383 2304 5438 A'.
2335 5380 2468 5438 Εἶτα
2495 5386 2660 5440 πάλιν
2688 5386 2781 5440 τοῦ
2814 5390 3048 5458 Χριστοῦ
3078 5388 3341 5452 λαϐόντος
3392 5389 3582 5459 ἄρτον,
3635 5391 3728 5444 καὶ

2149 5475 2330 5538 δόντος
2363 5481 2475 5538 τοῖς
2507 5477 2776 5548 μαθηταῖς
2805 5479 2990 5542 αὐτοῦ,
3016 5481 3109 5533 καὶ
3141 5480 3388 5542 εἰπόντος
3411 5497 3427 5511 ·
3476 5481 3727 5542 Λάϐετε,

2151 5564 2368 5635 φάγετε
2391 5582 2403 5594 ·
2436 5567 2614 5621 τοῦτό
2633 5570 2763 5624 ἐστι
2798 5570 2864 5626 τὸ
2912 5569 3084 5640 σῶμὰ
3112 5588 3235 5640 μου
3263 5586 3278 5604 ο
3323 5571 3592 5635 ὡσαῦτως
3632 5572 3723 5624 καὶ
