3968 6220
1381 309 1665 374 ORATIO
1705 314 1732 373 Ι
1773 315 2067 381 CONTRA
2105 319 2525 386 ARMENIOS.

318 403 380 454 τὸ
403 402 667 475 ποτήριον
702 405 842 476 μετὰ
871 405 932 460 τὸ
963 407 1278 479 δειπνῆσαι,
1302 414 1559 482 λαϐόντος
1585 421 1679 474 καὶ
1701 421 1867 488 δόντος

1984 425 2135 493 piens
2160 427 2405 496 calicem,
2451 442 2737 503 postquam
2775 448 3042 496 cmnasset
3096 439 3338 511 dansque
3383 442 3556 502 disci-

315 496 428 556 τοῖς
466 494 662 548 ἑαυτοῦ
703 497 991 567 μαθηταῖς,
1018 502 1112 555 καὶ
1135 505 1579 570 εἰπόντοςίιίετε
1603 511 1671 576 ἐξ
1700 515 1867 569 αὐτοὶ

1991 518 2132 586 pniis
2152 534 2262 576 Slll8
2295 522 2488 579 dixerit
2527 543 2541 580 :
2573 526 2745 582 Bibite
2769 546 2833 584 ex
2858 546 2918 585 eo
2949 547 3170 588 omnes:
3211 494 3295 587 hic
3311 544 3388 590 est
3424 552 3554 590 son-

313 583 538 648 πάντες
569 598 585 614 ο
653 585 832 638 τοῦτό
869 605 989 656 μου
1032 584 1093 643 εἷ
1150 593 1214 644 τὸ
1271 589 1413 663 αἷμα
1478 599 1589 668 (Η)
1621 615 1636 631 ο
1700 604 1880 670 μόνον,

313 673 411 726 καὶ
432 673 658 744 ἐσίγησε
684 688 704 706 ο
729 673 912 740 καθὼς
946 671 1095 733 οὗτοι
1121 682 1170 734 oi
1195 682 1467 748 αίρετικοὶ
1496 687 1734 756 λέγουσι,
1790 694 1885 760 καὶ

312 766 560 819 πῖανῶσι
585 768 709 831 τοὺς
732 767 867 838 πρὸς
890 770 1084 836 αὐτοὺς
1112 773 1436 846 λεγομένους
1465 780 1698 847 ίδιὼταςσ
1720 785 1880 852 ἀλλὰ,

315 859 502 914 Τοῦτό
524 861 655 913 ἐστι
683 861 748 914 τὸ
779 856 922 931 αζμά
950 882 1085 932 μου.
1108 867 1172 920 τὸ
1197 868 1348 938 ὑπὲρ
1367 870 1535 940 ὑμῶν
1558 873 1881 947 ἐκχυνόμε-

309 968 422 1004 νον
452 954 540 1017 είς
575 951 798 1020 ἄφεσιν
832 954 1123 1023 ἁμαρτιῶν
1153 973 1167 989 ο
1215 961 1612 1024 ἐρωτάσΘωσαν
1669 962 1763 1020 οῦν
1825 969 1877 1023 oi

323 1039 637 1109 Ἀκέφαλοι,
666 1042 771 1095 ποῦ
807 1044 868 1095 τὸ
895 1041 1034 1113 αἷμα
1061 1047 1154 1100 τοῦ
1181 1050 1414 1120 Χριστοῦ
1437 1054 1751 1125 ἐκκέχυται,
1785 1061 1882 1115 καὶ

310 1133 368 1186 ὲν
395 1134 534 1203 ποίῳ
555 1133 737 1206 τόπῳ;
772 1135 995 1199 Πάντως
1021 1137 1264 1208 ἐροῦσιν,
1297 1143 1380 1195 ὅτι
1417 1145 1476 1196 ὲν
1515 1145 1594 1203 τῶ
1635 1151 1876 1222 σταυρῷ.

309 1225 521 1278 Οὐκοῦν
542 1225 725 1290 καθὼς
745 1229 802 1280 ἐν
832 1226 911 1298 τῷ
941 1231 1160 1300 σταυρῷ
1188 1231 1416 1305 ἐξεχύθη
1451 1235 1514 1290 ὲκ
1545 1238 1642 1309 τῆς
1711 1241 1878 1309 ἁγίας

309 1315 549 1386 πλευρᾶς
569 1316 734 1370 αὑτοῦ
760 1317 820 1370 τὸ
846 1313 984 1389 αἷμα
1013 1321 1105 1374 καὶ
1120 1321 1176 1374 τὸ
1201 1321 1344 1394 ὕδωρ
1374 1325 1543 1382 ὀὕτω
1567 1331 1659 1384 καὶ
1691 1332 1877 1406 ἡμεῖς,

307 1412 367 1462 ὲν
392 1412 456 1477 τῇ
485 1411 740 1482 κοινωνίᾳ
764 1410 871 1464 τῶν
905 1413 1228 1483 μυστηρίων
1279 1416 1461 1484 ούτοῦ,
1504 1421 1876 1491 εύαγγελικῶς

309 1502 402 1553 καὶ
418 1501 812 1568 ἀποπολικῶς,
835 1502 978 1574 ὕδωρ
999 1503 1246 1561 καὶοῖνον
1267 1511 1576 1578 μιγνύντες,
1593 1518 1873 1586 μεταλαμ-

306 1590 567 1661 εάνομεν,
594 1593 806 1645 τέλειον
841 1595 1187 1659 ἐκτελοῦντες
1210 1600 1270 1651 τὸ
1299 1603 1598 1673 μυστήριον
1635 1605 1736 1674 τῆς
1777 1608 1876 1660 αύ-

303 1682 399 1736 τοῦ
437 1683 786 1754 σαρκώσεως,
827 1684 1014 1750 καθὼς
1045 1687 1072 1740 ὁ
1108 1687 1370 1758 Θεολόγος
1424 1692 1730 1764 Γρηγόριος
1781 1699 1874 1768 ἑρ-

309 1773 536 1844 μηνεύει
561 1775 763 1844 λέγων’
797 1795 816 1828 ι
855 1772 1007 1847 Αἷμα
1029 1778 1124 1831 καὶ
1161 1756 1306 1848 ὕδωρ
1333 1780 1434 1850 τῆς
1467 1756 1724 1854 πλευρᾶς
1759 1756 1876 1857 κε’ό-
1908 1756 1948 1810 Β

307 1881 472 1936 μενον
502 1865 603 1940 ’κτὺ
631 1868 730 1936 μὲν
753 1867 1044 1938 ἀνθρώπου
1063 1884 1080 1900 ο
1099 1871 1160 1921 τὸ
1218 1871 1274 1924 δὲ
1313 1872 1452 1944 ὑπὲρ
1502 1874 1809 1942 ἄνθρωπον.
1845 1897 1866 1932 ι

304 1951 516 2006 Οὐκοῦν
540 1955 621 2018 είς
663 1955 726 2007 τὸ
797 1950 939 2027 αἷμα
984 1957 1079 2010 καὶ
1121 1959 1183 2010 τὸ
1233 1958 1380 2030 ὕδωρ
1436 1961 1572 2016 Θεοῦ
1629 1967 1724 2019 καὶ
1777 1969 1872 2021 ἀν-

301 2045 523 2116 θρώπου
563 2050 703 2102 είσὶν
730 2051 1123 2120 ἐνέργειαικαὶ
1163 2052 1484 2121 ἀποδείξεις.
1530 2059 1643 2112 Καὶ.
1687 2061 1870 2132 ἡμεῖς,

302 2140 444 2208 ὕδωρ
473 2138 552 2210 τῷ
585 2140 712 2212 οίνῳ
739 2143 1050 2212 μιγνύντες,
1083 2144 1220 2197 Θεοῦ
1245 2146 1340 2199 κα)⁸
1377 2146 1668 2218 ἀνθρώπου
1713 2154 1869 2206 εκτε-

300 2229 502 2302 λοῦμεν
538 2237 840 2303 μυστήριον
867 2249 882 2264 ⁸
914 2234 972 2301 ἐξ
1005 2228 1080 2290 ὧν
1125 2236 1290 2291 πάλιν
1333 2239 1731 2307 ἀποδέδεικται,
1787 2245 1870 2299 ὅτι

298 2318 445 2378 οὗτοι
483 2325 628 2396 ὕδωρ
657 2325 730 2395 μὴ
768 2327 1056 2398 βάλλοντες
1085 2329 1144 2381 ἐν
1170 2329 1250 2399 τῷ
1281 2330 1411 2402 οἴνῳ
1439 2332 1537 2386 τοῦ
1604 2337 1868 2407 ποτηρίου

296 2416 397 2486 τῆς
426 2416 794 2486 λειτουργίας,
814 2417 905 2471 τὸν
945 2419 1186 2492 Χριστὸν
1233 2423 1587 2493 σαρκωθέντα
1615 2425 1712 2498 ούχ
1741 2429 1871 2498 ὁμο-

293 2505 538 2576 λογοῦσι,
585 2508 722 2561 ἀλλὰ
781 2510 918 2579 μιᾶς
949 2509 1186 2578 φύσεως,
1207 2509 1463 2582 θεότητος
1498 2513 1665 2586 μόνης
1717 2518 1872 2571 ὲκτε.

292 2596 447 2652 hiat
461 2600 762 2671 μυστήριον
785 2615 799 2630 ο
817 2600 877 2654 τὸ
899 2601 1070 2672 ἥμισυ
1098 2602 1337 2671 Χριστοῦ
1358 2604 1701 2676 ἀρνούμενοι,
1727 2609 1868 2663 κατὰ

292 2691 393 2761 τὴν
425 2691 741 2761 παράνομον
772 2694 1098 2764 συγγραφὴν
1137 2693 1408 2764 Τιμοθέου
1438 2695 1534 2749 τοῦ
1578 2697 1863 2768 Αίλούρου,

292 2783 392 2854 τὴν
415 2783 772 2852 φάσκουσαν·
813 2802 832 2836 ι
868 2784 1034 2850 Φύσις
1081 2785 1346 2856 Χριστοῦ,
1412 2787 1510 2858 μία
1559 2788 1773 2860 θεότης,
1816 2792 1866 2845 εί

294 2875 391 2928 καὶ
426 2892 483 2927 σε
495 2875 802 2946 σάρκωται.
843 2892 862 2926 ι

365 2963 441 3019 Β’.
487 2965 651 3019 Ἀλλὰ
682 2967 735 3020 τί
774 2983 939 3036 φασιν
972 2969 1022 3021 οἱ
1066 2969 1460 3042 παμπόνηροι;
1498 2971 1624 3025 Ὅτι
1661 2975 1689 3027 ὁ
1717 2975 1866 3045 Χρυ⁸

1987 612 2102 678 guis
2137 628 2276 666 meus
2308 614 2388 683 ‘3;
2419 632 2516 671 nec
2537 619 2588 674 id
2614 621 2809 686 solum,
2845 638 2912 678 ac
2969 625 3201 691 siluerit,
3259 637 3316 681 ut
3366 628 3581 684 dicunt

1989 703 2076 757 isti
2105 703 2362 774 haeretici,
2399 711 2782 782 decipiantque
2811 717 3036 786 eos,qui
3067 719 3214 787 apud
3240 719 3360 774 illos
3413 720 3554 774 idio-

1987 801 2052 846 tas
2082 795 2418 864 appellantur
2437 842 2452 867 ,
2478 803 2574 856 sed
2603 821 2618 857 :
2652 803 2755 859 Hic
2788 811 3105 879 eu‘sangut's
3132 826 3298 874 meus,
3329 829 3417 880 qui
3455 828 3566 880 pro

1984 883 2123 938 vobis
2149 886 2441 954 effundatur
2463 891 2518 946 in
2550 895 2905 951 remissionem
2943 910 3276 966 peccatorum
3301 903 3367 968 ‘9,
3399 917 3547 971 qua:-

1986 986 2134 1066 ratur
2156 980 2334 1052 itaque
2355 985 2422 1039 ab
2446 987 2752 1056 Accphaiis,
2782 989 2999 1044 ubinam
3066 993 3264 1048 Christi
3322 997 3550 1066 sanguis

1983 1065 2182 1123 eﬂ'usus
2210 1069 2397 1140 fuerit,
2423 1082 2484 1129 ac
2504 1091 2610 1145 quo
2638 1077 2754 1134 loco
2771 1080 2985 1136 i‘i’iane
3025 1086 3336 1152 responsuri
3385 1065 3508 1140 sunt
3527 1104 3545 1141 :

1981 1155 2039 1211 In
2068 1172 2247 1216 cruce.
2273 1161 2387 1230 Qua
2421 1179 2548 1236 ergo
2603 1170 2811 1224 ratione
2863 1171 2913 1224 in
2966 1188 3126 1228 cruce
3173 1174 3549 1243 proﬂuxerunt

1981 1252 2199 1320 sanguis
2249 1265 2302 1310 et
2325 1271 2466 1326 aqua
2499 1277 2528 1313 e
2562 1274 2720 1316 sacro
2742 1250 2864 1332 ejus
2892 1263 3087 1330 latere,
3135 1266 3324 1321 eadem
3361 1283 3462 1323 nos
3491 1271 3552 1323 in

1980 1345 2355 1400 communione
2409 1361 2873 1408 sacramentorum
2927 1353 3066 1423 ejus,
3121 1358 3428 1426 evangelica
3490 1369 3546 1414 et

1979 1435 2271 1501 apostolica
2305 1441 2613 1508 traditione,
2651 1458 2845 1513 aquam
2871 1461 2935 1502 ac
2979 1447 3160 1503 vinum
3223 1449 3538 1517 miscentes,

1979 1525 2329 1597 percipimus,
2354 1545 2418 1586 ac
2440 1530 2557 1601 ejus
2595 1534 2980 1594 incarnationis
3027 1540 3341 1610 mysterium
3415 1557 3542 1611 per-

1976 1612 2178 1670 fectum
2216 1619 2577 1687 celebramus,
2607 1627 3057 1692 quemadmodum
3085 1629 3308 1698 exponit
3342 1629 3546 1702 Grego—

1978 1707 2092 1760 rius
2116 1708 2444 1781 Theologus,
2477 1715 2696 1772 dicens:
2735 1736 2752 1770 ι
2789 1717 3019 1791 Sanguis
3045 1730 3100 1776 et
3119 1704 3256 1791 aqua
3277 1737 3340 1777 ex
3366 1722 3562 1783 latere-

1975 1799 2234 1856 iiuentia:
2271 1805 2502 1860 alterum
2532 1808 2788 1877 hominis,
2822 1815 3053 1869 alterum
3089 1814 3324 1871 humana
3347 1817 3546 1871 condi-

1977 1893 2124 1948 tione
2145 1895 2360 1965 majoris
2388 1899 2553 1968 (i6).i
2598 1901 2656 1956 in
2681 1905 2943 1975 sanguine
2959 1921 3087 1977 ergo
3114 1918 3331 1977 et-aqua
3360 1908 3452 1964 Dei
3479 1923 3544 1963 ac

1975 1983 2210 2040 hominis
2277 1989 2506 2048 virtutes
2551 2002 2677 2048 sunt
2727 2009 2794 2050 ac
2842 1997 3257 2054 exhibitiones:
3313 2014 3566 2069 cumque-

1973 2072 2074 2143 ipsi
2133 2075 2264 2130 vino
2319 2081 2734 2138 comrniscemus
2796 2099 3017 2155 aquam,
3063 2086 3155 2143 Dei
3203 2103 3268 2144 ac
3307 2089 3565 2145 hominis

1971 2166 2290 2236 mysterium
2325 2169 2682 2231 celebramus.
2716 2175 2796 2229 Ex
2823 2191 2931 2246 quo
2957 2177 3186 2234 ulterius
3255 2179 3566 2248 probatumv

1973 2265 2175 2322 manet,
2209 2273 2302 2314 eos
2328 2260 2418 2330 qui
2451 2275 2560 2317 non
2595 2265 2814 2319 mittant
2844 2281 3042 2335 aquam
3075 2265 3130 2320 in
3189 2267 3368 2322 vinum
3408 2268 3541 2323 cali-

1971 2345 2050 2400 cis
2081 2345 2280 2413 Missae,
2311 2349 2582 2408 Christum
2615 2353 2954 2410 incarnatum
3000 2356 3222 2413 minime
3247 2359 3541 2425 cciiﬁteri;

1971 2435 2062 2491 sed
2093 2439 2251 2494 unius
2272 2437 2536 2496 duntaxat
2564 2454 2792 2510 naturae,
2837 2447 3052 2502 deitalis
3095 2447 3326 2513 scilicet,
3390 2448 3536 2503 cele-

1970 2526 2131 2583 brare
2165 2530 2500 2601 mysmrium,
2532 2532 2735 2590 Christi
2759 2535 3042 2592 dimidium
3079 2548 3336 2609 negantes
3376 2538 3542 2610 juxta-

1969 2621 2110 2687 quod
2161 2621 2421 2678 scelestus
2485 2624 2576 2680 ille
2632 2624 2948 2682 Timotheus
2985 2627 3209 2684 Eiurus
3269 2630 3530 2698 scripsit:

1976 2729 1992 2761 ι
2028 2709 2232 2768 Christi
2278 2724 2490 2782 natura,
2537 2716 2650 2771 sola
2679 2718 2962 2786 divinitas,
3010 2719 3222 2776 tametsi
3280 2722 3550 2777 incarnao

1968 2810 2056 2860 tus
2087 2813 2188 2860 est.
2228 2823 2246 2857 ι

2036 2981 2105 3038 ΙΙ.
2136 2982 2424 3040 Enimvero
2447 2986 2574 3054 quid
2609 2987 2673 3039 ad
2705 2987 2818 3041 inec
2849 2987 3070 3057 pessimi
3094 2987 3208 3042 iiii?
3243 2987 3550 3054 Nimirum,.

294 3059 558 3129 σόστομος
614 3061 694 3125 είς
748 3059 849 3130 τὴν
896 3060 1199 3130 ἑρμηνείαν
1248 3060 1343 3115 τοῦ
1395 3064 1537 3119 κατὰ
1583 3065 1863 3122 Ματθαῖον

1971 3083 2152 3129 vetare
2176 3075 2628 3146 Chrysostomum
2655 3076 2709 3130 in
2731 3061 3064 3144 expositiohe
3093 3075 3368 3148 Evangelii
3391 3077 3531 3130 Mat-

293 3150 653 3220 Εύαγγελίου,
686 3150 885 3206 κωλύει
918 3151 978 3204 τὸ
1009 3151 1153 3223 ὕδωρ
1179 3152 1386 3222 λέγειν,
1415 3155 1496 3209 ὅτι
1528 3155 1860 3227 γέγραπται,

289 3243 373 3295 ὅτι
406 3244 472 3295 ὲκ
501 3240 596 3295 τοῦ
623 3243 962 3314 γεννήματος
988 3243 1088 3313 τῆς
1118 3245 1365 3314 ἀμπέλου
1405 3245 1646 3317 ἐχρῶντο
1686 3264 1700 3279 ⁸
1738 3250 1771 3321 ἡ
1804 3249 1862 3303 δὲ

289 3333 536 3404 ἄμπελος
584 3329 746 3398 οἶνον,
799 3336 897 3404 ούχ
952 3334 1097 3407 ὕδωρ
1147 3338 1337 3407 γεννᾷ.
1406 3338 1595 3392 Ταῦτα
1639 3340 1860 3410 λέγουσι

288 3427 428 3496 arpi);
464 3427 588 3491 τοὺς
623 3425 858 3494 ἰδιώτας,
876 3426 1002 3491 τοὺς
1028 3427 1368 3495 ἀγνοοῦντας
1396 3429 1487 3482 τὸν
1519 3432 1720 3484 σκοπὸν
1764 3433 1859 3486 τοῦ

289 3517 638 3584 διδασκάλου,
663 3535 726 3570 πε
737 3519 789 3590 pi
822 3518 992 3573 ποίων
1013 3519 1328 3588 προσώπων
1351 3560 1366 3585 ,
1404 3522 1499 3574 καὶ
1528 3521 1672 3576 κατὰ
1699 3523 1858 3588 ποίας

288 3613 533 3682 αἱρέσεις
595 3611 754 3666 τοῦτο
793 3612 1016 3682 εἴρηκεν
1066 3613 1094 3665 ὀ
1133 3613 1714 3685 Χρυσόστομος.⁹ιδὼν
1736 3615 1862 3668 τότε

287 3705 416 3766 τοὺς
464 3702 982 3776 ’Υδροπαραστάτας
1021 3703 1369 3774 λεγομένους,
1424 3705 1553 3768 τοὺς
1612 3704 1862 3777 μαθητὰς

287 3797 616 3866 Μαρκίωνος
645 3795 740 3850 τοῦ
767 3797 996 3849 Ποντίου
1017 3795 1152 3867 (15),
1175 3795 1323 3867 ὓδωρ
1360 3796 1522 3867 μόνον
1554 3798 1861 3868 προσάγον-

288 3906 411 3954 τας,
451 3890 544 3941 καὶ
599 3887 722 3958 οὐχὶ¹
759 3883 909 3941 οἶνον
956 3888 1052 3942 καὶ
1101 3886 1244 3959 ὕδωρ
1291 3887 1451 3958 (οὕτω
1502 3889 1610 3966 γὰρ
1661 3890 1860 3944 ἐκεῖνοι

289 3981 717 4052 προσφέρουσιν,
766 3979 888 4033 ὅθεν
960 3980 1476 4050 ’Υδροπαραστάται
1512 3981 1857 4054 καλοῦνται),

289 4072 498 4142 ἔγραψε
573 4073 717 4125 κατὰ
751 4071 960 4126 τούτων
991 4075 1070 4133 εἰς
1109 4072 1210 4140 τὴν
1250 4073 1550 4143 ἑρμηνείαν
1579 4075 1675 4128 τοῦ
1717 4076 1858 4129 κατὰ

288 4162 568 4218 Ματθαῖον
619 4163 983 4232 Εὖαγγελίου,
1036 4163 1302 4218 δεικνύων
1358 4165 1439 4219 ὅτι
1497 4166 1718 4220 ἐναντία
1764 4166 1858 4221 τοῦ

289 4255 631 4324 Εύαγγελίου
664 4255 936 4311 ποιοῦσιν.
976 4255 1155 4324 Ἠμᾶς
1188 4255 1458 4310 διδάσκων
1489 4257 1654 4321 αὐτὸς
1679 4257 1707 4310 ὁ
1741 4257 1860 4312 θεο-

289 4346 455 4415 φόρος
497 4346 880 4417 Χρυσόστομος
907 4388 921 4411 ,
964 4346 1106 4418 ὕδωρ
1142 4349 1282 4416 μετὰ
1315 4348 1457 4401 οῐνου
1507 4349 1858 4420 προσφέρειν,

286 4439 383 4491 καὶ
417 4438 701 4509 ἀμφότερα
735 4439 1064 4508 ἱερουργεῖν,
1095 4447 1187 4492 καὶ
1228 4439 1686 4511 μεταλαμϐάνειν,
1709 4441 1858 4510 λέγει

285 4529 460 4594 οὕτως
495 4532 574 4594 εἰς
610 4529 708 4599 τὴν
741 4531 1039 4601 ἑρμηνείαν
1071 4531 1164 4584 τοῦ
1203 4532 1346 4586 κατὰ
1385 4531 1639 4604 Ἰωάννην
1677 4531 1858 4602 Εὐαγ-

285 4622 492 4690 γελίου,
524 4621 606 4674 ὅτι
667 4621 879 4676 Ἦνίκα
921 4622 1263 4691 προσέρχου
1298 4623 1378 4689 τῷ
1428 4626 1854 4694 θυσιαστηρίῳ,

284 4714 387 4770 καὶ
440 4716 920 4786 μεταλαμϐάνεις
983 4717 1050 4771 τὸ
1107 4712 1252 4786 αἷμα
1302 4719 1567 4788 Χριστοῦ
1624 4721 1692 4774 ἐκ
1751 4719 1858 4776 τοῦ

284 4810 597 4877 ποτηρίου,
661 4811 815 4865 οὕτω
867 4810 1082 4881 νόμιζε,
1141 4813 1230 4866 ὅτι
1275 4814 1344 4867 τὸ
1389 4814 1585 4884 στόμα
1621 4829 1736 4871 σου
1779 4814 1855 4886 τῇ

285 4899 520 4969 πλευρᾷ
561 4901 668 4957 τοῦ
709 4901 970 4971 Χριστοῦ
1022 4902 1409 4972 προσέθηκας
1435 4945 1450 4972 ,
1496 4905 1594 4959 καὶ
1634 4905 1702 4960 ἐκ
1741 4907 1853 4975 τῆς

284 4991 554 5060 πλειφᾶς
579 4993 767 5048 αὐτοῦ
796 4995 1020 5060 πίνεις.
1072 4993 1284 5048 Οὐκοῦν
1311 4996 1360 5047 εί
1389 4997 1456 5048 ὲκ
1485 4995 1585 5066 τῆς
1612 4995 1850 5066 πλευρᾶς

286 5084 454 5139 αὐτοῦ
495 5086 752 5157 πίνομεν,
792 5086 935 5157 ἆπερ
973 5089 1031 5140 ὲν
1061 5089 1128 5154 τῇ
1161 5085 1458 5158 Ἐκκλησία
1499 5087 1853 5158 μεταλαμὸάο

193 5187 205 5198 ·
281 5191 472 5244 νομεν,
511 5176 692 5240 καλῶς
725 5177 834 5249 ἄρα
867 5179 960 5230 καὶ
991 5175 1254 5241 εύσεὸὦς,
1299 5177 1396 5231 καὶ
1443 5177 1650 5248 σφόδρα
1701 5177 1856 5232 εὐλό-

282 5280 421 5331 γως,
455 5264 598 5335 ὕδωρ
639 5267 734 5320 καὶ
777 5262 922 5321 οἶνον
971 5266 1261 5338 μιγνύντες
1307 5266 1723 5339 ίερουργοῦμεν,
1760 5271 1855 5322 καὶ

1969 3165 2334 3236 thtei,aquam
2372 3167 2574 3232 dicere,
2641 3184 2704 3224 eo
2753 3173 2894 3238 quod
2949 3169 3209 3240 scriptum
3255 3171 3348 3231 sit.
3407 3185 3546 3227 usos-

1965 3273 2086 3315 esse
2121 3274 2186 3314 ex
2219 3259 2335 3314 vitis
2367 3261 2651 3331 genimine.
2689 3279 2707 3314 ι
2744 3260 2882 3317 Vitis
2935 3272 3136 3326 autem,
3205 3263 3398 3334 inquit,
3449 3265 3534 3319 vi-

1964 3363 2115 3412 num,
2150 3365 2252 3403 non
2284 3365 2479 3418 aquam
2508 3351 2907 3422 producit(i7).
2951 3372 2972 3406 ›
3007 3352 3222 3408 11ωοὶΗὶ
3249 3356 3313 3408 ad
3339 3356 3542 3411 idiotas

1964 3452 2028 3492 ac
2063 3438 2423 3506 imperitiores
2452 3439 2767 3511 loquuntur,
2793 3443 2883 3511 qui
2917 3443 3164 3498 nesciant
3217 3446 3349 3515 quid
3399 3447 3531 3504 doc»

1964 3525 2066 3580 tori
2099 3527 2433 3596 propositum
2470 3530 2541 3583 sit
2577 3546 2592 3582 :
2633 3529 2700 3584 de
2728 3528 2922 3598 quibus
2949 3531 3199 3586 nimirum
3257 3536 3524 3604 personis,

1964 3629 2027 3670 ac
2053 3618 2105 3671 in
2133 3632 2294 3687 quam
2331 3618 2578 3674 haeresim
2631 3618 3057 3692 Chrysostomus
3110 3623 3251 3678 istud
3307 3625 3529 3680 dixerit.

1963 3704 2186 3776 Nempe,
2218 3723 2340 3765 cum
2375 3709 2425 3763 id
2451 3709 2727 3779 temporis,
2755 3710 3042 3767 Marcionis
3089 3711 3313 3768 Pontici
3361 3715 3527 3771 disci-
3629 3733 3640 3744 ·

1963 3799 2138 3875 pulos,
2169 3815 2304 3872 quos
2330 3798 2821 3874 Hydroparastatas
2857 3802 3152 3874 appellant,
3182 3819 3376 3875 aquam
3406 3816 3529 3859 tan-

1967 3903 2100 3958 tum,
2126 3908 2234 3947 non
2266 3900 2449 3948 autem
2481 3893 2670 3948 vinum
2696 3903 2750 3948 et
2795 3907 2988 3963 aquam
3039 3892 3234 3948 oii‘erre
3281 3895 3522 3965 videret;

1963 3985 2042 4040 sic
2073 3985 2270 4055 quippe
2296 3984 2369 4039 illi
2403 3984 2656 4050 oii'erunt,
2692 3999 2757 4040 ac
2784 3984 2911 4040 inde
2931 3999 3126 4041 nomen
3167 3985 3297 4040 illud
3353 3986 3543 4042 sortiti.-

1963 4082 2126 4140 sunt;
2184 4076 2443 4129 adversus
2489 4090 2583 4131 eos
2621 4075 2839 4144 scripsit
2891 4077 2945 4131 in
3029 4076 3370 4145 expositione
3439 4077 3539 4131 illa

1963 4163 2238 4232 Evangelii
2277 4164 2536 4228 Matthmi,
2563 4166 2851 4220 ostendens
2883 4180 3043 4221 secus
3071 4165 3251 4220 facere
3297 4181 3362 4222 ac
3415 4175 3529 4221 tra-

1967 4256 2057 4309 dat
2088 4253 2460 4327 Evangelium.
2485 4256 2630 4309 idem
2659 4271 2823 4325 porro
2860 4272 2890 4312 a
2932 4256 3041 4311 Deo
3096 4256 3307 4311 amatus
3354 4256 3534 4329 Chry-

1964 4356 2256 4414 sostomus,
2274 4348 2474 4401 docens
2503 4361 2599 4400 nos
2623 4360 2816 4416 aquam
2843 4361 2961 4401 cum
2992 4349 3119 4400 vino
3145 4346 3340 4403 offerre
3363 4357 3527 4417 atque

1892 4421 2196 4501 Dsumere,
2253 4437 2307 4493 in
2355 4437 2498 4492 hunc
2561 4439 2777 4490 modum
2827 4437 3012 4492 scribit
3054 4438 3106 4490 iu
3185 4439 3539 4508 expositione-

1958 4525 2230 4596 Evangelii
2253 4525 2516 4582 Joannis:
2552 4544 2571 4579 ι
2608 4526 2837 4594 Quoties
2860 4531 2925 4583 ad
2951 4527 3120 4584 altare
3170 4531 3404 4598 accedis,
3461 4546 3524 4587 ac

1954 4616 2160 4671 Christi
2214 4618 2530 4687 sanguinem
2563 4633 2594 4675 e
2640 4619 2810 4676 calice
2853 4621 3046 4687 sumis,
3110 4623 3191 4677 sic
3245 4625 3521 4691 existima,

1957 4715 2213 4777 tauquam
2249 4723 2312 4764 os
2341 4719 2489 4764 tuum
2515 4709 2716 4767 Christi
2754 4713 2906 4768 lateri
2961 4714 3293 4780 admoveris,
3343 4731 3406 4769 ac
3458 4717 3535 4770 de-

1955 4802 2074 4868 ejus
2099 4804 2266 4858 latere
2295 4802 2512 4860 haurias
2539 4805 2674 4877 (18).
2718 4825 2738 4859 ι
2773 4805 3048 4876 Siquidem
3082 4821 3211 4877 ergo
3237 4822 3297 4862 ea
3334 4809 3523 4862 hauri~

1957 4916 2079 4956 mus
2111 4917 2176 4956 ex
2208 4903 2325 4972 eius
2348 4902 2536 4970 latere,
2584 4919 2703 4975 quae
2756 4906 3084 4976 percipimus
3137 4907 3186 4959 in
3257 4907 3533 4978 Ecclesia,

1958 4993 2180 5064 pulchre
2205 5009 2335 5050 sane
2361 5009 2426 5050 ac
2449 4997 2556 5065 pie,
2583 4996 2978 5067 admodumque
3001 5013 3030 5053 e
3056 5000 3286 5068 ratione,
3323 5015 3524 5072 aquam

1957 5100 2021 5142 ac
2066 5085 2252 5141 vinum
2295 5088 2611 5155 miscentes,
2653 5089 2924 5146 sacriﬁcio
2974 5089 3276 5157 oﬂ‘erimus,
3327 5108 3392 5148 ac
3454 5108 3527 5148 ea

1959 5192 2080 5247 qua!
2110 5179 2176 5234 de
2203 5179 2402 5235 Christi
2428 5179 2521 5235 Dei
2552 5182 2720 5235 nostri
2753 5180 2924 5238 latere
2962 5183 3232 5252 exierunt,
3283 5185 3522 5258 percipi-

1960 5285 2100 5326 mus.

284 5357 806 5430 μεταλαμϐάνομεν,
831 5361 973 5430 ειπερ
997 5358 1219 5430 ἐξῆλθεν
1247 5362 1307 5413 ἐκ
1342 5361 1442 5430 τῆς
1493 5360 1731 5432 πλευρᾶς
1757 5362 1994 5431 Χριστοῦ
2044 5361 2140 5418 τοῦ
2167 5361 2302 5416 Θεοῦ
2341 5362 2520 5434 ἡμῶν.

355 5476 398 5507 ⁸⁸
423 5475 610 5532 Matth.
654 5475 936 5544 xxvrt,28.
1012 5477 1056 5510 "
1080 5476 1215 5531 ibid.

357 5567 466 5640 (i4)
500 5567 724 5640 Yidetur
768 5568 1052 5640 legendum
1082 5587 1094 5623 :
1127 5567 1284 5622 τοῦτὸ
1315 5569 1418 5638 μού
1447 5571 1562 5623 ἐστι
1596 5571 1654 5623 τὸ
1678 5566 1846 5640 αἷμα·

279 5635 342 5687 οὐ
375 5631 604 5709 τδάἶμα
642 5631 944 5709 μόνονξκαὶ
972 5638 1212 5709 ἐσίγησε.

355 5707 465 5777 (ιδ)
497 5707 780 5760 Ποντικοῦ.

2031 5570 2146 5644 (ιβ)
2169 5569 2440 5644 ριίιιτῄιὲ,
2472 5589 2639 5644 prope
2671 5578 2850 5632 linem.

2029 5639 2140 5707 (i7)
2174 5639 2368 5697 llmuii.
2403 5639 2543 5698 85in
2573 5639 2766 5700 Matth.

2027 5677 2140 5780 iiii
2171 5677 2368 5768 ἱὶὅὶἱέἒίῖ
2395 5677 2754 5782 ἕλ’,Ἱὶιῖὶέἓιὶἶ
