3968 6220
456 300 592 364 1175

1520 300 1767 361 ISAACI
1811 298 2182 360 ARMENLE
2222 299 2626 361 CATIIOLICI

3574 297 3719 368 “76

518 419 609 475 ΙΙΙ.
643 418 749 484 Qui
794 434 923 474 vero
969 418 1257 475 Armenios
1299 436 1405 474 non
1433 420 1614 489 pudet,
1656 420 1709 474 in
1760 433 1872 473 sua:
1923 432 2017 472 ne-

2192 419 2267 472 I".
2302 420 2426 485 Πῶς
2478 420 2536 475 δὲ
2586 420 2687 474 οὐκ
2739 420 3091 489 αἰσχύνονται
3140 424 3189 475 oi
3253 422 3575 493 Ἀρμένιοι,
3619 425 3717 477 τὸν

454 515 688 586 gationis
736 523 926 568 testem
974 511 1421 581 Chrysostomum
1466 513 1783 582 producere,
1853 524 2011 580 quem

453 608 588 661 duas
617 614 839 661 naturas
865 618 930 659 ae
980 604 1117 659 duas
1147 604 1485 672 operatione:
1520 605 1575 660 in
1608 603 1826 660 Christo
1880 618 2014 672 prae-

450 698 743 758 dicautem,
771 709 877 749 una
906 708 1027 750 cum
1060 696 1264 751 sanctis
1286 695 1558 752 universis
1584 694 1760 763 palam
1789 695 2015 749 anathe-

450 785 749 841 matizent?
775 786 882 844 Sed
906 797 959 842 et
979 786 1186 845 Christi
1218 789 1465 854 sudores,
1513 802 1649 857 quos
1686 789 2009 861 Chrysosto-

451 893 571 932 mus
633 892 850 948 semper
901 893 966 933 ac
1034 879 1234 950 ubique
1288 892 1706 946 commemorat,
1770 896 1835 937 ac
1890 897 2012 937 cum

448 969 636 1037 primis
661 969 901 1027 Matthei
931 969 1279 1045 Erangelium
1322 986 1596 1041 exponens
1641 973 1775 1045 (20),
1843 973 2015 1029 haud-

448 1077 719 1131 quaquam
744 1062 900 1121 veriti
925 1072 1052 1119 sunt
1074 1077 1405 1134 expungere,
1437 1079 1502 1119 ac
1541 1065 1766 1120 omnino
1791 1079 2010 1135 negare.

446 1154 598 1218 Quod
643 1169 806 1225 porro
834 1156 992 1219 calix,
1021 1170 1181 1228 quem
1219 1156 1470 1217 Christus
1498 1158 1759 1226 apostolis
1802 1157 2011 1218 tribuit.

446 1246 630 1299 vinum
701 1246 925 1303 haberet
977 1257 1032 1300 et
1094 1262 1326 1316 aquam,
1382 1257 1548 1304 testes
1614 1260 1742 1303 sunt
1799 1259 2015 1304 sanctus

446 1336 721 1403 apostolus
780 1337 1015 1395 Iacobus
1068 1343 1155 1397 ille
1214 1343 1423 1399 Domini
1456 1343 1644 1406 frater,
1675 1359 1739 1401 ac
1802 1344 2014 1399 Marcus

446 1425 797 1496 evangelista,
835 1443 957 1483 cum
996 1431 1068 1484 ita
1123 1432 1282 1487 ambo
1334 1432 1393 1488 in
1452 1434 1568 1488 suis
1610 1432 1869 1503 Liturgiis
1931 1433 2014 1487 di-

447 1523 577 1569 cunt
607 1533 620 1569 :
656 1515 911 1573 Similiter
937 1530 1214 1590 postquam
1280 1522 1519 1586 coenavit,
1568 1523 1826 1591 accipiens
1883 1523 2015 1577 cali-

446 1622 578 1670 cem,
617 1618 670 1661 et
685 1611 999 1675 permiscens
1032 1628 1094 1665 ex
1124 1615 1239 1668 vino
1264 1624 1315 1668 et
1368 1632 1526 1684 aqua,
1574 1618 1776 1685 gratias
1828 1634 2010 1687 agens,

445 1712 509 1749 ac
531 1697 831 1754 benedicens
856 1701 999 1755 dedit
1029 1704 1303 1772 discipulis
1326 1707 1436 1759 suis
1466 1709 1641 1762 dicens
1680 1721 1698 1758 :
1757 1706 1928 1762 Bibit:
1950 1724 2014 1762 ea:

445 1802 505 1840 eo
540 1805 718 1844 omnes
748 1807 768 1845 :
808 1793 893 1847 hic
934 1803 1011 1848 est
1041 1797 1255 1867 sanguis
1281 1814 1445 1863 nicas,
1477 1801 1567 1868 qni
1597 1816 1692 1867 pro
1744 1801 1885 1855 vobis
1938 1801 2015 1869 ef-

446 1880 719 1948 fundetur.
753 1883 922 1941 Plane
950 1903 1055 1954 qua
1086 1890 1296 1945 ratione
1319 1892 1541 1961 sanguis
1583 1892 1698 1960 eius
1734 1892 2016 1949 effunden-

449 1974 549 2027 dus
573 1984 713 2039 erat,
742 1990 803 2030 ea
844 1994 1060 2050 quoque
1115 1992 1369 2053 tanquam
1423 2000 1590 2040 verax
1647 2002 1711 2043 ac
1756 1988 2017 2059 praescius

447 2061 668 2118 calicem
697 2066 864 2121 dedit.

518 2244 610 2301 IV.
643 2246 820 2303 Testis
845 2263 1058 2319 quoque
1105 2269 1331 2324 magnus
1371 2254 1599 2311 Basilius
1632 2257 1719 2312 ubi
1744 2256 2015 2326 litnrgiam

448 2338 690 2406 exponit,
724 2340 815 2394 sed
846 2349 902 2395 et
949 2342 1412 2415 Carthaginiensis
1458 2348 1510 2401 in
1540 2346 1720 2403 Africa
1777 2349 2017 2418 synodus

448 2432 800 2487 ducentorum
831 2434 1013 2489 decem
1062 2450 1125 2489 ac
1180 2447 1382 2503 septem
1433 2439 1707 2493 beatorum
1764 2441 2014 2504 Patrum,

450 2535 570 2586 quae
601 2522 831 2576 Arcadio
860 2538 923 2577 ac
957 2523 1198 2582 ilonorio
1228 2526 1406 2598 Magni
1442 2527 1729 2584 Theodosii
1763 2529 1884 2584 tiliis
1910 2529 2019 2583 Au-

448 2610 621 2677 gustis
677 2624 1002 2683 congregata
1041 2624 1144 2680 est,
1202 2619 1324 2672 dum
1352 2619 1402 2672 in
1444 2619 1510 2672 iis
1537 2621 1838 2673 canouihns
1879 2636 2017 2690 quos

447 2705 618 2761 edidit
647 2723 662 2760 :
704 2724 722 2757 ι
757 2706 827 2762 Ut
856 2723 923 2763 ne
952 2709 1095 2766 aliud
1128 2711 1423 2779 quidquam
1458 2713 1509 2766 in
1533 2715 1706 2767 sacris
1731 2713 2015 2779 oﬂ'eratur,

449 2812 611 2865 quam
646 2813 708 2852 ea
738 2798 911 2855 solum
941 2816 1060 2870 qua:
1102 2801 1366 2859 Dominus
1408 2806 1626 2860 tradidit
1681 2806 1831 2879 (2|);
1893 2826 1911 2858 ι
1962 2816 2021 2862 ιιι

449 2892 608 2957 nihil,
640 2892 887 2962 inquam,
922 2904 1121 2964 praeter
1147 2912 1338 2965 panem
1376 2907 1431 2952 et
1470 2900 1652 2953 vinum
1709 2916 1847 2969 aqua
1915 2901 2018 2955 rui-

451 2994 618 3049 stnm,
651 2985 918 3040 decernit.
950 2987 1103 3042 Sicut
1126 3004 1256 3058 ergo
1300 3005 1493 3058 aquam
1524 3006 1586 3044 ac
1644 2993 1825 3045 vinum
1874 3007 2022 3047 cont-

2118 509 2529 579 Χρυσόστομον,
2573 512 2632 564 ὃν
2686 511 2898 573 ἀσεϐῶς
2944 512 3083 581 μετὰ
3133 514 3354 565 πάντων
3380 515 3498 566 τῶν
3526 514 3716 581 ἁγίων

2119 602 2413 672 προφανῶς
2445 604 2933 672 ἀναθεματίζουσι,
2952 602 3045 657 δύο
3076 605 3268 674 φύσεις
3290 606 3390 657 καὶ
3412 606 3716 673 ἐνεργείας

2119 696 2212 748 ἐπὶ
2242 696 2477 762 Χριστοῦ
2509 696 2875 766 κηρύττοντα,
2930 697 3186 767 μάρτυρα
3225 695 3567 765 προϐάλλειν
3610 696 3715 764 τῆς

2119 788 2331 841 ἑαυτῶν
2378 788 2693 858 ἀρνήσεωςς
2728 788 2839 840 Καὶ
2886 790 3012 851 τοὺς
3064 787 3295 858 ἱδρῶτας
3342 788 3397 840 δὲ
3428 787 3533 839 τοῦ
3567 787 3714 854 Χρι-

2120 875 2274 941 στοῦ,
2301 875 2394 939 οὓς
2434 880 2461 928 ό
2489 877 2879 946 Χρυσόστομος
2931 877 3266 948 μνημονεύει
3318 879 3567 930 πάντοτε
3618 876 3714 926 καὶ

2119 966 2420 1037 πανταχοῦ,
2455 967 2689 1035 μάλιστα
2718 967 2774 1019 δὲ
2812 968 2889 1029 είς
2919 967 3017 1037 τὴν
3060 968 3363 1037 ἑρμηνείαν
3416 965 3520 1018 τοῦ
3566 966 3713 1017 κατὰ

2117 1058 2395 1113 Ματθαῖον
2442 1059 2804 1126 Εύαγγελίου,
2856 1057 3148 1126 ἁναλεῖψαι
3192 1059 3293 1111 οὐκ
3345 1058 3713 1126 ἐφοϐήθησαν

2116 1152 2213 1203 καὶ
2272 1150 2553 1213 παντελῶς
2600 1149 2967 1221 ἀρνήσασθαι.
3014 1151 3139 1203 Ὀτι
3193 1150 3305 1220 γὰρ
3354 1150 3633 1219 ποτήριον
3684 1147 3711 1200 ὃ

2115 1241 2356 1309 Χριστὸς
2413 1244 2528 1303 τοῖς
2568 1241 2890 1303 ἀποστόλοις
2929 1241 3189 1305 δέδωκεν,
3236 1237 3381 1293 οἶνον
3422 1240 3527 1290 καὶ
3557 1238 3710 1307 ὕδωρ

2116 1325 2255 1401 εἶχε,
2314 1331 2529 1401 μάρτυς
2581 1332 2609 1383 ὁ
2650 1329 2807 1397 ἅγιος
2855 1329 3158 1389 ἀπόστολος
3186 1328 3454 1391 Ἰάκωϐος
3487 1329 3516 1380 ό
3552 1327 3709 1378 ἀδελ-

2116 1422 2331 1493 φόθεος,
2373 1422 2470 1475 καὶ
2519 1421 2747 1491 Μάρκος
2790 1423 2819 1473 ό
2869 1420 3287 1489 εύαγγελιστὴς,
3328 1421 3389 1472 ἐν
3414 1421 3545 1480 ταῖς
3580 1421 3707 1470 Ast-

2115 1518 2398 1586 τουργίαις
2430 1518 2683 1587 ἑκάτεροι
2710 1516 2855 1569 οὕτω
2879 1516 3130 1586 λέγοντες
3157 1532 3171 1545 ·
3208 1516 3528 1578 Ὡσαύτως
3554 1514 3708 1582 μετὰ

2116 1610 2185 1665 τὸ
2223 1610 2571 1679 δειπνῆσαι,
2592 1608 2795 1664 λαϐὼν
2834 1608 3145 1677 ποτήριον,
3186 1608 3285 1661 καί
3330 1606 3609 1674 κεράσας
3638 1606 3705 1667 ἐξ

2118 1704 2289 1759 οῖνου
2312 1703 2411 1756 καὶ
2429 1702 2669 1768 ὕδατος,
2711 1700 3188 1771 εὐχαριστήσας,
3213 1699 3309 1753 καί
3344 1697 3705 1765 εὐλογήσας

2116 1794 2302 1849 etiame
2335 1793 2463 1860 τοῖς
2485 1793 2784 1864 μαθηταῖς
2806 1791 2996 1847 αὐτοῦ
3025 1792 3215 1846 είπών
3235 1806 3249 1820 ⁸
3275 1791 3453 1844 Hiera
3496 1790 3572 1852 ἐξ
3600 1792 3705 1841 αὑ-

2117 1886 2225 1941 τοῦ
2257 1885 2483 1952 πάντες
2515 1902 2527 1916 ⁸
2564 1884 2744 1940 τοῦτό
2770 1886 2904 1939 ἐστι
2948 1884 3014 1937 τὸ
3058 1880 3203 1952 αἷμά
3243 1900 3365 1952 μου
3387 1924 3402 1943 ,
3435 1882 3507 1934 τὸ
3550 1879 3701 1947 ὑπὲρ

2114 1978 2284 2050 ὑμῶν
2312 1978 2995 2047 ἐκχυνόμενονκΠάντως
3011 1974 3119 2046 γὰρ
3150 1970 3291 2027 οἶνον
3316 1972 3437 2043 (19)
3474 1971 3697 2039 ἔμελλεν

2116 2071 2412 2141 ἐκχυθῆναι
2460 2070 2521 2123 τὸ
2571 2067 2712 2139 αἷμα
2747 2068 2936 2133 αὑτοῦ,
2982 2068 3158 2130 οὕτως
3197 2068 3271 2130 ὡς
3302 2064 3559 2135 ἀψευδὴς
3603 2063 3701 2115 καὶ

2118 2162 2501 2235 προγνὼστης,
2536 2163 2631 2214 καὶ
2659 2161 2719 2214 τὸ
2754 2163 3014 2232 ποτήριον
3048 2160 3207 2213 ἔδιδε.

2188 2259 2260 2310 A'.
2290 2256 2580 2324 Μαρτυρεῖ
2612 2255 2707 2307 καὶ
2748 2254 2921 2324 μέγας
2952 2253 3230 2316 Βασίλειος
3257 2253 3314 2305 ὲν
3333 2256 3405 2323 τῇ
3432 2249 3706 2322 ἑρμηνείᾳ

2117 2348 2218 2418 τῆς
2269 2348 2619 2419 λειτουργίας
2662 2364 2675 2378 ·
2734 2349 2830 2399 καὶ
2884 2348 2917 2416 ἡ
2974 2347 3032 2398 ὲν
3091 2345 3425 2416 Καρταγένῃ
3485 2344 3547 2395 δὲ
3605 2341 3705 2409 τῆς

2131 2442 2416 2513 ’Λφρικῆς,
2452 2442 2545 2493 ἐπὶ
2586 2439 2875 2509 ’Δρκαδίου
2918 2438 3012 2492 καὶ
3066 2437 3326 2509 Ὀνωρίου
3376 2436 3491 2489 τῶν
3548 2435 3705 2503 βασι-

2118 2534 2255 2587 λέων
2280 2533 2375 2586 καὶ
2408 2532 2538 2586 υἱῶν
2561 2531 2844 2584 Θεοδοσίου
2890 2529 2983 2583 τοῦ
3029 2529 3282 2597 Μεγάλου
3334 2525 3707 2587 συνελθοῦσα,

2118 2629 2227 2681 τῶν
2290 2627 2390 2691 σιζ¹
2449 2624 2736 2696 μακαρίων
2796 2624 3056 2693 Πατέρων
3111 2622 3365 2684 σύνοδος,
3426 2619 3711 2689 μαρτυρεῖ

2121 2725 2201 2783 εἰς
2235 2721 2361 2783 τοὺς
2411 2720 2645 2781 κανόνας
2691 2719 2860 2788 αὐτῆς
2890 2716 3124 2785 λέγουσα
3168 2716 3340 2776 οὕτως
3365 2733 3378 2745 ·
3418 2731 3439 2763 ι
3481 2713 3611 2765 Ἱνα
3650 2712 3709 2761 ἐν

2120 2817 2231 2877 τοῖς
2286 2812 2463 2881 ἁγίοις
2515 2811 2683 2882 μηδὲν
2733 2809 2898 2862 πλέον
2952 2808 3295 2880 προσάγειν,
3328 2806 3379 2857 εἱ
3420 2805 3499 2872 μὴ
3540 2804 3708 2873 μόνον

2120 2905 2259 2975 ὅπερ
2290 2906 2318 2955 ὁ
2355 2902 2559 2973 Κύριος
2611 2899 2897 2969 παρέδωκε
2931 2914 2947 2930 ο
2995 2915 3014 2949 ι
3058 2896 3338 2949 τουτέστιν
3381 2893 3557 2961 ἄρτον
3610 2891 3709 2942 καὶ

2121 2994 2263 3050 οἶνον
2314 2996 2410 3050 καὶ
2457 2994 2649 3055 ὕδατος
2681 2992 2796 3063 (22)
2851 2992 3215 3062 μεμιγμένον.
3253 2984 3470 3039 Οὐκοῦν
3507 2983 3707 3050 ὥσπερ

450 3077 761 3140 miscentes,
795 3078 866 3131 ita
902 3080 1207 3135 sumimus’:
1242 3095 1341 3134 nec
1370 3083 1437 3135 ab
1473 3082 1702 3136 invicem
1732 3083 1910 3137 vinum
1963 3092 2014 3138 et

2125 3090 2183 3141 τὸ
2219 3088 2364 3158 ὕδωρ
2394 3090 2488 3140 κα)⁵
2516 3086 2607 3139 τὸν
2638 3081 2781 3138 οἶνον
2830 3081 3127 3153 κιρνῶντες
3147 3119 3162 3143 ,
3200 3078 3377 3140 οὕτως
3417 3077 3710 3146 μεταλαμ-

450 3183 648 3236 aquam
681 3182 1021 3236 separamus,
1058 3180 1153 3225 aut
1183 3172 1413 3226 seorsim
1450 3174 1677 3225 alterum
1724 3175 1790 3226 ah
1848 3174 2019 3228 altern

449 3259 715 3322 facimus,
746 3260 839 3316 sed
872 3262 925 3316 in
958 3276 1065 3317 uno
1096 3264 1509 3319 commiscentcs
1562 3264 1751 3331 calice,
1808 3267 2019 3321 sacrifi-

449 3351 535 3405 cio
556 3344 869 3408 oderimus:
915 3354 994 3409 sic
1019 3364 1071 3409 et
1099 3356 1233 3409 duas
1264 3355 1462 3411 Christi
1498 3363 1738 3418 naturas,
1800 3357 2017 3411 deitatis

451 3456 516 3495 ac
548 3444 749 3509 carnis,
783 3443 836 3498 ln
873 3458 972 3498 una
1010 3460 1240 3514 persona
1292 3462 1509 3516 unaque
1540 3448 1813 3516 hypostasi
1860 3448 2023 3501 conii-

454 3544 649 3600 temur,
704 3552 804 3591 nec
866 3536 974 3591 ullo
1028 3539 1189 3593 modo
1239 3540 1380 3593 inter
1428 3554 1488 3594 se
1535 3554 1874 3607 separamus,
1940 3540 2018 3594 uti

450 3628 649 3682 Christi
680 3630 977 3685 adversarii
1004 3639 1315 3698 nugantur:
1355 3630 1430 3684 uti
1478 3630 1635 3699 plane
1687 3640 1741 3685 et
1790 3631 1887 3695 illi,
1938 3630 2020 3685 vi-

452 3735 581 3773 num
613 3722 876 3775 duntaxat
929 3721 1200 3775 sacriﬁcio
1238 3722 1547 3789 oli‘erentes,
1573 3723 1740 3778 solam
1776 3723 1830 3777 in
1865 3722 2021 3776 Chri-

451 3821 539 3866 sto
575 3811 828 3867 deitatem
871 3813 1187 3882 prmdicant,
1215 3814 1439 3886 ejusque
1468 3816 1895 3870 incarnationem
1929 3828 2020 3870 ne-

451 3914 601 3975 gattt.

1031 4107 1259 4164 CAPUT
1292 4108 1406 4163 VII.

872 4200 947 4254 De
973 4216 1107 4266 pane
1163 4209 1210 4253 et
1248 4215 1434 4268 azyma
1473 4198 1609 4267 (25).

522 4292 564 4349 1.
592 4292 707 4359 Qua
741 4291 905 4347 etiam
940 4293 1148 4349 ratione
1176 4307 1370 4362 panem
1405 4306 1653 4362 azymum
1714 4289 2019 4345 Judazorum

2122 3182 2379 3251 δάνομεν,
2420 3180 2480 3233 ού
2518 3178 2845 3251 χωρίζοντες
2871 3176 2965 3230 ἀπ’
2992 3173 3238 3243 ἀλλήλων
3269 3171 3365 3224 τὸν
3410 3166 3564 3223 οἶνον
3614 3168 3709 3219 καὶ

2122 3276 2182 3328 τὸ
2213 3275 2379 3345 ὕδωρ,
2405 3274 2530 3327 οὐδὲ
2580 3270 2925 3344 διῃρημένως
2955 3268 3094 3321 αὐτὰ
3126 3266 3509 3336 προσάγοντες
3540 3303 3557 3326 ,
3593 3260 3708 3313 ἀλλ’

2124 3368 2205 3421 ἑνὶ
2250 3365 2498 3436 ποτηρίῳ
2547 3361 2837 3435 μιγνύντες
2892 3360 3281 3430 προσφέρομεν
3338 3357 3425 3419 είς
3480 3354 3706 3414 θυσίαν,

2123 3462 2267 3515 οὕτω
2301 3460 2395 3512 καὶ
2424 3458 2520 3520 τὰς
2552 3454 2594 3527 β’
2626 3454 2818 3524 φύσεις
2848 3453 2946 3522 τῆς
2982 3451 3231 3520 θεότητος
3250 3450 3344 3501 καὶ
3371 3448 3479 3515 τῆς
3498 3445 3709 3515 σαρκὸς

2121 3552 2215 3606 τοῦ
2247 3548 2507 3620 Χριστοῦ,
2538 3550 2615 3611 είς
2645 3546 2704 3599 ἒν
2739 3545 3029 3613 πρόσωπον
3054 3541 3429 3612 ὁμολογοῦμεν
3453 3540 3557 3590 xui.
3582 3537 3709 3605 μίαν

2124 3644 2446 3706 ὑπόστασιν,
2500 3638 2559 3692 οὐ
2606 3636 2932 3708 χωρίζοντες
2966 3634 3135 3695 αὐτὰς
3176 3633 3269 3684 ἀπ’
3314 3628 3606 3708 ἀλλήλων,
3638 3627 3710 3687 ὡς

2123 3731 2559 3805 οίχριστομόιχοι
2608 3706 2954 3799 ιρλυαροῦσιν
2988 3742 3001 3755 ·
3049 3724 3236 3792 ὥσπερ
3285 3706 3710 3783 οὖν’κάκεῖνοι,

2123 3823 2269 3880 οἶνον
2303 3825 2463 3895 μόνον
2487 3825 2571 3886 εἰς
2602 3820 2791 3875 θυσίαν
2820 3818 3188 3890 προσάγοντες
3211 3854 3227 3877 ,
3258 3814 3502 3883 θεότητα
3533 3812 3715 3881 μόνην

2125 3919 2182 3970 ὲν
2212 3915 2437 3986 Χριστῷ
2483 3912 2861 3984 κηρύττουσι,
2910 3910 3008 3980 τὴν
3057 3908 3336 3978 σάρκωσιν
3370 3902 3549 3957 αὑτοῦ
3605 3905 3713 3973 ἀρε

2124 4008 2214 4063 νού
2224 4025 2394 4078 μενοι.
3734 3994 3745 4001 ”

2656 4092 3055 4151 ΚΕΦᾹΔΑΙΟΝ
3095 4094 3171 4145 Ζ’.

2376 4191 2516 4261 Περὶ
2548 4189 2652 4245 τοῦ
2676 4188 2859 4257 ἄρτου
2897 4184 2994 4239 καί
3031 4182 3136 4238 τοῦ
3170 4179 3415 4251 ἀζύμου.

2196 4286 2275 4341 A'.
2323 4286 2537 4353 Ὥσπερ
2564 4277 2656 4336 οὖν
2686 4280 2784 4335 καὶ
2813 4278 2906 4332 τὸν
2935 4277 3098 4348 ἄρτον
3129 4276 3339 4343 ἄζυμον
3386 4272 3714 4335 Ἰουδαϊκῶς

450 4399 603 4438 more
638 4383 929 4441 on‘erentes
966 4384 1108 4439 nulla
1169 4386 1369 4439 unione
1420 4383 1767 4439 commistum
1801 4399 1817 4437 :
1860 4382 2018 4436 unius

2128 4377 2523 4446 προσάγοντες,
2570 4374 2806 4442 ἄμικτον
2852 4368 2963 4422 ἀπὸ
2998 4366 3178 4435 πάσης
3220 4362 3495 4429 ἑνώσεως,
3539 4364 3713 4416 πάλιν

452 4491 642 4531 rursus
666 4485 875 4529 naturae
895 4514 911 4539 ,
938 4475 1129 4540 solius,
1162 4476 1400 4544 inquam,
1433 4475 1644 4529 deitatis
1702 4472 2018 4544 mysterium

450 4566 682 4620 faciunt.
722 4562 1001 4633 Siquidem
1031 4566 1175 4618 enim
1210 4566 1282 4618 illi
1332 4581 1548 4634 quoque
1609 4563 1843 4619 offerunt
1891 4577 2021 4629 azy-

451 4673 622 4721 mum,
660 4658 787 4728 quid
819 4672 929 4726 prae
974 4654 1174 4711 Iudaeis
1229 4658 1504 4725 amplioris
1552 4658 1793 4728 mysterii
1853 4656 2024 4712 conli-

450 4749 668 4805 tentur?
728 4748 818 4804 Uti
844 4749 985 4804 enim
1036 4747 1206 4817 Judwi
1264 4747 1477 4815 quidem
1537 4748 2021 4813 circumciduntur,

452 4855 550 4895 nos
582 4848 762 4895 autem
795 4842 1168 4911 baptizamur;
1196 4856 1259 4895 ac
1287 4839 1427 4893 sicut
1471 4839 1549 4893 illi
1614 4838 1831 4893 Patrem
1887 4840 2024 4892 dun-

452 4941 603 4986 taxat
634 4930 799 4986 Deum
833 4931 1179 4993 confitentur,
1213 4945 1310 4984 nos
1341 4945 1468 4985 vero
1512 4943 1615 4983 una
1668 4944 1790 4984 cum
1840 4927 2022 4992 Patre,

454 5021 647 5075 Filium
666 5035 880 5091 quoque
920 5037 983 5076 ac
1012 5020 1577 5089 Spiritnmsanctum;
1613 5020 1685 5071 uti
1721 5019 1792 5072 illi
1823 5032 2019 5088 agnum

452 5114 830 5176 immolabant,
866 5113 958 5183 qui
990 5114 1207 5181 quidem
1235 5122 1356 5167 erat
1407 5110 1609 5170 Christi
1681 5111 1873 5179 ﬁgura,
1927 5123 2027 5164 nos

455 5213 634 5261 autem
698 5205 920 5261 minime
974 5208 1085 5277 jam
1146 5220 1343 5275 agnum
1393 5204 1754 5268 immolamus,
1812 5201 1903 5271 qni
1948 5209 2032 5256 est

456 5301 651 5369 ﬁgura,
685 5299 778 5355 sed
806 5297 1083 5353 Christum
1124 5297 1320 5366 ipsum,
1373 5298 1463 5365 qui
1523 5305 1603 5350 est
1656 5295 1901 5349 veritas:
1953 5291 2035 5346 sic

527 5457 639 5527 (19)
669 5456 810 5527 Lege
836 5448 967 5527 οἷο-νε

528 5522 639 5595 (9.0)
672 5522 868 5580 llonril.
903 5523 993 5582 84.
1029 5522 1078 5576 in
1108 5522 1295 5595 Matth.

528 5590 638 5664 (2|)
673 5598 859 5652 Grznca
891 5595 1140 5664 collectio
1173 5590 1314 5646 οίνον
1349 5594 1528 5647 ὕδατι.

532 5666 644 5730 (‘22)
679 5667 862 5719 Graeca
890 5663 1025 5719 Coll.
1061 5679 1181 5718 can.
1207 5664 1295 5726 37,
1325 5665 1511 5718 Latina
1548 5663 1638 5717 24.

532 5732 644 5803 (25)
677 5734 1069 5801 Congruentias
1092 5749 1227 5803 quas
1262 5734 1348 5790 hic
1383 5732 1555 5800 aliert,
1592 5737 1670 5792 sic
1697 5734 1874 5790 valere
1909 5747 2029 5802 pos—

2131 4468 2264 4537 μιᾶς
2298 4468 2534 4535 φύσεως,
2590 4463 2846 4531 θεότητος
2903 4458 3070 4528 μόνης
3104 4454 3323 4507 ποιοῦσι
3376 4456 3712 4523 μυστήριον.

2128 4562 2191 4613 Ei
2222 4558 2328 4629 γὰρ
2354 4556 2562 4626 ἄζυμον
2595 4554 2653 4608 δὲ
2688 4554 2784 4605 καὶ
2819 4544 2989 4611 οὗτοι,
3017 4549 3070 4601 τί
3098 4546 3492 4617 περισσότερον
3510 4546 3715 4613 ὁμολοο

2128 4649 2286 4721 γοῦσι
2322 4648 2655 4717 μυστήριονς
2683 4644 2895 4711 Ὠσπερ
2921 4642 3030 4709 γὰρ
3076 4639 3317 4709 Ἰουδαῖοι
3344 4655 3407 4691 πε
3418 4638 3721 4707 ριτέμνον-

2127 4762 2238 4806 ται,
2265 4741 2426 4810 ἡμεῖς
2458 4737 2515 4790 δὲ
2554 4733 2933 4806 βαπτιζόμεθα
2964 4747 2978 4761 ·
3009 4732 3104 4784 καὶ
3151 4729 3340 4798 ὥσπερ
3372 4730 3582 4781 ἐκεῖνοι
3624 4728 3722 4778 τὸν

2131 4833 2352 4903 Πατέρα
2387 4829 2551 4899 μόνον
2582 4825 2717 4878 Θεὸν
2749 4821 3109 4893 ὁμολογοῦσιν
3140 4834 3155 4849 ·
3184 4823 3346 4890 ἡμεῖς
3382 4818 3441 4872 δὲ
3497 4820 3604 4870 σὺν
3642 4817 3722 4887 τῷ

2128 4924 2326 4993 Πατρὶ,
2358 4921 2449 4974 τὸν
2481 4919 2609 4973 Υίὸν
2644 4917 2738 4970 καὶ
2788 4916 2850 4969 τὸ
2890 4914 3119 4983 Πνεῦμα
3167 4914 3226 4966 τὸ
3270 4912 3425 4977 ἆγιον
3466 4927 3481 4939 ·
3518 4910 3721 4978 ῶσπερ

2129 5017 2289 5070 ἔθυον
2319 5015 2518 5067 ὲκεῖνοι
2551 5010 2850 5082 πρόϐατον,
2914 5007 2978 5061 τὸ
3017 5008 3075 5060 δὲ
3123 5003 3397 5075 πρόὸατον
3428 5002 3616 5064 τύπος
3654 4999 3722 5069 ἦν

2128 5105 2222 5161 τοῦ
2252 5104 2537 5173 Χριστοῦο
2592 5104 2755 5173 ἡμεῖς
2805 5100 2884 5165 δὲ,
2937 5098 3124 5151 οὐκέτι
3168 5094 3373 5164 θύομεν
3427 5092 3720 5160 πρόσιτον

2130 5201 2305 5268 ὅσπερ
2329 5199 2445 5250 ὲστι
2499 5194 2671 5257 τύπος
2702 5207 2717 5223 θ
2790 5191 2925 5244 ἀλλὰ
2995 5189 3085 5242 τὸν
3134 5186 3372 5258 Χριστὸν
3408 5185 3579 5238 αὐτὸν
3617 5185 3719 5252 τὴν

2130 5291 2392 5361 ἀλήθειαν
2424 5303 2439 5317 ⁶
2469 5285 2644 5350 οὕτως
2694 5284 2816 5338 οὐδὲ
2856 5283 3021 5353 ἄρτον
3075 5278 3285 5349 ἄζυμον
3333 5277 3583 5347 θύομεν,
3642 5276 3717 5337 ὡς

2139 5456 2263 5503 sunt
2292 5461 2390 5517 pro
2425 5443 2735 5517 Graecorum
2778 5438 3191 5517 consuetudine,
3212 5436 3550 5517 ιιι-ιιξιιίιιᾉοιιι
3585 5434 3717 5517 nihil

2140 5507 2455 5573 inﬁrmem:
2502 5514 2789 5583 plurimum
2832 5525 2957 5583 vero
3011 5508 3222 5565 roboris
3274 5507 3471 5583 habent
3524 5513 3714 5583 contra

2138 5587 2444 5713 Arrgenios,
2480 5575 2572 5656 qui
2622 5584 2675 5639 in
2705 5595 2814 5638 suae
2862 5578 3134 5636 haereseos
3173 5575 3473 5650 symbolum
3510 5576 3715 5644 azymis

2139 5669 2225 5713 ute
2267 5666 2445 5712 antur.

2139 5666 2445 5716 utebantur.
