3968 6220
299 350 435 415 11⁵17

1360 358 1644 420 ORATIO
1683 363 1711 421 Ι
1751 360 2051 425 CONTRA
2089 367 2506 433 ARMENIOS.

3389 363 3531 436 ’1178

296 467 498 520 ἐκεῖνοι
533 464 742 530 ἀτελῶς
763 482 779 498 ⁸
804 468 976 541 ὅσπερ
1002 469 1120 526 ἐστὶ
1171 471 1342 539 τύπος
1377 476 1540 546 μόνον
1563 519 1578 544 ,
1611 476 1706 531 καὶ
1733 476 1856 530 σκιὰ

1966 493 2139 548 neque
2160 495 2407 553 azymum
2441 499 2654 552 panem,
2680 485 2756 539 uti
2787 484 2862 540 illi
2907 485 3219 552 imperfecte
3251 490 3528 542 sacriﬁea-

291 557 388 610 τόῦ
423 558 699 630 ἡμετέρου
745 558 912 628 ἄρτου
943 576 960 594 ο
1008 561 1126 617 ἀλλ’
1160 564 1325 634 ἄρτον
1356 566 1562 621 τέλειον
1597 581 1612 599 ·
1649 567 1855 620 τέλειον

295 644 590 717 ἄνθρωπον
625 648 883 718 Χριστὸν,
913 649 1006 703 τδν
1030 654 1448 725 σεσαρκωμένον
1472 656 1625 720 Θεὸν,
1654 656 1740 710 διὰ
1762 657 1857 711 τοῦ

291 737 502 790 τελείου
533 737 724 808 ἄρτου,
753 743 846 794 καὶ
883 741 1002 813 (24)
1037 744 1132 798 τοῦ
1167 745 1420 816 σώματος
1447 747 1613 801 αὑτοῦ
1651 749 1857 819 κηρύτ-

291 845 501 894 τοντες.
554 832 763 901 Ὠσπερ
819 835 930 906 γάρ
981 837 1180 891 ἐκεῖνοι
1220 838 1316 892 ἕνα
1371 840 1466 892 καὶ
1523 841 1686 908 μόνον
1715 839 1860 911 εἶχον

291 920 422 974 ναδν
452 924 510 974 ἐν
553 921 918 997 Ἰερουσαλήμ
945 944 960 958 -
995 929 1157 997 ἡμεῖς
1183 929 1240 983 δὲ
1269 930 1498 992 πολλοὺς
1523 933 1665 986 κατά
1689 933 1859 988 τόπον

292 1011 704 1083 ἀναριθμήτους
738 1029 752 1044 ⁸
782 1017 876 1068 καὶ
907 1017 1096 1090 ῶσπερ
1127 1022 1324 1075 ἐκεῖνοι
1354 1022 1414 1074 τὸ
1441 1025 1631 1093 Πάσχα
1667 1026 1725 1077 ἐν
1761 1024 1859 1078 Ἱε-

295 1104 582 1174 ρουσαλὴμ
635 1105 797 1176 μόνον
841 1109 1057 1164 ἐτέλουν
1080 1129 1094 1143 ·
1140 1114 1306 1184 ἡμεῖς
1333 1115 1388 1168 δὲ
1432 1117 1488 1168 ἐν
1521 1116 1672 1189 πάσῃ
1705 1118 1858 1172 πόλει

292 1198 632 1269 ἑορτάζομεν
655 1218 668 1230 ·
694 1204 788 1255 καὶ
821 1203 1007 1274 ῶσπερ
1053 1208 1251 1260 ἐκεῖνοι
1278 1209 1340 1261 τὸ
1381 1209 1576 1280 Πάσχα
1613 1214 1679 1282 τῇ
1735 1229 1858 1264 τεσ-

294 1293 768 1366 σαρεσκαιδεκάτῃ
802 1297 899 1366 τῆς
946 1298 1177 1370 σελήνης
1224 1301 1608 1371 ἑορτάζουσιν,
1639 1305 1697 1358 ἐν
1791 1305 1857 1359 ἄν

290 1385 473 1455 ἡμέρᾳ
512 1387 827 1458 καταντήσῃ
866 1404 879 1418 ·
912 1391 1073 1459 ἡμεῖς
1105 1392 1184 1456 δέ,
1225 1394 1284 1446 ἐν
1324 1395 1576 1468 Κυριακῇ
1602 1397 1854 1464 πάντοτε,

295 1475 473 1530 πάντα
526 1480 918 1550 περισσότερον
965 1485 1098 1554 παρ’
1145 1485 1390 1548 ἐκείνους
1433 1486 1648 1557 ἔχοντες
1674 1505 1687 1520 ·
1714 1489 1858 1544 οὕτω

294 1568 455 1636 δῆλον
480 1571 564 1624 ὅτι
589 1573 684 1626 καὶ
716 1574 744 1626 6
773 1574 938 1646 ἄρτος
967 1575 1069 1645 τῆς
1106 1575 1293 1642 θυσίας
1341 1579 1496 1649 ἡμῶν
1537 1583 1856 1653 περισσότε·

293 1675 388 1728 ρος
422 1659 630 1728 ὀφείλει
663 1658 823 1728 εἶναι,
860 1664 956 1717 καὶ
985 1665 1316 1738 τελειότερον
1334 1670 1475 1739 ὑπὲρ
1496 1672 1604 1723 τῶν
1629 1671 1856 1740 ἀζύμων

290 1749 404 1803 τῶν
447 1753 778 1817 Ἰουδαϊκῶν,
816 1756 999 1819 καθώς
1031 1775 1198 1827 φησιν
1229 1763 1256 1813 6
1288 1761 1445 1828 ἅγιος
1475 1761 1686 1826 Παῦλος
1709 1804 1723 1828 ,
1761 1764 1854 1816 καὶ

293 1841 600 1914 Γρηγὸριος
632 1844 896 1915 Θεολόγος
923 1865 936 1879 ·
977 1866 997 1900 t
1029 1849 1110 1903 Τὰ
1141 1851 1347 1922 ἀρχαῖα
1383 1854 1664 1925 παρῆλθεν
1691 1870 1706 1886 ’
1742 1857 1853 1910 ἰδοὺ

291 1932 401 2001 γὰρ
429 1933 618 2000 γέγονε
649 1936 714 1989 τὰ
743 1936 924 1991 πάντα
954 1939 1138 1993 καινά.
1172 1957 1191 1992 ι

360 2024 498 2078 ΤΟΥ
525 2025 1056 2083 ΧΡΥΣΟΣΤΟΜΟΥ.
1091 2030 1164 2086 Β’.
1217 2032 1498 2097 Ὡσαύτως
1535 2035 1630 2088 καὶ
1660 2036 1688 2088 6
1715 2035 1858 2102 θεῖος

287 2117 675 2188 Χρυσόστομος
704 2122 957 2193 περὶτῆς
990 2125 1234 2188 Παλαιᾶς
1263 2144 1426 2196 φησιν
1470 2144 1485 2160 ·
1529 2147 1548 2180 ‹
1603 2130 1753 2186 Ἐκεῖ
1796 2134 1856 2187 τὸ

289 2208 546 2279 γράμμα,
581 2203 684 2263 ὦδε
719 2215 779 2264 τὸ
818 2215 1039 2284 πνεῦμα
1067 2231 1082 2247 ο
1121 2219 1239 2270 ἐκεῖ
1283 2219 1315 2288 ἡ
1371 2218 1638 2287 κιϐωτὸς,
1680 2217 1782 2277 ὦδε
1822 2227 1855 2296 ἡ

289 2300 560 2370 παρθένος
585 2314 602 2331 ⁸
632 2303 750 2356 ἐκεῖ
775 2305 966 2374 ῥάϐδος
1007 2307 1241 2379 Ἀαρὼν,
1275 2303 1377 2365 ὦδε
1403 2315 1430 2367 6
1465 2316 1721 2386 σταυρός·
1743 2317 1859 2370 ἐκεῖ

285 2393 355 2444 τά
384 2393 590 2463 ἄζυμα,
628 2389 730 2450 ὧδε
761 2399 788 2450 6
821 2398 987 2469 ἄρτος
1019 2417 1034 2432 ο
1067 2402 1185 2455 ἐκεῖ
1210 2405 1238 2456 6
1268 2405 1462 2474 ἀμνὸς,
1513 2400 1616 2461 ὦδε
1649 2409 1676 2460 6
1714 2409 1853 2476 Χρι-

291 2484 437 2545 στός.
480 2485 642 2540 Ἀλλὰ
673 2488 725 2540 τί
756 2507 924 2557 φασιν
970 2493 1018 2545 oi
1052 2493 1334 2562 ἀπειθεῖς;
1371 2497 1493 2551 Ὀτι
1531 2499 1558 2551 6
1601 2499 1765 2570 ἄρτος
1797 2501 1855 2555 ὃν

288 2577 527 2646 Χριστὶς
574 2578 805 2633 δέδωκεν
854 2582 1063 2653 ἄζυμος
1112 2580 1201 2656 ἣν,
1251 2588 1338 2642 διὰ
1363 2590 1521 2644 τοῦτο
1555 2593 1650 2646 καὶ
1695 2595 1857 2663 ἡμεῖς

289 2666 475 2734 ἄζυμα
508 2669 894 2738 προσφέρομεν
933 2671 1010 2735 είς
1052 2671 1266 2728 θυσίαν.
1309 2676 1479 2729 Παντί
1507 2695 1569 2730 τε
1599 2679 1691 2732 καὶ
1722 2697 1855 2732 παν-

287 2756 458 2826 ταχοῦ
493 2757 570 2827 τῷ
604 2759 824 2832 Χριστῷ
852 2761 1262 2835 ἐναντιούμενοι
1293 2767 1342 2819 οῖ
1364 2767 1592 2832 ἀνόσιοι,
1631 2771 1858 2835 καὶτοῖς

288 2849 470 2917 λόγοις
501 2849 701 2916 αὐτῶν,
730 2853 820 2905 καὶ
849 2856 963 2917 τοῖς
997 2855 1203 2926 ἔργοις,
1242 2858 1422 2922 καθὼς
1452 2861 1854 2930 ἀποδέδεικται,

288 2939 384 2993 νῦν
418 2939 509 2992 τὸν
533 2943 770 3011 Χριστὶν
803 2948 899 3015 τῆς
923 2946 1134 3000 ἑαυτῶν
1165 2949 1418 3013 ἀσεϐείας
1448 2955 1542 3006 καὶ
1573 2955 1856 3027 ἀρνήσεως

293 3031 551 3102 μάρτυρα
608 3033 977 3105 προσάλλετε;
1041 3039 1244 3106 Ἔστω,
1287 3042 1370 3094 ὄτι
1429 3042 1458 3095 6
1517 3043 1680 3114 ἄρτος
1730 3045 1788 3098 ὃν
1829 3047 1856 3099 6

1965 586 2105 637 mus,
2131 575 2221 642 qui
2250 584 2332 631 est
2362 584 2566 628 tantum
2601 577 2768 646 llgura
2801 591 2864 631 ac
2890 577 3078 632 umbra
3113 581 3266 646 panis
3321 581 3524 647 nostri;

1962 661 2058 714 sed
2090 662 2382 730 perlectum
2417 681 2629 735 panem,
2663 667 2961 734 perfectum
3023 670 3292 724 hominem
3337 671 3526 725 Chris-

1963 758 2074 804 tum
2134 751 2302 808 Deum
2359 756 2720 819 incarnatum,
2779 759 3000 828 perfecti
3049 761 3204 829 panis
3255 764 3524 833 symbolo,

1962 858 2070 898 una
2098 859 2220 899 cum
2252 861 2476 915 corpore
2499 851 2872 917 praedicantes.
2905 851 3038 904 Nam
3070 853 3208 906 sicut
3230 855 3302 907 illi
3361 871 3522 908 unum

1961 937 2224 990 duntaxat
2251 935 2636 1010 Hierosolymis
2661 940 2932 995 habebant
2961 943 3238 1010 templum,
3266 960 3363 997 nos
3423 961 3523 999 au-

1962 1038 2064 1081 tem
2095 1028 2242 1094 plura
2275 1029 2360 1085 hic
2394 1029 2504 1083 illic
2535 1030 2982 1100 innumerabilia;
3017 1051 3079 1089 ac
3118 1038 3255 1089 sicut
3287 1036 3360 1089 illi
3394 1035 3522 1090 Hie-

1961 1118 2248 1188 rosolymis
2278 1121 2447 1174 solum
2470 1120 2679 1177 Pascha
2711 1122 3078 1188 celebrabant,
3124 1141 3219 1181 nos
3261 1137 3437 1180 autem
3471 1128 3523 1180 in

1959 1211 2105 1264 omni
2137 1210 2469 1268 celebramus
2499 1215 2668 1281 urbe;
2695 1225 2857 1283 atque
2892 1225 2948 1270 ut
2977 1217 3049 1270 illi
3081 1216 3353 1272 celebrant
3401 1218 3523 1271 luna

1959 1315 2156 1374 quarta
2183 1303 2413 1372 decima,
2441 1322 2760 1376 quacunque
2788 1310 2999 1363 tandem
3051 1309 3136 1363 illa
3197 1311 3282 1364 die
3332 1326 3525 1365 occur-

1960 1404 2044 1450 rat
2073 1411 2090 1451 :
2125 1409 2226 1450 nos
2253 1405 2430 1450 autem
2465 1410 2680 1464 semper
2724 1397 2996 1451 Dominica
3040 1399 3146 1460 die,
3181 1398 3360 1450 omnia
3416 1411 3524 1465 prae

1959 1485 2063 1540 illis
2093 1485 2354 1555 ampliora
2381 1485 2640 1539 habentes
2673 1503 2686 1539 :
2725 1487 2794 1540 ita
2823 1485 3006 1555 liquet,
3040 1501 3137 1554 par
3165 1500 3307 1549 esse.
3337 1494 3395 1539 ut
3426 1500 3524 1538 nov

1958 1575 2056 1629 stri
2110 1589 2321 1644 quoque
2364 1577 2612 1632 sacrificii
2647 1577 2801 1648 panis
2844 1585 3081 1645 prwstet,
3124 1592 3186 1631 ac
3237 1575 3525 1644 perfectior

1959 1667 2030 1723 sit
2067 1671 2271 1739 azymis
2315 1667 2649 1732 Judaaorum,
2683 1670 3132 1738 quemadmodum
3176 1671 3252 1722 ait
3305 1677 3524 1723 sanctus

1963 1756 2159 1813 Paulus
2205 1773 2271 1814 ac
2319 1759 2612 1831 Gregorius
2667 1759 3014 1828 Theologus:
3061 1759 3248 1814 Vetcra
3299 1757 3525 1814 transie‘

1963 1858 2095 1904 runt
2120 1867 2139 1910 :
2160 1867 2274 1905 ecce
2307 1867 2436 1906 nova
2469 1850 2612 1920 facta
2636 1860 2758 1906 sunt
2789 1852 2985 1905 omnia.
3049 1845 3062 1853 ’

2031 2037 2540 2096 CHRYSOSTOMI.
2560 2037 2624 2094 ll.
2653 2038 2776 2094 Pari
2799 2052 3011 2107 quoque
3030 2038 3257 2101 ratione,
3288 2036 3526 2091 admira-

1957 2130 2083 2186 bilis
2110 2130 2198 2185 ille
2226 2131 2648 2201 Chrysostomus
2673 2129 2745 2182 ita
2787 2128 2948 2182 habet
3001 2128 3068 2183 de
3115 2126 3294 2182 Veteri
3337 2126 3525 2182 Testa-

1961 2230 2182 2276 mento:
2228 2239 2247 2272 ι
2287 2220 2396 2274 lllic
2430 2220 2630 2283 littera,
2673 2219 2763 2273 hic
2797 2218 3020 2285 spiritus
3060 2233 3074 2271 :
3110 2217 3218 2270 illic
3257 2230 3405 2280 arca,
3434 2215 3523 2268 hic

1960 2313 2108 2381 virgo
2134 2329 2149 2366 :
2182 2311 2292 2365 illic
2323 2311 2466 2375 virga
2493 2309 2690 2372 Aaron,
2726 2309 2813 2364 hic
2835 2323 2965 2363 crux
2993 2325 3008 2362 :
3039 2307 3146 2361 illic
3173 2322 3380 2376 azyma,
3435 2305 3522 2359 hic

1959 2403 2117 2474 panis
2151 2421 2165 2458 :
2197 2403 2305 2457 illic
2334 2417 2527 2472 agnus,
2558 2400 2643 2454 hic
2665 2398 2932 2454 Christus.
2972 2417 2990 2451 ι
3030 2397 3339 2460 Enimvero,
3394 2395 3522 2465 quid

1959 2488 2111 2552 aiunt
2153 2493 2460 2550 increduli?
2507 2493 2732 2561 Nempe,
2788 2507 2978 2560 panem
3049 2505 3208 2560 quem
3274 2489 3523 2544 Christus

1961 2589 2107 2643 dedit
2137 2601 2384 2655 azymum
2414 2585 2583 2640 fuisse
2609 2604 2622 2640 :
2657 2599 2720 2642 ac
2749 2585 2949 2638 idcirco
2980 2597 3165 2654 azyma
3191 2582 3246 2635 in
3309 2578 3523 2633 sacriﬁ-

1959 2680 2044 2734 cio
2089 2677 2303 2732 oll‘erre.
2351 2677 2511 2746 Ergo,
2571 2678 2661 2746 qui
2707 2689 2921 2744 semper
2953 2690 3016 2728 ac
3068 2674 3264 2740 ubique
3305 2669 3524 2725 Christo

1960 2771 2344 2838 adversamini,
2369 2772 2514 2841 impii
2541 2771 2811 2835 homines,
2836 2770 3013 2824 verbis
3031 2767 3232 2838 pariter
3264 2780 3326 2819 ac
3367 2763 3524 2818 factis

1958 2863 2180 2936 vestris,
2211 2862 2287 2916 uti
2312 2861 2596 2932 probatum
2628 2859 2751 2926 fuit,
2795 2857 3070 2912 Christum
3133 2869 3277 2908 nunc
3321 2859 3523 2906 vestra:

1959 2955 2250 3025 impietatis
2281 2968 2345 3008 ac
2383 2951 2682 3021 negationis
2728 2957 2916 3005 testem
2970 2942 3306 3017 producitis‘l
3360 2942 3513 3005 Esto,

1962 3046 2122 3100 fuerit
2153 3058 2312 3115 quem
2338 3041 2588 3097 Christus
2617 3040 2763 3094 dedit
2793 3053 3006 3107 panem,
3067 3048 3308 3104 azymus.
3356 3030 3524 3099 Equi-

288 3123 526 3194 Χριστὸς
558 3127 820 3192 δέδωκεν,
863 3129 1073 3200 ἄζυμον
1118 3127 1186 3203 ἦν
1216 3151 1230 3165 ο
1261 3135 1288 3188 6
1323 3133 1423 3205 μὲν
1472 3133 1566 3190 οὖν
1614 3135 1851 3208 Χριστὸς

1964 3139 2082 3194 dem
2113 3137 2221 3204 ille,
2256 3135 2326 3192 ob
2357 3134 2632 3205 angustias
2664 3129 2944 3201 temporis.
2973 3136 3033 3183 ut
3059 3143 3126 3181 ne
3166 3133 3371 3180 tantum
3431 3137 3524 3176 sa-

287 3214 433 3268 κατά
476 3220 836 3288 στενοχωρίαν
869 3220 962 3274 τοῦ
999 3225 1192 3294 καιροῦ
1217 3266 1230 3292 ,
1266 3227 1353 3280 ἵνα
1404 3229 1477 3299 μὴ
1509 3230 1854 3300 ἀπαράδοτον

285 3307 624 3380 καταλειφθῇ
651 3309 711 3362 τὸ
736 3310 1055 3382 τηλικοῦτον
1087 3315 1218 3386 παρ’
1253 3317 1420 3372 αὑτοῦ
1451 3320 1551 3388 τῆς
1579 3322 1854 3393 σωτηρίας

288 3402 616 3471 μυστήριον,
645 3404 831 3474 ἐπειδὴ
852 3405 988 3476 αὐτῇ
1007 3409 1070 3476 τῇ
1104 3406 1224 3478 ὥρᾳ
1249 3414 1363 3473 τοῖς
1400 3411 1676 3476 Ἰουδαίοις
1710 3431 1854 3486 παρα

285 3489 508 3556 εδίδοτο,
555 3486 667 3545 οἷον
702 3495 866 3564 ἄρτον
914 3497 1056 3549 κατὰ
1086 3498 1184 3568 τὴν
1238 3498 1387 3570 ῶραν
1434 3502 1651 3574 ἐκείνην
1700 3499 1852 3576 εὗρε,

287 3584 571 3656 παρέδωκε
607 3603 622 3618 ο
657 3586 742 3639 ἵνα
775 3587 850 3658 μὴ
880 3589 1160 3651 παντελῶς
1191 3592 1542 3666 ἀποστερήσῃ
1575 3597 1732 3665 ἡμᾶς
1759 3598 1856 3667 τῆς

285 3677 622 3748 τηλικαύτης
657 3681 932 3752 σωτηρίας
954 3722 967 3746 ,
1004 3677 1073 3755 ἧς
1102 3686 1250 3753 ἡμᾶς
1295 3688 1590 3758 ἐχαρίσατο
1624 3690 1728 3753 ἕως
1759 3690 1854 3744 τοῦ

287 3769 510 3833 αἰῶνος,
538 3771 598 3823 τὸ
631 3773 896 3839 πανάγιον
923 3774 1019 3826 καὶ
1049 3773 1164 3845 (25)
1197 3775 1462 3840 ζωοποιδν
1502 3779 1666 3832 αὐτοῦ
1697 3781 1857 3850 σῶμα

285 3860 605 3933 καταξιώσῃ
636 3864 785 3933 ἡμᾶς
817 3863 1045 3929 ἐσθίειν,
1075 3867 1167 3919 καὶ
1190 3866 1259 3920 δι’
1283 3868 1450 3922 αὐτοῦ
1473 3869 1855 3934 ζωοποιεῖσθαι

285 3955 458 4024 ἡμᾶς,
491 3955 588 4007 καὶ
621 3955 1026 4024 συγκοινωνοὺς
1062 3958 1232 4012 αὑτοῦ
1265 3961 1546 4027 γενέσθαι,
1580 3962 1696 4016 ἀλλ’
1737 3965 1858 4019 οὐδὲ

286 4044 528 4115 ἔπρεπεν
551 4047 716 4099 αὐτὸν
743 4047 865 4101 τότε
896 4049 1060 4118 ἄρτον
1081 4050 1284 4105 τέλειον
1309 4053 1403 4106 ἐπὶ
1435 4055 1626 4124 χεῖρας
1650 4055 1856 4122 λαθεῖν,

284 4136 374 4190 διὰ
407 4138 468 4190 τὺ
505 4132 648 4193 εἶναι
693 4137 793 4202 τὰς
843 4139 1060 4210 ἡμέρας
1091 4140 1304 4206 ἐκείνας
1329 4143 1439 4196 τῶν
1471 4145 1724 4216 ἀζύμων,
1770 4147 1857 4201 ἴνα

289 4228 367 4299 μὴ
418 4228 697 4298 πρόφασιν
727 4229 802 4298 δῷ
837 4231 951 4294 τοῖς
993 4229 1272 4296 Ἰουδαίοις
1310 4239 1643 4306 κατηγορεῖν
1687 4237 1856 4292 αὑτοῦ

287 4314 360 4378 ὡς
393 4315 669 4378 ἀντιθέου,
697 4317 790 4371 καὶ
813 4319 904 4371 τὸν
939 4317 1102 4389 νόμον
1133 4318 1518 4385 καταλύοντος.
1545 4323 1780 4388 Τούτους
1801 4325 1857 4378 δὲ

285 4408 415 4471 τοὺς
443 4410 849 4478 χριστομάχους
882 4409 966 4474 τίς
1000 4412 1028 4464 6
1063 4413 1498 4480 καταναγκάζων
1549 4416 1855 4482 Ἰουδαϊκῶς

288 4498 624 4569 προσφέρειν
651 4499 884 4570 ἄζυμον,
936 4503 1032 4555 καὶ
1078 4503 1140 4554 ού
1197 4503 1402 4558 τέλειον
1457 4506 1642 4575 ἄρτον,
1693 4509 1853 4580 εἰπερ

285 4591 494 4642 τέλειον
518 4591 809 4660 ἄνθρωπον
843 4593 1007 4647 αὑτὸν
1047 4594 1401 4665 κηρύττουσι,
1441 4598 1533 4653 τὸν
1568 4616 1853 4671 σεσαρκω-

289 4683 454 4751 μένον
490 4681 622 4734 Θεόν
647 4699 662 4746 ς
692 4684 916 4747 Πάντως
943 4685 1053 4754 γὰρ
1081 4683 1268 4756 ὥσπερ
1303 4686 1624 4760 κωλυόμεθα
1657 4706 1854 4761 συννη-

287 4774 515 4827 στεῑσαι
541 4778 653 4838 τοῖς
696 4775 996 4839 Ἰουδαίοις,
1033 4778 1127 4828 καὶ
1171 4778 1232 4830 τὸ
1279 4778 1468 4849 Πάσχα
1508 4779 1628 4848 μετ’
1674 4782 1854 4836 αὐτῶν

286 4865 592 4936 ἑορτάζειν,
639 4868 736 4920 καὶ
784 4869 1250 4938 περιτέμνεσθαι,
1308 4871 1403 4923 καὶ
1457 4871 1516 4924 τὸ
1577 4872 1853 4928 Σάϐϐατον

282 4959 501 5026 ἀργεῖν,
527 4958 620 5010 καὶ
642 4958 864 5027 χοιρίων
887 4959 1064 5031 κρεῶν
1095 4959 1395 5029 ἀπέχεσθαι
1420 4975 1433 4989 ·
1461 4960 1602 5014 οὕτω
1653 4965 1858 5019 κωλυό-

288 5050 436 5121 μεθα
465 5051 562 5104 καὶ
585 5051 644 5103 τὸ
668 5051 878 5122 ἄζυμον
911 5051 1251 5122 προσφέρειν
1275 5051 1355 5116 εἰς
1388 5051 1601 5107 θυσίαν.

358 5143 433 5198 1".
471 5143 679 5205 ’Δλλως
709 5159 768 5195 τε
803 5143 858 5196 δὲ
893 5143 999 5214 πρὸ
1030 5142 1128 5212 τῆς
1161 5143 1356 5214 ἑορτῆς
1401 5143 1494 5198 τοῦ
1528 5145 1718 5217 Πάσχα
1763 5147 1858 5201 καὶ

283 5234 397 5290 τῶν
431 5235 484 5288 Ἀ
495 5234 555 5299 ξύ
565 5251 680 5304 μων
705 5234 927 5304 γέγονεν
944 5235 971 5287 ὁ
986 5236 1220 5299 δεῖπνος,
1251 5235 1342 5289 καί
1359 5236 1522 5307 ἄρτον
1544 5237 1860 5307 ἐδείπνησεν

285 5329 315 5381 6
345 5327 578 5396 Χριστὸς
611 5326 749 5396 μετά
774 5326 880 5379 τῶν
910 5325 1184 5396 μαθητῶν,
1215 5325 1397 5388 καθώς
1428 5342 1590 5396 φησιν
1614 5325 1642 5377 6
1671 5325 1860 5378 Θεολύ-

286 5437 385 5488 γος
415 5420 664 5490 Ἰωάννης
685 5436 698 5450 ·
729 5419 822 5473 καὶ
851 5422 878 5473 ὁ
907 5418 1104 5480 Ἰούδας
1141 5417 1350 5490 [μετὰ]
1383 5417 1515 5488 (26)
1541 5417 1640 5487 τὴν
1667 5417 1861 5488 προδο-

289 5511 414 5567 σίαν
447 5513 584 5582 μετά
611 5509 705 5564 τοῦ
736 5511 899 5582 ἄρτου
930 5511 1172 5582 ἐποίησε.
1202 5511 1279 5581 Τῇ
1312 5509 1421 5582 γὰρ
1455 5517 1524 5580 ιγ’
1549 5510 1728 5582 ἡμέρᾳ
1758 5509 1860 5581 τῆς

375 5650 474 5722 24)
504 5650 644 5722 ἓθεθ
671 5652 830 5722 μετά.

382 5719 474 5790 ‘25)
507 5719 790 5776 For-texat
818 5722 899 5775 1:6.

361 5785 472 5863 (26)
507 5789 664 5848 Forte
696 5792 833 5862 μετὰ
863 5792 1030 5864 ἄρτου
1064 5785 1316 5856 ἐξελθών.

1960 3232 2088 3285 Iutis
2121 3229 2438 3300 mysterium
2471 3227 2539 3282 ab
2565 3241 2630 3280 eo
2660 3241 2762 3278 non
2797 3224 3050 3277 traditum
3102 3218 3523 3286 relinqueretur,

1957 3339 2021 3377 eo
2045 3321 2186 3390 quod
2214 3322 2400 3375 eadem
2436 3319 2567 3373 hora
2598 3316 2800 3371 Judaeis
2830 3312 3125 3368 tradendus
3165 3318 3330 3373 esset,
3391 3321 3527 3375 qua-

1957 3411 2061 3467 lem
2095 3425 2286 3480 panem
2313 3424 2408 3479 pro
2443 3418 2682 3475 tempore
2713 3404 2936 3468 invenit,
2968 3402 3126 3454 talem
3167 3398 3429 3451 tradidit:
3467 3404 3524 3448 ut

1959 3517 2026 3557 ne
2047 3500 2268 3556 omnino
2298 3507 2441 3552 tanta
2473 3511 2572 3551 nos
2599 3495 2772 3550 salute
2801 3494 3060 3562 privaret,
3093 3505 3253 3561 qnam
3278 3487 3428 3542 nobis
3459 3485 3524 3538 ad

1960 3605 2132 3661 usque
2159 3589 2339 3644 seculi
2372 3587 2530 3641 ﬁnem
2557 3584 2782 3654 largitus
2811 3590 2918 3647 est,
2949 3595 3011 3634 ac
3037 3580 3343 3650 dignatione
3396 3591 3526 3630 san-

1959 3682 2263 3740 ctissimum
2291 3693 2452 3735 suum
2501 3692 2696 3747 corpus
2745 3673 3178 3730 manducandum
3239 3669 3525 3740 praeberet,

1958 3792 2022 3833 ac
2047 3791 2142 3848 per
2163 3774 2291 3830 illud
2322 3771 2646 3836 viviﬁcaret,
2676 3769 2868 3838 suique
2905 3765 3322 3836 comparticipes
3379 3762 3524 3815 lace-

1959 3879 2063 3924 ret.
2092 3869 2160 3921 At
2192 3879 2368 3935 neque
2390 3864 2634 3926 decebat,
2669 3871 2727 3914 ut
2789 3859 2840 3913 id
2895 3856 3154 3924 temporis
3211 3853 3510 3922 perfectum

1958 3974 2148 4032 panem
2181 3959 2234 4013 in
2261 3971 2450 4012 manus
2478 3953 2766 4020 acciperet,
2793 3965 2859 4006 eo
2901 3948 3044 4018 quod
3097 3947 3212 4000 dies
3259 3943 3333 3996 illi
3398 3956 3525 4011 azy-

1960 4067 2170 4108 morum
2201 4057 2381 4105 essent
2415 4055 2473 4102 ut
2502 4061 2567 4100 ne
2595 4041 2801 4098 ludatis
2831 4054 3016 4094 ansam
3049 4039 3313 4108 praeberet
3360 4047 3523 4086 accu-

1961 4141 2116 4198 sandi
2170 4139 2314 4194 velut
2357 4126 2604 4205 impium.
2664 4147 2728 4187 ac
2793 4130 3090 4185 solventem
3146 4127 3366 4195 legem:
3419 4122 3521 4175 hos

1961 4244 2143 4290 autem
2166 4229 2370 4287 Christi
2409 4230 2595 4282 hostes
2622 4225 2875 4296 quisnam
2905 4220 3069 4290 cogit,
3103 4226 3162 4272 ut
3214 4216 3521 4300 Judaeorum

1961 4341 2111 4384 more
2138 4337 2384 4395 azymum
2415 4318 2668 4380 oﬂ‘erant,
2700 4322 2756 4369 et
2798 4328 2904 4369 non
2961 4309 3258 4382 perfectum
3303 4317 3522 4374 panem,

1963 4416 2227 4486 siquidem
2277 4409 2573 4481 perfectum
2635 4404 2910 4460 hominem
2964 4400 3130 4455 Deum
3180 4396 3522 4450 incarnatum

1963 4507 2299 4582 praedicant?
2358 4503 2525 4558 Plane
2579 4501 2722 4556 enim
2780 4497 2861 4552 uti
2913 4503 3162 4549 vetamur
3224 4506 3327 4543 una
3401 4501 3522 4540 cum

1961 4597 2451 4669 Judmisjejunare,
2485 4609 2547 4649 ac
2573 4608 2694 4649 cum
2743 4591 2822 4646 eis
2866 4587 3142 4643 celebrare
3193 4583 3423 4642 Pascha,
3473 4588 3528 4633 et

1962 4689 2300 4753 circumcidi,
2330 4704 2393 4741 ac
2427 4686 2669 4742 Sahbato
2699 4696 2915 4742 vacare,
2944 4689 3104 4745 atque
3129 4691 3157 4727 a
3177 4674 3351 4726 suillis
3405 4685 3523 4723 car-

1964 4787 2122 4842 nibus
2146 4783 2420 4838 abstinere
2451 4800 2464 4833 :
2492 4783 2566 4834 ita
2599 4781 2758 4836 etiam
2788 4774 3134 4847 prohibemur
3161 4777 3406 4833 azymttm
3463 4761 3517 4814 in

1963 4876 2234 4937 sacriﬁcio
2255 4875 2469 4931 offerre.

2041 5141 2132 5196 111.
2173 5139 2390 5208 Alioqui
2435 5145 2613 5190 autem
2646 5132 2758 5201 (27)
2791 5139 3009 5201 peracta
3043 5128 3144 5182 fuit
3197 5141 3353 5181 creua
3405 5132 3529 5178 ante

1972 5236 2168 5290 festum
2204 5231 2428 5286 Pasehze
2479 5245 2540 5282 ac
2575 5227 2924 5296 Azymorum,
2962 5224 3123 5291 inque
3165 5235 3227 5275 ea
3278 5217 3526 5273 Christus

1970 5343 2090 5380 cum
2151 5322 2428 5391 discipulis
2483 5334 2674 5389 panem
2726 5317 2981 5380 comedit,
3029 5313 3107 5368 uti
3157 5311 3390 5366 Joannes
3437 5307 3526 5360 ille

1968 5417 2275 5485 Theologus
2305 5412 2456 5466 dicit.
2499 5410 2667 5466 Judas
2701 5408 2811 5479 (28)
2866 5423 3080 5477 quoque
3113 5405 3354 5475 (accepto
3386 5415 3523 5470 pane

1964 5504 2238 5580 egressus)
2301 5503 2458 5572 panis
2504 5497 2835 5556 adminicqu
2885 5496 3139 5566 prodidit.
3180 5492 3313 5546 Nam
3365 5491 3525 5544 tertia

2035 5643 2145 5716 (27)
2174 5643 2250 5716 lt_a
2289 5642 2400 5716 fere
2431 5639 2799 5716 Graeci,__quos
2832 5649 3016 5692 recens
3054 5639 3271 5688 secutus
3311 5638 3393 5688 est
3421 5628 3520 5684 Pe-

1964 5710 2155 5778 tavius,
2191 5711 2405 5768 Ration.
2439 5721 2594 5778 temp.
2628 5710 2720 5764 lib.
2751 5723 2820 5761 Vl.

2033 5770 2154 5855 (‘28)
2177 5783 2377 5840 Confer
2411 5770 2656 5853 Theoph.
2698 5779 2751 5834 in
2784 5792 2831 5833 c.
2873 5789 2996 5830 nrt
3028 5770 3217 5829 Matth.
