3968 6220
430 271 570 340 1179

1493 275 1747 336 lSAACI
1786 273 2160 334 ARMENME
2198 275 2606 336 CATHOLICI

3543 272 3694 336 1180

427 390 636 445 decima
664 387 748 442 die
780 388 919 442 luna:
946 386 1047 440 I’uit
1077 385 1345 442 celebrata
1366 399 1546 450 caena,
1573 386 1625 439 id
1663 393 1769 450 est,
1798 401 1989 452 magna

2111 359 2322 456 τελήνης
2358 386 2574 453 ἐγένετο
2607 387 2633 437 ὁ
2664 385 2902 450 δεῖπνος,
2939 386 3108 456 ἦγουν
3139 388 3203 456 τῇ
3243 384 3454 456 μεγάλῃ
3496 391 3560 448 ε’,
3591 384 3699 437 καὶ

429 482 615 553 quinta
651 479 806 546 feria,
844 481 1033 550 sicque
1069 478 1168 533 fuit
1201 479 1455 532 Iermenti
1491 493 1622 532 usus
1653 497 1667 533 :
1706 479 1792 533 die
1817 489 1995 532 autem

429 585 624 643 quarta
673 573 880 626 decima
934 587 997 626 ac
1033 574 1220 641 quinta
1271 572 1480 627 decima
1538 571 1757 626 fuerunt
1790 571 1996 627 Pascha

428 681 492 719 ac
526 666 642 719 dies
694 666 1049 734 Azymorum.

499 756 590 812 ιν.
633 755 767 822 Quei
826 771 929 809 non
983 771 1175 824 magna
1230 756 1346 811 hmo
1399 756 1751 825 improbitas,
1817 765 1870 811 ul
1931 772 1995 812 ex

430 859 580 916 parte
606 849 825 912 quidem
855 863 884 901 a
917 845 1118 901 Judazis
1152 848 1418 913 resiliant,
1455 847 1507 901 in
1544 848 1666 902 aliis
1707 859 1884 902 autem
1917 847 2000 904 eis

432 939 734 992 uniantnr?
768 937 1218 1006 Haudquaquam,
1255 938 1548 1007 inquiunt:
1589 938 1682 993 sed
1719 939 1999 994 oﬁ'erimus

431 1029 484 1081 in
524 1027 792 1080 Sacriﬁcio
815 1041 1029 1097 azyma,
1055 1028 1509 1096 quemadmodum
1537 1027 1810 1087 Christus.
1834 1030 1995 1098 Ergo,

431 1118 698 1188 siquidem
751 1133 816 1172 ea
868 1118 1065 1182 solum,
1127 1133 1246 1187 qua;
1280 1134 1309 1172 a
1353 1118 1573 1173 Christo
1627 1128 1752 1173 sunt
1803 1120 1998 1174 tradita

432 1220 617 1264 tenere
652 1210 813 1264 vultis
842 1226 906 1265 ac
939 1210 1181 1278 credere,
1241 1226 1420 1279 operae
1465 1213 1695 1281 pretium
1744 1213 1998 1282 deinceps

433 1302 698 1364 habeatis,
730 1312 786 1357 ut
815 1302 1252 1357 Chrisdanorum
1309 1304 1563 1373 mysteria
1599 1307 1842 1374 negetis;
1879 1321 1999 1374 qua:

432 1393 636 1459 omnia,
673 1409 983 1463 quanquam
1021 1406 1147 1448 tunc
1191 1395 1446 1450 Christus
1496 1411 1590 1464 per
1621 1398 1858 1464 seipsum
1893 1413 1996 1451 non

432 1483 675 1547 tradidit,
715 1488 1055 1553 postmodum
1102 1495 1278 1540 tamen
1304 1502 1402 1556 per
1447 1488 1718 1556 apostolos
1760 1504 1890 1543 suos
1937 1503 2001 1543 ac

434 1585 654 1628 sanctos
683 1575 894 1638 Patres.
921 1579 1042 1646 eius
1078 1580 1261 1647 utique
1297 1578 1508 1634 adlatos
1550 1579 1753 1649 Spiritu
1786 1589 1997 1648 sancto,

433 1665 722 1728 ordinavit.
748 1683 867 1737 quae
911 1670 1128 1736 quidem
1151 1669 1401 1737 quisquis
1423 1684 1527 1724 non
1557 1671 1766 1740 recipit,
1799 1671 1994 1725 nedum

436 1758 656 1811 minime
682 1757 1029 1814 Christianus
1056 1772 1160 1825 est,
1184 1777 1376 1816 verum
1411 1761 1575 1816 etiam
1612 1763 1758 1816 omni
1796 1763 1998 1819 inﬁdeli

436 1848 705 1903 inﬁdelior
735 1851 971 1904 exsistit.

1019 1959 1249 2015 CAPUT
1295 1961 1420 2016 VIII.

436 2044 514 2099 De
560 2047 627 2100 iis
688 2062 802 2115 qua:
860 2047 1100 2103 Christus
1155 2051 1360 2119 quidem
1412 2070 1514 2106 non
1574 2054 1837 2120 tradidit,
1913 2057 2003 2110 sed

930 2121 1154 2188 apostoli
1198 2138 1258 2174 ac
1301 2120 1509 2176 Patres.

508 2204 551 2261 Ι.
607 2207 858 2262 Christus
916 2211 1133 2279 triginta
1190 2227 1455 2267 annorum
1509 2216 1816 2283 baptizatus
1869 2227 2002 2274 est:

437 2311 570 2364 ergo
611 2315 706 2351 nec
739 2300 815 2353 illi
852 2317 1177 2371 quemquam
1241 2313 1367 2359 ante
1417 2322 1618 2360 annum
1668 2308 2000 2363 tricesimum

438 2389 862 2458 baptizaverint.
912 2393 1162 2450 Christus
1198 2396 1467 2467 baptismo
1519 2401 1798 2466 intinctus,
1833 2403 2006 2460 haud-

437 2494 709 2547 quaquam
749 2492 943 2538 unctus
963 2493 1044 2538 est
1074 2498 1370 2556 unguento,
1391 2499 1480 2543 aut
1496 2490 1616 2545 oleo
1635 2493 2002 2566 sanctiﬁcata;

439 2581 537 2620 nec
572 2584 700 2638 ergo
731 2570 804 2624 illi
835 2584 1110 2640 unguento
1142 2587 1532 2646 perungantur,
1559 2591 1652 2634 aut
1674 2597 1831 2638 sacro
1861 2587 2024 2656 olet...

438 2658 689 2714 Christus
722 2678 826 2716 non
870 2663 970 2717 fuit
1026 2666 1329 2742 baptizatus
1384 2671 1436 2724 in
1489 2672 1735 2740 piscina,
1802 2676 1896 2732 sed
1945 2678 2002 2733 in

440 2750 638 2818 ﬂuvio;
672 2770 769 2809 nec
801 2772 928 2826 ergo
965 2757 1040 2812 illi
1076 2761 1127 2812 in
1157 2761 1360 2829 piscina
1398 2763 1815 2831 baptizaverint.
1841 2771 2004 2826 Chri-

446 2855 563 2898 stus
604 2846 930 2914 baptismum
966 2864 1322 2920 suscepturus
1364 2871 1469 2910 non
1502 2859 1754 2916 recitavit
1783 2867 2006 2934 symbo-

438 2933 546 2987 lum
593 2937 712 2991 ﬁdei
761 2947 1127 2996 trecentorum
1179 2944 1366 2999 decem
1431 2958 1485 3003 et
1523 2961 1646 3004 oeto
1691 2933 2003 3010 sanctorum

434 3021 656 3080 Patrum
693 3043 709 3092 ;
748 3045 848 3085 nec
879 3032 1064 3102 itaque
1109 3033 1179 3086 illi
1211 3037 1587 3102 proﬁteantur.
1605 3039 1855 3100 Christus
1884 3061 2002 3102 cum

438 3115 802 3184 baptizandus
833 3130 997 3183 esset,
1042 3138 1146 3175 nun
1182 3133 1266 3177 est
1299 3139 1594 3182 conversus
1629 3131 1694 3184 ad
1737 3130 2004 3189 Occiden-

444 3216 576 3270 tem,
614 3223 711 3262 nec
737 3225 802 3265 eo
832 3213 940 3265 situ
972 3215 1373 3270 abrenuntiavit
1415 3219 1651 3288 diabolo,
1677 3237 1738 3278 ac
1770 3240 1891 3278 eum
1924 3227 2007 3281 in-

437 3298 702 3367 snmavit;
759 3317 932 3371 neque
990 3305 1192 3359 iterum
1254 3309 1319 3361 ad
1357 3307 1631 3366 Orientem
1691 3329 2004 3383 conversus,

439 3389 620 3446 foedus
655 3409 776 3446 cum
806 3393 914 3446 Deo
937 3397 1159 3467 pepigit,
1186 3400 1385 3468 quippe
1411 3402 1504 3470 qui
1536 3403 1649 3472 ipse
1679 3406 1819 3461 Deus
1851 3422 2008 3464 verus

437 3491 621 3536 esset:
652 3498 780 3551 ergo
813 3500 911 3538 nec
952 3486 1054 3554 ipsi
1107 3503 1216 3542 rem
1252 3488 1541 3557 ejusmodi,
1578 3495 1644 3549 iis
1674 3498 1764 3564 qui
1800 3498 1868 3552 ab
1898 3500 2005 3556 illis

441 3575 806 3641 haptizantur,
850 3575 1078 3632 faciant.
1105 3580 1356 3636 Christus
1383 3595 1666 3656 postquam
1700 3590 2008 3660 baptizatus

441 3663 580 3726 fuit,
626 3679 966 3735 nequaquam
1026 3683 1183 3723 suum
1242 3686 1443 3740 corpus
1508 3678 1778 3746 sumpsit;
1834 3697 2008 3750 neque

440 3770 569 3823 ergo
592 3755 662 3808 illi
697 3770 936 3812 sumant.
970 3759 1242 3826 Christus,
1267 3778 1295 3816 a
1331 3766 1616 3834 baptismo,
1649 3772 2008 3842 quadraginta

442 3849 705 3904 duntaxat
737 3853 854 3908 dies
877 3853 1164 3923 jejunavit,
1199 3859 1541 3930 obtinuitque
1571 3861 1658 3915 illa
1695 3866 1917 3921 traditio
1940 3870 2031 3923 ad

442 3955 612 4010 usque
650 3958 852 3997 annum
905 3948 1260 4002 centesimum
1293 3951 1648 4020 vicesimum;
1688 3971 1785 4010 nos
1827 3966 2007 4015 tamen

441 4033 831 4102 quinquaginta
867 4033 984 4090 dies
1037 4035 1256 4092 Pascha
1309 4040 1587 4109 proximos
1607 4043 1933 4112 jejunamus.

510 4121 576 4176 lI.
617 4123 867 4180 Christus
899 4127 1156 4181 sacriﬁcii
1209 4130 1368 4198 panis
1402 4135 1720 4202 mysterium
1750 4152 1855 4191 non
1898 4147 2000 4192 tra-

441 4214 576 4268 didit
627 4216 679 4270 in
713 4217 967 4284 ecclesia,
1013 4220 1107 4275 sed
1159 4222 1210 4275 in
1260 4224 1538 4278 communi
1591 4227 1776 4292 domo,
1833 4245 1896 4285 ac
1950 4231 2004 4285 in

445 4322 624 4360 tuensa
661 4311 934 4364 communi
979 4313 1216 4378 sedens;
1249 4328 1377 4384 ergo
1434 4331 1533 4370 nec
1585 4317 1658 4369 illi
1709 4320 1864 4386 panis
1909 4322 2006 4376 hoc

2099 474 2238 528 οὕτω
2269 477 2488 543 γέγονεν
2516 477 2548 545 ἠ
2584 475 2738 543 ἄρσις
2769 478 2867 545 τῆς
2897 475 3108 546 ζύμης’
3141 478 3233 531 καὶ
3259 480 3322 548 τῇ
3367 477 3427 530 ιδ’
3468 478 3570 530 καὶ
3627 482 3697 528 ιε’

2098 565 2344 634 ἐγένοντο
2370 566 2430 620 τὸ
2461 567 2648 638 Πάσχα
2676 568 2773 620 καὶ
2799 568 2866 620 τὰ
2894 566 3135 640 Ἀξυμα.

2169 746 2243 801 Δ’.
2283 747 2410 811 Πῶς
2435 747 2618 801 οὐκέτι
2650 748 2986 818 παρανομία,
3015 749 3070 801 ἐν
3099 747 3257 817 μέρει
3286 747 3387 817 μὲν
3412 746 3476 811 ἐξ
3505 747 3699 799 αὐτῶν

2098 841 2456 910 ἀποφεύγειν,
2494 843 2551 893 ὲν
2602 841 2782 904 ἄλλοις
2813 841 2869 895 δὲ
2904 839 3174 908 ἑνωθῆναι
3203 842 3311 903 τοῖς
3349 839 3688 904 Ἰουδαίοιςς

2100 934 2256 1003 Οὐχὶ,
2275 934 2456 1004 φασίν·
2483 934 2667 1002 ἄζυμα
2681 934 2738 987 δὲ
2764 934 3146 1003 προσφέρομεν
3168 933 3247 995 είς
3271 932 3466 984 Θυσίαν
3488 931 3692 1000 ὥσπερ

2097 1024 2125 1076 ὁ
2150 1023 2402 1092 Χριστός.
2428 1023 2661 1085 Οὐκοῦν,
2688 1025 2737 1076 εί
2758 1025 2828 1076 τὰ
2852 1021 3257 1092 παραδιδόμενα
3281 1021 3388 1074 ὑπὸ
3413 1019 3692 1090 Χριστοῦ,

2098 1115 2270 1168 ταῦτα
2304 1114 2442 1184 μόνα
2468 1117 2686 1186 κρατεῖν
2720 1116 2813 1168 καὶ
2843 1113 3119 1169 πιστεύειν
3153 1112 3410 1184 βούλεσθε
3430 1154 3446 1176 ,
3482 1113 3697 1183 πρέπει

2099 1206 2284 1259 λοιπὸν
2307 1207 2454 1276 ἡμᾶς
2480 1207 2758 1276 ἀρνεῖσθαι
2783 1206 2848 1259 τὰ
2872 1206 2981 1258 τῶν
3004 1205 3348 1275 Χριστιανῶν
3378 1205 3690 1273 μυστήρια,

2101 1300 2244 1368 ἅπερ
2273 1299 2486 1353 ἅπαντα
2515 1301 2565 1352 εί
2597 1300 2688 1352 καὶ
2717 1302 2744 1353 ό
2772 1300 3004 1371 Χριστὸς
3030 1299 3152 1352 τότε
3183 1297 3279 1368 μὲν
3305 1297 3599 1350 δι’ἑαυτοῦ
3629 1299 3690 1350 οὗ

2101 1390 2415 1461 παρέδωκεν
2444 1431 2458 1455 ,
2495 1390 2610 1444 ἀλλ’
2637 1391 2862 1461 ὕστερον
2897 1391 2984 1444 διὰ
3018 1390 3127 1442 τῶν
3161 1389 3324 1441 αὑτοῦ
3363 1390 3693 1442 ἀποστόλων

2100 1481 2191 1533 καὶ
2223 1480 2330 1532 τῶν
2365 1480 2532 1550 ἁγίων
2565 1481 2841 1549 Πατέρων,
2875 1481 2963 1533 διὰ
2991 1478 3084 1533 τοῦ
3119 1480 3274 1548 ἁγίου
3310 1479 3482 1533 αὑτοῦ
3523 1480 3698 1532 Ilva-3-

2104 1589 2274 1644 ματος
2307 1566 2525 1633 πάντως
2558 1573 2839 1639 διετάξατο
2860 1588 2872 1602 ·
2911 1573 3054 1644 ἅπερ
3087 1573 3114 1624 ὁ
3151 1573 3226 1644 μὴ
3261 1572 3596 1642 δεχόμενος,
3636 1573 3697 1624 οὐ

2105 1661 2263 1730 μόνον
2296 1663 2618 1734 Χριστιανὸς
2652 1664 2753 1716 οὐκ
2786 1663 2962 1730 ἔστιν,
3000 1664 3136 1718 ἀλλὰ
3170 1664 3266 1716 καὶ
3297 1663 3531 1716 πάντων
3566 1664 3697 1716 ἀπε-

2105 1772 2243 1808 στων
2272 1756 2649 1828 ἀπιστότερος.

2630 1953 3024 2008 ΚΕΦΔΛΑΙΟΝ
3062 1955 3144 2008 H’.

2105 2047 2241 2115 Περὶ
2285 2039 2373 2099 ὧν
2413 2047 2446 2099 ὁ
2487 2046 2741 2113 Χριστὸς
2779 2045 2897 2114 μὲν
2934 2048 3006 2101 οὐ
3049 2047 3425 2114 παρέδωκεν,
3471 2049 3693 2103 ἀλ.ϊοί

2458 2116 2791 2169 ἀπόστολοι
2828 2115 2926 2168 καί
2960 2120 3015 2170 οι
3047 2117 3329 2185 Πατέρες.

2172 2211 2250 2260 A'.
2299 2206 2357 2261 '0
2388 2207 2622 2277 Χριστὸς
2651 2208 3080 2276 τριακονταετὴς
3115 2208 3425 2280 ἐϐαπτίσθη
3446 2226 3461 2238 ·
3494 2210 3697 2264 οὐκοῦν

2105 2299 2257 2353 αὐτοὶ
2299 2299 2402 2363 ἕως
2443 2299 2739 2368 τριάκοντα
2781 2298 2919 2351 ἑτῶν
2966 2299 3172 2370 μηδένα
3214 2300 3592 2369 βαπτίσωσιν.
3637 2303 3696 2356 '0

2104 2391 2340 2462 Χριστὸς
2372 2388 2695 2459 βαπτισθεὶς
2729 2388 2902 2459 μύρον
2945 2389 3046 2442 οὐκ
3075 2390 3320 2460 ὲχρίσθη,
3353 2389 3484 2443 οὗτε
3538 2394 3700 2462 irru-

2106 2487 2302 2552 σμένον
2333 2483 2540 2536 ἔλαιον·
2578 2482 2773 2535 οὐκοῦν
2810 2482 2932 2553 μηδ’
2957 2482 3396 2553 αύτοῖχρισθῶσι
3435 2484 3625 2554 μύρῳ,
3663 2484 3694 2553 ἢ

2107 2577 2246 2648 ἁγίῳ
2280 2576 2462 2647 ἐλαίῳ.
2491 2577 2551 2629 '0
2585 2575 2821 2648 Χριστὸς
2851 2577 2908 2629 ἐν
2936 2575 3295 2647 κολυμϐήθρα
3326 2576 3434 2629 οὐκ
3470 2577 3702 2630 ἐϐαπτέ-

2107 2668 2244 2738 σθη,
2298 2667 2413 2722 ἁλλ’
2444 2670 2502 2721 ὲν
2551 2668 2781 2739 ποταμῷ
2811 2683 2826 2698 °
2876 2667 2999 2739 μηδ’
3028 2667 3180 2722 αὐτοὶ
3222 2669 3281 2720 ἐν
3322 2668 3702 2740 κολυμϐήθρᾳ⁵

2109 2760 2462 2832 βαπτίσωσιν.
2501 2760 2560 2814 Ὀ
2607 2759 2839 2832 Χριστὸς
2882 2761 2943 2812 τὸ
2993 2758 3263 2830 σύμϐολον
3304 2761 3410 2830 τῆς
3457 2762 3707 2825 πίστεως

2106 2853 2213 2906 τῶν
2251 2851 2356 2925 τιη’
2403 2853 2573 2922 ἁγίων
2626 2852 2885 2922 Πατέρων
2935 2851 3035 2905 οὐκ
3074 2845 3195 2904 εἷπε
3238 2852 3452 2921 μέλλων
3497 2853 3707 2922 βαπτι-

2109 2945 2302 3014 σθῆναι
2324 2961 2339 2976 '
2381 2944 2502 3014 μηδ’
2535 2944 2689 2997 αὐτοὶ
2723 2942 3151 3013 ὁμολογήσωσιν.
3189 2944 3248 2995 Ὀ
3281 2944 3526 3014 Χριστὸς
3568 2944 3706 3012 μιλι-

2031 3067 2076 3128 C
2107 3037 2214 3093 λων
2255 3038 2615 3110 βαπτισθῆναι
2656 3039 2791 3104 πρὸς
2832 3036 3041 3106 δυσμὰς
3083 3039 3184 3090 οὐκ
3224 3039 3570 3109 ἀπεστράφη
3609 3042 3706 3093 καὶ

2107 3128 2417 3195 ἀπετάξατο
2451 3129 2530 3198 τῷ
2573 3127 2808 3198 διαϐόλῳ
2831 3167 2845 3192 ,
2888 3127 2984 3180 καὶ
3027 3127 3290 3197 ἐνέφυσεν
3329 3128 3502 3180 αὐτόν
3533 3129 3704 3183 ὀὔτε

2106 3220 2270 3272 πάλιν
2311 3219 2448 3290 πρὸς
2491 3220 2757 3281 ἀνατολὰς
2799 3220 3048 3290 ἐστράφη
3096 3218 3192 3272 καὶ
3238 3220 3587 3286 συνετάξατο
3626 3221 3706 3291 τῷ

2106 3311 2259 3380 Θεῷο
2298 3311 2462 3374 αὐτὸς
2498 3309 2607 3381 γὰρ
2642 3305 2709 3381 ἦν
2744 3313 2771 3363 ὁ
2813 3309 3068 3380 ἀληθινὸς
3110 3308 3277 3372 Θεός’
3321 3309 3535 3365 οὐκοῦν
3578 3313 3705 3382 μηδ’

2107 3402 2261 3455 αὐτοὶ
2289 3403 2455 3456 ταὺτὸ
2484 3403 2611 3465 τοὺς
2644 3401 2734 3454 ὑπ’
2757 3401 2936 3454 αὐτῶν
2970 3400 3413 3471 βαπτιζομένους
3449 3406 3699 3471 ποιήσω-

2110 3510 2213 3547 σιν.
2254 3495 2311 3548 Ὀ
2346 3495 2580 3564 Χριστὸς
2612 3493 2935 3564 βαπτισθεὶς
2970 3493 3065 3545 τοῦ
3102 3493 3300 3547 ἑαυτοῦ
3338 3493 3608 3565 σώματος
3641 3497 3698 3548 οὗ

2109 3583 2393 3654 μετέλαϐε,
2429 3584 2552 3654 μηδ’
2576 3585 2725 3637 αὐτοὶ
2757 3582 3161 3654 μεταλάϐωσιν.
3189 3583 3250 3636 '0
3282 3585 3536 3655 Χριστὸς
3570 3588 3703 3647 μετᾶ

2106 3675 2200 3729 τοῦ
2249 3676 2612 3746 βαπτισθῆναι
2651 3677 2978 3747 ἐνήστευσεν
3019 3675 3231 3746 ἡμέρας
3274 3681 3702 3746 τεσσαράκοντ’]⁵

2108 3767 2204 3820 καὶ
2232 3768 2409 3838 μόνον,
2437 3769 2530 3821 καὶ
2559 3768 2749 3838 μέχρις
2789 3764 2872 3840 ρκ’
2907 3767 3105 3837 ὲτῶνή
3133 3767 3359 3838 τοιαύτη
3399 3771 3705 3839 παράδοσις

2109 3859 2453 3930 κεκράτηκεν
2471 3872 2485 3888 ·
2514 3855 2806 3928 emanat;
2831 3855 2998 3925 ἐγγὺς
3022 3853 3129 3908 τοῦν
3148 3855 3359 3924 Πάσχα,
3390 3856 3618 3927 ἡμέρας
3642 3855 3707 3911 ν’.

2187 4127 2247 4180 '0
2278 4125 2513 4196 Χριστὸς
2541 4126 2602 4178 τὸ
2635 4125 2934 4196 μυστήριον
2959 4126 3059 4194 τῆς
3091 4125 3284 4188 θυσίας
3313 4122 3410 4177 τοῦ
3441 4125 3619 4194 ἄρτου
3650 4125 3707 4175 ὲν

2109 4217 2372 4288 ἐκκλησίᾳ
2423 4217 2484 4270 ού
2535 4216 2874 4286 παρέδωκεν,
2921 4216 3123 4270 ἁλλ’ὲν
3167 4216 3301 4286 οἴκῳ
3351 4215 3560 4282 κοινῷ,
3611 4217 3709 4270 καὶ

2108 4313 2357 4385 τραπέζᾳ
2399 4314 2554 4382 κοινῇ
2603 4311 3004 4381 καθεζόμενος’
3048 4310 3243 4364 οὐκοῦν
3289 4310 3418 4380 μηδ’
3441 4312 3604 4364 αὐτοὶ
3652 4314 3711 4364 ἐν

441 4398 599 4450 stiam
661 4400 710 4452 in
764 4401 1009 4458 ecclesiis
1077 4404 1529 4462 sacriﬁcaverint.
1578 4407 1828 4465 Christus
1887 4422 2002 4480 post

2115 4406 2430 4476 ἐκκλησίαις
2475 4404 2876 4477 ίερουργὴσωσι
2909 4403 3010 4474 τὴν
3046 4402 3238 4456 θυσίαν
3272 4403 3364 4454 τοῦ
3409 4404 3611 4472 ἄρτου.
3648 4402 3707 4456 Ὅ

441 4503 679 4552 cumam,
713 4506 776 4544 ac
811 4490 901 4544 ubi
945 4493 1198 4561 discipuli
1233 4499 1459 4552 saturati
1507 4510 1712 4567 essent,
1751 4504 1876 4568 jtum
1915 4504 2008 4559 dc-

445 4595 590 4631 ntum
638 4580 722 4634 sui
774 4583 1021 4652 corporis
1087 4589 1472 4643 communione
1526 4607 1621 4647 eos
1677 4593 2005 4662 impertivit;

440 4687 570 4741 ergo
597 4682 650 4727 et
679 4675 778 4742 ipsi
812 4676 961 4744 prius
995 4679 1282 4733 comedant
1313 4697 1506 4737 carnes
1551 4697 1614 4737 ac
1667 4695 2002 4754 saturentur,

441 4773 663 4831 tumque
725 4769 1107 4838 mysteriorum
1184 4773 1616 4829 communionem
1686 4779 2005 4848 percipiant.

439 4857 709 4921 Christus,
762 4875 1068 4930 quanquam
1106 4861 1206 4917 fuit
1256 4879 1352 4932 pro
1396 4865 1551 4922 nobis
1593 4866 1786 4923 aﬁixus
1833 4870 2006 4938 cruci,

446 4949 586 5002 haud
621 4960 798 5004 tamen
847 4968 1066 5009 crucem
1119 4955 1331 5011 adorari
1379 4960 1697 5026 constituit;
1733 4975 1865 5029 ergo
1906 4978 2006 5018 nec

444 5039 550 5108 ipsi
583 5055 798 5094 crucem
855 5046 1103 5101 adorent.
1151 5047 1294 5103 Crux
1354 5049 1534 5119 lignea
1567 5062 1686 5106 erat
1721 5070 1734 5106 :
1765 5067 1896 5124 ergo
1931 5053 2006 5108 illi

445 5147 545 5186 nec
573 5147 818 5197 auream,
841 5151 938 5191 nec
963 5149 1296 5210 argenteam,
1316 5142 1639 5204 Icrreamve.
1663 5152 1754 5197 aut
1786 5157 2007 5211 aeream,

443 5224 528 5280 vel
582 5225 846 5292 lapideam
900 5245 1118 5285 crucem
1170 5235 1536 5291 adoraverint.
1588 5233 1839 5290 Christus
1901 5251 2007 5291 non

443 5317 616 5372 induit
647 5320 1110 5389 superhumerale,
1147 5339 1246 5379 nec
1299 5327 1561 5390 orarium,
1610 5341 1710 5380 nec
1762 5327 2011 5396 manipu-

443 5408 576 5475 lum,
611 5426 711 5466 nec
765 5413 1030 5479 casulam,
1067 5432 1243 5486 neque
1293 5419 1545 5488 penulam
1571 5435 1586 5472 :
1613 5433 1742 5489 ergo
1781 5433 1879 5473 nec
1911 5419 2010 5490 ipsi

443 5514 506 5554 ea
540 5503 788 5563 induant.
833 5505 1085 5565 Christus
1137 5509 1312 5568 Missae
1363 5527 1575 5582 preces,
1635 5527 1699 5568 ac
1728 5526 2008 5568 sacrorum

522 5679 634 5749 (‘29)
663 5682 822 5739 Deest
857 5686 1187 5756 μετέδωκεν.

2112 4498 2345 4569 Χριστὸς
2393 4499 2532 4568 μετὰ
2576 4497 2636 4550 τὸ
2680 4497 2968 4567 δειπνῆσαι
3016 4496 3110 4549 καὶ
3153 4495 3531 4566 χορτασθῆναι
3579 4499 3708 4559 τοὺς

2117 4589 2366 4660 μαθητὰς
2396 4587 2583 4651 αὐτοῦ,
2613 4590 2733 4642 τότε
2759 4587 2854 4642 τοῦ
2887 4589 3015 4642 ἰδίου
3043 4589 3294 4656 σώματος
3323 4587 3436 4658 (29)
3461 4605 3474 4617 ο
3503 4588 3710 4641 οὗκοῦν

2111 4683 2204 4735 καὶ
2239 4682 2392 4734 αὐτοὶ
2425 4681 2640 4752 πρῶτον
2676 4681 3008 4750 φαγέτωσαν
3042 4682 3179 4751 κρέα
3201 4719 3215 4742 ,
3250 4681 3344 4732 καὶ
3379 4681 3705 4748 χορτασθή-

2113 4791 2328 4838 τωσαν,
2367 4774 2464 4827 καὶ
2499 4774 2620 4826 τότε
2665 4773 3080 4844 κοινωνήτωσαν
3113 4772 3221 4824 τῶν
3258 4773 3613 4842 μυστηρίων.
3651 4772 3706 4825 Ὀ

2113 4865 2375 4934 Χριστὸς,
2407 4866 2455 4917 εί
2487 4864 2580 4917 καὶ
2613 4863 2754 4934 ὑπὲρ
2786 4863 2942 4935 ἡμῶν
2973 4860 3290 4934 ἐσταυρώθη
3315 4902 3330 4926 ,
3363 4862 3707 4916 ﬁniatu-

2117 4958 2210 5030 ρδν
2253 4958 2675 5027 προσκυνεῖσθαι
2718 4960 2778 5010 οὐ
2826 4957 3145 5022 διετάξατο,
3193 4955 3269 5017 ὡς
3319 4959 3606 5026 μαρτυρεῖ
3649 4957 3704 5008 τδ

2114 5050 2445 5120 Εὑαγγέλιον
2475 5067 2488 5081 ο
2523 5049 2720 5104 οὐκοῦν
2756 5048 2878 5120 μηδ’
2907 5050 3060 5104 αὐτοὶ¹
3107 5049 3341 5118 σταυρὸν
3375 5050 3700 5118 προτκυνὴο

2111 5160 2314 5197 τωσαν.
2355 5143 2416 5197 '0
2451 5141 2682 5210 σταυρδς
2715 5141 2875 5208 ξύλου
2903 5135 2972 5210 ἦν
2992 5153 3006 5168 ο
3038 5139 3233 5193 οὐκοῦν
3266 5141 3404 5210 μήτε
3435 5141 3696 5212 χρυσοῦν,

2114 5232 2249 5304 μήτε
2276 5231 2573 5303 ἀργυροῦν,
2607 5232 2743 5302 μήτε
2772 5230 3043 5301 σιδηροῦν,
3070 5230 3105 5300 ἢ
3135 5229 3392 5300 χαλκοῦν.
3423 5232 3458 5303 ἢ
3492 5231 3693 5283 λίθινον

2113 5325 2345 5395 σταυρὸν
2359 5325 2859 5395 προσκυνείτωσαν.
2889 5323 2947 5376 '0
2974 5323 3206 5394 Χριστὸς
3233 5323 3579 5392 ὠμοφύριον,
3609 5324 3694 5376 καὶ

2113 5417 2522 5489 ἐπιτραχήλιον,
2549 5417 2644 5470 καὶ
2673 5417 2970 5488 στιχάριον,
2999 5417 3096 5471 καὶ
3121 5415 3406 5488 φελώνιον,
3440 5419 3536 5472 καὶ
3559 5437 3693 5490 μαν-

2112 5510 2254 5576 δίον,
2290 5509 2351 5562 οὐ
2389 5507 2743 5582 περιεϐάλετο
2767 5524 2781 5540 ⁸
2821 5508 2944 5580 μηδ’
2970 5508 3125 5563 αὐτοὶ
3157 5507 3332 5562 ταῦτα
3367 5507 3689 5580 περιϐαλλέ-
