3968 6220
277 332 416 397 1181

1337 339 1621 399 ORATIO
1656 339 1684 398 Ι
1723 339 2024 400 CONTRA
2065 343 2329 403 ARMEN
2341 344 2473 406 [03.

3389 347 3532 412 1182‘

273 448 512 502 σθωσαν.
544 445 604 501 '0
637 445 874 518 Χριστὸς
903 445 1002 510 τὰς
1033 445 1198 517 εὐχὰς
1226 446 1325 517 τῆς
1359 448 1728 521 λειτουργίας,
1761 450 1846 504 κα)

1958 450 2459 522 Theophaniorum,
2502 467 2567 507 ac
2595 452 2830 524 reliquas
2868 468 3076 520 omnes,
3127 460 3272 514 omni
3307 466 3524 532 negotio

269 542 381 596 τῶν
407 541 580 610 ἁγίων
607 541 952 610 Θεοφανίων,
982 543 1079 596 καὶ
1105 542 1200 606 τὰς
1230 543 1424 607 λοιπὰς
1452 544 1632 608 πάσας
1661 545 1850 614 εὐχὰς,

269 634 471 695 παντὸς
515 631 843 703 πράγματος
884 634 976 687 καὶ
1018 635 1240 705 ἁπάσης
1281 637 1432 705 ὠρας
1475 638 1575 690 οὐκ
1621 637 1848 708 είρηκε’

273 720 399 789 μηδ’
423 721 580 774 αὐτοὶ
610 721 816 784 ταύτας
849 722 1179 791 λεγέτωσαν,
1210 725 1242 796 ἢ
1283 727 1387 780 ὑπὸ
1416 726 1526 780 τῶν
1559 727 1730 796 ἁγίων
1765 729 1855 782 εὐ·-

270 809 382 881 χῶν
412 809 862 878 άγιασθήτωσαν.

355 902 414 953 Ὀ
455 902 692 972 Χριστὸς
732 904 1108 974 πατριάρχας,
1150 909 1245 962 καὶ
1289 908 1722 978 μητροπολίτας,
1757 908 1855 964 καὶ

272 992 639 1056 ἐπισκόπους,
678 993 773 1047 καὶ
818 996 1254 1068 πρεσϐυτέρους,
1290 1000 1384 1052 καὶ
1423 999 1724 1062 διακόνους,
1761 1002 1855 1054 καὶ

277 1083 562 1150 μοναχοὺς.
593 1083 696 1135 οὐκ
725 1085 1158 1155 ἐχειροτόνησεν,
1191 1089 1317 1144 οῦτε
1347 1089 1446 1153 τὰς
1476 1090 1641 1160 εὐχὰς
1672 1091 1853 1144 αὐτῶν

272 1169 485 1238 εἴρηκε.
518 1172 659 1240 Μηδ’
678 1173 832 1226 αὐτοὶ
862 1178 1403 1247 χειροτονείσθωσαν,
1432 1180 1464 1250 ἢ
1496 1181 1600 1234 ὑπὸ
1626 1180 1734 1234 τῶν
1764 1182 1854 1234 s6-

272 1260 384 1328 χῶν
419 1260 892 1332 εὑλογηθήτωσαν.
935 1267 993 1319 ’0
1037 1269 1272 1337 Χριστὸς
1314 1271 1609 1339 ἐκκλησίας
1647 1273 1852 1326 οἰκοδο-

275 1352 528 1422 μεῖσθαι,
579 1357 675 1408 καὶ
725 1356 885 1424 ἁγίας
931 1361 1216 1430 τραπέζας
1267 1368 1704 1431 κατασκευάσαι,
1760 1370 1856 1423 καὶ

275 1442 432 1514 μύρῳ
466 1445 791 1514 χρισθῆναι,
829 1448 923 1500 καὶ
962 1451 1187 1522 μυρίαις
1220 1455 1408 1524 εὐχαῖς
1439 1456 1760 1524 ἁγιάζεσθαι
1792 1459 1851 1511 οὐ

270 1533 574 1598 διετάξατο,
620 1537 742 1590 οὐδὲ
789 1541 1090 1612 πεποίηκε’
1145 1545 1271 1613 μηδ’
1293 1547 1445 1599 αὐτοὶ⁸
1489 1548 1649 1602 τοῦτο
1697 1552 1852 1620 ποιή-

273 1643 465 1689 σαντες
497 1625 636 1698 (30).
667 1629 725 1682 Ὀ
757 1631 996 1700 Χριστὸς
1019 1638 1254 1706 τετράδα
1284 1639 1379 1691 καὶ
1411 1641 1766 1710 παρασκευὴν
1789 1641 1850 1694 οὐ

271 1719 642 1786 νενήστευκε·
700 1722 822 1792 μηδ’
859 1723 1016 1777 αὐτοὶ
1067 1727 1458 1796 νηστεύσωσιν.
1512 1731 1568 1784 Ὀ
1617 1732 1854 1802 Χριστὸς

273 1810 414 1863 κατὰ
445 1812 544 1874 τὰς
573 1813 836 1878 ἀνατολάς
867 1817 1270 1888 προσεύχεσθαι
1300 1821 1361 1873 οὐ
1393 1820 1693 1888 διετάξατο,
1725 1824 1849 1892 μηδ’

271 1904 430 1956 αὐτοὶ
474 1907 612 1959 κατὰ
651 1907 751 1969 τὰς
793 1908 1065 1975 ἀνατολὰς
1108 1914 1620 1983 προσευχέσθωσαν.
1665 1916 1850 1971 Ταῦτα

272 1993 380 2061 γὰρ
416 1997 590 2049 πάντα
626 2000 722 2050 καί
757 1999 981 2055 πλείονα
1016 2003 1222 2058 τούτων
1255 2007 1603 2076 Χριστιανῶν
1640 2027 1848 2078 μυστη-

275 2087 404 2154 ρίων
433 2087 564 2140 ὄντα
585 2128 600 2153 ,
629 2090 696 2142 δι’
718 2084 794 2144 ὧν
821 2095 982 2162 ἡμεῖς
1012 2095 1355 2166 ἁγιαζόμεθα
1374 2137 1389 2160 ,
1423 2099 1518 2152 καὶ
1549 2101 1730 2152 πιστοὶ
1757 2117 1851 2168 γε-

272 2179 496 2248 νόμεθα,
527 2183 554 2234 ὁ
590 2183 824 2252 Χριστὸς
857 2185 927 2238 δι’
951 2187 1144 2240 ἑαυτοῦ
1177 2189 1238 2242 οὐ
1275 2190 1616 2260 παρέδωκεν,
1649 2192 1790 2261 ἅπερ
1821 2193 1849 2244 ὁ

274 2270 608 2339 ἀρνούμενος
633 2273 727 2326 καὶ
754 2274 964 2328 ἀθετῶν
989 2279 1083 2330 καὶ
1115 2279 1190 2347 μὴ
1219 2281 1691 2351 παραδεχόμενος,
1717 2283 1848 2354 Χρι-

275 2364 491 2426 στιανὸς
526 2364 810 2420 καλεῖσθαι
843 2368 903 2420 οὐ
931 2367 1180 2425 δύναται.
1218 2371 1356 2424 Ἀλλ’
1385 2375 1576 2444 ἡμεῖς,
1610 2373 1754 2444 άπερ
1785 2375 1849 2427 ὲκ

271 2453 378 2504 τῶν
404 2454 572 2506 αὑτοῦ
598 2457 932 2525 ἀποστόλων,
960 2461 1053 2514 καὶ
1087 2463 1372 2530 παναγίων
1396 2464 1654 2535 Πατέρων
1681 2481 1848 2536 παρε-

271 2544 530 2613 λάϐομεν,
562 2548 672 2619 (51)
707 2548 766 2612 ἐξ
794 2542 869 2603 ὧν
900 2551 1136 2624 ὑπάρχει
1161 2555 1256 2607 καὶ
1285 2557 1350 2607 ὲκ
1381 2557 1490 2627 (52)
1523 2557 1614 2609 τοῦ
1640 2557 1846 2610 τελείου

271 2636 438 2705 ἄρτου
468 2639 790 2708 παράδοσις,
820 2641 914 2695 καὶ
946 2645 978 2714 ἡ
1004 2643 1094 2697 διὰ
1117 2646 1215 2714 τῆς
1245 2646 1445 2715 λόγχης
1475 2646 1847 2716 ἀποκαθαίρε-

274 2744 380 2793 σις,
413 2731 506 2782 καὶ
538 2733 571 2799 ὴ
602 2731 710 2784 τῶν
741 2733 915 2801 ἁγίων
943 2735 1166 2789 εἰκόνων
1197 2737 1422 2807 ποίησίς
1452 2755 1510 2790 τε
1545 2738 1641 2792 καὶ
1677 2754 1847 2807 προσ-

273 2817 520 2889 κύνησις.
573 2822 648 2875 Οὐ
704 2824 812 2894 γὰρ
869 2826 1273 2896 ἐναντιούμενοι
1321 2828 1400 2899 τῷ
1450 2828 1702 2898 Χριστῷ,
1751 2829 1848 2883 καὶ

273 2913 424 2981 αὐτῷ
451 2914 766 2984 μαχόμενοι,
798 2918 892 2970 καὶ
917 2920 984 2970 τὰ
1011 2920 1218 2972 ἐκείνου
1237 2919 1584 2984 ὲλαττοῦντες
1601 2921 1694 2974 καὶ
1722 2937 1846 2989 σμι-

272 3005 596 3076 κρύνοντες,
625 3009 795 3062 ταῦτα
825 3011 1003 3064 πάντα
1031 3013 1080 3064 οἱ
1111 3012 1398 3066 ἀπόστολοι
1417 3056 1433 3078 ,
1466 3015 1559 3066 καὶ
1589 3015 1637 3066 οἱ
1671 3015 1846 3067 Πατέ-

276 3113 366 3167 ρες
419 3100 476 3150 ἐν
543 3099 840 3171 Ἐκκλησία
900 3103 1225 3172 παρέδωκαν
1263 3121 1277 3136 ·
1335 3104 1470 3158 ἀλλὰ
1527 3106 1726 3175 μᾶλλον
1776 3106 1846 3160 τὰ

273 3189 482 3242 ἐκείνου
513 3190 853 3258 αὐξάνοντες,
881 3197 976 3247 καὶ
1004 3196 1424 3264 μεγαλύνοντες,
1447 3200 1542 3252 καὶ
1567 3181 1847 3268 ὑψοῦντες,

273 3284 368 3334 καὶ
401 3283 704 3352 τιμῶντες,
740 3286 834 3338 καὶ
872 3286 1186 3351 δοξάζοντες
1229 3290 1544 3359 μυστήρια,
1578 3291 1673 3344 καὶ
1715 3292 1851 3359 πρὸς

269 3374 428 3439 δόξαν
461 3376 626 3428 αὐτοῦ
668 3377 762 3430 καὶ
807 3377 1229 3448 μεγαλωσύνην,
1268 3381 1363 3432 καὶ
1385 3381 1544 3450 ἡμῶν
1577 3383 1850 3452 σωτηρίαν

271 3470 366 3520 καὶ
410 3471 692 3538 καύχημα,
734 3469 906 3524 ταῦτα
942 3473 1327 3542 διαταξάμενοι
1370 3474 1466 3527 καὶ
1508 3476 1849 3528 κατασκευά-

272 3576 486 3621 σαντες.
519 3559 730 3613 Οὐκοῦν
759 3561 808 3614 οἳ
841 3561 936 3614 τοῦ
973 3562 1178 3616 τελείου
1214 3564 1383 3634 άρτου
1417 3565 1517 3633 τὴν
1551 3565 1848 3636 παράδοσιν

271 3650 546 3715 ἀθετοῦσι,
573 3656 666 3704 καὶ
689 3652 749 3705 οὐ
780 3653 1198 3723 παραδέχονται,
1224 3656 1318 3709 καὶ
1345 3655 1554 3725 ἄζυμον
1579 3657 1744 3725 ἄρτον
1768 3655 1848 3718 είς

270 3743 461 3795 Θυσίαν
491 3745 815 3812 προσφέρειν
845 3743 1147 3814 βούλονται,
1175 3745 1525 3816 ἀθετήτωσαν
1563 3747 1657 3800 καὶ
1681 3746 1848 3818 ἀρνή-

269 3852 453 3890 τωσαν
481 3836 658 3889 ταῦτα
697 3838 874 3890 πάντα
907 3835 1053 3907 ἅπερ
1083 3838 1419 3908 εἰρήκαμεν,
1457 3839 1614 3894 ἅτινα
1649 3842 1676 3894 ό
1709 3842 1846 3910 Χρι-

272 3926 394 3987 στὸς
426 3925 524 3994 μὲν
552 3925 618 3978 δι’
641 3925 836 3979 ἑαυτοῦ
866 3927 926 3980 οὺ
957 3928 1308 3997 παρέδωκεν,
1340 3929 1457 3984 ἀλλ’
1478 3930 1528 3982 oi
1559 3931 1847 3984 ἀπόστολοι

269 4025 364 4073 καὶ
392 4022 440 4073 oi
471 4021 615 4089 ἆγιοι
650 4022 909 4092 Πατέρες.
937 4024 1000 4076 Εί
1025 4024 1136 4093 γὰρ
1165 4025 1320 4079 αὐτοὶ
1349 4024 1450 4094 μὲν
1480 4026 1560 4088 είς
1587 4025 1685 4095 τὴν
1718 4026 1846 4078 ἑαυ-

269 4113 381 4165 τῶν
410 4113 702 4184 διατροφὴν
731 4114 928 4168 ἐσθίειν
959 4114 1166 4186 ἄζυμον
1194 4117 1255 4170 οὐ
1287 4117 1696 4185 καταδέχονται,
1727 4116 1846 4180 πῶς

268 4205 432 4258 τοῦτο
465 4206 527 4258 τὸ
569 4205 884 4275 βδελυκτὸν,
925 4207 1083 4277 σῶμα
1123 4207 1256 4262 θεοῦ
1297 4209 1707 4263 κατασκευάσαι
1745 4209 1845 4262 οὐκ

267 4297 650 4368 αἰσχύνονται;
685 4298 850 4352 Οὐδὲν
879 4299 987 4368 γὰρ
1017 4299 1202 4369 ἕτερον
1233 4301 1282 4352 oi
1313 4300 1562 4365 ἀσεϐεῖς,
1597 4300 1629 4370 ἢ
1661 4301 1723 4352 τδ
1753 4300 1844 4353 τέ-

267 4389 410 4442 λειον
437 4392 536 4460 τῆς
571 4391 808 4460 Χριστοῦ
843 4392 1307 4462 ὲνανθρωπήσεως
1339 4393 1623 4464 ἀρνεῖσθαι
1659 4391 1846 4462 βουλό-

1954 559 2019 599 ac
2047 545 2178 599 hora
2212 544 2638 614 frequentandas
2665 561 2770 601 non
2796 547 2932 602 dixit
2967 565 3135 620 :ergo
3168 566 3266 606 nec
3293 553 3395 620 ipsi
3426 571 3522 612 eas

1955 638 2160 704 dicant,
2190 655 2291 696 nec
2319 639 2728 696 sanctiﬁcentur
2753 657 2850 712 per
2873 657 3060 699 sacras
3100 660 3310 715 preces.

2027 902 2118 959 111.
2161 903 2415 960 Christus
2463 907 2837 974 patriarchas,
2887 917 2942 962 et
3001 912 3421 980 metmpolitas,
3469 921 3524 967 et

1955 994 2259 1064 episcopos,
2288 996 2760 1067 presbyterosque,
2796 1013 2859 1052 ac
2898 999 3176 1064 diaconos,
3208 1013 3371 1072 alque
3403 1020 3522 1059 mo-

1959 1089 2197 1150 nachos,
2243 1103 2348 1143 non
2394 1088 2702 1157 ordinavit;
2764 1105 2862 1146 nec
2917 1107 3139 1160 preces,
3191 1097 3388 1164 quibus
3444 1097 3520 1152 illi

1956 1179 2316 1246 ordinantur,
2369 1180 2505 1234 dixit
2542 1198 2556 1235 :
2591 1196 2722 1250 ergo
2757 1197 2856 1236 nec
2892 1181 2994 1251 ipsi
3029 1184 3385 1250 ordinentur,
3423 1201 3525 1242 nec

1958 1287 2176 1340 precum
2237 1272 2567 1327 adminiculo
2637 1274 3044 1330 henedicantur.
3107 1277 3360 1332 Christus
3413 1293 3522 1333 non

1956 1366 2257 1426 constituit,
2308 1375 2366 1419 ut
2425 1366 2676 1420 ecclesiae
2727 1367 3162 1436 aediﬁcarentur,
3220 1383 3285 1422 ac
3354 1384 3523 1425 sacrae

1958 1471 2157 1511 mensa:
2200 1465 2665 1520 construe-rentur,
2707 1467 3102 1527 unguentoque
3128 1458 3524 1526 perfunderen—

1958 1555 2078 1612 tur,
2134 1561 2200 1601 ac
2249 1547 2521 1601 sexcentis
2567 1548 2968 1614 precationibus
3015 1549 3512 1612 sanctiﬁcarentur,

1959 1653 2056 1694 nec
2089 1637 2384 1706 quidquam
2437 1636 2707 1703 ejusmodi
2756 1641 3069 1709 usurpavit;
3129 1655 3260 1711 ergo
3293 1655 3390 1694 nec
3420 1639 3521 1710 ipsi

1961 1731 2062 1784 hoc
2110 1729 2335 1782 faciant.
2363 1727 2611 1782 Christus
2663 1728 2851 1783 feriam
2907 1743 3153 1800 quartam
3207 1747 3271 1786 ac
3311 1741 3523 1786 sextam

1959 1838 2061 1877 non
2086 1821 2380 1891 jejunavit;
2417 1835 2591 1890 neque
2617 1821 2692 1875 illi
2716 1821 3104 1892 jejunaverint.
3130 1824 3383 1879 Christus
3416 1838 3522 1876 non

1958 1914 2241 1970 constituit
2263 1922 2320 1967 ut
2343 1916 2591 1968 conversi
2615 1915 2679 1966 ad
2703 1911 2981 1968 Orientem
3010 1930 3292 1969 oraremus
3311 1932 3327 1982 ;
3349 1928 3525 1982 neque

1957 2009 2055 2077 ipsi
2085 2009 2151 2062 ad
2181 2007 2460 2063 Orientem
2488 2007 2734 2060 conversi
2764 2015 2942 2061 orent.
2975 2006 3100 2062 Haec
3135 2010 3279 2061 enim
3317 2008 3522 2069 omnia,

1957 2117 2022 2156 ac
2072 2101 2154 2154 his
2201 2100 2391 2170 plura,
2451 2114 2570 2153 cum
2638 2109 2881 2168 spectent
2957 2101 3023 2154 ad
3088 2099 3523 2154 Christianarum

1959 2189 2235 2259 mysteria,
2294 2187 2494 2255 quibus
2543 2187 2642 2257 ipsi
2689 2189 3096 2242 sanctiﬁcamur
3138 2202 3202 2239 ac
3263 2186 3526 2240 eﬁicimur

1957 2281 2161 2343 ﬁdeles,
2197 2282 2612 2350 haudquaquam
2641 2279 2757 2345 ipse
2788 2295 2882 2348 per
2905 2295 2963 2333 se
2985 2277 3234 2332 Christus
3271 2277 3521 2340 tradidit;

1957 2387 2076 2440 quae
2127 2379 2307 2424 tamen
2360 2377 2416 2422 ut
2463 2368 2585 2436 quis
2630 2377 2790 2436 neget
2840 2382 2904 2422 ac
2946 2367 3188 2437 rejiciat,
3242 2374 3333 2419 aut
3393 2365 3525 2418 nolit

1959 2463 2235 2531 recipere,
2288 2459 2637 2515 Christianus
2683 2459 2944 2528 appellari
2999 2473 3105 2512 non
3168 2466 3367 2526 potest.
3415 2455 3525 2509 Nos

1955 2568 2107 2615 vero,
2133 2567 2252 2620 qua:
2284 2549 2352 2604 ab
2383 2550 2499 2619 ejus
2553 2551 2815 2620 apostolis
2865 2565 2931 2604 ac
2961 2549 3324 2605 sanctissimis
3352 2547 3524 2601 Patri—

1957 2647 2057 2701 bus
2090 2644 2284 2698 tradita
2337 2645 2673 2712 accepimus,
2713 2644 2824 2698 htec
2875 2653 3121 2697 tenemus
3179 2658 3193 2694 :
3243 2655 3272 2693 a
3326 2639 3523 2707 quibus

1958 2734 2185 2805 perfecti
2217 2750 2434 2804 quoque
2474 2735 2628 2802 panis
2677 2734 2894 2788 traditio
2937 2733 3176 2796 exsistit,
3209 2732 3321 2802 (53)
3351 2745 3411 2784 ac
3438 2745 3524 2783 se-

1955 2826 2127 2881 cretio
2155 2840 2274 2892 quae
2308 2826 2366 2879 ﬁt
2413 2826 2651 2881 lauceola
2675 2862 2691 2888 ,
2723 2839 2824 2880 nec
2870 2839 2973 2879 non
3015 2839 3294 2878 sacrarum
3328 2822 3520 2892 imagi-

1955 2932 2082 2971 num
2133 2915 2350 2970 eﬁ'ectio
2406 2930 2472 2970 ac
2515 2914 2801 2969 adoratio:
2855 2928 3028 2981 neque
3081 2913 3226 2968 enim
3265 2921 3520 2980 tanquam

1954 3007 2168 3062 Christo
2199 3008 2639 3070 adversarentur,
2670 3021 2734 3061 ac
2760 3006 2809 3060 ei
2847 3005 3032 3060 hostes
3060 3013 3266 3066 essent,
3295 3003 3521 3071 ejusque

1953 3115 2042 3156 res
2089 3108 2434 3154 attenuarent
2505 3113 2569 3153 ac
2631 3098 3028 3166 deprimerent,
3098 3096 3350 3150 universa
3407 3095 3521 3149 hinc

1954 3191 2184 3263 apostoli
2240 3206 2302 3244 ac
2356 3189 2544 3244 Patres
2604 3189 2659 3243 in
2716 3187 2957 3243 Ecclesia
3003 3188 3374 3250 tradiderunt;
3425 3183 3519 3240 sed

1951 3285 2130 3355 potius
2184 3292 2445 3351 augentes
2485 3296 2550 3336 ac
2599 3281 3028 3353 magniﬁcantes,
3063 3279 3515 3346 extollentesque,

1951 3390 2017 3430 ac
2051 3375 2406 3436 honorantes,
2432 3381 2486 3427 et
2514 3373 2881 3440 gloriﬁcantes
2913 3372 3172 3441 mysteria
3193 3409 3208 3433 ,
3254 3381 3415 3437 atque
3449 3368 3517 3421 ad

1951 3466 2068 3535 ejus
2100 3464 2326 3534 gloriam
2359 3473 2412 3518 et
2461 3463 2948 3533 magniﬁcentiam,
2996 3471 3350 3530 nostramque
3376 3460 3520 3514 salu-

1953 3566 2059 3611 tem
2105 3570 2168 3610 ac
2196 3553 2576 3625 gloriationem
2619 3568 2704 3606 res
2733 3552 3001 3620 ejusmodi
3035 3554 3428 3606 constituentes
3462 3562 3517 3604 et

1951 3648 2323 3717 disponentes.
2373 3645 2474 3711 Qui
2521 3659 2651 3712 ergo
2697 3644 2925 3713 perfecti
2963 3645 3118 3714 panis
3173 3643 3514 3698 traditionem

1952 3746 2234 3808 respuunt,
2253 3753 2350 3792 nec
2375 3738 2564 3792 volunt
2592 3739 2898 3799 admittere,
2927 3751 3233 3806 panemque
3264 3750 3514 3807 azymum

1950 3829 2002 3884 in
2049 3828 2321 3884 sacriﬁcio
2352 3828 2538 3882 volunt
2565 3827 2781 3890 oﬁerre,
2816 3828 2976 3880 etiam
3014 3833 3270 3894 reSpuant
3306 3841 3368 3880 ac
3418 3840 3517 3879 ne-

1947 3927 2078 3990 gent
2107 3919 2288 3973 omnia
2321 3918 2435 3971 haec
2482 3933 2512 3971 a
2561 3918 2714 3972 nobis
2750 3921 2914 3983 dicta,
2944 3933 3063 3985 quinae
3098 3918 3315 3986 quidem
3351 3915 3514 3970 Chri-

1947 4018 2064 4064 stus
2110 4011 2224 4079 ipse
2259 4009 2672 4077 haudquaquam
2702 4023 2798 4076 per
2847 4010 3083 4078 seipsum
3120 4007 3382 4072 tradidit,
3417 4007 3513 4061 sed

1949 4101 2182 4170 apostoli
2220 4116 2284 4156 ac
2319 4101 2496 4156 sancti
2522 4102 2758 4168 tPatres.
2795 4099 2926 4154 Nam
2979 4116 3099 4155 cum
3153 4100 3250 4169 ipsi
3298 4100 3514 4166 quidem

1949 4194 2002 4248 in
2056 4208 2155 4249 suo
2209 4192 2486 4256 alimento,
2538 4193 2685 4247 vesci
2741 4207 2932 4263 azyma
2979 4192 3185 4258 nolint,
3229 4193 3353 4260 quei
3407 4207 3512 4246 non

1947 4299 2041 4341 eos
2081 4284 2266 4353 pudet,
2315 4292 2375 4338 ut
2402 4299 2564 4352 quam
2618 4299 2731 4338 rem
2764 4287 2898 4339 adeo
2945 4283 3361 4339 abominabilem
3412 4284 3513 4338 ba-

1951 4378 2098 4443 bent,
2159 4377 2252 4431 Dei
2325 4378 2568 4431 ofﬁciant
2613 4376 2856 4445 corpus?
2912 4376 3057 4431 Nihil
3114 4377 3312 4446 quippe
3369 4373 3513 4428 aliud

271 4498 447 4551 μενοι,
486 4481 662 4537 ταῦτα
702 4484 878 4538 πάντα
921 4483 1220 4556 φλυαροῦσι
1261 4486 1355 4538 καὶ
1389 4484 1840 4557 προφασίζονται,

1956 4469 2099 4539 impii
2133 4468 2438 4535 molientes,
2474 4483 2636 4536 quam
2677 4479 2736 4522 ut
2763 4469 2966 4524 Christi
2993 4467 3288 4539 perfectam
3324 4469 3514 4522 huma-

267 4572 583 4642 ἀλλοτρίους
618 4575 710 4626 καὶ
747 4572 928 4638 ξένους
962 4574 1054 4626 τοῦ
1092 4573 1364 4645 Χριστοῦ,
1400 4576 1495 4628 καὶ
1526 4572 1634 4626 τῶν
1667 4571 1840 4642 άγίων

267 4665 464 4729 αὐτοὺς
492 4666 845 4728 δεικνύοντες.

791 4775 1188 4831 ΚΕΦΑΛΑῙΟΝ
1236 4777 1314 4833 8'.

337 4875 477 4944 Περὶ
507 4879 626 4932 τῶν
663 4877 1005 4934 Ἰουδαϊκῶν
1051 4878 1276 4933 θυσιῶν
1295 4921 1308 4946 ,
1333 4871 1421 4934 ὧν
1469 4879 1752 4935 ποιοῦσιν
1768 4881 1836 4934 vol

905 4950 1214 5019 Ἀρμένιοι.

339 5071 461 5125 Ὀτι
491 5069 546 5123 δὲ
576 5058 720 5121 οῦτοι
748 5065 798 5118 oi
823 5059 1081 5136 θεομάχοι
1121 5063 1208 5117 διὰ
1242 5065 1339 5127 τὰς
1366 5063 1574 5118 ἑαυτῶν
1608 5065 1833 5135 αἰσχρο-

264 5166 509 5236 κερδίας,
539 5162 636 5227 τὰς
677 5159 970 5222 ἰουδαῖκὰς
995 5158 1184 5222 θυσίας
1213 5158 1522 5225 ἅνανεοῦσι,
1554 5159 1711 5229 δῆλον
1745 5161 1832 5212 ὲν-

265 5256 478 5310 τεῦθεν.
509 5253 614 5306 Τοῦ
643 5252 749 5323 γὰρ
778 5250 1017 5321 Χριστοῦ
1065 5251 1158 5304 τοῦ
1193 5250 1330 5304 Θεοῦ
1361 5251 1518 5322 ήμῶν
1578 5251 1834 5316 λαϐόντος

267 5349 435 5414 ἄρτον
465 5346 554 5397 καὶ
581 5344 860 5414 ποτήριον,
896 5343 990 5394 καὶ
1010 5342 1189 5403 δόντος
1214 5344 1326 5404 τοῖς
1350 5340 1617 5412 μαθηταῖς
1645 5343 1830 5408 αὑτοῦ,

269 5437 365 5490 καὶ
423 5434 702 5498 εἰπόντος’
737 5433 980 5496 Λάϐετε,
1029 5432 1250 5502 φάγετε
1293 5431 1391 5486 καί
1427 5433 1596 5487 alere
1625 5434 1694 5500 ἐξ
1721 5436 1831 5489 a6-

338 5613 449 5685 (δθ)
477 5613 615 5685 [iege
645 5614 964 5685 ποιήσωτιν.

487 5680 644 5756 Forte
669 5680 820 5756 deest
844 5682 1012 5737 ταῦτα
1041 5683 1370 5756 κρατοῦμεν.

339 5751 450 5824 (52)
485 5751 624 5830 Lege
654 5753 686 5823 ἡ
716 5752 829 5807 τοῦ.

1950 4565 2224 4620 nationem
2260 4571 2474 4630 negent,
2507 4561 2687 4616 omnia
2729 4562 2863 4627 hmc,
2899 4563 3105 4616 alienos
3139 4576 3197 4616 se
3236 4577 3265 4614 a
3295 4559 3512 4616 Christo

1948 4671 2012 4712 ac
2048 4654 2254 4712 sanctis
2300 4655 2676 4721 ostendentes,
2711 4665 2984 4724 nugantur
3023 4669 3086 4709 ac
3115 4662 3434 4721 praetexunt.

2548 4767 2778 4824 CAPUT
2818 4768 2914 4822 IX.

2051 4874 2125 4928 De
2152 4872 2394 4928 Judaicis
2424 4875 2705 4942 sacriﬁciis
2756 4889 2874 4943 qua:
2908 4871 3143 4924 Armenii
3173 4871 3394 4941 faciunt.

2013 5069 2055 5123 I.
2093 5068 2246 5136 Quod
2275 5077 2454 5123 autem
2491 5067 2595 5121 Deo
2631 5067 2982 5120 adversantes
3026 5067 3104 5131 hi,
3141 5074 3358 5136 propter
3389 5077 3512 5121 tur-

1942 5161 2027 5230 pia
2061 5160 2207 5215 lucra
2256 5175 2374 5224 sua,
2425 5157 2645 5212 Iudaica
2681 5157 2947 5212 sacriﬁcia
3002 5158 3327 5222 instaureut,
3378 5159 3504 5215 hinc

1940 5253 2126 5323 liquet.
2156 5251 2288 5305 Nam
2321 5265 2442 5303 cum
2492 5249 2751 5304 Christus
2798 5249 2939 5303 Deus
2994 5258 3184 5305 noster
3229 5251 3509 5320 acceperit

1941 5361 2130 5416 panem
2170 5359 2233 5398 ac
2264 5343 2509 5405 calicem,
2533 5342 2847 5411 dederitth
2872 5343 3148 5412 discipulis
3176 5344 3310 5407 suis,
3337 5353 3502 5413 atque

1941 5437 2139 5491 dixerit
2181 5453 2194 5489 :
2235 5435 2486 5503 Accipite,
2515 5435 2764 5489 comedite
2804 5443 2856 5489 et
2903 5435 3060 5490 bibite
3106 5451 3170 5490 ea:
3201 5437 3297 5489 hoc
3341 5451 3360 5489 :
3406 5435 3514 5491 hoc‘

2006 5618 2114 5688 (55)
2144 5616 2452 5671 Portionem
2487 5617 2641 5688 panis
2679 5620 3098 5676 consecrandam
3137 5615 3373 5688 lanceola
3401 5630 3500 5670 ex-

1932 5686 2179 5760 seinduut
2207 5706 2252 5760 :_
2248 5700 2426 5760 massa
2460 5686 2663 5760 reliqua
2689 5692 2741 5745 in
2771 5691 3005 5760 euIOgias
3025 5689 3182 5745 cedit.
3212 5686 3410 5744 Confer
3439 5699 3508 5742 es

1931 5771 2051 5811 can.
2078 5757 2179 5813 109
2211 5755 2455 5812 Trullan.
