3968 6220
453 349 599 414 1183

1521 348 1771 408 lSAACl
1816 345 2189 407 ARMENUE
2226 344 2633 406 CATHOLICI

3569 335 3722 398 1135

450 474 524 517 est
562 477 753 531 corpus
800 474 1001 523 meum,
1042 465 1089 511 et
1126 456 1339 523 sanguis
1382 471 1402 511 :
1436 457 1531 510 hoc
1563 457 1719 526 facite
1767 458 1818 509 in
1848 472 2018 510 meam

2140 453 2227 507 τοῦ
2260 471 2275 485 ο
2345 452 2527 507 τοῦτό
2550 454 2681 506 ἐστι
2711 451 2775 504 τὸ
2833 449 3007 518 σῶμά
3050 467 3189 518 μου,
3246 447 3343 501 καί
3408 446 3474 501 τὸ
3536 442 3713 516 αἷμα.

450 553 998 607 commemorationem
1045 566 1063 603 :
1107 549 1347 604 Armenii
1400 548 1475 615 hi,
1531 564 1637 602 non
1687 564 1917 617 panem,
1962 554 2016 603 et

451 645 634 696 viuum
675 651 729 695 et
760 656 978 710 aquam,
1028 642 1096 695 ab
1147 642 1213 695 iis
1264 641 1315 694 in
1361 640 1615 694 sacriﬁcii
1665 656 1821 695 usum
1878 640 2021 695 acci-

453 735 686 803 pientes,
717 735 809 801 qui
836 736 1025 787 eadem
1061 742 1222 802 atque
1268 731 1343 785 illi
1378 731 1615 799 sapiunt,
1662 741 1824 800 prout
1856 747 2022 786 evan-

453 824 627 891 gelica
685 824 953 877 institutio
1003 823 1261 891 postulat,
1300 822 1555 882 oﬁ'erunt,
1626 821 1720 876 sed
1753 823 1936 885 boves,
1970 832 2024 876 et

453 930 640 983 agnos,
682 929 742 968 ac
776 929 906 968 oves
958 932 971 969 :
1022 928 1228 984 perque
1279 912 1505 967 Iudaica
1561 915 1673 967 haec
1732 916 2019 980 sacriﬁcia,

456 1017 800 1073 peccatorum
852 1007 1224 1059 remissionem
1262 1006 1342 1058 eis
1375 1006 1747 1069 mentiuntur,
1804 1006 2026 1060 docent-

459 1107 561 1158 que
600 1095 651 1146 in
679 1094 963 1148 sacriﬁciis
995 1095 1297 1159 huiusmodi
1333 1094 1533 1148 habere
1577 1109 1750 1162 spem,
1793 1109 1896 1147 non
1928 1110 2027 1148 au-

458 1191 568 1235 tem
618 1183 667 1235 in
703 1199 930 1251 corpore
971 1183 1193 1237 Christi.
1221 1184 1399 1249 Quare
1434 1184 1596 1237 etiam
1627 1185 1680 1236 in
1712 1183 2026 1237 solemnita-

458 1273 619 1337 tibus,
651 1288 712 1325 ac
740 1272 1030 1334 Paschate,
1067 1289 1173 1326 non
1212 1289 1275 1327 ex
1319 1273 1519 1327 Christi
1571 1275 1875 1341 percipiunt
1907 1289 2027 1328 cor-

462 1378 611 1431 pore.
666 1366 759 1418 sed
807 1380 872 1417 ex
904 1365 1101 1417 talibus
1155 1361 1558 1418 irrationalibus
1590 1362 1897 1420 Iudaeorum
1931 1367 2027 1422 ho-

464 1452 604 1517 stiis,
640 1467 735 1521 per
762 1468 895 1521 quas
933 1452 1263 1507 sanetiﬁcari
1295 1462 1535 1522 sperant.

528 1643 596 1697 ll.
640 1642 913 1713 Siquidem
947 1645 1091 1699 enim
1138 1655 1267 1699 ante
1310 1645 1511 1699 Christi
1564 1644 1874 1713 adventum,
1909 1660 2030 1700 cum

459 1733 628 1787 Judaei
677 1748 865 1787 omnes
906 1734 1170 1801 ejusmodi
1225 1736 1490 1789 sacrilicia
1522 1735 1803 1801 oﬂ'errent,
1841 1751 1902 1790 ac
1936 1750 2032 1803 per

458 1807 519 1879 ea
552 1826 659 1878 Deo
691 1839 750 1880 se
794 1826 994 1880 cultum
1030 1826 1287 1879 adhibere
1326 1836 1597 1893 putarent,
1642 1828 1805 1894 inque
1833 1827 2031 1882 talibus

461 1914 652 1970 hostiis
690 1917 1074 1980 gloriarentur,
1125 1930 1155 1969 a
1207 1914 1317 1969 Deo
1360 1917 1649 1970 audierunt
1687 1934 1700 1970 :
1741 1916 1859 1970 Non
1890 1918 2033 1970 acci-

459 2006 600 2069 piam
622 2004 684 2056 de
709 2005 863 2056 domo
910 2014 1001 2057 tua
1030 2004 1252 2070 vitulos,
1308 2020 1470 2073 neque
1520 2005 1585 2057 de
1640 2006 1875 2073 gregibus
1926 2007 2031 2060 tuis

460 2095 633 2147 hircos
662 2094 733 2159 ’°,
761 2109 824 2147 ac
850 2111 1062 2148 rursum
1094 2109 1189 2161 per
1233 2095 1421 2149 Isaiam
1456 2113 1468 2148 :
1504 2095 1821 2162 Sanguinem
1852 2105 2033 2149 tauro-

466 2198 582 2234 rum
618 2190 775 2251 atque
813 2184 1079 2234 hircorum
1123 2182 1265 2235 nolo.
1300 2181 1430 2245 Quis
1476 2183 1613 2233 enim
1652 2182 1888 2249 quwsioil
1923 2183 2034 2235 lia’c

461 2274 526 2326 de
558 2276 801 2326 manibus
855 2271 1135 2325 uestris“?
1185 2285 1415 2335 cumque
1470 2270 1637 2324 David
1692 2272 1791 2324 hoc
1843 2272 2032 2334 sciret,

461 2366 643 2417 aiebat
689 2381 702 2415 :
752 2362 813 2418 Si
841 2364 1095 2416 voluisses
1130 2362 1475 2428 sacri/icium,
1508 2361 1773 2415 dedissem
1807 2364 1982 2432 utique
2014 2380 2032 2418 :

462 2455 783 2509 holocaustis
817 2471 919 2508 non
966 2454 1303 2508 delectaberis
1341 2455 1384 2485 “
1419 2471 1433 2508 :
1483 2468 1629 2508 nunc
1664 2464 1866 2517 autem,
1906 2468 2030 2507 cum

464 2549 711 2603 Christus
757 2547 847 2600 Dei
893 2546 1064 2601 Filius
1123 2562 1219 2612 pro
1286 2546 1444 2600 nobis
1518 2556 1786 2600 mactatus
1850 2546 2033 2609 fuerit,

465 2654 632 2706 seque
698 2639 870 2706 ipsum
933 2638 1041 2692 Deo
1103 2653 1166 2692 ac
1230 2636 1376 2691 Patri
1441 2637 1669 2691 hostiam
1735 2652 1832 2705 pro
1884 2638 2035 2692 nobis

465 2730 741 2790 obtulerit,
770 2744 1073 2798 panemque
1105 2744 1166 2783 ac
1194 2729 1414 2782 calicem
1442 2728 1718 2796 accipiens
1751 2727 2036 2796 discipulis

468 2822 665 2877 dixerit
717 2837 731 2875 :
781 2819 893 2874 Hoc
941 2820 1099 2889 facile
1147 2820 1202 2873 in
1251 2835 1417 2873 meum
1454 2820 2035 2882 commemorationem;

467 2930 609 2968 nunc
638 2914 817 2983 itaque
860 2928 982 2966 cum
1036 2912 1126 2966 Dei
1174 2912 1473 2965 adversarii
1526 2909 1769 2965 Armenii
1813 2910 2034 2965 Judaica

469 3007 664 3059 iterum
703 3004 971 3059 sacriﬁcia
1023 3003 1350 3069 instaurent,
1398 3003 1669 3072 bovesque
1723 3017 1787 3056 ac
1845 3018 2035 3071 agnos,

2132 544 2311 598 Τοῦτο
2339 543 2557 597 ποιεῖτε
2580 545 2667 607 εις
2696 542 2811 607 τὴν
2834 542 2990 608 ἐμὴν
3034 539 3381 608 ἀνάμνησιν
3403 554 3420 571 ο
3449 534 3605 591 οῦτοι
3661 542 3715 591 οῖ

2137 637 2433 708 Ἀρμένιοι,
2475 638 2537 688 ἐκ
2566 636 2672 688 τῶν
2700 634 3017 704 ὁμοφρὸνων
3044 632 3243 694 αὐτῶν,
3268 633 3370 685 οὐκ
3401 633 3591 701 ἄρτον,
3611 637 3715 685 καὶ

2124 725 2265 783 οἶνον
2299 731 2393 782 καὶ
2428 729 2569 799 ὕδωρ
2589 728 2963 797 λαμϐάνοντες
2995 728 3074 789 είς
3100 726 3291 778 θυσίαν
3321 724 3713 791 εὖαγγελικῶς

2126 820 2516 890 προσάγουσιν,
2559 817 2695 871 ἀλλὰ
2727 818 2875 886 βόας,
2907 816 3003 869 καὶ
3026 817 3253 883 ἀμνοὺς,
3289 816 3386 867 καὶ
3426 815 3712 881 πρόϐατα.

2125 912 2217 964 καὶ
2240 911 2327 963 διὰ
2360 902 2566 964 τούτων
2587 910 2695 963 τῶν
2728 908 3034 961 Ἰουδαϊκῶν
3071 907 3272 959 θυσιῶν
3302 909 3497 975 ἄφεσιν
3526 908 3719 976 ἁμαρ-

2124 1005 2254 1057 τιῶν
2278 1002 2855 1071 αὑτοῖςτερατεύονται
2874 1017 2888 1030 ·
2927 1004 3022 1053 καὶ
3046 1004 3107 1053 ὲν
3125 1002 3314 1063 αὑταῖς
3334 1003 3458 1062 ταῖς
3483 1000 3717 1054 θυσίαις

2127 1096 2271 1166 ἔχειν
2301 1095 2497 1157 αὐτοὺς
2527 1094 2624 1153 τὰς
2652 1093 2876 1155 ἐλπίδας
2898 1093 3078 1145 αὐτῶν
3102 1092 3440 1152 διδάσκουσι,
3471 1092 3570 1142 καὶ
3612 1092 3719 1142 οὐκ

2127 1189 2183 1241 ἐν
2208 1186 2287 1257 τῷ
2318 1184 2528 1255 σώματι
2558 1184 2653 1237 τοῦ
2680 1184 2938 1255 Χριστοῦ.
2968 1184 3129 1236 Ὅθεν
3150 1184 3244 1235 καὶ
3263 1185 3321 1235 ὲν
3341 1185 3464 1243 ταῖς
3488 1183 3718 1250 ἑορταῖς

2128 1279 2221 1332 καὶ
2251 1280 2308 1329 ὲν
2332 1276 2408 1346 τῷ
2450 1276 2662 1344 Πάσχα,
2692 1277 2791 1329 οὐκ
2818 1278 2880 1328 ὲκ
2918 1274 3010 1327 τοῦ
3056 1274 3307 1344 σώματος
3338 1274 3434 1325 τοῦ
3466 1271 3717 1340 Χριστοῦ

2131 1370 2639 1441 μεταλαμϐάνουσιν
2665 1382 2679 1397 ⁸
2711 1368 2825 1421 ἀλλ’
2856 1369 2919 1420 ἐκ
2949 1366 3057 1420 τῶν
3079 1367 3336 1418 τοιούτων
3366 1364 3588 1431 ἀλόγων
3616 1363 3718 1414 θυ-

2132 1461 2262 1514 σιῶν
2293 1461 2402 1514 τῶν
2442 1459 2770 1523 Ἰουδαϊκῶν,
2801 1459 2895 1511 καὶ
2934 1457 2994 1522 ἐξ
3041 1456 3218 1509 αὐτῶν
3248 1454 3596 1523 ἁγιασθῆναι
3627 1455 3716 1505 ὲ).-

2131 1551 2404 1615 πίζουσιν.

2202 1641 2278 1696 B'.
2311 1642 2373 1695 Εί
2422 1641 2531 1711 γίνρ
2595 1640 2701 1711 πρὸ
2728 1640 2827 1709 τῆς
2858 1636 3095 1707 Χριστοῦ
3124 1635 3451 1704 ἐπιδημίας,
3489 1634 3721 1687 πάντων

2131 1731 2239 1785 τῶν
2283 1733 2552 1786 Ἰουδαίων
2578 1732 2835 1795 τοιαύτας
2864 1731 3055 1791 θυσίας
3083 1728 3163 1797 τῷ
3199 1727 3318 1795 Θεῷ
3368 1726 3713 1796 προσψερῶο-

2132 1841 2260 1889 των,
2296 1825 2389 1877 καὶ
2418 1824 2483 1877 δι’
2524 1825 2700 1878 αὐτῶν
2728 1823 2819 1876 τὸν
2842 1822 2974 1875 Θεὸν
3004 1818 3330 1891 θεραπεύειν
3362 1817 3721 1885 προσδοκώνο

2132 1930 2260 1975 των,
2302 1915 2394 1967 καὶ
2424 1914 2793 1985 καυχωμένων
2830 1912 3010 1967 αὐτῶν
3056 1914 3114 1962 ὲν
3143 1914 3266 1972 ταῖς
3292 1909 3584 1969 τοιαύταις
3614 1907 3716 1959 θυ-

2135 2006 2298 2069 σίαις,
2330 2008 2525 2077 ἧκουον
2562 2005 2711 2076 παρά
2732 2007 2828 2057 τοῦ
2867 2001 3033 2055 Θεοῦ*
3075 2004 3158 2055 Οὐ
3202 2000 3449 2067 δέξομαι
3480 2000 3554 2050 ἐκ
3608 1997 3714 2049 τοῦ

2133 2099 2302 2153 οἶκου
2352 2114 2467 2151 σου
2490 2098 2764 2165 μόσχους
2783 2136 2797 2160 ,
2833 2093 2977 2149 οὐδὲ
3005 2093 3072 2146 ἐκ
3095 2091 3215 2145 τῶν
3245 2091 3545 2159 ποιμνίων
3594 2104 3718 2141 σου

2134 2186 2457 2256 χειμάρους
2476 2202 2489 2215 ·
2518 2188 2611 2238 καὶ
2649 2184 2812 2237 πάλιν
2849 2185 2935 2237 διὰ
2970 2183 3194 2235 Ἡσαΐου
3223 2221 3239 2245 ,
3276 2183 3361 2233 ὅτι
3392 2175 3553 2247 Αἷμα
3580 2179 3724 2230 ταύ-

2127 2297 2253 2348 ρων
2282 2278 2379 2331 καί
2432 2276 2666 2346 τράγων
2718 2278 2790 2329 οὐ
2837 2275 3158 2343 βούλομαι.
3200 2273 3300 2338 Τίς
3354 2271 3468 2339 γὰρ
3517 2270 3727 2335 ἐξεζήο

2132 2386 2286 2437 τησε
2306 2369 2491 2423 ταῦτα
2511 2369 2580 2422 ἐκ
2607 2368 2728 2421 τῶν
2753 2369 2965 2435 χειρῶν
2982 2365 3188 2435 ὺμῶν;
3224 2365 3336 2418 Καὶ
3361 2364 3526 2416 τοῦτο
3562 2362 3728 2423 εἰδὼς

2134 2463 2161 2513 6
2191 2460 2354 2515 Δαϐὶδ
2391 2459 2575 2526 ἔλεγεν
2600 2477 2613 2490 ·
2645 2461 2711 2513 Εί
2736 2458 3043 2525 ἠθέλησας
3092 2455 3334 2517 θυσίαν,
3380 2453 3585 2505 ἔδωκα
3614 2453 3725 2504 ἇνο
3761 2460 3831 2535 /‘

2136 2550 2599 2620 ὁλοκαυτώματα
2629 2552 2739 2603 οὐκ
2780 2548 3155 2612 εὐδοκήσεις.
3198 2546 3336 2597 Νυνὶ
3362 2545 3421 2597 δὲ
3457 2544 3560 2595 τοῦ
3590 2545 3729 2611 Χριο

2140 2644 2266 2698 στοῦ
2299 2644 2390 2697 τοῦ
2425 2642 2555 2696 Υίοῦ
2587 2645 2681 2695 τοῦ
2709 2641 2845 2694 Θεοῦ
2904 2641 3043 2711 ὑπὲρ
3073 2640 3228 2708 ἡμῶν
3259 2640 3593 2705 σφαγέντος.
3632 2639 3729 2689 καὶ

2138 2738 2330 2795 θυσίαν
2363 2738 2553 2791 ἑαυτὸν
2586 2737 2661 2806 τῷ
2693 2737 2813 2807 Θεῷ
2844 2736 2938 2790 καὶ
2972 2734 3147 2803 Πατρὶ
3179 2732 3343 2785 αὐτοῦ
3373 2730 3521 2799 ὑπὲρ
3564 2730 3728 2799 ἡμῶν

2139 2830 2529 2901 προσάξαντος,
2559 2830 2652 2881 καὶ
2688 2826 2944 2888 λαϐόντος
2975 2826 3141 2893 ἄρτον
3180 2822 3273 2874 καὶ
3310 2823 3598 2888 ποτήριον,
3630 2820 3729 2869 καὶ

2138 2920 2383 2979 εἰπόντος
2418 2920 2527 2979 τοῖς
2556 2916 2721 2969 αὑτοῦ
2790 2916 3067 2985 μαθηταῖς
3094 2928 3109 2941 '
3142 2911 3323 2965 Τοῦτο
3367 2909 3601 2961 ποιεῖτε
3643 2911 3799 2996 είςίίλ

2139 3011 2255 3078 τὴν
2301 3009 2457 3078 ἐμὴν
2500 3007 2875 3076 ἀνάμνησιν·
2910 3001 3057 3058 οὗτοι
3080 2999 3174 3056 οὖν
3202 3005 3250 3055 oi
3304 3002 3570 3069 θεομάχοι
3599 3002 3732 3068 Ἀρ-

468 3106 523 3150 et
557 3111 686 3150 oves
722 3095 1085 3155 immolantes,
1123 3109 1219 3162 per
1247 3108 1309 3146 ea
1346 3093 1719 3147 remissionem
1755 3107 1813 3147 se
1856 3108 2034 3159 pecca-

2145 3107 2342 3177 μένιοι,
2374 3102 2538 3156 πάλιν
2561 3101 2660 3163 τὰς
2703 3098 3006 3160 Ἰουδαῖκὰς
3029 3096 3220 3156 θυσίας
3247 3094 3730 3153 ἀνακαινίζοείτες,

469 3195 646 3240 torum
699 3192 1096 3239 consecuturos
1143 3191 1384 3251 sperent,
1443 3192 1608 3251 atque
1648 3183 1702 3236 in
1753 3184 1857 3238 illis
1889 3199 2037 3251 spem

473 3276 744 3337 habeant,
801 3286 1097 3342 eorumque
1172 3274 1522 3344 perceptione
1590 3274 1921 3329 sanctiﬁcari
1982 3289 2041 3331 se

471 3376 682 3438 putent,
718 3368 1128 3439 glorienturque
1178 3368 1231 3419 in
1274 3366 1538 3435 ejusmodi
1592 3367 1898 3431 sacriﬁciis,
1934 3384 2040 3423 non

471 3461 526 3515 in
581 3474 812 3529 corpore
866 3459 1066 3513 Christi
1130 3473 1192 3514 ac
1246 3460 1547 3528 sanguine;
1603 3460 1874 3528 quomodo
1934 3474 2041 3513 non

470 3554 759 3621 perspicue
788 3550 957 3606 Judmi
989 3560 1139 3615 sunt,
1172 3565 1234 3605 ac
1258 3550 1459 3604 Christi
1493 3551 1718 3605 hostes?
1764 3550 2039 3619 Siquidem

2143 3202 2237 3256 καὶ
2271 3202 2398 3271 βόας
2433 3200 2526 3253 καὶ
2561 3197 2787 3268 ἀμνοὺς,
2829 3197 2922 3248 καὶ⁵
2954 3194 3200 3263 πρόϐατα
3248 3190 3495 3253 θύοντες,
3529 3191 3604 3241 δι’
3632 3191 3733 3242 αύ-

2139 3295 2248 3349 τῶν
2274 3294 2469 3361 ἄφεσιν
2495 3289 2777 3360 ἁμαρτιῶν
2802 3287 2985 3340 λαϐεῖν
3011 3286 3321 3348 ἐλπίζοντες
3340 3326 3355 3347 ,
3396 3285 3499 3335 καὶ
3533 3285 3603 3335 ὲν
3634 3284 3731 3334 αὖε

2140 3389 2253 3449 τοῖς
2290 3387 2385 3447 τὰς
2442 3384 2666 3445 ἐλπίδας
2708 3383 2942 3451 ἔχοντες,
2989 3378 3083 3432 καὶ
3132 3378 3217 3430 διὰ
3254 3377 3350 3444 τῆς
3380 3375 3573 3427 αὐτῶν
3633 3392 3733 3443 με-

2139 3475 2422 3546 ταλήψεως
2452 3476 2778 3543 ἀγιασθῆναι
2806 3470 3140 3542 νομίζοντες,
3180 3469 3275 3521 καὶ
3304 3469 3363 3519 ὲν
3389 3471 3516 3530 ταῖς
3546 3468 3733 3519 torri-

2139 3583 2261 3628 ταις
2321 3564 2556 3631 θυσίαις,
2615 3564 2708 3616 καὶ
2760 3564 2859 3616 οὐκ
2925 3564 2982 3615 ἐν
3023 3561 3101 3630 τῷ
3135 3561 3346 3629 σώματι
3399 3561 3495 3610 καὶ
3532 3561 3734 3628 αἵματι

471 3646 616 3699 enim
666 3657 921 3712 pecorum
975 3656 1211 3710 unquam
1268 3640 1501 3694 victima:
1558 3640 1870 3695 hominibus
1917 3656 2044 3712 pro-

471 3736 720 3801 fuissent,
768 3735 1047 3801 Deumque
1112 3733 1219 3788 illis
1282 3732 1699 3799 conciliassent,
1754 3747 1817 3786 ac
1851 3734 2044 3788 remis-

471 3830 681 3883 sionem
750 3837 1099 3896 peccatorum
1166 3825 1584 3895 praabuissent:
1632 3824 1760 3895 quid
1822 3839 2043 3879 necesse

472 3920 573 3974 fuit
613 3928 672 3973 ut
715 3919 969 3974 Christus
1015 3926 1369 3981 mactaretur,
1424 3932 1531 3987 qua
1595 3932 1655 3971 se
1717 3916 2044 3971 mactatione

471 4006 799 4061 sacriﬁcium
846 4022 944 4077 pro
994 4007 1150 4061 nobis
1191 4006 1408 4068 obtulit,
1446 4021 1510 4060 ac
1559 4020 1658 4060 nos
1710 4006 1819 4060 Deo
1847 4021 2042 4061 recon-

472 4098 715 4155 ciliavit?
768 4099 828 4154 Si
883 4099 1072 4165 enim,
1127 4113 1252 4155 cum
1312 4099 1445 4153 nihil
1504 4100 1657 4153 nobis
1696 4099 2042 4153 irrationales

475 4190 665 4247 hostia:
694 4192 861 4246 Deum
893 4190 1209 4260 placabilem
1243 4197 1466 4261 possent
1491 4189 1695 4253 facere,
1731 4200 1825 4244 aut
1848 4204 2040 4258 pecca-

2139 3657 2233 3710 τοῦ
2275 3656 2513 3728 Χριστοῦ
2559 3655 2927 3724 καυχώμενοι,
2971 3651 3088 3715 πῶς
3139 3650 3238 3702 ούκ
3283 3649 3388 3701 εἰσὶ
3421 3640 3799 3721 προφανῶςί

2153 3749 2395 3802 Ἰουδαῖοι
2429 3746 2525 3800 καὶ
2577 3744 2938 3817 χριστομάχοι
2969 3743 3071 3808 ;Ei
3130 3741 3229 3811 μὲν
3281 3739 3394 3808 γὰρ
3454 3738 3735 3791 αίθυσέαι

2139 3839 2248 3893 τῶν
2271 3837 2484 3900 κτηνῶν
2508 3840 2621 3900 τοῖς
2653 3835 2961 3907 ἀνθρώποις
2991 3833 3281 3903 ὠφέλησαν
3316 3845 3477 3895 ποτε,
3513 3832 3616 3883 καὶ
3650 3833 3740 3884 τὸν

2140 3930 2271 3983 Θεὸν
2295 3926 2650 3997 διαλλαγῆναι
2699 3925 2985 3994 ἐποίησαν,
3047 3923 3141 3975 καὶ
3188 3922 3383 3990 ἄφεσιν
3431 3920 3739 3989 ἁμαρτιῶν

2140 4020 2441 4088 παρασχεῖν
2463 4032 2478 4048 ⁸
2512 4017 2647 4088 τίςή
2680 4016 2840 4087 χρεία
2872 4017 2968 4085 τῆς
2992 4014 3210 4082 σφαγῆς
3240 4010 3337 4063 τοῦ
3361 4011 3643 4081 Χριστοῦ,
3670 4012 3739 4063 δι’

2139 4102 2208 4179 ἦς
2241 4108 2431 4160 θυσίαν
2459 4107 2653 4159 ἑαυτὸν
2702 4105 2844 4175 ὑπὲρ
2874 4103 3032 4174 ἡμῶν
3080 4102 3428 4171 προσήγαγε,
3464 4101 3561 4151 καὶ
3600 4118 3743 4152 κατ-

2142 4197 2376 4269 ήλλαξεν
2404 4200 2552 4268 ἡμᾶς
2579 4196 2658 4266 τῷ
2687 4196 2810 4266 Θεῷ
2838 4211 2853 4260 ;
2886 4193 3066 4261 Μηδὲν
3108 4192 3424 4261 δυναμένων
3465 4190 3578 4241 τῶν
3608 4191 3743 4242 ἁλό-

473 4297 648 4337 .orum
688 4282 1062 4337 remissionem
1097 4292 1381 4351 praestare,
1413 4280 1665 4336 Christus
1698 4280 1790 4335 Dei
1842 4280 2034 4346 Filius,

2140 4307 2252 4359 γων
2283 4289 2484 4343 θυσιῶν
2541 4289 2632 4341 τὸν
2689 4288 2823 4340 Θεὸν
2871 4284 3205 4350 καταλλάξαι
3256 4282 3394 4351 πρὸς
3423 4283 3609 4349 ἡμᾶς,
3640 4281 3743 4332 καὶ

473 4393 530 4432 sc
562 4378 677 4446 ipse
717 4377 862 4431 Patri
904 4393 1000 4447 pro
1032 4377 1186 4432 nobis
1216 4378 1454 4432 hostiam
1489 4374 1747 4443 oﬁ‘crens,
1780 4377 2034 4432 dicebat:

2143 4382 2337 4450 ἄφεσιν
2386 4379 2670 4450 ἁμαρτιῶν
2717 4379 3042 4448 παρασχεῖν,
3073 4376 3101 4427 6
3128 4375 3365 4445 Χριστὸς
3401 4377 3429 4427 6
3470 4374 3606 4435 Υίὸς
3636 4371 3741 4425 τοῦ

472 4469 584 4523 Hoc
621 4478 699 4521 est
733 4484 921 4533 corpus
954 4484 1147 4535 meum,
1188 4485 1249 4522 ac
1292 4469 1515 4539 sanguis
1553 4484 1720 4532 meus,
1781 4469 1917 4538 quod
1945 4486 2034 4537 pro

2144 4474 2279 4527 Θεοῦ
2313 4474 2503 4527 ἑαυτὸν
2553 4472 2697 4541 ὑπὲρ
2746 4471 2905 4543 ἡμῶν
2954 4469 3145 4522 θυσίαν
3187 4467 3265 4538 τῷ
3314 4467 3517 4521 ἑαυτοῦ
3548 4467 3743 4535 Πατρὶ

472 4560 614 4614 vobis
651 4558 937 4627 frangitur,
987 4561 1177 4629 quique
1231 4562 1525 4630 effunditur
1567 4563 1623 4615 in
1677 4562 2034 4616 remissionem

2149 4563 2538 4636 προσαγαγὼν,
2563 4563 2717 4630 ἔλεγε
2740 4579 2754 4592 ο
2787 4561 2970 4615 Τοῦτό
2991 4561 3123 4613 ἐστι
3150 4559 3217 4611 τὸ
3244 4556 3419 4626 σῶμά
3450 4574 3599 4625 μου,
3630 4560 3740 4611 καὶ

472 4663 803 4720 peccatorum
834 4667 852 4705 :
885 4652 980 4704 hoc
1004 4652 1166 4721 facile
1188 4654 1242 4705 in
1275 4670 1443 4707 meam
1463 4655 2034 4725 commemorationem}

2147 4657 2213 4709 τὸ
2244 4650 2387 4723 αξιιὰ
2416 4670 2567 4723 μου,
2593 4651 2747 4721 ὑπὲρ
2778 4651 2947 4721 ὑμῶν
2988 4649 3298 4717 κλώμενον
3339 4648 3438 4701 καὶ
3466 4648 3743 4713 ἐκχυνὸ-

473 4743 527 4796 hi
561 4753 764 4809 autem,
801 4758 989 4797 rursus
1018 4758 1166 4812 spem
1217 4743 1417 4797 habere
1449 4744 1501 4797 in
1538 4745 1740 4799 Christi
1796 4747 2034 4813 corporis

2142 4761 2330 4815 μενον
2394 4748 2481 4808 είς
2520 4743 2742 4812 ἄφεσιν
2773 4740 3073 4810 ἁμαρτιῶν
3099 4757 3112 4771 ’
3156 4739 3331 4793 τοῦτο
3377 4737 3605 4790 ποιεῖτε
3648 4741 3741 4802 είς

473 4836 675 4889 lumine
707 4836 1041 4901 omittentes,
1094 4836 1143 4887 in
1199 4836 1330 4907 legis
1363 4837 1552 4890 umbra
1585 4852 1733 4906 spem
1773 4837 2034 4903 habeant;

2142 4810 2264 4905 τὴν
2292 4838 2447 4907 ἐμὴν
2484 4810 2849 4906 ἀνάμνησιν.
2886 4830 3046 4889 Οὗτοι
3077 4834 3132 4886 δὲ
3165 4832 3329 4885 πάλιν
3366 4830 3606 4897 ἀφέντες
3634 4810 3827 4897 τὴνΧ

472 4925 631 4995 plane
661 4924 859 4978 factam
899 4939 995 4994 per
1038 4925 1312 4979 Christum
1364 4926 1790 4996 redemptionem
1824 4936 2034 4995 negant,

2150 4931 2337 4984 ἐλπίδα
2367 4930 2508 5001 ἔχειν
2531 4930 2623 4982 ἐπὶ
2649 4929 2706 4981 τὸ
2742 4928 2856 4997 φῶς
2894 4925 2988 4979 τοῦ
3038 4924 3288 4993 σώματος
3330 4921 3425 4972 τοῦ
3458 4920 3739 4989 Χριστοῦ,

472 5030 610 5085 eque
639 5017 925 5072 sacriﬁciis
953 5017 1156 5087 liquido
1185 5015 1354 5073 Judasi
1397 5027 1823 5087 cognoscuntur.

2150 5026 2242 5077 ἐπὶ
2279 5024 2376 5097 τὴν
2407 5025 2561 5078 σκιὰν
2588 5023 2681 5077 τοῦ
2707 5024 2870 5094 νόμου
2898 5022 2995 5091 τὴν
3028 5020 3219 5073 ἐλπίδα
3258 5018 3443 5087 ἔχουσι
3471 5032 3486 5045 °
3509 5034 3739 5084 προφα-

2152 5121 2258 5181 νῶς
2290 5116 2579 5187 ἀρνοῦνται
2619 5116 2715 5185 μὲν
2742 5115 2841 5185 τὴν
2881 5114 2967 5166 διὰ
2996 5112 3090 5165 τοῦ
3130 5108 3372 5181 Χριστοῦ
3406 5107 3740 5175 ἀπολύτρω-

2155 5226 2239 5262 σιν
2265 5225 2279 5240 ·
2318 5208 2559 5261 Ἰουδαῖοι
2583 5208 2658 5272 δὲ,
2681 5206 2770 5259 διὰ
2792 5206 2899 5260 τῶν
2921 5205 3118 5258 θυσιῶν
3142 5200 3324 5271 σαφῶς
3341 5198 3735 5269 γνωρίζονται.

2223 5301 2297 5355 Γ’.
2328 5300 2388 5352 El
2434 5299 2532 5369 μὲν
2564 5299 2672 5368 γὰρ
2722 5299 2779 5351 αί
2815 5296 2996 5351 θυσίαι
3048 5297 3156 5347 τῶν
3191 5294 3419 5360 ἀλόγων,
3452 5289 3737 5359 σωτηρίαν

2154 5396 2248 5449 καὶ
2276 5395 2468 5465 ἄφεσιν
2500 5393 2785 5464 ἁμαρτιῶν
2808 5394 2920 5454 τοῖς
2938 5388 3245 5461 ἀνθρώποις
3273 5384 3599 5454 παρέχουσι,
3623 5381 3703 5432 δω
3722 5409 3733 5416 -

2155 5488 2285 5559 ρεάν
2305 5490 2333 5542 ὁ
2358 5487 2590 5559 Χριστὸς
2616 5485 2902 5541 ἀπέθανεν.
2934 5483 2997 5538 Et
3022 5481 3077 5535 δὲ
3111 5480 3186 5544 ὡς
3207 5476 3284 5549 μὴ
3314 5476 3381 5530 δι’
3406 5474 3528 5546 (54)
3553 5470 3735 5525 αὑτῶν

545 5298 637 5354 Ill.
672 5298 804 5353 Nam
839 5300 889 5353 si
920 5299 1312 5355 irrationaliqu
1340 5302 1574 5355 victimae
1606 5299 1835 5354 salutem
1870 5299 2044 5353 homi-

478 5392 637 5460 nibus
681 5399 937 5459 praestant
983 5406 1045 5444 ac
1096 5393 1469 5446 remissionem
1522 5402 1888 5461 peccatorum,
1919 5407 2043 5459 gra-

477 5481 550 5536 tis
579 5481 833 5539 Christus
865 5493 1113 5538 mortuus
1138 5493 1219 5538 est
1250 5501 1264 5537 :
1312 5484 1395 5539 sin
1433 5494 1612 5538 autem
1647 5492 1905 5552 tanquam
1941 5484 2046 5539 illis

546 5615 748 5673 “Psal.
782 5634 929 5683 ms,
964 5618 1017 5674 9.
1094 5619 1257 5677 “lsa.
1293 5637 1329 5685 ι,
1362 5621 1451 5688 il,
1486 5620 1572 5676 Η.
1653 5620 1859 5678 "Psal.
1893 5620 2044 5688 1.,18.

552 5750 663 5819 ('51s)
695 5750 835 5822 Lege
862 5753 1050 5821 μηδέν.
