  <div class='ocr_page' id='page_1' title='image "/cluster/home/n/w/nwhite01/storage/ocr_20150623/132/hvd.32044073502361/642.png"; bbox 0 0 3968 6220; ppageno 0'>
   <div class='ocr_carea' id='block_1_1' title="bbox 313 255 449 325">
    <p class='ocr_par' dir='ltr' id='par_1_1' title="bbox 313 255 449 325">
     <span class='ocr_line' id='line_1_1' title="bbox 313 255 449 325; baseline 0.037 -5"><span class='ocrx_word' id='word_1_1' title='bbox 313 255 449 325; x_wconf 72' lang='lat'><strong>1185</strong></span> 
     </span>
    </p>
   </div>
   <div class='ocr_carea' id='block_1_2' title="bbox 1363 259 2512 336">
    <p class='ocr_par' dir='ltr' id='par_1_2' title="bbox 1363 259 2512 336">
     <span class='ocr_line' id='line_1_2' title="bbox 1363 259 2512 336; baseline 0.014 -17"><span class='ocrx_word' id='word_1_2' title='bbox 1363 259 1647 322; x_wconf 79' lang='lat' dir='ltr'><strong>ORATIO</strong></span> <span class='ocrx_word' id='word_1_3' title='bbox 1687 262 1715 323; x_wconf 94' lang='grc' dir='ltr'><strong>Ι</strong></span> <span class='ocrx_word' id='word_1_4' title='bbox 1754 262 2054 328; x_wconf 79' lang='lat' dir='ltr'><strong>CONTRA</strong></span> <span class='ocrx_word' id='word_1_5' title='bbox 2095 268 2512 336; x_wconf 76' lang='lat' dir='ltr'><strong>ARMENIOS.</strong></span> 
     </span>
    </p>
   </div>
   <div class='ocr_carea' id='block_1_3' title="bbox 3417 293 3552 360">
    <p class='ocr_par' dir='ltr' id='par_1_3' title="bbox 3417 293 3552 360">
     <span class='ocr_line' id='line_1_3' title="bbox 3417 293 3552 360; baseline 0.037 -4"><span class='ocrx_word' id='word_1_6' title='bbox 3417 293 3552 360; x_wconf 77' lang='lat'><strong>1186</strong></span> 
     </span>
    </p>
   </div>
   <div class='ocr_carea' id='block_1_4' title="bbox 306 367 1838 460">
    <p class='ocr_par' dir='ltr' id='par_1_4' title="bbox 306 367 1838 444">
     <span class='ocr_line' id='line_1_4' title="bbox 306 367 1838 444; baseline 0.003 -18"><span class='ocrx_word' id='word_1_7' title='bbox 306 370 662 440; x_wconf 71' lang='grc' dir='ltr'>ὠφελούντων</span> <span class='ocrx_word' id='word_1_8' title='bbox 689 370 718 424; x_wconf 82' lang='lat'><strong>6</strong></span> <span class='ocrx_word' id='word_1_9' title='bbox 745 367 978 442; x_wconf 77' lang='grc' dir='ltr'>Χριστὸς</span> <span class='ocrx_word' id='word_1_10' title='bbox 1008 369 1223 441; x_wconf 73' lang='grc' dir='ltr'>ἐσφάγη</span> <span class='ocrx_word' id='word_1_11' title='bbox 1244 369 1385 441; x_wconf 74' lang='grc' dir='ltr'>ὑπὲρ</span> <span class='ocrx_word' id='word_1_12' title='bbox 1424 373 1605 444; x_wconf 64' lang='grc' dir='ltr'><strong>¹ἡμῶν,</strong></span> <span class='ocrx_word' id='word_1_13' title='bbox 1636 375 1731 428; x_wconf 80' lang='grc' dir='ltr'>καὶ</span> <span class='ocrx_word' id='word_1_14' title='bbox 1779 376 1838 430; x_wconf 86' lang='grc' dir='ltr'><strong>θυ</strong></span> 
     </span>
    </p>
   </div>
   <div class='ocr_carea' id='block_1_5' title="bbox 1944 367 3550 460">
    <p class='ocr_par' dir='ltr' id='par_1_5' title="bbox 1944 380 3550 460">
     <span class='ocr_line' id='line_1_5' title="bbox 1944 380 3550 460; baseline 0.014 -27"><span class='ocrx_word' id='word_1_15' title='bbox 1944 380 2114 440; x_wconf 75' lang='lat' dir='ltr'><strong>.nihil</strong></span> <span class='ocrx_word' id='word_1_16' title='bbox 2141 381 2456 451; x_wconf 90' lang='lat' dir='ltr'><strong>juvantibus</strong></span> <span class='ocrx_word' id='word_1_17' title='bbox 2509 385 2762 446; x_wconf 85' lang='lat' dir='ltr'><strong>Christus</strong></span> <span class='ocrx_word' id='word_1_18' title='bbox 2820 400 3084 451; x_wconf 88' lang='lat' dir='ltr'><strong>mactatus</strong></span> <span class='ocrx_word' id='word_1_19' title='bbox 3128 395 3228 453; x_wconf 89' lang='lat' dir='ltr'><strong>fuit</strong></span> <span class='ocrx_word' id='word_1_20' title='bbox 3271 415 3335 456; x_wconf 87' lang='lat' dir='ltr'><strong>ac</strong></span> <span class='ocrx_word' id='word_1_21' title='bbox 3379 404 3550 460; x_wconf 86' lang='lat' dir='ltr'><strong>factus</strong></span> 
     </span>
    </p>
   </div>
   <div class='ocr_carea' id='block_1_6' title="bbox 304 461 1875 538">
    <p class='ocr_par' dir='ltr' id='par_1_6' title="bbox 304 461 1875 538">
     <span class='ocr_line' id='line_1_6' title="bbox 304 461 1875 538; baseline 0.004 -24"><span class='ocrx_word' id='word_1_22' title='bbox 304 463 392 515; x_wconf 76' lang='grc' dir='ltr'><strong>σία</strong></span> <span class='ocrx_word' id='word_1_23' title='bbox 423 462 637 530; x_wconf 87' lang='grc' dir='ltr'>γέγονε·</span> <span class='ocrx_word' id='word_1_24' title='bbox 672 461 937 532; x_wconf 76' lang='grc' dir='ltr'>πρόδηλον</span> <span class='ocrx_word' id='word_1_25' title='bbox 950 461 1269 516; x_wconf 76' lang='grc' dir='ltr'>αἱτοιαῦται</span> <span class='ocrx_word' id='word_1_26' title='bbox 1301 464 1392 517; x_wconf 77' lang='grc' dir='ltr'><strong>ὑπ’</strong></span> <span class='ocrx_word' id='word_1_27' title='bbox 1419 466 1600 517; x_wconf 83' lang='grc' dir='ltr'>αὐτῶν</span> <span class='ocrx_word' id='word_1_28' title='bbox 1615 465 1875 538; x_wconf 84' lang='grc' dir='ltr'>τελούμε-</span> 
     </span>
    </p>
   </div>
   <div class='ocr_carea' id='block_1_7' title="bbox 299 553 1866 628">
    <p class='ocr_par' dir='ltr' id='par_1_7' title="bbox 299 553 1866 628">
     <span class='ocr_line' id='line_1_7' title="bbox 299 553 1866 628; baseline 0.004 -21"><span class='ocrx_word' id='word_1_29' title='bbox 299 570 408 618; x_wconf 83' lang='grc' dir='ltr'>ναι,</span> <span class='ocrx_word' id='word_1_30' title='bbox 437 555 499 606; x_wconf 78' lang='grc' dir='ltr'>οὐ</span> <span class='ocrx_word' id='word_1_31' title='bbox 526 555 688 623; x_wconf 84' lang='grc' dir='ltr'>μόνον</span> <span class='ocrx_word' id='word_1_32' title='bbox 713 553 988 624; x_wconf 81' lang='grc' dir='ltr'><strong>σωτηρίαν</strong></span> <span class='ocrx_word' id='word_1_33' title='bbox 1008 555 1190 618; x_wconf 80' lang='grc' dir='ltr'>αὐτοῖς</span> <span class='ocrx_word' id='word_1_34' title='bbox 1220 557 1550 627; x_wconf 75' lang='grc' dir='ltr'><strong>παρέχουσιν</strong></span> <span class='ocrx_word' id='word_1_35' title='bbox 1573 559 1709 628; x_wconf 80' lang='lat'><strong>(35),</strong></span> <span class='ocrx_word' id='word_1_36' title='bbox 1730 557 1866 613; x_wconf 83' lang='grc' dir='ltr'>ἀλλὰ</span> 
     </span>
    </p>
   </div>
   <div class='ocr_carea' id='block_1_8' title="bbox 297 645 1869 719">
    <p class='ocr_par' dir='ltr' id='par_1_8' title="bbox 297 645 1869 719">
     <span class='ocr_line' id='line_1_8' title="bbox 297 645 1869 719; baseline 0.004 -22"><span class='ocrx_word' id='word_1_37' title='bbox 297 647 390 697; x_wconf 76' lang='grc' dir='ltr'>καὶ</span> <span class='ocrx_word' id='word_1_38' title='bbox 433 645 720 706; x_wconf 79' lang='grc' dir='ltr'><strong>Ἰουδαίους</strong></span> <span class='ocrx_word' id='word_1_39' title='bbox 753 646 953 708; x_wconf 77' lang='grc' dir='ltr'>αὐτοὺς</span> <span class='ocrx_word' id='word_1_40' title='bbox 984 646 1398 701; x_wconf 84' lang='grc' dir='ltr'><strong>ἀποδεικνύουσι</strong></span> <span class='ocrx_word' id='word_1_41' title='bbox 1419 663 1433 678; x_wconf 82' lang='grc'><strong>’</strong></span> <span class='ocrx_word' id='word_1_42' title='bbox 1475 649 1591 714; x_wconf 83' lang='grc' dir='ltr'><strong>πῶς</strong></span> <span class='ocrx_word' id='word_1_43' title='bbox 1635 650 1692 703; x_wconf 84' lang='grc' dir='ltr'>δὲ</span> <span class='ocrx_word' id='word_1_44' title='bbox 1723 650 1869 719; x_wconf 82' lang='grc' dir='ltr'>ὠφε-</span> 
     </span>
    </p>
   </div>
   <div class='ocr_carea' id='block_1_9' title="bbox 295 723 1871 812">
    <p class='ocr_par' dir='ltr' id='par_1_9' title="bbox 295 723 1871 812">
     <span class='ocr_line' id='line_1_9' title="bbox 295 723 1871 812; baseline 0.004 -23"><span class='ocrx_word' id='word_1_45' title='bbox 295 737 460 808; x_wconf 76' lang='grc' dir='ltr'>λῆσαι</span> <span class='ocrx_word' id='word_1_46' title='bbox 487 739 671 800; x_wconf 80' lang='grc' dir='ltr'>αὐτοῖς</span> <span class='ocrx_word' id='word_1_47' title='bbox 698 723 985 801; x_wconf 68' lang='grc' dir='ltr'>δῦνανται,</span> <span class='ocrx_word' id='word_1_48' title='bbox 1021 741 1158 810; x_wconf 81' lang='grc' dir='ltr'>μήτε</span> <span class='ocrx_word' id='word_1_49' title='bbox 1195 739 1304 792; x_wconf 91' lang='grc' dir='ltr'><strong>τῶν</strong></span> <span class='ocrx_word' id='word_1_50' title='bbox 1327 740 1544 809; x_wconf 84' lang='grc' dir='ltr'><strong>κτηνῶν</strong></span> <span class='ocrx_word' id='word_1_51' title='bbox 1568 741 1628 795; x_wconf 72' lang='grc' dir='ltr'>ἐν</span> <span class='ocrx_word' id='word_1_52' title='bbox 1665 745 1730 812; x_wconf 82' lang='grc' dir='ltr'>τῇ</span> <span class='ocrx_word' id='word_1_53' title='bbox 1779 745 1871 796; x_wconf 80' lang='grc' dir='ltr'>έκ-</span> 
     </span>
    </p>
   </div>
   <div class='ocr_carea' id='block_1_10' title="bbox 296 829 1869 905">
    <p class='ocr_par' dir='ltr' id='par_1_10' title="bbox 296 829 1869 905">
     <span class='ocr_line' id='line_1_10' title="bbox 296 829 1869 905; baseline 0.006 -25"><span class='ocrx_word' id='word_1_54' title='bbox 296 829 500 900; x_wconf 76' lang='grc' dir='ltr'>κλησίᾳ</span> <span class='ocrx_word' id='word_1_55' title='bbox 525 829 946 898; x_wconf 77' lang='grc' dir='ltr'>είσερχομένων,</span> <span class='ocrx_word' id='word_1_56' title='bbox 988 831 1125 900; x_wconf 82' lang='grc' dir='ltr'>μήτε</span> <span class='ocrx_word' id='word_1_57' title='bbox 1163 830 1560 901; x_wconf 76' lang='grc' dir='ltr'>ἁγιαζομένων,</span> <span class='ocrx_word' id='word_1_58' title='bbox 1615 834 1754 905; x_wconf 81' lang='grc' dir='ltr'>μήτε</span> <span class='ocrx_word' id='word_1_59' title='bbox 1811 837 1869 889; x_wconf 78' lang='grc' dir='ltr'><strong>ἐν</strong></span> 
     </span>
    </p>
   </div>
   <div class='ocr_carea' id='block_1_11' title="bbox 294 921 1867 998">
    <p class='ocr_par' dir='ltr' id='par_1_11' title="bbox 294 921 1867 998">
     <span class='ocr_line' id='line_1_11' title="bbox 294 921 1867 998; baseline 0.006 -26"><span class='ocrx_word' id='word_1_60' title='bbox 294 921 375 989; x_wconf 85' lang='grc' dir='ltr'>τῷ</span> <span class='ocrx_word' id='word_1_61' title='bbox 400 922 774 992; x_wconf 83' lang='grc' dir='ltr'>θυσιαστηρίῳ</span> <span class='ocrx_word' id='word_1_62' title='bbox 801 923 1219 992; x_wconf 83' lang='grc' dir='ltr'>εἰσερχομένων,</span> <span class='ocrx_word' id='word_1_63' title='bbox 1245 928 1382 994; x_wconf 84' lang='grc' dir='ltr'>μήτε</span> <span class='ocrx_word' id='word_1_64' title='bbox 1401 927 1460 977; x_wconf 85' lang='grc' dir='ltr'><strong>ὲν</strong></span> <span class='ocrx_word' id='word_1_65' title='bbox 1485 929 1548 996; x_wconf 75' lang='grc' dir='ltr'>τῇ</span> <span class='ocrx_word' id='word_1_66' title='bbox 1574 926 1709 998; x_wconf 75' lang='grc' dir='ltr'>ἁγία</span> <span class='ocrx_word' id='word_1_67' title='bbox 1732 944 1867 998; x_wconf 88' lang='grc' dir='ltr'>τρα-</span> 
     </span>
    </p>
   </div>
   <div class='ocr_carea' id='block_1_12' title="bbox 202 1011 1866 1088">
    <p class='ocr_par' dir='ltr' id='par_1_12' title="bbox 202 1011 1866 1088">
     <span class='ocr_line' id='line_1_12' title="bbox 202 1011 1866 1088; baseline 0.007 -25"><span class='ocrx_word' id='word_1_68' title='bbox 202 1029 211 1037; x_wconf 87' lang='grc'>·</span> <span class='ocrx_word' id='word_1_69' title='bbox 296 1013 440 1082; x_wconf 80' lang='grc' dir='ltr'>πέζῃ</span> <span class='ocrx_word' id='word_1_70' title='bbox 473 1012 721 1065; x_wconf 82' lang='grc' dir='ltr'><strong>ἀνελθεῖν</strong></span> <span class='ocrx_word' id='word_1_71' title='bbox 750 1011 1108 1082; x_wconf 78' lang='grc' dir='ltr'><strong>ἀξιουμένων,</strong></span> <span class='ocrx_word' id='word_1_72' title='bbox 1139 1015 1277 1086; x_wconf 82' lang='grc' dir='ltr'>μήτε</span> <span class='ocrx_word' id='word_1_73' title='bbox 1300 1017 1434 1080; x_wconf 81' lang='grc' dir='ltr'>ὅλως</span> <span class='ocrx_word' id='word_1_74' title='bbox 1450 1017 1716 1088; x_wconf 78' lang='grc' dir='ltr'><strong>ἁγιασμόν</strong></span> <span class='ocrx_word' id='word_1_75' title='bbox 1744 1037 1866 1074; x_wconf 84' lang='grc' dir='ltr'>τινα</span> 
     </span>
    </p>
   </div>
   <div class='ocr_carea' id='block_1_13' title="bbox 293 1104 1866 1179">
    <p class='ocr_par' dir='ltr' id='par_1_13' title="bbox 293 1104 1866 1179">
     <span class='ocr_line' id='line_1_13' title="bbox 293 1104 1866 1179; baseline 0.006 -22"><span class='ocrx_word' id='word_1_76' title='bbox 293 1104 643 1174; x_wconf 75' lang='grc' dir='ltr'>δεχομένωνς</span> <span class='ocrx_word' id='word_1_77' title='bbox 677 1104 801 1167; x_wconf 88' lang='grc' dir='ltr'><strong>Πῶς</strong></span> <span class='ocrx_word' id='word_1_78' title='bbox 837 1104 868 1174; x_wconf 80' lang='grc' dir='ltr'>ἢ</span> <span class='ocrx_word' id='word_1_79' title='bbox 904 1106 956 1158; x_wconf 94' lang='grc' dir='ltr'><strong>τί</strong></span> <span class='ocrx_word' id='word_1_80' title='bbox 998 1105 1275 1175; x_wconf 84' lang='grc' dir='ltr'>ὠφελῆσαι</span> <span class='ocrx_word' id='word_1_81' title='bbox 1328 1112 1420 1163; x_wconf 77' lang='grc' dir='ltr'>καὶ</span> <span class='ocrx_word' id='word_1_82' title='bbox 1480 1111 1703 1179; x_wconf 79' lang='grc' dir='ltr'>ἁγιάσαι</span> <span class='ocrx_word' id='word_1_83' title='bbox 1739 1113 1866 1176; x_wconf 82' lang='grc' dir='ltr'>τοὺς</span> 
     </span>
    </p>
   </div>
   <div class='ocr_carea' id='block_1_14' title="bbox 292 1193 1863 1270">
    <p class='ocr_par' dir='ltr' id='par_1_14' title="bbox 292 1193 1863 1270">
     <span class='ocr_line' id='line_1_14' title="bbox 292 1193 1863 1270; baseline 0.006 -21"><span class='ocrx_word' id='word_1_84' title='bbox 292 1196 434 1249; x_wconf 80' lang='grc' dir='ltr'>αὑτὰ</span> <span class='ocrx_word' id='word_1_85' title='bbox 456 1193 706 1258; x_wconf 86' lang='grc' dir='ltr'>θύοντας,</span> <span class='ocrx_word' id='word_1_86' title='bbox 728 1197 820 1248; x_wconf 77' lang='grc' dir='ltr'>καὶ</span> <span class='ocrx_word' id='word_1_87' title='bbox 838 1195 1352 1267; x_wconf 79' lang='grc' dir='ltr'>μεταλαμϐάνοντας</span> <span class='ocrx_word' id='word_1_88' title='bbox 1375 1201 1629 1256; x_wconf 86' lang='grc' dir='ltr'>δύνανται</span> <span class='ocrx_word' id='word_1_89' title='bbox 1651 1219 1666 1270; x_wconf 87' lang='lat'><strong>;</strong></span> <span class='ocrx_word' id='word_1_90' title='bbox 1698 1201 1863 1258; x_wconf 86' lang='grc' dir='ltr'><strong>Ὅθεν</strong></span> 
     </span>
    </p>
   </div>
   <div class='ocr_carea' id='block_1_15' title="bbox 291 1285 1862 1365">
    <p class='ocr_par' dir='ltr' id='par_1_15' title="bbox 291 1285 1862 1365">
     <span class='ocr_line' id='line_1_15' title="bbox 291 1285 1862 1365; baseline 0.006 -27"><span class='ocrx_word' id='word_1_91' title='bbox 291 1287 385 1339; x_wconf 76' lang='grc' dir='ltr'>καὶ</span> <span class='ocrx_word' id='word_1_92' title='bbox 413 1288 441 1339; x_wconf 98' lang='lat'><strong>6</strong></span> <span class='ocrx_word' id='word_1_93' title='bbox 467 1285 726 1352; x_wconf 85' lang='grc' dir='ltr'>Θεολόγος</span> <span class='ocrx_word' id='word_1_94' title='bbox 753 1285 1052 1357; x_wconf 87' lang='grc' dir='ltr'>Γρηγόριός</span> <span class='ocrx_word' id='word_1_95' title='bbox 1080 1306 1212 1359; x_wconf 82' lang='grc' dir='ltr'>φησι</span> <span class='ocrx_word' id='word_1_96' title='bbox 1236 1305 1250 1321; x_wconf 79' lang='grc' dir='ltr'><strong><em>ο</em></strong></span> <span class='ocrx_word' id='word_1_97' title='bbox 1285 1309 1303 1341; x_wconf 80' lang='grc' dir='ltr'><strong>ι</strong></span> <span class='ocrx_word' id='word_1_98' title='bbox 1339 1292 1608 1362; x_wconf 85' lang='grc' dir='ltr'>Θύσωμεν</span> <span class='ocrx_word' id='word_1_99' title='bbox 1649 1293 1724 1365; x_wconf 79' lang='grc' dir='ltr'>μὴ</span> <span class='ocrx_word' id='word_1_100' title='bbox 1762 1294 1862 1364; x_wconf 84' lang='grc' dir='ltr'>μό-</span> 
     </span>
    </p>
   </div>
   <div class='ocr_carea' id='block_1_16' title="bbox 290 1377 1855 1450">
    <p class='ocr_par' dir='ltr' id='par_1_16' title="bbox 290 1377 1855 1450">
     <span class='ocr_line' id='line_1_16' title="bbox 290 1377 1855 1450; baseline 0.006 -21"><span class='ocrx_word' id='word_1_101' title='bbox 290 1393 476 1446; x_wconf 89' lang='grc' dir='ltr'>σχους,</span> <span class='ocrx_word' id='word_1_102' title='bbox 506 1377 644 1448; x_wconf 73' lang='grc' dir='ltr'>μηδὲ</span> <span class='ocrx_word' id='word_1_103' title='bbox 671 1378 877 1448; x_wconf 81' lang='grc' dir='ltr'>ἁμνοὺς</span> <span class='ocrx_word' id='word_1_104' title='bbox 900 1380 1103 1450; x_wconf 88' lang='grc' dir='ltr'>κέρατα</span> <span class='ocrx_word' id='word_1_105' title='bbox 1132 1381 1458 1450; x_wconf 76' lang='grc' dir='ltr'><strong>ἐκφέροντας</strong></span> <span class='ocrx_word' id='word_1_106' title='bbox 1482 1384 1577 1436; x_wconf 78' lang='grc' dir='ltr'>καὶ</span> <span class='ocrx_word' id='word_1_107' title='bbox 1611 1384 1801 1448; x_wconf 81' lang='grc' dir='ltr'>ὁπλάς.</span> <span class='ocrx_word' id='word_1_108' title='bbox 1835 1403 1855 1438; x_wconf 76' lang='grc' dir='ltr'><strong>ι</strong></span> 
     </span>
    </p>
   </div>
   <div class='ocr_carea' id='block_1_17' title="bbox 290 1460 1858 1536">
    <p class='ocr_par' dir='ltr' id='par_1_17' title="bbox 290 1460 1858 1536">
     <span class='ocr_line' id='line_1_17' title="bbox 290 1460 1858 1536; baseline 0.004 -17"><span class='ocrx_word' id='word_1_109' title='bbox 290 1460 452 1520; x_wconf 83' lang='grc' dir='ltr'>ῡῦτοι</span> <span class='ocrx_word' id='word_1_110' title='bbox 483 1467 561 1531; x_wconf 80' lang='grc' dir='ltr'>δὲ,</span> <span class='ocrx_word' id='word_1_111' title='bbox 589 1469 638 1520; x_wconf 87' lang='lat' dir='ltr'><strong>oi</strong></span> <span class='ocrx_word' id='word_1_112' title='bbox 667 1469 766 1532; x_wconf 84' lang='grc' dir='ltr'>τὰς</span> <span class='ocrx_word' id='word_1_113' title='bbox 785 1467 1040 1531; x_wconf 81' lang='grc' dir='ltr'>τοιαύτας</span> <span class='ocrx_word' id='word_1_114' title='bbox 1070 1468 1261 1532; x_wconf 82' lang='grc' dir='ltr'>θυσίας</span> <span class='ocrx_word' id='word_1_115' title='bbox 1287 1469 1384 1534; x_wconf 80' lang='grc' dir='ltr'>τὰς</span> <span class='ocrx_word' id='word_1_116' title='bbox 1423 1470 1711 1536; x_wconf 83' lang='grc' dir='ltr'>Ἰουδαῖκὰς</span> <span class='ocrx_word' id='word_1_117' title='bbox 1735 1474 1858 1526; x_wconf 75' lang='grc' dir='ltr'>ἐπι-</span> 
     </span>
    </p>
   </div>
   <div class='ocr_carea' id='block_1_18' title="bbox 286 1560 1862 1632">
    <p class='ocr_par' dir='ltr' id='par_1_18' title="bbox 286 1560 1862 1632">
     <span class='ocr_line' id='line_1_18' title="bbox 286 1560 1862 1632; baseline 0.004 -18"><span class='ocrx_word' id='word_1_118' title='bbox 286 1561 588 1625; x_wconf 82' lang='grc' dir='ltr'><strong>τελοῦντες,</strong></span> <span class='ocrx_word' id='word_1_119' title='bbox 627 1563 722 1614; x_wconf 78' lang='grc' dir='ltr'>καὶ</span> <span class='ocrx_word' id='word_1_120' title='bbox 746 1563 811 1614; x_wconf 80' lang='grc' dir='ltr'>ὲκ</span> <span class='ocrx_word' id='word_1_121' title='bbox 832 1560 926 1614; x_wconf 90' lang='grc' dir='ltr'><strong>τοῦ</strong></span> <span class='ocrx_word' id='word_1_122' title='bbox 958 1563 1188 1630; x_wconf 76' lang='grc' dir='ltr'>αἵματος</span> <span class='ocrx_word' id='word_1_123' title='bbox 1217 1563 1396 1617; x_wconf 78' lang='grc' dir='ltr'>αὐτῶν</span> <span class='ocrx_word' id='word_1_124' title='bbox 1418 1564 1516 1628; x_wconf 78' lang='grc' dir='ltr'>τὰς</span> <span class='ocrx_word' id='word_1_125' title='bbox 1541 1564 1698 1632; x_wconf 73' lang='grc' dir='ltr'>φὶιὰς</span> <span class='ocrx_word' id='word_1_126' title='bbox 1734 1566 1862 1619; x_wconf 85' lang='grc' dir='ltr'>’1ου-</span> 
     </span>
    </p>
   </div>
   <div class='ocr_carea' id='block_1_19' title="bbox 285 1652 1854 1728">
    <p class='ocr_par' dir='ltr' id='par_1_19' title="bbox 285 1652 1854 1728">
     <span class='ocr_line' id='line_1_19' title="bbox 285 1652 1854 1728; baseline 0.004 -23"><span class='ocrx_word' id='word_1_127' title='bbox 285 1652 489 1716; x_wconf 80' lang='grc' dir='ltr'>δαῖκῶς</span> <span class='ocrx_word' id='word_1_128' title='bbox 517 1654 782 1725; x_wconf 87' lang='grc' dir='ltr'>χρίοντες,</span> <span class='ocrx_word' id='word_1_129' title='bbox 814 1654 912 1706; x_wconf 82' lang='grc' dir='ltr'><strong>καί</strong></span> <span class='ocrx_word' id='word_1_130' title='bbox 945 1657 1004 1708; x_wconf 77' lang='grc' dir='ltr'>ἐν</span> <span class='ocrx_word' id='word_1_131' title='bbox 1027 1654 1218 1719; x_wconf 81' lang='grc' dir='ltr'>αὑταῖς</span> <span class='ocrx_word' id='word_1_132' title='bbox 1251 1655 1386 1726; x_wconf 77' lang='grc'><strong>(56),</strong></span> <span class='ocrx_word' id='word_1_133' title='bbox 1415 1656 1510 1710; x_wconf 79' lang='grc' dir='ltr'>καὶ</span> <span class='ocrx_word' id='word_1_134' title='bbox 1529 1657 1607 1728; x_wconf 81' lang='grc' dir='ltr'><strong>τῷ</strong></span> <span class='ocrx_word' id='word_1_135' title='bbox 1638 1657 1854 1728; x_wconf 82' lang='grc' dir='ltr'><strong>Πάσχα,</strong></span> 
     </span>
    </p>
   </div>
   <div class='ocr_carea' id='block_1_20' title="bbox 289 1747 1850 1818">
    <p class='ocr_par' dir='ltr' id='par_1_20' title="bbox 289 1747 1850 1818">
     <span class='ocr_line' id='line_1_20' title="bbox 289 1747 1850 1818; baseline 0.003 -19"><span class='ocrx_word' id='word_1_136' title='bbox 289 1747 413 1800; x_wconf 53' lang='grc' dir='ltr'><strong>ἀντὶ⁸</strong></span> <span class='ocrx_word' id='word_1_137' title='bbox 433 1747 524 1800; x_wconf 82' lang='grc' dir='ltr'><strong>τοῦ</strong></span> <span class='ocrx_word' id='word_1_138' title='bbox 544 1747 789 1818; x_wconf 79' lang='grc' dir='ltr'>σώματος</span> <span class='ocrx_word' id='word_1_139' title='bbox 815 1747 907 1799; x_wconf 91' lang='grc' dir='ltr'><strong>τοῦ</strong></span> <span class='ocrx_word' id='word_1_140' title='bbox 931 1747 1187 1817; x_wconf 85' lang='grc' dir='ltr'>Χριστοῦ,</span> <span class='ocrx_word' id='word_1_141' title='bbox 1210 1748 1268 1813; x_wconf 80' lang='grc' dir='ltr'>ἐξ</span> <span class='ocrx_word' id='word_1_142' title='bbox 1288 1749 1470 1801; x_wconf 74' lang='grc' dir='ltr'>αὐτῶν</span> <span class='ocrx_word' id='word_1_143' title='bbox 1495 1749 1850 1818; x_wconf 80' lang='grc' dir='ltr'>μεταλαμσά-</span> 
     </span>
    </p>
   </div>
   <div class='ocr_carea' id='block_1_21' title="bbox 283 1839 1848 1908">
    <p class='ocr_par' dir='ltr' id='par_1_21' title="bbox 283 1839 1848 1908">
     <span class='ocr_line' id='line_1_21' title="bbox 283 1839 1848 1908; baseline 0.001 -18"><span class='ocrx_word' id='word_1_144' title='bbox 283 1855 487 1902; x_wconf 83' lang='grc' dir='ltr'>νοντες,</span> <span class='ocrx_word' id='word_1_145' title='bbox 520 1841 614 1892; x_wconf 71' lang='grc' dir='ltr'>καὶ</span> <span class='ocrx_word' id='word_1_146' title='bbox 641 1839 830 1892; x_wconf 82' lang='grc' dir='ltr'>ὀστοῦν</span> <span class='ocrx_word' id='word_1_147' title='bbox 872 1839 1055 1893; x_wconf 78' lang='grc' dir='ltr'>αὐτῶν</span> <span class='ocrx_word' id='word_1_148' title='bbox 1097 1839 1458 1908; x_wconf 79' lang='grc' dir='ltr'>φυλάττοντες</span> <span class='ocrx_word' id='word_1_149' title='bbox 1511 1841 1562 1892; x_wconf 77' lang='grc' dir='ltr'>οἱ</span> <span class='ocrx_word' id='word_1_150' title='bbox 1609 1841 1848 1904; x_wconf 79' lang='grc' dir='ltr'>ἀσεϐεῖς,</span> 
     </span>
    </p>
   </div>
   <div class='ocr_carea' id='block_1_22' title="bbox 280 1927 1845 2002">
    <p class='ocr_par' dir='ltr' id='par_1_22' title="bbox 280 1927 1845 2002">
     <span class='ocr_line' id='line_1_22' title="bbox 280 1927 1845 2002; baseline 0.002 -19"><span class='ocrx_word' id='word_1_151' title='bbox 280 1931 342 1982; x_wconf 77' lang='grc' dir='ltr'>οὗ</span> <span class='ocrx_word' id='word_1_152' title='bbox 376 1933 656 2000; x_wconf 79' lang='grc' dir='ltr'>φρίττουσι</span> <span class='ocrx_word' id='word_1_153' title='bbox 678 1948 693 1997; x_wconf 89' lang='grc'><strong>;</strong></span> <span class='ocrx_word' id='word_1_154' title='bbox 719 1933 814 1995; x_wconf 88' lang='grc' dir='ltr'>Τίς</span> <span class='ocrx_word' id='word_1_155' title='bbox 831 1927 924 1984; x_wconf 81' lang='grc' dir='ltr'><strong>οῦν</strong></span> <span class='ocrx_word' id='word_1_156' title='bbox 941 1933 1215 1995; x_wconf 82' lang='grc' dir='ltr'>τοιούτους</span> <span class='ocrx_word' id='word_1_157' title='bbox 1233 1933 1299 1984; x_wconf 72' lang='grc' dir='ltr'>οὐ</span> <span class='ocrx_word' id='word_1_158' title='bbox 1317 1931 1601 1993; x_wconf 86' lang='grc' dir='ltr'>Ἰουδαίους</span> <span class='ocrx_word' id='word_1_159' title='bbox 1624 1932 1845 2002; x_wconf 77' lang='grc' dir='ltr'>μᾶλλον,</span> 
     </span>
    </p>
   </div>
   <div class='ocr_carea' id='block_1_23' title="bbox 281 2022 1563 2092">
    <p class='ocr_par' dir='ltr' id='par_1_23' title="bbox 281 2022 1563 2092">
     <span class='ocr_line' id='line_1_23' title="bbox 281 2022 1563 2092; baseline 0 -16"><span class='ocrx_word' id='word_1_160' title='bbox 281 2023 376 2076; x_wconf 79' lang='grc' dir='ltr'>καὶ</span> <span class='ocrx_word' id='word_1_161' title='bbox 407 2023 524 2092; x_wconf 76' lang='grc' dir='ltr'>οὐχὶ</span> <span class='ocrx_word' id='word_1_162' title='bbox 558 2023 917 2092; x_wconf 81' lang='grc' dir='ltr'>Χριστιανοὺς</span> <span class='ocrx_word' id='word_1_163' title='bbox 947 2023 1274 2075; x_wconf 84' lang='grc' dir='ltr'>άποκαλέσει</span> <span class='ocrx_word' id='word_1_164' title='bbox 1304 2022 1563 2089; x_wconf 48' lang='grc' dir='ltr'>ἐνδίκως</span> 
     </span>
    </p>
   </div>
   <div class='ocr_carea' id='block_1_24' title="bbox 833 2155 1316 2211">
    <p class='ocr_par' dir='ltr' id='par_1_24' title="bbox 833 2155 1316 2211">
     <span class='ocr_line' id='line_1_24' title="bbox 833 2155 1316 2211; baseline 0.002 -1"><span class='ocrx_word' id='word_1_165' title='bbox 833 2155 1229 2210; x_wconf 76' lang='grc' dir='ltr'><strong>ΚΕΦΑΛΑΙΟΝ</strong></span> <span class='ocrx_word' id='word_1_166' title='bbox 1263 2156 1316 2211; x_wconf 82' lang='grc' dir='ltr'><strong>ι’.</strong></span> 
     </span>
    </p>
   </div>
   <div class='ocr_carea' id='block_1_25' title="bbox 281 2269 1845 2343">
    <p class='ocr_par' dir='ltr' id='par_1_25' title="bbox 281 2269 1845 2343">
     <span class='ocr_line' id='line_1_25' title="bbox 281 2269 1845 2343; baseline 0.001 -16"><span class='ocrx_word' id='word_1_167' title='bbox 281 2273 415 2341; x_wconf 75' lang='grc' dir='ltr'>Περὶ</span> <span class='ocrx_word' id='word_1_168' title='bbox 465 2269 554 2327; x_wconf 82' lang='grc' dir='ltr'><strong>ὧν</strong></span> <span class='ocrx_word' id='word_1_169' title='bbox 595 2274 1084 2343; x_wconf 69' lang='grc' dir='ltr'>,βλασφημοῦσιν</span> <span class='ocrx_word' id='word_1_170' title='bbox 1149 2275 1203 2326; x_wconf 85' lang='grc' dir='ltr'><strong>οί</strong></span> <span class='ocrx_word' id='word_1_171' title='bbox 1230 2272 1538 2343; x_wconf 46' lang='grc' dir='ltr'><strong>ΔἈρμένιοι</strong></span> <span class='ocrx_word' id='word_1_172' title='bbox 1593 2275 1680 2339; x_wconf 75' lang='grc' dir='ltr'>εὶς</span> <span class='ocrx_word' id='word_1_173' title='bbox 1738 2275 1845 2328; x_wconf 81' lang='grc' dir='ltr'><strong>τὸν</strong></span> 
     </span>
    </p>
   </div>
   <div class='ocr_carea' id='block_1_26' title="bbox 417 2341 1659 2412">
    <p class='ocr_par' dir='ltr' id='par_1_26' title="bbox 417 2341 1659 2412">
     <span class='ocr_line' id='line_1_26' title="bbox 417 2341 1659 2412; baseline -0.001 -15"><span class='ocrx_word' id='word_1_174' title='bbox 417 2346 717 2412; x_wconf 76' lang='grc' dir='ltr'>σταυρὸν,</span> <span class='ocrx_word' id='word_1_175' title='bbox 753 2341 1424 2402; x_wconf 27' lang='grc' dir='ltr'>καὶίκαταὸαπτίζουσιν</span> <span class='ocrx_word' id='word_1_176' title='bbox 1452 2345 1659 2396; x_wconf 77' lang='grc' dir='ltr'><strong>αὐτόν.</strong></span> 
     </span>
    </p>
   </div>
   <div class='ocr_carea' id='block_1_27' title="bbox 346 2453 1840 2525">
    <p class='ocr_par' dir='ltr' id='par_1_27' title="bbox 346 2453 1840 2525">
     <span class='ocr_line' id='line_1_27' title="bbox 346 2453 1840 2525; baseline -0.004 -13"><span class='ocrx_word' id='word_1_177' title='bbox 346 2460 422 2512; x_wconf 78' lang='lat' dir='ltr'><strong>A&#39;.</strong></span> <span class='ocrx_word' id='word_1_178' title='bbox 473 2455 638 2509; x_wconf 81' lang='grc' dir='ltr'>Ἀλλά</span> <span class='ocrx_word' id='word_1_179' title='bbox 661 2455 770 2525; x_wconf 85' lang='grc' dir='ltr'><strong>γὰρ</strong></span> <span class='ocrx_word' id='word_1_180' title='bbox 799 2453 892 2508; x_wconf 83' lang='grc' dir='ltr'>καὶ</span> <span class='ocrx_word' id='word_1_181' title='bbox 921 2453 1012 2507; x_wconf 82' lang='grc' dir='ltr'><strong>τὸν</strong></span> <span class='ocrx_word' id='word_1_182' title='bbox 1040 2454 1210 2507; x_wconf 85' lang='grc' dir='ltr'>τύπον</span> <span class='ocrx_word' id='word_1_183' title='bbox 1247 2453 1338 2506; x_wconf 87' lang='grc' dir='ltr'><strong>τοῦ</strong></span> <span class='ocrx_word' id='word_1_184' title='bbox 1368 2453 1636 2517; x_wconf 80' lang='grc' dir='ltr'>ζωοποιοῦ</span> <span class='ocrx_word' id='word_1_185' title='bbox 1672 2472 1840 2507; x_wconf 86' lang='grc' dir='ltr'>σταυ-</span> 
     </span>
    </p>
   </div>
   <div class='ocr_carea' id='block_1_28' title="bbox 275 2545 1841 2620">
    <p class='ocr_par' dir='ltr' id='par_1_28' title="bbox 275 2545 1841 2620">
     <span class='ocr_line' id='line_1_28' title="bbox 275 2545 1841 2620; baseline -0.003 -17"><span class='ocrx_word' id='word_1_186' title='bbox 275 2550 391 2620; x_wconf 89' lang='grc' dir='ltr'>ροῦ,</span> <span class='ocrx_word' id='word_1_187' title='bbox 427 2549 488 2602; x_wconf 78' lang='grc' dir='ltr'>ὃν</span> <span class='ocrx_word' id='word_1_188' title='bbox 521 2551 684 2619; x_wconf 76' lang='grc' dir='ltr'>ἡμεῖς</span> <span class='ocrx_word' id='word_1_189' title='bbox 727 2547 826 2616; x_wconf 85' lang='grc' dir='ltr'>μὲν</span> <span class='ocrx_word' id='word_1_190' title='bbox 880 2545 1242 2609; x_wconf 77' lang='grc' dir='ltr'>ἒκτυποῦντες</span> <span class='ocrx_word' id='word_1_191' title='bbox 1302 2545 1665 2614; x_wconf 78' lang='grc' dir='ltr'>άγιαζόμεθα,</span> <span class='ocrx_word' id='word_1_192' title='bbox 1697 2548 1745 2600; x_wconf 84' lang='lat' dir='ltr'><strong>oi</strong></span> <span class='ocrx_word' id='word_1_193' title='bbox 1783 2546 1841 2599; x_wconf 73' lang='grc' dir='ltr'>δὲ</span> 
     </span>
    </p>
   </div>
   <div class='ocr_carea' id='block_1_29' title="bbox 270 2635 1843 2711">
    <p class='ocr_par' dir='ltr' id='par_1_29' title="bbox 270 2635 1843 2711">
     <span class='ocr_line' id='line_1_29' title="bbox 270 2635 1843 2711; baseline -0.001 -17"><span class='ocrx_word' id='word_1_194' title='bbox 270 2643 522 2711; x_wconf 85' lang='grc' dir='ltr'>δαίμονες</span> <span class='ocrx_word' id='word_1_195' title='bbox 567 2638 960 2694; x_wconf 77' lang='grc' dir='ltr'>ἀπελαύνονται</span> <span class='ocrx_word' id='word_1_196' title='bbox 988 2678 1004 2703; x_wconf 92' lang='grc'><strong>,</strong></span> <span class='ocrx_word' id='word_1_197' title='bbox 1035 2635 1180 2692; x_wconf 86' lang='grc' dir='ltr'>οὗτοι</span> <span class='ocrx_word' id='word_1_198' title='bbox 1215 2639 1264 2691; x_wconf 86' lang='lat' dir='ltr'><strong>oi</strong></span> <span class='ocrx_word' id='word_1_199' title='bbox 1304 2638 1632 2707; x_wconf 81' lang='grc' dir='ltr'>θεοστυγεῖς,</span> <span class='ocrx_word' id='word_1_200' title='bbox 1662 2639 1736 2708; x_wconf 84' lang='grc' dir='ltr'>μὴ</span> <span class='ocrx_word' id='word_1_201' title='bbox 1764 2635 1843 2692; x_wconf 71' lang='grc' dir='ltr'><strong>εἴ·</strong></span> 
     </span>
    </p>
   </div>
   <div class='ocr_carea' id='block_1_30' title="bbox 269 2729 1838 2802">
    <p class='ocr_par' dir='ltr' id='par_1_30' title="bbox 269 2729 1838 2802">
     <span class='ocr_line' id='line_1_30' title="bbox 269 2729 1838 2802; baseline -0.005 -13"><span class='ocrx_word' id='word_1_202' title='bbox 269 2753 356 2789; x_wconf 89' lang='grc' dir='ltr'><strong>ναι</strong></span> <span class='ocrx_word' id='word_1_203' title='bbox 373 2734 548 2802; x_wconf 81' lang='grc' dir='ltr'>ἆγιον,</span> <span class='ocrx_word' id='word_1_204' title='bbox 573 2733 709 2802; x_wconf 77' lang='grc' dir='ltr'>μήτε</span> <span class='ocrx_word' id='word_1_205' title='bbox 740 2731 1015 2801; x_wconf 72' lang='grc' dir='ltr'>ὠφέλιμον</span> <span class='ocrx_word' id='word_1_206' title='bbox 1040 2731 1291 2799; x_wconf 89' lang='grc' dir='ltr'>λέγουσιν</span> <span class='ocrx_word' id='word_1_207' title='bbox 1317 2747 1330 2762; x_wconf 91' lang='grc'><strong>·</strong></span> <span class='ocrx_word' id='word_1_208' title='bbox 1352 2730 1486 2785; x_wconf 80' lang='grc' dir='ltr'>ἁλλὰ</span> <span class='ocrx_word' id='word_1_209' title='bbox 1506 2729 1594 2782; x_wconf 87' lang='grc' dir='ltr'><strong>διά</strong></span> <span class='ocrx_word' id='word_1_210' title='bbox 1613 2729 1710 2799; x_wconf 80' lang='grc' dir='ltr'>τῆς</span> <span class='ocrx_word' id='word_1_211' title='bbox 1726 2729 1838 2800; x_wconf 70' lang='lat'><strong>(37)</strong></span> 
     </span>
    </p>
   </div>
   <div class='ocr_carea' id='block_1_31' title="bbox 268 2817 1838 2894">
    <p class='ocr_par' dir='ltr' id='par_1_31' title="bbox 268 2817 1838 2894">
     <span class='ocr_line' id='line_1_31' title="bbox 268 2817 1838 2894; baseline -0.004 -15"><span class='ocrx_word' id='word_1_212' title='bbox 268 2825 478 2879; x_wconf 76' lang='grc' dir='ltr'>ἑαυτῶν</span> <span class='ocrx_word' id='word_1_213' title='bbox 525 2823 940 2894; x_wconf 76' lang='grc' dir='ltr'>αἰσχροκερδίας</span> <span class='ocrx_word' id='word_1_214' title='bbox 983 2823 1078 2875; x_wconf 75' lang='grc' dir='ltr'>καὶ</span> <span class='ocrx_word' id='word_1_215' title='bbox 1123 2819 1568 2890; x_wconf 85' lang='grc' dir='ltr'>γαστριμαργίας</span> <span class='ocrx_word' id='word_1_216' title='bbox 1622 2817 1719 2872; x_wconf 78' lang='grc' dir='ltr'>καὶ</span> <span class='ocrx_word' id='word_1_217' title='bbox 1749 2819 1838 2872; x_wconf 82' lang='grc' dir='ltr'><strong>διὰ</strong></span> 
     </span>
    </p>
   </div>
   <div class='ocr_carea' id='block_1_32' title="bbox 266 2908 1834 2987">
    <p class='ocr_par' dir='ltr' id='par_1_32' title="bbox 266 2908 1834 2987">
     <span class='ocr_line' id='line_1_32' title="bbox 266 2908 1834 2987; baseline -0.005 -17"><span class='ocrx_word' id='word_1_218' title='bbox 266 2920 366 2987; x_wconf 78' lang='grc' dir='ltr'>τῆς</span> <span class='ocrx_word' id='word_1_219' title='bbox 398 2917 632 2986; x_wconf 76' lang='grc' dir='ltr'>κρίσεως</span> <span class='ocrx_word' id='word_1_220' title='bbox 663 2914 770 2967; x_wconf 91' lang='grc' dir='ltr'><strong>τῶν</strong></span> <span class='ocrx_word' id='word_1_221' title='bbox 803 2913 1013 2980; x_wconf 83' lang='grc' dir='ltr'>ἀλόγων</span> <span class='ocrx_word' id='word_1_222' title='bbox 1047 2911 1270 2975; x_wconf 89' lang='grc' dir='ltr'>θυσιῶν,</span> <span class='ocrx_word' id='word_1_223' title='bbox 1301 2911 1390 2964; x_wconf 73' lang='grc' dir='ltr'><strong>τὸν</strong></span> <span class='ocrx_word' id='word_1_224' title='bbox 1417 2909 1648 2979; x_wconf 79' lang='grc' dir='ltr'>σταυρὸν</span> <span class='ocrx_word' id='word_1_225' title='bbox 1670 2908 1834 2976; x_wconf 84' lang='grc' dir='ltr'>ἁγιά-</span> 
     </span>
    </p>
   </div>
   <div class='ocr_carea' id='block_1_33' title="bbox 269 3000 1832 3074">
    <p class='ocr_par' dir='ltr' id='par_1_33' title="bbox 269 3000 1832 3074">
     <span class='ocr_line' id='line_1_33' title="bbox 269 3000 1832 3074; baseline -0.005 -14"><span class='ocrx_word' id='word_1_226' title='bbox 269 3007 457 3072; x_wconf 74' lang='grc' dir='ltr'>ξεσθαι</span> <span class='ocrx_word' id='word_1_227' title='bbox 484 3006 722 3074; x_wconf 83' lang='grc' dir='ltr'>λέγουσι,</span> <span class='ocrx_word' id='word_1_228' title='bbox 756 3005 851 3058; x_wconf 78' lang='grc' dir='ltr'><strong>καὶ</strong></span> <span class='ocrx_word' id='word_1_229' title='bbox 882 3004 942 3056; x_wconf 81' lang='grc' dir='ltr'><strong>οῦ</strong></span> <span class='ocrx_word' id='word_1_230' title='bbox 980 3003 1066 3056; x_wconf 81' lang='grc' dir='ltr'><strong>διὰ</strong></span> <span class='ocrx_word' id='word_1_231' title='bbox 1095 3001 1187 3055; x_wconf 88' lang='grc' dir='ltr'><strong>τοῦ</strong></span> <span class='ocrx_word' id='word_1_232' title='bbox 1226 3002 1357 3054; x_wconf 76' lang='grc' dir='ltr'>ἰδίου</span> <span class='ocrx_word' id='word_1_233' title='bbox 1416 3000 1832 3070; x_wconf 72' lang='grc' dir='ltr'>ἔκτυπώματος.</span> 
     </span>
    </p>
   </div>
   <div class='ocr_carea' id='block_1_34' title="bbox 268 3089 1836 3168">
    <p class='ocr_par' dir='ltr' id='par_1_34' title="bbox 268 3089 1836 3168">
     <span class='ocr_line' id='line_1_34' title="bbox 268 3089 1836 3168; baseline -0.004 -18"><span class='ocrx_word' id='word_1_234' title='bbox 268 3097 410 3168; x_wconf 79' lang='grc' dir='ltr'>Πρὸς</span> <span class='ocrx_word' id='word_1_235' title='bbox 432 3096 526 3160; x_wconf 84' lang='grc' dir='ltr'>οὓς</span> <span class='ocrx_word' id='word_1_236' title='bbox 541 3097 746 3149; x_wconf 86' lang='grc' dir='ltr'>δίκαιον</span> <span class='ocrx_word' id='word_1_237' title='bbox 769 3093 1135 3164; x_wconf 76' lang='grc' dir='ltr'>φθέγγεσθαιο</span> <span class='ocrx_word' id='word_1_238' title='bbox 1173 3093 1235 3143; x_wconf 85' lang='grc' dir='ltr'>Ὢ</span> <span class='ocrx_word' id='word_1_239' title='bbox 1281 3091 1578 3161; x_wconf 66' lang='grc' dir='ltr'>Ἀρμένιοι,</span> <span class='ocrx_word' id='word_1_240' title='bbox 1613 3089 1836 3160; x_wconf 73' lang='grc' dir='ltr'>ἅρματα</span> 
     </span>
    </p>
   </div>
   <div class='ocr_carea' id='block_1_35' title="bbox 263 3183 1833 3260">
    <p class='ocr_par' dir='ltr' id='par_1_35' title="bbox 263 3183 1833 3260">
     <span class='ocr_line' id='line_1_35' title="bbox 263 3183 1833 3260; baseline -0.007 -15"><span class='ocrx_word' id='word_1_241' title='bbox 263 3192 370 3245; x_wconf 89' lang='grc' dir='ltr'><strong>τῶν</strong></span> <span class='ocrx_word' id='word_1_242' title='bbox 403 3191 672 3260; x_wconf 78' lang='grc' dir='ltr'>δαιμόνων</span> <span class='ocrx_word' id='word_1_243' title='bbox 698 3205 712 3219; x_wconf 87' lang='grc'><strong>·</strong></span> <span class='ocrx_word' id='word_1_244' title='bbox 737 3189 787 3241; x_wconf 79' lang='grc' dir='ltr'><strong>εί</strong></span> <span class='ocrx_word' id='word_1_245' title='bbox 821 3188 920 3258; x_wconf 76' lang='grc' dir='ltr'>μὲν</span> <span class='ocrx_word' id='word_1_246' title='bbox 956 3187 1062 3256; x_wconf 82' lang='grc' dir='ltr'>γὰρ</span> <span class='ocrx_word' id='word_1_247' title='bbox 1116 3185 1293 3238; x_wconf 88' lang='grc' dir='ltr'>πάντα</span> <span class='ocrx_word' id='word_1_248' title='bbox 1331 3185 1400 3237; x_wconf 86' lang='grc' dir='ltr'>τὰ</span> <span class='ocrx_word' id='word_1_249' title='bbox 1435 3183 1542 3236; x_wconf 88' lang='grc' dir='ltr'><strong>τῶν</strong></span> <span class='ocrx_word' id='word_1_250' title='bbox 1572 3183 1833 3253; x_wconf 77' lang='grc' dir='ltr'><strong>Χριστια⁶</strong></span> 
     </span>
    </p>
   </div>
   <div class='ocr_carea' id='block_1_36' title="bbox 261 3272 1834 3352">
    <p class='ocr_par' dir='ltr' id='par_1_36' title="bbox 261 3272 1834 3352">
     <span class='ocr_line' id='line_1_36' title="bbox 261 3272 1834 3352; baseline -0.008 -16"><span class='ocrx_word' id='word_1_251' title='bbox 261 3284 369 3337; x_wconf 85' lang='grc' dir='ltr'>νῶν</span> <span class='ocrx_word' id='word_1_252' title='bbox 404 3281 676 3352; x_wconf 84' lang='grc' dir='ltr'>μυστήρια</span> <span class='ocrx_word' id='word_1_253' title='bbox 703 3281 731 3332; x_wconf 87' lang='lat'><strong>6</strong></span> <span class='ocrx_word' id='word_1_254' title='bbox 754 3279 922 3341; x_wconf 84' lang='grc' dir='ltr'>τύπος</span> <span class='ocrx_word' id='word_1_255' title='bbox 963 3276 1055 3330; x_wconf 88' lang='grc' dir='ltr'><strong>τοῦ</strong></span> <span class='ocrx_word' id='word_1_256' title='bbox 1089 3273 1323 3346; x_wconf 87' lang='grc' dir='ltr'>σταυροῦ</span> <span class='ocrx_word' id='word_1_257' title='bbox 1350 3273 1590 3342; x_wconf 77' lang='grc' dir='ltr'>ἁγιάζει,</span> <span class='ocrx_word' id='word_1_258' title='bbox 1623 3272 1717 3326; x_wconf 78' lang='grc' dir='ltr'>καὶ</span> <span class='ocrx_word' id='word_1_259' title='bbox 1743 3274 1834 3325; x_wconf 77' lang='grc' dir='ltr'>τὸν</span> 
     </span>
    </p>
   </div>
   <div class='ocr_carea' id='block_1_37' title="bbox 259 3359 1833 3444">
    <p class='ocr_par' dir='ltr' id='par_1_37' title="bbox 259 3359 1833 3444">
     <span class='ocr_line' id='line_1_37' title="bbox 259 3359 1833 3444; baseline -0.01 -14"><span class='ocrx_word' id='word_1_260' title='bbox 259 3375 425 3444; x_wconf 83' lang='grc' dir='ltr'>ἁρτον</span> <span class='ocrx_word' id='word_1_261' title='bbox 453 3373 613 3426; x_wconf 78' lang='grc' dir='ltr'>αὐτὸν</span> <span class='ocrx_word' id='word_1_262' title='bbox 641 3371 800 3440; x_wconf 91' lang='grc' dir='ltr'>σῶμα</span> <span class='ocrx_word' id='word_1_263' title='bbox 842 3366 1078 3440; x_wconf 80' lang='grc' dir='ltr'>Χριστοῦ</span> <span class='ocrx_word' id='word_1_264' title='bbox 1112 3366 1477 3432; x_wconf 77' lang='grc' dir='ltr'>ἀναδείκνυσι,</span> <span class='ocrx_word' id='word_1_265' title='bbox 1511 3365 1604 3417; x_wconf 79' lang='grc' dir='ltr'>καὶ</span> <span class='ocrx_word' id='word_1_266' title='bbox 1637 3365 1728 3417; x_wconf 75' lang='grc' dir='ltr'><strong>τὸν</strong></span> <span class='ocrx_word' id='word_1_267' title='bbox 1754 3359 1833 3416; x_wconf 80' lang='lat' dir='ltr'><strong>oi-</strong></span> 
     </span>
    </p>
   </div>
   <div class='ocr_carea' id='block_1_38' title="bbox 257 3453 1832 3532">
    <p class='ocr_par' dir='ltr' id='par_1_38' title="bbox 257 3453 1832 3532">
     <span class='ocr_line' id='line_1_38' title="bbox 257 3453 1832 3532; baseline -0.01 -13"><span class='ocrx_word' id='word_1_268' title='bbox 257 3483 349 3520; x_wconf 90' lang='grc' dir='ltr'><strong>νον</strong></span> <span class='ocrx_word' id='word_1_269' title='bbox 382 3463 560 3518; x_wconf 75' lang='grc' dir='ltr'>καὶτὸ</span> <span class='ocrx_word' id='word_1_270' title='bbox 592 3461 736 3532; x_wconf 75' lang='grc' dir='ltr'>ὕδωρ</span> <span class='ocrx_word' id='word_1_271' title='bbox 789 3455 931 3530; x_wconf 74' lang='grc' dir='ltr'>αἷμα</span> <span class='ocrx_word' id='word_1_272' title='bbox 965 3455 1202 3528; x_wconf 86' lang='grc' dir='ltr'>Χριστοῦ</span> <span class='ocrx_word' id='word_1_273' title='bbox 1239 3456 1475 3520; x_wconf 82' lang='grc' dir='ltr'>ὲκτελεί,</span> <span class='ocrx_word' id='word_1_274' title='bbox 1519 3455 1614 3506; x_wconf 74' lang='grc' dir='ltr'>καὶ</span> <span class='ocrx_word' id='word_1_275' title='bbox 1635 3453 1730 3523; x_wconf 82' lang='grc' dir='ltr'>τὴν</span> <span class='ocrx_word' id='word_1_276' title='bbox 1761 3455 1832 3506; x_wconf 82' lang='grc' dir='ltr'><strong>οι-</strong></span> 
     </span>
    </p>
   </div>
   <div class='ocr_carea' id='block_1_39' title="bbox 257 3540 1828 3627">
    <p class='ocr_par' dir='ltr' id='par_1_39' title="bbox 257 3540 1828 3627">
     <span class='ocr_line' id='line_1_39' title="bbox 257 3540 1828 3627; baseline -0.011 -14"><span class='ocrx_word' id='word_1_277' title='bbox 257 3557 492 3627; x_wconf 76' lang='grc' dir='ltr'>κοδομὴν</span> <span class='ocrx_word' id='word_1_278' title='bbox 517 3557 614 3626; x_wconf 82' lang='grc' dir='ltr'>τῆς</span> <span class='ocrx_word' id='word_1_279' title='bbox 640 3552 966 3623; x_wconf 81' lang='grc' dir='ltr'>Ἐκκλησίας</span> <span class='ocrx_word' id='word_1_280' title='bbox 998 3550 1124 3604; x_wconf 72' lang='grc' dir='ltr'>ναὸν</span> <span class='ocrx_word' id='word_1_281' title='bbox 1149 3547 1284 3602; x_wconf 84' lang='grc' dir='ltr'>Θεοῦ</span> <span class='ocrx_word' id='word_1_282' title='bbox 1318 3546 1412 3601; x_wconf 75' lang='grc' dir='ltr'>καὶ</span> <span class='ocrx_word' id='word_1_283' title='bbox 1439 3540 1587 3599; x_wconf 75' lang='grc' dir='ltr'>οἷκον</span> <span class='ocrx_word' id='word_1_284' title='bbox 1621 3545 1828 3617; x_wconf 86' lang='grc' dir='ltr'>Κυρίου</span> 
     </span>
    </p>
   </div>
   <div class='ocr_carea' id='block_1_40' title="bbox 254 3631 1828 3713">
    <p class='ocr_par' dir='ltr' id='par_1_40' title="bbox 254 3631 1828 3713">
     <span class='ocr_line' id='line_1_40' title="bbox 254 3631 1828 3713; baseline -0.011 -7"><span class='ocrx_word' id='word_1_285' title='bbox 254 3649 678 3712; x_wconf 73' lang='grc' dir='ltr'>κατασκευάζει,</span> <span class='ocrx_word' id='word_1_286' title='bbox 711 3644 805 3698; x_wconf 65' lang='grc' dir='ltr'><strong>κα)⁸</strong></span> <span class='ocrx_word' id='word_1_287' title='bbox 844 3643 903 3696; x_wconf 86' lang='grc' dir='ltr'><strong>τδ</strong></span> <span class='ocrx_word' id='word_1_288' title='bbox 931 3643 1123 3713; x_wconf 88' lang='grc' dir='ltr'>μύρον,</span> <span class='ocrx_word' id='word_1_289' title='bbox 1165 3642 1260 3692; x_wconf 73' lang='grc' dir='ltr'><strong>καὶ</strong></span> <span class='ocrx_word' id='word_1_290' title='bbox 1301 3639 1362 3692; x_wconf 81' lang='grc' dir='ltr'>τὸ</span> <span class='ocrx_word' id='word_1_291' title='bbox 1417 3637 1616 3700; x_wconf 76' lang='grc' dir='ltr'>ἔλαιον,</span> <span class='ocrx_word' id='word_1_292' title='bbox 1647 3635 1708 3701; x_wconf 79' lang='grc' dir='ltr'>ἐξ</span> <span class='ocrx_word' id='word_1_293' title='bbox 1751 3631 1828 3690; x_wconf 86' lang='grc' dir='ltr'><strong>ῶν</strong></span> 
     </span>
    </p>
   </div>
   <div class='ocr_carea' id='block_1_41' title="bbox 251 3729 1824 3812">
    <p class='ocr_par' dir='ltr' id='par_1_41' title="bbox 251 3729 1824 3812">
     <span class='ocr_line' id='line_1_41' title="bbox 251 3729 1824 3812; baseline -0.01 -14"><span class='ocrx_word' id='word_1_294' title='bbox 251 3743 304 3798; x_wconf 80' lang='grc' dir='ltr'>οι</span> <span class='ocrx_word' id='word_1_295' title='bbox 334 3737 652 3812; x_wconf 76' lang='grc' dir='ltr'>Χριστιανοὶ</span> <span class='ocrx_word' id='word_1_296' title='bbox 677 3733 996 3804; x_wconf 77' lang='grc' dir='ltr'>ἁγιάζονται</span> <span class='ocrx_word' id='word_1_297' title='bbox 1025 3731 1337 3802; x_wconf 87' lang='grc' dir='ltr'>χριόμενοι,</span> <span class='ocrx_word' id='word_1_298' title='bbox 1369 3729 1464 3783; x_wconf 74' lang='grc' dir='ltr'>καὶ</span> <span class='ocrx_word' id='word_1_299' title='bbox 1505 3729 1686 3782; x_wconf 60' lang='grc' dir='ltr'><strong>πιστοὶ⁵</strong></span> <span class='ocrx_word' id='word_1_300' title='bbox 1727 3745 1824 3784; x_wconf 87' lang='grc' dir='ltr'>κα-</span> 
     </span>
    </p>
   </div>
   <div class='ocr_carea' id='block_1_42' title="bbox 250 3817 1826 3898">
    <p class='ocr_par' dir='ltr' id='par_1_42' title="bbox 250 3817 1826 3898">
     <span class='ocr_line' id='line_1_42' title="bbox 250 3817 1826 3898; baseline -0.01 -11"><span class='ocrx_word' id='word_1_301' title='bbox 250 3832 494 3895; x_wconf 88' lang='grc' dir='ltr'>λοῦνται,</span> <span class='ocrx_word' id='word_1_302' title='bbox 524 3831 620 3884; x_wconf 82' lang='grc' dir='ltr'><strong>καὶ</strong></span> <span class='ocrx_word' id='word_1_303' title='bbox 641 3829 698 3882; x_wconf 79' lang='grc' dir='ltr'>ὲν</span> <span class='ocrx_word' id='word_1_304' title='bbox 729 3823 1040 3898; x_wconf 82' lang='grc' dir='ltr'>προσώποις</span> <span class='ocrx_word' id='word_1_305' title='bbox 1071 3822 1252 3877; x_wconf 81' lang='grc' dir='ltr'>αὐτῶν</span> <span class='ocrx_word' id='word_1_306' title='bbox 1301 3821 1398 3874; x_wconf 76' lang='grc' dir='ltr'>καὶ</span> <span class='ocrx_word' id='word_1_307' title='bbox 1438 3817 1710 3891; x_wconf 82' lang='grc' dir='ltr'>μετώποις</span> <span class='ocrx_word' id='word_1_308' title='bbox 1731 3859 1747 3884; x_wconf 91' lang='grc'><strong>,</strong></span> <span class='ocrx_word' id='word_1_309' title='bbox 1776 3819 1826 3872; x_wconf 84' lang='lat' dir='ltr'><strong>oi</strong></span> 
     </span>
    </p>
   </div>
   <div class='ocr_carea' id='block_1_43' title="bbox 253 3907 1826 3977">
    <p class='ocr_par' dir='ltr' id='par_1_43' title="bbox 253 3907 1826 3977">
     <span class='ocr_line' id='line_1_43' title="bbox 253 3907 1826 3977; baseline -0.007 -2"><span class='ocrx_word' id='word_1_310' title='bbox 253 3921 438 3976; x_wconf 81' lang='grc' dir='ltr'>πιστοὶ</span> <span class='ocrx_word' id='word_1_311' title='bbox 464 3917 653 3972; x_wconf 91' lang='grc' dir='ltr'>τοῦτον</span> <span class='ocrx_word' id='word_1_312' title='bbox 681 3914 1067 3977; x_wconf 81' lang='grc' dir='ltr'>ὲκτυποῦντες,</span> <span class='ocrx_word' id='word_1_313' title='bbox 1093 3911 1164 3966; x_wconf 84' lang='grc' dir='ltr'>δι’</span> <span class='ocrx_word' id='word_1_314' title='bbox 1186 3907 1351 3965; x_wconf 81' lang='grc' dir='ltr'>αὐτοῦ</span> <span class='ocrx_word' id='word_1_315' title='bbox 1385 3912 1450 3963; x_wconf 81' lang='grc' dir='ltr'>ὲκ</span> <span class='ocrx_word' id='word_1_316' title='bbox 1494 3909 1605 3964; x_wconf 89' lang='grc' dir='ltr'><strong>τῶν</strong></span> <span class='ocrx_word' id='word_1_317' title='bbox 1651 3909 1826 3964; x_wconf 72' lang='grc' dir='ltr'>ἐθνῶν</span> 
     </span>
    </p>
   </div>
   <div class='ocr_carea' id='block_1_44' title="bbox 252 3999 1824 4073">
    <p class='ocr_par' dir='ltr' id='par_1_44' title="bbox 252 3999 1824 4073">
     <span class='ocr_line' id='line_1_44' title="bbox 252 3999 1824 4073; baseline -0.009 -9"><span class='ocrx_word' id='word_1_318' title='bbox 252 4017 350 4069; x_wconf 75' lang='grc' dir='ltr'>καὶ</span> <span class='ocrx_word' id='word_1_319' title='bbox 385 4007 628 4062; x_wconf 79' lang='grc' dir='ltr'>ἀπίστων</span> <span class='ocrx_word' id='word_1_320' title='bbox 678 4003 1049 4073; x_wconf 87' lang='grc' dir='ltr'>διακρίνονται</span> <span class='ocrx_word' id='word_1_321' title='bbox 1075 4018 1089 4033; x_wconf 77' lang='grc' dir='ltr'><strong><em>ο</em></strong></span> <span class='ocrx_word' id='word_1_322' title='bbox 1121 4001 1216 4055; x_wconf 76' lang='grc' dir='ltr'>καὶ</span> <span class='ocrx_word' id='word_1_323' title='bbox 1273 4001 1332 4052; x_wconf 81' lang='grc' dir='ltr'><strong>ὲν</strong></span> <span class='ocrx_word' id='word_1_324' title='bbox 1383 4001 1503 4062; x_wconf 83' lang='grc' dir='ltr'>ταῖς</span> <span class='ocrx_word' id='word_1_325' title='bbox 1555 3999 1824 4068; x_wconf 84' lang='grc' dir='ltr'>ἁσφαλαῖς</span> 
     </span>
    </p>
   </div>
   <div class='ocr_carea' id='block_1_45' title="bbox 249 4089 1822 4170">
    <p class='ocr_par' dir='ltr' id='par_1_45' title="bbox 249 4089 1822 4170">
     <span class='ocr_line' id='line_1_45' title="bbox 249 4089 1822 4170; baseline -0.008 -16"><span class='ocrx_word' id='word_1_326' title='bbox 249 4101 360 4153; x_wconf 88' lang='grc' dir='ltr'><strong>τῶν</strong></span> <span class='ocrx_word' id='word_1_327' title='bbox 388 4098 626 4170; x_wconf 88' lang='grc' dir='ltr'>χαρτίων</span> <span class='ocrx_word' id='word_1_328' title='bbox 655 4095 793 4166; x_wconf 76' lang='grc' dir='ltr'>πρὸς</span> <span class='ocrx_word' id='word_1_329' title='bbox 854 4094 1118 4146; x_wconf 84' lang='grc' dir='ltr'>πίστωσιν</span> <span class='ocrx_word' id='word_1_330' title='bbox 1154 4090 1264 4144; x_wconf 88' lang='grc' dir='ltr'><strong>τῶν</strong></span> <span class='ocrx_word' id='word_1_331' title='bbox 1299 4089 1698 4160; x_wconf 84' lang='grc' dir='ltr'>γεγραμμένων</span> <span class='ocrx_word' id='word_1_332' title='bbox 1725 4090 1822 4142; x_wconf 80' lang='grc' dir='ltr'><strong>ὲκ-</strong></span> 
     </span>
    </p>
   </div>
   <div class='ocr_carea' id='block_1_46' title="bbox 247 4180 1816 4258">
    <p class='ocr_par' dir='ltr' id='par_1_46' title="bbox 247 4180 1816 4258">
     <span class='ocr_line' id='line_1_46' title="bbox 247 4180 1816 4258; baseline -0.006 -14"><span class='ocrx_word' id='word_1_333' title='bbox 247 4189 548 4251; x_wconf 85' lang='grc' dir='ltr'>τυποῦντες</span> <span class='ocrx_word' id='word_1_334' title='bbox 584 4187 820 4258; x_wconf 82' lang='grc' dir='ltr'>σταυρὸν</span> <span class='ocrx_word' id='word_1_335' title='bbox 848 4185 938 4238; x_wconf 78' lang='grc' dir='ltr'><strong>διὰ</strong></span> <span class='ocrx_word' id='word_1_336' title='bbox 980 4184 1232 4255; x_wconf 84' lang='grc' dir='ltr'>μέλανος,</span> <span class='ocrx_word' id='word_1_337' title='bbox 1269 4182 1396 4245; x_wconf 84' lang='grc' dir='ltr'>τοὺς</span> <span class='ocrx_word' id='word_1_338' title='bbox 1425 4180 1612 4234; x_wconf 90' lang='grc' dir='ltr'>τοῦτον</span> <span class='ocrx_word' id='word_1_339' title='bbox 1644 4199 1816 4252; x_wconf 72' lang='grc' dir='ltr'>παραε-</span> 
     </span>
    </p>
   </div>
   <div class='ocr_carea' id='block_1_47' title="bbox 248 4269 1816 4348">
    <p class='ocr_par' dir='ltr' id='par_1_47' title="bbox 248 4269 1816 4348">
     <span class='ocr_line' id='line_1_47' title="bbox 248 4269 1816 4348; baseline -0.006 -16"><span class='ocrx_word' id='word_1_340' title='bbox 248 4279 533 4341; x_wconf 83' lang='grc' dir='ltr'>6αίνοντας</span> <span class='ocrx_word' id='word_1_341' title='bbox 563 4281 656 4330; x_wconf 69' lang='grc' dir='ltr'><strong>καὶ</strong></span> <span class='ocrx_word' id='word_1_342' title='bbox 683 4275 1073 4348; x_wconf 82' lang='grc' dir='ltr'>ἀρνουμένους,</span> <span class='ocrx_word' id='word_1_343' title='bbox 1104 4275 1179 4337; x_wconf 85' lang='grc' dir='ltr'>ὡς</span> <span class='ocrx_word' id='word_1_344' title='bbox 1197 4271 1434 4345; x_wconf 57' lang='grc' dir='ltr'>ἀρητὰς</span> <span class='ocrx_word' id='word_1_345' title='bbox 1452 4271 1546 4324; x_wconf 89' lang='grc' dir='ltr'><strong>τοῦ</strong></span> <span class='ocrx_word' id='word_1_346' title='bbox 1580 4269 1816 4342; x_wconf 86' lang='grc' dir='ltr'>Χριστοῦ</span> 
     </span>
    </p>
   </div>
   <div class='ocr_carea' id='block_1_48' title="bbox 1979 469 3546 549">
    <p class='ocr_par' dir='ltr' id='par_1_48' title="bbox 1979 469 3546 549">
     <span class='ocr_line' id='line_1_48' title="bbox 1979 469 3546 549; baseline 0.019 -29"><span class='ocrx_word' id='word_1_347' title='bbox 1979 469 2225 538; x_wconf 86' lang='lat' dir='ltr'><strong>victima,</strong></span> <span class='ocrx_word' id='word_1_348' title='bbox 2270 472 2446 542; x_wconf 85' lang='lat' dir='ltr'><strong>palam</strong></span> <span class='ocrx_word' id='word_1_349' title='bbox 2473 485 2578 541; x_wconf 89' lang='lat' dir='ltr'><strong>est,</strong></span> <span class='ocrx_word' id='word_1_350' title='bbox 2599 477 2862 546; x_wconf 87' lang='lat' dir='ltr'><strong>ejusmodi</strong></span> <span class='ocrx_word' id='word_1_351' title='bbox 2898 482 3094 538; x_wconf 80' lang='lat' dir='ltr'><strong>abillis</strong></span> <span class='ocrx_word' id='word_1_352' title='bbox 3133 485 3302 543; x_wconf 88' lang='lat' dir='ltr'><strong>factas</strong></span> <span class='ocrx_word' id='word_1_353' title='bbox 3343 492 3546 549; x_wconf 86' lang='lat' dir='ltr'><strong>hostias</strong></span> 
     </span>
    </p>
   </div>
   <div class='ocr_carea' id='block_1_49' title="bbox 1977 561 3542 638">
    <p class='ocr_par' dir='ltr' id='par_1_49' title="bbox 1977 561 3542 638">
     <span class='ocr_line' id='line_1_49' title="bbox 1977 561 3542 638; baseline 0.015 -24"><span class='ocrx_word' id='word_1_354' title='bbox 1977 561 2172 615; x_wconf 86' lang='lat' dir='ltr'><strong>nedum</strong></span> <span class='ocrx_word' id='word_1_355' title='bbox 2227 564 2308 618; x_wconf 93' lang='lat' dir='ltr'><strong>eis</strong></span> <span class='ocrx_word' id='word_1_356' title='bbox 2369 564 2598 619; x_wconf 82' lang='lat' dir='ltr'><strong>salutem</strong></span> <span class='ocrx_word' id='word_1_357' title='bbox 2655 584 2759 621; x_wconf 90' lang='lat' dir='ltr'><strong>non</strong></span> <span class='ocrx_word' id='word_1_358' title='bbox 2813 569 3083 637; x_wconf 80' lang='lat' dir='ltr'><strong>conferre,</strong></span> <span class='ocrx_word' id='word_1_359' title='bbox 3147 589 3330 632; x_wconf 89' lang='lat' dir='ltr'><strong>verum</strong></span> <span class='ocrx_word' id='word_1_360' title='bbox 3381 584 3542 638; x_wconf 90' lang='lat' dir='ltr'><strong>etiam</strong></span> 
     </span>
    </p>
   </div>
   <div class='ocr_carea' id='block_1_50' title="bbox 1971 648 3540 740">
    <p class='ocr_par' dir='ltr' id='par_1_50' title="bbox 1971 648 3540 740">
     <span class='ocr_line' id='line_1_50' title="bbox 1971 648 3540 740; baseline 0.016 -36"><span class='ocrx_word' id='word_1_361' title='bbox 1971 648 2184 706; x_wconf 71' lang='lat' dir='ltr'><strong>Judaaos</strong></span> <span class='ocrx_word' id='word_1_362' title='bbox 2204 654 2516 710; x_wconf 76' lang='lat' dir='ltr'><strong>ostendere.</strong></span> <span class='ocrx_word' id='word_1_363' title='bbox 2541 656 2648 723; x_wconf 87' lang='lat' dir='ltr'><strong>Qui</strong></span> <span class='ocrx_word' id='word_1_364' title='bbox 2694 674 2824 714; x_wconf 88' lang='lat' dir='ltr'><strong>vero</strong></span> <span class='ocrx_word' id='word_1_365' title='bbox 2857 676 2949 716; x_wconf 91' lang='lat' dir='ltr'><strong>eos</strong></span> <span class='ocrx_word' id='word_1_366' title='bbox 2960 663 3150 732; x_wconf 87' lang='lat' dir='ltr'><strong>juvare</strong></span> <span class='ocrx_word' id='word_1_367' title='bbox 3171 667 3285 739; x_wconf 80' lang='grc'><strong>(58)</strong></span> <span class='ocrx_word' id='word_1_368' title='bbox 3314 677 3540 740; x_wconf 86' lang='lat' dir='ltr'><strong>possint,</strong></span> 
     </span>
    </p>
   </div>
   <div class='ocr_carea' id='block_1_51' title="bbox 1972 749 3541 834">
    <p class='ocr_par' dir='ltr' id='par_1_51' title="bbox 1972 749 3541 834">
     <span class='ocr_line' id='line_1_51' title="bbox 1972 749 3541 834; baseline 0.018 -39"><span class='ocrx_word' id='word_1_369' title='bbox 1972 756 2091 796; x_wconf 90' lang='lat' dir='ltr'><strong>cum</strong></span> <span class='ocrx_word' id='word_1_370' title='bbox 2115 759 2308 812; x_wconf 85' lang='lat' dir='ltr'><strong>pecora</strong></span> <span class='ocrx_word' id='word_1_371' title='bbox 2338 763 2511 816; x_wconf 77' lang='lat' dir='ltr'><strong>neque</strong></span> <span class='ocrx_word' id='word_1_372' title='bbox 2536 749 2586 802; x_wconf 91' lang='lat' dir='ltr'><strong>in</strong></span> <span class='ocrx_word' id='word_1_373' title='bbox 2610 750 2896 806; x_wconf 82' lang='lat' dir='ltr'><strong>ecclesiam</strong></span> <span class='ocrx_word' id='word_1_374' title='bbox 2959 755 3347 829; x_wconf 75' lang='lat' dir='ltr'><strong>ingrediantur,</strong></span> <span class='ocrx_word' id='word_1_375' title='bbox 3369 781 3541 834; x_wconf 84' lang='lat' dir='ltr'><strong>neque</strong></span> 
     </span>
    </p>
   </div>
   <div class='ocr_carea' id='block_1_52' title="bbox 1971 835 3540 919">
    <p class='ocr_par' dir='ltr' id='par_1_52' title="bbox 1971 835 3540 919">
     <span class='ocr_line' id='line_1_52' title="bbox 1971 835 3540 919; baseline 0.015 -31"><span class='ocrx_word' id='word_1_376' title='bbox 1971 835 2400 903; x_wconf 85' lang='lat' dir='ltr'><strong>sanctificcntnr,</strong></span> <span class='ocrx_word' id='word_1_377' title='bbox 2458 855 2559 895; x_wconf 90' lang='lat' dir='ltr'><strong>nec</strong></span> <span class='ocrx_word' id='word_1_378' title='bbox 2623 842 2676 896; x_wconf 89' lang='lat' dir='ltr'><strong>in</strong></span> <span class='ocrx_word' id='word_1_379' title='bbox 2731 849 3102 901; x_wconf 89' lang='lat' dir='ltr'><strong>sanctuarium</strong></span> <span class='ocrx_word' id='word_1_380' title='bbox 3165 850 3388 919; x_wconf 87' lang='lat' dir='ltr'><strong>intrent,</strong></span> <span class='ocrx_word' id='word_1_381' title='bbox 3442 873 3540 912; x_wconf 88' lang='lat' dir='ltr'><strong>nec</strong></span> 
     </span>
    </p>
   </div>
   <div class='ocr_carea' id='block_1_53' title="bbox 1970 927 3538 1004">
    <p class='ocr_par' dir='ltr' id='par_1_53' title="bbox 1970 927 3538 1004">
     <span class='ocr_line' id='line_1_53' title="bbox 1970 927 3538 1004; baseline 0.015 -24"><span class='ocrx_word' id='word_1_382' title='bbox 1970 927 2128 995; x_wconf 90' lang='lat' dir='ltr'><strong>digna</strong></span> <span class='ocrx_word' id='word_1_383' title='bbox 2187 930 2510 996; x_wconf 88' lang='lat' dir='ltr'><strong>habeantur,</strong></span> <span class='ocrx_word' id='word_1_384' title='bbox 2558 948 2682 1004; x_wconf 69' lang='lat' dir='ltr'><strong>quas</strong></span> <span class='ocrx_word' id='word_1_385' title='bbox 2731 950 2945 991; x_wconf 85' lang='lat' dir='ltr'><strong>sacram</strong></span> <span class='ocrx_word' id='word_1_386' title='bbox 2981 955 3222 995; x_wconf 82' lang='lat' dir='ltr'><strong>mensam</strong></span> <span class='ocrx_word' id='word_1_387' title='bbox 3271 960 3538 1003; x_wconf 82' lang='lat' dir='ltr'><strong>conscen-</strong></span> 
     </span>
    </p>
   </div>
   <div class='ocr_carea' id='block_1_54' title="bbox 1969 1016 3533 1103">
    <p class='ocr_par' dir='ltr' id='par_1_54' title="bbox 1969 1016 3533 1103">
     <span class='ocr_line' id='line_1_54' title="bbox 1969 1016 3533 1103; baseline 0.017 -37"><span class='ocrx_word' id='word_1_388' title='bbox 1969 1016 2118 1079; x_wconf 91' lang='lat' dir='ltr'><strong>dant,</strong></span> <span class='ocrx_word' id='word_1_389' title='bbox 2153 1032 2326 1087; x_wconf 89' lang='lat' dir='ltr'><strong>neque</strong></span> <span class='ocrx_word' id='word_1_390' title='bbox 2359 1019 2522 1074; x_wconf 88' lang='lat' dir='ltr'><strong>ullam</strong></span> <span class='ocrx_word' id='word_1_391' title='bbox 2568 1037 2795 1092; x_wconf 79' lang='lat' dir='ltr'><strong>prorsus</strong></span> <span class='ocrx_word' id='word_1_392' title='bbox 2845 1027 3190 1083; x_wconf 86' lang='lat' dir='ltr'><strong>sanctitatem</strong></span> <span class='ocrx_word' id='word_1_393' title='bbox 3225 1035 3488 1103; x_wconf 88' lang='lat' dir='ltr'><strong>recipiant</strong></span> <span class='ocrx_word' id='word_1_394' title='bbox 3517 1055 3533 1092; x_wconf 87' lang='lat'><strong>:</strong></span> 
     </span>
    </p>
   </div>
   <div class='ocr_carea' id='block_1_55' title="bbox 1967 1106 3537 1186">
    <p class='ocr_par' dir='ltr' id='par_1_55' title="bbox 1967 1106 3537 1186">
     <span class='ocr_line' id='line_1_55' title="bbox 1967 1106 3537 1186; baseline 0.017 -33"><span class='ocrx_word' id='word_1_395' title='bbox 1967 1107 2114 1171; x_wconf 90' lang='lat' dir='ltr'><strong>quei,</strong></span> <span class='ocrx_word' id='word_1_396' title='bbox 2145 1106 2364 1175; x_wconf 85' lang='lat' dir='ltr'><strong>inquam</strong></span> <span class='ocrx_word' id='word_1_397' title='bbox 2386 1147 2402 1172; x_wconf 95' lang='lat'><strong>,</strong></span> <span class='ocrx_word' id='word_1_398' title='bbox 2450 1110 2646 1177; x_wconf 81' lang='lat' dir='ltr'><strong>quidve</strong></span> <span class='ocrx_word' id='word_1_399' title='bbox 2691 1111 2834 1178; x_wconf 90' lang='lat' dir='ltr'><strong>illos,</strong></span> <span class='ocrx_word' id='word_1_400' title='bbox 2871 1117 2961 1183; x_wconf 89' lang='lat' dir='ltr'><strong>qui</strong></span> <span class='ocrx_word' id='word_1_401' title='bbox 3013 1131 3078 1170; x_wconf 89' lang='lat' dir='ltr'><strong>ea</strong></span> <span class='ocrx_word' id='word_1_402' title='bbox 3111 1120 3439 1186; x_wconf 83' lang='lat' dir='ltr'><strong>sacriﬁcant,</strong></span> <span class='ocrx_word' id='word_1_403' title='bbox 3471 1140 3537 1180; x_wconf 89' lang='lat' dir='ltr'><strong>ac</strong></span> 
     </span>
    </p>
   </div>
   <div class='ocr_carea' id='block_1_56' title="bbox 1965 1200 3533 1272">
    <p class='ocr_par' dir='ltr' id='par_1_56' title="bbox 1965 1200 3533 1272">
     <span class='ocr_line' id='line_1_56' title="bbox 1965 1200 3533 1272; baseline 0.013 -25"><span class='ocrx_word' id='word_1_404' title='bbox 1965 1207 2152 1249; x_wconf 87' lang='lat' dir='ltr'><strong>eorum</strong></span> <span class='ocrx_word' id='word_1_405' title='bbox 2187 1200 2494 1268; x_wconf 84' lang='lat' dir='ltr'><strong>percipiunt</strong></span> <span class='ocrx_word' id='word_1_406' title='bbox 2517 1216 2732 1266; x_wconf 86' lang='lat' dir='ltr'><strong>carnes,</strong></span> <span class='ocrx_word' id='word_1_407' title='bbox 2758 1203 2847 1256; x_wconf 90' lang='lat' dir='ltr'><strong>illa</strong></span> <span class='ocrx_word' id='word_1_408' title='bbox 2869 1204 3148 1272; x_wconf 78' lang='lat' dir='ltr'><strong>juverint?</strong></span> <span class='ocrx_word' id='word_1_409' title='bbox 3181 1207 3335 1265; x_wconf 88' lang='lat' dir='ltr'><strong>Unde</strong></span> <span class='ocrx_word' id='word_1_410' title='bbox 3365 1213 3533 1268; x_wconf 85' lang='lat' dir='ltr'><strong>etiam</strong></span> 
     </span>
    </p>
   </div>
   <div class='ocr_carea' id='block_1_57' title="bbox 1964 1287 3529 1367">
    <p class='ocr_par' dir='ltr' id='par_1_57' title="bbox 1964 1287 3529 1367">
     <span class='ocr_line' id='line_1_57' title="bbox 1964 1287 3529 1367; baseline 0.012 -27"><span class='ocrx_word' id='word_1_411' title='bbox 1964 1287 2041 1340; x_wconf 90' lang='lat' dir='ltr'><strong>ait</strong></span> <span class='ocrx_word' id='word_1_412' title='bbox 2079 1287 2373 1359; x_wconf 84' lang='lat' dir='ltr'><strong>Gregorius</strong></span> <span class='ocrx_word' id='word_1_413' title='bbox 2427 1291 2804 1364; x_wconf 39' lang='lat' dir='ltr'><strong>Theologusl:</strong></span> <span class='ocrx_word' id='word_1_414' title='bbox 2865 1313 2898 1348; x_wconf 57' lang='grc' dir='ltr'><strong>«κ</strong></span> <span class='ocrx_word' id='word_1_415' title='bbox 2960 1296 3368 1367; x_wconf 81' lang='lat' dir='ltr'><strong>Sacriﬁcetnus,</strong></span> <span class='ocrx_word' id='word_1_416' title='bbox 3424 1321 3529 1360; x_wconf 92' lang='lat' dir='ltr'><strong>non</strong></span> 
     </span>
    </p>
   </div>
   <div class='ocr_carea' id='block_1_58' title="bbox 1961 1377 3531 1457">
    <p class='ocr_par' dir='ltr' id='par_1_58' title="bbox 1961 1377 3531 1457">
     <span class='ocr_line' id='line_1_58' title="bbox 1961 1377 3531 1457; baseline 0.011 -25"><span class='ocrx_word' id='word_1_417' title='bbox 1961 1377 2181 1445; x_wconf 87' lang='lat' dir='ltr'><strong>vitulos,</strong></span> <span class='ocrx_word' id='word_1_418' title='bbox 2213 1396 2387 1450; x_wconf 86' lang='lat' dir='ltr'><strong>neque</strong></span> <span class='ocrx_word' id='word_1_419' title='bbox 2424 1397 2591 1454; x_wconf 88' lang='lat' dir='ltr'><strong>agnos</strong></span> <span class='ocrx_word' id='word_1_420' title='bbox 2617 1399 2819 1440; x_wconf 84' lang='lat' dir='ltr'><strong>cornua</strong></span> <span class='ocrx_word' id='word_1_421' title='bbox 2858 1389 3219 1455; x_wconf 89' lang='lat' dir='ltr'><strong>producentes</strong></span> <span class='ocrx_word' id='word_1_422' title='bbox 3263 1402 3317 1446; x_wconf 92' lang='lat' dir='ltr'><strong>et</strong></span> <span class='ocrx_word' id='word_1_423' title='bbox 3355 1411 3531 1457; x_wconf 81' lang='lat' dir='ltr'><strong>ungu-</strong></span> 
     </span>
    </p>
   </div>
   <div class='ocr_carea' id='block_1_59' title="bbox 1959 1466 3530 1546">
    <p class='ocr_par' dir='ltr' id='par_1_59' title="bbox 1959 1466 3530 1546">
     <span class='ocr_line' id='line_1_59' title="bbox 1959 1466 3530 1546; baseline 0.013 -26"><span class='ocrx_word' id='word_1_424' title='bbox 1959 1466 2040 1523; x_wconf 89' lang='lat' dir='ltr'><strong>las</strong></span> <span class='ocrx_word' id='word_1_425' title='bbox 2083 1469 2213 1541; x_wconf 77' lang='lat'><strong>(59).</strong></span> <span class='ocrx_word' id='word_1_426' title='bbox 2254 1490 2274 1524; x_wconf 76' lang='grc' dir='ltr'><strong>ι</strong></span> <span class='ocrx_word' id='word_1_427' title='bbox 2307 1472 2374 1527; x_wconf 81' lang='lat' dir='ltr'><strong>iii</strong></span> <span class='ocrx_word' id='word_1_428' title='bbox 2407 1485 2614 1538; x_wconf 86' lang='lat' dir='ltr'><strong>autem,</strong></span> <span class='ocrx_word' id='word_1_429' title='bbox 2659 1477 2752 1546; x_wconf 89' lang='lat' dir='ltr'><strong>qui</strong></span> <span class='ocrx_word' id='word_1_430' title='bbox 2786 1475 3052 1544; x_wconf 79' lang='lat' dir='ltr'><strong>ejusmodi</strong></span> <span class='ocrx_word' id='word_1_431' title='bbox 3080 1478 3337 1536; x_wconf 81' lang='lat' dir='ltr'><strong>Judaicas</strong></span> <span class='ocrx_word' id='word_1_432' title='bbox 3373 1485 3530 1540; x_wconf 83' lang='lat' dir='ltr'><strong>victi-</strong></span> 
     </span>
    </p>
   </div>
   <div class='ocr_carea' id='block_1_60' title="bbox 1964 1560 3525 1638">
    <p class='ocr_par' dir='ltr' id='par_1_60' title="bbox 1964 1560 3525 1638">
     <span class='ocr_line' id='line_1_60' title="bbox 1964 1560 3525 1638; baseline 0.012 -27"><span class='ocrx_word' id='word_1_433' title='bbox 1964 1573 2078 1612; x_wconf 89' lang='lat' dir='ltr'><strong>mas</strong></span> <span class='ocrx_word' id='word_1_434' title='bbox 2114 1560 2337 1626; x_wconf 86' lang='lat' dir='ltr'><strong>faciant,</strong></span> <span class='ocrx_word' id='word_1_435' title='bbox 2385 1565 2585 1633; x_wconf 85' lang='lat' dir='ltr'><strong>quique</strong></span> <span class='ocrx_word' id='word_1_436' title='bbox 2617 1580 2683 1620; x_wconf 77' lang='lat' dir='ltr'><strong>ex</strong></span> <span class='ocrx_word' id='word_1_437' title='bbox 2725 1581 2910 1620; x_wconf 88' lang='lat' dir='ltr'><strong>eorum</strong></span> <span class='ocrx_word' id='word_1_438' title='bbox 2946 1571 3210 1638; x_wconf 79' lang='lat' dir='ltr'><strong>sanguine</strong></span> <span class='ocrx_word' id='word_1_439' title='bbox 3243 1572 3525 1630; x_wconf 84' lang='lat' dir='ltr'><strong>donmrum</strong></span> 
     </span>
    </p>
   </div>
   <div class='ocr_carea' id='block_1_61' title="bbox 1960 1649 3528 1727">
    <p class='ocr_par' dir='ltr' id='par_1_61' title="bbox 1960 1649 3528 1727">
     <span class='ocr_line' id='line_1_61' title="bbox 1960 1649 3528 1727; baseline 0.011 -26"><span class='ocrx_word' id='word_1_440' title='bbox 1960 1661 2146 1718; x_wconf 84' lang='lat' dir='ltr'><strong>postes</strong></span> <span class='ocrx_word' id='word_1_441' title='bbox 2177 1649 2482 1706; x_wconf 58' lang='lat' dir='ltr'><strong>Judaeorutn</strong></span> <span class='ocrx_word' id='word_1_442' title='bbox 2519 1669 2669 1710; x_wconf 89' lang='lat' dir='ltr'><strong>more</strong></span> <span class='ocrx_word' id='word_1_443' title='bbox 2696 1655 2964 1720; x_wconf 89' lang='lat' dir='ltr'><strong>oblinant,</strong></span> <span class='ocrx_word' id='word_1_444' title='bbox 2999 1667 3163 1727; x_wconf 89' lang='lat' dir='ltr'><strong>atque</strong></span> <span class='ocrx_word' id='word_1_445' title='bbox 3199 1661 3252 1714; x_wconf 92' lang='lat' dir='ltr'><strong>in</strong></span> <span class='ocrx_word' id='word_1_446' title='bbox 3277 1661 3433 1718; x_wconf 80' lang='lat' dir='ltr'><strong>festis</strong></span> <span class='ocrx_word' id='word_1_447' title='bbox 3463 1681 3528 1720; x_wconf 91' lang='lat' dir='ltr'><strong>ac</strong></span> 
     </span>
    </p>
   </div>
   <div class='ocr_carea' id='block_1_62' title="bbox 1959 1739 3525 1824">
    <p class='ocr_par' dir='ltr' id='par_1_62' title="bbox 1959 1739 3525 1824">
     <span class='ocr_line' id='line_1_62' title="bbox 1959 1739 3525 1824; baseline 0.011 -30"><span class='ocrx_word' id='word_1_448' title='bbox 1959 1739 2246 1806; x_wconf 83' lang='lat' dir='ltr'><strong>Paschate,</strong></span> <span class='ocrx_word' id='word_1_449' title='bbox 2276 1743 2395 1797; x_wconf 85' lang='lat' dir='ltr'><strong>loco</strong></span> <span class='ocrx_word' id='word_1_450' title='bbox 2423 1747 2669 1813; x_wconf 91' lang='lat' dir='ltr'><strong>corporis</strong></span> <span class='ocrx_word' id='word_1_451' title='bbox 2697 1747 2930 1809; x_wconf 87' lang='lat' dir='ltr'><strong>Christi.</strong></span> <span class='ocrx_word' id='word_1_452' title='bbox 2964 1764 3028 1802; x_wconf 82' lang='lat' dir='ltr'><strong>ex</strong></span> <span class='ocrx_word' id='word_1_453' title='bbox 3062 1750 3169 1804; x_wconf 85' lang='lat' dir='ltr'><strong>illis</strong></span> <span class='ocrx_word' id='word_1_454' title='bbox 3199 1755 3525 1824; x_wconf 88' lang='lat' dir='ltr'><strong>percipiant,</strong></span> 
     </span>
    </p>
   </div>
   <div class='ocr_carea' id='block_1_63' title="bbox 1957 1836 3527 1907">
    <p class='ocr_par' dir='ltr' id='par_1_63' title="bbox 1957 1836 3527 1907">
     <span class='ocr_line' id='line_1_63' title="bbox 1957 1836 3527 1907; baseline 0.011 -23"><span class='ocrx_word' id='word_1_455' title='bbox 1957 1839 2126 1899; x_wconf 89' lang='lat' dir='ltr'><strong>osqu‘e</strong></span> <span class='ocrx_word' id='word_1_456' title='bbox 2155 1847 2342 1886; x_wconf 88' lang='lat' dir='ltr'><strong>eorum</strong></span> <span class='ocrx_word' id='word_1_457' title='bbox 2369 1845 2609 1900; x_wconf 88' lang='lat' dir='ltr'><strong>servent,</strong></span> <span class='ocrx_word' id='word_1_458' title='bbox 2660 1836 2917 1892; x_wconf 87' lang='lat' dir='ltr'><strong>homines</strong></span> <span class='ocrx_word' id='word_1_459' title='bbox 2945 1837 3115 1907; x_wconf 86' lang='lat' dir='ltr'><strong>impii,</strong></span> <span class='ocrx_word' id='word_1_460' title='bbox 3141 1856 3242 1895; x_wconf 92' lang='lat' dir='ltr'><strong>non</strong></span> <span class='ocrx_word' id='word_1_461' title='bbox 3271 1844 3527 1901; x_wconf 73' lang='lat' dir='ltr'><strong>horrent?</strong></span> 
     </span>
    </p>
   </div>
   <div class='ocr_carea' id='block_1_64' title="bbox 1955 1920 3523 2004">
    <p class='ocr_par' dir='ltr' id='par_1_64' title="bbox 1955 1920 3523 2004">
     <span class='ocr_line' id='line_1_64' title="bbox 1955 1920 3523 2004; baseline 0.013 -31"><span class='ocrx_word' id='word_1_462' title='bbox 1955 1920 2088 1986; x_wconf 86' lang='lat' dir='ltr'><strong>Quis</strong></span> <span class='ocrx_word' id='word_1_463' title='bbox 2119 1937 2249 1992; x_wconf 86' lang='lat' dir='ltr'><strong>ergo</strong></span> <span class='ocrx_word' id='word_1_464' title='bbox 2279 1925 2359 1979; x_wconf 91' lang='lat' dir='ltr'><strong>sic</strong></span> <span class='ocrx_word' id='word_1_465' title='bbox 2395 1925 2655 1981; x_wconf 84' lang='lat' dir='ltr'><strong>habentes</strong></span> <span class='ocrx_word' id='word_1_466' title='bbox 2704 1942 2809 1981; x_wconf 93' lang='lat' dir='ltr'><strong>non</strong></span> <span class='ocrx_word' id='word_1_467' title='bbox 2845 1930 3042 1983; x_wconf 91' lang='lat' dir='ltr'><strong>merito</strong></span> <span class='ocrx_word' id='word_1_468' title='bbox 3068 1929 3283 1986; x_wconf 64' lang='lat' dir='ltr'><strong>Judaeos</strong></span> <span class='ocrx_word' id='word_1_469' title='bbox 3348 1941 3523 2004; x_wconf 83' lang='lat' dir='ltr'><strong>potius</strong></span> 
     </span>
    </p>
   </div>
   <div class='ocr_carea' id='block_1_65' title="bbox 1955 2013 2715 2082">
    <p class='ocr_par' dir='ltr' id='par_1_65' title="bbox 1955 2013 2715 2082">
     <span class='ocr_line' id='line_1_65' title="bbox 1955 2013 2715 2082; baseline 0.005 -15"><span class='ocrx_word' id='word_1_470' title='bbox 1955 2027 2118 2082; x_wconf 88' lang='lat' dir='ltr'><strong>quam</strong></span> <span class='ocrx_word' id='word_1_471' title='bbox 2154 2013 2501 2070; x_wconf 73' lang='lat' dir='ltr'><strong>Christianos</strong></span> <span class='ocrx_word' id='word_1_472' title='bbox 2532 2017 2715 2072; x_wconf 85' lang='lat' dir='ltr'><strong>dicat?</strong></span> 
     </span>
    </p>
   </div>
   <div class='ocr_carea' id='block_1_66' title="bbox 2571 2174 2906 2234">
    <p class='ocr_par' dir='ltr' id='par_1_66' title="bbox 2571 2174 2906 2234">
     <span class='ocr_line' id='line_1_66' title="bbox 2571 2174 2906 2234; baseline 0.006 -3"><span class='ocrx_word' id='word_1_473' title='bbox 2571 2174 2800 2233; x_wconf 78' lang='lat' dir='ltr'><strong>CAPUT</strong></span> <span class='ocrx_word' id='word_1_474' title='bbox 2839 2177 2906 2234; x_wconf 83' lang='lat' dir='ltr'><strong>X.</strong></span> 
     </span>
    </p>
   </div>
   <div class='ocr_carea' id='block_1_67' title="bbox 1951 2301 3598 2383">
    <p class='ocr_par' dir='ltr' id='par_1_67' title="bbox 1951 2301 3598 2383">
     <span class='ocr_line' id='line_1_67' title="bbox 1951 2301 3598 2383; baseline 0.009 -27"><span class='ocrx_word' id='word_1_475' title='bbox 1951 2301 2029 2358; x_wconf 84' lang='lat' dir='ltr'><strong>De</strong></span> <span class='ocrx_word' id='word_1_476' title='bbox 2075 2303 2436 2372; x_wconf 79' lang='lat' dir='ltr'><strong>blaspltemiis,</strong></span> <span class='ocrx_word' id='word_1_477' title='bbox 2485 2323 2618 2376; x_wconf 83' lang='lat' dir='ltr'><strong>quas</strong></span> <span class='ocrx_word' id='word_1_478' title='bbox 2660 2307 2893 2383; x_wconf 65' lang='lat' dir='ltr'><strong>Armenii</strong></span> <span class='ocrx_word' id='word_1_479' title='bbox 2923 2312 2974 2364; x_wconf 80' lang='lat' dir='ltr'><strong>in</strong></span> <span class='ocrx_word' id='word_1_480' title='bbox 3009 2327 3213 2383; x_wconf 75' lang='lat' dir='ltr'><strong>crucem</strong></span> <span class='ocrx_word' id='word_1_481' title='bbox 3254 2329 3517 2383; x_wconf 78' lang='lat' dir='ltr'><strong>evomunt,</strong></span> <span class='ocrx_word' id='word_1_482' title='bbox 3594 2342 3598 2344; x_wconf 91' lang='grc'><strong>·</strong></span> 
     </span>
    </p>
   </div>
   <div class='ocr_carea' id='block_1_68' title="bbox 2187 2379 3285 2454">
    <p class='ocr_par' dir='ltr' id='par_1_68' title="bbox 2187 2379 3285 2454">
     <span class='ocr_line' id='line_1_68' title="bbox 2187 2379 3285 2454; baseline 0.009 -28"><span class='ocrx_word' id='word_1_483' title='bbox 2187 2384 2345 2444; x_wconf 85' lang='lat' dir='ltr'><strong>utque</strong></span> <span class='ocrx_word' id='word_1_484' title='bbox 2375 2392 2647 2444; x_wconf 79' lang='lat' dir='ltr'><strong>perperam</strong></span> <span class='ocrx_word' id='word_1_485' title='bbox 2681 2379 2828 2431; x_wconf 81' lang='lat' dir='ltr'><strong>illam</strong></span> <span class='ocrx_word' id='word_1_486' title='bbox 2857 2382 3119 2448; x_wconf 75' lang='lat' dir='ltr'><strong>baptizent</strong></span> <span class='ocrx_word' id='word_1_487' title='bbox 3150 2382 3285 2454; x_wconf 68' lang='lat'><strong>(40).</strong></span> 
     </span>
    </p>
   </div>
   <div class='ocr_carea' id='block_1_69' title="bbox 2024 2481 3516 2562">
    <p class='ocr_par' dir='ltr' id='par_1_69' title="bbox 2024 2481 3516 2562">
     <span class='ocr_line' id='line_1_69' title="bbox 2024 2481 3516 2562; baseline 0.013 -28"><span class='ocrx_word' id='word_1_488' title='bbox 2024 2481 2066 2539; x_wconf 93' lang='lat' dir='ltr'><strong>l.</strong></span> <span class='ocrx_word' id='word_1_489' title='bbox 2111 2481 2216 2538; x_wconf 89' lang='lat' dir='ltr'><strong>Sed</strong></span> <span class='ocrx_word' id='word_1_490' title='bbox 2268 2494 2323 2539; x_wconf 91' lang='lat' dir='ltr'><strong>et</strong></span> <span class='ocrx_word' id='word_1_491' title='bbox 2373 2486 2600 2541; x_wconf 68' lang='lat' dir='ltr'><strong>vivifica</strong></span> <span class='ocrx_word' id='word_1_492' title='bbox 2651 2489 2828 2542; x_wconf 90' lang='lat' dir='ltr'><strong>crucis</strong></span> <span class='ocrx_word' id='word_1_493' title='bbox 2894 2489 3165 2558; x_wconf 84' lang='lat' dir='ltr'><strong>figuram,</strong></span> <span class='ocrx_word' id='word_1_494' title='bbox 3223 2494 3377 2562; x_wconf 86' lang='lat' dir='ltr'><strong>cujus</strong></span> <span class='ocrx_word' id='word_1_495' title='bbox 3418 2513 3516 2552; x_wconf 88' lang='lat' dir='ltr'><strong>nos</strong></span> 
     </span>
    </p>
   </div>
   <div class='ocr_carea' id='block_1_70' title="bbox 1947 2575 3514 2654">
    <p class='ocr_par' dir='ltr' id='par_1_70' title="bbox 1947 2575 3514 2654">
     <span class='ocr_line' id='line_1_70' title="bbox 1947 2575 3514 2654; baseline 0.01 -26"><span class='ocrx_word' id='word_1_496' title='bbox 1947 2575 2301 2642; x_wconf 79' lang='lat' dir='ltr'><strong>expressione</strong></span> <span class='ocrx_word' id='word_1_497' title='bbox 2343 2577 2770 2645; x_wconf 79' lang='lat' dir='ltr'><strong>sanctiﬁcamur,</strong></span> <span class='ocrx_word' id='word_1_498' title='bbox 2819 2595 2882 2633; x_wconf 89' lang='lat' dir='ltr'><strong>ac</strong></span> <span class='ocrx_word' id='word_1_499' title='bbox 2927 2579 3183 2650; x_wconf 74' lang='lat' dir='ltr'><strong>fugantur</strong></span> <span class='ocrx_word' id='word_1_500' title='bbox 3214 2587 3514 2654; x_wconf 80' lang='lat' dir='ltr'><strong>daemones,</strong></span> 
     </span>
    </p>
   </div>
   <div class='ocr_carea' id='block_1_71' title="bbox 1947 2665 3514 2748">
    <p class='ocr_par' dir='ltr' id='par_1_71' title="bbox 1947 2665 3514 2748">
     <span class='ocr_line' id='line_1_71' title="bbox 1947 2665 3514 2748; baseline 0.01 -30"><span class='ocrx_word' id='word_1_501' title='bbox 1947 2665 2056 2720; x_wconf 87' lang='lat' dir='ltr'><strong>Deo</strong></span> <span class='ocrx_word' id='word_1_502' title='bbox 2125 2667 2517 2724; x_wconf 84' lang='lat' dir='ltr'><strong>abominabiles</strong></span> <span class='ocrx_word' id='word_1_503' title='bbox 2592 2669 2681 2724; x_wconf 83' lang='lat' dir='ltr'><strong>isti</strong></span> <span class='ocrx_word' id='word_1_504' title='bbox 2753 2682 2998 2726; x_wconf 84' lang='lat' dir='ltr'><strong>sanctam</strong></span> <span class='ocrx_word' id='word_1_505' title='bbox 3085 2685 3280 2744; x_wconf 84' lang='lat' dir='ltr'><strong>negant</strong></span> <span class='ocrx_word' id='word_1_506' title='bbox 3351 2687 3514 2748; x_wconf 83' lang='lat' dir='ltr'><strong>atque</strong></span> 
     </span>
    </p>
   </div>
   <div class='ocr_carea' id='block_1_72' title="bbox 1947 2756 3509 2836">
    <p class='ocr_par' dir='ltr' id='par_1_72' title="bbox 1947 2756 3509 2836">
     <span class='ocr_line' id='line_1_72' title="bbox 1947 2756 3509 2836; baseline 0.012 -28"><span class='ocrx_word' id='word_1_507' title='bbox 1947 2756 2130 2810; x_wconf 87' lang='lat' dir='ltr'><strong>utilem</strong></span> <span class='ocrx_word' id='word_1_508' title='bbox 2177 2759 2350 2826; x_wconf 90' lang='lat' dir='ltr'><strong>:quin</strong></span> <span class='ocrx_word' id='word_1_509' title='bbox 2390 2761 2562 2828; x_wconf 88' lang='lat' dir='ltr'><strong>turpis</strong></span> <span class='ocrx_word' id='word_1_510' title='bbox 2593 2772 2783 2816; x_wconf 87' lang='lat' dir='ltr'><strong>eorum</strong></span> <span class='ocrx_word' id='word_1_511' title='bbox 2818 2762 2952 2816; x_wconf 91' lang='lat' dir='ltr'><strong>lucri</strong></span> <span class='ocrx_word' id='word_1_512' title='bbox 2987 2779 3049 2819; x_wconf 90' lang='lat' dir='ltr'><strong>ac</strong></span> <span class='ocrx_word' id='word_1_513' title='bbox 3070 2767 3276 2821; x_wconf 85' lang='lat' dir='ltr'><strong>ventris</strong></span> <span class='ocrx_word' id='word_1_514' title='bbox 3305 2771 3509 2836; x_wconf 88' lang='lat' dir='ltr'><strong>studio,</strong></span> 
     </span>
    </p>
   </div>
   <div class='ocr_carea' id='block_1_73' title="bbox 1946 2849 3510 2928">
    <p class='ocr_par' dir='ltr' id='par_1_73' title="bbox 1946 2849 3510 2928">
     <span class='ocr_line' id='line_1_73' title="bbox 1946 2849 3510 2928; baseline 0.01 -27"><span class='ocrx_word' id='word_1_515' title='bbox 1946 2849 2195 2904; x_wconf 88' lang='lat' dir='ltr'><strong>unctione</strong></span> <span class='ocrx_word' id='word_1_516' title='bbox 2225 2851 2620 2907; x_wconf 89' lang='lat' dir='ltr'><strong>irrationalium</strong></span> <span class='ocrx_word' id='word_1_517' title='bbox 2653 2854 3024 2918; x_wconf 87' lang='lat' dir='ltr'><strong>victimarum,</strong></span> <span class='ocrx_word' id='word_1_518' title='bbox 3064 2872 3169 2911; x_wconf 92' lang='lat' dir='ltr'><strong>non</strong></span> <span class='ocrx_word' id='word_1_519' title='bbox 3195 2859 3312 2928; x_wconf 87' lang='lat' dir='ltr'><strong>ejus</strong></span> <span class='ocrx_word' id='word_1_520' title='bbox 3341 2862 3510 2928; x_wconf 87' lang='lat' dir='ltr'><strong>ipsius</strong></span> 
     </span>
    </p>
   </div>
   <div class='ocr_carea' id='block_1_74' title="bbox 1943 2943 3500 3018">
    <p class='ocr_par' dir='ltr' id='par_1_74' title="bbox 1943 2943 3500 3018">
     <span class='ocr_line' id='line_1_74' title="bbox 1943 2943 3500 3018; baseline 0.007 -25"><span class='ocrx_word' id='word_1_521' title='bbox 1943 2943 2310 3010; x_wconf 86' lang='lat' dir='ltr'><strong>expressione,</strong></span> <span class='ocrx_word' id='word_1_522' title='bbox 2343 2959 2558 3000; x_wconf 89' lang='lat' dir='ltr'><strong>crucem</strong></span> <span class='ocrx_word' id='word_1_523' title='bbox 2593 2947 2743 3000; x_wconf 90' lang='lat' dir='ltr'><strong>aiunt</strong></span> <span class='ocrx_word' id='word_1_524' title='bbox 2764 2947 3118 3003; x_wconf 83' lang='lat' dir='ltr'><strong>sanctificari.</strong></span> <span class='ocrx_word' id='word_1_525' title='bbox 3151 2949 3195 3004; x_wconf 90' lang='lat'><strong>0</strong></span> <span class='ocrx_word' id='word_1_526' title='bbox 3234 2951 3500 3018; x_wconf 85' lang='lat' dir='ltr'><strong>Armenii,</strong></span> 
     </span>
    </p>
   </div>
   <div class='ocr_carea' id='block_1_75' title="bbox 1862 3034 3511 3111">
    <p class='ocr_par' dir='ltr' id='par_1_75' title="bbox 1862 3034 3511 3111">
     <span class='ocr_line' id='line_1_75' title="bbox 1862 3034 3511 3111; baseline 0.006 -26"><span class='ocrx_word' id='word_1_527' title='bbox 1862 3056 1905 3111; x_wconf 71' lang='grc' dir='ltr'><strong>ο</strong></span> <span class='ocrx_word' id='word_1_528' title='bbox 1943 3034 2246 3087; x_wconf 64' lang='lat' dir='ltr'><strong>daemonum</strong></span> <span class='ocrx_word' id='word_1_529' title='bbox 2299 3036 2522 3090; x_wconf 82' lang='lat' dir='ltr'><strong>currus!</strong></span> <span class='ocrx_word' id='word_1_530' title='bbox 2571 3035 2846 3104; x_wconf 89' lang='lat' dir='ltr'><strong>Siquidem</strong></span> <span class='ocrx_word' id='word_1_531' title='bbox 2904 3035 3076 3105; x_wconf 84' lang='lat' dir='ltr'><strong>figura</strong></span> <span class='ocrx_word' id='word_1_532' title='bbox 3126 3040 3306 3094; x_wconf 88' lang='lat' dir='ltr'><strong>crucis</strong></span> <span class='ocrx_word' id='word_1_533' title='bbox 3351 3041 3511 3095; x_wconf 85' lang='lat' dir='ltr'><strong>Citri-</strong></span> 
     </span>
    </p>
   </div>
   <div class='ocr_carea' id='block_1_76' title="bbox 1937 3122 3507 3198">
    <p class='ocr_par' dir='ltr' id='par_1_76' title="bbox 1937 3122 3507 3198">
     <span class='ocr_line' id='line_1_76' title="bbox 1937 3122 3507 3198; baseline 0.006 -22"><span class='ocrx_word' id='word_1_534' title='bbox 1937 3122 2232 3176; x_wconf 84' lang='lat' dir='ltr'><strong>stianorum</strong></span> <span class='ocrx_word' id='word_1_535' title='bbox 2262 3134 2605 3179; x_wconf 90' lang='lat' dir='ltr'><strong>sacramenta</strong></span> <span class='ocrx_word' id='word_1_536' title='bbox 2655 3127 2901 3180; x_wconf 86' lang='lat' dir='ltr'><strong>universa</strong></span> <span class='ocrx_word' id='word_1_537' title='bbox 2935 3129 3264 3192; x_wconf 73' lang='lat' dir='ltr'><strong>sanctificat,</strong></span> <span class='ocrx_word' id='word_1_538' title='bbox 3300 3131 3507 3198; x_wconf 89' lang='lat' dir='ltr'><strong>ipsum-</strong></span> 
     </span>
    </p>
   </div>
   <div class='ocr_carea' id='block_1_77' title="bbox 1935 3213 3506 3285">
    <p class='ocr_par' dir='ltr' id='par_1_77' title="bbox 1935 3213 3506 3285">
     <span class='ocr_line' id='line_1_77' title="bbox 1935 3213 3506 3285; baseline 0.007 -18"><span class='ocrx_word' id='word_1_539' title='bbox 1935 3229 2042 3282; x_wconf 89' lang='lat' dir='ltr'><strong>que</strong></span> <span class='ocrx_word' id='word_1_540' title='bbox 2105 3228 2295 3283; x_wconf 88' lang='lat' dir='ltr'><strong>panem</strong></span> <span class='ocrx_word' id='word_1_541' title='bbox 2345 3213 2546 3270; x_wconf 78' lang='lat' dir='ltr'><strong>Christi</strong></span> <span class='ocrx_word' id='word_1_542' title='bbox 2607 3232 2805 3285; x_wconf 87' lang='lat' dir='ltr'><strong>corpus</strong></span> <span class='ocrx_word' id='word_1_543' title='bbox 2870 3217 3037 3282; x_wconf 78' lang='lat' dir='ltr'><strong>facit,</strong></span> <span class='ocrx_word' id='word_1_544' title='bbox 3093 3234 3158 3274; x_wconf 91' lang='lat' dir='ltr'><strong>ac</strong></span> <span class='ocrx_word' id='word_1_545' title='bbox 3207 3221 3388 3276; x_wconf 85' lang='lat' dir='ltr'><strong>vinum</strong></span> <span class='ocrx_word' id='word_1_546' title='bbox 3452 3233 3506 3278; x_wconf 90' lang='lat' dir='ltr'><strong>et</strong></span> 
     </span>
    </p>
   </div>
   <div class='ocr_carea' id='block_1_78' title="bbox 1935 3303 3508 3380">
    <p class='ocr_par' dir='ltr' id='par_1_78' title="bbox 1935 3303 3508 3380">
     <span class='ocr_line' id='line_1_78' title="bbox 1935 3303 3508 3380; baseline 0.008 -27"><span class='ocrx_word' id='word_1_547' title='bbox 1935 3317 2130 3370; x_wconf 89' lang='lat' dir='ltr'><strong>aquam</strong></span> <span class='ocrx_word' id='word_1_548' title='bbox 2215 3303 2418 3358; x_wconf 76' lang='lat' dir='ltr'><strong>Christi</strong></span> <span class='ocrx_word' id='word_1_549' title='bbox 2494 3306 2809 3373; x_wconf 82' lang='lat' dir='ltr'><strong>sanguinem</strong></span> <span class='ocrx_word' id='word_1_550' title='bbox 2881 3306 3082 3371; x_wconf 77' lang='lat' dir='ltr'><strong>efﬁcit,</strong></span> <span class='ocrx_word' id='word_1_551' title='bbox 3152 3309 3508 3380; x_wconf 79' lang='lat' dir='ltr'><strong>ecclesiaqne</strong></span> 
     </span>
    </p>
   </div>
   <div class='ocr_carea' id='block_1_79' title="bbox 1931 3395 3502 3462">
    <p class='ocr_par' dir='ltr' id='par_1_79' title="bbox 1931 3395 3502 3462">
     <span class='ocr_line' id='line_1_79' title="bbox 1931 3395 3502 3462; baseline 0.006 -14"><span class='ocrx_word' id='word_1_552' title='bbox 1931 3395 2217 3448; x_wconf 75' lang='lat' dir='ltr'><strong>:cdiiicitttn</strong></span> <span class='ocrx_word' id='word_1_553' title='bbox 2255 3395 2503 3462; x_wconf 68' lang='lat' dir='ltr'><strong>templum</strong></span> <span class='ocrx_word' id='word_1_554' title='bbox 2540 3395 2632 3448; x_wconf 86' lang='lat' dir='ltr'><strong>Dei</strong></span> <span class='ocrx_word' id='word_1_555' title='bbox 2668 3411 2729 3448; x_wconf 86' lang='lat' dir='ltr'><strong>ac</strong></span> <span class='ocrx_word' id='word_1_556' title='bbox 2779 3397 2992 3450; x_wconf 85' lang='lat' dir='ltr'><strong>domum</strong></span> <span class='ocrx_word' id='word_1_557' title='bbox 3043 3397 3254 3453; x_wconf 89' lang='lat' dir='ltr'><strong>Domini</strong></span> <span class='ocrx_word' id='word_1_558' title='bbox 3299 3405 3502 3457; x_wconf 80' lang='lat' dir='ltr'><strong>c0nsti—</strong></span> 
     </span>
    </p>
   </div>
   <div class='ocr_carea' id='block_1_80' title="bbox 1935 3486 3498 3560">
    <p class='ocr_par' dir='ltr' id='par_1_80' title="bbox 1935 3486 3498 3560">
     <span class='ocr_line' id='line_1_80' title="bbox 1935 3486 3498 3560; baseline 0.006 -20"><span class='ocrx_word' id='word_1_559' title='bbox 1935 3486 2213 3540; x_wconf 78' lang='lat' dir='ltr'><strong>luitznec</strong></span> <span class='ocrx_word' id='word_1_560' title='bbox 2266 3499 2370 3540; x_wconf 90' lang='lat' dir='ltr'><strong>non</strong></span> <span class='ocrx_word' id='word_1_561' title='bbox 2419 3494 2751 3554; x_wconf 87' lang='lat' dir='ltr'><strong>unguentum</strong></span> <span class='ocrx_word' id='word_1_562' title='bbox 2805 3499 2967 3557; x_wconf 87' lang='lat' dir='ltr'><strong>atque</strong></span> <span class='ocrx_word' id='word_1_563' title='bbox 3024 3491 3201 3544; x_wconf 90' lang='lat' dir='ltr'><strong>oleum</strong></span> <span class='ocrx_word' id='word_1_564' title='bbox 3259 3495 3498 3560; x_wconf 81' lang='lat' dir='ltr'><strong>coniicit,</strong></span> 
     </span>
    </p>
   </div>
   <div class='ocr_carea' id='block_1_81' title="bbox 1931 3573 3500 3647">
    <p class='ocr_par' dir='ltr' id='par_1_81' title="bbox 1931 3573 3500 3647">
     <span class='ocr_line' id='line_1_81' title="bbox 1931 3573 3500 3647; baseline 0.009 -20"><span class='ocrx_word' id='word_1_565' title='bbox 1931 3589 2157 3643; x_wconf 89' lang='lat' dir='ltr'><strong>quorum</strong></span> <span class='ocrx_word' id='word_1_566' title='bbox 2208 3574 2460 3630; x_wconf 84' lang='lat' dir='ltr'><strong>unctione</strong></span> <span class='ocrx_word' id='word_1_567' title='bbox 2502 3573 2798 3632; x_wconf 84' lang='lat' dir='ltr'><strong>Christiani</strong></span> <span class='ocrx_word' id='word_1_568' title='bbox 2856 3578 3287 3647; x_wconf 83' lang='lat' dir='ltr'><strong>sanctiﬁcantur,</strong></span> <span class='ocrx_word' id='word_1_569' title='bbox 3337 3599 3402 3638; x_wconf 90' lang='lat' dir='ltr'><strong>ac</strong></span> <span class='ocrx_word' id='word_1_570' title='bbox 3433 3584 3500 3640; x_wconf 80' lang='lat' dir='ltr'><strong>fi-</strong></span> 
     </span>
    </p>
   </div>
   <div class='ocr_carea' id='block_1_82' title="bbox 1931 3666 3499 3737">
    <p class='ocr_par' dir='ltr' id='par_1_82' title="bbox 1931 3666 3499 3737">
     <span class='ocr_line' id='line_1_82' title="bbox 1931 3666 3499 3737; baseline 0.007 -17"><span class='ocrx_word' id='word_1_571' title='bbox 1931 3666 2079 3722; x_wconf 86' lang='lat' dir='ltr'><strong>deles</strong></span> <span class='ocrx_word' id='word_1_572' title='bbox 2130 3667 2774 3737; x_wconf 81' lang='lat' dir='ltr'><strong>sppeilantur:eamque</strong></span> <span class='ocrx_word' id='word_1_573' title='bbox 2825 3669 3009 3726; x_wconf 86' lang='lat' dir='ltr'><strong>fideles</strong></span> <span class='ocrx_word' id='word_1_574' title='bbox 3060 3672 3115 3726; x_wconf 92' lang='lat' dir='ltr'><strong>in</strong></span> <span class='ocrx_word' id='word_1_575' title='bbox 3167 3674 3406 3730; x_wconf 79' lang='lat' dir='ltr'><strong>vultibus</strong></span> <span class='ocrx_word' id='word_1_576' title='bbox 3435 3692 3499 3731; x_wconf 89' lang='lat' dir='ltr'><strong>ac</strong></span> 
     </span>
    </p>
   </div>
   <div class='ocr_carea' id='block_1_83' title="bbox 1933 3755 3498 3834">
    <p class='ocr_par' dir='ltr' id='par_1_83' title="bbox 1933 3755 3498 3834">
     <span class='ocr_line' id='line_1_83' title="bbox 1933 3755 3498 3834; baseline 0.007 -23"><span class='ocrx_word' id='word_1_577' title='bbox 1933 3755 2202 3813; x_wconf 83' lang='lat' dir='ltr'><strong>frontibus</strong></span> <span class='ocrx_word' id='word_1_578' title='bbox 2255 3759 2370 3814; x_wconf 88' lang='lat' dir='ltr'><strong>suis</strong></span> <span class='ocrx_word' id='word_1_579' title='bbox 2429 3758 2815 3828; x_wconf 80' lang='lat' dir='ltr'><strong>exprimentes,</strong></span> <span class='ocrx_word' id='word_1_580' title='bbox 2851 3755 2947 3829; x_wconf 85' lang='lat' dir='ltr'><strong>per</strong></span> <span class='ocrx_word' id='word_1_581' title='bbox 2993 3778 3111 3817; x_wconf 83' lang='lat' dir='ltr'><strong>eam</strong></span> <span class='ocrx_word' id='word_1_582' title='bbox 3159 3778 3190 3818; x_wconf 83' lang='lat' dir='ltr'><strong>a</strong></span> <span class='ocrx_word' id='word_1_583' title='bbox 3245 3766 3498 3834; x_wconf 86' lang='lat' dir='ltr'><strong>gentibus</strong></span> 
     </span>
    </p>
   </div>
   <div class='ocr_carea' id='block_1_84' title="bbox 1929 3842 3493 3908">
    <p class='ocr_par' dir='ltr' id='par_1_84' title="bbox 1929 3842 3493 3908">
     <span class='ocr_line' id='line_1_84' title="bbox 1929 3842 3493 3908; baseline 0.009 -14"><span class='ocrx_word' id='word_1_584' title='bbox 1929 3855 1994 3896; x_wconf 90' lang='lat' dir='ltr'><strong>ac</strong></span> <span class='ocrx_word' id='word_1_585' title='bbox 2027 3842 2332 3898; x_wconf 69' lang='lat' dir='ltr'><strong>infidelibus</strong></span> <span class='ocrx_word' id='word_1_586' title='bbox 2361 3845 2743 3900; x_wconf 83' lang='lat' dir='ltr'><strong>discernuntur</strong></span> <span class='ocrx_word' id='word_1_587' title='bbox 2773 3863 2787 3900; x_wconf 88' lang='lat'><strong>:</strong></span> <span class='ocrx_word' id='word_1_588' title='bbox 2820 3849 2915 3902; x_wconf 87' lang='lat' dir='ltr'><strong>sed</strong></span> <span class='ocrx_word' id='word_1_589' title='bbox 2973 3858 3029 3903; x_wconf 86' lang='lat' dir='ltr'><strong>et</strong></span> <span class='ocrx_word' id='word_1_590' title='bbox 3079 3850 3134 3903; x_wconf 87' lang='lat' dir='ltr'><strong>in</strong></span> <span class='ocrx_word' id='word_1_591' title='bbox 3178 3853 3493 3908; x_wconf 86' lang='lat' dir='ltr'><strong>chartarum</strong></span> 
     </span>
    </p>
   </div>
   <div class='ocr_carea' id='block_1_85' title="bbox 1926 3935 3491 4008">
    <p class='ocr_par' dir='ltr' id='par_1_85' title="bbox 1926 3935 3491 4008">
     <span class='ocr_line' id='line_1_85' title="bbox 1926 3935 3491 4008; baseline 0.006 -20"><span class='ocrx_word' id='word_1_592' title='bbox 1926 3935 2251 4004; x_wconf 86' lang='lat' dir='ltr'><strong>scriptarum</strong></span> <span class='ocrx_word' id='word_1_593' title='bbox 2284 3935 2469 4000; x_wconf 85' lang='lat' dir='ltr'><strong>fidem,</strong></span> <span class='ocrx_word' id='word_1_594' title='bbox 2500 3947 2809 3992; x_wconf 83' lang='lat' dir='ltr'><strong>atramento</strong></span> <span class='ocrx_word' id='word_1_595' title='bbox 2843 3953 3060 3994; x_wconf 90' lang='lat' dir='ltr'><strong>crucem</strong></span> <span class='ocrx_word' id='word_1_596' title='bbox 3105 3943 3491 4008; x_wconf 81' lang='lat' dir='ltr'><strong>exprimentes,</strong></span> 
     </span>
    </p>
   </div>
   <div class='ocr_carea' id='block_1_86' title="bbox 1923 4025 3489 4100">
    <p class='ocr_par' dir='ltr' id='par_1_86' title="bbox 1923 4025 3489 4100">
     <span class='ocr_line' id='line_1_86' title="bbox 1923 4025 3489 4100; baseline 0.004 -20"><span class='ocrx_word' id='word_1_597' title='bbox 1923 4039 2018 4080; x_wconf 88' lang='lat' dir='ltr'><strong>eos</strong></span> <span class='ocrx_word' id='word_1_598' title='bbox 2051 4025 2138 4092; x_wconf 90' lang='lat' dir='ltr'><strong>qui</strong></span> <span class='ocrx_word' id='word_1_599' title='bbox 2183 4039 2302 4080; x_wconf 91' lang='lat' dir='ltr'><strong>eam</strong></span> <span class='ocrx_word' id='word_1_600' title='bbox 2345 4027 2817 4096; x_wconf 85' lang='lat' dir='ltr'><strong>transgrediuntur</strong></span> <span class='ocrx_word' id='word_1_601' title='bbox 2863 4043 2930 4083; x_wconf 92' lang='lat' dir='ltr'><strong>ac</strong></span> <span class='ocrx_word' id='word_1_602' title='bbox 2981 4039 3198 4099; x_wconf 81' lang='lat' dir='ltr'><strong>negant,</strong></span> <span class='ocrx_word' id='word_1_603' title='bbox 3235 4039 3489 4100; x_wconf 86' lang='lat' dir='ltr'><strong>tanquam</strong></span> 
     </span>
    </p>
   </div>
   <div class='ocr_carea' id='block_1_87' title="bbox 1922 4116 3487 4190">
    <p class='ocr_par' dir='ltr' id='par_1_87' title="bbox 1922 4116 3487 4190">
     <span class='ocr_line' id='line_1_87' title="bbox 1922 4116 3487 4190; baseline 0.004 -20"><span class='ocrx_word' id='word_1_604' title='bbox 1922 4117 2012 4186; x_wconf 91' lang='lat' dir='ltr'><strong>qui</strong></span> <span class='ocrx_word' id='word_1_605' title='bbox 2047 4116 2320 4172; x_wconf 88' lang='lat' dir='ltr'><strong>Christum</strong></span> <span class='ocrx_word' id='word_1_606' title='bbox 2355 4131 2568 4188; x_wconf 85' lang='lat' dir='ltr'><strong>negent,</strong></span> <span class='ocrx_word' id='word_1_607' title='bbox 2608 4119 3032 4174; x_wconf 85' lang='lat' dir='ltr'><strong>condemnamus</strong></span> <span class='ocrx_word' id='word_1_608' title='bbox 3057 4138 3071 4175; x_wconf 88' lang='lat'><strong>:</strong></span> <span class='ocrx_word' id='word_1_609' title='bbox 3099 4120 3223 4190; x_wconf 91' lang='lat' dir='ltr'><strong>quei</strong></span> <span class='ocrx_word' id='word_1_610' title='bbox 3273 4137 3487 4176; x_wconf 86' lang='lat' dir='ltr'><strong>rursum</strong></span> 
     </span>
    </p>
   </div>
   <div class='ocr_carea' id='block_1_88' title="bbox 1923 4206 3482 4277">
    <p class='ocr_par' dir='ltr' id='par_1_88' title="bbox 1923 4206 3482 4277">
     <span class='ocr_line' id='line_1_88' title="bbox 1923 4206 3482 4277; baseline 0.001 -17"><span class='ocrx_word' id='word_1_611' title='bbox 1923 4206 2092 4276; x_wconf 85' lang='lat' dir='ltr'><strong>figura</strong></span> <span class='ocrx_word' id='word_1_612' title='bbox 2116 4207 2315 4274; x_wconf 88' lang='lat' dir='ltr'><strong>crucis,</strong></span> <span class='ocrx_word' id='word_1_613' title='bbox 2339 4223 2435 4262; x_wconf 85' lang='lat' dir='ltr'><strong>ceu</strong></span> <span class='ocrx_word' id='word_1_614' title='bbox 2473 4206 2850 4277; x_wconf 88' lang='lat' dir='ltr'><strong>imperfectum</strong></span> <span class='ocrx_word' id='word_1_615' title='bbox 2875 4209 3004 4277; x_wconf 90' lang='lat' dir='ltr'><strong>quid</strong></span> <span class='ocrx_word' id='word_1_616' title='bbox 3034 4223 3096 4264; x_wconf 93' lang='lat' dir='ltr'><strong>ac</strong></span> <span class='ocrx_word' id='word_1_617' title='bbox 3127 4209 3482 4276; x_wconf 89' lang='lat' dir='ltr'><strong>imbecillum,</strong></span> 
     </span>
    </p>
   </div>
   <div class='ocr_carea' id='block_1_89' title="bbox 1921 4296 3486 4370">
    <p class='ocr_par' dir='ltr' id='par_1_89' title="bbox 1921 4296 3486 4370">
     <span class='ocr_line' id='line_1_89' title="bbox 1921 4296 3486 4370; baseline 0.003 -19"><span class='ocrx_word' id='word_1_618' title='bbox 1921 4311 2017 4365; x_wconf 91' lang='lat' dir='ltr'><strong>per</strong></span> <span class='ocrx_word' id='word_1_619' title='bbox 2047 4297 2210 4350; x_wconf 92' lang='lat' dir='ltr'><strong>alium</strong></span> <span class='ocrx_word' id='word_1_620' title='bbox 2245 4301 2461 4352; x_wconf 91' lang='lat' dir='ltr'><strong>modum</strong></span> <span class='ocrx_word' id='word_1_621' title='bbox 2482 4313 2543 4351; x_wconf 92' lang='lat' dir='ltr'><strong>ac</strong></span> <span class='ocrx_word' id='word_1_622' title='bbox 2563 4296 2842 4353; x_wconf 81' lang='lat' dir='ltr'><strong>Judaicatn</strong></span> <span class='ocrx_word' id='word_1_623' title='bbox 2868 4301 3160 4363; x_wconf 84' lang='lat' dir='ltr'><strong>victimam,</strong></span> <span class='ocrx_word' id='word_1_624' title='bbox 3185 4303 3338 4369; x_wconf 89' lang='lat' dir='ltr'><strong>quasi</strong></span> <span class='ocrx_word' id='word_1_625' title='bbox 3375 4305 3486 4370; x_wconf 85' lang='lat' dir='ltr'><strong>ipsa</strong></span> 
     </span>
    </p>
   </div>
   <div class='ocr_carea' id='block_1_90' title="bbox 249 4362 1838 4456">
    <p class='ocr_par' dir='ltr' id='par_1_90' title="bbox 249 4362 1816 4440">
     <span class='ocr_line' id='line_1_90' title="bbox 249 4362 1816 4440; baseline -0.005 -16"><span class='ocrx_word' id='word_1_626' title='bbox 249 4368 646 4440; x_wconf 76' lang='grc' dir='ltr'>κατακρίνομεν</span> <span class='ocrx_word' id='word_1_627' title='bbox 670 4385 685 4400; x_wconf 77' lang='grc' dir='ltr'><strong><em>ο</em></strong></span> <span class='ocrx_word' id='word_1_628' title='bbox 720 4368 836 4431; x_wconf 89' lang='grc' dir='ltr'><strong>πῶς</strong></span> <span class='ocrx_word' id='word_1_629' title='bbox 863 4369 1024 4421; x_wconf 73' lang='grc' dir='ltr'>πάλιν</span> <span class='ocrx_word' id='word_1_630' title='bbox 1058 4369 1085 4419; x_wconf 88' lang='lat'><strong>6</strong></span> <span class='ocrx_word' id='word_1_631' title='bbox 1113 4364 1282 4428; x_wconf 88' lang='grc' dir='ltr'>τύπος</span> <span class='ocrx_word' id='word_1_632' title='bbox 1311 4363 1405 4418; x_wconf 90' lang='grc' dir='ltr'><strong>τοῦ</strong></span> <span class='ocrx_word' id='word_1_633' title='bbox 1453 4364 1710 4430; x_wconf 85' lang='grc' dir='ltr'>σταυροῦ,</span> <span class='ocrx_word' id='word_1_634' title='bbox 1741 4362 1816 4428; x_wconf 84' lang='grc' dir='ltr'><strong>ὡς</strong></span> 
     </span>
    </p>
   </div>
   <div class='ocr_carea' id='block_1_91' title="bbox 1944 4362 3486 4456">
    <p class='ocr_par' dir='ltr' id='par_1_91' title="bbox 1946 4389 3486 4456">
     <span class='ocr_line' id='line_1_91' title="bbox 1946 4389 3486 4456; baseline 0.006 -17"><span class='ocrx_word' id='word_1_635' title='bbox 1946 4389 2195 4442; x_wconf 75' lang='lat' dir='ltr'><strong>inmunda</strong></span> <span class='ocrx_word' id='word_1_636' title='bbox 2225 4389 2383 4450; x_wconf 79' lang='lat' dir='ltr'><strong>foret,</strong></span> <span class='ocrx_word' id='word_1_637' title='bbox 2413 4389 2808 4456; x_wconf 85' lang='lat' dir='ltr'><strong>sanctilicalur,</strong></span> <span class='ocrx_word' id='word_1_638' title='bbox 2834 4405 2895 4443; x_wconf 90' lang='lat' dir='ltr'><strong>ac</strong></span> <span class='ocrx_word' id='word_1_639' title='bbox 2923 4391 2999 4445; x_wconf 89' lang='lat' dir='ltr'><strong>ita</strong></span> <span class='ocrx_word' id='word_1_640' title='bbox 3028 4392 3323 4445; x_wconf 84' lang='lat' dir='ltr'><strong>adoratur?</strong></span> <span class='ocrx_word' id='word_1_641' title='bbox 3351 4393 3486 4448; x_wconf 90' lang='lat' dir='ltr'><strong>Cum</strong></span> 
     </span>
    </p>
   </div>
   <div class='ocr_carea' id='block_1_92' title="bbox 244 4456 1814 4534">
    <p class='ocr_par' dir='ltr' id='par_1_92' title="bbox 244 4456 1814 4534">
     <span class='ocr_line' id='line_1_92' title="bbox 244 4456 1814 4534; baseline -0.005 -18"><span class='ocrx_word' id='word_1_642' title='bbox 244 4463 441 4534; x_wconf 78' lang='grc' dir='ltr'>ἀτελὴς</span> <span class='ocrx_word' id='word_1_643' title='bbox 472 4464 568 4514; x_wconf 73' lang='grc' dir='ltr'>καὶ</span> <span class='ocrx_word' id='word_1_644' title='bbox 589 4462 898 4531; x_wconf 72' lang='grc' dir='ltr'>άνίσχυρος,</span> <span class='ocrx_word' id='word_1_645' title='bbox 931 4461 998 4512; x_wconf 84' lang='grc' dir='ltr'><strong>δι’</strong></span> <span class='ocrx_word' id='word_1_646' title='bbox 1030 4459 1216 4529; x_wconf 81' lang='grc' dir='ltr'>ἐτέρου</span> <span class='ocrx_word' id='word_1_647' title='bbox 1259 4458 1465 4528; x_wconf 84' lang='grc' dir='ltr'>τρόπου</span> <span class='ocrx_word' id='word_1_648' title='bbox 1495 4459 1589 4510; x_wconf 75' lang='grc' dir='ltr'>καὶ</span> <span class='ocrx_word' id='word_1_649' title='bbox 1625 4456 1814 4519; x_wconf 85' lang='grc' dir='ltr'>θυσίας</span> 
     </span>
    </p>
   </div>
   <div class='ocr_carea' id='block_1_93' title="bbox 258 4547 1816 4624">
    <p class='ocr_par' dir='ltr' id='par_1_93' title="bbox 258 4547 1816 4624">
     <span class='ocr_line' id='line_1_93' title="bbox 258 4547 1816 4624; baseline -0.006 -15"><span class='ocrx_word' id='word_1_650' title='bbox 258 4555 576 4624; x_wconf 86' lang='grc' dir='ltr'>Ἰουδαϊκῆς,</span> <span class='ocrx_word' id='word_1_651' title='bbox 624 4553 698 4616; x_wconf 83' lang='grc' dir='ltr'>ὡς</span> <span class='ocrx_word' id='word_1_652' title='bbox 760 4551 1066 4622; x_wconf 80' lang='grc' dir='ltr'>ἀκάθαρτος</span> <span class='ocrx_word' id='word_1_653' title='bbox 1125 4549 1431 4618; x_wconf 75' lang='grc' dir='ltr'>ἁγιάζεται,</span> <span class='ocrx_word' id='word_1_654' title='bbox 1491 4548 1587 4601; x_wconf 81' lang='grc' dir='ltr'>καὶ</span> <span class='ocrx_word' id='word_1_655' title='bbox 1644 4547 1816 4610; x_wconf 75' lang='grc' dir='ltr'>οὕτως</span> 
     </span>
    </p>
   </div>
   <div class='ocr_carea' id='block_1_94' title="bbox 242 4639 1816 4717">
    <p class='ocr_par' dir='ltr' id='par_1_94' title="bbox 242 4639 1816 4717">
     <span class='ocr_line' id='line_1_94' title="bbox 242 4639 1816 4717; baseline -0.005 -17"><span class='ocrx_word' id='word_1_656' title='bbox 242 4650 664 4717; x_wconf 75' lang='grc' dir='ltr'>προσκυνείται;</span> <span class='ocrx_word' id='word_1_657' title='bbox 706 4645 768 4698; x_wconf 80' lang='lat' dir='ltr'><strong>Ei</strong></span> <span class='ocrx_word' id='word_1_658' title='bbox 799 4644 898 4715; x_wconf 81' lang='grc' dir='ltr'>μὲν</span> <span class='ocrx_word' id='word_1_659' title='bbox 924 4646 1031 4712; x_wconf 84' lang='grc' dir='ltr'>γὰρ</span> <span class='ocrx_word' id='word_1_660' title='bbox 1071 4644 1252 4696; x_wconf 82' lang='grc' dir='ltr'>πάντα</span> <span class='ocrx_word' id='word_1_661' title='bbox 1283 4641 1447 4704; x_wconf 79' lang='grc' dir='ltr'>αὐτὸς</span> <span class='ocrx_word' id='word_1_662' title='bbox 1495 4640 1710 4708; x_wconf 79' lang='grc' dir='ltr'>ἁγιάζει</span> <span class='ocrx_word' id='word_1_663' title='bbox 1749 4639 1816 4692; x_wconf 83' lang='grc' dir='ltr'><strong>τά</strong></span> 
     </span>
    </p>
   </div>
   <div class='ocr_carea' id='block_1_95' title="bbox 239 4730 1812 4810">
    <p class='ocr_par' dir='ltr' id='par_1_95' title="bbox 239 4730 1812 4810">
     <span class='ocr_line' id='line_1_95' title="bbox 239 4730 1812 4810; baseline -0.006 -18"><span class='ocrx_word' id='word_1_664' title='bbox 239 4741 352 4793; x_wconf 90' lang='grc' dir='ltr'><strong>τῶν</strong></span> <span class='ocrx_word' id='word_1_665' title='bbox 405 4737 745 4810; x_wconf 84' lang='grc' dir='ltr'>Χριστιανῶν</span> <span class='ocrx_word' id='word_1_666' title='bbox 796 4738 1070 4808; x_wconf 76' lang='grc' dir='ltr'>μυστήρια</span> <span class='ocrx_word' id='word_1_667' title='bbox 1119 4735 1206 4787; x_wconf 78' lang='grc' dir='ltr'><strong>διὰ</strong></span> <span class='ocrx_word' id='word_1_668' title='bbox 1240 4733 1360 4786; x_wconf 64' lang='grc' dir='ltr'>’τοῦ</span> <span class='ocrx_word' id='word_1_669' title='bbox 1414 4731 1569 4798; x_wconf 87' lang='grc' dir='ltr'>ἁγίου</span> <span class='ocrx_word' id='word_1_670' title='bbox 1620 4730 1812 4796; x_wconf 85' lang='grc' dir='ltr'>τύπου,</span> 
     </span>
    </p>
   </div>
   <div class='ocr_carea' id='block_1_96' title="bbox 241 4821 1809 4900">
    <p class='ocr_par' dir='ltr' id='par_1_96' title="bbox 241 4821 1809 4900">
     <span class='ocr_line' id='line_1_96' title="bbox 241 4821 1809 4900; baseline -0.008 -17"><span class='ocrx_word' id='word_1_671' title='bbox 241 4831 467 4900; x_wconf 79' lang='grc' dir='ltr'>ὕστερον</span> <span class='ocrx_word' id='word_1_672' title='bbox 519 4830 615 4882; x_wconf 68' lang='grc' dir='ltr'>καὶ</span> <span class='ocrx_word' id='word_1_673' title='bbox 665 4827 825 4890; x_wconf 82' lang='grc' dir='ltr'>αὐτὸς</span> <span class='ocrx_word' id='word_1_674' title='bbox 884 4827 1196 4896; x_wconf 84' lang='grc' dir='ltr'>ἁνίσχυρος,</span> <span class='ocrx_word' id='word_1_675' title='bbox 1242 4823 1337 4877; x_wconf 68' lang='grc' dir='ltr'>καὶ</span> <span class='ocrx_word' id='word_1_676' title='bbox 1382 4821 1666 4891; x_wconf 78' lang='grc' dir='ltr'>ἀνωφελὴς</span> <span class='ocrx_word' id='word_1_677' title='bbox 1712 4821 1809 4873; x_wconf 78' lang='grc' dir='ltr'>καὶ</span> 
     </span>
    </p>
   </div>
   <div class='ocr_carea' id='block_1_97' title="bbox 237 4910 1805 4991">
    <p class='ocr_par' dir='ltr' id='par_1_97' title="bbox 237 4910 1805 4991">
     <span class='ocr_line' id='line_1_97' title="bbox 237 4910 1805 4991; baseline -0.009 -15"><span class='ocrx_word' id='word_1_678' title='bbox 237 4924 452 4983; x_wconf 78' lang='grc' dir='ltr'>ἀνόσιος</span> <span class='ocrx_word' id='word_1_679' title='bbox 475 4920 788 4991; x_wconf 78' lang='grc' dir='ltr'>εὑρίσκεται</span> <span class='ocrx_word' id='word_1_680' title='bbox 817 4933 830 4946; x_wconf 79' lang='grc'><strong><em>⁸</em></strong></span> <span class='ocrx_word' id='word_1_681' title='bbox 851 4917 965 4979; x_wconf 87' lang='grc' dir='ltr'><strong>πῶς</strong></span> <span class='ocrx_word' id='word_1_682' title='bbox 989 4918 1088 4969; x_wconf 82' lang='grc' dir='ltr'>οὐκ</span> <span class='ocrx_word' id='word_1_683' title='bbox 1113 4917 1217 4967; x_wconf 77' lang='grc' dir='ltr'>εἰσὶ</span> <span class='ocrx_word' id='word_1_684' title='bbox 1242 4915 1311 4966; x_wconf 74' lang='grc' dir='ltr'><strong>τά</strong></span> <span class='ocrx_word' id='word_1_685' title='bbox 1332 4913 1441 4966; x_wconf 91' lang='grc' dir='ltr'><strong>τῶν</strong></span> <span class='ocrx_word' id='word_1_686' title='bbox 1464 4910 1805 4983; x_wconf 88' lang='grc' dir='ltr'>Χριστιανῶν</span> 
     </span>
    </p>
   </div>
   <div class='ocr_carea' id='block_1_98' title="bbox 241 5006 1808 5088">
    <p class='ocr_par' dir='ltr' id='par_1_98' title="bbox 241 5006 1808 5088">
     <span class='ocr_line' id='line_1_98' title="bbox 241 5006 1808 5088; baseline -0.006 -19"><span class='ocrx_word' id='word_1_687' title='bbox 241 5019 516 5088; x_wconf 80' lang='grc' dir='ltr'>μυστήρια</span> <span class='ocrx_word' id='word_1_688' title='bbox 552 5013 756 5083; x_wconf 81' lang='grc' dir='ltr'>μάταια</span> <span class='ocrx_word' id='word_1_689' title='bbox 791 5013 883 5064; x_wconf 75' lang='grc' dir='ltr'><strong>καὶ</strong></span> <span class='ocrx_word' id='word_1_690' title='bbox 910 5009 1233 5082; x_wconf 87' lang='grc' dir='ltr'>ἁκάθαρτα;</span> <span class='ocrx_word' id='word_1_691' title='bbox 1273 5009 1336 5060; x_wconf 86' lang='grc' dir='ltr'><strong>Εἰ</strong></span> <span class='ocrx_word' id='word_1_692' title='bbox 1370 5009 1468 5078; x_wconf 82' lang='grc' dir='ltr'>μὲν</span> <span class='ocrx_word' id='word_1_693' title='bbox 1501 5011 1609 5076; x_wconf 87' lang='grc' dir='ltr'><strong>γάρ</strong></span> <span class='ocrx_word' id='word_1_694' title='bbox 1628 5006 1808 5060; x_wconf 83' lang='grc' dir='ltr'>πάντα</span> 
     </span>
    </p>
   </div>
   <div class='ocr_carea' id='block_1_99' title="bbox 234 5103 1801 5180">
    <p class='ocr_par' dir='ltr' id='par_1_99' title="bbox 234 5103 1801 5180">
     <span class='ocr_line' id='line_1_99' title="bbox 234 5103 1801 5180; baseline -0.003 -18"><span class='ocrx_word' id='word_1_695' title='bbox 234 5111 345 5162; x_wconf 81' lang='grc' dir='ltr'><strong>ἀπὸ</strong></span> <span class='ocrx_word' id='word_1_696' title='bbox 396 5108 593 5180; x_wconf 88' lang='grc' dir='ltr'>μικροῦ</span> <span class='ocrx_word' id='word_1_697' title='bbox 638 5110 727 5161; x_wconf 73' lang='grc' dir='ltr'>καὶ</span> <span class='ocrx_word' id='word_1_698' title='bbox 781 5105 1016 5177; x_wconf 75' lang='grc' dir='ltr'>μεγάλου</span> <span class='ocrx_word' id='word_1_699' title='bbox 1053 5107 1080 5158; x_wconf 91' lang='lat'><strong>6</strong></span> <span class='ocrx_word' id='word_1_700' title='bbox 1122 5119 1291 5168; x_wconf 85' lang='grc' dir='ltr'>τυπος</span> <span class='ocrx_word' id='word_1_701' title='bbox 1341 5103 1505 5156; x_wconf 84' lang='grc' dir='ltr'>αὑτοῦ</span> <span class='ocrx_word' id='word_1_702' title='bbox 1561 5105 1801 5176; x_wconf 78' lang='grc' dir='ltr'>ἁγιάζει,</span> 
     </span>
    </p>
   </div>
   <div class='ocr_carea' id='block_1_100' title="bbox 1914 4479 3481 4550">
    <p class='ocr_par' dir='ltr' id='par_1_100' title="bbox 1914 4479 3481 4550">
     <span class='ocr_line' id='line_1_100' title="bbox 1914 4479 3481 4550; baseline 0.003 -17"><span class='ocrx_word' id='word_1_703' title='bbox 1914 4479 2058 4533; x_wconf 89' lang='lat' dir='ltr'><strong>enim</strong></span> <span class='ocrx_word' id='word_1_704' title='bbox 2092 4495 2246 4541; x_wconf 78' lang='lat' dir='ltr'><strong>crux,</strong></span> <span class='ocrx_word' id='word_1_705' title='bbox 2296 4495 2551 4548; x_wconf 83' lang='lat' dir='ltr'><strong>expressa</strong></span> <span class='ocrx_word' id='word_1_706' title='bbox 2600 4481 2717 4549; x_wconf 88' lang='lat' dir='ltr'><strong>ejus</strong></span> <span class='ocrx_word' id='word_1_707' title='bbox 2766 4481 2961 4550; x_wconf 49' lang='lat' dir='ltr'><strong>figura,</strong></span> <span class='ocrx_word' id='word_1_708' title='bbox 2995 4483 3173 4536; x_wconf 88' lang='lat' dir='ltr'><strong>omnia</strong></span> <span class='ocrx_word' id='word_1_709' title='bbox 3210 4482 3481 4538; x_wconf 86' lang='lat' dir='ltr'><strong>Christia-</strong></span> 
     </span>
    </p>
   </div>
   <div class='ocr_carea' id='block_1_101' title="bbox 1915 4571 3482 4644">
    <p class='ocr_par' dir='ltr' id='par_1_101' title="bbox 1915 4571 3482 4644">
     <span class='ocr_line' id='line_1_101' title="bbox 1915 4571 3482 4644; baseline 0.004 -20"><span class='ocrx_word' id='word_1_710' title='bbox 1915 4585 2106 4624; x_wconf 92' lang='lat' dir='ltr'><strong>norum</strong></span> <span class='ocrx_word' id='word_1_711' title='bbox 2151 4571 2401 4640; x_wconf 87' lang='lat' dir='ltr'><strong>mysteria</strong></span> <span class='ocrx_word' id='word_1_712' title='bbox 2435 4573 2770 4638; x_wconf 86' lang='lat' dir='ltr'><strong>sanctificet;</strong></span> <span class='ocrx_word' id='word_1_713' title='bbox 2803 4573 3066 4642; x_wconf 86' lang='lat' dir='ltr'><strong>siquidem</strong></span> <span class='ocrx_word' id='word_1_714' title='bbox 3115 4575 3229 4643; x_wconf 85' lang='lat' dir='ltr'><strong>ipsa</strong></span> <span class='ocrx_word' id='word_1_715' title='bbox 3264 4592 3482 4644; x_wconf 83' lang='lat' dir='ltr'><strong>quoque</strong></span> 
     </span>
    </p>
   </div>
   <div class='ocr_carea' id='block_1_102' title="bbox 1914 4660 3485 4734">
    <p class='ocr_par' dir='ltr' id='par_1_102' title="bbox 1914 4660 3485 4734">
     <span class='ocr_line' id='line_1_102' title="bbox 1914 4660 3485 4734; baseline 0.006 -22"><span class='ocrx_word' id='word_1_716' title='bbox 1914 4660 2256 4728; x_wconf 90' lang='lat' dir='ltr'><strong>postmodum</strong></span> <span class='ocrx_word' id='word_1_717' title='bbox 2314 4663 2604 4729; x_wconf 84' lang='lat' dir='ltr'><strong>imbecilla,</strong></span> <span class='ocrx_word' id='word_1_718' title='bbox 2665 4663 2892 4727; x_wconf 84' lang='lat' dir='ltr'><strong>inutilis,</strong></span> <span class='ocrx_word' id='word_1_719' title='bbox 2937 4680 3003 4720; x_wconf 89' lang='lat' dir='ltr'><strong>ac</strong></span> <span class='ocrx_word' id='word_1_720' title='bbox 3051 4666 3273 4734; x_wconf 81' lang='lat' dir='ltr'><strong>profana</strong></span> <span class='ocrx_word' id='word_1_721' title='bbox 3332 4668 3485 4722; x_wconf 79' lang='lat' dir='ltr'><strong>inve-</strong></span> 
     </span>
    </p>
   </div>
   <div class='ocr_carea' id='block_1_103' title="bbox 1916 4751 3482 4826">
    <p class='ocr_par' dir='ltr' id='par_1_103' title="bbox 1916 4751 3482 4826">
     <span class='ocr_line' id='line_1_103' title="bbox 1916 4751 3482 4826; baseline 0.006 -24"><span class='ocrx_word' id='word_1_722' title='bbox 1916 4751 2062 4804; x_wconf 88' lang='lat' dir='ltr'><strong>nitur</strong></span> <span class='ocrx_word' id='word_1_723' title='bbox 2105 4751 2279 4821; x_wconf 84' lang='lat' dir='ltr'><strong>:quei</strong></span> <span class='ocrx_word' id='word_1_724' title='bbox 2329 4767 2433 4806; x_wconf 88' lang='lat' dir='ltr'><strong>non</strong></span> <span class='ocrx_word' id='word_1_725' title='bbox 2495 4753 2932 4810; x_wconf 88' lang='lat' dir='ltr'><strong>Christianorum</strong></span> <span class='ocrx_word' id='word_1_726' title='bbox 2994 4759 3250 4826; x_wconf 85' lang='lat' dir='ltr'><strong>mysteria</strong></span> <span class='ocrx_word' id='word_1_727' title='bbox 3301 4758 3482 4811; x_wconf 85' lang='lat' dir='ltr'><strong>inania</strong></span> 
     </span>
    </p>
   </div>
   <div class='ocr_carea' id='block_1_104' title="bbox 1915 4842 3482 4912">
    <p class='ocr_par' dir='ltr' id='par_1_104' title="bbox 1915 4842 3482 4912">
     <span class='ocr_line' id='line_1_104' title="bbox 1915 4842 3482 4912; baseline 0.003 -17"><span class='ocrx_word' id='word_1_728' title='bbox 1915 4842 2027 4895; x_wconf 84' lang='lat' dir='ltr'><strong>sint</strong></span> <span class='ocrx_word' id='word_1_729' title='bbox 2067 4858 2130 4897; x_wconf 88' lang='lat' dir='ltr'><strong>ac</strong></span> <span class='ocrx_word' id='word_1_730' title='bbox 2181 4845 2501 4898; x_wconf 79' lang='lat' dir='ltr'><strong>immunda?</strong></span> <span class='ocrx_word' id='word_1_731' title='bbox 2535 4845 2760 4912; x_wconf 86' lang='lat' dir='ltr'><strong>Quando</strong></span> <span class='ocrx_word' id='word_1_732' title='bbox 2793 4847 2935 4898; x_wconf 90' lang='lat' dir='ltr'><strong>enim</strong></span> <span class='ocrx_word' id='word_1_733' title='bbox 2993 4847 3170 4898; x_wconf 90' lang='lat' dir='ltr'><strong>crucis</strong></span> <span class='ocrx_word' id='word_1_734' title='bbox 3221 4845 3390 4911; x_wconf 80' lang='lat' dir='ltr'><strong>ﬁgura</strong></span> <span class='ocrx_word' id='word_1_735' title='bbox 3451 4860 3482 4900; x_wconf 85' lang='lat' dir='ltr'><strong>a</strong></span> 
     </span>
    </p>
   </div>
   <div class='ocr_carea' id='block_1_105' title="bbox 1916 4932 3480 5003">
    <p class='ocr_par' dir='ltr' id='par_1_105' title="bbox 1916 4932 3480 5003">
     <span class='ocr_line' id='line_1_105' title="bbox 1916 4932 3480 5003; baseline 0.004 -19"><span class='ocrx_word' id='word_1_736' title='bbox 1916 4932 2110 4986; x_wconf 89' lang='lat' dir='ltr'><strong>minori</strong></span> <span class='ocrx_word' id='word_1_737' title='bbox 2134 4935 2200 4988; x_wconf 89' lang='lat' dir='ltr'><strong>ad</strong></span> <span class='ocrx_word' id='word_1_738' title='bbox 2238 4935 2410 5001; x_wconf 89' lang='lat' dir='ltr'><strong>majus</strong></span> <span class='ocrx_word' id='word_1_739' title='bbox 2438 4937 2688 4988; x_wconf 87' lang='lat' dir='ltr'><strong>universa</strong></span> <span class='ocrx_word' id='word_1_740' title='bbox 2720 4932 3184 5002; x_wconf 79' lang='lat' dir='ltr'><strong>sanctificat,jant</strong></span> <span class='ocrx_word' id='word_1_741' title='bbox 3227 4934 3480 5003; x_wconf 81' lang='lat' dir='ltr'><strong>deinceps</strong></span> 
     </span>
    </p>
   </div>
   <div class='ocr_carea' id='block_1_106' title="bbox 1911 5023 3466 5095">
    <p class='ocr_par' dir='ltr' id='par_1_106' title="bbox 1911 5023 3466 5095">
     <span class='ocr_line' id='line_1_106' title="bbox 1911 5023 3466 5095; baseline 0.001 -18"><span class='ocrx_word' id='word_1_742' title='bbox 1911 5026 2222 5087; x_wconf 83' lang='lat' dir='ltr'><strong>ostendant,</strong></span> <span class='ocrx_word' id='word_1_743' title='bbox 2254 5026 2392 5095; x_wconf 84' lang='lat' dir='ltr'><strong>quod</strong></span> <span class='ocrx_word' id='word_1_744' title='bbox 2429 5025 2720 5079; x_wconf 81' lang='lat' dir='ltr'><strong>exhibeant</strong></span> <span class='ocrx_word' id='word_1_745' title='bbox 2749 5025 2920 5090; x_wconf 86' lang='lat' dir='ltr'><strong>majus</strong></span> <span class='ocrx_word' id='word_1_746' title='bbox 2951 5025 3189 5092; x_wconf 80' lang='lat' dir='ltr'><strong>signum,</strong></span> <span class='ocrx_word' id='word_1_747' title='bbox 3231 5041 3293 5077; x_wconf 87' lang='lat' dir='ltr'><strong>ac</strong></span> <span class='ocrx_word' id='word_1_748' title='bbox 3329 5023 3466 5094; x_wconf 83' lang='lat' dir='ltr'><strong>ﬁgu-</strong></span> 
     </span>
    </p>
   </div>
   <div class='ocr_carea' id='block_1_107' title="bbox 1917 5115 3301 5186">
    <p class='ocr_par' dir='ltr' id='par_1_107' title="bbox 1917 5115 3301 5186">
     <span class='ocr_line' id='line_1_107' title="bbox 1917 5115 3301 5186; baseline -0.001 -18"><span class='ocrx_word' id='word_1_749' title='bbox 1917 5129 2033 5168; x_wconf 85' lang='lat' dir='ltr'><strong>ram</strong></span> <span class='ocrx_word' id='word_1_750' title='bbox 2065 5117 2251 5182; x_wconf 87' lang='lat' dir='ltr'><strong>aliam,</strong></span> <span class='ocrx_word' id='word_1_751' title='bbox 2281 5131 2384 5186; x_wconf 89' lang='lat' dir='ltr'><strong>qua</strong></span> <span class='ocrx_word' id='word_1_752' title='bbox 2424 5130 2643 5170; x_wconf 88' lang='lat' dir='ltr'><strong>crucem</strong></span> <span class='ocrx_word' id='word_1_753' title='bbox 2691 5115 3035 5170; x_wconf 83' lang='lat' dir='ltr'><strong>sanctificare</strong></span> <span class='ocrx_word' id='word_1_754' title='bbox 3073 5115 3301 5184; x_wconf 78' lang='lat' dir='ltr'><strong>pOssint.</strong></span> 
     </span>
    </p>
   </div>
   <div class='ocr_carea' id='block_1_108' title="bbox 237 5196 3478 5283">
    <p class='ocr_par' dir='ltr' id='par_1_108' title="bbox 237 5196 3478 5283">
     <span class='ocr_line' id='line_1_108' title="bbox 237 5196 3478 5283; baseline 0.003 -24"><span class='ocrx_word' id='word_1_755' title='bbox 237 5207 722 5276; x_wconf 73' lang='grc' dir='ltr'>δειξάτωσανὴμῖν</span> <span class='ocrx_word' id='word_1_756' title='bbox 751 5204 960 5269; x_wconf 64' lang='grc' dir='ltr'>λοιπὸν,</span> <span class='ocrx_word' id='word_1_757' title='bbox 1021 5202 1076 5255; x_wconf 85' lang='grc' dir='ltr'><strong>τί</strong></span> <span class='ocrx_word' id='word_1_758' title='bbox 1139 5203 1458 5274; x_wconf 80' lang='grc' dir='ltr'>μειζότερον</span> <span class='ocrx_word' id='word_1_759' title='bbox 1486 5204 1620 5276; x_wconf 80' lang='grc' dir='ltr'>ἡμῖν</span> <span class='ocrx_word' id='word_1_760' title='bbox 1654 5210 1881 5277; x_wconf 83' lang='grc' dir='ltr'>σημεῖον</span> <span class='ocrx_word' id='word_1_761' title='bbox 1917 5211 2243 5280; x_wconf 83' lang='grc' dir='ltr'>δεικνύουσι,</span> <span class='ocrx_word' id='word_1_762' title='bbox 2298 5196 2394 5266; x_wconf 67' lang='grc' dir='ltr'>3ιαί</span> <span class='ocrx_word' id='word_1_763' title='bbox 2440 5211 2611 5264; x_wconf 86' lang='grc' dir='ltr'>τύπον</span> <span class='ocrx_word' id='word_1_764' title='bbox 2661 5211 2842 5278; x_wconf 75' lang='grc' dir='ltr'>ἄλλον,</span> <span class='ocrx_word' id='word_1_765' title='bbox 2899 5211 2968 5265; x_wconf 85' lang='grc' dir='ltr'><strong>δι’</strong></span> <span class='ocrx_word' id='word_1_766' title='bbox 3004 5210 3065 5265; x_wconf 81' lang='grc' dir='ltr'><strong>οὗ</strong></span> <span class='ocrx_word' id='word_1_767' title='bbox 3107 5213 3196 5268; x_wconf 80' lang='grc' dir='ltr'>τὸν</span> <span class='ocrx_word' id='word_1_768' title='bbox 3246 5211 3478 5283; x_wconf 76' lang='grc' dir='ltr'>σταυρὸν</span> 
     </span>
    </p>
   </div>
   <div class='ocr_carea' id='block_1_109' title="bbox 235 5299 792 5371">
    <p class='ocr_par' dir='ltr' id='par_1_109' title="bbox 235 5299 792 5371">
     <span class='ocr_line' id='line_1_109' title="bbox 235 5299 792 5371; baseline -0.002 -16"><span class='ocrx_word' id='word_1_769' title='bbox 235 5301 488 5371; x_wconf 77' lang='grc' dir='ltr'>ἁγιάζειν</span> <span class='ocrx_word' id='word_1_770' title='bbox 514 5299 792 5354; x_wconf 85' lang='grc' dir='ltr'>δύνανται.</span> 
     </span>
    </p>
   </div>
   <div class='ocr_carea' id='block_1_110' title="bbox 304 5477 1075 5551">
    <p class='ocr_par' dir='ltr' id='par_1_110' title="bbox 304 5477 1075 5551">
     <span class='ocr_line' id='line_1_110' title="bbox 304 5477 1075 5551; baseline 0 -18"><span class='ocrx_word' id='word_1_771' title='bbox 304 5477 416 5551; x_wconf 73' lang='lat'><strong>(55)</strong></span> <span class='ocrx_word' id='word_1_772' title='bbox 449 5479 612 5551; x_wconf 71' lang='lat' dir='ltr'><strong>Forte</strong></span> <span class='ocrx_word' id='word_1_773' title='bbox 648 5479 724 5550; x_wconf 84' lang='grc' dir='ltr'>μὴ</span> <span class='ocrx_word' id='word_1_774' title='bbox 755 5479 1075 5551; x_wconf 80' lang='grc' dir='ltr'>παρέχουσι.</span> 
     </span>
    </p>
   </div>
   <div class='ocr_carea' id='block_1_111' title="bbox 303 5547 852 5620">
    <p class='ocr_par' dir='ltr' id='par_1_111' title="bbox 303 5547 852 5620">
     <span class='ocr_line' id='line_1_111' title="bbox 303 5547 852 5620; baseline -0.002 -4"><span class='ocrx_word' id='word_1_775' title='bbox 303 5547 416 5620; x_wconf 60' lang='grc'><strong>(56)</strong></span> <span class='ocrx_word' id='word_1_776' title='bbox 445 5547 584 5620; x_wconf 56' lang='lat' dir='ltr'><strong>lese</strong></span> <span class='ocrx_word' id='word_1_777' title='bbox 613 5547 852 5620; x_wconf 55' lang='grc' dir='ltr'>έὸρεαῖςέ</span> 
     </span>
    </p>
   </div>
   <div class='ocr_carea' id='block_1_112' title="bbox 323 5619 748 5690">
    <p class='ocr_par' dir='ltr' id='par_1_112' title="bbox 323 5619 748 5690">
     <span class='ocr_line' id='line_1_112' title="bbox 323 5619 748 5690; baseline 0 -18"><span class='ocrx_word' id='word_1_778' title='bbox 323 5619 413 5690; x_wconf 64' lang='grc' dir='ltr'><strong>δῖ)</strong></span> <span class='ocrx_word' id='word_1_779' title='bbox 443 5619 601 5690; x_wconf 63' lang='lat' dir='ltr'><strong>Eone</strong></span> <span class='ocrx_word' id='word_1_780' title='bbox 614 5619 748 5690; x_wconf 72' lang='grc' dir='ltr'>τάς,</span> 
     </span>
    </p>
   </div>
   <div class='ocr_carea' id='block_1_113' title="bbox 300 5623 882 5761">
    <p class='ocr_par' dir='ltr' id='par_1_113' title="bbox 300 5623 882 5761">
     <span class='ocr_line' id='line_1_113' title="bbox 323 5623 748 5690; baseline 0.005 -17"><span class='ocrx_word' id='word_1_781' title='bbox 323 5623 413 5690; x_wconf 78' lang='lat'><strong>57)</strong></span> <span class='ocrx_word' id='word_1_782' title='bbox 443 5623 601 5675; x_wconf 85' lang='lat' dir='ltr'><strong>Forte</strong></span> <span class='ocrx_word' id='word_1_783' title='bbox 629 5623 748 5680; x_wconf 80' lang='grc' dir='ltr'>τάς.</span> 
     </span>
     <span class='ocr_line' id='line_1_114' title="bbox 300 5623 882 5761; baseline -0.005 -13"><span class='ocrx_word' id='word_1_784' title='bbox 300 5623 416 5761; x_wconf 48' lang='grc' dir='ltr'><strong>ἓὸε)</strong></span> <span class='ocrx_word' id='word_1_785' title='bbox 446 5688 579 5745; x_wconf 86' lang='lat' dir='ltr'><strong>Can.</strong></span> <span class='ocrx_word' id='word_1_786' title='bbox 611 5689 677 5746; x_wconf 88' lang='lat'><strong>78</strong></span> <span class='ocrx_word' id='word_1_787' title='bbox 713 5689 882 5745; x_wconf 85' lang='lat' dir='ltr'><strong>Truil.</strong></span> 
     </span>
    </p>
   </div>
   <div class='ocr_carea' id='block_1_114' title="bbox 1977 5477 2398 5550">
    <p class='ocr_par' dir='ltr' id='par_1_114' title="bbox 1977 5477 2398 5550">
     <span class='ocr_line' id='line_1_115' title="bbox 1977 5477 2398 5550; baseline 0.005 -19"><span class='ocrx_word' id='word_1_788' title='bbox 1977 5479 2091 5550; x_wconf 75' lang='lat'><strong>(59)</strong></span> <span class='ocrx_word' id='word_1_789' title='bbox 2118 5477 2270 5550; x_wconf 86' lang='lat' dir='ltr'><strong>0_ral.</strong></span> <span class='ocrx_word' id='word_1_790' title='bbox 2305 5477 2398 5535; x_wconf 70' lang='lat' dir='ltr'><strong>te.</strong></span> 
     </span>
    </p>
   </div>
   <div class='ocr_carea' id='block_1_115' title="bbox 1977 5545 3475 5619">
    <p class='ocr_par' dir='ltr' id='par_1_115' title="bbox 1977 5545 3475 5619">
     <span class='ocr_line' id='line_1_116' title="bbox 1977 5545 3475 5619; baseline -0.002 -17"><span class='ocrx_word' id='word_1_791' title='bbox 1977 5545 2089 5619; x_wconf 64' lang='lat'><strong>(&#39;40)</strong></span> <span class='ocrx_word' id='word_1_792' title='bbox 2129 5547 2333 5619; x_wconf 76' lang='lat' dir='ltr'><strong>Totum</strong></span> <span class='ocrx_word' id='word_1_793' title='bbox 2375 5550 2477 5619; x_wconf 81' lang='lat' dir='ltr'><strong>hoc</strong></span> <span class='ocrx_word' id='word_1_794' title='bbox 2522 5555 2684 5616; x_wconf 89' lang='lat' dir='ltr'><strong>caput</strong></span> <span class='ocrx_word' id='word_1_795' title='bbox 2735 5551 3118 5619; x_wconf 84' lang='lat' dir='ltr'><strong>attendendum</strong></span> <span class='ocrx_word' id='word_1_796' title='bbox 3170 5560 3294 5619; x_wconf 84' lang='lat' dir='ltr'><strong>cum</strong></span> <span class='ocrx_word' id='word_1_797' title='bbox 3335 5545 3475 5600; x_wconf 86' lang='lat' dir='ltr'><strong>rela-</strong></span> 
     </span>
    </p>
   </div>
   <div class='ocr_carea' id='block_1_116' title="bbox 1903 5615 3474 5691">
    <p class='ocr_par' dir='ltr' id='par_1_116' title="bbox 1903 5615 3474 5691">
     <span class='ocr_line' id='line_1_117' title="bbox 1903 5615 3474 5691; baseline 0.001 -20"><span class='ocrx_word' id='word_1_798' title='bbox 1903 5615 2046 5672; x_wconf 85' lang='lat' dir='ltr'><strong>tione</strong></span> <span class='ocrx_word' id='word_1_799' title='bbox 2071 5615 2140 5671; x_wconf 73' lang='lat' dir='ltr'><strong>ad</strong></span> <span class='ocrx_word' id='word_1_800' title='bbox 2183 5617 2412 5674; x_wconf 70' lang='lat' dir='ltr'><strong>lmresin</strong></span> <span class='ocrx_word' id='word_1_801' title='bbox 2451 5615 2830 5675; x_wconf 84' lang='lat' dir='ltr'><strong>Armeniorum</strong></span> <span class='ocrx_word' id='word_1_802' title='bbox 2865 5639 2879 5676; x_wconf 92' lang='lat'><strong>:</strong></span> <span class='ocrx_word' id='word_1_803' title='bbox 2917 5617 3116 5691; x_wconf 93' lang='lat' dir='ltr'><strong>alioqui</strong></span> <span class='ocrx_word' id='word_1_804' title='bbox 3153 5617 3276 5690; x_wconf 84' lang='lat' dir='ltr'><strong>plus</strong></span> <span class='ocrx_word' id='word_1_805' title='bbox 3317 5633 3474 5687; x_wconf 70' lang='lat' dir='ltr'><strong>aequo</strong></span> 
     </span>
    </p>
   </div>
   <div class='ocr_carea' id='block_1_117' title="bbox 1907 5698 2144 5757">
    <p class='ocr_par' dir='ltr' id='par_1_117' title="bbox 1907 5698 2144 5757">
     <span class='ocr_line' id='line_1_118' title="bbox 1907 5698 2144 5757; baseline 0.008 -17"><span class='ocrx_word' id='word_1_806' title='bbox 1907 5698 2144 5757; x_wconf 84' lang='lat' dir='ltr'><strong>urgeret.</strong></span> 
     </span>
    </p>
   </div>
  </div>
