3968 6220
488 239 621 302 1187

1564 236 1815 297 ISAACI
1854 230 2228 294 ARMENIIE
2266 228 2672 292 CATHOLICI

3602 218 3743 282 1188

556 356 625 411 ll.
670 354 800 409 Nam
859 354 1042 410 ovium
1090 354 1367 410 victimam
1432 356 1596 427 plane
1673 369 1772 425 per
1833 364 2051 407 crucem

2231 347 2306 401 B'.
2343 348 2454 418 Τὴν
2486 349 2597 417 γὰρ
2638 344 2831 399 θυσίαν
2860 342 2969 395 τῶν
3002 340 3289 411 προϐάτων
3319 337 3409 391 διά
3441 335 3541 390 τοῦ
3573 352 3748 389 σταυ-

487 449 850 512 sauct‘iﬁcant,
886 462 1046 516 quam
1096 447 1349 503 Christus
1398 448 1492 503 Dei
1550 448 1737 511 Filius,
1779 441 1960 500 clavis
2001 442 2055 497 in

490 548 670 610 eaﬁpro
689 540 843 595 nobis
869 540 1134 606 conﬁxus,
1156 541 1548 609 sanctiﬁcavit;
1573 541 1799 610 ejusque
1818 539 2053 607 signum,

494 646 779 685 commune
814 629 1192 684 universorum
1224 630 1680 686 sanctiﬁcationis
1729 630 2059 682 instrumen-

491 734 605 775 tum
638 723 835 776 eﬁ'ecit.
866 722 1329 787 Quemadmodum
1364 723 1531 787 enim,
1566 732 1853 789 antequam
1902 716 2061 772 Chri-

494 826 611 868 stus
653 815 800 867 cruci
848 814 1184 883 afﬁgeretur,
1240 823 1360 868 erat
1408 814 1494 869 illa
1539 810 1937 868 maledictionis
1966 825 2058 863 or-

494 921 718 975 ganum,
746 905 971 974 ejusque
1006 906 1173 975 ﬁgura
1202 905 1578 959 abominabilis
1608 921 1621 956 :
1647 917 1714 958 ex
1741 918 1850 973 quo
1877 910 2057 955 autem

496 998 746 1050 Christus
775 999 826 1048 in
862 1012 923 1051 ea
954 997 1053 1049 fuit
1075 997 1293 1060 afﬁxus,
1323 996 1439 1065 ipsa
1462 997 1807 1049 sanctitatem
1845 994 2059 1055 ascivit,

495 1088 721 1156 ejusque
754 1089 921 1158 ﬁgura
961 1103 1023 1142 ac
1051 1088 1284 1159 signum,
1328 1088 1433 1141 vim
1466 1085 1841 1141 sanctiﬁcandi
1876 1085 2058 1139 omnia

497 1186 730 1247 accepit,
760 1195 1058 1248 omnesque
1081 1180 1201 1247 ejus
1242 1180 1296 1233 in
1330 1194 1389 1233 se
1414 1178 1641 1249 ﬁguram
1672 1178 2061 1247 exprimentes,

499 1271 832 1325 sanctiﬁcari
887 1286 944 1325 se
989 1271 1266 1325 credunt:
1302 1272 1376 1324 ita
1424 1272 1612 1340 liquet,
1647 1280 1886 1325 sanctam
1943 1283 2064 1322 esse

502 1377 883 1432 quamcunque
915 1377 1152 1426 crucem,
1187 1365 1300 1431 ipsa
1353 1365 1435 1417 sui
1466 1363 1817 1431 expressione
1863 1361 2065 1415 sancti-

502 1464 664 1509 tatem
699 1455 988 1507 habentem
1028 1471 1041 1507 :
1070 1464 1394 1521 sanctosque
1424 1456 1560 1519 ﬁeri,
1603 1456 1690 1523 qui
1724 1455 1949 1508 adorant
2002 1467 2067 1505 ac

504 1547 608 1601 ﬁde
636 1548 970 1601 osculantur.
1006 1547 1158 1613 Quod
1209 1549 1252 1602 si
1300 1550 1509 1619 signum
1547 1548 1723 1602 crucis
1762 1546 1950 1601 inutile
1983 1554 2066 1599 est

504 1654 567 1692 ac
596 1638 954 1701 immundum,
980 1650 1035 1691 ut
1071 1637 1147 1690 illi
1180 1639 1343 1707 impie
1379 1647 1668 1707 nugantur,
1706 1636 1923 1705 planum
1956 1644 2062 1697 est,

2164 442 2260 514 ροῦ
2315 441 2533 503 πάντως
2585 437 2925 505 ἀγιάζουσιν,
2958 434 3019 487 ὃν
3048 435 3077 486 6
3138 430 3376 502 Χριστὸς
3406 432 3436 483 6
3485 427 3622 492 Υίδς
3656 426 3751 480 τοῦ

2160 531 2295 585 Θεοῦ
2335 530 2558 601 ήγίασε,
2616 527 2957 599 σταυρωθεὶς
3003 528 3061 580 ὲν
3118 523 3269 593 αὐτῷ
3309 523 3376 575 δι’
3410 522 3583 591 ἡμᾶς,
3650 518 3752 572 καὶ

2164 622 2381 691 σταυρῷ
2436 619 2833 691 προσηλωθεὶς,
2886 616 2984 671 καὶ
3035 615 3128 669 τὸν
3170 613 3341 667 τύπον
3373 610 3546 665 αὑτοῦ
3580 610 3751 676 ἁγια-

2166 718 2387 785 στήριον
2436 713 2657 767 πάντων
2705 710 3010 774 ἀναδείξας.
3051 708 3263 776 Ὠσπερ
3324 707 3437 775 γὰρ
3505 704 3618 775 πρὸ
3650 702 3752 770 τῆς

2162 806 2400 877 Χριστοῦ
2437 803 2830 874 σταυρώσεως,
2866 804 2895 855 6
2934 800 3166 869 σταυρὸς
3190 799 3439 868 κατάρας
3460 793 3542 871 ,ἦν
3582 797 3751 864 ὁρτα-

2163 916 2274 963 νον,
2307 898 2398 949 καὶ
2424 898 2452 949 6
2494 896 2662 957 τύπος
2706 891 2872 946 αὑτοῦ
2937 890 3220 961 βδελυκτός
3240 903 3256 919 ⁶
3288 890 3380 957 ἀφ’
3420 882 3483 941 οὗ
3517 887 3577 939 δὲ
3612 886 3751 955 Χρι-

2166 991 2289 1053 στὸς
2318 991 2375 1042 ὲν
2400 987 2549 1056 αὐτῷ
2580 984 2928 1055 ἐσταυρώθη,
2955 983 3119 1044 αὐτὸς
3152 983 3182 1034 6
3214 980 3447 1049 σταυρὸς
3472 978 3749 1051 ἡγιάσθη,

2163 1083 2257 1133 καί
2289 1080 2317 1130 6
2345 1078 2515 1140 τύπος
2544 1072 2710 1128 αὐτοῦ
2750 1072 3109 1143 ἀγιαστήριον
3133 1072 3355 1123 πάντων
3376 1069 3578 1134 γέγονε
3600 1080 3624 1100 ⁸
3657 1068 3756 1119 καὶ

2164 1174 2362 1234 πάντες
2400 1169 2491 1222 τὸν
2524 1167 2696 1221 τύπον
2730 1165 2895 1219 αὑτοῦ
2929 1166 2987 1216 ὲν
3009 1163 3159 1234 αὐτῷ
3200 1162 3313 1231 (Η)
3346 1160 3754 1223 ὲκτυποῦντες,

2164 1263 2492 1334 ἀγιασθῆναι
2527 1258 2877 1313 πιστεύουσιν
2898 1255 3080 1325 ὀὕτω
3115 1255 3294 1325 δῆλον,
3331 1256 3416 1308 ὅτι
3446 1255 3549 1306 καὶ
3579 1254 3690 1315 πᾶς
3730 1257 3757 1304 6

2166 1357 2395 1427 σταυρὸς
2416 1354 2571 1422 ἆγιός
2598 1354 2736 1415 ἐστι,
2760 1351 2848 1404 διὰ
2872 1349 2966 1402 τοῦ
2995 1348 3124 1401 ίδίου
3146 1347 3553 1412 ὲκτυπὼματος
3588 1347 3752 1413 μόνον

2166 1448 2549 1516 ἀγιαξόμενος,
2587 1444 2751 1505 αὑτός
2776 1458 2833 1493 τε
2863 1439 2957 1493 καλ⁵
2996 1440 3046 1493 οἱ
3072 1438 3259 1491 τοῦτον
3278 1434 3756 1506 προσκυνοῦντες,

2166 1538 2373 1600 πιστῶς
2425 1536 2814 1605 ἀσπαζόμενοι.
2849 1533 2909 1584 Ei
2959 1531 3015 1584 δὲ
3065 1532 3094 1582 6
3130 1529 3300 1591 τύπος
3351 1527 3451 1580 τοῦ
3512 1527 3758 1596 σταυροῦ

2167 1628 2454 1698 ἀνωφελής
2494 1631 2611 1681 ὲστι
2647 1627 2739 1678 καὶ
2794 1624 3123 1693 ἀκάθαρτος,
3163 1622 3236 1683 ὡς
3276 1622 3438 1673 αὐτοὶ
3468 1618 3761 1689 φλυαροῦ-

481 1734 689 1785 eodem
732 1732 889 1784 modo
937 1729 1139 1784 habere
1188 1744 1246 1783 se
1300 1744 1636 1798 quaecunque
1680 1729 1752 1782 illi
1790 1744 1884 1799 per
1940 1728 2067 1781 illud

2184 1740 2259 1775 τιν
2288 1720 2523 1783 ἀσεόῶς,
2543 1718 2724 1783 ,δῆλον
2752 1718 2836 1770 ὅτι
2864 1715 2960 1768 καὶ
2994 1715 3173 1768 πάντα
3192 1752 3207 1775 ,
3242 1712 3278 1766 ἃ
3308 1712 3400 1764 διά
3437 1711 3545 1764 τοῦ
3585 1712 3760 1762 τύπου

503 1823 869 1876 sanctiﬁcant.
901 1821 1130 1890 Jamque
1163 1823 1217 1875 in
1246 1822 1327 1877 eis
1352 1822 1485 1876 nihil
1518 1829 1760 1875 remanet
1791 1829 2069 1884 sanctum;

505 1930 611 1970 non
648 1925 1001 1985 unguentum,
1058 1930 1163 1967 non
1218 1914 1418 1980 oleum,
1475 1930 1584 1967 non
1627 1927 1821 1982 corpus
1852 1927 1917 1967 ac
1943 1926 2073 1965 san-

507 2007 626 2076 guis
659 2005 889 2067 Christi,
927 2021 1032 2058 non
1085 2005 1177 2058 Dei
1213 2004 1490 2072 templum.
1535 2002 1645 2058 Nec
1678 2002 1779 2071 ipsi
1827 2000 2072 2056 sanctiﬁ-

508 2108 704 2152 cantur
729 2111 943 2150 crucem
975 2096 1025 2148 in
1056 2094 1249 2164 seipsis
1274 2094 1664 2163 exprimentes,
1694 2106 1793 2147 nec
1824 2107 1921 2161 per
1954 2090 2072 2158 ejus

508 2190 721 2257 signum
770 2188 905 2241 alios
962 2183 1331 2241 sanctiﬁcant.
1382 2184 1566 2254 Neque
1622 2184 1839 2238 victima
1888 2196 2072 2237 eorum

508 2289 696 2333 sancta
733 2288 837 2343 est,
870 2294 1030 2348 quam
1085 2294 1181 2346 per
1228 2278 1408 2332 crucis
1440 2276 1774 2345 signaculum
1833 2272 2076 2327 sanctiﬁ-

509 2378 722 2433 caruul,
751 2383 813 2421 ac
849 2382 945 2436 per
970 2382 1127 2434 quam
1165 2381 1372 2428 rursus,
1398 2366 1475 2418 uti
1508 2366 1713 2420 insulse
1753 2365 2072 2431 opinantur,

512 2474 733 2514 crucem
778 2458 1143 2512 sanctitlcant.
1195 2455 1341 2510 Nihil
1375 2470 1560 2511 eorum
1605 2456 1974 2524 proculcatum
2004 2455 2076 2509 si-

490 2548 723 2616 .gillum,
760 2548 828 2600 ob
873 2547 1051 2600 crucis
1085 2545 1354 2614 adjectum
1400 2546 1762 2615 signaculum,
1820 2546 2077 2615 deinceps

513 2654 688 2709 poenae.
726 2638 1036 2694 conciliabit
1066 2653 1131 2692 ac
1159 2638 1430 2707 supplicii,
1472 2640 1550 2692 uti
1586 2640 1790 2693 dictum
1829 2648 1934 2693 est.
1969 2636 2076 2692 Res

512 2749 700 2787 eorum
730 2734 1017 2799 universae,
1045 2748 1179 2800 quas
1208 2744 1426 2787 sanctas
1449 2733 1788 2793 existimant,
1815 2747 1951 2800 quas
1984 2746 2079 2799 per

512 2823 848 2893 signaculum
897 2836 961 2876 ac
1006 2824 1183 2876 crucis
1232 2821 1455 2888 ﬁguram
1512 2824 1875 2888 sanctitlcant,
1926 2836 2076 2877 com-

514 2930 704 2969 munes
743 2924 903 2983 atque
959 2914 1250 2968 immundae
1283 2923 1655 2982 perseverant.

586 3006 679 3059 ιιι.
711 3005 1081 3075 Deincepsque
1106 3006 1398 3059 ostendant
1432 3004 1589 3059 nobis
1639 3004 1812 3071 majus
1865 3004 2077 3075 aliquod
2106 3039 2150 3098 α

516 3112 579 3149 ac
609 3097 853 3150 sanctius
890 3098 1124 3166 signum,
1166 3111 1261 3165 per
1294 3096 1436 3165 quod
1482 3106 1698 3151 crucem
1734 3106 1923 3164 putent
1956 3112 2081 3151 sane

518 3188 765 3242 ctiticari.
792 3188 1027 3241 Omnino
1052 3189 1193 3243 enim
1219 3189 1361 3257 quod
1395 3187 1701 3242 sanctiﬁcat
1722 3188 1886 3252 aliud,
1909 3189 2079 3255 ipsum

521 3280 765 3334 sanctius
788 3288 893 3343 est,
915 3278 1068 3346 juxta
1099 3279 1239 3348 quod
1271 3279 1347 3331 ait
1368 3275 1697 3347 Apostolus:
1731 3277 1884 3344 Quod
1909 3280 2082 3333 minus

520 3379 622 3437 est,
661 3385 694 3422 a
730 3369 934 3422 meliori
971 3368 1295 3422 benedicitur
1319 3368 1387 3421 ".
1435 3366 1526 3423 Sic
1571 3382 1699 3422 vero
1731 3368 1879 3439 impii
1913 3370 2087 3425 homi-

524 3476 618 3516 nes
668 3460 721 3513 in
766 3460 1159 3515 sanctissimam
1210 3461 1435 3530 ﬁguram
1486 3473 1552 3514 ac
1599 3460 1809 3529 signum
1863 3459 2088 3515 viviﬁctr.

524 3552 704 3608 crucis
732 3552 1032 3621 blasphemi
1061 3562 1187 3605 sunt
1214 3567 1228 3605 :
1263 3552 1454 3620 sicque
1483 3565 1701 3605 crucem
1726 3550 1924 3605 studiis
1950 3551 2087 3613 suis.

526 3644 723 3711 quibus
788 3642 1128 3696 sanctiﬁcare
1183 3640 1532 3705 existimant,
1583 3640 1850 3695 infamant
1896 3644 2088 3713 magis,

527 3734 884 3803 inutilemque
913 3748 977 3788 ac
1013 3732 1335 3788 imbecillem
1370 3732 1666 3788 ostendunt

1127 4036 1354 4094 CAPUT
1404 4036 1496 4093 XI.

586 4151 662 4206 De
693 4151 928 4205 crucium
958 4150 1329 4205 coniunctione
1355 4166 1513 4220 quam
1548 4150 1780 4205 Armenii
1812 4150 2035 4220 faciunt.

2172 1814 2339 1871 αὐτοῦ
2382 1810 2703 1880 ἀγιάζουσιο
2746 1811 2843 1862 καὶ¹
2881 1807 3067 1861 λοιπὸν
3097 1807 3198 1859 οὐκ
3245 1803 3435 1875 ἔχουσί
3473 1822 3537 1856 τι
3574 1806 3638 1856 ὲν
3663 1804 3759 1856 αύ-

2172 1914 2286 1972 τοίς
2335 1908 2491 1977 ἅγιον
2515 1921 2529 1936 ’
2558 1906 2622 1959 οὐ
2676 1903 2849 1974 μύρον
2872 1918 2889 1933 ·
2913 1902 3015 1955 οὐκ
3062 1900 3237 1953 ἔλαιον
3261 1915 3278 1930 ο
3305 1899 3367 1952 ού
3448 1897 3623 1967 σῶμα
3667 1897 3762 1948 καὶ

2175 1997 2314 2070 αἷμα
2335 1998 2575 2070 Χριστοῦ
2595 2015 2611 2030 ο
2642 1998 2702 2051 ού
2733 1996 2862 2049 ναὸν
2885 1994 3041 2049 Θεοῦ.
3066 1994 3181 2047 Ούκ
3214 1992 3373 2047 αὐτοὶ
3405 1990 3758 2058 ἀγιὰζονται,

2175 2098 2233 2148 ὲν
2265 2095 2478 2156 ἑαυτοῖς
2531 2092 2624 2144 τὸν
2678 2088 2914 2157 σταυρὸν
2969 2085 3354 2145 ὲκτυποῦντες.
3384 2084 3502 2136 υύκ
3563 2082 3763 2143 ἄλλους

2176 2186 2264 2239 διὰ
2290 2184 2384 2239 τοῦ
2416 2184 2588 2236 τύπου
2623 2181 2787 2234 αὐτοῦ
2832 2179 3173 2249 άγιάζουσιν.
3206 2178 3340 2247 Οὐχὶ
3372 2176 3542 2229 θυσία
3583 2174 3764 2228 αὐτῶν

2178 2276 2311 2343 ἁγία
2339 2276 2506 2338 ἐστὶν,
2538 2273 2604 2344 ἣν
2631 2274 2718 2326 διὰ
2751 2272 2849 2342 τῆς
2879 2271 3178 2342 σφραγῖδος
3205 2270 3302 2322 τοῦ
3332 2267 3581 2336 σταυροῦ
3606 2266 3767 2335 ἡγία-

2180 2385 2301 2431 σαν,
2338 2367 2435 2419 καὶ
2461 2366 2550 2417 διὰ
2575 2364 2674 2434 τῆς
2720 2362 2892 2432 αὐτῆς
2932 2362 3127 2424 θυσίας
3168 2360 3328 2412 πάλιν
3368 2362 3464 2412 τὸν
3496 2360 3770 2427 σταυρὶν,

2180 2458 2446 2525 ἀνοήτως,
2481 2453 2557 2516 ὡς
2587 2450 2926 2522 νομίζουσιν,
2974 2451 3295 2519 ἀγιάζουσιν
3317 2467 3331 2481 ο
3355 2450 3482 2520 οὐχὶ
3511 2451 3550 2519 ἡ
3582 2447 3766 2517 ἁσφάο

2178 2545 2298 2598 λεια
2346 2544 2525 2598 αὐτῶν
2552 2544 2874 2613 πατηθεῖσα,
2906 2542 2994 2595 διὰ
3027 2543 3121 2595 τὸν
3160 2541 3335 2594 τύπον
3362 2541 3463 2593 τοῦ
3495 2539 3765 2610 σταυροῦ,

2180 2636 2403 2690 κόλασιν
2433 2632 2689 2705 προξενεῖ
2717 2633 2811 2686 καὶ
2836 2633 3109 2703 τιμωρίαν
3135 2632 3344 2697 λοιπὸν,
3379 2630 3577 2693 καθὼς
3618 2633 3771 2702 είρηο

2180 2744 2292 2782 ται.
2341 2727 2526 2780 Πάντα
2573 2726 2751 2779 αὐτῶν
2798 2726 2864 2778 τά
2917 2726 3253 2794 νομιζόμενα
3280 2725 3437 2792 ἅγια,
3476 2724 3514 2777 ἃ
3545 2724 3639 2776 διὰ
3668 2724 3769 2792 τῆς

2184 2819 2479 2888 σφραγῖδος
2534 2819 2628 2870 καὶ
2682 2816 2777 2870 τοῦ
2823 2815 2995 2869 τύπου
3043 2817 3137 2868 τοῦ
3195 2814 3438 2885 σταυροῦ
3496 2817 3769 2883 ἡγίασαν,

2184 2912 2363 2965 πάντα
2392 2912 2615 2981 μένουσι
2638 2910 2793 2963 κοινὰ
2822 2910 2914 2962 καὶ
2936 2910 3244 2979 ἀκάθαρτα.

2251 3004 2329 3057 Γ’.
2363 3004 2475 3055 Καὶ⁸
2493 3002 2681 3055 λοιπὸν
2704 3002 3038 3068 δειξάτωσαν
3066 3000 3285 3072 ἡμῖντὸ
3314 3000 3647 3069 μειζότερον
3677 3016 3770 3068 ση·

2190 3100 2342 3169 μεῖον
2377 3096 2469 3148 καὶ
2505 3094 2831 3164 ἀγιώτερον,
2872 3091 2941 3145 δι’
2972 3086 3033 3146 οὗ
3080 3094 3172 3145 τὸν
3225 3094 3466 3161 σταυρὸν
3515 3091 3771 3157 ἀγάζειν

2188 3188 2493 3259 νομίζουσι.
2523 3187 2751 3249 Πάντως
2778 3186 2886 3255 γὰρ
2920 3185 3061 3253 ὅπερ
3098 3185 3286 3254 ἕτερον
3328 3186 3581 3253 πρᾶγμα
3615 3184 3774 3251 ἀγιά·

2189 3283 2293 3347 ζει,
2325 3280 2456 3334 αὐτὸ
2470 3278 2773 3349 ἀγιώτερόν
2804 3280 2945 3343 ἐστι,
2965 3275 3147 3339 καθώς
3168 3292 3335 3345 φησιν
3360 3277 3387 3326 6
3416 3276 3769 3337 Ἀπόστολος.

2187 3375 2273 3428 ὅτι
2334 3374 2404 3426 Τὸ
2438 3372 2692 3424 ἔλαττον
2733 3369 2851 3424 ὑπὸ
2886 3369 2991 3423 τοῦ
3030 3374 3367 3436 κρείττονος
3397 3366 3767 3433 εὐλογεῖται.

2191 3468 2301 3520 Καὶ
2334 3466 2507 3527 οὕτως
2535 3467 2633 3535 μὲν
2668 3457 2815 3517 οὗτοι
2844 3463 2894 3515 οἱ
2940 3462 3181 3525 ἀσεϐεῖς,
3212 3462 3469 3532 περὶτοῦ
3498 3462 3769 3527 παναγεου

2189 3558 2361 3611 τύπου
2405 3558 2500 3609 καὶ
2546 3556 2775 3625 σημείου
2805 3554 2901 3607 τοῦ
2933 3552 3203 3617 ζωοποιοῦ
3254 3551 3502 3623 σταυροῦ
3525 3554 3769 3622 βλασφηο

2197 3649 2378 3719 μοῦσι.
2407 3649 2518 3701 Καὶ
2571 3647 2749 3709 οὕτως
2798 3646 2964 3699 αὑτὸν
3011 3645 3099 3698 διὰ
3159 3644 3268 3698 τῶν
3305 3645 3770 3714 ἐπιτηδευμάτων

2195 3732 2746 3805 αύτῶν,δι’ὧναύτὸν
2796 3736 3048 3805 ἀγιάζειν
3084 3736 3423 3807 νομίζουσιν,
3467 3735 3774 3802 ἀτιμάζουο

2197 3850 2249 3885 σι
2310 3831 2530 3902 μᾶλλον,
2561 3832 2657 3884 καὶ
2688 3829 2938 3899 ἀνωφελῆ
2982 3830 3077 3881 καὶ
3109 3829 3401 3898 ἀνίσχυρον
3438 3828 3617 3880 αὐτὸν
3645 3830 3776 3879 ἑπο-

2197 3926 2525 3980 δεικνύουσι.

2718 4025 3124 4091 ΚΕΦΑΛΔΙΟΝ
3153 4036 3255 4089 nv.

2199 4148 2340 4217 Περὶ
2400 4147 2512 4217 τῆς
2581 4146 2910 4214 συζεύξεως
2961 4145 3080 4231 τῶν
3136 4144 3415 4212 σταυρῶν
3473 4147 3599 4199 τῶν
3638 4148 3775 4215 Ἀρι

2871 4234 3114 4287 μενιων.

605 4325 650 4382 l.
687 4326 899 4381 Rursus
946 4327 1038 4395 qui
1090 4327 1234 4396 ligna
1274 4300 1417 4382 velut
1466 4325 1605 4381 idola
1652 4327 1937 4394 deiﬁcent,
1988 4342 2078 4384 nox

2268 4329 2349 4387 A'.
2376 4330 2545 4386 Πάλιν
2575 4331 2651 4395 ὡς
2690 4331 2883 4387 εῐδωλα
2937 4332 3006 4385 τὰ
3055 4332 3189 4398 ξύλα
3230 4330 3637 4395 θεοποιοῶτες,
3677 4334 3778 4384 οὐκ

534 4418 907 4473 erubescunt?
943 4415 1076 4471 Tres
1112 4416 1255 4471 enim
1297 4431 1486 4472 cruces
1516 4417 1719 4487 ligneas
1766 4418 2096 4489 conjungen-

535 4519 649 4575 tes,
685 4521 927 4563 sanctam
961 4509 1282 4563 Trinitatem
1312 4511 1458 4580 impii
1486 4511 1773 4579 appellant.
1806 4510 1941 4577 Quei
1970 4527 2095 4568 vero

535 4601 752 4657 scelesti
801 4601 941 4653 trine
993 4600 1342 4655 subsistentis
1411 4604 1633 4657 Deitatis
1694 4619 1887 4659 nomen
1938 4608 2096 4661 rebus

535 4692 725 4763 ligneis
761 4690 1015 4759 aﬁingere
1046 4691 1288 4745 audent?
1321 4689 1453 4755 Quei
1492 4708 1655 4762 porro
1683 4706 1884 4750 sanctae
1912 4695 2097 4750 Trini-

538 4784 665 4838 tatis
695 4783 980 4838 invisibilis
1011 4782 1175 4847 illius,
1231 4782 1555 4837 immortalis
1577 4822 1592 4847 ,
1631 4784 2052 4855 incorruptibilis
2077 4824 2093 4852 ,

537 4876 1023 4946 incomprehensaz,
1061 4875 1463 4945 incogitabilis,
1507 4877 1938 4947 inaspectabilis,
2008 4880 2095 4933 in-

538 4967 789 5030 dividua,
825 4967 1033 5035 ligneas
1072 4966 1334 5036 imagines
1365 4966 1622 5023 facientes
1656 4983 1720 5024 ac
1762 4969 2096 5036 deiﬁcantes,

539 5068 893 5127 sanctamque
923 5056 1243 5112 Trinitatem
1276 5072 1338 5112 ac
1383 5057 1551 5113 Deum
1587 5061 1950 5125 nominantes,
1992 5076 2099 5115 non

543 5165 640 5221 per
664 5152 765 5205 hoc
795 5152 939 5221 digni
970 5152 1145 5221 palam
1171 5151 1444 5207 exsistunt
1463 5152 1552 5221 qui
1575 5152 1844 5222 lapidibus
1866 5152 2102 5208 obruan-

543 5245 669 5297 tur?
702 5243 807 5298 Sed
842 5255 897 5298 et
928 5256 1168 5299 sanctam
1199 5245 1518 5300 Trinitatem
1544 5245 1690 5300 cruci
1717 5244 1929 5298 aﬁixam
1956 5261 2100 5312 esse,

542 5335 711 5406 impie
748 5336 965 5390 docent.
1003 5336 1155 5402 Quod
1186 5336 1230 5391 si
1261 5353 1366 5393 non
1405 5336 1642 5393 ferentes
1676 5337 1820 5392 illata
1850 5338 2099 5404 crimina,

613 5494 659 5526 "
693 5493 859 5548 Hebr.
896 5508 992 5560 vn,
1032 5493 1085 5548 7.

619 5631 728 5700 (41)
759 5632 918 5688 Forte
947 5632 1155 5698 αὐτοῖς.

2203 4423 2588 4494 αίσχύνονται;
2619 4424 2781 4493 Τρεῖς
2831 4424 2943 4495 γάρ
2978 4424 3247 4493 σταυροὺς
3290 4424 3541 4491 ξυλίνους
3573 4424 3777 4488 συζεύ-

2205 4516 2417 4580 ξαντες,
2448 4516 2548 4587 τὴν
2579 4516 2744 4584 ἀγίαν
2789 4517 3002 4585 Τριάδα
3055 4514 3460 4569 ἀποκαλοῦνται
3498 4518 3547 4567 oi
3578 4515 3737 4568 ἄθεοι
3761 4529 3777 4542 ’

2203 4607 2319 4670 πῶς
2344 4607 2401 4660 δὲ
2430 4607 2492 4659 τὸ
2524 4607 2698 4676 ὄνομα
2738 4607 2837 4676 τῆς
2872 4609 3304 4676 τρισυποστάτου
3343 4606 3618 4675 Θεότητος
3663 4607 3779 4664 τοῖς

2205 4697 2433 4761 ξυλίνοις
2478 4696 2819 4767 προσάπτειν
2884 4696 3157 4765 τολμῶσιν
3190 4697 3239 4748 oi
3287 4696 3525 4764 ἀνομοι;
3568 4694 3700 4756 [ιὼς
3726 4693 3778 4745 δὲ

2202 4792 2301 4860 τῆς
2340 4789 2499 4857 ἁγίας
2526 4788 2778 4859 Τριάδος,
2807 4788 2905 4857 τῆς
2930 4788 3192 4858 ἀοράτου,
3226 4787 3321 4839 καὶ
3347 4787 3654 4849 ἀθανάτου,
3678 4776 3777 4839 ’καὶ

2200 4882 2505 4953 ἀφθάρτου,
2540 4881 2635 4936 καὶ
2671 4881 3081 4949 ἀκαταλήπτου,
3102 4881 3196 4932 καὶ
3221 4880 3475 4942 ἀθεάτου,
3506 4880 3605 4931 καί⁵
3638 4880 3774 4947 ἀχω-

2207 4975 2411 5045 ρίστου,
2448 4975 2663 5036 εἰκόνας
2724 4971 2942 5037 ξυλίνας
3003 4971 3303 5034 ποιοῦντες,
3332 4970 3429 5022 δια)⁵
3462 4970 3763 5022 Genuam-3»

2202 5084 2317 5130 τες,
2353 5068 2447 5119 καὶ
2480 5066 2640 5134 ἁγίαν
2674 5064 2883 5135 Τριάδα
2960 5062 3059 5116 καὶ
3106 5063 3239 5115 Θεὸν
3294 5062 3690 5131 ὀνομάζοντες,
3719 5060 3771 5112 οὗ

2203 5155 2593 5210 λιθοϐολεῖσθαι
2644 5154 3004 5224 γνωρίζονται
3057 5152 3144 5205 διὰ
3196 5153 3428 5215 τούτους
3486 5151 3654 5203 Ἀλλά
3685 5152 3772 5201 καὶ

2202 5249 2302 5318 τὴν
2333 5246 2494 5316 ἀγίαν
2549 5245 2758 5317 Τριάδα
2814 5243 3196 5317 σταυρωθῆναι
3257 5241 3401 5316 [καὶ]
3446 5242 3668 5304 ἀσεϐῶς
3694 5241 3770 5294 δο-

2205 5337 2581 5410 γματίζουσιν.
2617 5338 2678 5390 Εί
2714 5336 2772 5390 δὲ
2802 5338 2926 5401 τοὺς
2958 5335 3213 5407 ἐλέγχους
3263 5337 3341 5407 μὴ
3374 5336 3667 5405 φέροντες,
3695 5337 3767 5394 εἰς
