3968 6220
293 257 432 325 1189

1348 257 1633 320 ORATIO
1669 258 1700 318 Ῑ
1729 257 2024 322 CONTRA
2067 256 2465 318 ARMENIOS

3386 258 3526 323 1190

287 373 521 442 ἄρνησιν
599 371 890 444 τρέπονται
973 372 1084 424 τῶν
1155 371 1416 425 τοιούτων
1471 373 1860 443 τολμημάτων,

1967 369 2034 424 ad
2069 369 2314 439 neganda
2341 367 2605 436 ejusmodi
2636 365 2880 422 lacinora
2914 375 3218 433 vertantur,
3249 371 3535 426 ostendant

286 461 627 526 δειξάτωσαν
661 462 792 529 ἡμῖν
834 459 936 531 τὴν
1004 460 1185 513 αίτίαν
1237 461 1346 514 τῶν
1394 462 1564 532 τριῶν
1610 462 1860 532 σταυρῶν

289 551 619 615 συζεύξεως,
648 552 744 602 καὶ
777 549 867 602 διὰ
897 551 1051 603 ποῖον
1073 552 1274 620 τρόπον
1301 551 1460 603 τοῦτο
1487 551 1730 617 ποιοῦσι,
1764 552 1858 603 καὶ

288 644 452 712 ἁγίαν
474 641 687 712 Τριάδα
723 641 1148 711 ἐπονομάζωσι.
1185 644 1296 696 Καὶ
1325 643 1480 696 αὐτοὶ
1520 644 1618 712 μὲν
1677 645 1860 696 είκόνα

289 733 574 797 ποιοῦντες
619 733 718 801 τῆς
744 733 902 800 ἁγίας
926 733 1154 804 Τριάδος
1177 736 1273 802 τῆς
1303 735 1560 803 ἀοράτου,
1584 734 1678 787 καὶ
1694 734 1858 788 ἀθεά-

287 843 404 887 του,
465 825 562 877 καὶ
638 824 971 894 ἁχωρίστου,
1023 825 1116 878 καὶ
1187 825 1594 896 ἀκαταλήπτου,
1621 826 1717 878 καὶ
1743 825 1862 879 θεο-

289 917 600 979 ποιοῦντες,
665 917 762 968 καὶ
823 917 986 982 ἁγίαν
1039 915 1246 986 Τριάδα
1312 915 1735 980 ἀποκαλοῦντες,
1797 916 1858 970 οὐ

289 1009 646 1079 φρίττουσιν·
685 1008 832 1076 ἡμᾶς
883 1006 939 1059 δὲ
989 1006 1080 1059 διά
1131 1007 1228 1076 τὴν
1275 1007 1462 1059 εἰκόνα
1493 1007 1736 1076 Χριστοῦ
1764 1006 1858 1059 τοῦ

287 1097 424 1151 Θεοῦ
475 1097 568 1150 τοῦ
619 1097 1000 1166 σαρκωθέντος
1062 1097 1300 1166 ἀληθῶς,
1332 1097 1442 1151 ’καὶ
1501 1097 1857 1169 ἐνανθρωπή.

291 1207 482 1252 σαντος
514 1230 528 1255 ,
596 1190 692 1243 καὶ
743 1189 1074 1259 ὀραθέντος,
1123 1190 1216 1241 καὶ
1277 1191 1376 1260 τῆς
1427 1190 1590 1243 αὑτοῦ
1655 1192 1861 1262 μητρὸς

287 1284 578 1345 Θεοτὸκου,
621 1282 886 1353 λοιδορεῖν
945 1284 1041 1334 καὶ
1097 1283 1443 1352 βλασφημεῖν
1511 1285 1611 1338 οὐκ
1664 1283 1860 1354 αἰσχύ-

290 1392 472 1428 νονται
494 1393 512 1439 ;

363 1466 436 1520 B'.
460 1468 557 1528 Ti;
597 1467 692 1520 οὖν
723 1466 864 1537 ὁρῶν
894 1470 989 1522 κσῦ⁹
1012 1470 1229 1522 ἁκούων
1257 1467 1355 1532 τάς
1392 1469 1650 1534 τοιαύτας
1680 1472 1860 1524 αὐτῶν

288 1557 563 1626 ἀμέτρους
593 1557 874 1621 ἀσεϐείας,
919 1559 1013 1611 καὶ
1043 1561 1327 1631 ἀρνήσεις,
1355 1563 1451 1614 καὶ
1486 1562 1859 1633 βλασφημίας,

288 1649 386 1700 καὶ
413 1647 685 1718 λοιδορίας
710 1690 726 1714 ,
760 1649 855 1702 καὶ
909 1655 1296 1720 συκοφαντίας,
1324 1653 1390 1716 ἃς
1433 1656 1573 1708 κατά
1597 1654 1856 1725 Χριστοῦ,

1967 475 2188 516 causam
2215 475 2314 514 cur
2349 461 2418 514 ita
2471 469 2580 514 tres
2630 474 2821 515 cruces
2862 461 3114 530 jungant,
3169 476 3234 515 ac
3263 463 3534 530 quomodo

1966 553 2065 608 ista
2100 552 2326 620 faciant,
2361 567 2423 606 ac
2473 558 2717 606 sanctam
2766 552 3084 606 Trinitatem
3129 555 3422 623 appellent.
3455 557 3533 610 Ac

1969 643 2069 711 ipsi
2102 644 2343 711 quidem,
2371 644 2460 712 qui
2490 653 2689 697 sanctae
2711 642 3020 710 Trinitatis,
3050 643 3342 702 invisibilis
3365 646 3530 712 illius,

1966 733 2395 801 inaspectabilis,
2445 733 2762 802 individuze,
2819 733 3307 804 incomprehensae,
3342 736 3533 804 imagi~

1965 839 2084 877 nem
2128 823 2352 886 faciant,
2384 839 2447 877 ac
2487 825 2764 890 deitieent,
2811 839 2875 880 ac
2925 838 3171 880 sanctam
3207 827 3530 881 Trinitatem

1963 913 2163 976 dicant,
2191 928 2296 966 non
2329 914 2553 967 horrent
2585 931 2597 968 :
2625 930 2725 968 nec
2750 929 2846 969 eos
2875 917 3062 982 pudet,
3091 929 3146 968 ut
3177 934 3293 983 nos,
3319 931 3535 987 propter

1963 1003 2163 1058 Christi
2184 1005 2302 1070 Dei,
2327 1005 2416 1074 qui
2439 1020 2569 1061 vere
2595 1015 2675 1058 est
2701 1005 3035 1071 incarnatus,
3063 1023 3124 1060 ac
3146 1008 3321 1062 factus
3346 1011 3530 1072 homo,

1963 1109 2026 1150 ac
2057 1097 2238 1161 visus,
2288 1098 2510 1168 ejusque
2542 1099 2786 1165 Deiparaa
2814 1098 3024 1162 Matris,
3061 1101 3372 1170 imaginem,
3406 1119 3532 1172 pro-

1961 1188 2076 1242 bris
2105 1188 2339 1243 alliciant
2372 1199 2534 1258 atque
2565 1190 2974 1258 blaSphemeut?

2032 1471 2098 1526 tl.
2129 1473 2260 1539 Quis
2292 1490 2420 1546 ergo
2452 1475 2665 1544 videns,
2692 1477 3026 1547 audiensque
3048 1478 3311 1546 ejusmodi
3335 1496 3522 1538 eorum

1961 1559 2278 1617 innumeras
2311 1564 2638 1632 impietates,
2673 1580 2735 1619 ac
2769 1567 3102 1635 negationes,
3135 1576 3190 1620 et
3220 1567 3530 1632 maledicta,

1961 1659 2018 1704 et
2047 1654 2316 1719 convicia,
2353 1669 2416 1708 ac
2452 1655 2779 1720 calumnias,
2811 1670 2931 1725 quae
2968 1655 3043 1709 illi
3080 1655 3343 1725 adversus
3371 1655 3532 1711 Chri—

290 1739 389 1792 xati.
414 1740 512 1808 τῆς
545 1739 711 1792 αὑτοῦ
739 1739 1090 1811 σαρκώσεως,
1125 1743 1219 1796 καὶ
1250 1743 1344 1796 τοῦ
1382 1743 1735 1811 Εὑαγγελίου,
1767 1746 1860 1799 καὶ

1967 1754 2129 1810 stum,
2180 1746 2408 1816 ejusque
2434 1761 2623 1801 omnes
2683 1756 2899 1802 sanctos
2947 1747 3327 1801 conﬁnxerunt
3371 1757 3533 1814 atque

291 1830 513 1883 πάντων
544 1829 707 1883 αὐτοῦ
739 1830 846 1884 τῶν
877 1833 1048 1899 ἁγίων
1085 1833 1392 1890 ὲπλάσαντο
1423 1834 1518 1888 καὶ
1560 1837 1860 1890 κατεσκεύ-

291 1939 450 1988 ασαν,
485 1922 545 1976 ού
587 1927 740 1992 μισεῖ
788 1927 1033 1990 τούτους,
1064 1925 1137 1988 ὡς
1172 1926 1472 1996 θεομάχους
1516 1929 1610 1980 καὶ
1643 1945 1860 1999 χριστο-

294 2016 525 2084 μάχους,
559 2016 653 2068 καὶ
683 2016 1089 2086 ἀποστρέφεται
1126 2016 1184 2084 ἐξ
1210 2017 1409 2082 αὐτῶν,
1446 2019 1538 2072 καὶ
1581 2019 1860 2090 βδελύττε-

289 2119 382 2157 ται
413 2105 487 2167 ὼς
520 2105 720 2168 λύκους
755 2105 895 2178 [καὶ]
923 2107 1231 2177 ἀρπάγους,
1259 2108 1355 2162 καὶ
1404 2110 1692 2174 Ἰουδαίους
1717 2127 1732 2142 ·
1764 2114 1860 2166 καὶ

290 2195 364 2260 ὡς
396 2196 504 2248 ἀπὸ
531 2195 708 2264 ὄφεων
743 2197 837 2250 καὶ
865 2199 1144 2267 σκορπίων
1193 2201 1292 2252 καὶ
1337 2201 1698 2272 ἁντιχρίστων
1721 2205 1859 2258 ἀπο-

293 2285 584 2357 φεύξεται·
617 2288 711 2342 καὶ⁸
749 2290 808 2341 τὸ
844 2288 1128 2358 βάπτισμα
1179 2291 1360 2345 αὐτῶν
1413 2293 1510 2362 οὐχ
1567 2293 1857 2364 ἁγιασμὸν,

292 2377 427 2433 ἀλλὰ
458 2379 734 2449 μολυσμὸν
766 2381 1146 2446 ἀποκαλέσειε,
1209 2384 1304 2437 καὶ
1354 2383 1549 2454 ῥύπον,
1597 2388 1692 2440 καὶ
1725 2387 1862 2441 ἀκα-

292 2471 523 2542 θαρσίαν
553 2489 568 2539 ;
596 2471 720 2536 Πῶς
750 2471 858 2543 γάρ
893 2473 1076 2538 αὐτοῖς
1103 2475 1377 2545 ἁγιασμὸς
1411 2478 1727 2548 εὑρίκεται;
1771 2483 1860 2536 Ἐν

290 2566 401 2634 γάρ
427 2566 610 2628 αὐτοῖς
643 2567 890 2619 κατοικεί
937 2568 964 2619 ό
1010 2565 1284 2631 διάϐολος,
1329 2569 1425 2622 καὶ
1471 2571 1568 2624 σὺν
1603 2573 1754 2644 αύτῷ
1811 2577 1860 2629 οἱ

291 2656 546 2726 δαίμονες
600 2656 787 2724 αὑτοῦ,
822 2658 918 2710 καὶ
975 2661 1126 2712 πᾶσα
1168 2659 1380 2730 αἵρεσίς
1411 2678 1469 2714 τε
1498 2665 1594 2717 καὶ
1619 2665 1862 2736 βλασφη-

299 2748 420 2818 μία,
448 2749 537 2801 καὶ
579 2750 729 2802 πᾶσα
751 2751 1080 2815 ἀποστασία,
1108 2752 1252 2804 κατά
1281 2755 1380 2824 τῆς
1411 2753 1707 2827 καθολικῆς
1732 2756 1861 2812 Ἐκ-

293 2841 521 2910 κλησίας
571 2842 668 2895 κα)⁸
715 2842 934 2896 πάντων
970 2844 1080 2896 τῶν
1126 2845 1320 2913 ἁγίων.
1353 2847 1424 2898 Ἦ
1471 2847 1590 2910 πῶς
1645 2850 1706 2900 τὸ
1763 2850 1863 2920 βά-

177 2935 184 2940 ’
296 2949 508 3003 πτισμα
546 2935 724 2988 αὐτῶν
751 2937 1168 3007 εὐπρόσδεκτον,
1194 2939 1289 2992 καὶ
1335 2940 1397 2992 οὐ
1439 2941 1638 3008 μᾶλλον
1673 2943 1862 3014 βδελυ-

295 3028 427 3080 κτὸν
458 3026 551 3080 καὶ
582 3029 956 3097 ἀπρόσδεκτον
972 3029 1048 3091 ὡς
1075 3029 1425 3100 ἀκάθαρτον;
1461 3033 1532 3086 Ἦ
1567 3034 1680 3097 πῶς
1716 3028 1862 3091 οὗτοι

295 3117 555 3172 δύνανται
612 3119 808 3182 ἀλλους
857 3120 1150 3188 ἁγιάζειν;
1210 3122 1374 3175 Αὐτοὶ
1451 3123 1720 3196 ἀλλότριοι
1761 3126 1862 3196 τῆς

293 3212 517 3281 χάριτος
562 3211 656 3264 τοῦ
691 3211 849 3279 ἁγίου
910 3212 1230 3283 [Ινεύματος
1288 3216 1617 3286 ὑπάρχουσι,
1646 3219 1738 3271 διὰ
1762 3219 1862 3291 τὴν

295 3307 478 3359 αὐτῶν
504 3306 644 3375 πρὸς
665 3306 764 3376 τὴν
791 3305 1089 3376 καθολικὴν
1113 3307 1210 3358 καὶ
1241 3308 1610 3379 ἀπυστολικὴν
1641 3311 1864 3384 Ἐκκλη-

295 3399 419 3451 σίαν
452 3399 818 3459 ἀποστασίαν,
849 3396 909 3460 ἐξ
936 3391 1002 3468 ἧς
1031 3398 1107 3462 ὡς
1130 3398 1299 3470 σκεύη
1345 3401 1613 3471 κατάρας,
1648 3403 1863 3474 μυρίοις

296 3493 631 3562 ἁναθέμασιν
669 3491 1081 3561 ὑπεϐλήθησαν,
1132 3492 1220 3546 διά
1252 3491 1344 3547 τὸν
1405 3494 1501 3563 τῆς
1536 3495 1863 3566 οίκουμένης

295 3585 480 3654 πάσης
535 3582 825 3656 ἀρχιερέα,
855 3585 950 3636 καὶ
984 3584 1062 3647 ὡς
1110 3584 1328 3648 ἀσεϐεῖς
1377 3585 1640 3656 ἐδέθησαν
1674 3588 1733 3640 ὲν
1772 3590 1864 3642 οὐ·

297 3676 466 3747 ρανῷ,
494 3681 587 3729 κα)⁹
614 3678 706 3729 ἐπὶ
729 3675 855 3745 γῆς,
878 3675 1062 3740 καθὼς
1084 3673 1238 3730 εἶπεν
1255 3679 1283 3730 ὁ
1314 3677 1518 3748 Κύριος
1539 3696 1554 3712 ο
1573 3679 1678 3744 δτι,
1704 3680 1864 3736 'Oa'a

294 3770 373 3825 ἂν
397 3770 625 3839 δήσητε
671 3771 770 3824 ἐπὶ
820 3769 933 3840 τῆς
967 3769 1101 3840 γῆς,
1139 3770 1315 3826 ἔσται
1344 3769 1632 3841 δεδεμένα
1652 3773 1864 3840 ἐντοῖς

294 3861 594 3930 οὐρανοῖς.

363 3955 438 4009 1".
479 3955 691 4010 Οὐκοῦν
754 3953 1086 4018 δειξάτωσαν
1107 3953 1230 4008 τίνα
1279 3955 1344 4008 ὲκ
1400 3953 1510 4008 τῶν
1560 3956 1863 4029 ἀρχιερέων

291 4048 407 4102 τῶν
445 4045 825 4101 ἀποστολικῶν
877 4045 1104 4116 θρόνων,
1145 4044 1497 4109 κοινωνικοὺς
1533 4047 1738 4116 ἔχουσι,
1769 4047 1863 4100 καὶ

293 4139 355 4192 οὐ
419 4138 620 4208 μᾶλλον
652 4137 882 4200 επάντες
937 4133 1244 4205 συμφώνως
1309 4136 1508 4198 αὐτοὺς
1568 4137 1863 4201 summa;

295 4228 820 4298 ἀναθεματίσαντες,
849 4227 942 4280 τοῦ
968 4226 1208 4297 Χριστοῦ
1240 4227 1650 4297 ὴλλωτρίωσαν,
1669 4229 1862 4300 καὶτῷ

294 4322 528 4392 διαϐόλῳ
560 4321 924 4391 παρέδωκαν;
959 4320 1056 4382 Τίς
1084 4318 1179 4372 οὖν
1231 4318 1339 4372 τῶν
1391 4318 1626 4373 συνετῶν
1660 4320 1751 4373 καὶ
1775 4336 1862 4388 φο-

1961 1845 2302 1902 struxerunt,
2338 1853 2444 1892 non
2476 1853 2572 1894 cos
2597 1840 2774 1893 oderit
2812 1848 3064 1908 tamquam
3105 1839 3195 1894 Dei
3229 1856 3292 1893 ac
3327 1839 3531 1894 Christi

1961 1928 2174 1995 hostes,
2196 1937 2362 1998 atque
2389 1931 2456 1984 ab
2480 1931 2563 1984 eis
2593 1930 2874 1992 resilierit,
2911 1941 3076 1999 utque
3115 1929 3270 1998 lupos
3310 1945 3532 1998 rapaces

1960 2033 2122 2091 atque
2154 2020 2369 2076 .ludwos
2404 2022 2818 2077 exsecrabitur?
2864 2036 2926 2076 ac
2982 2036 3074 2076 seu
3111 2037 3140 2074 a
3188 2021 3448 2088 colubris,
3480 2034 3536 2076 et

1959 2113 2362 2181 scorpionibus,
2395 2124 2449 2168 et
2479 2113 2842 2178 autichristis,
2884 2113 2951 2167 ab
2983 2125 3171 2167 eorum
3202 2112 3340 2167 facie
3377 2110 3532 2180 fuge-

1963 2206 2036 2259 rit
2071 2219 2414 2274 :eorumqne
2475 2205 2776 2274 baptisma,
2835 2220 2940 2258 non
2999 2205 3530 2269 sanctiﬁcationem,

1961 2295 2054 2348 sed
2113 2294 2486 2364 pollutionem,
2539 2292 2833 2364 sordesque
2880 2308 2942 2347 ac
2988 2294 3382 2346 immunditiam
3435 2309 3533 2362 ap-

1961 2385 2284 2456 pellaverit?
2322 2387 2454 2453 Qnei
2504 2388 2651 2441 enim
2685 2387 2736 2440 in
2767 2385 2849 2441 eis
2883 2387 3145 2443 sanctitas
3179 2384 3532 2439 inveniatur?

1963 2476 2171 2546 Quippe
2202 2475 2410 2530 habitat
2463 2477 2516 2531 in
2567 2477 2645 2530 eis
2694 2475 2962 2540 diabolus,
3019 2487 3080 2528 ac
3130 2488 3252 2526 cum
3305 2487 3370 2527 eo
3414 2473 3531 2543 ejus

1961 2569 2254 2632 daemones,
2284 2569 2568 2635 omnisque
2593 2568 2814 2622 haeresis
2848 2581 2911 2620 ac
2943 2563 3299 2634 blasphemia,
3323 2566 3534 2619 omnis-

1963 2674 2068 2728 que
2119 2661 2380 2714 adversus
2424 2658 2721 2713 Ecclesiam
2782 2656 3108 2711 catholicam
3136 2695 3152 2723 ,
3199 2670 3263 2709 ac
3314 2661 3533 2709 sanctos

1962 2765 2154 2806 omnes
2197 2749 2450 2807 defectio.
2488 2750 2594 2804 Aut
2648 2749 2918 2816 quomodo
2962 2761 3152 2802 eorum
3198 2745 3533 2816 acceptabile

1961 2842 2254 2911 baptisma,
2312 2857 2374 2896 ac
2424 2855 2530 2895 non
2581 2839 2756 2908 potius
2796 2838 3211 2903 exsecrandum,
3263 2851 3326 2891 ac
3375 2851 3533 2906 repu-

1965 2933 2242 2996 diandum,
2277 2940 2440 3002 atque
2471 2930 2852 2986 immundum?
2904 2929 3038 2996 Quei
3089 2943 3217 2984 vero
3263 2928 3365 2997 ipsi
3397 2928 3534 2982 alios

1967 3021 2309 3077 sanctiﬁcare
2356 3020 2588 3089 possint,
2622 3020 2712 3089 qui
2745 3020 2853 3073 sint
2893 3017 3053 3072 alieni
3087 3032 3115 3070 a
3150 3018 3323 3088 gratia
3360 3014 3534 3069 sancti

1967 3113 2235 3182 Spiritus,
2266 3110 2336 3165 ob
2366 3125 2520 3165 suam
2553 3112 2618 3163 ab
2655 3109 2892 3164 Ecclesia
2927 3109 3190 3162 catholica
3223 3119 3278 3162 et
3319 3116 3535 3175 aposto-

1963 3204 2069 3258 lica
2111 3204 2496 3268 deiectionem,
2528 3203 2682 3269 cujus
2715 3201 2937 3256 decreto
2975 3211 3230 3269 tanquam
3263 3215 3389 3254 vasa
3419 3215 3534 3252 ma-

1963 3294 2294 3356 ledictionis,
2322 3294 2809 3348 innumerabilibus
2831 3292 2968 3347 diris
2993 3306 3088 3361 per
3113 3291 3263 3345 orbis
3291 3290 3532 3345 universi

1963 3385 2252 3453 episc0p03
2279 3383 2460 3437 devoti
2497 3393 2658 3448 sunt;
2682 3393 2846 3451 atque
2876 3391 2931 3435 ut
2961 3380 3109 3449 impii
3136 3380 3281 3449 ligati
3318 3379 3535 3434 fuerunt

1964 3475 2019 3528 in
2058 3474 2196 3528 caelo
2218 3490 2282 3527 ac
2313 3489 2476 3542 super
2506 3481 2730 3538 terram,
2760 3474 2913 3543 juxta
2948 3472 3089 3541 quod
3122 3472 3200 3524 ait
3229 3469 3532 3526 Damiuus:

1967 3565 2306 3634 Qumcunque
2363 3565 2656 3635 ligaveritis
2696 3580 2854 3634 super
2904 3575 3134 3631 terram,
3183 3572 3334 3617 erunt
3365 3561 3532 3632 ligata

1964 3667 2010 3710 et
2041 3658 2096 3709 in
2125 3655 2269 3710 caelis
2293 3654 2383 3708 “‘i

2037 3957 2125 4013 Ill.
2161 3953 2462 4013 Ostendant
2491 3969 2642 4025 ergo,
2684 3967 2844 4023 quem
2873 3950 3081 4006 sedinm
3111 3949 3528 4020 apostolicsrum

1963 4050 2244 4121 prmsulem
2283 4061 2470 4102 eorum
2503 4042 2898 4101 communionis
2923 4041 3178 4105 habeant,
3223 4050 3388 4109 utque
3416 4055 3523 4093 non

1964 4143 2166 4214 potius,
2201 4155 2310 4195 uno
2337 4154 2528 4198 omnes
2557 4151 2826 4192 consensu
2861 4134 3118 4206 synodico
3158 4131 3528 4199 devoventes,

1964 4235 2171 4288 alienos
2205 4248 2232 4286 a
2262 4232 2485 4287 Christo
2522 4226 3028 4298 pronuntiaverint,
3081 4240 3145 4281 ac
3171 4224 3388 4280 diabolo
3417 4234 3532 4278 tra-

1967 4324 2248 4382 diderint?
2279 4323 2412 4390 Quis
2460 4336 2588 4391 ergo
2638 4320 2943 4390 intelligens
2981 4332 3046 4372 ac
3095 4317 3294 4372 timens
3338 4315 3528 4380 Deum,

296 4414 579 4483 ϐουμένων
612 4413 704 4464 τὸν
756 4410 909 4475 Θεὸν,
951 4409 1050 4472 τὰς
1075 4409 1275 4480 μιαρὰς
1310 4409 1404 4462 καὶ
1432 4409 1725 4480 βδελυκτάς
1760 4412 1856 4463 αὐ-

1967 4415 2223 4489 prol‘anas
2263 4429 2327 4469 ac
2375 4413 2736 4467 exsecrandas
2765 4423 2954 4464 eorum
3005 4407 3262 4477 synodos,
3309 4418 3444 4473 quas
3477 4406 3531 4458 in

294 4506 408 4558 τῶν
435 4504 710 4568 συνόδους,
737 4501 838 4564 τὰς
862 4502 1161 4570 γενομένας
1181 4503 1239 4553 ὲν
1261 4502 1382 4562 ταῖς
1419 4502 1738 4564 σατανικαῖς
1770 4501 1865 4554 καὶ

293 4597 622 4655 διαϐολικαῐ;
653 4594 746 4647 καὶ
765 4593 1104 4662 δαιμονικαῖς
1131 4591 1314 4645 αὐτῶν
1350 4589 1576 4662 χώραις,
1609 4590 1668 4644 ἐν
1703 4608 1761 4644 τε
1794 4594 1861 4662 τῇ

295 4688 567 4759 λεγομένῃ
619 4685 808 4755 Τιϐὴν,
857 4684 951 4737 καὶ
1000 4685 1411 4754 Μαντζικιὲρτ,
1451 4683 1716 4736 Ἰουδαῖκά
1768 4683 1864 4737 καὶ

295 4777 560 4844 Καφαῖκὰ
595 4775 707 4847 (42)
766 4775 1038 4846 συνέδρια,
1091 4775 1192 4828 οὐκ
1250 4773 1643 4844 ἀναθεματίσει
1691 4773 1860 4844 ψυχῇ,

294 4868 516 4939 καρδίᾳ,
578 4868 673 4920 καὶ
741 4867 972 4936 στόματι
1001 4881 1015 4897 ο
1044 4868 1102 4920 ἐν
1143 4860 1230 4928 αἷς
1277 4867 1458 4919 πᾶσαν
1518 4866 1731 4934 αἵρεσιν
1769 4867 1862 4920 καὶ

298 4960 668 5030 βλασφημίαν,
728 4960 826 5010 καὶ
886 4960 1068 5010 πᾶσαν
1125 4957 1448 5021 κακοδοξίαν
1501 4956 1859 5027 κηρύξαντες,

199 5059 206 5064 “
299 5053 526 5114 καὶτοῖς
566 5052 866 5120 ὁμόφροσιν
909 5050 1090 5102 αὐτῶν
1135 5047 1584 5119 παραδώσαντες,
1632 5051 1728 5101 καὶ
1756 5051 1864 5102 πᾶ-

298 5161 401 5197 σαν
430 5145 770 5196 ἀποστασίαν
801 5142 942 5195 κατά
962 5144 1062 5212 τῆς
1087 5141 1380 5209 καθολικῆς
1415 5141 1743 5210 Ἐκκλησίας
1763 5142 1866 5195 αὐ-

293 5240 424 5298 τοὺς
474 5237 804 5305 διδάξαντες,
859 5236 955 5288 καὶ
1003 5234 1246 5304 ἀρνητὰς
1302 5235 1400 5302 τῆς
1452 5232 1737 5304 ὀρθοδόξου
1775 5235 1868 5287 πίε

298 5343 493 5395 στεως,
524 5330 620 5382 καὶ
657 5327 971 5398 ἀλλοτρίους
1000 5327 1096 5380 τοῦ
1138 5325 1376 5395 Χριστοῦ
1400 5327 1864 5396 καταστήσαντες,

300 5417 546 5490 κατάρας
573 5419 739 5473 τέκνα
770 5419 866 5473 καὶ
895 5417 1165 5482 ἀπωλείας
1193 5419 1366 5484 υίοὺς,
1398 5419 1490 5472 καὶ
1542 5417 1637 5472 τοῦ
1675 5420 1870 5475 ἀναθέ-

375 5539 423 5572 ¹⁸
457 5539 647 5596 Matth.
677 5557 789 5605 xu,
833 5541 916 5595 l9.

369 5657 480 5726 (62)
513 5655 672 5713 Forte
697 5655 1036 5723 Καῖαφαῖκά.

1967 4506 2226 4563 satanicis
2261 4519 2323 4558 ac
2367 4501 2674 4565 diabolicis,
2727 4497 3185 4565 damoniacisque
3233 4509 3421 4550 eorum
3457 4493 3536 4547 lo-

1966 4599 2067 4663 cis,
2093 4612 2218 4653 cum
2245 4594 2515 4665 appellato
2545 4591 2738 4654 Tiben,
2786 4601 2896 4645 tum
2928 4587 3270 4642 Mantziciert
3308 4583 3532 4640 Judaica

1967 4705 2030 4744 ac
2078 4687 2296 4757 Caiphae
2348 4681 2708 4740 conciliabula
2759 4679 3122 4742 celebrarunt,
3179 4691 3283 4730 non
3329 4677 3533 4740 animo,

1966 4779 2131 4835 corde
2187 4793 2250 4832 ac
2288 4791 2384 4833 ore
2420 4772 2849 4830 anathematizet
2882 4788 2898 4826 :
2933 4770 2988 4823 in
3035 4766 3231 4835 quibus
3280 4764 3530 4818 haeresim

1968 4890 2205 4938 omnem,
2237 4887 2301 4926 ac
2333 4870 2746 4936 blasphemiam,
2781 4875 3104 4929 omnemque
3128 4872 3365 4914 errorem
3396 4871 3534 4925 prte-

1970 4968 2239 5031 dicantes,
2279 4979 2342 5018 ac
2375 4959 2701 5032 sequacibus
2731 4957 2846 5011 suis
2879 4953 3181 5016 tradentes,
3212 4960 3532 5014 omnemque

1970 5071 2066 5112 eos
2115 5057 2377 5110 adversus
2430 5050 2722 5106 Ecclesium
2797 5043 3122 5100 catholicam
3175 5039 3530 5095 defectionem

1971 5149 2246 5210 docentes,
2289 5156 2453 5213 atque
2510 5141 2576 5194 ad
2633 5147 2832 5216 rectam
2873 5135 3033 5191 tidem
3091 5133 3390 5204 negandum
3430 5129 3537 5184 im.

1975 5238 2255 5310 pellentes,
2288 5250 2351 5289 ac
2380 5233 2586 5288 alienos
2614 5245 2645 5284 a
2675 5229 2894 5285 Christo
2923 5229 3334 5292 constituentes,
3366 5222 3534 5278 male-

1975 5329 2226 5386 dictiouis
2271 5341 2335 5380 ac
2385 5321 2706 5392 perditionis
2743 5320 2904 5387 ﬁlios,
2952 5328 3007 5374 et
3036 5315 3395 5374 anatltematis
3421 5312 3531 5366 has-

1974 5422 2134 5478 redes
2153 5415 2483 5472 elfecerunt?
2505 5413 2636 5481 Quis
2659 5429 2789 5484 ergo
2813 5413 3038 5470 audiens
3061 5411 3292 5482 primam
3313 5421 3528 5461 sacram
