3968 6220
305 284 447 352 1193

1366 284 1651 346 ORATIO
1693 285 1719 345 Ι
1760 283 2058 345 CONTRA
2099 278 2516 342 ARMENIOS.

3408 226 3578 333 1m.

294 399 434 470 ἡμῖν
464 397 757 468 ἄνθρωπον
773 396 1062 466 γεγονέναι
1090 395 1464 467 ὁμολογοῦσιν.
1493 398 1555 450 Εἰ
1584 394 1641 448 δὲ
1665 394 1735 448 τὰ
1762 393 1871 448 σώ-

1987 390 2123 447 rinnt
2151 407 2165 454 ;
2215 406 2314 447 nec
2339 389 2613 446 Christum
2640 389 2794 445 nobis
2823 383 3344 442 consubstantialem
3373 385 3550 440 homi-

293 507 444 561 ματα
475 489 635 560 ἡμῶν
677 488 847 558 θνητὰ
875 490 967 543 καὶ
995 488 1234 561 φθαρτὰ,
1269 490 1298 542 6
1324 490 1501 558 μέγας
1541 485 1867 549 Ἀπόστολος

291 584 454 654 σῶμα
490 581 756 654 Χριστοῦ,
810 584 906 635 καὶ
965 583 1105 653 μέλη
1161 582 1419 653 ἐκήρυξε,
1470 582 1567 634 καὶ
1624 582 1652 633 6
1696 581 1868 648 Λόγος

290 675 435 747 σὰρξ
470 674 714 743 ἐγένετο,
745 675 839 727 καὶ
866 675 1183 746 ἐσκήνωσεν
1213 676 1270 725 ἐν
1307 676 1440 744 ἡμῖν
1466 715 1480 733 ,
1516 670 1592 734 ὡς
1620 672 1648 723 6
1679 669 1869 723 Θεολύ-

291 785 390 837 γος
435 767 629 838 ἔφησε·
660 766 930 837 πρόδηλον
952 767 1035 820 ὅτι
1058 765 1125 820 τὰ
1153 765 1381 836 σώματα
1409 764 1516 818 τῶν
1540 762 1865 835 Ἀρμενίων,

291 860 354 912 οὗ
389 857 620 927 σώματα
648 857 744 910 καὶ
779 857 916 929 μέλη
945 857 1184 929 Χριστοῦ
1219 860 1356 911 εἰσιν
1377 879 1394 894 υ
1420 854 1556 909 ἀλλὰ
1574 855 1666 910 τοῦ
1693 855 1871 907 Σατα-

292 952 381 1013 νᾶ,
413 948 512 1002 τοῦ
572 950 957 1018 σκηνώσαντος
1005 950 1065 1002 ἰν
1097 951 1211 1014 τοῖς
1253 949 1501 1021 σώμασιν
1532 947 1734 1009 αὐτῶν,
1774 944 1868 999 καὶ

288 1040 392 1104 τὰς
427 1039 673 1110 αἱρέσεις
718 1040 904 1094 αὐτῶν
936 1040 1305 1103 διδάσκοντος,
1341 1041 1435 1094 καὶ
1469 1038 1538 1092 τὰ
1569 1036 1786 1102 ζιζάνια
1811 1037 1868 1089 ὲν

297 1131 483 1193 αὐτοῖς
513 1128 982 1199 ύποσπείραντος,
1034 1131 1130 1183 καὶ
1157 1130 1258 1199 τὴν
1300 1130 1495 1183 ἑαυτοῦ
1546 1125 1867 1199 θεομαχίαν,

296 1224 392 1278 καὶ
442 1224 788 1278 ἀποστασίαν
843 1224 1030 1288 αὐτοῖς
1080 1223 1497 1287 ύποόάλλοντος.
1548 1221 1737 1284 Οῦτως
1777 1220 1871 1276 οῦν

294 1312 465 1381 οὗτοι,
493 1316 722 1378 ἑαυτοὺς
744 1314 839 1368 τοῦ
859 1313 1102 1387 Χριστοῦ
1118 1312 1529 1386 ἁλλοτριοῦντες
1551 1315 1600 1367 οἱ
1629 1310 1867 1374 ἀσεϐεῖς,

303 1408 408 1461 οὐκ
437 1406 810 1477 αἰσχύνονται.

372 1585 449 1639 Ε’.
492 1584 592 1647 Τίς
620 1582 835 1637 ἁκούων
870 1583 976 1637 τῶν
1024 1583 1345 1639 ἀποστόλων
1387 1583 1485 1639 καὶ
1533 1582 1643 1636 τῶν
1698 1580 1873 1650 ἁγίων

296 1675 585 1744 Πατέρων,
633 1668 750 1744 ’τί-,ν’
784 1674 1041 1744 γέννησιν
1098 1674 1196 1727 τοῦ
1253 1673 1412 1741 Θεοῦ,
1473 1673 1569 1728 καὶ
1616 1674 1871 1744 Σωτῆρος

1974 498 2096 536 nem
2130 483 2333 537 factum
2363 482 2716 537 conﬁtentur.
2743 478 2898 547 Quod
2933 478 2976 533 si
3006 493 3230 549 magnus
3270 475 3548 548 apostolus

1969 574 2205 642 Paulus,
2261 574 2509 629 mortalia
2557 589 2621 627 ac
2661 571 3032 642 corruptibilia
3066 585 3294 638 corpora
3335 578 3545 633 nostra,

1970 664 2173 722 Christi
2207 682 2406 737 corpus
2439 681 2503 721 ac
2534 665 2778 721 membra
2813 664 3124 734 pradicavit
3157 679 3171 714 :
3200 661 3549 730 Verbumque

1972 773 2101 812 caro
2131 757 2334 813 factum
2371 767 2475 825 est,
2515 769 2569 813 et
2604 759 2868 813 habitavit
2896 756 2950 810 in
2987 756 3163 820 nobis,
3195 753 3553 826 quemadmo-
3650 826 3661 836 _

1980 852 2106 904 dum
2144 850 2385 907 Joannes
2434 850 2741 921 Theologus
2789 850 2965 904 dixit:
2999 848 3173 918 palam
3226 857 3311 902 est
3355 847 3552 901 Arme-

1976 942 2192 997 niorum
2219 958 2471 1012 corpora,
2495 942 2917 1011 haudquaquam
2945 937 3148 994 Christi
3179 953 3298 994 esse
3321 924 3550 1007 corpora

1974 1049 2038 1088 ac
2072 1034 2336 1101 membra,
2373 1035 2468 1090 sed
2501 1033 2719 1088 Satanae
2751 1033 3053 1088 habitantis
3089 1031 3145 1084 in
3186 1046 3372 1085 eorum
3426 1044 3552 1084 cor-

1976 1127 2223 1196 poribus,
2252 1141 2553 1196 eornmque
2582 1126 2828 1181 docentis
2859 1125 3118 1189 haereses,
3154 1124 3457 1177 ac‘zizania
3493 1123 3548 1177 in
3648 1174 3663 1188 ,

1976 1216 2057 1272 eis
2106 1216 2451 1283 seminantis,
2500 1231 2764 1285 suamque
2798 1215 2905 1270 illis
2950 1215 3228 1269 adversam
3279 1213 3333 1267 in
3382 1211 3550 1267 Deum

1975 1314 2217 1362 mentem
2284 1322 2349 1362 ac
2406 1305 2765 1362 defectionem
2833 1305 3195 1376 suggerentis.
3264 1302 3356 1358 Sic
3420 1318 3552 1372 ergo

1978 1396 2193 1467 impios,
2249 1398 2342 1469 qui
2390 1413 2450 1455 se
2484 1414 2515 1454 a
2557 1398 2776 1454 Christo
2807 1397 3013 1453 alienos
3053 1393 3410 1463 constituant,
3443 1409 3553 1450 non

1976 1489 2141 1555 pudet
2163 1488 2186 1540 ?
2752 1504 2757 1508 δ

2054 1576 2121 1632 ν.
2153 1576 2285 1645 Quis
2335 1579 2562 1634 audiens
2608 1580 2885 1650 apostolos
2936 1584 2997 1636 ac
3050 1589 3273 1637 sanctos
3319 1581 3552 1643 Patres,

1984 1669 2083 1725 Dei
2116 1686 2181 1726 ac
2208 1669 2513 1725 Salvatoris
2541 1673 2713 1726 nostri
2741 1672 2869 1727 Jesu
2892 1673 3097 1755 Christi
3124 1673 3358 1728 natalem
3383 1672 3553 1735 diem,

304 1766 467 1839 ἡμῶν
509 1765 684 1836 Ἰησοῦ
728 1765 996 1836 Χριστοῦ,
1051 1764 1281 1838 πρώτην
1325 1765 1545 1837 ἑορτὴν,
1575 1766 1671 1818 καὶ
1713 1764 1872 1835 ῥίζαν

1987 1762 2211 1833 primam
2260 1761 2690 1828 solemnitatem,
2731 1752 3076 1835 radicemque
3125 1780 3188 1819 ac
3228 1764 3554 1835 principium

295 1860 397 1915 καὶ
437 1859 634 1930 ἀρχὴν,
690 1859 785 1911 καὶ
837 1858 1046 1930 ἑορτῶν
1095 1859 1315 1930 ἑορτὴν,
1376 1857 1474 1912 καὶ
1535 1857 1871 1930 μητρόπολιν

296 1954 491 2009 πασῶν
547 1952 752 2022 ἑορτῶν
804 1951 1188 2021 ὀνομαζόντων
1232 1967 1247 1983 ’
1307 1950 1534 2015 τούτους
1578 1950 1683 2005 κᾶν
1734 1948 1873 2014 ὅλως

290 2045 661 2117 Χριστιανοὺς
700 2044 1011 2113 λογίσηται,
1041 2045 1242 2115 καὶμὴ
1290 2044 1494 2116 μᾶλλον
1546 2043 1871 2115 ἁρνησιχρί-

293 2152 458 2198 στους
483 2137 581 2188 καὶ
604 2135 971 2199 διαϐολικοὺς,
1005 2135 1129 2206 μηδ’
1156 2135 1293 2199 ὅλως
1315 2135 1413 2206 τὴν
1430 2134 1687 2205 γέννησιν
1708 2134 1870 2189 αὑτοῦ

300 2227 748 2300 μνημονεύοντας
779 2227 813 2299 ἢ
849 2229 1250 2299 ἐορτάζοντας;

367 2406 444 2459 Ζ¹.
486 2405 583 2467 Τίς
612 2403 827 2458 ἀκούων
854 2403 963 2458 τῶν
991 2404 1165 2475 ἁγίων
1192 2407 1450 2477 Πατέρων
1474 2406 1567 2460 δύο
1592 2406 1874 2477 θελήματα

294 2497 524 2568 φυσικὰ.
557 2497 656 2551 καὶ
686 2497 781 2551 δύο
809 2498 1045 2565 φυσικὰς
1077 2499 1359 2569 ἐνεργείας
1408 2499 1466 2552 ἑν
1504 2498 1727 2570 Χριστῷ
1768 2516 1872 2570 κη-

296 2589 616 2659 ρύττοντας,
656 2589 838 2654 καθὼς
872 2590 1034 2652 αὐτὸς
1080 2592 1109 2643 6
1159 2589 1363 2661 Κύριος
1405 2590 1466 2643 ὲν
1516 2589 1873 2660 Εύαγγελίοις

232 2698 249 2715 ·
292 2682 543 2735 διδάσκει
591 2678 651 2734 αὖ
683 2680 916 2745 δικαίως
955 2679 1236 2753 μέμψεται
1283 2681 1531 2747 τούτους,
1585 2682 1660 2747 ὡς
1699 2685 1877 2738 Μανι-

296 2770 517 2843 χαίους,
560 2774 654 2824 καὶ
708 2771 1217 2843 ’Δπολλιναριστὰς,
1276 2773 1371 2827 καὶ
1423 2773 1873 2844 Εὐτυχιανιστὰς,

301 2861 446 2932 μήτε
508 2860 756 2929 θέλησιν,
818 2863 959 2931 μήτε
1019 2863 1303 2935 ἐνέργειαν
1353 2864 1756 2935 ὁμολογοῦντας
1815 2868 1873 2919 ὲν

295 2954 528 3024 Χριστῷ
558 2971 574 2987 ο
611 2954 753 3009 ἀλλὰ
794 2956 929 3025 μίαν
971 2956 1192 3026 θέλησιν
1240 2957 1335 3011 καὶ
1386 2957 1694 3028 ἐνέργειαν,
1735 2958 1810 3023 ὡς
1846 2960 1874 3012 6

302 3047 546 3118 ’Δρειος,
584 3049 679 3102 ἐπὶ
710 3048 953 3121 Χριστοῦ
978 3047 1375 3121 κηρύττοντας,
1400 3049 1493 3102 καὶ
1518 3049 1619 3120 τὴν
1644 3048 1874 3120 θεότῃτα

293 3138 473 3194 αὐτοῦ
502 3141 888 3214 εὐτελέστερον
915 3140 1010 3194 τοῦ
1034 3141 1247 3213 Πατρδς
1272 3140 1655 3205 δεικνύοντας.

371 3233 446 3285 Z'.
489 3231 585 3295 Τίς
614 3232 760 3301 ὁρῶν
799 3232 893 3285 καὶ
925 3231 1143 3286 ἁκούων
1192 3232 1291 3296 τὰς
1342 3234 1733 3305 πανηγυρικὰς
1776 3232 1875 3286 αύ-

286 3321 410 3375 τῶν
440 3321 679 3394 βίϐλους,
709 3322 814 3385 τὰς
856 3322 1181 3394 Ἀρμενιστὶ
1215 3322 1619 3393 γεγραμμένας
1668 3322 1873 3383 πάσας,

289 3413 395 3468 δύο
429 3413 645 3483 φύσεις,
684 3416 780 3468 καὶ
806 3414 900 3467 δύο
924 3414 1209 3483 ἐνεργείας
1242 3414 1539 3483 προφανῶς
1570 3415 1626 3465 ἑν
1655 3411 1876 3483 Χριστῷ

291 3505 704 3575 κηρυττούσας,
737 3505 919 3570 καθὼς
957 3506 1219 3577 μυριάκις
1270 3505 1632 3573 ὑπεδείξαμεν
1667 3505 1872 3570 αὐτοῖς,

290 3598 398 3650 καὶ
440 3596 749 3668 ηλὲγξαμεν
794 3599 854 3663 ἐξ
897 3597 1078 3650 αὐτῶν
1102 3597 1212 3649 τῶν
1241 3597 1387 3649 ίδίων
1411 3596 1657 3667 βιϐλίων,
1682 3596 1744 3650 οὐ
1780 3595 1876 3649 θα·

288 3688 464 3743 νάτου
491 3690 709 3759 ἐνόχους
740 3688 903 3753 ἀξίως
934 3688 1379 3751 καταδικάσειεν,
1411 3687 1487 3751 ὼς
1516 3687 1756 3758 ἁρνητὰς
1777 3686 1873 3740 τοῦ

288 3780 565 3853 Χριστοῦ,
593 3783 689 3835 καὶ
717 3780 1028 3848 τῶν,ὰγίων
1067 3781 1334 3850 Πατέρων
1368 3779 1620 3850 ἐχθροὺς,
1654 3779 1748 3832 καὶ
1777 3793 1878 3830 πο-

285 3874 548 3944 λεμίους,
580 3874 688 3927 τῶν
719 3890 778 3927 τε
820 3873 1112 3943 Ῥωμαίων
1134 3911 1150 3937 ,
1176 3873 1274 3924 καὶ
1313 3872 1615 3942 ’Δρμενίων
1631 3869 1878 3942 ἀρχαίων

286 3965 636 4018 διδασκάλων
660 3962 1061 4030 Θεοπνεύστων;
1086 3963 1248 4028 Τίνες
1275 3959 1369 4017 οῦν
1393 3964 1575 4033 ἕτεροι
1603 3963 1876 4036 αίρετικοὶ

288 4056 698 4125 ἀσεϐήσαντες,
723 4053 901 4119 οὕτως
933 4053 1360 4126 ἁνησχύντησαν
1399 4053 1589 4126 ῶσπερ
1617 4050 1784 4117 οὗτοι,
1824 4053 1876 4106 οἱ

282 4144 361 4199 τὸ
384 4144 712 4213 Εὑαγγέλιον
742 4144 835 4198 τοῦ
861 4144 1097 4216 Χριστοῦ
1142 4144 1435 4216 περικόψαι
1473 4144 1569 4199 καὶ
1624 4160 1877 4215 παραχα-

282 4238 460 4312 ράξαι
490 4239 885 4311 τολμήσαντες;

371 4334 454 4390 11'.
493 4333 613 4387 Τῶν
636 4334 808 4403 ἁγίων
832 4332 1091 4403 Πατέρων
1120 4330 1427 4402 συμφώνως
1447 4331 1538 4383 τὸν
1577 4330 1875 4403 Τρισάγιον

1979 1854 2409 1919 solemnitatum,
2448 1870 2513 1910 ac
2547 1856 2951 1910 solemnitatum
2986 1858 3406 1923 solemnitatem,
3433 1873 3557 1912 om-

1985 1945 2248 2016 niumque
2315 1948 2726 2002 solemnitatum
2775 1951 3116 2020 metropolim
3185 1950 3552 2020 appellantes,

1981 2039 2119 2094 istos
2145 2038 2368 2095 omnino
2398 2039 2744 2096 Christianos
2777 2041 3094 2107 arbitretur,
3143 2056 3207 2098 ac
3242 2058 3345 2097 non
3384 2044 3556 2114 inagis

1980 2129 2259 2186 Christum
2316 2143 2617 2201 negantes,
2673 2148 2737 2187 ac
2794 2133 3122 2200 diabolicos,
3191 2135 3283 2205 qui
3349 2135 3553 2190 nullam

1980 2221 2206 2275 omnino
2245 2221 2365 2291 ejus
2406 2222 2607 2278 natalis
2657 2226 2977 2279 memoriam
3029 2224 3271 2292 faciant,
3331 2238 3425 2282 aut
3457 2243 3555 2284 ce-

1980 2311 2190 2369 lcbrent
2210 2313 2235 2367 Υ

2059 2402 2145 2458 Vl.
2184 2402 2316 2470 Qnis
2347 2405 2575 2460 audiens
2607 2415 2828 2461 sanctos
2861 2405 3076 2472 Patres,
3113 2407 3388 2462 naturales
3419 2410 3554 2464 duas

1982 2495 2314 2559 volnutates,
2339 2513 2402 2552 ac
2431 2498 2566 2552 duas
2593 2498 2868 2552 naturales
2891 2500 3237 2569 operationes
3257 2500 3308 2553 in
3331 2500 3553 2556 Christo

1985 2589 2364 2657 pranlieantes,
2390 2589 2542 2659 juxta
2573 2591 2715 2659 quod
2744 2591 2858 2659 ipse
2893 2592 3154 2645 Dominus
3181 2590 3232 2645 in
3262 2590 3554 2660 Evangelia

1982 2682 2184 2748 docet,
2241 2698 2347 2736 non
2401 2681 2637 2749 merito,
2708 2681 2831 2736 illos
2884 2694 3137 2751 tanquam
3193 2682 3557 2749 Manichaeos,

1984 2774 2444 2844 Apollinaristas,
2497 2791 2560 2830 ac
2590 2775 3033 2847 Eutychianistas
3080 2776 3424 2843 criminetur,
3464 2780 3557 2848 qui

1985 2882 2087 2921 nec
2140 2866 2499 2936 voluntatem,
2543 2882 2642 2930 nec
2688 2870 3061 2937 operationem
3096 2869 3459 2925 conﬁteantur
3500 2871 3555 2926 in

1981 2957 2240 3026 Christo;
2291 2961 2386 3015 sed
2449 2976 2609 3015 unam
2646 2963 2980 3017 voluntatem
3037 2977 3099 3016 ac
3148 2965 3559 3034 operationem,

1985 3046 2131 3102 velut
2156 3048 2344 3113 Arius,
2393 3050 2447 3104 in
2495 3050 2716 3105 Christo
2756 3052 3007 3117 doceant,
3048 3054 3276 3123 ejusque
3303 3055 3557 3110 deitatem

1899 3121 1943 3178 (ἶ
1979 3137 2213 3195 Paterna
2248 3141 2598 3209 abjectiorem
2631 3144 2960 3198 ostendant?

2053 3230 2163 3287 VII.
2195 3230 2331 3299 Quis
2363 3235 2559 3293 videns
2611 3249 2676 3290 ac
2713 3236 2943 3290 audiens
2978 3251 3166 3291 eorum
3201 3238 3558 3310 panegyricos

1978 3338 2044 3378 ac
2096 3333 2413 3379 sanctorum
2480 3327 2864 3381 cxornatorios
2918 3326 3084 3381 libros
3138 3343 3362 3391 omnes,
3423 3331 3559 3386 duas

1980 3425 2245 3479 naturas,
2308 3429 2374 3469 ac
2425 3416 2561 3469 duas
2605 3416 2912 3469 voluntates
2970 3416 3174 3484 liquido
3232 3418 3285 3471 in
3340 3418 3560 3476 Christo

1979 3503 2359 3574 praedicantes,
2399 3506 2475 3560 uti
2511 3506 2783 3559 sexcentis
2822 3506 3027 3561 vicibus
3065 3508 3406 3565 ostendimus
3452 3512 3556 3577 eis,

1978 3611 2153 3667 exque
2186 3597 2295 3652 illis
2329 3614 2421 3654 eos
2453 3598 2853 3669 redarguimus,
2898 3615 3003 3653 non
3041 3602 3233 3656 mortis
3273 3617 3392 3658 reos
3425 3619 3558 3658 con-

1979 3690 2223 3752 demnet,
2264 3699 2521 3759 tanquam
2571 3705 2665 3746 eos
2709 3691 2801 3760 qni
2862 3690 3142 3746 Christum
3195 3704 3430 3764 negent,
3494 3710 3560 3750 ac

1982 3783 2191 3837 sanctis
2220 3780 2475 3837 Patribus
2508 3782 2891 3847 adversentur,
2936 3783 3155 3852 sintque
3190 3783 3394 3849 hostes,
3445 3796 3558 3841 tum

1978 3868 2336 3936 Graecorum,
2390 3882 2500 3925 tutu
2554 3872 2939 3927 Armeniorum
2993 3889 3022 3925 a
3089 3873 3197 3926 Deo
3252 3874 3558 3932 alllatouttu

1981 3972 2221 4019 veterum
2260 3965 2583 4019 doctorum?
2637 3965 2736 4032 Qui
2794 3981 2923 4034 ergo
2972 3965 3123 4034 impii
3171 3967 3260 4021 alii
3313 3968 3555 4023 hmtctici

1981 4071 2046 4111 eo
2096 4059 2443 4127 impudentiae
2497 4069 2884 4126 prowxerunt,
2931 4074 3038 4128 quo
3084 4059 3193 4125 isti,
3231 4062 3323 4128 qni
3354 4060 3557 4118 Christi

1980 4148 2333 4220 Evangelium
2362 4161 2649 4220 amputare
2678 4191 2694 4217 ,
2743 4165 2807 4204 ac
2850 4150 3155 4206 adulterare
3193 4168 3558 4224 praesumpse-

1977 4244 2129 4298 rint?

2052 4336 2190 4392 Vill.
2232 4338 2365 4394 Cum
2397 4338 2573 4393 saneti
2620 4338 2810 4394 Patres
2859 4342 3116 4414 hymnum
3162 4339 3449 4411 Trisagion
3500 4342 3553 4395 in

283 4428 324 4483 ὖ
336 4444 493 4498 μνον,
521 4428 601 4489 είς
639 4428 739 4498 τὴν
769 4424 934 4495 ἁγίαν
957 4425 1163 4495 Τριάδα
1195 4424 1509 4494 σεραφικῶς
1557 4426 1653 4477 καὶ
1708 4424 1872 4492 εὐαγ-

1987 4441 2228 4487 sanctam
2265 4431 2586 4488 Trinitatem
2630 4434 2915 4504 seraphice
2958 4451 3021 4490 ac
3055 4433 3390 4504 evangelice,
3424 4448 3559 4487 con-

284 4519 538 4589 γελικῶς
566 4518 1027 4588 ἁναπεμπόντων·
1057 4518 1154 4571 καὶ
1180 4517 1396 4571 πάντων
1432 4517 1543 4569 τῶν
1568 4516 1874 4589 ἀρχιερέων

275 4615 394 4684 τῆς
425 4611 671 4683 μεγάλης
699 4609 913 4673 πόλεως
931 4608 1170 4681 Ῥώμης,
1206 4610 1286 4672 είς
1315 4608 1416 4680 τὴν
1445 4610 1611 4677 ἁγίαν
1642 4612 1684 4662 Τ
1690 4611 1871 4682 ριάδα,

271 4709 390 4763 τδν
426 4706 729 4777 Τρισάγιον
761 4703 931 4775 ὕμνον
952 4744 968 4767 ,
1001 4702 1110 4757 ἀπὸ
1140 4701 1252 4755 τῶν
1292 4703 1611 4773 κορυφαίων
1641 4705 1874 4756 ἀποστό-

269 4801 404 4855 λων
440 4794 871 4865 ἀναπέμπεσθαι
915 4793 1255 4866 παραλαϐεῖν
1277 4795 1722 4865 μαρτυρούντων,
1780 4796 1874 4849 καὶ

276 4892 516 4968 μυρίοις
559 4888 870 4960 ἁναθέμασι
918 4891 1016 4941 καὶ⁹
1069 4887 1466 4959 καθαιρέσεσι,
1519 4887 1728 4958 Πέτρον
1780 4888 1874 4941 τὸν

271 4983 529 5052 Κναφέα
583 4979 1115 5035 καθυποὸαλλόντων
1175 4977 1266 5032 διὰ
1324 4978 1424 5049 τὴν
1478 4980 1535 5031 ὲν
1587 4978 1873 5050 Τρισαγίῳ

270 5078 623 5149 προσθήκην
649 5092 666 5107 ·
696 5073 781 5138 τίς
810 5074 873 5127 ού
927 5072 1136 5126 τέλειον
1170 5070 1393 5135 τούτους
1447 5074 1732 5141 μισήσειεν
1779 5073 1872 5126 καὶ

267 5170 789 5241 ἀποστραφήσεται
824 5166 901 5229 ὡς
947 5162 1187 5228 ἀσεϐεῖς,
1233 5163 1329 5217 καὶ
1374 5163 1730 5235 βλασφήμους
1777 5165 1875 5217 καὶ

267 5262 648 5328 κακοδόξους,
684 5260 746 5313 οὑ
782 5259 943 5329 μόνον
973 5257 1072 5328 τὴν
1114 5257 1280 5325 ἁγίαν
1306 5256 1517 5326 Τριάὅα
1554 5256 1879 5328 σταυρωθῆ-

268 5372 389 5414 ναι
418 5352 882 5425 βλασφημοῦντας
910 5373 926 5389 ο
967 5354 1104 5408 ἀλλὰ
1139 5353 1234 5406 καὶ
1265 5352 1359 5405 τὸν
1389 5352 1485 5405 ἕνα
1513 5353 1748 5423 Χριστὸν
1779 5355 1876 5405 τὶν

271 5451 431 5506 Υίδν
455 5449 547 5503 τοῦ
579 5449 741 5512 Θεοῦ,
766 5448 843 5511 ὡς
867 5451 895 5502 6
925 5447 1245 5518 Νεστόριος,
1284 5447 1363 5510 είς
1389 5444 1481 5498 δύο
1512 5447 1663 5508 υἱοὺς
1707 5444 1872 5515 χωρί-

267 5546 512 5613 ζοντας.

370 5634 450 5694 ϐ’.
493 5638 556 5691 Εἰ
580 5637 638 5691 δὲ
668 5636 1018 5708 ἐλεγχόμενοι
1049 5634 1440 5703 ἀποκρίνονται
1471 5632 1721 5697 λέγοντες
1748 5646 1761 5660 ’
1791 5630 1875 5682 ὅτι

262 5732 465 5802 ἡμεῖς
509 5729 611 5784 οὐκ
664 5730 745 5791 ei;
799 5727 900 5797 τὴν
960 5726 1128 5795 ἁγίαν
1182 5722 1391 5795 Τριὰδα
1435 5722 1525 5777 τὸν
1580 5720 1876 5792 Τρισάγιον

635 5825 902 5887 Panos.
943 5825 1061 5883 Gn.
1100 5816 1389 5881 CXXXII.

1982 4537 2114 4579 sone
2164 4525 2467 4591 reducant,
2522 4541 2819 4594 omnesque
2882 4544 3093 4598 magna:
3159 4526 3308 4581 urbis
3372 4524 3560 4580 Ruina:

1979 4616 2298 4684 antistites,
2353 4634 2382 4672 a
2452 4618 2789 4689 principibus
2849 4621 3223 4690 apostolorum
3281 4621 3560 4687 accepisse

1983 4718 2271 4774 testentur,
2333 4711 2703 4765 reducendum
2766 4710 2820 4765 in
2880 4721 3125 4766 sanctam
3186 4709 3555 4773 Trinitatem,

1968 4780 2363 4871 .sexcentisqne
2401 4803 2539 4858 diris
2581 4819 2646 4857 ac
2694 4800 3125 4872 depositionibus
3171 4800 3389 4855 Petrum
3426 4798 3556 4853 Ful-

1981 4893 2184 4955 lonem,
2211 4892 2282 4947 ob
2304 4893 2420 4962 ejus
2446 4893 2499 4946 in
2531 4909 2596 4947 eo
2626 4892 2829 4962 hymno
2850 4890 3153 4944 auctarium
3185 4888 3554 4957 subjecerint;

1981 4985 2106 5055 quis
2133 4999 2241 5039 non
2273 4984 2495 5039 omnino
2547 4986 2679 5038 istos
2730 4982 2930 5047 oderit,
2985 4996 3050 5035 ac
3100 4989 3398 5044 aversetur,
3435 4990 3556 5036 tan-

1979 5092 2140 5146 quam
2194 5078 2388 5147 impios
2437 5092 2501 5132 ac
2557 5075 2929 5142 blasphemus,
2993 5072 3421 5141 haereticosqne,
3465 5073 3558 5142 qui

1982 5169 2180 5224 nedum
2239 5178 2484 5223 sanctam
2543 5165 2867 5220 Trinitatem
2926 5165 3243 5220 cruciﬁxam
3303 5166 3556 5234 blasphe-

1980 5271 2161 5329 tnent;
2218 5274 2405 5314 verum
2460 5258 2621 5312 etiam
2657 5272 2820 5310 unum
2853 5255 3136 5310 Christum
3176 5256 3267 5311 Dei
3324 5254 3553 5319 Filium,

1980 5353 2311 5413 Nestoriano
2345 5364 2535 5406 errore
2582 5350 2633 5402 in
2675 5350 2812 5403 duos
2847 5348 2987 5404 tilios
3015 5348 3293 5403 dividant?

2846 5520 2898 5567 χ

2050 5623 2145 5680 ιΧ.
2196 5621 2352 5691 Quod
2403 5621 2451 5676 si
2498 5618 2818 5690 reprehensi
2868 5617 3230 5688 respondeant
3269 5615 3556 5671 dicentes:

1982 5719 2206 5776 Minime
2263 5716 2530 5787 gentium,
2584 5714 2843 5788 hymnum
2878 5710 3160 5782 Trisagion
3212 5709 3281 5765 in.
3312 5717 3560 5765 sanetam

3086 5801 3162 5865 38
