3968 6220
458 210 600 277 H95

1528 214 1777 276 ISAACI
1816 216 2188 275 ΑΒΜΕΝΙἉΕ
2232 217 2639 276 CATHOLICI

3590 211 3737 275 1195

463 343 560 381 nos
595 325 916 380 Trinitatem
948 324 1259 391 referimus,
1308 325 1400 381 sed
1431 326 1481 380 itt
1516 329 1687 381 solum
1717 329 1997 382 Christum
2025 346 2038 381 :

2146 330 2314 400 ’ύμνον
2336 328 2739 398 ἀναπέμπωμεν
2775 342 2786 354 ’
2815 324 2952 378 ἀλλά
2983 324 3119 396 πρὸς
3149 326 3313 392 μόνον
3338 324 3431 376 τὸν
3458 324 3738 394 Χριστόν·

460 424 577 475 tuce
605 421 869 483 dicentes,
898 418 1100 472 Christi
1127 433 1186 472 se
1214 418 1396 473 hostes
1418 429 1604 489 aperte
1626 421 2041 474 conﬁrmarunt.

460 514 863 583 interrogentur
908 524 1038 581 ergo
1084 511 1324 564 Armenii
1367 509 1443 564 illi
1487 509 1789 581 Accphali:
1831 510 2044 580 Ergone

452 607 712 661 Christus
751 603 843 659 Dei
872 602 1075 668 Filius,
1110 619 1233 657 cum
1268 619 1433 657 carne
1467 605 1764 659 cruciﬁxus
1800 605 1934 670 fuit,
1976 621 2043 660 an

454 703 577 754 sine
607 712 810 763 carne,
862 706 917 751 et
966 696 1363 779 incorporeus?
1413 695 1567 763 Quod
1620 697 1664 750 si
1718 696 1915 751 iterum
1947 711 2045 767 per

349 807 359 818 ε
460 788 865 845 simulationem
898 788 1285 857 respondeant,
1321 802 1444 841 cum
1477 800 1640 841 carne
1672 787 1995 841 cruciﬁxum
2025 804 2040 842 :

460 879 725 949 siquidem
776 892 907 948 ergo
941 876 1196 932 Christus
1222 892 1344 931 eum
1390 891 1559 930 carne
1607 875 1901 930 cruciﬁxus
1939 886 2042 940 est,

462 972 653 1041 sicque
711 968 953 1023 Armenii
1008 969 1238 1022 veritate
1300 966 1671 1028 conﬁtentur,
1744 965 1931 1034 quidni
1988 964 2041 1019 in

464 1065 663 1135 hymno
698 1061 795 1115 Ter
829 1069 1043 1115 sanctas
1085 1060 1273 1113 dicunt
1305 1075 1318 1111 :
1352 1058 1585 1112 Sanctus
1622 1056 1759 1111 Deus
1783 1072 1800 1120 ;
1828 1067 2043 1109 sanctas

465 1157 657 1224 (ortis;
693 1166 910 1207 sanctus
948 1154 1289 1217 inmortalis,
1323 1151 1413 1221 qui
1460 1151 1770 1203 incarnatus
1818 1165 1879 1201 ac
1926 1164 2045 1201 cru-

462 1247 653 1314 ci/ixtts
687 1262 740 1301 es
779 1262 872 1312 pro
907 1244 1083 1311 nobis,
1132 1246 1377 1297 miserere
1428 1242 1622 1296 nobis?
1660 1242 1793 1295 Nam
1837 1242 1919 1295 sic
1960 1239 2044 1294 di-

461 1350 650 1393 centes
683 1337 1057 1398 ostenderent,
1114 1335 1167 1388 iu
1224 1333 1502 1389 Christum
1549 1346 1609 1386 se
1656 1332 1995 1385 incarnatttm
2025 1368 2041 1393 ,

466 1447 588 1484 eum
642 1435 898 1501 hymnum
953 1426 1179 1482 referre.
1227 1422 1384 1479 Nunc
1438 1435 1643 1486 autem,
1691 1438 1813 1476 cum
1870 1434 2045 1489 neque

463 1524 648 1579 carnis
678 1524 1007 1578 mentionem
1033 1518 1260 1584 faciant,
1291 1531 1468 1585 neque
1496 1515 1757 1583 assutupti
1786 1513 2040 1576 hominis,

464 1632 588 1669 cum
624 1629 691 1669 ex
724 1614 847 1668 aliis
877 1612 1154 1677 omnibus,
1190 1619 1299 1663 tum
1341 1624 1405 1663 ex
1442 1609 1543 1661 ltoc
1577 1608 1694 1675 ipso
1729 1606 1901 1675 palam
1926 1604 2043 1660 etii-

464 1707 625 1772 citur,
657 1707 882 1761 omnino
908 1719 1107 1773 negare
1128 1701 1333 1757 Christi
1368 1699 1837 1764 incarnationem;
1874 1713 2045 1766 caque

468 1798 607 1850 ratio
637 1807 760 1861 est,
809 1805 867 1849 ιιι
907 1809 1011 1849 non
1048 1794 1305 1848 horreant
1353 1805 1514 1844 uuam
1547 1791 1599 1842 itt
1633 1788 1853 1845 Christo
1883 1798 2044 1842 uatu-

470 1904 584 1943 tam
633 1890 835 1944 dicere.

1045 2056 1274 2113 CAPUT
1314 2055 1459 2111 Xlll.

550 2198 705 2265 Quod
736 2212 828 2253 nec
854 2196 1013 2251 etiam
1044 2193 1279 2248 Armenii
1308 2192 1696 2247 ordinationem
1726 2190 1977 2244 habeant.

540 2335 580 2391 Ι.
621 2333 776 2401 Quod
810 2347 985 2402 neque
1034 2329 1278 2385 Armenii
1327 2327 1566 2383 habeant
1608 2327 2045 2392 ordinationem,

468 2428 563 2485 sed
591 2430 657 2482 al)
688 2429 834 2480 omni
885 2423 1194 2480 sacerdotio
1243 2422 1488 2477 extranei
1524 2421 1658 2485 sint,
1697 2420 1823 2475 ittde
1853 2419 2041 2487 liquet.

467 2521 600 2576 Nam
634 2529 859 2576 sanctus
891 2517 1210 2588 Gregorius,
1270 2514 1363 2587 qui
1411 2514 1794 2567 Armeniorum
1839 2512 2045 2581 episco-

465 2630 565 2685 pus
596 2612 718 2681 fuit,
755 2627 819 2667 ac
851 2609 1111 2666 Leontius
1155 2609 1502 2665 beatissimus
1541 2605 1806 2662 Cmsareai
1835 2604 2045 2676 Cappa-

468 2708 634 2762 dociae
668 2704 1138 2774 archiepiscopus,
1180 2702 1270 2772 qui
1305 2702 1555 2756 eumdem
1601 2699 1920 2769 Gregorium
1952 2714 2046 2753 or-

468 2798 698 2863 dinavit,
728 2794 1042 2851 securitatis
1072 2803 1292 2864 pactum
1319 2792 1462 2846 inter
1486 2806 1547 2846 se
1580 2790 1838 2855 inierunt,
1862 2799 1921 2843 tit
1950 2790 2043 2858 qui

459 2903 567 2959 “pro
607 2897 849 2957 tempore
883 2886 1271 2941 Armeniorum
1322 2883 1610 2955 episcopus
1651 2882 2042 2953 prtellceretur,

452 2981 533 3035 'ab
568 2978 814 3034 Ecclesia
860 2991 926 3030 ac
984 2975 1243 3046 pontiﬁce
1282 2972 1604 3029 Caesariensi
1646 2975 2041 3029 ordinationem

467 3068 762 3137 acciperet,
790 3081 855 3119 ex
885 3080 992 3134 qua
1025 3065 1141 3133 ipse
1174 3078 1201 3116 a
1232 3062 1500 3131 principio
1533 3060 1831 3131 Gregorius
1862 3076 2038 3115 sacer-

467 3159 672 3213 dotium
718 3155 1037 3225 accepisset,
1072 3168 1190 3222 qua:
1224 3153 1405 3207 omnia
1449 3152 1501 3205 in
1539 3150 1678 3206 libro
1713 3152 1776 3205 de
1812 3151 1931 3205 Vita
1976 3166 2040 3206 ac

468 3248 734 3321 martyrio
776 3247 953 3302 sancti
1001 3244 1249 3314 Gregorii
1299 3242 1611 3297 accuratius
1672 3242 2052 3311 capticantur.’

451 3342 548 3398 'llli
574 3354 704 3396 vero
730 3341 784 3394 in
816 3340 1134 3394 innumeras
1158 3334 1392 3406 prolapsi
1420 3335 1678 3398 haereses,
1705 3350 1766 3388 ac
1791 3332 2038 3390 extranei

454 3431 596 3487 facti
627 3431 694 3486 ab
728 3429 973 3486 Ecclesia
1003 3427 1293 3492 catholica,
1325 3441 1451 3481 cum
1492 3441 1599 3480 non
1630 3427 1904 3497 accipiant
1935 3442 2041 3481 or-

352 3572 371 3581 _
458 3522 802 3578 dittationem
837 3522 904 3576 ab
936 3520 1178 3575 Ecclesia
1209 3518 1559 3584 Caesariensi,
1594 3533 1773 3574 nonne
1819 3519 2042 3574 omnino

466 3613 676 3684 profani
700 3624 827 3668 sunt
855 3612 976 3667 laici
1000 3628 1016 3677 ;
1043 3626 1290 3682 quosque
1318 3610 1418 3680 ipsi
1445 3610 1810 3679 baptizarunt,
1839 3611 2040 3666 ethnici

466 3718 688 3771 prorsus
716 3718 815 3758 nec
845 3702 1150 3772 haptizati?

2144 422 2316 476 ταῦτα
2366 422 2643 488 λέγοντες,
2689 419 3031 471 ὲὸεὸαίωσαν
3061 419 3273 479 ἑαυτοῖς
3304 416 3403 487 τὴν
3425 417 3748 487 χριστομᾶ-

2146 515 2270 585 χίαν
2297 512 2611 583 προφανῶς.
2669 512 3103 580 Ἐρωτάσθωσαν
3136 507 3231 563 οὖν
3278 512 3328 563 oi
3368 512 3661 581 Ἀρμένιοι
3694 512 3749 563 οἱ

2159 604 2471 672 ’Δκέφαλοι·
2502 603 2561 657 Ὀ
2592 602 2827 672 Χριστὸς
2849 603 2878 654 6
2906 600 3033 663 Υἱὸς
3058 599 3151 653 τοῦ
3183 599 3321 653 Θεοῦ
3356 604 3497 666 μετὰ
3528 600 3750 669 σαρκὸς

2146 694 2489 763 ἐσταυρώθη,
2515 695 2549 764 ἦ
2577 694 2819 762 ἄσαρκος
2858 692 2956 744 καὶ
3005 691 3337 760 ἀσώματοςς
3380 692 3441 744 Εἰ
3477 692 3539 745 δὲ
3572 692 3751 745 πάλιν

2147 787 2204 838 ἐν
2251 785 2542 856 ὑποκρίσει
2587 784 2842 852 λέγουσι,
2878 783 3018 854 μετὰ
3056 784 3293 855 σαρκός*
3351 782 3448 836 καῖ
3496 784 3549 835 ei
3597 786 3752 853 μετα

2148 876 2349 948 σαρκός
2373 880 2400 930 6
2426 878 2664 948 Χριστὸς
2700 875 3047 946 ἐσταυρώθη,
3081 877 3175 928 καὶ
3207 877 3383 938 οὕτως
3418 878 3477 928 ὲν
3501 876 3751 946 ἀληθεία

2145 968 2502 1039 ὁμολογοῦσιν
2524 970 2575 1022 ot
2617 969 2930 1040 Ἀρμένιοι,
2967 968 3053 1021 διὰ
3089 968 3142 1020 τί
3174 969 3249 1039 μή
3280 969 3537 1037 λέγουσιν
3566 971 3631 1022 ἐν
3670 970 3751 1038 τῷ

2146 1061 2350 1132 Tptoa)
2368 1062 2432 1131 ίῳ
2455 1062 2611 1132 ὕμνῳ
2639 1079 2652 1092 ·
2692 1062 2886 1130 ’Ἄγιος
2912 1065 2945 1115 ό
2972 1061 3118 1127 Θεός
3148 1074 3163 1090 ⁸
3210 1060 3378 1128 ἅγιος
3422 1064 3701 1129 ισχιφός
3732 1077 3749 1092 ⁸

2117 1151 2311 1221 ,ἅγιος
2338 1151 2657 1217 ἀθάνατος,
2695 1157 2728 1208 ό
2767 1155 3097 1222 σαρκωθεὶς
3128 1155 3227 1208 καὶ
3258 1155 3637 1223 σταυρωθεὶς
3665 1154 3749 1207 δι’

2145 1246 2325 1315 ἡμᾶς,
2366 1246 2633 1314 ἐλέησον
2661 1244 2857 1315 ήμᾶςς
2889 1246 3048 1300 Οὕτω
3078 1249 3187 1318 γὰρ
3216 1246 3477 1316 λέγοντες
3502 1288 3521 1311 ,
3559 1246 3748 1300 ἐδείκ-

2146 1359 2294 1405 νυον,
2331 1341 2412 1403 είς
2437 1340 2529 1393 τὸν
2563 1339 2921 1409 σαρκωθέντα
2969 1340 3205 1411 Χριστὸν
3247 1342 3337 1392 τὸν
3380 1338 3561 1408 ὕμνον
3604 1341 3745 1392 ἀνα-

2146 1433 2459 1503 πέμποντες
2497 1449 2510 1465 '
2559 1432 2655 1485 νῦν
2702 1432 2797 1498 δὲ,
2825 1433 2963 1503 μήτε
3012 1432 3192 1503 σάρκα.
3266 1433 3747 1501 μνημονεύοντες,

2150 1524 2287 1592 μήτε
2329 1521 2780 1592 ἐνανθρώπησιν,
2825 1521 3084 1592 πρόδηλοί
3137 1523 3245 1574 εἰσι
3303 1520 3447 1590 μετά
3514 1516 3749 1572 πάντῶν

2148 1614 2242 1665 καὶ
2289 1612 2354 1664 ἐκ
2404 1612 2617 1676 τούτου,
2668 1612 2749 1664 ὅτι
2801 1609 3096 1682 ἀρνιῦνται
3162 1609 3446 1672 παντελῶς
3495 1608 3605 1678 τὴν
3647 1609 3751 1663 τοῦ

2077 1684 2119 1739 Β
2148 1704 2357 1776 Κυρίου
2404 1706 2681 1775 σάρκωσιν
2714 1719 2728 1733 ·
2766 1704 2861 1758 καὶ
2909 1703 2998 1757 διὰ
3032 1703 3214 1768 τοῦτο,
3266 1703 3402 1773 μίαν
3448 1702 3627 1771 φύσιν
3690 1702 3753 1756 ὲν

2150 1797 2374 1869 Χριστῷ
2407 1796 2749 1868 βλασφημεῖν
2776 1797 2838 1850 ού
2876 1797 3185 1869 φρίττουσι.

2284 2116 2297 2125 κ
2651 2045 3053 2100 κεψΑΑΑιοΝ
3128 2044 3229 2099 tl“.

2150 2183 2288 2252 Περὶ
2317 2182 2409 2237 ὅτι
2437 2179 2583 2236 οὐδὲ
2608 2177 2989 2249 χειροτονίαν
3027 2177 3287 2247 ἔχουσιν
3309 2179 3367 2232 ol
3411 2177 3739 2248 Ἀρμένιοι.

2218 2319 2297 2376 A’.
2336 2319 2604 2375 Ὀτιούδὲ
2654 2318 2990 2390 χειροτονίαν
3054 2316 3273 2388 ἔχουσιν
3316 2315 3368 2370 oi
3429 2316 3743 2386 ’Δρμένιοι,

2148 2413 2283 2466 ἀλλά
2312 2410 2588 2480 ἀλλότριοι
2633 2409 2816 2476 πάσης
2863 2407 3167 2479 ἱερωσύνης
3194 2409 3325 2473 εἰσὶ,
3353 2407 3523 2478 δῆλον
3554 2408 3747 2461 ἐντεῦ-

2149 2504 2240 2557 θεν
2271 2519 2285 2534 ⁸
2315 2505 2342 2556 6
2368 2502 2549 2556 τοίνυν
2574 2500 2727 2569 ἅγιος
2753 2499 3125 2571 Γρηγόριος,.ό
3154 2498 3398 2568 γεγονὼς
3428 2499 3743 2561 ἐπίσκοπος

2162 2594 2482 2667 Ἀρμενίας,
2517 2593 2613 2648 καὶ
2652 2593 2907 2657 Λεόντιος
2946 2594 2973 2645 6
3004 2591 3435 2663 μακαριώτατος
3476 2592 3751 2661 appeti-

2151 2705 2351 2751 σκοπος
2381 2686 2723 2757 Καισαρείας
2751 2683 3179 2749 Καππαδοκίας,
3217 2685 3247 2737 6
3273 2683 3368 2736 τὸν
3395 2684 3574 2737 αὑτὸν
3596 2681 3785 2755 Γρηι⁹

2147 2782 2332 2852 γόριον
2364 2779 2778 2851 χειροτονήσας,
2797 2776 3063 2848 διαθήκην
3092 2775 3397 2846 ἀσφαλείας
3410 2776 3744 2846 ἀναμεταξίο

2150 2874 2331 2928 αὐτῶν
2363 2874 2721 2944 πεποιήκασι,
2755 2870 2847 2923 τὸν
2874 2873 2975 2943 τῆς
3012 2869 3306 2941 Ἀρμενίας
3352 2869 3503 2923 κατά
3542 2869 3745 2942 καιρὸν

2104 3021 2114 3042 ι
2151 2967 2453 3020 ἐπίσκοπον
2487 2962 2999 3035 προχειριζόμενον,
3032 2963 3098 3017 ἐκ
3123 2962 3224 3033 τῆς
3269 2963 3613 3034 Ἐκκλησὲας
3643 2965 3745 3015 καὶ

2149 3058 2240 3113 τοῦ
2259 3057 2562 3130 ἀρχιερέως
2586 3056 2911 3125 Καισαρέων
2926 3054 3026 3127 τὴν
3045 3054 3389 3126 χειροτονίαν
3406 3055 3601 3124 λαμσά
3616 3073 3744 3121 ιειν,

2147 3150 2208 3215 ἐξ
2230 3145 2298 3222 ἧς
2338 3151 2430 3203 καὶ
2466 3149 2649 3223 ⁹αὐτὸς
2681 3148 2711 3201 6
2736 3148 2891 3217 ἆγιος
2924 3147 3232 3219 Γρηγόριος
3260 3148 3318 3200 ὲν
3348 3148 3497 3218 ἀρχῇ
3529 3149 3633 3218 τὴν
3661 3150 3747 3201 ἱε-

2151 3247 2398 3314 ρωσύνην
2427 3242 2669 3306 ἐδέξατο,
2697 3240 2884 3304 καθὼς
2917 3240 3015 3293 καὶ
3049 3241 3109 3294 ὲν
3133 3241 3209 3312 τῷ
3238 3239 3431 3311 βιϐλίῳ
3459 3242 3561 3294 τοῦ
3621 3242 3743 3311 βίου

2145 3336 2240 3389 καὶ
2287 3333 2592 3405 μαρτυρίου
2644 3330 2738 3384 τοῦ
2788 3331 2943 3399 ἁγίου
2994 3331 3324 3402 Γρηγορίου,
3358 3334 3496 3402 περὶ
3528 3333 3745 3387 τούτων

2144 3427 2362 3481 πάντων
2405 3424 2651 3499 ἀκριϐῶς
2703 3424 3035 3496 διαγορεύει.
3087 3420 3247 3479 Οὗτοι
3288 3424 3343 3477 δὲ
3396 3427 3479 3490 είς
3529 3428 3741 3496 μυρίας

2090 3548 2101 3553 ~
2140 3518 2381 3588 αἱρέσεις
2411 3516 2806 3587 περιπεσόντες
2830 3559 2844 3582 ,
2895 3518 2990 3570 καὶ
3020 3516 3119 3585 τῆς
3146 3516 3450 3586 καθολικῆς
3491 3517 3743 3585 Ἐκιληο

2141 3612 2260 3672 σίας
2289 3608 2767 3680 ἀλλοτριωθέντες,
2796 3609 2888 3661 καὶ
2919 3610 2981 3661 ἐκ
3004 3608 3103 3678 τῆς
3136 3608 3467 3679 Καισαρέων
3492 3609 3741 3679 Ἐκκληο

2141 3703 2263 3765 σίας
2314 3702 2654 3773 χειροτονίαν
2697 3701 2772 3772 μὴ
2812 3700 3230 3771 λαμϐάνοντες..
3268 3701 3387 3764 πῶς
3430 3702 3543 3754 ούκ
3590 3703 3737 3756 εἰσὶν

456 3800 671 3870 ἀνίεροι
700 3798 1004 3867 navum-.1,
1031 3800 1125 3856 καὶ
1151 3797 1600 3872 ἀχειροτόνητοι·
1668 3797 1766 3854 καὶ
1826 3799 1877 3852 ot
1917 3795 2005 3864 ’ἐξ
2071 3799 2255 3854 αὐτῶν
2318 3794 2735 3869 βαπτιζόμενοι,
2795 3797 3075 3862 παντελῶς
3131 3797 3337 3852 ἐθνικοὶ
3395 3798 3496 3851 καὶ
3552 3798 3743 3853 665.:-

456 3908 659 3947 ’τιστοι.

538 4009 604 4065 lt.
634 4008 698 4062 Si
737 4021 867 4077 ergo
903 4020 1061 4072 crux,
1094 4020 1159 4061 ac
1193 4005 1405 4077 signum
1445 4005 1585 4075 ejus,
1634 4006 1839 4076 abSque
1869 4006 2034 4061 stulta

464 4118 650 4157 eorum
703 4099 1015 4172 precatione
1055 4113 1118 4153 ac
1145 4097 1437 4166 sacriﬁcio,
1471 4097 1702 4152 invalida
1739 4112 1802 4154 ac
1832 4097 2037 4152 inutilis

464 4194 756 4254 invenitur,
789 4204 891 4245 nec
921 4200 1005 4244 est
1034 4190 1195 4259 digna
1227 4203 1346 4257 qua:
1388 4189 1667 4253 adoretur,
1699 4202 1762 4241 ac
1804 4200 2034 4241 venera-

465 4288 598 4344 tioni
643 4287 907 4341 habeatur
945 4300 958 4337 :
994 4282 1265 4354 quomodo
1312 4281 1397 4335 vir
1451 4288 1669 4335 sanctus
1716 4279 2030 4348 priusquam

2215 4005 2289 4061 B’.
2324 4006 2385 4060 Et
2416 4006 2509 4061 οὖν
2538 4008 2566 4060 6
2597 4006 2830 4080 σταυρὸς
2860 4006 2955 4060 καὶ
2996 4008 3024 4060 6
3073 4005 3247 4072 τύπος
3296 4008 3500 4074 αὐτοῦ,
3552 4013 3741 4081 χωρὶς

2146 4097 2382 4167 ματαίας
2430 4095 2613 4152 αὐτῶν
2662 4098 2831 4170 εὐχῆς
2880 4099 2974 4152 καὶ
3020 4097 3248 4163 θυσίας,
3286 4100 3590 4171 ἀνίσχυρος
3636 4106 3743 4160 καὶ

2143 4189 2422 4259 ἀνωφελὴς
2454 4190 2796 4261 εὑρίσκεται,
2834 4191 2934 4243 καὶ
2964 4189 3066 4244 οὐκ
3101 4189 3251 4243 ἐστιν
3279 4190 3432 4256 ἄξιος
3468 4209 3735 4263 προσκυ-

2142 4279 2352 4333 νεῖσθαι
2389 4280 2480 4333 καὶ
2527 4280 2815 4351 τιμᾶσθαι,
2850 4280 2967 4345 πῶς
2995 4282 3024 4334 6
3053 4281 3211 4350 ἅγιος
3240 4285 3372 4354 πρὶν
3404 4282 3439 4353 ἦ
3476 4301 3741 4353 Impera.

462 4375 810 4431 ordiuaremr
857 4373 1168 4443 episcopus,
1213 4373 1476 4426 hactenus
1527 4370 1801 4425 exsistens
1842 4369 2034 4436 laicus,

2146 4374 2373 4445 νηθῆναι
2406 4374 2742 4439 ἐπίσκοπον,
2799 4372 2881 4427 ἔτι
2913 4373 3100 4438 λαῖκδς
3137 4374 3250 4439 ὢν,
3284 4376 3378 4430 καὶ
3413 4378 3543 4448 μηδ’
3584 4380 3739 4445 ὅλως

469 4480 535 4521 ac
566 4479 690 4519 cum
726 4463 929 4517 nullum
969 4464 1148 4516 adhuc
1187 4463 1515 4532 suscepisset
1549 4461 1817 4525 ordinem,
1845 4474 2036 4515 cruces

455 4556 674 4628 ligneas
706 4553 1003 4611 iabricans,
1060 4572 1122 4607 ae
1170 4568 1264 4621 per
1295 4569 1384 4608 eas
1432 4553 1704 4607 Armenia:
1755 4551 1895 4605 idola
1943 4553 2038 4607 de-

463 4663 717 4713 struens,
760 4647 1063 4717 fugansque
1100 4657 1404 4710 daemones;
1441 4661 1579 4716 quas
1626 4659 1817 4699 cruces
1863 4644 2038 4700 adhuc

454 4738 635 4801 laicus
670 4744 941 4798 exsisteus
976 4736 1369 4802 fabricaverat,
1410 4737 1464 4792 iu
1505 4738 1707 4808 quibus
1753 4752 1926 4808 neque
1960 4736 2039 4790 te-

461 4846 615 4895 cerat
652 4834 949 4897 sacriﬁcia,
984 4847 1047 4887 ac
1075 4845 1212 4902 quas
1252 4830 1476 4884 minime
1507 4831 1759 4900 precibus
1790 4832 2033 4887 sanctiﬁ—

459 4939 662 4995 casset,
697 4942 796 4983 nec
826 4940 1060 4997 prorsus
1088 4925 1366 4989 tinxisset,
1412 4923 1718 4979 adorationi
1762 4924 2036 4994 expositas

456 5034 724 5087 Statuetts,
752 5033 941 5074 omnes
981 5018 1166 5073 docuit
1206 5016 1475 5080 venerari,
1517 5026 1681 5086 atque
1706 5017 1774 5071 ad
1807 5031 1901 5071 eas
1951 5031 2036 5070 re-

458 5132 702 5182 currere,
729 5131 791 5170 ac
814 5117 914 5169 sub
948 5114 1079 5183 ipsis
1116 5112 1282 5167 Deum
1313 5112 1739 5182 omttipOIentent
1766 5112 2036 5166 adorare?

456 5212 824 5279 Quamobrem
859 5207 1207 5277 perspicuum
1248 5216 1363 5272 est,
1406 5222 1527 5262 esse
1576 5207 1799 5261 omnino
1829 5207 2034 5261 alienos

456 5325 485 5359 a
523 5314 716 5359 sancto
742 5299 1033 5369 Gregorio,
1070 5301 1296 5370 ejusque
1333 5300 1581 5354 doctrina
1617 5314 1679 5353 ac
1718 5298 2029 5365 traditione,

454 5412 618 5465 quem
656 5396 821 5465 etiam
855 5391 1027 5447 hostis
1068 5392 1190 5446 loco
1231 5392 1516 5457 habentes,
1556 5407 1652 5446 nec
1681 5390 1798 5460 ejus
1829 5407 2033 5445 memo-

454 5490 590 5543 riam
632 5456 898 5553 ret-urunt,
940 5501 1040 5540 nec
1072 5484 1268 5540 festum
1298 5484 1601 5552 celebrant,
1637 5499 1737 5541 nec
1761 5484 2030 5554 jejunium

449 5584 569 5651 ejus
598 5578 914 5652 przcdic'aut,
940 5596 1041 5638 nec
1069 5582 1124 5638 in
1166 5580 1285 5651 ejus
1326 5580 1673 5638 solemnitate
1701 5580 2028 5638 sacriﬁcium

450 5685 736 5744 peragunt.

2138 4465 2284 4535 ἔχειν
2337 4465 2696 4537 χειροτονίαν,
2750 4466 3024 4538 σταυροὺς
3085 4466 3331 4532 ξυλίνους
3388 4469 3598 4534 ποιῶν,
3659 4473 3739 4526 δι’

2138 4555 2320 4610 αὐτῶν
2357 4556 2425 4610 τὰ
2475 4556 2673 4612 εἴδωλα
2724 4557 2826 4628 τῆς
2890 4558 3186 4629 Ἀρμενίας
3236 4560 3589 4629 καταλύσας,
3634 4564 3742 4617 καὶ

2136 4651 2262 4712 τοὺς
2295 4650 2557 4721 δαίμονας
2583 4649 2871 4716 ὲκδιώξας,
2897 4650 3097 4715 αὐτοὺς
3127 4651 3255 4715 τοὺς
3294 4655 3597 4724 σταυροὺς,
3637 4654 3741 4720 οὓς

2138 4740 2219 4795 ἔτι
2250 4742 2434 4807 λαῖκὸς
2465 4741 2542 4796 ὢν
2576 4743 2880 4815 πεποίηκεν
2900 4760 2913 4774 ·
2945 4746 3003 4798 ὲν
3037 4739 3119 4808 οἷς
3145 4740 3271 4797 οὔτε
3298 4744 3497 4809 θυσίας
3527 4749 3738 4802 ἐπετέ-

2138 4835 2313 4902 λεσεν,
2341 4834 2469 4889 οὗτε
2490 4837 2549 4888 ὲν
2577 4836 2768 4907 εὐχαῖς
2797 4837 3048 4908 ἡγίασεν,
3068 4834 3192 4890 οὔτε
3222 4836 3281 4889 τὺ
3303 4837 3445 4901 ὅλως
3473 4837 3733 4911 ἔχρισεν

2139 4930 2219 4993 είς
2254 4928 2628 5001 προσκύνησιν
2672 4931 2906 5001 στήσας,
2952 4929 3201 4985 ἐδίδασκε
3244 4931 3459 4994 πάντας
3493 4934 3736 4999 τούτους

2141 5026 2486 5096 προσκυνεῖν,
2512 5022 2762 5094 καὶπρὸς
2787 5023 2985 5085 αὐτοὺς
3014 5021 3411 5090 καταφεύγειν,
3468 5027 3577 5079 καὶ
3601 5027 3735 5079 tudi-

2139 5136 2261 5172 πιον
2298 5117 2481 5171 αὐτῶν
2541 5116 2868 5185 προσκυνεῖν
2924 5116 3016 5168 τὸν
3076 5116 3505 5186 παντοκράτορα
3551 5119 3731 5184 Θεὸνς

2140 5194 2304 5263 Ὅθεν
2351 5207 2640 5280 πρόδηλον,
2689 5207 2772 5259 ὅτι
2813 5204 3094 5270 παντελῶς
3145 5206 3426 5277 ἀλλότριοί
3472 5212 3593 5265 εἰσι
3634 5214 3725 5266 τού

2139 5301 2293 5367 ἁγίου
2343 5298 2672 5371 Γρηγορίου,
2716 5298 2810 5351 καὶ
2855 5298 2955 5367 τῆς
2992 5297 3213 5369 διδαχῆς
3241 5298 3439 5365 αὐτοῦ,
3487 5304 3593 5356 καὶ
3632 5305 3727 5373 τῆς

2140 5390 2497 5463 παραδόσεως
2527 5431 2543 5457 ,
2576 5389 2634 5442 ὃν
2659 5392 2753 5442 καὶ
2785 5389 2859 5453 ὡς
2891 5388 3084 5459 ἐχθρὸν
3114 5389 3357 5459 ἔχοντες,
3403 5391 3543 5446 οὔτε
3590 5412 3723 5466 μνη-

2140 5487 2374 5556 μόσυνον
2429 5481 2595 5537 αὐτοῦ
2626 5481 2916 5545 ποιοῦσιν,
2966 5481 3091 5535 οὔτε
3144 5484 3245 5554 τὴν
3279 5486 3515 5557 μνήμην
3556 5488 3718 5541 αὐτῇ

2135 5573 2509 5647 ἑορτάζουσιν,
2542 5573 2666 5627 οὔτε
2694 5574 2948 5645 νηστείαν
2976 5576 3140 5629 αὐτοῦ
3168 5578 3567 5648 κηρύττουσιν.
3599 5580 3715 5634 οὔτε

2133 5672 2200 5742 τῇ
2237 5671 2396 5741 ἑορτῇ
2433 5668 2598 5723 αὐτοῦ
2626 5667 2817 5733 θυσίας
2843 5667 3175 5724 ἐπιτελοῦσι.
