3968 6220
1366 261 1652 323 ORATIO
1692 262 1721 321 Ι
1761 256 2063 320 CONTRA
2104 247 2521 315 ARMENIOS.
3322 312 3328 317 δ
3421 233 3560 301 1198

796 369 1195 426 ΚΕΦᾹΛΔΙΟΝ
1281 371 1381 426 1Δ¹.
1905 379 1953 434 Α

297 466 432 537 Περὶ
462 465 575 535 τῆς
594 461 930 532 σατανικῆς
947 461 1235 530 νηστείας
1267 461 1374 515 τοῦ
1405 459 1874 528 ’Λρτζηϐουριόυ.

305 265 439 336 1197

2561 357 2789 415 CAPUT
2829 357 2969 413 XIV.

2094 456 2170 510 De
2197 454 2436 509 satanico
2460 452 2689 523 jejunio,
2738 453 2876 522 quod
2924 448 3220 504 Artzeburii
3252 457 3458 503 vocant.

363 572 444 627 Ν.
495 569 700 632 Καθὼς
739 568 835 622 καὶ
869 568 928 620 ἐν
960 569 1080 629 ταῖς
1111 566 1333 628 λοιπαῖς
1371 563 1556 617 αὐτῶν
1584 561 1879 631 ψευδοεορ-

2056 562 2097 618 I.
2133 561 2599 628 Quemadmodum
2628 559 2793 613 etiam
2843 558 2895 611 in
2924 571 3111 612 eorum
3154 555 3378 625 reliquis
3408 555 3562 612 falsis

300 668 436 729 ταῖς,
462 666 559 719 καὶ
593 661 833 732 μάλιστα
855 661 935 723 εἰς
956 661 1058 729 τὴν
1083 658 1385 730 βδελυκτὴν
1412 657 1594 710 αὐτῶν
1619 655 1878 725 νηστείαν

2033 651 2450 714 llemnitatibus,
2482 664 2545 703 ac
2583 649 2853 717 praecipue
2893 648 2945 702 in
2993 646 3344 703 abominabili
3376 661 3563 701 eorum

301 761 389 814 καὶ
421 757 619 829 ἑορτὴν
640 796 655 822 ,
688 755 788 825 τὴν
817 754 1127 824 λεγομένην
1178 749 1598 821 Ἀρτζηδούρην
1625 764 1640 779 ·
1685 748 1746 801 ὃν
1786 749 1882 801 καὶ

2033 743 2191 813 junio
2229 757 2294 796 ac
2339 741 2501 805 festo,
2529 739 3047 808 quodArtzebnrem
3080 737 3374 807 appellant.
3407 753 3566 809 quem
3610 810 3616 815 ῃ

308 828 541 923 μάλιστα
570 849 646 911 ὡς
678 846 812 899 Θεὸν
845 846 894 899 οἱ
925 843 1146 906 ἀσεϐεῖς
1169 843 1374 911 τιμῶσι
1396 858 1411 872 ο
1438 843 1566 913 περὶ
1585 834 1649 894 οὗ
1669 839 1881 893 δίκαιόν

2033 834 2309 889 lmaxime
2361 833 2512 903 impii
2570 832 2816 886 homines
2868 838 2926 885 ut
2969 828 3137 885 Deum
3190 829 3442 894 adorant,
3502 832 3571 883 de

311 947 460 995 ἐστιν
488 940 678 1001 αὐτοῖς
703 935 1078 1005 διαλεχθῆναι.
1120 933 1341 1004 Ἐπειδὴ
1366 935 1432 1002 τῇ
1468 932 1745 1002 προφάσει
1787 933 1884 985 καὶ

2033 942 2094 983 uo
2125 942 2304 995 operae
2352 925 2582 995 pretium
2621 934 2706 979 est
2751 938 2875 978 eum
2922 923 3005 977 eis
3033 923 3312 991 disputare
3349 941 3363 977 :
3401 923 3572 992 siqui-

313 1034 387 1096 τῷ
437 1032 669 1100 ὀνόματι
718 1029 986 1098 Σεργίου,
1043 1025 1139 1080 τοῦ
1196 1025 1288 1079 ὑπ’
1340 1025 1523 1079 αὐτῶν
1587 1024 1883 1095 λεγομένου

2033 1036 2112 1076 em
2145 1029 2415 1090 praetextu
2465 1033 2529 1072 ac
2580 1017 2796 1071 nomine
2855 1014 3053 1086 Sergii,
3106 1030 3268 1083 quem
3323 1022 3568 1069 sanctum

312 1127 488 1194 ἁγίου,
536 1122 752 1185 πάντας
805 1118 935 1182 τοὺς
979 1118 1201 1187 ὁμοίους
1250 1117 1433 1170 αὐτῶν
1484 1118 1748 1188 ἀνοήτους
1792 1114 1888 1170 καὶ

2033 1112 2311 1183 ιόίειὶιαιιι,
2365 1124 2559 1165 omnes
2596 1110 2680 1163 eis
2718 1108 2924 1163 similes
2978 1108 3172 1161 stultos
3205 1121 3267 1160 ac
3307 1117 3571 1168 amentes.

312 1217 574 1286 ἄφρονας,
607 1198 687 1275 είς
714 1209 979 1278 τοιαύτην
1010 1207 1192 1261 αὐτῶν
1217 1205 1468 1278 κρυπτὴν
1497 1207 1715 1286 αἵρεσιν
1736 1246 1752 1268 ,
1791 1208 1889 1261 καὶ

2033 1219 2046 1257 t
2077 1202 2341 1272 ejusmodi
2386 1201 2652 1258 occultam
2685 1215 2873 1256 eorum
2907 1200 3182 1261 lueresim,
3230 1214 3295 1254 ac
3320 1215 3577 1255 exsecra-

317 1305 607 1380 βδελυκτὴν
685 1301 944 1374 νηστείαν
1009 1292 1439 1369 κατασύρουσιν.
1516 1285 1722 1352 Εἴπατε
1794 1298 1889 1352 οὖν

2033 1295 2096 1349 ile
2117 1294 2386 1366 jejunium
2430 1294 2776 1364 pertrahunt.
2808 1294 2961 1365 Rogo
2993 1309 3121 1365 ergo
3171 1308 3284 1358 vus,
3323 1292 3507 1360 dicite,
3543 1309 3579 1347 ο

314 1407 466 1475 ἡμῖν,
497 1394 543 1454 ὦ
573 1396 956 1469 παμπόνηροι.
996 1393 1081 1459 τίς
1130 1386 1290 1457 οὗτος
1344 1394 1374 1446 δ
1436 1391 1848 1464 Ἀρτξησούρης
1870 1431 1889 1457 ν

2033 1386 2241 1450 essimi,
2288 1386 2542 1456 quisnam
2574 1385 2677 1440 iste
2707 1385 2780 1440 sit
2821 1384 3171 1450 Artzebures,
3199 1399 3263 1439 ac
3290 1384 3433 1454 quod
3458 1382 3579 1454 ejus

318 1473 411 1546 διαὶ
443 1489 499 1542 τί
536 1488 595 1541 τὸ
620 1487 795 1555 ὄνομα
821 1482 988 1537 αὐτοῦ
1018 1523 1034 1548 ,
1074 1481 1171 1535 καὶ
1198 1483 1341 1547 τίνος
1370 1484 1404 1552 ἡ
1441 1482 1667 1552 νηστεία
1718 1480 1883 1551 αὕτη,

2033 1491 2213 1540 omen,
2265 1490 2329 1532 ac
2378 1474 2534 1544 cujus
2568 1475 2642 1531 sit
2684 1473 2948 1545 jejunium
2981 1475 3106 1540 hoe,
3155 1474 3311 1529 vobis
3361 1474 3577 1544 quidem

319 1580 352 1648 ἡ
389 1574 600 1647 φοϐερὰ
659 1574 759 1642 μὲν
794 1571 929 1641 παρ’
980 1573 1132 1642 ὑμῖν,
1178 1571 1443 1643 βδελυκτὴ
1479 1571 1539 1624 δέ
1574 1571 1705 1644 παρ’
1733 1572 1889 1641 ἡμῖν,

2033 1570 2357 1634 veniendum,
2414 1568 2555 1638 apud
2589 1581 2688 1623 nos
2733 1576 2915 1622 autent
2952 1582 3016 1622 ac
3049 1567 3216 1622 Deum
3257 1576 3582 1635 sanctosque

318 1675 412 1727 καὶ
448 1669 601 1740 παρὰ
629 1669 769 1739 Θεῷ,
800 1669 895 1722 καὶ⁵
921 1667 1076 1738 παρὰ
1120 1669 1257 1721 πᾶσι
1283 1671 1396 1733 τοῖς
1434 1668 1614 1736 ἁγίοις
1642 1685 1656 1735 ;
1702 1667 1925 1738 Ἡμεῖς.

2033 1673 2208 1721 mnes,
2261 1657 2668 1714 abominabile?
2713 1655 2825 1712 Nos
2854 1671 3039 1727 porro,
3095 1658 3332 1712 divinam
3363 1673 3580 1712 omnem

321 1763 400 1828 δέ,
434 1729 615 1816 πᾶσαν
644 1729 794 1813 θείαν
849 1729 1076 1831 Γραφὴν
1124 1729 1389 1821 ῐῐαλοιιᾶς⁷
1419 1729 1494 1812 τε.
1530 1729 1652 1813 καί
1678 1729 1892 1827 Καίνῆς
1920 1729 1925 1784 ἶ

2033 1751 2338 1820 cripturam
2397 1750 2766 1820 perlegentes,
2816 1749 3026 1805 Veteris
3075 1750 3280 1819 pariter
3333 1765 3397 1805 ac
3445 1748 3583 1804 Novi

327 1854 604 1925 Διαθὴκης
673 1851 1148 1920 ἀναγινώσκοντες
1176 1891 1192 1917 ,
1250 1851 1345 1904 xal.
1396 1849 1615 1920 ἔχοντες
1660 1848 1791 1911 τούς
1838 1865 1900 1900 τε

2033 1840 2364 1907 Γεειοιηεηῑί,
2416 1841 2791 1911 babentesque
2837 1850 3149 1895 sanctorum
3179 1840 3419 1896 omnium
3453 1855 3585 1908 apo-

325 1944 554 2007 κανόνας
590 1944 810 1995 πάντων
853 1941 965 1995 τῶν
1007 1940 1183 2009 ἁγίων
1239 1939 1577 2003 ἀποστόλων,
1630 1937 1722 1990 καὶ
1773 1938 1903 1999 τοῦς

323 2035 423 2102 τῆς
455 2033 676 2086 συνόδου
712 2031 946 2095 Νικαίας
981 2031 1090 2083 τῶν
1129 2037 1243 2102 τιη⁹
1273 2029 1443 2096 ἁγίων
1472 2029 1757 2099 Πατέρων,
1809 2030 1904 2082 xal.

322 2128 433 2182 τῶν
462 2125 668 2179 λοιπῶν
693 2125 869 2193 ἁγίων
902 2123 1165 2187 συνόδων,
1189 2124 1285 2176 καὶ
1318 2124 1539 2177 πάντων
1577 2122 1686 2174 τῶν
1713 2120 1905 2189 θεοφόο

2004 1931 2267 1987 stolorum
2296 1946 2557 2000 canones,
2623 1946 2833 1987 necnon
2866 1931 3097 1987 Nictenat
3135 1932 3328 2003 synodi
3376 1942 3589 1987 sancto-

2009 2037 2127 2077 rum
2165 2031 2537 2077 trecentorum
2570 2021 2755 2076 decem
2792 2034 2857 2075 ac
2906 2030 3031 2075 octo
3060 2018 3304 2083 Patrum,
3353 2032 3417 2072 ac
3468 2017 3593 2073 reli-

2005 2133 2234 2188 quarum
2270 2117 2627 2188 synodorum,
2685 2118 3040 2185 omniumque
3086 2130 3115 2167 a
3146 2113 3255 2168 Deo
3284 2112 3588 2168 amatorum

2006 2206 2252 2270 Patrum,
2280 2220 2544 2275 nusquam
2575 2204 2799 2258 omnino
2847 2204 2913 2257 de
2935 2203 3235 2257 Arlzebure
3264 2201 3589 2267 invenimus,

2001 2290 2105 2354 aut
2130 2313 2351 2360 nomen,
2383 2307 2476 2352 aut
2502 2295 2850 2351 traditionem
2881 2295 3141 2364 aliquam.

404 2396 479 2451 B'.
525 2395 637 2449 Kal.
665 2396 714 2449 oi
752 2397 852 2466 μὲν
880 2396 935 2462 ἐξ
965 2395 1149 2449 αὐτῶν
1174 2395 1430 2463 λέγουσιν
1458 2435 1474 2460 ,
1508 2395 1590 2448 ὃτι
1624 2391 1717 2447 τοῦ
1746 2392 1904 2461 ἁγίου

2084 2402 2150 2457 Il.
2185 2401 2265 2456 Ac
2290 2400 2508 2469 quidem
2556 2415 2743 2455 eorum
2775 2399 2963 2469 aliqui,
3013 2399 3185 2454 sancti
3226 2397 3402 2470 Sergii
3439 2398 3596 2452 aiunt

333 2489 564 2560 Σεργίου
604 2488 818 2560 ἐστὶνὴ
851 2488 1076 2558 νηστεία
1112 2485 1272 2559 αὕτη.
1332 2486 1495 2542 [Ιοίου
1536 2485 1803 2556 Σεργίου;
1842 2485 1907 2537 El

2033 2511 2130 2551 asse
2162 2496 2264 2549 hoc
2302 2492 2592 2564 jejunium.
2622 2491 2839 2559 Quaeso,
2879 2493 3035 2561 cujus
3065 2490 3283 2560 Sergii‘!
3317 2490 3594 2560 Siquidem

339 2581 440 2652 μὲν
488 2581 600 2652 γὰρ
653 2579 750 2633 τοῦ
800 2580 960 2648 ἁγίου
991 2580 1221 2650 Σεργίου
1256 2580 1375 2632 ἐστὶ
1423 2578 1519 2633 καλ⁸
1548 2578 1766 2649 Βάκχου
1797 2577 1909 2630 τῶν

2033 2585 2155 2639 rnim
2186 2585 2360 2638 sancti
2391 2582 2563 2654 Sergii
2593 2590 2677 2637 est
2744 2597 2808 2638 ac
2873 2581 3095 2647 Bacchi,
3127 2592 3435 2638 nostrorum
3468 2595 3598 2636 san-

234 2725 249 2740 ,
337 2671 622 2745 ἡμετέρων
655 2670 831 2740 ἁγίων
869 2670 1160 2741 Ῥωμαίων
1192 2672 1508 2743 μαρτύρων,
1540 2670 1752 2737 δείξατε
1779 2669 1911 2738 περὶ

2033 2686 2224 2730 :torum
2257 2684 2557 2747 martyrum
2589 2673 2985 2739 Romanorum,
3017 2674 3290 2731 ostendite
3322 2674 3388 2729 de
3409 2687 3598 2727 eorum

334 2765 434 2834 τῆς
468 2764 693 2835 μνήμης
724 2762 905 2817 αὐτῶν
932 2764 1027 2817 καὶ
1057 2763 1256 2834 ἐορτῆς
1282 2779 1296 2793 ”
1320 2764 1415 2817 καὶ
1449 2765 1547 2833 τῆς
1573 2763 1789 2834 ἡμέρας
1806 2764 1908 2832 τῆς

2033 2771 2278 2824 nemoria
2310 2784 2374 2823 ac
2410 2768 2773 2832 solemnitate,
2805 2782 2926 2838 quae
2955 2768 3198 2823 occurrit
3225 2768 3313 2823 die
3343 2782 3417 2821 vtt
3450 2782 3604 2822 men-

337 2856 519 2909 αὐτῶν
548 2854 832 2926 ἀθλήσεως
859 2853 955 2909 καὶ
1003 2856 1363 2920 τελειώσεως,
1407 2857 1473 2927 τῇ
1505 2855 1550 2920 ζ’
1584 2856 1770 2927 ἡμέρᾳ
1813 2854 1908 2909 τοῦ

2033 2858 2093 2914 iis
2141 2859 2415 2925 Octobris,
2469 2868 2527 2912 ut
2573 2872 2693 2912 eam
2746 2872 2841 2913 vos
2898 2856 3183 2913 celebretis
3243 2856 3599 2920 hebdomadn,

352 2948 686 3019 Ὀκτωϐρίου
746 2949 918 3019 μηνὸς
950 2948 1260 3019 ἐρχομένης
1290 2965 1303 2977 ·
1340 2948 1498 3018 ὑμεῖς
1548 2950 1615 3019 τῇ
1650 2948 1754 3019 πρὸ
1812 2950 1910 3018 τῆς

2033 2967 2135 3023 pta:
2162 2961 2246 3007 est
2276 2950 2723 3020 earnisprivium.
2776 2949 2873 3005 Sin
2904 2950 3108 3015 dicant,
3145 2964 3248 3004 non
3280 2965 3404 3004 esse
3428 2928 3606 3005 saneti

343 3040 804 3111 (45))ιρεωφὰγου
831 3038 1107 3111 ἐϐδομάδι,
1140 3038 1344 3109 ταύτην
1384 3038 1707 3093 ἐπιτελεῖτε.
1752 3038 1814 3092 Ei
1854 3036 1912 3091 δέ

2033 3045 2195 3117 Sergii
2220 3053 2274 3101 et
2303 3043 2506 3100 Bacchi
2536 3055 2835 3114 martyrum
2862 3042 3229 3097 Romanorum
3255 3082 3270 3109 ,
3302 3043 3397 3098 sed
3428 3044 3606 3097 sancti

329 2234 437 2287 ρων
472 2215 758 2286 Πατέρων,
792 2214 1047 2285 οὐδαμῶς
1081 2212 1192 2267 οὐδ’
1225 2214 1359 2277 ὅλως
1394 2213 1522 2283 περὶ
1538 2212 1633 2265 τοῦ
1673 2210 1903 2280 Ἀρτζη-

330 2307 547 2377 ϐούρου,
583 2306 709 2360 οὔτε
737 2306 932 2376 ὄνομα,
962 2304 1085 2359 οὔτε
1114 2302 1427 2376 παράδοσιν
1467 2302 1724 2375 εὕρομεν.

342 3149 531 3200 φασιν,
563 3132 645 3186 ὅτι
673 3132 773 3185 οὐκ
801 3132 953 3185 ἔστιν
981 3132 1077 3186 τοῦ
1104 3131 1267 3200 ἁγίου
1305 3132 1538 3203 Σεργίου
1577 3133 1676 3186 καὶ
1700 3132 1915 3203 Βάκχου

341 3223 448 3276 τῶν
488 3223 775 3293 Ῥωμαίων
806 3222 1102 3296 μαρτύρων
1139 3240 1154 3255 ·
1197 3223 1336 3278 ἀλλὰ
1368 3224 1528 3293 ἁγίου
1562 3223 1792 3295 Σεργίου
1821 3222 1917 3278 τοῦ

345 3319 405 3371 ἐν
441 3321 508 3389 τῇ
560 3317 824 3390 Ἀρμενίᾳ
867 3321 1354 3388 μαρτυρήσαντος·
1405 3318 1433 3368 ὁ
1483 3316 1648 3380 καλὸς
1703 3317 1922 3380 πὰντως

344 3404 500 3471 οὗτος
529 3412 557 3462 ὁ
586 3410 741 3478 ἁγιος
768 3412 796 3463 ύ
806 3410 922 3481 μῶν
944 3411 1191 3480 Σέργιος,
1221 3411 1279 3462 ἐν
1307 3411 1407 3481 μιᾷ
1429 3410 1614 3482 ἡμέρᾳ
1630 3409 1724 3464 τοῦ
1752 3410 1923 3479 μηνὸς

349 3500 724 3571 ἐτελεύτησεν,
750 3501 783 3570 ἢ
807 3501 890 3567 οὓς
923 3501 1029 3555 Ναί
1071 3514 1237 3567 φασιν
1274 3516 1293 3535 θ
1341 3503 1401 3555 ἐν
1433 3503 1533 3572 μιᾷ
1556 3501 1742 3573 ἡμέρᾳ
1766 3500 1922 3555 τοῦδε

349 3593 444 3646 τοῦ
481 3595 649 3663 μηνὸς
683 3595 777 3648 τοῦ
811 3596 1085 3666 ἡμετέρου
1116 3594 1582 3663 ἁποκεφαλισθεὶς
1610 3594 1920 3665 ἐτελειώθη.

354 3686 465 3738 Kal.
511 3689 558 3739 εἰ
604 3689 663 3741 ἐν
699 3689 799 3759 μιᾷ
841 3688 1028 3759 ἡμέρᾳ
1075 3689 1172 3742 τοῦ
1212 3689 1383 3759 μηνὸς
1432 3688 1807 3758 ἐτελεύτησεν,
1848 3688 1925 3751 ὼς

355 3781 558 3843 πάντες
597 3782 647 3833 οἱ
689 3780 856 3850 ἅγιοι,
883 3781 1025 3834 διατί
1055 3782 1117 3834 οὐ
1150 3781 1386 3834 τελεῖται
1418 3783 1450 3852 ἡ
1479 3780 1705 3851 νηστεία
1734 3778 1922 3844 αὐτοῦ,

355 3874 451 3925 καὶ
474 3873 508 3942 ἡ
542 3870 703 3942 ἑορτὴ
734 3871 832 3942 τῆς
863 3871 1199 3934 τελειώσεως
1244 3870 1410 3923 αὐτοῦ
1431 3910 1447 3936 ,
1475 3869 1570 3924 καὶ
1609 3869 1722 3939 (44)
1759 3869 1928 3939 ἀθλή-

356 3982 492 4028 σεως
534 3966 750 4036 ἡμέρας
785 3980 798 3993 ·
833 3964 973 4017 ἀλλὰ
1017 3964 1159 4018 κατὰ
1213 3962 1405 4034 καιρὸν
1431 4004 1446 4025 ,
1488 3963 1627 4032 μετὰ
1654 3963 1754 4032 τῆς
1791 3962 1928 4014 ἀπό⁴

356 4078 507 4129 κρεω
540 4058 633 4112 τοῦ
664 4058 848 4127 πάσχα
878 4059 965 4111 ἀεὶ
990 4057 1375 4128 εἰσερχόμενον
1411 4059 1505 4112 καὶ
1548 4042 1926 4129 ἐξερχόμενον.

359 4151 524 4203 Ὅθεν
555 4149 822 4219 πρόδηλόν
850 4150 999 4202 ἐστιν
1025 4191 1040 4214 ,
1074 4150 1156 4202 ὅτι
1189 4150 1288 4203 οὐκ
1317 4149 1433 4203 ἐστι
1462 4149 1556 4203 τοῦ
1596 4150 1757 4217 ἁγίου
1795 4151 1929 4221 Zep-

358 4245 479 4312 γίου
504 4244 737 4298 ἐκείνου.
775 4240 838 4296 El
863 4243 972 4313 γὰρ
1001 4237 1070 4313 ἦν
1102 4243 1259 4310 ἁγίου
1304 4242 1470 4308 τινὸς,
1519 4244 1735 4307 πάντως
1776 4247 1833 4295 ὲν
1864 4248 1932 4315 τῇ

2023 3138 2203 3209 Sergii
2250 3137 2514 3209 martyrio
2564 3138 2618 3190 in
2655 3136 2914 3190 Armenia
2960 3135 3209 3191 coronati
3263 3135 3607 3204 :praeclarus

2022 3228 2243 3283 omnino
2297 3227 2384 3281 hic
2417 3236 2644 3282 sanctus
2667 3239 2849 3281 vester
2898 3226 3145 3297 Sergius,
3210 3241 3318 3280 una
3374 3227 3609 3295 quadam

2023 3321 2232 3376 mensis
2286 3320 2375 3375 dic
2432 3321 2589 3384 obiit,
2637 3320 2856 3374 necne?
2898 3319 3002 3385 Ita,
3047 3319 3317 3389 inquiunt,
3376 3334 3479 3372 una
3525 3321 3612 3373 die

2027 3413 2297 3483 hujusque
2326 3413 2497 3467 nostri
2533 3411 2764 3477 mensis,
2790 3412 2966 3480 capite
2999 3426 3173 3466 caesus
3202 3424 3612 3467 consummatus

2024 3504 2148 3559 fuit.
2199 3504 2353 3571 Quod
2406 3504 2450 3559 si
2501 3503 2587 3558 die
2618 3519 2724 3557 una
2757 3502 2959 3557 mensis
2988 3502 3143 3565 obiit,
3190 3510 3246 3556 ut
3295 3502 3389 3555 alii
3418 3518 3611 3559 omnes

2028 3598 2235 3665 sancti,
2290 3613 2549 3669 quorsum
2600 3597 2868 3668 jejunium
2928 3596 3069 3666 ejus,
3128 3611 3193 3650 ac
3249 3601 3611 3651 consummati

2028 3703 2172 3758 illius
2193 3702 2510 3757 solemnitas
2528 3715 2636 3755 non
2656 3701 2982 3762 celebratur,
3008 3699 3095 3755 die
3120 3701 3235 3769 ipsa
3254 3702 3569 3755 certaminis
3599 3739 3615 3761 ,

2029 3794 2124 3850 sed
2145 3809 2242 3862 pro
2263 3801 2508 3864 tempore
2523 3808 2648 3849 cum
2671 3791 2891 3848 Pascha:
2906 3793 3284 3860 carnisprivio,
3307 3794 3452 3860 quod
3475 3801 3622 3846 sem'
3710 3800 3715 3805 '

2032 3901 2129 3955 per
2179 3901 2418 3941 mensem
2480 3885 2783 3954 ingreditur
2812 3898 2874 3936 ac
2893 3882 3207 3953 egreditur?
3250 3882 3613 3948 Quamobrem

2034 3977 2380 4048 perspicuum
2421 3984 2656 4040 est,nou
2689 3990 2812 4029 esse
2871 3973 3012 4028 illius
3036 3974 3211 4029 sancti
3262 3973 3434 4042 Sergii
3471 3972 3617 4041 jeju-

2034 4066 2206 4121 nium.
2234 4064 2369 4120 Nam
2397 4066 2443 4122 si
2475 4066 2640 4136 hujus
2664 4064 2835 4120 sancti
2852 4072 3019 4128 esset,
3046 4063 3201 4133 plane
3228 4063 3615 4128 celebraretur,

2036 4172 2142 4227 qua
2175 4157 2262 4212 die
2323 4156 2426 4212 fuit
2475 4166 2909 4219 consummatus,
2965 4170 3063 4224 pro
3090 4155 3331 4208 omnium
3387 4153 3620 4208 aliorum

2037 4267 2348 4319 sanctorum
2376 4256 2603 4310 ratione.
2641 4253 2773 4320 Quei
2796 4263 2977 4307 autem
3009 4268 3130 4308 eum
3168 4252 3365 4305 nullius
3392 4252 3618 4305 alterius

359 4336 546 4406 ἡμέρᾳ
571 4334 670 4402 τῆς
695 4333 1026 4395 τελειώσεως
1046 4333 1210 4389 αὐτοῦ
1234 4333 1487 4398 ἐτελεῖτο,
1505 4333 1695 4403 ὥσπερ
1719 4335 1925 4387 πάντων

2040 4349 2237 4411 sancti,
2298 4349 2382 4403 vel
2451 4345 2717 4418 jejunium
2744 4344 3032 4415 jejunent,
3090 4346 3175 4399 vel
3221 4345 3618 4399 solemnitatem

359 4429 470 4481 τῶν
521 4427 715 4495 ἁγίων.
786 4426 922 4489 Πῶς
976 4426 1032 4479 δὲ
1093 4426 1306 4489 οὐδενὸς
1357 4426 1517 4480 ἁλλου
1575 4428 1754 4495 ἁγίου.
1806 4427 1925 4479 οὕτε

2041 4438 2344 4504 celebrent;
2387 4454 2456 4492 ne
2507 4436 2680 4491 sancti
2724 4435 2943 4505 quidem
2984 4433 3213 4490 Joannis
3236 4433 3622 4498 Przeeursoris.

359 4521 616 4591 νηστείαν
660 4519 1058 4589 νηστεύοντες,
1100 4519 1226 4572 οὔτε
1272 4518 1466 4591 ἑορτὴν
1511 4520 1887 4585 ἐπιτελοῦντες
1916 4539 1928 4552 ’

359 4612 483 4665 οὔτε
520 4611 613 4664 τοῦ
656 4611 815 4680 ἁγίου
863 4610 1117 4663 Ἰωάννου
1149 4610 1459 4683 προδρόμου
1486 4613 1582 4665 καὶ
1609 4610 1930 4681 βαπτιστοῦ,

359 4706 457 4761 τοῦ
485 4706 752 4776 ’μείζονος
785 4706 1005 4759 πάντων
1049 4707 1157 4760 τῶν
1213 4707 1386 4775 ἁγίων
1420 4725 1434 4739 ·
1468 4706 1591 4761 οὔτε
1621 4709 1730 4762 τῶν
1763 4712 1935 4780 ἁγίων

360 4798 679 4852 ἀποστόλων
710 4798 915 4866 Πέτρου
945 4796 1040 4850 καὶ
1070 4796 1284 4853 Παύλου
1315 4813 1328 4827 ·
1366 4796 1490 4851 οὔτε
1514 4799 1669 4866 ἁγίου
1687 4801 1935 4855 Ἰωάννου

361 4891 460 4943 τοῦ
503 4889 767 4958 Θεολόγου
794 4889 891 4941 καὶ
920 4888 1315 4956 εὐαγγελιστοῦ
1342 4904 1356 4920 ο
1380 4888 1412 4959 ἢ
1443 4890 1750 4959 Ματθαίου,
1775 4893 1806 4963 ἢ
1833 4894 1942 4945 τῶν

362 4982 569 5037 λοιπῶν
634 4979 952 5035 ἀποστόλων
999 4998 1015 5014 ⁸
1069 4982 1104 5053 ἢ
1169 4980 1264 5034 τοῦ
1322 4983 1478 5050 ἁγίου
1529 4985 1805 5053 Στεφάνου
1847 4986 1942 5038 τοῦ

365 5071 592 5143 πρώτου
627 5071 908 5143 μάρτυρος
941 5086 955 5100 ·
990 5070 1116 5124 οὔτε
1145 5071 1309 5125 ἄλλου
1349 5073 1498 5137 τινὸς
1532 5075 1853 5142 ἀποστόλου,
1906 5077 1940 5146 ἢ

370 5166 676 5236 προφήτου,
724 5164 897 5234 ἡτῶν
944 5164 1118 5231 ἁγίων
1170 5165 1484 5235 μαρτύρων,
1538 5169 1809 5221 τοσούτων
1845 5171 1942 5222 καὶ

368 5254 707 5324 τηλικούτων
734 5255 906 5308 ὄντων
932 5270 945 5285 ο
978 5254 1103 5307 οὔτε
1138 5256 1246 5308 τῶν
1282 5256 1456 5324 ἁγίων
1496 5258 1792 5328 μαρτύρων
1835 5260 1947 5312 'Pt-

366 5344 546 5418 ψίμης
572 5347 669 5399 καὶ
696 5346 952 5415 Γαῖὰνης,
978 5347 1087 5398 τῶν
1109 5348 1168 5399 ἐν
1215 5347 1509 5418 Ἀρμενείᾳ
1556 5351 1945 5420 μαρτυρησάν-

368 5452 482 5487 των
507 5453 520 5468 υ
548 5435 672 5489 οὔτε
709 5438 811 5490 κᾶν
835 5435 929 5488 τοῦ
959 5436 1116 5503 ἁγίου
1148 5436 1449 5506 Γρηγορίου
1484 5438 1579 5490 τοῦ
1617 5439 1943 5509 ἱερομάρτυ-

377 5544 489 5595 ρος,
516 5529 608 5581 τοῦ
653 5530 940 5598 γεγονότος
979 5529 1282 5580 ἐπισκόπου
1332 5528 1654 5599 Ἀρμενείας
1686 5545 1701 5560 ⁸
1732 5529 1806 5593 ὼς
1844 5533 1944 5584 a6-

445 5707 558 5782 (ιτ)
590 5708 732 5780 Lege
754 5708 1065 5780 anéxpswv,
1100 5709 1174 5766 uti
1202 5717 1282 5764 est
1311 5709 1450 5778 apud
1481 5708 1539 5764 s.
1564 5672 1846 5767 Niconetu.

2042 4530 2131 4601 qui
2186 4531 2428 4583 omnium
2474 4538 2788 4582 sanctorum
2843 4529 3115 4582 maximus
3181 4543 3300 4592 est;
3369 4543 3465 4582 nec
3491 4543 3622 4581 san-

2043 4630 2252 4676 ctorum
2279 4620 2641 4690 apostolorum
2667 4617 2812 4673 Petri
2840 4631 2895 4673 et
2926 4616 3112 4683 Pauli;
3137 4635 3235 4673 uec
3258 4622 3428 4674 sancti
3459 4618 3624 4674 Joan-

2044 4714 2128 4769 nis
2184 4713 2421 4779 theologi
2482 4721 2537 4766 et
2596 4711 2963 4782 evangelista,
3003 4711 3086 4764 vel
3144 4709 3379 4762 Matthaei
3411 4720 3464 4762 et
3499 4709 3622 4762 reli-

2045 4819 2273 4873 quorum
2318 4806 2727 4872 apostolorum;
2776 4813 2869 4855 aut
2925 4799 3099 4855 sancti
3148 4798 3409 4867 Stephani
3462 4800 3622 4867 primi

2050 4896 2339 4969 martyris;
2393 4912 2492 4951 nec
2548 4896 2772 4948 alterius
2827 4893 3147 4961 cujusquam
3216 4889 3468 4959 apustoli,
3528 4899 3624 4943 aut

2050 4989 2345 5058 prophetae,
2394 4997 2489 5041 aut
2539 4994 2847 5039 sanctorum
2891 4990 3214 5053 martyrum,
3254 4996 3376 5036 cum
3420 4981 3496 5034 illi
3548 4988 3625 5033 tut

2049 5092 2114 5131 ae
2175 5079 2308 5131 tanti
2364 5077 2664 5139 exsistant;
2722 5090 2822 5128 nec
2857 5083 3168 5127 sanctarum
3202 5084 3497 5143 martyrum
3531 5071 3624 5124 lti-

2050 5169 2250 5239 psimes
2275 5184 2337 5222 ae
2370 5168 2615 5235 Gajanaa,
2658 5182 2778 5235 qua:
2814 5166 3037 5220 fuerunt
3069 5174 3342 5219 coronatae
3365 5165 3626 5235 martyrio

2047 5263 2100 5315 in
2134 5261 2390 5315 Armenia
2424 5275 2438 5312 :
2473 5272 2538 5312 ac
2582 5274 2651 5313 ne
2687 5258 2770 5313 vel
2800 5258 2975 5313 sancti
3007 5256 3256 5328 Gregorii
3288 5259 3431 5314 sacri
3482 5273 3626 5311 mar-

2048 5352 2202 5422 tyris,
2239 5351 2328 5421 qui
2357 5350 2629 5405 Armeniae
2656 5351 2946 5420 episcopus
2980 5352 3228 5417 exstitit;
3281 5350 3357 5404 uti
3392 5351 3466 5404 rei
3509 5349 3626 5419 ipsa

2045 5443 2379 5513 experientia
2435 5444 2590 5497 testis
2643 5452 2745 5508 est,
2806 5453 2867 5496 ut
2925 5457 3082 5497 nemo
3146 5452 3392 5497 nostrmn
3451 5442 3626 5496 sancti

2042 5534 2287 5604 Gregorii
2346 5535 2399 5587 in
2452 5519 2854 5588 Armenia'vel
2907 5534 3173 5605 jejunium
3236 5532 3486 5598 audierit,
3543 5533 3626 5587 vel

2038 5738 2041 5741 -
2133 5713 2243 5787 (Η)
2273 5714 2432 5771 Forte
2457 5717 2523 5785 τῇ
2548 5716 2667 5771 ἀθλ,
2701 5717 2903 5783 ἡμέρᾳ.
