3968 6220
332 318 468 385 1201

1383 329 1669 391 ORATIO
1714 332 1738 391 Ι
1780 333 2075 396 CONTRA
2116 333 2528 398 ARMENIOS.

3464 338 3602 400 12.2

331 438 701 510 βαπτισθῆναι
738 440 843 494 ὑπὸ
876 442 972 496 τοῦ
998 443 1156 513 ἁγίου
1185 444 1516 518 Γρηγορίου.
1569 452 1695 505 Ὀτι
1719 452 1777 505 δὲ
1810 454 1907 508 καὶ

2041 455 2180 520 torio
2227 452 2552 524 haptizanda
2580 462 2747 508 esset.
2778 452 2947 509 Porro
2978 459 3036 507 ut
3090 453 3193 509 hoc
3244 469 3479 525 quoque,
3526 465 3603 519 υτ

327 531 490 585 τοῦτο
536 530 820 599 ψεύδονται
862 532 939 598 ὡς
966 535 1062 589 καὶ
1097 537 1165 591 τά
1205 537 1386 601 λοιπὰ,
1433 542 1805 614 ἀποδείξωμεν
1849 546 1915 598 ὲκ

329 623 442 675 τῶν
480 622 630 675 ἰδίων
660 622 827 676 αὑτοῦ
862 624 1113 694 βιϐλίων.
1147 628 1261 697 Πρὸ
1303 631 1402 700 μὲν
1440 633 1550 703 γὰρ
1581 634 1676 687 τοῦ
1712 636 1917 704 βαπτι-

332 710 530 780 σθῆναι
564 712 693 776 τοὺς
726 714 1048 784 Ἀρμενίους
1082 717 1188 772 ὑπὸ
1217 720 1311 773 τοῦ
1333 722 1513 790 ἁγίου,
1537 723 1915 795 ἐλαυνομένων

331 801 518 858 αὐτῶν
568 805 675 859 ὑπὸ
710 823 821 861 των
872 809 1144 879 δαιμόνων
1172 852 1189 877 ,
1244 813 1567 885 ὡρίσθησαν
1618 817 1771 888 παρὰ
1819 817 1915 872 τοῦ

335 898 496 965 ἁγίου
530 899 836 971 Γρηγορίου
867 902 1168 974 νηστεῦσαι
1193 906 1406 977 ἡμέρας
1426 909 1719 974 ἑξήκοντα.
1760 911 1917 966 Μετὰ

333 990 393 1046 δὲ
440 992 750 1047 καταλῦσαι
802 994 870 1047 τὰ
915 996 1135 1062 εἴδωλα,
1191 999 1289 1052 καὶ
1323 999 1583 1053 ἀπελθεῖν
1610 1001 1810 1065 αὐτοὺς
1860 1004 1918 1055 ὲν

337 1085 657 1157 Καισαρείᾳ
685 1086 785 1157 τῆς
847 1087 1264 1159 Καππαδοκίας,
1318 1093 1414 1146 καὶ
1469 1093 1919 1165 χειροτονηθῆναι

336 1178 645 1232 ἐπίσκοπον
678 1179 829 1248 παρὰ
876 1180 970 1233 τοῦ
1018 1181 1225 1250 ταύτης
1263 1184 1572 1254 ἀρχιερέως
1605 1201 1619 1216 ·
1656 1185 1751 1239 καὶ
1785 1185 1919 1238 ὑπο-

337 1270 576 1340 στρέψας
624 1270 788 1324 πάλιν
833 1272 862 1324 δ
911 1271 1221 1340 ἆγιος,καὶ
1264 1274 1479 1345 μέλλων
1532 1275 1726 1339 αὐτοὺς
1773 1275 1918 1346 βαπ·

335 1359 527 1427 τίζειν,
582 1363 921 1432 προσέταξεν
953 1364 1066 1434 (47)
1111 1366 1284 1430 αὐτὰς
1330 1368 1548 1439 ἡμέρας
1584 1369 1918 1440 τριάκοντα,

335 1449 412 1512 ὡς
454 1452 701 1521 ἀκριϐῶς
772 1453 1002 1524 γράφων
1050 1455 1110 1508 ἐν
1138 1457 1203 1527 τῇ
1246 1454 1415 1528 βίϐλῳ
1467 1457 1562 1511 τοῦ
1609 1456 1724 1529 βίου
1756 1456 1921 1510 αὐτοῦ

336 1541 430 1595 καί
463 1544 793 1612 μαρτυρίου.

2022 546 2254 614 reliqua,
2279 543 2564 599 mendacio
2584 544 2783 609 dicant,
2806 542 3156 599 ostendamus
3174 559 3237 599 ex
3265 559 3449 601 eorum
3469 564 3600 617 pro-

2024 642 2158 709 priis
2197 639 2373 694 libris.
2408 637 2692 707 Equidem,
2725 646 3012 706 antequam
3066 639 3308 693 Armenii
3343 654 3372 693 a
3411 655 3601 697 sancto

2022 730 2599 800 baptizarentur,cum
2666 736 2959 798 agerentur
3005 744 3037 784 a
3096 729 3449 794 daemonibus,
3483 732 3601 787 dies

2020 821 2299 891 sexaginta
2326 835 2357 874 a
2382 830 2574 874 sancto
2590 818 2853 889 Gregorio
2881 818 3419 889 jejunarejubentur.
3447 819 3605 877 Post-

2023 925 2184 980 quam
2214 918 2395 964 autem
2427 909 2785 965 dcstruxisset
2819 907 2980 973 idola,
3020 908 3089 963 ad
3122 910 3422 967 Caesaream
3462 911 3604 983 Cap.

2022 1001 2261 1073 padoeize
2291 1001 2572 1064 abiissent,
2601 1012 2853 1071 essetque
2882 999 2973 1054 ille
2997 999 3283 1057 ordinatus
3319 1005 3604 1073 episcopus

2021 1092 2090 1147 ab
2110 1090 2226 1159 ejus
2247 1091 2392 1147 sedis
2409 1090 2663 1160 pontiﬁce
2686 1106 2700 1143 :
2724 1105 2975 1145 reversus
3001 1091 3197 1146 iterum
3232 1094 3316 1146 vir
3355 1106 3601 1160 sanctus,

2022 1199 2087 1238 ac
2121 1200 2243 1240 cum
2269 1198 2383 1240 eos~
2416 1184 2788 1253 baptisaturus
2822 1191 2986 1246 esset,
3018 1182 3236 1253 triginta
3259 1183 3467 1240 dierum
3513 1188 3600 1255 je-
3638 1210 3647 1217 ·

2017 1273 2229 1344 junium
2261 1273 2480 1339 indixit,
2533 1273 2608 1326 uti
2655 1272 2708 1326 in
2744 1271 2878 1327 Vitae
2925 1271 3042 1342 ejus
3082 1286 3146 1327 ac
3188 1275 3428 1345 martyrii
3465 1278 3605 1335 libro

2032 1372 2289 1421 accurate
2321 1366 2585 1437 scripturn
2625 1363 2877 1437 legimus.

408 1663 503 1728 ΕΓ.
538 1661 649 1714 Kal
675 1659 848 1724 οὕτως
880 1664 1309 1735 ἀνατρεπόμενοι
1342 1667 1591 1735 λέγουσιν
1610 1707 1626 1731 ,
1655 1670 1738 1722 ὃτι
1768 1669 1800 1738 ἡ
1832 1684 1929 1735 νη-

2106 1662 2198 1720 νι.
2235 1664 2328 1721 Sic
2375 1667 2604 1724 ulterius
2652 1670 2888 1734 confusi,
2936 1670 3198 1742 jejunium
3235 1688 3391 1729 suum
3431 1674 3602 1744 ipsum

342 1753 494 1807 στεία
520 1754 720 1819 αὐτῶν,
755 1753 895 1822 αὕτη
923 1756 1041 1809 ἐστὶ
1074 1757 1170 1810 τοῦ
1211 1758 1448 1827 μεγάλου
1490 1760 1923 1826 Κωνσταντίνου,

341 1850 432 1902 ὅτε
463 1848 685 1919 ἔμελλεν
713 1848 817 1903 ύπδ
850 1851 1176 1924 Σιλϐἐστρου
1212 1853 1579 1925 βαπτισθῆναι
1615 1857 1673 1909 ἐν
1708 1856 1925 1928 Ῥώμη.

341 1940 468 1994 Ὀτι
494 1941 552 1994 δὲ
583 1940 677 1995 καὶ
704 1942 863 1997 τοῦτο
888 1942 1085 2012 ψευδές
1115 1945 1254 2011 ἐστι,
1286 1947 1452 2000 παντί
1485 1965 1585 2001 που
1618 1948 1778 2018 δῆλον
1800 1966 1813 1978 ·
1844 1949 1927 2001 ὃτι

334 2034 369 2086 ό
416 2032 591 2103 μέγας
634 2034 1052 2100 Κωνσταντῖνος
1103 2036 1313 2107 μέλλων
1355 2038 1616 2112 τελευτᾷν
1659 2042 1718 2093 ἐν
1766 2041 1931 2093 Νικο-

338 2125 541 2196 μηδείᾳ
577 2124 883 2196 ἐϐαπτίσθη
906 2168 920 2190 ,
958 2126 1053 2181 καὶ
1089 2129 1339 2201 παρευθὺ
1378 2131 1672 2187 ἀπέθανεν.
1710 2131 1775 2186 Ei
1811 2134 1869 2186 δὲ
1901 2135 1930 2186 ό

340 2216 456 2280 υίὸς
487 2215 582 2269 τοῦ
627 2217 865 2287 μεγάλου
908 2220 1356 2283 Κωνσταντίνου,
1391 2223 1644 2286 κάκεῖνος
1685 2223 1932 2277 ἐκαλεῖτο

340 2307 517 2376 μέγας
538 2347 555 2373 ,
580 2306 677 2361 καὶ
705 2307 904 2378 ἀληθὲς
926 2304 997 2380 ἦν
1023 2310 1214 2377 τοῦτο,
1240 2311 1379 2382 ὅπερ
1407 2312 1506 2364 οὐκ
1535 2312 1683 2366 ἐστι’
1716 2311 1767 2365 τί
1796 2313 1932 2384 πρὸς

339 2399 466 2453 δλον
498 2399 591 2454 τὸν
624 2401 831 2472 κόσμον
851 2443 866 2468 ,
901 2402 952 2455 εί
986 2401 1095 2474 πρὸ
1128 2403 1469 2458 ὀκτακοσίων
1504 2405 1644 2458 ἐτῶν
1679 2404 1934 2475 βασιλεὺς

342 2492 556 2562 μέλλων
594 2491 961 2564 βαπτισθῆναι
1000 2494 1367 2565 νενήστευκες
1407 2496 1517 2549 Καὶ
1554 2495 1670 2560 πῶς
1709 2498 1738 2550 ό
1769 2496 1933 2562 αὐτὸς

336 2584 701 2655 Σίιλὸεστρος,
733 2586 972 2656 ἀρχηγὸς
1005 2584 1080 2639 ὢν
1112 2587 1209 2657 τῆς
1242 2589 1302 2640 ὲν
1334 2587 1543 2660 Νικαίᾳ
1579 2588 1834 2651 συνόδου,
1869 2588 1933 2642 οὺ

340 2679 662 2746 γεγράφηκε
709 2677 846 2746 μετὰ
885 2677 985 2746 τῆς
1036 2677 1289 2743 συνόδου,
1331 2677 1455 2732 οὔτε
1501 2678 1752 2735 ὲτύπωσε
1794 2682 1935 2751 μετᾶ

339 2767 454 2821 τῶν
497 2767 699 2822 λοιπῶν
741 2769 841 2838 τῆς
885 2768 1104 2823 συνόδου
1146 2771 1545 2840 παραδόσεων,
1590 2773 1686 2827 καὶ
1730 2772 1937 2845 ταύτην

338 2860 448 2930 τὴν
477 2858 736 2930 νηστείαν
763 2858 1044 2928 νηστεύειν
1072 2860 1319 2929 πάντας;
1350 2862 1507 2926 Uolo;
1530 2861 1591 2917 δὲ
1618 2865 1800 2917 κανὼν
1827 2864 1937 2918 τῶν

335 2950 682 3015 ἀποστόλων,
715 2953 751 3023 ἢ
788 2952 994 3022 ἑτέρων
1025 2952 1219 3022 ἁγίων,
1258 2954 1290 3025 ἢ
1330 2955 1586 3023 συνόδων,
1620 2958 1651 3010 ό
1685 2974 1937 3030 παρακε-

2028 1755 2206 1825 Magni
2228 1759 2569 1815 Constantini
2600 1762 2888 1830 jejunium,
2918 1778 3042 1818 cum
3080 1764 3264 1821 Romae
3287 1782 3314 1820 a
3344 1768 3607 1822 Silvestre

2032 1845 2388 1916 baptizandus
2431 1859 2597 1912 esset,
2643 1852 2846 1905 dicunt.
2874 1851 3032 1918 Quod
3083 1865 3263 1910 autem
3311 1857 3363 1910 id
3395 1872 3611 1926 quoque

2031 1938 2223 1993 falsum
2273 1942 2381 2005 sit,
2435 1942 2714 2012 perSpiwe
2764 1942 2953 2013 liquet.
3003 1944 3223 2016 Magnus
3275 1950 3419 2002 enim
3467 1948 3610 2003 Ceno

2029 2033 2325 2099 stantiuus,
2362 2051 2488 2088 cum
2553 2038 2711 2090 morti
2754 2036 3034 2105 proximus
3068 2046 3231 2103 esset,
3285 2038 3612 2094 Nicomediae

2031 2125 2337 2195 baptizatus
2367 2126 2484 2188 fuit.
2516 2142 2578 2181 ac
2606 2128 2788 2183 statim
2816 2129 2961 2184 diem
2989 2130 3144 2185 obiit.
3172 2131 3325 2197 Quod
3352 2134 3396 2185 si
3429 2132 3607 2200 Magni

2030 2216 2369 2272 Constantini
2432 2218 2594 2283 illius,
2648 2221 2764 2289 ipse
2792 2235 3009 2291 quoque
3037 2222 3262 2293 Magnus
3295 2222 3605 2293 appellaba-

2034 2320 2140 2375 tur,
2171 2326 2363 2381 resque
2386 2327 2515 2367 vera
2550 2311 2672 2377 fuit,
2699 2314 2840 2382 quod
2864 2315 3004 2368 absit
3033 2331 3048 2370 :
3083 2314 3212 2383 quid
3244 2315 3309 2368 ad
3345 2314 3613 2370 mundum

2032 2403 2369 2470 universum,
2403 2413 2460 2457 ut
2512 2413 2639 2460 ante
2689 2420 2861 2461 annos
2909 2407 3251 2477 octingentos
3311 2407 3611 2477 imperator

2024 2492 2390 2562 baptizandus
2412 2494 2781 2565 jejuuaverit?
2806 2496 2938 2563 Quei
2972 2511 3102 2551 vero
3132 2497 3271 2551 idem
3309 2495 3609 2568 Sylvester,

2035 2598 2156 2639 cum
2211 2582 2442 2641 Nicaeum
2489 2586 2678 2657 synodi
2735 2602 2933 2655 prmses
2984 2596 3148 2651 esset,
3190 2588 3611 2658 haudquaquam

2035 2689 2159 2729 cum
2189 2676 2416 2746 synodo,
2465 2691 2529 2730 ac
2555 2692 2676 2731 cum
2713 2677 2935 2746 reliquis
2965 2662 3157 2748 synodi
3212 2678 3612 2742 traditionibus,

2032 2765 2298 2837 jejunium
2346 2769 2447 2822 hoc
2481 2768 2550 2823 ab
2578 2769 2834 2823 omnibus
2859 2770 3066 2824 servari
3097 2769 3416 2825 constituit?
3444 2769 3611 2837 Quis-

2039 2875 2162 2916 nam
2185 2874 2313 2915 νει-ο
2334 2861 2699 2926 apostolorum
2724 2877 2920 2925 canon,
2945 2861 3246 2916 aliorumve
3275 2872 3610 2926 sanctorum,

2040 2963 2132 3008 aut
2168 2952 2523 3024 synodorum,
2584 2952 2656 3006 ita
2714 2951 2868 3020 jubet
2918 2959 2977 3006 ut
3023 2947 3457 3022 quotiescunque
3511 2954 3616 3007 im-

339 3043 664 3114 λευόμενος,
685 3016 787 3109 ὅτι,
810 3016 1001 3109 ὁσάκις
1025 3016 1087 3110 ἐξ
1113 3016 1387 3119 Ἑλλήνων
1412 3016 1669 3118 βασιλεὺς
1694 3016 1779 3114 είς
1801 3049 1936 3121 Χρι-

2042 3054 2259 3113 perator
2305 3060 2335 3099 a
2391 3042 2672 3114 gentilium
2729 3056 2916 3096 errore
2974 3055 3266 3097 conversus
3323 3041 3483 3097 fuerit
3544 3043 3614 3098 ad

341 3135 669 3206 στιανισμὺν
704 3136 1009 3208 ἐπιστρέψῃ
1050 3137 1147 3191 καὶ
1192 3137 1363 3211 μέλλῃ
1400 3137 1803 3211 βαπτισθῆναι,
1842 3158 1939 3213 νη-

343 3228 575 3282 στεῦσαι
609 3229 924 3300 παραυτίκα
959 3229 1060 3301 τὴν
1098 3230 1353 3300 νηστείαν
1388 3231 1484 3285 τοῦ
1525 3234 1937 3303 κατηχουμένου

343 3320 616 3391 βασιλέως
646 3319 968 3387 τυπωθῆναι
989 3361 1004 3385 ,
1041 3322 1134 3375 καὶ
1169 3321 1538 3390 φυλάττεσθαι
1573 3324 1681 3376 ύπδ
1714 3325 1808 3377 τοῦ
1845 3327 1938 3382 κό-

342 3430 492 3484 σμου
525 3413 727 3479 παντὸς
755 3413 865 3475 ἓως
895 3411 993 3467 τοῦ
1024 3414 1248 3481 αίῶνος;

425 3530 499 3583 Ζ’.
534 3529 645 3583 Kal
669 3527 1000 3595 δειξάτωσαν
1024 3530 1159 3600 ἡμῖν
1189 3531 1242 3583 τί
1274 3529 1333 3585 τὸ
1363 3529 1536 3602 ὄνομα
1561 3532 1661 3602 τῆς
1690 3533 1942 3604 νηστείας

342 3618 593 3690 ταύτηςς
627 3620 791 3674 Αὐτοὶ
822 3620 879 3673 δὲ
914 3620 1323 3693 Ἀρτζηϐούρην
1354 3623 1602 3693 λέγουσιν
1626 3640 1644 3655 ο
1691 3627 1851 3696 ἡμεῖς
1885 3626 1943 3678 δὲ

342 3712 411 3765 τὸ
460 3713 655 3784 μιαρὸν
696 3712 876 3768 αὐτῶν
912 3714 1083 3785 ὄνομα
1125 3714 1384 3768 οὐδέποτε
1427 3715 1683 3788 εὕρομεν.
1725 3717 1849 3780 Πῶς
1888 3718 1943 3771 δὲ

341 3804 455 3867 τὰς
503 3804 837 3877 παραδόσεις
887 3806 1088 3870 πάσας,
1137 3806 1231 3861 καὶ
1272 3808 1341 3862 τὰ
1386 3808 1632 3879 δόγματα
1670 3807 1780 3863 τῶν
1811 3810 1947 3865 Ῥω-

350 3896 539 3970 μαίων
562 3896 1057 3966 ἁναθεματίζοντες
1084 3899 1180 3951 καὶ
1206 3899 1642 3970 ἀπαρνούμενοι,
1673 3901 1839 3970 μόνον
1862 3902 1947 3954 λε-

343 3990 588 4062 γόμενον
618 3992 1029 4065 Ἀρτζηὸούρην
1061 3994 1394 4064 φυλάττουσι
1420 4011 1435 4059 ;
1468 3992 1564 4056 Τίς
1597 3991 1690 4046 οὖν
1719 3994 1782 4045 οὐ
1816 4010 1946 4045 συν-

2037 3135 2539 3198 Cbristiauismum,
2579 3148 2643 3187 ac
2678 3132 2925 3187 debuerit
2954 3130 3242 3203 baptizari,
3269 3132 3452 3187 statim
3481 3147 3617 3202 pras-

2040 3227 2351 3293 scribatur,
2409 3235 2467 3278 ut
2533 3223 2881 3294 imperatoris
2928 3222 3300 3278 catechumeni
3350 3220 3623 3293 jejunium

2041 3318 2108 3372 ab
2134 3316 2388 3371 universo
2421 3321 2622 3369 mundo
2652 3315 2898 3369 solemne
2922 3314 2976 3368 in
3002 3324 3320 3384 perpetuum
3356 3316 3619 3372 habeatur

2042 3420 2206 3480 atque
2228 3419 2473 3465 servetur
2488 3410 2516 3463 ’ί

2115 3521 2230 3579 Vl‘l'.
2262 3520 2565 3579 Ostendam
2608 3535 2737 3578 vero
2765 3519 2898 3593 quid
2934 3519 3169 3577 nominis
3220 3520 3364 3577 illius
3403 3520 3616 3593 jejunii.

2044 3615 2152 3686 Ipsi
2197 3629 2357 3686 porro
2403 3614 2757 3669 Artzelmrem
2816 3612 3039 3677 dicunt;
3077 3627 3178 3667 nos
3232 3622 3435 3676 autem,
3490 3628 3620 3667 nus-

2046 3723 2207 3778 quam
2272 3705 2605 3761 exsecrabile
2638 3705 2851 3758 illorum
2897 3719 3097 3757 nomen
3121 3704 3447 3758 invenimus.
3485 3703 3633 3771 Quei.

2048 3814 2213 3866 vero,
2271 3812 2459 3852 omnes
2512 3796 2881 3851 Romanorum
2941 3793 3256 3849 traditiones
3312 3803 3476 3863 atque
3525 3795 3624 3850 do-

2048 3905 2231 3965 gmata
2289 3894 2631 3948 anathemate
2696 3889 3061 3954 damnantes,
3126 3895 3289 3955 atque
3341 3896 3622 3959 negantes,

2046 3986 2310 4058 jejunium
2376 3982 2577 4039 dictum
2637 3980 2995 4035 Artzeburem
3057 3979 3414 4035 custodiunt?
3488 3977 3622 4045 Quis

339 4084 458 4154 ορᾷ
497 4082 596 4156 τὴν
639 4085 979 4156 πανουργίαν
1027 4085 1124 4138 καὶ
1168 4078 1464 4155 ὑπόκρισιν
1506 4083 1616 4137 τῶν
1662 4084 1936 4156 θεομάχωι.

2050 4092 2204 4148 ergo,
2251 4076 2342 4131 Dei
2390 4074 2822 4128 adversariorum
2868 4072 3249 4127 Armeniorum
3280 4070 3530 4125 astutiam
3560 4084 3625 4124 ac

359 4176 695 4246 Ἀρμενίων,
722 4177 826 4243 δτι,
855 4177 944 4231 διὰ
972 4178 1035 4230 τὸ
1067 4176 1341 4244 πλανῆσαι
1370 4176 1497 4240 τοὺς
1524 4175 1948 4255 ἀφελεστέρους,

342 4271 455 4327 καὶ
492 4272 575 4334 είς
609 4272 707 4342 τὴν
744 4271 958 4325 ἑαυτῶν
994 4269 1209 4341 αἵρεσιν
1246 4270 1512 4337 πατάξαι,
1551 4269 1729 4323 ταῦτα
1771 4268 1950 4322 πάντα

2053 4171 2447 4228 simulationem
2492 4182 2597 4222 non
2663 4166 2971 4237 perspiciat,
3028 4174 3088 4219 ut
3137 4165 3255 4220 haec
3309 4163 3382 4217 illi
3441 4163 3622 4218 outnia

2056 4264 2386 4319 mentiantur
2411 4269 2574 4329 atque
2619 4258 2955 4325 contingant,
2987 4272 3096 4327 quo
3126 4254 3483 4325 simpliciores
3539 4270 3626 4310 se-

350 4360 719 4431 μυθολογοῦσι
754 4361 848 4415 καὶ
880 4360 1208 4425 πλάττουσι;
1242 4360 1339 4423 Τίς
1371 4360 1465 4413 οὖν
1492 4361 1583 4413 διὰ
1611 4360 1709 4429 τῆς
1744 4358 1936 4432 πολλῆς

2053 4355 2276 4421 ducant,
2342 4355 2759 4424 pertrahantque
2809 4349 2863 4403 in
2924 4363 3077 4404 suam
3141 4346 3433 4402 haeresim?
3491 4345 3625 4413 Quis

347 4454 539 4511 αὐτῶν
570 4454 897 4523 ὲναλλαγῆς,
930 4453 1028 4507 καὶ
1059 4453 1168 4508 τῶν
1198 4453 1475 4523 διαφόρων
1504 4453 1805 4524 ὀνομάτων,
1840 4454 1949 4506 τῶν

350 4544 494 4611 παρ’
518 4544 698 4606 αὐτοῖς
735 4542 1153 4610 πλαττομένων,
1185 4541 1246 4593 οὐ
1281 4542 1395 4594 νοεῖ
1429 4540 1504 4610 μὴ
1533 4534 1674 4592 εἶναι
1700 4538 1792 4591 τὸν
1827 4539 1950 4610 ’Δρ-

350 4632 669 4705 τζηδούρην
691 4635 826 4697 ὅλως
851 4634 1149 4703 παράδοσιν
1171 4630 1536 4703 Χριστιανῶν,
1562 4630 1594 4701 ἢ
1622 4627 1779 4698 ἁγίου
1804 4631 1951 4693 τινὸς

349 4728 656 4796 νηστείαν,
694 4725 829 4779 ἀλλὰ
862 4726 1076 4795 αἳρεσιν
1109 4723 1383 4795 μεγάλην,
1419 4724 1514 4775 καὶ
1551 4723 1754 4791 σφόδρα
1788 4720 1950 4792 φοϐε-

352 4817 465 4889 ρὰν
500 4818 649 4889 παρὰ
678 4820 792 4880 τοῖς
828 4817 1126 4885 αίρετικοτς
1163 4813 1458 4885 ἐριστικῶς
1494 4811 1816 4866 ὲκτεθεῖσαν
1851 4812 1948 4864 καὶ

352 4909 749 4980 ὲπινοηθεῖσαν
798 4910 935 4979 πρὸς
994 4907 1335 4978 ἀποσχισμὸν
1388 4906 1484 4959 καὶ
1530 4904 1797 4971 διαίρεσιν
1848 4902 1949 4972 τῆς

352 5002 473 5057 τῶν
508 5001 795 5071 Ῥωμαίων
829 4999 1136 5071 ὀρθοδοξίας
1161 5014 1180 5033 ο
1215 4998 1281 5052 δι’
1315 4990 1376 5053 οὗ
1414 4995 1546 5068 (ιε)
1569 4996 1745 5050 πάντα
1780 4993 1950 5048 σπεύ-

354 5099 517 5151 δουσι
549 5097 881 5164 καταγαγεῖν
913 5096 993 5158 είς
1023 5092 1084 5148 τό
1112 5095 1210 5165 τῆς
1241 5092 1449 5147 ἑαυτῶν
1478 5089 1734 5152 ἀσεϐείας
1770 5088 1945 5158 βάρα-

356 5189 530 5259 θρον;
561 5189 622 5241 Εί
650 5187 744 5241 οὖν
769 5188 863 5242 τοῦ
897 5186 1124 5257 Σεργίου
1159 5187 1275 5238 ἐστὶ
1302 5185 1397 5238 τοῦ
1433 5183 1711 5255 μάρτυρος
1741 5180 1882 5251 αὕτη
1913 5182 1947 5252 ἡ

355 5280 591 5351 νηστεία
610 5321 624 5345 ,
658 5281 822 5352 (καὶ)
853 5282 974 5351 οὺχὶ
1005 5278 1098 5333 τοῦ
1134 5277 1536 5349 Ἀρτζηδούρου
1561 5317 1576 5342 ,
1604 5277 1679 5338 ὡς
1711 5276 1902 5343 λέγετε
1932 5290 1946 5308 ⁸

363 5376 487 5440 (καὶ
517 5376 565 5427 εί
593 5374 1039 5448 ’Δρτζηὸούρου,)
1069 5373 1187 5436 πῶς
1211 5373 1304 5426 τοῦ
1336 5372 1505 5442 Ἀδάμ
1538 5371 1697 5425 πάλιν
1721 5370 1948 5438 λέγετες

363 5466 481 5519 Καὶ
510 5466 557 5518 εί
584 5464 675 5518 τοῦ
707 5465 877 5535 Ἀδάμ
906 5467 1041 5528 ἐστι,
1070 5463 1187 5527 πῶς
1215 5463 1311 5534 τῆς
1340 5461 1528 5517 Νινευῒ
1558 5462 1811 5530 ὲγένετο;
1840 5462 1952 5515 Καὶ

362 5559 420 5610 εί
452 5557 551 5627 τῆς
583 5559 773 5611 Νινευῖ
807 5558 924 5611 ἐστι
944 5600 958 5624 ,
990 5559 1108 5620 πῶς
1138 5557 1239 5627 τῆς
1272 5555 1382 5610 τῶν
1418 5555 1720 5627 Ἀρμενίων
1753 5553 1952 5623 βαπτί-

366 5666 514 5714 σεως
556 5650 780 5719 γέγονε;
828 5651 940 5705 Καὶ
985 5652 1035 5704 εί
1080 5650 1188 5704 τῶν
1221 5649 1524 5721 Ἀρμενίων
1567 5642 1949 5718 [βαπτίσεως,]

445 5796 557 5868 (l7)
599 5794 756 5851 Deest
789 5794 1102 5867 νηστεύειν.

2054 4461 2181 4518 ergo
2212 4461 2278 4501 ex
2332 4459 2521 4501 eorum
2571 4442 2735 4496 nmlta
2774 4441 2865 4497 illa
2915 4440 3239 4505 variatione,
3286 4455 3351 4495 ac
3396 4438 3626 4494 diversis

2054 4538 2388 4603 neruinibus,
2442 4551 2566 4606 quae
2620 4534 2959 4603 conﬁngunt,
3013 4548 3122 4587 non
3158 4532 3443 4601 intelligat,
3493 4530 3626 4585 nihil

2050 4631 2296 4695 omnino,
2328 4642 2492 4698 quem
2548 4629 2733 4682 dicunt
2769 4626 3144 4691 Artzeburem,
3192 4624 3623 4679 Christianorum

2051 4720 2401 4776 traditionem
2433 4733 2572 4785 esse,
2606 4717 2910 4781 auttullius
2957 4715 3131 4769 sancti
3179 4714 3489 4783 jejunium;
3533 4711 3625 4764 sed

2055 4829 2301 4885 magnam
2338 4813 2626 4874 haeresim,
2660 4824 2723 4864 ac
2755 4806 3047 4863 terribilem
3083 4803 3257 4867 valde,
3289 4802 3627 4857 contentiose

2053 4906 2122 4960 ab
2152 4905 2423 4961 haereticis
2460 4902 2759 4973 expositam
2791 4914 2854 4953 ac
2883 4897 3256 4956 adinventam,
3286 4894 3351 4948 ad
3385 4892 3622 4949 sehisma

2055 5011 2119 5051 ac
2143 4994 2462 5051 divisionem
2518 5010 2548 5048 a
2592 4999 2736 5046 recta
2784 4987 3149 5043 Romanorum
3203 4984 3306 5041 tide
3364 4984 3625 5039 inducen-

2053 5091 2179 5145 dam
2209 5108 2221 5143 :
2255 5089 2408 5157 cujus
2434 5081 2761 5140 adminiculo
2790 5082 2841 5135 iu
2882 5094 3069 5134 eorum
3118 5079 3417 5150 impietatis
3460 5077 3624 5131 hara-

2059 5183 2239 5239 thrum
2313 5192 2502 5235 omnes
2560 5175 2844 5229 detrahere
2904 5170 3272 5229 contendunt?
3346 5169 3624 5238 Siquidem

2055 5273 2221 5344 igitur
2239 5270 2499 5341 jejunium
2528 5265 2701 5336 Sergii
2739 5267 2998 5334 martyris
3021 5274 3125 5327 est,
3153 5277 3259 5318 non
3288 5261 3622 5319 Artzeburis.

2056 5366 2135 5420 nti
2160 5364 2343 5418 dicitis
2368 5377 2382 5413 :
2416 5374 2478 5412 ac
2505 5358 2773 5426 siquidem
2800 5364 2884 5411 est
2915 5354 3247 5418 Artzeburis,
3275 5353 3398 5422 quei
3429 5351 3625 5405 iterum

2055 5459 2238 5514 dicitis
2266 5470 2387 5511 esse
2424 5450 2655 5507 Adami?
2700 5451 2779 5506 Ac
2824 5450 3089 5520 siquidem
3122 5446 3311 5501 Adami
3343 5451 3448 5511 est,
3500 5444 3626 5514 q-uei

2056 5552 2253 5606 iterum
2287 5546 2487 5600 laetum
2512 5552 2596 5597 est
2626 5540 2871 5596 Ninivze?
2896 5541 2974 5594 Ac
3004 5537 3269 5608 siquidem
3292 5545 3375 5590 est
3399 5532 3625 5597 Ninivau,

2057 5640 2179 5712 quei
2210 5636 2411 5692 factum
2454 5644 2538 5689 est
2569 5632 2821 5701 baptismi
2867 5626 3290 5684 Armeniorum?
3332 5624 3405 5680 Ac
3454 5623 3625 5692 siqui-

2132 5780 2243 5853 (iS)
2278 5778 2436 5835 l’ortc
2465 5794 2503 5828 π
2521 5779 2697 5838 ἑνταςο
