3968 6220
531 335 677 401 1203

1615 337 1866 398 ISAACI
1908 332 2284 395 ARMENME
2315 335 2721 398 CATHOLICI

3565 349 3672 416 120i
3684 342 3689 347 ’

521 453 648 511 dem
699 464 783 511 est
839 454 1094 524 baptismi
1141 454 1543 521 Armeniorum,
1594 458 1718 525 quei
1772 454 1965 509 iterum
2017 453 2088 505 inn

2128 456 2171 509 Α
2206 452 2320 516 πῶς
2360 455 2518 509 πάλιν
2559 458 2642 519 είς
2673 456 2895 528 Ῥώμην
2932 458 3144 532 εὑρέθη,
3188 460 3276 514 καὶ
3310 464 3400 534 τῆς
3435 462 3674 534 βαπτίσεως

518 556 742 600 ventum
798 553 879 599 est
930 543 1134 609 Romae,
1188 560 1252 599 ac
1306 545 1559 615 baptismi
1607 543 1948 599 Constantini
2009 542 2093 597 el-

519 639 720 693 fectum
737 638 761 690 ?

597 728 726 782 VIII.
755 729 1184 784 Audiantomnia
1210 730 1324 785 haec
1350 730 1635 799 impiorum
1658 728 1789 782 falsa
1817 728 2089 798 ﬁgmenta,

521 821 641 875 falsi
673 822 909 876 nominis
936 820 1234 876 Christiani
1268 838 1333 878 ac
1384 822 1521 877 falso
1566 821 1860 876 existimati
1905 822 2093 874 ortho-

520 912 667 977 doxi,
716 913 807 981 qtti
857 928 979 967 cum
1039 914 1330 976 haereticis,
1392 915 1535 968 hunc
1574 912 1770 965 animis
1800 910 2090 965 exitiosum

516 1005 873 1059 Artzehurem
905 1003 1071 1058 alacri
1102 1005 1283 1058 animo
1298 1004 1566 1074 jejunant,
1598 1018 1662 1057 ac
1687 1018 1874 1057 eorum
1908 1002 2089 1056 dolum

518 1097 759 1165 cogitent
792 1138 809 1162 ,
848 1106 907 1151 ut
936 1097 1190 1151 nimirum
1221 1096 1616 1152 exsecrandum
1649 1096 1919 1163 quoddam
1946 1093 2090 1162 ejus-

514 1187 661 1242 modi
699 1189 770 1242 sit
798 1188 1011 1242 illorum
1047 1188 1330 1257 jejunium.
1356 1187 1562 1256 Nempe
1593 1187 1815 1256 Sergius
1844 1185 2086 1255 quidam,

514 1280 900 1334 Armeniorum
955 1280 1177 1334 heresis
1226 1279 1505 1350 magister,
1557 1294 1746 1333 canem
1782 1277 1978 1332 haheat
2009 1277 2091 1332 sic

515 1369 845 1439 appellatum
894 1371 1268 1424 Artzehurem.
1326 1368 1495 1423 Porro
1547 1383 1611 1423 ea
1671 1383 1794 1432 vox,
1844 1382 2090 1434 pravum-

517 1463 652 1514 tium
704 1460 1064 1531 signiﬁcabat.
1108 1459 1373 1515 Utehatur
1433 1474 1806 1530 saepenumero
1864 1457 2088 1528 Sergius

514 1570 582 1611 eo
612 1556 875 1611 adventus
934 1556 1120 1611 nuntio
1158 1571 1222 1609 ac
1258 1555 1580 1617 iudicatore,
1633 1554 1877 1607 daemone
1913 1552 2083 1621 ipsum

515 1659 731 1718 agente,
772 1663 896 1704 cum
948 1649 1002 1702 in
1048 1648 1305 1717 oppidum
1338 1646 1576 1717 aliquod,
1627 1656 1722 1699 aut
1760 1646 1970 1708 urbem,
2003 1644 2086 1699 vel

512 1739 692 1794 locum
734 1750 989 1795 venturus
1021 1750 1184 1805 esset,
1227 1740 1315 1794 ubi
1357 1739 1477 1808 ejus
1516 1736 1791 1813 discipuli,
1852 1752 1915 1790 ac
1973 1738 2082 1789 hae-

513 1832 655 1887 resis
702 1831 888 1886 inlecti
938 1831 1029 1885 lue
1083 1830 1437 1885 habitarent:
1481 1844 1717 1897 cumque
1771 1827 1844 1881 illi
1902 1841 2092 1881 canem

513 1922 817 1987 vidissent,
873 1923 1132 1991 postridie
1187 1924 1254 1976 ad
1315 1922 1520 1991 aliquot
1569 1920 1822 1976 milliaria
1876 1921 2091 1974 obviam

518 2012 780 2082 magistro
838 2010 991 2067 ell'usi
1050 2013 1436 2080 procedebant.
1492 2012 1664 2066 Porro
1718 2010 1983 2080 contigit,
2036 2019 2094 2063 ut

514 2105 670 2158 canis
721 2103 1044 2172 quandoque.
1097 2104 1332 2159 emissus
1383 2103 1450 2157 ad
1498 2102 1715 2158 solitum
1774 2117 2002 2165 tnunus,
2060 2117 2089 2154 a

506 2193 643 2263 'lupo
675 2193 1085 2261 ,devoraretur;
1136 2194 1299 2264 inque
1340 2194 1634 2249 crastinum
1677 2191 1954 2261 profectus
2009 2200 2094 2246 est

516 2284 764 2356 Sergius,
793 2300 904 2357 quo
937 2302 1130 2341 canem
1162 2287 1486 2342 destinarat.
1525 2286 1659 2340 Cum
1691 2295 1870 2340 autem
1911 2300 2090 2349 nemo,

515 2378 594 2431 uti
648 2379 732 2431 lex
760 2387 904 2442 erat,
936 2378 1151 2432 obviam
1200 2378 1575 2447 processisset,
1625 2377 1865 2445 graviter
1922 2376 2088 2430 tulit:

512 2469 846 2539 veniensque
876 2470 943 2523 ad
988 2483 1103 2534 eos,
1142 2469 1230 2524 ubi
1265 2468 1516 2540 cognovit
1541 2467 1661 2538 ejus
1699 2482 2088 2537 praecursorem

514 2559 771 2615 catellum
802 2560 1026 2615 minime
1056 2560 1367 2627 advenisse,
1397 2560 1549 2614 misit
1576 2561 1668 2629 qui
1693 2574 1817 2616 eum
1848 2560 2090 2627 require-

512 2660 639 2709 rent
689 2668 702 2704 :
757 2666 933 2721 exque
968 2651 1203 2708 inventis
1229 2652 1467 2715 ossibus,
1516 2666 1545 2704 a
1592 2651 1719 2722 lupo
1769 2651 2088 2706 devoratum

514 2759 871 2815 cognoscens,
902 2744 1178 2800 Armeniis
1209 2744 1465 2800 omnibus
1505 2744 1776 2813 praecepit,
1818 2752 1875 2797 ut
1914 2753 2086 2799 statu-

513 2839 588 2893 tis
614 2838 908 2908 quotannis
933 2838 1141 2900 diebus,
1167 2852 1264 2906 pro
1297 2838 1413 2904 ejus
1439 2848 1612 2892 morte
1647 2835 1978 2906 jejunareut,
2023 2852 2090 2891 ac

512 2934 700 2989 tristes
753 2934 957 2989 luctum
1019 2945 1273 3004 agerent,
1336 2935 1498 3004 idque
1550 2934 1739 3004 jejuuii
1797 2934 2104 3003 appellavit-

510 3028 898 3082 Artzeburem.
951 3027 1296 3082 Detestentur
1327 3026 1440 3080 haec
1487 3035 1542 3079 et
1587 3027 1963 3091 adversentur,
1993 3027 2084 3095 qui

2205 547 2617 600 Κωνσταντίνου
2653 546 2872 616 ἐγένετο
2892 563 2907 613 ;

2272 727 2353 779 H'.
2386 726 2757 781 Ἁκουέτωσαν
2779 727 2955 781 ταῦτα
2979 730 3153 784 πάντα
3172 730 3580 804 ψευδοπλὼματα
3598 739 3678 792 τῶν

2199 819 2443 885 ἀσεόὦν,
2472 823 2520 873 οἱ
2553 820 2932 893 ψευδόχριστοι
2961 824 3054 877 καὶ
3083 823 3460 893 ψευδορθόδοξοι
3479 866 3492 889 ,
3517 829 3558 880 οἱ
3581 829 3676 882 τοῦ·

2196 929 2288 967 τον
2319 913 2410 967 τὸν
2438 912 2782 984 ψυχοφθόρον
2815 915 3218 986 ’Δρτζηϐούρην
3251 916 3379 986 μετὰ
3404 919 3498 972 τῶν
3522 922 3678 988 αἱρετι-

2199 1005 2310 1058 κῶν
2350 1006 2650 1077 προθύμως
2692 1006 2819 1078 (49)
2864 1008 3152 1079 νοήσαντες
3174 1024 3190 1040 ο
3227 1009 3317 1061 καὶ
3354 1011 3586 1080 νοήτωσαν
3612 1012 3678 1063 τὸν

2195 1096 2346 1151 δόλον
2380 1097 2557 1151 αὐτῶν
2585 1115 2599 1128 ·
2631 1099 2714 1152 ὅτι
2757 1098 2993 1170 βδελυρά
3024 1099 3109 1162 τίς
3141 1101 3284 1152 ἐστιν
3314 1101 3345 1168 ὴ
3373 1100 3561 1170 τοιαύτη
3585 1101 3675 1153 τού-

2195 1206 2303 1243 των
2329 1191 2585 1255 νηστεία·
2617 1192 2700 1244 ὅτι
2730 1191 2955 1260 Σέργιός
2981 1208 3088 1256 τις,
3116 1190 3411 1253 διδάσκαλος
3429 1190 3675 1260 τῆςἋρμε-

2196 1282 2354 1351 νικῆς
2398 1282 2664 1352 αἱρέσεως
2708 1284 3041 1353 γενόμενος,
3094 1279 3203 1352 εἶχε
3252 1284 3378 1337 κύνα
3418 1283 3674 1352 καλούμενον

2194 1373 2337 1426 οὕτω
2366 1373 2794 1445 Ἀρτζηὸούρην.
2830 1375 2991 1445 Δηλοῖ
3027 1376 3084 1428 δὲ
3122 1376 3154 1444 ἡ
3192 1374 3327 1438 λέξις
3355 1375 3435 1426 τὸν
3465 1372 3674 1442 προμηνὺ-

2193 1483 2343 1537 τορα.
2386 1450 2827 1537 Τούτῳλμηνυτῇ
2870 1467 2965 1519 καὶ
3006 1466 3298 1536 σημάντορι
3332 1466 3419 1532 τῆς
3454 1464 3671 1533 ἐπιδημίας

2193 1555 2358 1610 αὐτοῦ
2405 1556 2662 1619 πολλάκις
2699 1557 2727 1609 ό
2766 1558 2993 1627 Σέργιος
3028 1557 3287 1626 ἐκέχρητο
3324 1556 3457 1625 παρὰ
3487 1554 3672 1621 δαίμονος

2193 1648 2606 1718 ὲνεργουμένῳ,
2640 1647 2848 1718 μέλλων
2879 1647 3014 1721 [δὲ]
3046 1646 3369 1717 ὲπιδημῆσαί
3394 1663 3486 1699 τινι
3505 1644 3587 1699 τῶν
3608 1662 3671 1696 το-

2192 1740 2434 1810 λιχνίων,
2464 1740 2496 1811 ἢ
2525 1741 2752 1810 κωμῶν,
2778 1739 2811 1811 ἦ
2839 1740 3081 1811 χωρίων,
3116 1741 3172 1792 ὲν
3199 1733 3275 1801 οἷς
3299 1737 3459 1808 ᾠκουν
3480 1736 3669 1805 μαθηταὶ,

2200 1835 2293 1888 καὶ
2325 1834 2541 1903 μέτοχοι
2566 1834 2662 1903 τῆς
2696 1833 2874 1904 λύμης
2906 1833 3075 1886 αὑτοῦ
3094 1847 3107 1861 ·
3136 1833 3229 1885 καὶ
3253 1832 3335 1884 ὅτε
3359 1830 3438 1884 τὸν
3460 1829 3566 1882 κύνα
3583 1828 3668 1881 τοῦ·

2194 1940 2287 1976 τον
2321 1919 2495 1988 εἶδον,
2531 1924 2809 1993 ἐξεχέοντο
2846 1923 2988 1995 μετὰ
3029 1924 3159 1992 μίαν
3194 1924 3394 1994 ἡμέραν
3424 1920 3510 1990 πρὸ
3537 1919 3668 1989 μιλίων

2192 2012 2354 2066 τινῶν
2388 2016 2467 2074 εἰς
2507 2013 2811 2081 ἀπάντησιν
2849 2012 2944 2065 τοῦ
2983 2012 3323 2068 διδασκάλου.
3358 2008 3476 2063 Ποτὲ
3505 2007 3548 2061 δὲ
3576 2008 3665 2075 πρὸς

2193 2106 2290 2176 τὴν
2338 2106 2544 2176 συνήθη
2594 2105 2943 2176 λειτουργίαν
2986 2105 3015 2156 ό
3070 2104 3213 2158 κύων
3254 2102 3565 2171 ἐκπεμφθεὶς,
3591 2096 3658 2149 ὑπὸ

2193 2195 2374 2250 λύκων
2426 2196 2641 2267 ἐϐρώθη
2671 2212 2687 2227 ο
2743 2197 2840 2248 καὶ
2895 2195 3041 2264 μετὰ
3092 2196 3190 2265 τὴν
3243 2191 3477 2247 ἐπιοῦσαν
3520 2189 3661 2258 ἡμέραν

2193 2289 2441 2344 ἐϐάδισεν
2471 2290 2498 2341 ὁ
2533 2289 2755 2358 Σέργιος
2791 2290 2877 2356 ἐφ’
2903 2284 2985 2350 οἷς
3021 2285 3309 2340 ἀπέστειλε
3337 2284 3416 2336 τὸν
3442 2282 3563 2334 κύνα.
3586 2280 3664 2347 Μηα

2192 2383 2342 2445 δενὸς
2383 2381 2441 2435 δὲ
2480 2382 2622 2434 κατᾶ
2655 2380 2750 2433 τὸν
2783 2382 2954 2433 τύπον
2988 2378 3505 2449 προϋπαντήσαντος,
3528 2371 3664 2424 ἐδεικν-

2192 2475 2406 2543 πάθησε
2430 2490 2445 2504 ·
2484 2473 2577 2526 καὶ
2608 2471 2956 2541 ἐπιδημήσας
2986 2472 3205 2534 αὐτοῖς,
3237 2466 3405 2535 ἐπειδὴ
3433 2463 3663 2534 μεμάθηκεν

2192 2564 2273 2617 ὃτι
2303 2563 2363 2615 οὐ
2397 2562 2732 2632 παρεγένετο
2763 2562 2898 2633 πρὸς
2927 2563 3131 2625 αὐτοὺς
3161 2564 3189 2615 ό
3220 2561 3486 2631 πρόδρομος
3509 2553 3664 2609 nimii

2193 2656 2341 2708 κύων
2360 2693 2374 2716 ,
2405 2652 2651 2724 ἐπεμψεν
2680 2656 2761 2717 εἰς
2794 2653 3137 2724 ἀναζήτησιν
3165 2651 3324 2708 αὑτοῦ
3346 2671 3357 2685 ·
3388 2653 3467 2704 καὶ
3488 2647 3661 2716 διαγνοὺς

2191 2747 2354 2802 αὐτὸν
2397 2748 2505 2800 ἀπο
2549 2746 2646 2816 τῆς
2688 2745 2795 2799 τῶν
2843 2746 3054 2800 ὀστέων
3098 2747 3375 2817 εὑρέσεως,
3412 2741 3662 2809 λυκόϐρωτα*

2190 2841 2475 2910 γεγονότα,
2506 2838 2811 2911 προσέταξε
2842 2841 2978 2894 πᾶσι
3009 2842 3128 2903 τοῖς
3161 2838 3440 2910 Ἀρμενίοις
3461 2833 3660 2902 νηστεύειν

2192 2934 2334 3005 ὑπὲρ
2368 2933 2468 3003 τῆς
2507 2932 2764 3002 τελευτῆς
2807 2931 2994 2996 αὐτοῦ,
3039 2932 3135 2985 καὶ
3175 2930 3447 3000 κατηφιᾷν,
3478 2926 3549 2980 καὶ
3573 2938 3659 2976 mo

2191 3025 2506 3097 θρωπάζειν
2553 3024 2638 3094 ἐφ’
2667 3025 2904 3095 ἡμέραις
2950 3023 3286 3095 ὡρισμέναις
3327 3016 3656 3075 κατ’ὲνιαυτόν’

513 3116 718 3171 idcirco
792 3116 939 3186 quod
976 3118 1048 3170 sit
1090 3131 1284 3186 magna
1318 3131 1386 3170 ac
1419 3116 1754 3170 exsecranda
1822 3118 2080 3181 haeresis,

2114 3133 2156 3190 ο
2191 3121 2285 3173 καὶ
2327 3118 2427 3190 τὴν
2468 3116 2728 3188 νηστείαν
2767 3117 2973 3188 ταύτην
3011 3116 3401 3188 ’Δρτζηϐούρην
3433 3110 3655 3179 ὠνόμασαν.

514 3221 638 3260 eam
672 3208 806 3261 adeo
851 3205 1093 3277 pessimi,
1143 3219 1201 3260 se
1238 3203 1585 3275 magniﬁcare
1622 3202 1842 3258 videant
1890 3205 2087 3260 intelli-

514 3308 775 3367 gantque.

584 3581 682 3634 IX.
716 3582 913 3649 Quaeso
937 3597 1068 3651 ergo
1097 3598 1211 3648 vos,
1242 3598 1276 3638 o
1316 3586 1582 3652 Armenii,
1624 3585 1716 3656 qui
1751 3600 1939 3641 revera
1974 3584 2084 3640 dte-

513 3687 734 3727 monum
762 3686 957 3727 currus
977 3674 1130 3738 estis,
1165 3675 1451 3745 impiorum
1481 3676 1877 3747 Acephalorum
1921 3678 2085 3734 disci-

515 3763 626 3833 puli
658 3778 671 3814 :
703 3760 953 3818 Christus
981 3762 1070 3818 Dei
1095 3763 1288 3829 Filius,
1318 3765 1620 3820 mendaxne
1641 3767 1871 3830 videtur,
1898 3769 2090 3823 necne?

514 3854 667 3920 Quod
701 3855 748 3909 si
787 3853 969 3910 dicant
1001 3869 1107 3909 non
1138 3870 1259 3910 esse
1292 3856 1605 3911 mendacem
1628 3873 1643 3910 :
1670 3857 1817 3926 atqui
1839 3858 2089 3913 Christus

511 3944 627 4013 ipse
680 3942 817 3998 dixit
861 3944 1022 3998 Petro
1071 3960 1086 3995 :
1152 3943 1229 3996 Tu
1280 3961 1333 3997 es
1392 3945 1600 4010 Petrus,
1648 3955 1698 4000 et
1746 3962 1905 4011 super
1951 3946 2087 4002 hanc

511 4045 717 4100 petram
764 4035 1040 4103 mdiﬁcabo
1087 4033 1379 4089 Ecclesia»:
1415 4054 1606 4102 nteant,
1648 4045 1698 4090 et
1731 4046 1898 4107 porta:
1928 4039 2087 4106 inferi

512 4145 617 4182 non
665 4128 1023 4198 praevalebunt
1053 4130 1304 4182 adversus
1346 4144 1462 4182 eam
1485 4128 1552 4194 ³³,
1601 4127 1650 4182 id
1686 4138 1793 4195 εει,
1829 4128 2085 4185 haereses.

513 4217 648 4285 Quoi
682 4220 861 4288 itaque
880 4218 1416 4286 blasphemedicitis,
1443 4218 1741 4274 Ecclesiam
1766 4219 2085 4275 catholicam

512 4321 570 4364 et
624 4310 976 4381 apostolicam
1026 4310 1230 4379 lapsam
1287 4310 1341 4363 in
1400 4310 1669 4376 haeresim,
1724 4311 1970 4377 periisse,
2025 4325 2089 4365 ac

514 4402 789 4458 Christum
849 4402 1162 4458 mendacem
1216 4401 1429 4466 Iacitis,
1473 4403 1762 4470 .diceutes,
1819 4402 2089 4459 Romanos

2194 3208 2690 3265 BosluxrdoOmsav
2713 3209 2889 3263 ταῦτα
2921 3209 3018 3263 καὶ
3054 3197 3659 3277 ἁποστραςρήτωσαν,όρῶν·

2194 3320 2287 3366 τες
2316 3303 2412 3357 καὶ
2439 3302 2691 3366 νοοῦντες
2715 3302 2829 3364 ὅτι,
2860 3301 2950 3355 διὰ
2979 3300 3044 3354 τὸ
3075 3297 3213 3354 εἶναι
3241 3298 3395 3368 αὐτὴν
3418 3294 3577 3364 αἵρεσιν
3595 3302 3657 3359 μ·

2192 3395 2367 3464 γάλην
2392 3395 2487 3447 καὶ
2518 3392 2799 3464 βδελυρὰν,
2826 3392 2915 3445 διὰ
2939 3392 3104 3446 τοῦτο
3132 3391 3297 3453 οὕτως
3323 3387 3469 3457 αὐτὴν
3494 3378 3653 3453 μεγαλύι

2194 3501 2376 3537 νουσιν
2405 3484 2456 3538 οἱ
2489 3483 2861 3555 παμπόνηροι.

2264 3573 2343 3631 θ’.
2374 3575 2809 3647 Ἐρωτάσθωσαν
2850 3570 2944 3630 οὖν
2984 3576 3037 3629 οἱ
3076 3578 3356 3649 Ἀρμένιοι,
3397 3568 3566 3641 ἀληθῶς
3594 3562 3656 3633 ἆρ’

2197 3687 2345 3742 ματα
2387 3669 2497 3723 τῶν
2546 3669 2817 3739 δαιμόνων
2869 3669 3229 3741 ὑπάρχοντες,
3274 3669 3320 3722 oI
3366 3661 3558 3736 μαθηταὶ
3588 3654 3658 3742 τῶν

2194 3758 2409 3813 ἀσεϐῶν
2443 3758 2797 3827 Ἀκεφάλωνσ
2836 3757 2895 3812 '0
2943 3759 3187 3830 Χριστὸς
3234 3760 3261 3812 ό
3309 3758 3421 3819 Υἱὸς
3457 3751 3531 3806 τοῦ
3568 3741 3657 3798 θεοῦ

2192 3850 2395 3923 ψευδής
2432 3849 2656 3921 ἐστιν,ἢ
2691 3848 2788 3915 οὔ;
2819 3851 2881 3903 Ei
2914 3850 2973 3903 δέ
3006 3869 3174 3921 φασιν
3203 3848 3437 3920 ’Δψευδής
3455 3847 3544 3897 ἐστι
3568 3836 3654 3908 (εθῖ

2193 3945 2289 3998 καὶ
2317 3943 2481 4007 αὐτὸς
2510 3946 2538 3998 ὁ
2568 3945 2806 4013 Χριστὸς
2842 3938 2960 3997 εἷπε
2991 3944 3071 4014 τῷ
3109 3944 3312 4014 Πέτρῳ,
3348 3943 3418 3995 ὅτι
3444 3937 3512 3993 Σὺ
3530 3928 3658 3988 silli-

2193 4054 2353 4106 τρος,
2400 4035 2499 4089 καὶ
2538 4034 2637 4089 ἐπὶ
2680 4036 2865 4105 ταύτῃ
2905 4035 2981 4105 τῇ
3018 4037 3203 4106 πέτρᾳ
3242 4029 3555 4101 vindemiam
3579 4036 3658 4091 μου

2192 4128 2310 4197 τὴν
2343 4127 2739 4196 Ἐκκλησίαν,
2783 4128 2885 4181 καὶ
2931 4129 3124 4184 πύλαι
3170 4128 3310 4196 ᾅδου
3351 4126 3414 4179 οὐ
3453 4113 3654 4183 κατισχύο

2194 4236 2421 4275 σουσιν
2457 4219 2682 4287 αὐτῆςο
2725 4220 3005 4274 τουτέστιν
3045 4223 3102 4274 αἱ
3141 4220 3396 4292 αἰρέσεις’
3433 4212 3525 4273 πῶς
3552 4206 3656 4274 ὑμεῖς

2196 4313 2602 4384 βλασφημεῖτε.
2642 4313 2726 4366 δτι
2763 4316 2797 4383 ἡ
2840 4313 3107 4385 καθολικὴ
3152 4315 3245 4368 καὶ
3282 4304 3553 4369 diros-coituri)
3577 4299 3656 4353 '57.-

2194 4404 2394 4475 κλησία
2427 4406 2507 4465 εἰς
2536 4404 2753 4476 αἵρεσιν
2784 4404 2894 4476 (51)
2927 4405 3222 4476 πέμπουσα
3254 4400 3487 4460 ἀπώλετο,
3510 4391 3655 4449 καὶτὸν

512 4508 704 4548 omnes
766 4492 821 4546 in
878 4492 1153 4547 interitum
1213 4493 1330 4555 ire.
1382 4508 1587 4563 vosque
1637 4494 1781 4549 solos
1829 4493 2079 4562 consequi

2117 4486 2168 4546 D
2194 4497 2427 4569 Χριστὸν
2465 4497 2710 4568 ψεύστην
2749 4498 2992 4552 δείκνυτε
3035 4498 3407 4567 λέγοντες,.ὅτι
3443 4492 3596 4547 Πάντες
3621 4478 3654 4534 θί

511 4584 780 4640 salutem?
847 4582 1126 4649 Quomodo
1196 4582 1482 4648 Christus,
1566 4600 1631 4639 ne
1695 4592 1754 4638 ut
1822 4583 2086 4653 Propheta

512 4675 729 4743 quidem
764 4689 922 4729 verax
974 4672 1094 4738 fuit,
1127 4673 1218 4728 sed
1251 4673 1507 4728 mentitus
1531 4716 1548 4741 ,
1576 4672 1875 4729 Ecclesiam
1927 4689 2083 4728 suam

511 4766 860 4838 apostolicam
913 4766 965 4820 in
999 4766 1246 4821 haeresim
1279 4765 1483 4834 prolabi
1524 4765 1763 4835 reliquit,
1795 4780 1954 4834 quam
1992 4778 2089 4833 per

509 4862 735 4918 Petrum
773 4872 828 4917 et
855 4860 1080 4914 Paulum
1112 4874 1177 4914 ac
1226 4856 1490 4915 Joannem
1546 4858 1899 4928 Tlteologum,
1959 4857 2086 4913 reli-

512 4969 758 5024 quosque
789 4952 1061 5023 apostolos
1118 4967 1247 5008 suos
1300 4950 1578 5006 fundatam
1607 4950 1937 5005 aedificavit?
1965 4966 2086 5005 om-

510 5061 718 5117 nesque
784 5046 1098 5114 pontiﬁces,
1159 5058 1540 5109 successores,
1611 5058 1673 5096 ac
1728 5040 2088 5110 conlessores,

509 5137 869 5209 discipulique
928 5136 1067 5190 Petri
1107 5146 1159 5191 et
1199 5135 1373 5201 Pauli,
1412 5134 1639 5190 Joannis
1689 5134 1941 5205 theologi,
1978 5136 2088 5189 An-

510 5238 676 5297 dreae,
708 5231 964 5300 Philippi,
996 5240 1307 5285 sanctorum
1345 5229 1712 5299 apostolorum
1737 5270 1750 5292 ,
1788 5227 1965 5292 Luem,
2022 5245 2085 5283 ac

510 5324 772 5390 Matthzei,
804 5330 858 5379 et
889 5321 1059 5376 Marci
1084 5321 1536 5392 evangelistarutn
1557 5362 1572 5388 ,
1603 5336 1667 5376 ac
1695 5319 1878 5375 Jacobi
1903 5321 2085 5376 fratris

511 5416 745 5481 Domini,
767 5414 1003 5471 haeretici
1034 5412 1161 5468 facti
1191 5413 1243 5467 in
1281 5412 1476 5466 malam
1502 5428 1612 5469 rem
1640 5412 1859 5478 abeunt,
1890 5427 2083 5484 nempe

582 5576 625 5606 ³³
646 5574 831 5630 Matth.
864 5592 997 5640 xm,
1027 5574 1111 5638 I6.

586 5708 699 5770 (ιν)
728 5709 873 5778 Lege
904 5711 1323 5776 νηστεύσαντες,
1358 5726 1449 5765 seu
1495 5708 1873 5778 νηστεύοντες.

585 5778 698 5848 (50)
726 5777 864 5847 Lege
892 5780 1002 5831 ναί.

2205 4590 2468 4660 Ῥωμαῖοι
2502 4592 2583 4653 είς
2616 4590 2897 4645 ἀπώλειαν
2934 4592 3285 4662 ἀπέρχονται,
3317 4589 3455 4658 ἡμεῖς
3482 4584 3525 4636 δὲ
3549 4577 3655 4649 μόνοι

2192 4679 2518 4750 σωζόμεθας
2549 4681 2672 4745 Πῶς
2702 4681 2757 4735 δὲ
2784 4684 2813 4736 ό
2843 4684 3077 4753 Χριστὸς
3096 4725 3111 4748 ,
3142 4681 3259 4736 οὔτε
3289 4681 3427 4735 κᾶνό
3451 4672 3655 4746 φροφήτης

2190 4772 2515 4845 ἠλήθευσεν,
2544 4773 2684 4827 ἀλλὰ
2711 4773 2957 4844 ψεύστης
2987 4775 3246 4845 γεγονὼς,
3273 4774 3361 4845 τὴν
3387 4764 3545 4826 ἑαυτοῦ
3563 4764 3653 4813 ἁπι-

2194 4864 2449 4937 στολικὴν
2480 4866 2809 4938 Ἐκκλησίαν
2847 4869 2928 4931 είς
2968 4870 3180 4940 αἵρεσιν
3218 4867 3391 4920 πεσεῖν
3425 4856 3652 4914 κατέλιπεν,

2191 4956 2260 5027 ἦν
2289 4955 2379 5010 διὰ
2415 4957 2620 5028 Πέτρου
2656 4961 2749 5013 καὶ
2784 4959 3028 5025 Παύλου,
3053 4960 3149 5014 καὶ
3184 4958 3407 5014 Ἰωάννου
3433 4943 3652 5005 τοῦθεολὸο

2193 5064 2291 5116 γου
2312 5087 2327 5110 ,
2361 5049 2455 5102 καὶ
2483 5050 2592 5102 τῶν
2620 5049 2826 5104 λοιπῶν
2855 5052 3021 5105 αὐτοῦ
3050 5050 3378 5111 ἀποστόλων,
3408 5036 3652 5112 θεμελιώσιῖ

2192 5139 2582 5210 ἀνῳκοδόμησε
2606 5156 2621 5171 ο
2665 5140 2761 5193 καὶ
2803 5143 3006 5204 πάντες
3040 5144 3088 5195 οἱ
3126 5139 3386 5210 ἀρχιερεῖς
3418 5135 3457 5185 οἱ
3489 5126 3650 5189 διάδοκσί

2190 5230 2285 5285 καὶ
2320 5209 2598 5300 σύνθρονοι
2632 5234 2727 5286 καὶ
2764 5233 3006 5305 μαθηταὶ
3039 5209 3241 5303 Πέτρου
3273 5209 3359 5283 καὶ
3386 5222 3570 5279 Παύλου,
3592 5209 3651 5265 καὶ

2201 5320 2451 5375 Ἰωάννου
2478 5321 2572 5375 τοῦ
2604 5323 2891 5390 Θεολόγου,
2918 5325 3012 5377 καὶ
3039 5321 3304 5393 Ἀνδρέου,
3333 5316 3414 5370 καὶ
3440 5310 3646 5393 Φιλίππου)

2186 5416 2293 5468 τῶν
2335 5414 2507 5483 ἁγίων
2552 5384 2864 5469 ἀποστόλων
2878 5384 2902 5446 ’⁸
2954 5416 3132 5471 Δουκᾶ
3164 5384 3259 5468 ’καὶ
3298 5384 3646 5465 Mtr.s01l0t.t,1ut

2264 5709 2375 5781 (5|)
2413 5710 2574 5768 Forte
2605 5711 2869 5766 πεσοῦσα.
