3968 6220
271 386 294 449 1
305 386 414 450 205

1336 396 1621 458 ORATIO
1663 398 1687 456 Ι
1730 398 2029 459 CONTRA
2067 399 2481 461 ARMENIOS.

3296 458 3309 471 κ
3396 390 3532 457 1205

266 501 498 568 Μαρκοι.
533 500 644 553 τῶν
675 500 1113 571 εὐαγγελιστῶν,
1149 507 1242 561 καὶ
1276 509 1535 562 Ίακὼϐου
1568 509 1663 563 τοῦ
1699 510 1852 563 ἀδελ-

1961 511 2188 565 Romani
2223 513 2386 566 totius
2406 504 2645 565 Orientis
2666 524 2728 564 ac
2749 506 3082 573 Occidentis,
3105 506 3318 577 cognati
3343 520 3533 562 omnes

268 588 466 657 φοθέου
486 631 502 656 ,
536 593 805 661 αίρετικοὶ
844 596 1130 667 γενόμενοι
1164 599 1245 663 εἰς
1278 599 1557 653 ἀπώλειαν
1590 602 1860 672 ἀπέρχονο

265 701 395 749 ται,
427 686 627 750 οἵτινές
666 689 806 742 εἰσιν
841 691 891 742 οί
926 690 1188 762 Ῥωμαῖοι
1213 710 1227 724 ·
1265 694 1321 746 οἴ
1348 712 1409 747 τε
1440 698 1538 765 τῆς
1572 695 1859 764 ’Δνατολῆς

268 777 366 830 καὶ
407 777 507 847 τῆς
551 778 770 843 Δύσεως
813 781 1019 853 πάσης,
1065 785 1114 837 oi
1166 789 1452 853 συγγενεῖς
1502 786 1704 849 πάντες
1748 786 1859 838 τῶν

267 869 442 937 ἁγίων
468 872 767 942 μαρτύρων
794 875 888 927 καὶ
918 876 1084 930 ὁσίων
1107 893 1121 907 ·
1149 881 1199 932 oi
1224 877 1282 932 δὲ
1311 878 1557 949 μαθηταὶ
1583 877 1858 948 Εὐτυχοῦς

1959 615 2255 674 martyrum
2290 619 2353 657 ac
2390 612 2744 667 sanctorum;
2796 599 3112 672 Eutychetis
3154 608 3333 654 autem
3366 598 3529 652 disci-

1957 695 2064 765 puli
2102 706 2157 750 et
2203 695 2465 760 Dioscuri,
2511 693 2781 748 Timothei
2834 692 3033 758 Ᾰῐιιιιί,
3077 690 3222 746 Petri
3265 690 3528 754 Fullonis,

1956 802 2021 842 ac
2047 785 2272 853 Iuliani,
2304 787 2457 857 impii
2488 802 2551 841 ac
2576 786 2789 857 profani
2816 784 3080 851 Armenii,
3114 793 3174 839 ut
3201 799 3299 839 vos
3328 783 3530 838 Christi

1955 878 2253 934 adversarii
2295 878 2596 949 ttttgamini,
2646 876 2971 931 salvantur?

268 964 366 1017 καὶ
396 965 690 1034 Διοσκόρου
709 1007 724 1029 ,
758 967 1028 1038 Τιμοθέου
1059 971 1155 1025 τοῦ
1182 971 1450 1044 Αίλούρου
1470 1014 1485 1040 ,
1514 973 1611 1028 καὶ
1642 972 1852 1044 Πέτρου
1892 973 1988 1027 τοῦ
2022 974 2289 1043 Κναφέως
2308 1016 2323 1041 ,
2355 973 2451 1026 καὶ
2485 972 2776 1026 Ἰουλιανοῦ
2798 1012 2813 1036 ,
2845 972 2894 1025 oi
2926 970 3146 1032 ἀσεϐεῖς
3187 973 3284 1025 καὶ
3322 968 3529 1023 ἀνόσιοι

281 1058 557 1129 Ἀρμένιοι
585 1058 874 1126 σώζονται,
901 1062 978 1124 ὡς
1002 1062 1162 1133 ὑμεῖς
1185 1066 1236 1118 oi
1263 1066 1624 1137 χριστομάχοι
1651 1065 1982 1135 φλυαρεϊτε;
2962 1064 2967 1067 ’

336 1145 397 1203 ι’.
436 1148 501 1202 Ei
535 1147 627 1201 οὖν
655 1149 684 1201 ὁ
708 1148 844 1212 Θεὸς
869 1153 981 1214 τοῖς
1015 1152 1392 1224 ὑπερηφάνοις
1422 1155 1806 1210 ἀντιτάσσεται
1830 1193 1845 1218 ,

265 1242 545 1303 ταπεινοῖς
575 1240 632 1294 δὲ
656 1240 844 1294 δίδωσι
875 1242 1036 1314 χάριν
1054 1260 1067 1274 ·
1099 1244 1219 1308 πῶς
1242 1244 1343 1316 τὴν
1369 1246 1566 1301 ἑαυτοῦ
1598 1247 1757 1319 χάριν
1786 1247 1849 1300 ἐκ

260 1334 379 1388 τῶν
407 1333 682 1388 ταπεινῶν
714 1337 778 1407 τῇ
817 1336 1017 1408 καρδίᾳ
1044 1338 1370 1409 Ῥωμαίων,
1402 1341 1497 1395 καὶ
1530 1340 1751 1411 πραέων
1779 1342 1846 1411 τῇ

264 1428 415 1499 ψυχῇ
449 1429 743 1497 ἀφείλατο,
778 1429 874 1500 τὴν
905 1429 1116 1484 τελείαν
1147 1431 1477 1499 θεογνωσίαν
1507 1433 1602 1487 καὶ
1632 1432 1847 1504 δρθοδοο

268 1520 387 1583 ξίαν
413 1536 427 1550 ο
458 1519 659 1573 δέδωκε
687 1520 744 1573 δὲ
772 1521 872 1591 τὴν
901 1522 1095 1576 ἑαυτοῦ
1123 1523 1284 1594 χάριν
1310 1523 1406 1578 καὶ
1431 1524 1712 1578 εὐσέϐειαν
1737 1528 1845 1587 τοῖς

268 1613 406 1683 σκλη
418 1613 772 1685 ροτραχήλοις
808 1616 896 1668 καὶ
927 1615 1166 1685 ἀπηνέσι
1193 1615 1292 1687 τὴν
1320 1615 1521 1688 ψυχὴν,
1552 1617 1647 1672 καὶ
1677 1618 1848 1688 ὑπερ-

260 1705 499 1775 ηφάνοις
523 1708 589 1775 τῇ
618 1706 814 1777 καρδίᾳ
840 1707 1150 1777 Ἀρμενίοις
1167 1725 1182 1773 ;
1202 1708 1328 1761 Ὅτι
1355 1710 1464 1780 γάρ
1492 1707 1644 1779 παρὰ
1670 1708 1848 1761 πάντα

264 1799 338 1853 τὰ
376 1797 504 1869 ἔθνη
550 1798 898 1870 σκληρότεροι
944 1801 1037 1854 καὶ
1082 1801 1448 1871 ὑπερήφανοι,
1485 1802 1756 1866 κενόδοξοί
1786 1818 1847 1853 τε

268 1890 366 1944 καὶ
411 1890 573 1961 ὠμοί,
623 1890 715 1945 καὶ
762 1893 993 1962 ἀπηνεῖς
1038 1893 1398 1964 ὑπάρχουσιν,
1446 1894 1588 1949 αὐτά
1634 1894 1733 1965 βοᾷ
1779 1894 1849 1946 τὰ

2028 1152 2099 1211 Χ.
2130 1154 2408 1224 Siquidem
2441 1170 2568 1224 ergo
2597 1154 2736 1209 Deus
2786 1155 3021 1224 superbis
3064 1155 3283 1219 resistit,
3313 1157 3530 1212 humili-

1956 1248 2049 1302 bus
2081 1258 2254 1302 autem
2297 1249 2389 1301 dat
2425 1249 2651 1317 gratiam
2672 1247 2719 1284 ³⁸
2742 1288 2757 1313 ,
2781 1248 3001 1316 quinam
3037 1250 3083 1303 is
3113 1262 3265 1301 suam
3295 1252 3526 1318 gratiam

1955 1341 2023 1395 ah
2055 1340 2346 1395 humilibus
2386 1340 2554 1395 corde
2600 1340 2880 1403 Romanis,
2933 1355 2997 1394 ac
3047 1341 3270 1396 mitibus
3320 1343 3526 1405 animo,

1953 1432 2236 1496 auferens,
2296 1446 2488 1501 nempe
2549 1432 2631 1486 sui
2696 1434 2990 1500 perfectam
3043 1432 3405 1502 cognitionem
3466 1451 3529 1489 ac

1957 1532 2159 1577 rectam
2213 1523 2415 1586 ﬁdem,
2465 1524 2693 1594 gratiam
2746 1538 2897 1578 suam
2947 1541 3011 1580 ac
3055 1526 3310 1595 pietatem
3358 1528 3525 1591 dedit,

1955 1615 2089 1669 dura
2141 1617 2373 1677 cenice.
2430 1630 2494 1669 ac
2535 1616 2833 1677 imtnitibus
2889 1618 3116 1680 animo,
3173 1628 3228 1672 et
3283 1620 3529 1689 superbis

1956 1707 2120 1761 corde
2149 1706 2469 1774 Armeniis?
2516 1705 2671 1772 Quod
2723 1708 2866 1761 enim
2911 1723 3071 1777 supra
3122 1724 3310 1766 omnes
3343 1721 3529 1780 gentes

1958 1798 2206 1850 duriores
2239 1796 2367 1860 sint,
2422 1804 2582 1866 atque
2614 1797 2878 1864 superbi,
2934 1798 3111 1852 inanis
3164 1800 3292 1854 item
3343 1801 3531 1869 gloriae.

1956 1888 2160 1957 cupidi,
2220 1888 2480 1956 saevique,
2531 1902 2593 1942 ac
2653 1887 2923 1951 immites,
2982 1905 3068 1945 res
3118 1890 3250 1958 ipsae
3292 1893 3531 1959 quotidie

268 1983 573 2052 πράγματα
614 1982 738 2037 καθ’
760 1984 999 2054 ἑκάστην
1033 1984 1272 2056 ἡμέραν,
1309 1985 1404 2039 καὶ
1443 1986 1493 2039 οἱ
1534 1984 1674 2038 λίθοι
1718 1987 1852 2055 μετὰ

1961 1989 2211 2052 clamant,
2245 2004 2310 2043 ac
2337 1988 2542 2057 lapides
2570 2004 2692 2044 cum
2742 1990 2995 2047 omnibus
3039 1994 3291 2060 gentibus
3333 1995 3534 2048 clama-

259 2074 488 2127 ιπάντων
513 2074 623 2128 τῶν
649 2075 818 2127 ἐθνῶν
848 2073 1206 2143 κεκράξονται
1228 2092 1243 2106 σ
1271 2077 1331 2127 ὲν
1358 2075 1533 2129 οὐδενὶ
1562 2076 1670 2146 γάρ
1699 2075 1840 2129 ἔθνει

1949 2080 2051 2133 turi
2083 2088 2228 2133 sunt.
2265 2077 2419 2131 Nulla
2453 2079 2651 2148 quippe
2700 2095 2832 2148 gens
2885 2081 2989 2134 alia
3027 2092 3131 2146 est,
3183 2084 3235 2138 itt
3286 2099 3393 2153 qua
3448 2094 3527 2136 tot

260 2165 439 2237 ἑτέρῳ
468 2164 615 2220 ἔστιν
646 2165 783 2218 ίδείν
803 2166 1095 2230 τοσούτους
1121 2168 1315 2235 φόνους
1344 2169 1439 2222 καὶ
1469 2169 1720 2240 συχνοὺς,
1752 2168 1843 2221 ἀνο

1961 2168 2121 2222 τιειίεε
2154 2181 2217 2220 ac
2260 2166 2550 2221 homicidia
2587 2167 2770 2222 videre
2804 2169 2909 2231 sit;
2938 2171 3203 2225 adulteria
3250 2187 3314 2227 ac
3359 2173 3528 2235 furta;

262 2257 575 2328 δροφονίας,
609 2257 854 2328 μοιχείας
879 2259 976 2311 καὶ
1004 2258 1251 2328 κλεψίας,
1281 2259 1446 2330 λῃστά
1459 2260 1633 2329 ρχίας,
1663 2261 1844 2330 ἁρπα-

257 2348 392 2417 γάς,
442 2348 789 2419 μεθὺσματα,
839 2348 1151 2419 προδοσίας,
1202 2350 1509 2419 ἐπιορκίας,
1561 2350 1842 2421 ἀρνήσεις,

256 2442 642 2515 βλασφημίας,
682 2443 973 2513 λοιδορίας,
1018 2444 1410 2511 συκοφαντίας,
1455 2446 1574 2497 κατ’
1602 2444 1846 2516 ἀλλήλων

254 2537 705 2608 αἱματεκχυσίας
749 2537 1019 2606 διηνεκεῖς
1064 2540 1161 2593 καὶ
1206 2538 1519 2601 ἀπαύστους
1546 2554 1559 2567 ⁸
1605 2538 1846 2609 δαρμοὺς

260 2630 519 2702 ἀνηλεεῖς
561 2630 658 2683 καὶ
712 2630 1143 2695 θανατοποιοὺς,
1205 2631 1518 2700 ὁικάσματα
1559 2631 1843 2696 ἄπαυστα,

259 2723 713 2794 γαστριμαργίας
743 2724 1037 2795 ἀμέτρους,
1068 2723 1339 2779 ἀσωτείαν
1370 2723 1844 2794 ὑπερϐάλλουσαν,

262 2818 638 2883 ἀνυποταξίαν
665 2859 681 2882 ,
737 2817 1047 2882 κενοδοξίαν
1069 2861 1085 2884 ,
1135 2817 1518 2889 ὑπερηφανίαν
1567 2819 1807 2889 ἄμετρον
1831 2861 1844 2882 ,

259 2911 366 2963 καὶ
395 2910 587 2973 ἁπλῶς
610 2911 792 2963 πᾶσαν
822 2910 1025 2964 κακίαν
1052 2910 1147 2962 καὶ
1178 2911 1465 2982 πονηρίαν,
1495 2911 1850 2986 ἀνθρωπαρὲ-

267 3017 461 3055 σκειαν
488 3001 583 3055 καὶ
611 3002 903 3075 ὑπόκρισιν
928 3019 941 3033 ·
967 3003 1016 3055 εί
1049 3003 1188 3072 μετά
1212 3002 1323 3073 (52)
1353 3004 1410 3056 ὲν
1436 3003 1581 3076 μόνῳ
1604 3003 1683 3074 τῷ
1709 3004 1850 3059 ἔθνει

262 3092 383 3145 τῶν
422 3092 758 3164 Ἀρμενίων,
806 3090 899 3155 οὒς
944 3094 973 3146 ὁ
1018 3092 1151 3157 Θεὸς
1194 3093 1283 3146 διά
1323 3093 1425 3165 τὴν
1469 3094 1852 3165 ὑπερηφανίαν

263 3184 455 3238 αὐτῶν
487 3184 582 3237 καὶ
614 3183 934 3247 ἀλαζονείαν
963 3183 1116 3237 ἔθετο
1145 3186 1226 3248 είς
1256 3185 1427 3248 κακὰ,
1460 3187 1556 3238 καὶ
1592 3185 1850 3240 Κατέϐα-

258 3279 381 3331 λεν
409 3275 632 3341 αὐτοὺς
658 3277 739 3341 είς
777 3274 975 3328 πάντα
1000 3274 1075 3327 τὰ
1103 3274 1252 3341 ἔθνη
1277 3276 1347 3329 ἐν
1373 3273 1454 3340 τῷ
1482 3276 1823 3341 ἐπαρθῆναι-

1174 3292 1252 3344 νη
1277 3292 1347 3329 εν
1373 3292 1454 3340 τῳ
1482 3292 1850 3344 επαρωιναι,
1878 3316 1922 3375 (η
1957 3292 2197 3333 omnibus
2230 3292 2468 3350 gentibus
2500 3292 2624 3331 dum
2655 3292 3052 3343 extottersnntr,
3098 3296 3161 3332 ac
3195 3292 3530 3349 dispersit",

1174 3386 1209 3422 ιι
1251 3369 1555 3440 παροίκους
1594 3370 1688 3423 καὶ
1729 3369 1853 3423 δού-
1902 3354 1925 3377 ’³
1960 3381 2015 3425 ιιι
2048 3379 2233 3425 essent
2257 3370 2444 3425 incolae
2468 3386 2532 3425 ac
2549 3371 2689 3423 servi
2722 3370 2962 3424 omnium
3000 3372 3302 3434 nationum,
3339 3388 3530 3441 quem-

258 3374 367 3426 καὶ
405 3370 785 3442 διεσκόρπισεν
824 3369 1023 3432 αὐτοὺς
1067 3362 1209 3422 εἶναι
1251 3369 1555 3440 παροίκους
1594 3370 1688 3423 καὶ
1729 3369 1853 3423 δού-

258 3464 401 3526 λους
438 3462 636 3528 αὐτῶν,
673 3462 896 3516 πάντων
927 3461 1039 3515 τῶν
1076 3461 1266 3524 ἐθνῶν,
1309 3460 1561 3531 καθάπερ
1604 3462 1697 3514 καὶ
1730 3461 1857 3523 τοὺς

259 3556 491 3624 ὁμοίους
517 3555 697 3609 αὐτῶν
722 3552 1238 3625 σκληροτραχήλους
1262 3552 1356 3605 καὶ
1385 3552 1712 3624 παραϐάτας
1733 3550 1857 3605 Ἴου·

266 3645 482 3709 δαίους.
531 3645 644 3698 Καὶ
682 3644 784 3697 οὐκ
825 3643 942 3696 ἐστι
982 3642 1208 3697 δυνατὸν
1251 3644 1434 3715 εὑρεῖν
1475 3643 1662 3712 ἕτερον
1706 3641 1858 3705 ἔθνος

265 3738 540 3793 ὑποκάτω
570 3738 789 3791 πάντων
818 3737 925 3791 τῶν
954 3736 1147 3801 ἐθνῶν,
1176 3738 1273 3791 καὶ
1299 3735 1722 3807 ὲξουθενημένον
1750 3734 1856 3788 ὑπὸ

257 3832 495 3886 πάντων
534 3832 626 3884 καὶ
675 3830 984 3901 βδελυκτὸν,
1028 3831 1078 3882 εί
1127 3829 1200 3901 μὴ
1250 3830 1410 3900 μόνον
1453 3829 1514 3882 τὸ
1558 3828 1711 3893 ἔθνος
1748 3828 1858 3882 τῶν

258 3922 491 3977 ἀσεϐῶν
520 3922 824 3994 Ἀρμενίων
852 3924 946 3976 καὶ
980 3921 1250 3975 Ἰουδαίων
1274 3938 1289 3954 ο
1319 3921 1394 3985 ὡς
1427 3920 1518 3976 καί
1552 3938 1637 3985 τις
1668 3922 1726 3988 ἐξ
1757 3921 1860 3975 αὐο

258 4017 387 4072 τῶν
430 4016 671 4085 γεγονὼς
703 4016 999 4086 ’Δρμενίας
1044 4015 1366 4079 ἐπίσκοπος,
1414 4014 1698 4085 Νορσέσης
1743 4014 1857 4068 όνό-

264 4124 435 4179 ματι,
461 4108 760 4178 ἐγγράφως
790 4107 1083 4177 μαρτυρεῖ,
1110 4105 1284 4173 λέγων
1302 4122 1315 4136 ⁸
1344 4107 1414 4160 Ἠ
1440 4105 1700 4174 ἡμετέρα
1725 4108 1857 4177 γὰρ,

259 4199 449 4271 φησι,
500 4198 678 4270 γενεὰ
728 4198 845 4253 τῶν
916 4198 1259 4269 Ἀρμενίων,
1322 4196 1712 4267 ὑπερήφανος
1759 4199 1856 4252 καὶ

258 4293 527 4362 ἀσεϐής.

352 4384 452 4440 1Α’.
482 4386 547 4440 El
576 4383 670 4439 οὖν
713 4384 866 4455 παρά
900 4384 1079 4438 πάντα
1109 4383 1177 4437 τὰ
1221 4381 1349 4455 ἔθνη
1385 4383 1731 4454 ὑπερήφανοι
1761 4383 1854 4437 καὶ

263 4478 754 4550 σκληροτράχηλοι
801 4480 898 4533 καὶ
928 4477 1351 4548 καρδιόστερροι
1391 4477 1516 4531 καθ’
1548 4476 1858 4547 ὑπερϐολὴν

260 4571 590 4642 ὑπάρχουσι
611 4587 625 4603 ο
660 4570 777 4634 πῶς
805 4570 903 4641 τὴν
927 4569 1123 4624 ἑαυτοῦ
1155 4570 1336 4642 χάριν,
1363 4571 1458 4623 καὶ
1482 4570 1767 4625 εὐσέϐειαν
1797 4573 1861 4624 ὲκ

1949 2255 2258 2322 latrocinia,
2309 2256 2550 2325 rapinas.
2609 2256 2923 2322 ebrietates,
2982 2260 3358 2329 proditiones.
3411 2277 3534 2331 per-

1946 2349 2119 2418 iuria,
2162 2352 2502 2421 negationes,
2552 2350 2921 2420 blasphemias
2948 2393 2965 2417 ,
3008 2352 3295 2416 convicia,
3323 2352 3533 2408 calum-

1949 2442 2084 2504 nias,
2135 2442 2291 2513 iuges
2334 2457 2399 2498 ac
2445 2442 2732 2497 continuas
2782 2450 2965 2496 mutua
3016 2443 3163 2498 aede
3207 2444 3530 2515 sanguinum

1947 2533 2277 2602 eli‘usiones;
2315 2536 2566 2589 crudeles
2591 2551 2654 2588 ac
2686 2534 2942 2591 mortales
2974 2536 3176 2606 plagas,
3220 2536 3351 2592 lites
3390 2538 3535 2593 assi-

1950 2626 2114 2691 duas;
2156 2625 2474 2681 immensam
2523 2627 2897 2693 voracitatem,
2951 2638 3369 2697 exsuperantem
3403 2646 3530 2700 prn-

1951 2717 2283 2786 digalitalem
2307 2733 2371 2773 ac
2396 2718 2878 2787 incontinentiam;
2906 2719 3284 2787 rebellionem,
3316 2721 3531 2776 inanem

1952 2810 2200 2878 gloriam,
2230 2811 2540 2879 superLiam
2572 2811 2894 2867 immensam
2921 2826 2938 2868 :
2962 2825 3288 2880 omnemque
3310 2827 3534 2882 prorsus

1955 2904 2306 2961 vitiositatem
2380 2918 2446 2958 ac
2501 2903 2838 2972 nequitiam,
2897 2903 3408 2975 adnlationemque,
3469 2920 3535 2958 ac

1953 3006 2384 3071 simulationem,
2418 3006 2497 3060 uti
2559 3007 2611 3058 in
2680 3018 2786 3058 una
2849 3005 3098 3060 videmus
3147 3005 3530 3059 Armeniorum

1956 3098 2195 3160 natione,
2247 3111 2384 3166 quos
2437 3095 2576 3150 Deus
2629 3106 2855 3166 propter
2884 3110 3072 3149 eorum
3125 3096 3436 3164 superbiam
3468 3111 3531 3149 ac

1956 3189 2344 3256 arrogantiam,
2398 3186 2452 3242 iu
2503 3188 2646 3241 mala
2708 3189 2887 3254 posuit
2937 3187 3289 3258 :Dejecitque
3334 3205 3422 3243 eos
3476 3189 3531 3243 in

1957 3279 2197 3333 omnibus
2230 3280 2468 3350 gentibus
2500 3280 2624 3331 dum
2655 3278 3052 3343 extollerentur,
3098 3296 3161 3332 ac
3195 3280 3444 3349 dispersit
3463 3279 3530 3344 ³⁵,

1957 3463 2247 3517 admodum
2324 3464 2391 3516 iis
2471 3462 2677 3517 similes
2726 3461 3169 3525 dura-cervice,
3232 3478 3296 3517 ac
3360 3474 3536 3519 trans-

1957 3569 2231 3627 gressores
2259 3555 2514 3621 Judazos;
2544 3570 2642 3609 nec
2678 3562 2762 3608 est
2795 3555 3037 3610 invenire
3072 3557 3345 3623 nationem
3372 3556 3533 3610 aliam

1958 3648 2039 3700 sic
2078 3648 2332 3702 omnibus
2367 3646 2680 3700 nationibus
2711 3644 3032 3715 subjectum,
3065 3655 3227 3714 atque
3268 3647 3538 3702 universis

1959 3737 2337 3808 despicabilem
2389 3751 2453 3791 ac
2503 3737 2918 3804 exsecrabilem,
2964 3739 3038 3792 uti
3092 3739 3378 3809 impiorum
3437 3740 3538 3793 Ar-

1960 3827 2258 3881 meniorum
2286 3842 2350 3881 ac
2381 3825 2693 3881 Iudaeorum
2717 3828 2989 3883 nationem
3017 3846 3033 3896 ;
3080 3831 3535 3897 quemadmodum

1959 3917 2122 3970 ctiatn
2180 3916 2300 3984 quis
2352 3932 2418 3971 ex
2472 3916 2598 3980 illis,
2647 3918 2736 3986 qui
2793 3916 3067 3974 Armenia:
3095 3920 3378 3991 episc0pus
3410 3922 3533 3988 fuit,

1958 4006 2220 4063 Norseses
2259 4008 2496 4072 nomine,
2530 4008 2735 4074 scripto
2771 4016 3025 4074 testatur,
3068 4011 3257 4067 dicens
3290 4031 3301 4064 :
3341 4031 3360 4065 ι
3391 4012 3536 4069 Gens

1963 4108 2168 4165 nostra,
2230 4099 2426 4169 inquit,
2477 4098 2859 4154 Armeniorum
2920 4102 3151 4170 superba
3200 4111 3321 4169 est,
3376 4113 3537 4173 atque

1963 4191 2144 4262 impia.
2188 4210 2206 4243 ι
3520 4194 3523 4197 ’

2032 4389 2125 4446 XI.
2153 4389 2620 4461 Siquidemigitur
2646 4405 2806 4459 supra
2835 4392 3083 4448 nationes
3106 4407 3296 4449 omnes
3318 4395 3541 4463 superbi

1961 4495 2108 4549 sunt,
2146 4499 2208 4539 ac
2248 4485 2383 4538 dura
2412 4483 2643 4549 cervice,
2672 4482 2942 4552 cordeque
2970 4484 3293 4539 immensum
3328 4483 3541 4548 ferreo;

1961 4575 2182 4644 quinam
2214 4590 2366 4629 suam
2433 4575 2571 4629 Deus
2603 4575 2832 4642 gratiam
2875 4591 2939 4631 ac
2970 4574 3223 4645 pietatem
3254 4592 3283 4629 a
3314 4578 3543 4632 mitissi-

254 4663 391 4718 τῶν
423 4662 748 4736 πραοτάτων
794 4664 892 4716 καὶ
933 4663 1209 4717 ταπεινῶν
1240 4666 1308 4734 τῇ
1340 4662 1541 4733 καρδίᾳ
1572 4661 1852 4732 Ῥωμαίων

1968 4665 2073 4721 mis
2116 4681 2179 4720 ac
2230 4664 2523 4720 humilibus
2575 4664 2737 4719 corde
2789 4663 3049 4719 Romanis
3097 4667 3354 4732 abstulit;
3402 4668 3540 4735 apud

253 4757 580 4826 ἁφείλατο;
610 4757 751 4827 Παρ’
773 4753 855 4820 οἷς
896 4755 968 4809 τὰ
1009 4755 1240 4825 λείψανα
1288 4755 1398 4808 τῶν
1430 4755 1596 4810 αὐτοῦ
1625 4754 1861 4809 ἀποστόο

253 4856 412 4917 λων,
443 4849 540 4903 καὶ
572 4852 794 4903 πάντων
839 4847 1007 4901 αὐτοῦ
1042 4847 1151 4902 τῶν
1194 4848 1367 4916 ἁγίων
1404 4848 1731 4919 ὑπάρχουσι,
1763 4848 1861 4901 καὶ

257 4940 462 4997 πάντα
497 4939 678 4993 αὐτῶν
701 4939 770 4992 τὰ
824 4939 984 5008 τίμια
1017 4939 1113 4991 καὶ
1153 4938 1430 5008 σεϐάσμια
1455 4955 1469 4969 ο
1505 4936 1602 5001 οὓς
1629 4939 1723 4990 καὶ
1755 4956 1860 4991 πα-

252 5033 517 5108 ραυτίκα
547 5033 626 5102 τῷ
652 5031 1222 5101 γενντ,θῆναιαὺτοὺς,
1241 5030 1472 5098 δοξάσας
1503 5030 1855 5104 ὑπερύψωσε,

244 5124 378 5181 καὶ
409 5124 587 5178 πάντα
608 5125 678 5177 τά
721 5123 849 5194 ἔθνη
882 5122 991 5178 ὑπὸ
1029 5124 1158 5184 τοὺς
1193 5122 1361 5186 πόδας
1389 5124 1569 5177 αὐτῶν
1599 5124 1857 5189 ὑπέταξε,

238 5216 369 5273 διὰ
395 5217 492 5285 τὴν
535 5216 717 5270 αὐτῶν
747 5214 1056 5277 εὐσέϐειαν,
1088 5213 1269 5279 καθὼς
1297 5217 1325 5268 ὁ
1356 5216 1647 5287 προφήτης
1675 5216 1861 5284 λέγει·

250 5303 518 5361 Δέδωκά
546 5320 646 5359 σοι
669 5303 814 5371 ἔθνη
850 5302 967 5371 τὴν
996 5304 1406 5373 κληρονομίαν
1432 5321 1571 5369 σου,
1620 5305 1719 5359 καὶ
1749 5304 1864 5373 τὴν

252 5393 666 5464 κατάσχεσιν
693 5410 812 5449 σου
855 5393 927 5448 τὰ
955 5393 1180 5462 πέρατα
1216 5393 1328 5465 τῆς
1367 5393 1479 5463 τῆς
1500 5413 1515 5428 θ
1552 5396 1862 5465 nequir-sic

254 5487 507 5553 αὐτοὺς
527 5487 599 5541 ἐν
613 5486 815 5555 ῥάϐδῳ
846 5484 1067 5555 σιδηρᾷ
1089 5503 1102 5517 ⁸
1136 5487 1256 5556 ἦτοι
1286 5486 1379 5540 διὰ
1400 5488 1501 5557 τῆς
1546 5488 1862 5558 Ῥωμαϊκῆς

252 5578 585 5655 βασιλείας.
647 5580 785 5642 Τοὺς
843 5579 953 5649 γὰρ
1010 5579 1330 5649 Ἀρμενίους
1389 5578 1591 5648 μᾶλλον
1626 5578 1715 5632 διὰ
1760 5581 1860 5651 τὴν

357 5719 536 5778 “Jac.
573 5737 645 5789 tv,
672 5723 728 5777 6.
804 5721 849 5754 ³⁸
867 5721 1007 5782 Psal.
1035 5723 1252 5788 Lxx,lS.
1332 5726 1375 5757 ³⁸
1423 5721 1567 5778 Psal.
1602 5738 1641 5789 ι,
1673 5723 1728 5788 8,
1761 5723 1815 5776 9.

355 5839 470 5912 (52)
497 5841 656 5897 Ροι-ιε
683 5841 754 5901 ὡς
787 5843 1020 5912 εἴδομεν.

1968 4773 2104 4828 quos
2143 4755 2380 4827 reliquiae
2413 4746 2562 4813 sunt
2602 4756 2719 4826 ejus
2769 4756 3156 4826 apostolorum,
3189 4768 3255 4808 ac
3303 4756 3543 4809 omnium

1967 4857 2303 4912 sanctorum,
2334 4861 2630 4916 eorumque
2675 4845 2907 4915 pretiosa
2950 4858 3176 4913 qumque
3219 4858 3284 4898 ac
3314 4859 3547 4900 venera~

1968 4940 2166 4994 tionem
2221 4938 2473 4995 habentia
2509 4956 2523 4993 :
2557 4952 2693 5007 quos
2737 4936 2918 4991 statim
2967 4945 3131 5003 atque
3182 4935 3292 4989 uati
3342 4948 3544 5000 essent,

1966 5031 2274 5102 gloriﬁcans
2322 5029 2773 5100 superexaltavit,
2826 5041 3125 5095 omnesque
3173 5037 3388 5097 gentes,
3446 5031 3547 5085 sub

1966 5140 2153 5178 eorutn
2186 5124 2429 5194 pedibus,
2476 5130 2695 5191 propter
2737 5118 2947 5173 illorttm
2987 5118 3264 5188 pietatem,
3295 5120 3544 5189 subjecit,

1972 5227 2029 5271 ιιι
2056 5217 2131 5271 ait
2162 5215 2424 5283 Propheta
2450 5230 2464 5266 :
2496 5212 2622 5267 Dedi
2652 5212 2747 5265 tibi
2783 5221 2960 5280 gentes
2989 5210 3350 5265 [nereditatem
3378 5222 3545 5274 tuam,

1965 5317 2015 5361 et
2063 5307 2439 5378 possessionem
2482 5311 2629 5356 tuam
2673 5302 2922 5356 terminos
2960 5312 3134 5357 terra.
3175 5301 3335 5371 Reges
3369 5316 3457 5354 eos
3491 5301 3548 5355 in

1968 5401 2112 5468 virga
2157 5397 2329 5466 ferrea
2368 5395 2446 5461 ’5;
2486 5393 2536 5448 id
2585 5402 2688 5455 est,
2739 5407 2833 5461 per
2881 5390 3186 5447 Romanum
3238 5390 3544 5458 imperium.

1967 5490 2254 5543 Armenios
2284 5487 2427 5541 enim
2478 5485 2676 5555 potius,
2726 5494 2943 5553 propter
2982 5500 3167 5538 corum
3217 5483 3544 5552 superbiam,

1974 5597 2035 5636 ac
2085 5579 2337 5636 duritiam
2386 5577 2588 5645 cordis,
2621 5587 2678 5632 et
2710 5576 3038 5646 impietatem
3083 5575 3133 5629 in
3186 5578 3342 5631 liueat
3394 5577 3545 5631 dese-
