3968 6220
261 267 406 330 12:39

1335 267 1622 328 ORATIO
1663 269 1691 328 Ι
1734 267 2032 328 CONTRA
2075 269 2488 332 ARMENIOS.

3387 273 3530 339 1".7‘10

253 380 582 454 τακρίνουσι
607 397 620 410 ·
647 381 743 434 καὶ
767 384 814 436 οί
840 383 900 436 τὸ
918 383 1011 436 τοῦ
1036 385 1274 456 Χριστοῦ
1299 386 1636 455 Εὐαγγὲλιον
1660 405 1842 459 παρα-

1964 395 2072 441 tent
2101 404 2117 442 :
2148 402 2211 442 ac
2237 389 2328 458 qui
2357 387 2562 444 Christi
2602 389 2954 460 Evangelium
2989 389 3432 446 adulteraverunt
3471 407 3538 449 ac

253 475 604 546 χαράξαντες
635 477 728 528 καὶ
774 476 1197 546 περικόψαντες,
1241 479 1368 542 τοὺς
1404 481 1464 532 τὸ
1508 480 1844 547 Εὐαγγέλιον

254 565 571 629 ἀνελλιπὲς,
597 565 692 618 καὶ
718 566 1151 639 ἀκαινοτόμητον
1172 572 1420 641 ἔχοντας,
1439 572 1533 624 καὶ
1562 571 1844 623 πιστεύον-

251 676 378 720 τας,
415 657 834 727 βλασφημοῦσι·
882 660 978 713 καὶ
1021 664 1068 713 οί
1115 662 1216 732 τὴν
1262 663 1462 730 εὐσεϐῆ
1508 663 1710 722 πίστιν,
1749 664 1843 715 καὶ

253 750 588 821 παραδόσεις
642 749 751 802 τῶν
805 751 978 818 ἁγίων
1034 754 1294 824 Πατέρων
1333 755 1705 826 ἀρνησάμενοι
1751 757 1844 806 καὶ

253 841 650 912 ἁθετήσαντες,
681 842 808 906 τοὺς
839 843 938 912 τὴν
973 845 1256 914 ὀρθὸδοξον
1292 847 1475 900 πίστιν
1508 847 1616 899 τῶν
1649 847 1840 914 ἁγίων,

255 935 354 986 καὶ
379 932 475 995 τὰς
503 933 838 1002 παραδῦσεις
857 935 956 1005 τῆς
981 936 1278 1007 καθολικῆς
1310 939 1656 1008 Ἐκκλησίας,
1681 942 1842 992 ἀκαι-

256 1026 596 1095 νοτομὴτους
623 1023 1024 1093 φυλάττοντας,
1060 1028 1134 1091 ὼς
1183 1030 1565 1098 παραϐάντας,
1601 1032 1694 1082 καὶ
1729 1031 1845 1082 δια-

261 1120 576 1188 σύραντας·
619 1119 713 1171 καὶ
766 1121 817 1172 οἱ
857 1121 951 1172 τὸν
996 1121 1234 1191 Χριστὸν
1283 1123 1373 1175 τὸν
1423 1124 1844 1192 σεσαρκωμένον

257 1211 417 1274 Θεὶν,
447 1213 541 1265 καὶ
580 1210 788 1275 πάντας
834 1212 962 1273 τοὺς
1000 1213 1196 1281 ἁγίους
1241 1214 1538 1285 θεοφόρους
1569 1215 1841 1286 Πατέρας,

258 1303 338 1366 ὡς
383 1303 590 1356 ἐθνικοὶ
644 1305 739 1357 καὶ
783 1305 1128 1374 ἁχριστίανοι
1173 1306 1686 1376 ἁναθεματίζοντες,
1718 1308 1843 1370 τοὺς

259 1395 542 1464 τιμῶντας
573 1398 786 1460 πάντας
820 1400 948 1460 τοὺς
991 1398 1202 1464 ἁγίους,
1238 1400 1332 1452 καὶ
1365 1399 1463 1462 τὰς
1499 1402 1718 1468 μνήμας
1748 1401 1846 1452 αὐ-

257 1488 369 1542 τῶν
401 1489 785 1557 ἑορτάζοντας,
827 1491 922 1542 καὶ
958 1491 1026 1542 τὰ
1055 1491 1308 1560 δόγματα
1345 1491 1526 1546 αὐτῶν
1556 1495 1840 1546 πιστεῦονο

255 1596 380 1641 τας,
417 1579 634 1642 καὶτὰς
668 1582 885 1642 εἰκόνας
917 1581 1097 1634 αὐτῶν
1123 1582 1564 1651 ἀσπαζομένους,
1593 1583 1668 1646 ὡς
1703 1583 1843 1636 ἐθνι-

259 1670 396 1733 κοῦς
424 1671 519 1724 καὶ
553 1671 840 1734 ἀπίστους,
873 1670 961 1723 διὰ
985 1671 1080 1724 τοῦ
1111 1674 1333 1742 μιαροῦ,
1359 1674 1453 1726 καὶ
1478 1672 1729 1742 βεϐήλου,
1751 1676 1845 1727 καὶ

262 1763 604 1833 ἀκαθάρτου,
649 1767 742 1817 καὶ
795 1763 1111 1832 βδελυκτοῦ,
1145 1767 1238 1819 καὶ
1276 1766 1716 1836 μεμολυσμένου,
1751 1768 1845 1819 καὶ

263 1855 668 1925 ἀπροσδέκτου,
708 1859 802 1908 καὶ
837 1857 1200 1928 ἁνευλογήτου
1231 1857 1414 1910 αὐτῶν
1442 1857 1842 1928 βαπτίσματος,

259 1944 790 2011 ἐξαναϐαπτίζουσιο
849 1949 1051 2018 μᾶλλον
1108 1950 1165 2002 δὲ
1222 1949 1697 2019 καταμολῦνουσι,
1749 1952 1845 2004 καὶ

256 2037 356 2091 τοῦ
389 2039 631 2107 Χριστοῦ
658 2041 1006 2112 ἀλλοτριοῦσι
1027 2056 1041 2069 ·
1075 2043 1170 2094 καὶ
1207 2045 1254 2094 οἱ
1302 2042 1545 2113 μαθηταὶ
1579 2043 1692 2094 τῶν
1723 2043 1845 2095 θεο-

263 2129 458 2198 μάχων
490 2131 802 2199 αἱρετικῶν,
839 2133 932 2182 καὶ
960 2131 1058 2200 τῆς
1087 2131 1341 2194 ἀσεϐείας
1376 2131 1553 2185 αὐτῶν
1585 2131 1842 2201 διάδοχοι,

258 2225 391 2286 τοὺς
417 2223 526 2276 τῶν
555 2224 730 2292 ἁγίων
762 2225 1080 2278 ἀποστόλων
1115 2226 1387 2294 μαθητὰς,
1417 2225 1644 2278 καὶτῶν
1673 2226 1844 2293 ἁγίων

258 2317 527 2387 Πατέρων
564 2318 900 2389 ὁμόφρονας,
947 2317 1023 2381 ὡς
1072 2318 1410 2387 ἀλλοφύλους
1467 2318 1844 2387 κατηχίζουσι,

259 2407 360 2457 καὶ
387 2406 475 2458 διὰ
505 2409 604 2469 τὰς
643 2408 924 2477 ἀμέτρους
971 2408 1158 2461 αὐτῶν
1206 2408 1466 2470 ἀσεϐείας
1513 2425 1846 2478 κατακεκρι-

267 2497 422 2565 μένοι
450 2496 814 2566 ὑπάρχοντες,
843 2499 969 2560 τοὺς
1001 2498 1247 2562 εὑσεῦεἶς
1277 2499 1374 2552 καὶ
1405 2498 1740 2570 ὀρθοδόξους,
1769 2500 1846 2564 ὡς

258 2591 294 2642 ὁ
323 2589 578 2657 Καϊάφας
613 2592 965 2662 κατακρίνειν
997 2592 1355 2662 ἐπιχειροῦσι.

339 2681 438 2734 IA'.
477 2681 775 2734 Ἀκούσατε
807 2679 982 2735 ταῦτα
1030 2683 1233 2744 πάντες
1283 2683 1332 2735 οἱ
1377 2683 1496 2753 μετ’
1529 2684 1708 2737 αὐτῶν
1748 2683 1847 2748 τὰς

262 2769 491 2834 ἁγάπας
533 2771 834 2837 ποιοῦντες,
879 2775 972 2825 καὶ
1017 2773 1414 2842 διορθώσασθε,
1448 2777 1540 2829 καὶ
1575 2776 1631 2842 ἐξ
1664 2777 1845 2830 αὐτῶν

262 2859 345 2920 ὠς
376 2860 480 2912 ἀπὸ
517 2861 809 2926 Ἰουδαίων,
836 2866 930 2916 καὶ
957 2865 1300 2935 Μανιχαίων,
1333 2868 1427 2918 καὶ
1455 2868 1844 2938 ἁντιχρίστων,

261 2951 674 3021 ἀποφεύξασθε,
725 2956 812 3008 ἵνα
859 2956 936 3028 μὴ
984 2959 1362 3028 συναπολῆσθε
1406 2963 1527 3022 ταῖς
1563 2959 1846 3023 ἀσεϐείαις

1950 479 2287 542 acciderunt,
2317 495 2412 534 eos
2449 482 2535 548 qui
2570 480 2920 552 Evangelium
2963 483 3228 552 integrum
3276 483 3535 551 nullaque

1949 571 2183 623 novitate
2209 573 2460 625 violatum
2496 574 2730 628 retinent
2760 590 2821 628 ac
2844 576 3090 638 credunt,
3117 574 3486 643 blaspltemettt
3513 591 3528 639 ;

1945 663 2147 730 quique
2177 663 2318 730 piam
2357 664 2538 728 ﬁdem,
2571 679 2633 717 ac
2667 677 2978 719 sanctorum
3009 666 3229 720 Patrum
3281 669 3532 720 traditio-

1947 767 2045 806 ncs
2073 764 2404 820 negaverunt
2434 769 2498 807 ac
2531 755 2716 810 irritas
2750 755 3018 821 fecerunt,
3053 773 3146 810 eos
3183 759 3273 825 qui
3311 766 3531 810 sancto-

1949 859 2064 896 rum
2098 845 2452 900 orthodoxam
2485 845 2664 910 ﬁdem,
2703 863 2766 901 ac
2811 847 3066 902 Ecclesiae
3099 847 3378 902 catholicae
3417 858 3528 900 tra-

1946 935 2176 991 ditiones
2231 938 2518 992 inviolatas
2573 948 2816 1003 serVant,
2878 949 3130 1007 tanquam
3188 938 3528 1009 pravaricati

1944 1037 2146 1090 essent,
2179 1043 2244 1082 ac
2274 1029 2633 1097 explosisseut
2667 1048 2681 1084 :
2709 1047 2771 1084 ac
2814 1031 2905 1100 qui
2953 1029 3228 1085 Christum
3272 1032 3530 1085 incarna-

1947 1129 2078 1183 tum,
2115 1135 2410 1189 omnesque
2451 1131 2672 1177 sanctos
2702 1138 2763 1176 ac
2795 1123 3054 1176 divinitus
3084 1121 3288 1176 alllatos
3321 1121 3530 1186 Patres,

1947 1219 2200 1276 tanquam
2239 1212 2440 1265 ethnici
2477 1227 2539 1266 ac
2571 1213 2781 1281 profani
2815 1214 3030 1277 quidam
3075 1215 3371 1278 devovent;
3411 1229 3526 1274 eos,

1945 1302 2034 1370 qui
2067 1313 2285 1357 sanetos
2315 1319 2502 1359 omnes
2537 1305 2740 1359 honore
2780 1314 3203 1374 prosequuntur,
3233 1317 3532 1371 eorumque

1947 1399 2236 1449 memorias
2267 1397 2563 1460 celebrant,
2604 1413 2666 1450 ac
2699 1397 3002 1451 doctrinam
3030 1397 3239 1450 illorum
3274 1397 3528 1456 credunt,

1946 1500 2244 1555 eorumque
2290 1490 2604 1542 osenlautnr
2640 1489 2922 1557 imagines,
2977 1498 3236 1557 tanquam
3282 1487 3531 1542 ethnicos

1949 1578 2049 1648 ipsi
2077 1593 2139 1633 ac
2171 1579 2438 1642 inﬁdeles,
2469 1580 2702 1632 scelesto
2752 1595 2815 1632 ac
2863 1577 3108 1646 profano,
3147 1579 3532 1646 immundoque.

1948 1685 2009 1722 ac
2062 1671 2406 1735 exsecrabili,
2461 1676 2514 1724 et
2575 1670 2800 1737 polluto,
2859 1683 2958 1722 nec
3008 1667 3380 1730 admittendo,
3436 1672 3533 1719 aut

1953 1762 2215 1815 rationem
2255 1762 2486 1814 habente
2537 1776 2722 1813 eorum
2777 1759 3071 1827 baptismo,
3125 1760 3300 1812 denuo
3355 1757 3532 1825 bapti-

1948 1863 2092 1918 zcnt,
2125 1868 2220 1906 seu
2269 1854 2448 1919 potius
2485 1854 2874 1918 contaminent,
2905 1861 2961 1907 et
2994 1853 3198 1906 alienos
3245 1866 3272 1904 a
3308 1851 3531 1906 Christo

1946 1948 2180 2004 Ciliciam
2214 1965 2230 2004 :
2263 1964 2325 2002 ac
2359 1949 2596 2010 demum,
2624 1949 3060 2002 adversariorum
3109 1945 3204 1999 Dei
3255 1945 3534 2000 Ita-reticov

1949 2057 2064 2094 runt
2116 2041 2400 2110 discipuli,
2445 2054 2740 2108 eorumque
2799 2038 3092 2106 impietatis
3143 2048 3529 2096 successores,

1949 2139 2262 2186 sanctorum
2309 2131 2676 2198 apostolorum
2727 2128 3057 2196 discipulos,
3106 2142 3171 2181 ac
3219 2136 3528 2181 sanctorum

1945 2223 2161 2277 Patrum
2198 2231 2471 2276 sectantes
2505 2221 2686 2285 ﬁdem,
2720 2231 2976 2288 tanquam
3023 2219 3378 2288 alienigenas,
3418 2217 3532 2286 pri-

1947 2314 2050 2368 mis
2091 2313 2212 2368 ﬁdei
2245 2313 2565 2380 rudimentis
2611 2313 2876 2373 imbuant,
2913 2309 3122 2378 ipsique
3157 2319 3374 2378 propter
3423 2307 3530 2360 im-

1948 2421 2188 2461 mensam
2224 2421 2376 2460 suam
2413 2405 2744 2474 impietatem
2776 2403 3042 2470 damnati,
3077 2401 3195 2470 pios
3239 2415 3302 2454 ac
3342 2399 3531 2453 ortho-

1947 2501 2138 2563 iloxos,
2164 2499 2382 2570 Caipha:
2408 2497 2611 2568 judicio
2637 2495 2999 2552 condemnare
3026 2495 3279 2548 audeant.

2014 2684 2158 2740 XIV.
2187 2685 2386 2738 Audite
2431 2683 2544 2736 haec
2588 2695 2798 2746 omnes,
2843 2680 3086 2749 quicum
3142 2678 3220 2733 eis
3264 2677 3531 2732 amicitias

1941 2778 2188 2850 jungitis,
2223 2792 2287 2831 ac
2312 2773 2702 2835 eutendamini,
2733 2781 2895 2840 atque
2923 2770 2992 2824 ab
3019 2769 3143 2832 illis,
3177 2778 3233 2822 ut
3267 2783 3294 2822 a
3327 2766 3529 2823 ludatis

1947 2886 2011 2926 ac
2057 2868 2401 2932 Manichzeis,
2448 2874 2502 2920 et
2551 2864 2886 2918 antichristis
2936 2862 3140 2930 fugite,
3189 2869 3248 2914 ut
3302 2876 3367 2914 ne
3404 2874 3526 2913 cum

1949 2978 2137 3018 eorum
2192 2957 2558 3029 impietatibus
2619 2955 2870 3024 pereatis.
2932 2953 3129 3008 Audite
3184 2966 3377 3006 omnes
3433 2950 3525 3019 qui

263 3045 471 3098 αὐτῶν.
519 3047 815 3101 Ἀκούσατε
843 3050 1043 3114 πάντες
1080 3051 1130 3102 oi
1171 3051 1293 3120 μετ’
1317 3051 1499 3104 αὐτῶν
1530 3052 1841 3107 συνεσθίον-

1964 3053 2226 3110 communi
2258 3067 2378 3105 cum
2422 3050 2502 3105 eis
2541 3062 2727 3102 mensa
2765 3045 3121 3108 manducatis,
3153 3045 3356 3099 tristem
3408 3056 3530 3097 sen-

257 3154 384 3200 τες,
425 3139 698 3210 ὀδυνηρὰν
733 3143 1012 3210 ἀπόφασιν
1037 3145 1101 3195 ἐκ
1138 3142 1359 3196 πάντων
1398 3143 1508 3196 τῶν
1541 3143 1713 3213 ἁγίων
1760 3146 1842 3199 ὅτι

257 3230 360 3283 τοῦ
392 3232 633 3301 Χριστοῦ
669 3233 854 3303 ἐχθροί
881 3237 1028 3290 ἐστε.

433 3324 574 3391 Περὶ
595 3321 678 3379 ὧν
708 3325 1232 3394 ἁναθεματίζονται
1262 3331 1317 3380 οἱ
1359 3329 1673 3397 Ἀρμένιοι.

339 3413 421 3470 A'.
454 3417 517 3470 Oi
555 3416 647 3470 οὖν
691 3417 765 3481 ὡς
811 3418 1284 3488 ἀφθαρτοδοκῆται
1326 3418 1841 3489 ἁναθεματίζονται.

340 3605 416 3657 B'.
447 3605 556 3658 Kal
577 3605 653 3666 ὡς
685 3604 814 3674 μίαν
837 3604 1001 3659 φύσιν
1034 3604 1092 3657 ἐν
1117 3603 1341 3675 Χριστῷ
1371 3603 1841 3674 βλασφημοῦντες,

257 3694 786 3764 ἀναθεματίζονται.

338 3785 415 3838 Γν.
449 3787 558 3838 Kal
615 3786 870 3856 ὠς·μίαν
926 3786 1214 3855 ἐνέργειαν
1262 3784 1430 3838 αὐτοῦ
1482 3783 1844 3852 κηρύττοντες

259 3877 508 3943 ἀσεϐῶς,
543 3881 635 3931 καὶ
664 3879 740 3940 ὡς
769 3878 896 3948 μίαν
926 3878 1150 3948 θέλησιν
1179 3877 1238 3929 ὲν
1271 3875 1496 3946 Χριστῷ
1536 3876 1840 3946 φλυαροῦν-

262 3986 384 4034 τες,
411 3970 928 4040 ἀναθεματίζονται.

339 4059 412 4113 Δ’.
446 4064 552 4116 Καὶ
593 4063 667 4125 ὡς
713 4065 804 4116 τὸν
856 4062 1270 4133 Εὐαγγελισμδν
1314 4062 1416 4132 τῆς
1461 4062 1723 4114 θεοτάκου
1769 4059 1874 4133 μὴ’

260 4155 644 4224 ἑορτάζοντες,
671 4155 1185 4225 ἁναθεματίζονται.

341 4246 418 4299 Ε’.
449 4249 555 4300 Kal
587 4249 661 4310 ὡς
690 4250 790 4317 τὴν
824 4250 1010 4302 εἰκόνα
1049 4247 1143 4301 τοῦ
1183 4247 1444 4318 Χριστοῦ,
1474 4249 1568 4300 καὶ
1593 4247 1692 4315 τῆς
1717 4247 1844 4300 Θεοο

258 4340 433 4394 τόκου
459 4341 533 4412 μὴ
560 4342 1012 4412 προσκυνοῦντες,
1034 4342 1128 4393 καὶ
1149 4341 1254 4394 τῶν
1279 4341 1448 4408 ἁγίων
1475 4357 1490 4372 ⁶
1514 4339 1627 4394 ἀλλ’
1649 4339 1846 4395 εἴδωλα

262 4434 705 4500 ἀποκαλοῦντες,
738 4432 1246 4504 ἁναθεματίζονται.

344 4526 437 4595 ς’.
475 4529 583 4582 Kal
625 4529 698 4590 ὡς
730 4529 938 4599 ἄζυμον
986 4529 1150 4596 ἄρτον
1194 4523 1502 4588 Ἰουδαϊκῶς
1535 4526 1612 4588 είς
1659 4525 1850 4580 θυσίαν

260 4622 668 4693 προσάγοντες,
703 4621 1220 4689 ἀναθεματίζονται.

342 4717 419 4768 Z'.
457 4714 569 4767 Kal
597 4715 673 4777 ὡς
714 4715 771 4765 ἐν
799 4715 878 4785 τῷ
916 4715 1043 4782 οῐνῳ
1090 4715 1182 4767 τοῦ
1217 4715 1448 4784 αἵματος
1473 4715 1568 4768 τοῦ
1609 4709 1847 4784 Χριστοῦ

262 4809 422 4876 ὓδωρ
461 4811 535 4878 μὴ
580 4808 897 4878 κιρνῶντες,
929 4807 1439 4876 ἁναθεματίζονται.

347 4902 431 4955 Ην.
465 4902 573 4954 Kal
601 4901 675 4958 ὡς
699 4899 759 4952 τὸ
780 4898 1108 4967 Εὑαγγέλιον
1136 4898 1228 4953 τοῦ
1257 4897 1494 4970 Χριστοῦ
1528 4895 1849 4966 παραχαρά-

261 4996 486 5062 ξαντες,
523 4992 1037 5063 ἁναθεματίζονται.

341 5090 421 5144 Θ’.
479 5091 586 5143 Kal
616 5089 691 5150 ὡς
737 5087 835 5156 τὴν
884 5089 1046 5152 ἁγίαν
1079 5085 1285 5152 Τριάδα
1337 5085 1395 5136 ἐν
1438 5082 1516 5153 τῷ
1567 5083 1848 5154 Τρισαγίῳ

262 5187 298 5239 ’ὑ
309 5202 432 5262 μνῳ
464 5181 844 5252 σταυροῦντες,
880 5178 1390 5247 ἁναθεματίζονται.

346 5279 402 5330 ιν.
441 5277 549 5330 Kal
579 5274 654 5338 ὠς
683 5276 783 5343 τὴν
809 5275 1069 5342 Γέννησιν
1109 5271 1199 5324 τοῦ
1227 5273 1464 5341 Χριστοῦ
1497 5270 1841 5343 ἀρνούμενοι,

262 5370 789 5438 ἀναθεματίςονται.

343 5459 446 5514 IA'.
481 5462 594 5515 Kal
622 5459 696 5522 ὡς
725 5459 824 5529 τὴν
851 5455 1319 5528 ψευδοιερωσῦνην
1347 5454 1524 5508 αὐτῶν
1549 5454 1844 5526 προφανῶς

265 5553 706 5623 πιπράσκοντες,
748 5553 842 5602 καί
884 5549 985 5620 τὴν
1037 5547 1335 5615 βδελυκτὴν
1373 5545 1582 5599 ἑαυτῶν
1629 5544 1840 5608 θυσίαν,

263 5644 542 5714 καπήλιον
577 5640 940 5712 πεποιηκότες
963 5659 977 5671 ·
1009 5639 1114 5693 ὑπὸ
1145 5637 1254 5691 τῶν
1300 5637 1470 5705 ἁγίων
1507 5635 1842 5699 ἀποστόλων,

267 5739 371 5794 καὶ
395 5737 504 5792 τῶν
533 5736 807 5806 θεοφόρων
829 5733 1086 5804 Πατὲρων
1116 5731 1191 5796 ὡς
1223 5729 1546 5800 Σιμωνιανοὶ
1571 5725 1844 5796 ἀναθεμα-

1953 3148 2176 3203 tentiam
2231 3143 2472 3198 omnium
2519 3147 2827 3194 sanctorum
2878 3133 3150 3203 suﬂragiis
3188 3135 3374 3200 latam,
3409 3148 3532 3188 esse

1949 3255 2046 3295 vos
2079 3236 2421 3292 adversarios
2453 3232 2677 3287 Christi.

2096 3328 2280 3396 Capita
2311 3341 2534 3395 quorum
2565 3323 2768 3376 ratione
2795 3319 3032 3372 Armenii
3055 3319 3383 3372 devoventur.

2020 3420 2061 3476 1.
2119 3421 2305 3488 Itaque
2342 3414 2870 3469 anathematizantur
2907 3410 3020 3475 illi,
3077 3419 3333 3478 tanquam
3383 3405 3532 3476 Aph-

1953 3509 2364 3566 thartodocetze.

2023 3603 2091 3657 ll.
2129 3601 2408 3669 Tanquam
2441 3611 2603 3650 unam
2647 3597 2701 3648 in
2731 3592 2950 3648 Christo
2995 3599 3244 3646 naturam
3281 3588 3534 3656 blasphe-

1951 3703 2186 3752 mantes.

2022 3785 2114 3840 lll.
2147 3782 2215 3840 Ut
2241 3797 2401 3836 unam
2429 3778 2544 3848 ejus
2575 3777 2942 3847 operationem
2966 3773 3131 3844 impie
3153 3771 3527 3842 praedicantes,

1949 3893 2014 3932 ac
2048 3891 2208 3930 unam
2242 3874 2295 3927 in
2327 3872 2443 3942 ipso
2471 3878 2737 3938 nugantes
2775 3866 3132 3920 voluntatem.

2021 4063 2110 4119 IV.
2148 4060 2219 4118 Ut
2251 4059 2344 4114 Dei
2378 4054 2667 4113 Ccnitricis
2705 4049 3182 4107 Annuntiationem
3233 4061 3343 4101 non
3389 4046 3529 4102 cele-

2017 4171 2190 4209 antes.

2017 4194 2027 4209 .
2109 4171 2138 4209 e
2177 4195 2190 4207 .

1951 4159 2193 4304 ιπῖίῖιιῗι
2222 4243 2428 4301 Christi
2465 4240 2780 4310 imaginem,
2824 4249 2888 4290 ac
2932 4233 3027 4288 Dei
3058 4229 3372 4294 Genitricis,
3404 4243 3530 4285 san-

1954 4352 2236 4408 torumque
2270 4351 2374 4390 non
2406 4335 2715 4396 adorantes,
2745 4327 2838 4382 sed
2863 4324 3002 4379 idola
3030 4321 3386 4392 appellantes.

2022 4533 2112 4588 Vl.
2149 4530 2218 4587 Ut
2251 4544 2444 4600 panem
2478 4537 2726 4594 azymum
2752 4517 3059 4574 Iudaeorum
3091 4528 3242 4569 more
3276 4513 3330 4567 in
3358 4511 3530 4570 sacri.

1952 4629 2128 4683 ﬁcium
2166 4624 2474 4679 oﬂereutes.

2025 4720 2134 4774 VII.
2171 4718 2238 4774 Ut
2269 4717 2358 4785 qui
2397 4719 2448 4770 in
2479 4715 2604 4768 vino
2648 4704 2927 4778 sanguinis
2957 4700 3158 4757 Christi
3195 4712 3387 4766 aquam
3418 4711 3525 4750 non

1950 4817 2233 4871 misceant.

1947 4957 1954 4963 .
2017 4905 2158 4962 Vlll.
2200 4905 2267 4961 Ut
2312 4903 2400 4973 qui
2450 4899 2649 4956 Christi
2699 4889 3041 4960 Erangelium
3080 4880 3523 4937 adulteraverint.

2021 5087 2112 5142 IX.
2162 5085 2234 5141 Ut
2281 5085 2371 5155 qui
2415 5093 2654 5136 sanctam
2699 5076 3020 5132 Trinitatem
3073 5073 3126 5128 in
3175 5071 3378 5140 hymno
3424 5063 3515 5118 Ter

1947 5195 2182 5248 sanctus,
2229 5177 2572 5244 cruciﬁgant.
3061 5241 3064 5243 Α

2018 5275 2087 5328 Χ.
2120 5271 2192 5328 Ut
2222 5270 2308 5340 qui
2344 5265 2546 5322 Christi
2581 5262 2923 5316 Nativitalem
2959 5268 3171 5331 negent.

2020 5450 2109 5504 XI.
2143 5447 2215 5504 Ut
2246 5445 2335 5514 qui
2367 5442 2504 5497 falso
2541 5441 2906 5495 existimatum
2958 5437 3312 5493 sacerdotium
3364 5451 3519 5490 suum

1950 5539 2231 5611 perspicue
2254 5535 2506 5597 vendant,
2531 5546 2594 5587 ac
2617 5528 2950 5585 exsecrabile
2976 5527 3300 5582 sacriﬁcium
3326 5525 3520 5581 venale

1949 5632 2183 5693 faciant;
2219 5628 2418 5682 idcirco
2468 5633 2722 5692 tanquam
2756 5618 3054 5675 Simoniani
3084 5635 3112 5670 a
3142 5617 3348 5674 sanctis
3387 5632 3522 5688 apo-

1947 5723 2100 5778 stolis
2160 5736 2219 5776 ac
2271 5717 2492 5775 deiferis
2533 5714 2786 5770 Patribus
2830 5711 3178 5770 anathemate
3230 5711 3515 5767 feriuntur.
