3968 6220
248 349 388 415 1213

1295 351 1581 414 ORATIO
1625 351 1648 408 ι
1689 349 1980 410 CONTRA
2037 354 2446 415 ARMENIOS.

3376 351 3508 414 1914

239 461 300 513 δὲ
341 460 470 524 τοὺς
511 461 609 530 τῆς
641 459 897 522 ἀσεϐείας
924 444 1106 514 αὐτῶν
1130 460 1409 531 ἀρχηγοὺς
1442 463 1536 515 καὶ
1567 462 1823 515 διδασκά-

1931 466 2072 531 quod
2120 480 2228 533 pra:
2263 464 2530 519 haereticis
2560 461 2681 517 aliis
2712 463 3052 528 audaciores,
3085 477 3148 517 ac
3178 462 3367 530 majori
3407 467 3509 520 im-

239 552 396 619 λους,
449 553 643 623 ἐπειδὴ
694 553 805 606 τῶν
854 553 1029 606 ἄλλων
1086 555 1382 625 αίρετικῶν
1433 555 1826 625 τολμηρότεροι

244 647 346 698 καὶ
394 644 756 715 ἀσεϐέστεροι
806 643 1116 714 γενόμενοι,
1185 647 1385 716 μυρίας
1433 649 1676 716 αἱρέσεις
1733 647 1828 700 καὶ

247 736 609 807 βλασφημίας
665 738 759 789 καὶ
811 737 1076 809 ἀρνήσεις
1136 739 1276 791 κατὰ
1313 740 1412 808 τῆς
1457 740 1552 792 τοῦ
1589 739 1826 810 Χριστοῦ

248 828 612 900 σαρκώσεως,
643 831 739 881 καὶ
771 829 1055 891 εὐσεϐείας
1102 831 1408 884 έπλάσαντο
1431 873 1446 895 ,
1477 832 1572 884 καὶ
1606 849 1829 901 χριστοο

251 921 422 990 μάχοι
460 920 758 991 προφανῶς
799 921 1212 990 ἁνεδείχθησαν,
1273 925 1370 992 οὐχ
1414 923 1519 976 ὑπὸ
1569 925 1697 993 μιᾶς
1735 926 1828 977 καὶ

251 1019 426 1088 μόνης
491 1018 726 1070 συνόδου
790 1019 1244 1089 κατεκρίθησανο
1308 1018 1561 1071 ἀλλ’ὑπὺ
1617 1018 1829 1071 πολλῶν

247 1111 349 1164 καὶ
387 1110 638 1181 μεγάλων
671 1111 1067 1180 οίκουμενικῶν
1103 1112 1195 1163 καὶ
1225 1110 1467 1164 τοπικῶν
1492 1111 1659 1178 ἁγίων
1698 1128 1828 1162 συν-

247 1203 385 1256 ὁδων
412 1203 841 1271 κατακριθέντες
864 1205 959 1254 καὶ
986 1202 1535 1271 ἁναθεματισθέντες.

325 1295 422 1348 ΙΖ’.
466 1295 571 1347 Τὸν
633 1293 732 1362 μὲν
785 1295 893 1364 γὰρ
937 1293 1158 1363 Ἀρειον
1200 1297 1344 1347 κατὰ
1399 1294 1491 1347 τοῦ
1548 1295 1675 1347 Υίοῦ
1733 1295 1827 1347 τοῦ

245 1388 388 1440 Θεοῦ
443 1385 899 1456 βλασφημοῦντα,
954 1388 987 1455 ή
1043 1385 1234 1456 πρώτη
1289 1387 1422 1454 ἁγία
1475 1387 1828 1456 οίκουμενικὴ

249 1481 496 1543 σύνοδος,
529 1480 638 1532 τῶν
686 1485 794 1548 τιη⁹
835 1477 1006 1546 ἁγίων
1037 1480 1180 1532 Πατέ
1191 1497 1297 1548 ρων
1324 1479 1684 1547 ἀνεθεμάτισε
1709 1480 1828 1532 ’τὸν

246 1569 307 1622 δὲ
345 1567 802 1637 πνευματομάχον
839 1566 1192 1629 Μακεδόνων,
1233 1566 1342 1619 τῶν
1369 1566 1445 1638 ρν⁹
1501 1570 1672 1636 ἁγίων
1718 1573 1830 1624 Πα-

245 1663 548 1731 τέρων.....
637 1659 1120 1730 Βλασφημοῦντα,
1175 1661 1270 1713 καὶ
1331 1660 1485 1730 ψιλὸν
1541 1662 1826 1733 ἄνθρωπον

247 1755 418 1807 αύτδν
453 1752 704 1821 λέγοντα,
737 1753 829 1804 καὶ
859 1753 1282 1822 ἀνθρωποτόκον
1313 1754 1414 1824 τὴν
1454 1755 1670 1824 άληθῶς
1699 1757 1828 1808 Θεο-

246 1845 416 1898 τὸκον
446 1843 874 1914 δογματίσαντα,
923 1845 956 1914 ἠ
1002 1846 1061 1896 ὲν
1087 1843 1303 1916 Ἐφέσῳ
1337 1847 1529 1915 πρώτη
1566 1845 1672 1898 τῶν
1703 1846 1828 1898 δια-’

249 1937 456 1989 κοσίων
519 1935 822 1988 θεσπεσίων
870 1935 1152 2006 Πατέρων,
1204 1938 1236 2006 ἡ
1285 1938 1416 2004 ἁγία
1469 1938 1822 2007 οίκουμενικὴ

245 2029 408 2098 τρίτη
447 2029 667 2091 σύνοδος
693 2069 706 2091 ,
748 2029 970 2081 καθεῖλε
1020 2031 1115 2082 καί⁹
1170 2029 1542 2100 ἀπεκήρυξεν.
1581 2032 1825 2102 Εὐτυχέσι

243 2116 305 2168 δὲ
337 2116 428 2168 καὶ
462 2115 758 2186 Διόσκορον
780 2156 794 2179 ,
828 2116 1095 2184 Τιμόθεον
1143 2119 1234 2169 τὸν
1280 2119 1542 2189 Αῐλουρον
1563 2159 1576 2181 ,
1618 2122 1824 2190 Πέτρον

244 2207 342 2258 τὸν
375 2206 620 2274 Κναφέα,
655 2206 769 2268 Ϊκαὶ
812 2206 1070 2259 Ἰάκωϐον
1117 2209 1208 2261 τὸν
1261 2207 1454 2279 Σύρον,
1512 2210 1820 2278 Ἰουλιανὸν,

245 2296 342 2347 καὶ
377 2295 635 2364 Σευῆρον,
671 2295 765 2346 καὶ
797 2297 923 2358 τοὺς
957 2295 1273 2366 ὁμόφρονας
1302 2298 1483 2350 αὐτῶν
1505 2317 1520 2331 ·
1551 2300 1822 2371 πρότερον

247 2385 354 2452 μὲν
411 2386 638 2454 μηδέπω
694 2385 902 2438 τούτων
967 2389 1375 2456 ἀναφανέντων,
1439 2391 1738 2462 Γρηγόριος
1797 2397 1824 2446 ὁ

239 2475 706 2547 Θαυματουργὺς,
754 2479 1077 2543 ’Δθανάσιος
1108 2483 1136 2534 6
1184 2482 1384 2550 μέγας,
1438 2483 1742 2555 Γρηγόριος
1795 2488 1824 2539 6

237 2567 530 2636 Θεολόγος,
555 2571 860 2641 Γρηγόριος
885 2572 912 2624 ὁ
940 2571 1242 2643 Νύσσης,’Δ
1254 2575 1818 2648 μϐρώσιος,Ἐφραὶμ,

253 2657 516 2729 Ἰωάννης
571 2661 600 2712 6
653 2662 1073 2731 Χρυσόστομος,
1145 2663 1500 2735 Σίλϐεστρος,
1577 2664 1819 2732 Ἰούλιος,

237 2750 505 2819 Δάμασος
525 2792 540 2817 ,
582 2753 852 2824 Κύριλλος
894 2755 1291 2825 Ἰεροσολύμων
1321 2795 1336 2820 ,
1370 2758 1638 2829 Κύριλλος
1669 2760 1820 2813 Ἀλε-

241 2843 558 2916 ξανδρείας,
607 2846 947 2914 Ἐπιφάνιοε,
999 2846 1283 2912 Βασίλειος
1323 2853 1352 2903 ὁ
1401 2850 1595 2918 Μέγας
1623 2869 1636 2882 ο
1670 2853 1822 2920 ίσάγ-

240 2935 403 3004 γελοι
434 2937 530 2990 καὶ
560 2937 811 3008 θεοφόροι
835 2939 930 2992 καὶ
956 2939 1368 3010 θαυματουργοὶ
1401 2943 1496 2995 καὶ
1529 2944 1824 3014 σημειοφό-

242 3044 338 3099 gat.
390 3028 536 3094 ἅγιοι
591 3031 859 3100 Πατέρες,
910 3031 1289 3100 προφητικῶς,
1325 3033 1400 3095 ὡς
1451 3033 1543 3086 τὸν
1576 3035 1818 3104 Ἀρειον,

240 3119 347 3172 καὶ
396 3120 728 3186 λίανικαῖον,
773 3122 866 3174 καὶ
928 3122 1360 3193 Ἀπολλινάριον,
1405 3125 1606 3194 ὁμοίως
1638 3127 1820 3190 αὐτοῖς

243 3211 348 3265 καὶ
377 3214 503 3275 τοὺς
538 3213 668 3282 μίαν
686 3213 850 3282 φύσιν
881 3216 940 3267 ἐν
966 3215 1190 3286 Χριστῷ
1215 3215 1701 3286 βλασφημοῦντας,
1727 3219 1822 3271 καὶ

237 3302 612 3375 τὴν-θεότητα
641 3303 809 3357 αὐτοῦ
857 3305 1109 3374 παθητὴν
1153 3306 1247 3358 καὶ
1295 3306 1498 3378 θνητὴν
1548 3309 1824 3378 δογματί-

238 3395 462 3461 ζοντας,
523 3395 786 3466 μυριάκις
827 3393 1274 3464 ἀνεθεμάτισαν·
1328 3397 1710 3465 ἀναφανέντας
1765 3398 1822 3451 δὲ

240 3486 448 3549 αὐτούς
495 3503 508 3517 ο
556 3487 701 3555 λέγω
735 3486 799 3557 δὴ
837 3487 1089 3558 Εὑτυχέα
1130 3487 1222 3540 καὶ
1274 3488 1606 3558 Διόσκορον,
1650 3491 1822 3560 Τιμό-

243 3577 398 3640 Θεον,
438 3578 530 3631 κα)⁸
559 3578 787 3649 Πέτρον,
829 3579 928 3632 καὶ
959 3577 1269 3644 Ἰουλιανὸν,
1307 3581 1555 3643 καὶτοὺς
1587 3583 1824 3650 ὁμόφρο-

237 3685 350 3730 νας
381 3667 556 3721 αύτῶν
585 3684 600 3700 ο
641 3667 861 3738 πρῶτον
899 3668 1024 3738 μὲν,
1058 3669 1208 3722 Λέων
1249 3672 1276 3722 ὁ
1307 3671 1520 3738 Μέγας,
1569 3674 1660 3724 καὶ
1686 3673 1824 3726 Φλα-

238 3759 436 3821 6ιανὸς
464 3759 513 3811 οἱ
546 3760 845 3827 ἁγιώτατοι
883 3775 896 3786 '
935 3760 1030 3812 καὶ
1071 3762 1102 3830 ἡ
1136 3761 1350 3830 μεγάλη
1373 3803 1386 3825 ,
1425 3764 1520 3816 καὶ
1567 3765 1822 3834 οίκουμε-

237 3851 374 3920 νικὴ
403 3851 512 3904 τῶν
562 3851 639 3922 χλ¹
671 3852 946 3921 θεοφόρων
979 3852 1242 3922 Πατέρων
1276 3856 1334 3906 έν
1359 3853 1666 3924 Χαλκηδόνι
1692 3858 1822 3924 ἁγία

240 3945 491 4009 σύνοδος,
540 3944 860 4006 καθελόντες
897 3944 1099 4007 αὐτοὺς
1143 3947 1238 3998 καὶ
1295 3945 1820 4016 ἁναθεματίσαντες,

237 4037 329 4106 τῷ
357 4036 587 4104 διαϐόλῳ
620 4037 966 4106 παρέδωκαν.
1012 4037 1291 4100 Ὡσαύτως
1325 4037 1382 4090 δὲ
1415 4038 1508 4091 καὶ
1538 4039 1596 4092 έν
1623 4038 1824 4109 Ἰερου-

241 4124 456 4194 σαλὴμ,
485 4125 576 4176 ἐπὶ
602 4122 970 4176 Ἀναστασίου
1007 4122 1102 4175 τοῦ
1145 4123 1382 4188 ἀσεϐοῦς
1415 4125 1700 4194 βασιλέως,
1729 4129 1822 4180 καὶ

251 4216 510 4271 Ἰωάννου
553 4216 897 4287 πατριάρχου
957 4217 1372 4287 Ἰεροσολύμων,
1403 4219 1684 4285 Θεοδόσιος
1730 4222 1824 4273 καὶ

235 4306 431 4368 Σάϐας
465 4306 514 4358 οἱ
547 4305 866 4372 ἁγιώτατοι,
903 4306 1037 4358 δέκα
1076 4307 1327 4376 χιλιάδας
1369 4309 1599 4380 πλήρεις
1650 4311 1821 4364 ἁϐϐάο

235 4398 345 4460 δας
399 4397 763 4468 ἐρημιτικοὺς
829 4397 1101 4465 μοναχοὺς
1157 4397 1504 4462 συνάξαντες.
1576 4401 1821 4473 Εὑτυχέα

1932 552 2129 621 pietate
2163 552 2360 615 allecti,
2399 553 2712 606 innumeras
2744 553 2997 613 haereses,
3030 567 3092 604 ac
3125 551 3507 621 blasphemias,

1930 653 1984 696 et
2042 646 2360 713 negationes
2412 644 2674 698 adversus
2722 643 2920 698 Christi
2963 645 3396 699 incarnationem
3446 661 3509 699 ac

1931 736 2182 802 pietatem
2217 733 2621 798 conﬂuxissent,
2652 749 2715 787 ac
2746 734 3031 803 perspicue
3077 734 3280 788 Christi
3316 751 3374 789 se
3412 736 3508 787 ad-

1931 829 2200 881 versarios
2245 825 2631 895 prodidissent.
2662 827 2859 877 nedum
2891 826 2958 876 ali
2994 842 3098 878 una
3147 842 3210 879 ac
3247 827 3506 893 singulari

1931 919 2134 990 synodo
2169 919 2410 970 damnari
2458 921 2719 984 oportuit,
2772 932 2957 970 verum
2995 933 3024 971 a
3067 919 3247 972 multis
3275 921 3513 988 magnis-

1931 1025 2034 1079 que
2090 1010 2482 1063 nniversalibus
2542 1025 2605 1062 ac
2664 1009 2927 1062 localibus
3017 1011 3192 1063 sacris
3249 1009 3506 1079 synodis,

1931 1102 2192 1172 proscribi
2233 1116 2454 1155 necesse
2487 1100 2607 1164 fuit,
2641 1116 2705 1154 ac
2743 1101 3015 1155 devoveri.

2000 1295 2163 1349 XVII.
2197 1296 2380 1348 Arium
2432 1293 2648 1362 quidem
2698 1292 2956 1344 adversus
3009 1290 3098 1342 Dei
3153 1285 3344 1342 Filium
3395 1289 3508 1342 hla-

1931 1389 2337 1456 spltemantem,
2380 1387 2550 1453 prima
2604 1393 2785 1436 sancta
2847 1380 3178 1434 (Bcumenica
3234 1381 3505 1447 synodus,

1929 1489 2240 1534 sanctorum
2302 1493 2528 1532 cccxvut
2582 1475 2804 1528 Patrum
2842 1474 3086 1537 devovit;
3137 1471 3506 1525 Maecdonium

1931 1581 2109 1625 autem
2159 1570 2393 1639 Spiritus
2427 1568 2600 1622 sancti
2648 1565 3046 1629 adversarium,
3080 1580 3143 1618 CL
3193 1572 3507 1617 sanctorum

1929 1661 2266 1716 Patrum.....
2322 1659 2652 1731 (Nestorium
2707 1658 2856 1725 vero)
2913 1655 3394 1724 blasphemantem,
3446 1668 3508 1706 ac

1931 1769 2120 1821 purum
2151 1753 2423 1807 hominem
2453 1752 2626 1819 ipsum
2658 1749 2948 1811 dicentem,
2980 1762 3041 1800 ac
3075 1757 3299 1800 matrem
3333 1746 3508 1799 homi-

1935 1848 2038 1909 nis,
2074 1862 2192 1913 quae
2223 1861 2346 1899 vere
2378 1844 2672 1906 Deiparens
2699 1853 2864 1905 esset,
2908 1841 3076 1910 prima
3117 1841 3381 1908 Ephesina
3427 1841 3509 1894 di-

1935 1937 2178 1990 vinorum
2248 1936 2600 1989 ducentorum
2661 1933 2876 1986 Patrum
2935 1941 3119 1986 sancta
3175 1932 3507 1985 meumeuica

1934 2030 2092 2082 tertia
2144 2029 2404 2097 synodus,
2457 2025 2704 2094 deposu't
2755 2024 3194 2092 proscripsitque.
3245 2023 3312 2075 At
3349 2023 3510 2091 Euly-

1932 2124 2138 2175 chctem
2167 2136 2230 2174 ac
2267 2122 2603 2177 Dioscorum,
2628 2117 2971 2170 Timotheum
2999 2116 3264 2179 IE’urttm,
3293 2114 3505 2167 Petrum

1933 2215 2231 2278 Fullonmn,
2265 2213 2522 2266 Jacobum
2554 2210 2766 2280 Syrum,
2796 2209 3092 2271 Julianum,
3128 2223 3186 2260 ac
3221 2207 3504 2271 Severum,

1931 2323 1993 2360 ac
2035 2306 2100 2359 iis
2150 2306 2397 2373 dogmate
2451 2301 2892 2366 consentientes;
2931 2300 3078 2369 prius
3123 2299 3338 2367 quidem
3384 2314 3505 2352 cum

1932 2397 2162 2453 necdum
2212 2395 2609 2465 apparuissent,
2654 2393 2948 2462 Gregorius
2994 2393 3080 2446 ille
3121 2392 3504 2446 miraculorum

1931 2498 2192 2560 patrator,
2227 2487 2453 2556 Magnus
2487 2486 2840 2547 Athanasius,
2861 2485 3155 2550 Gregorius
3181 2484 3504 2549 TheolOgus,

1929 2582 2224 2653 Gregorius
2271 2578 2567 2651 Nyssenus,
2597 2577 2934 2641 Ambrosius,
2966 2577 3198 2646 Ephrem
3222 2617 3239 2644 ,
3272 2576 3509 2632 Joannes

1930 2669 2364 2740 Chrysostomus,
2396 2667 2690 2739 Sylvester,
2731 2666 2928 2730 Julius,
2967 2667 3248 2732 Damasus,
3276 2667 3506 2735 Cyrillus

1931 2759 2473 2830 Hierosolymitanus,
2520 2758 2752 2830 Cyrillus
2802 2759 3225 2823 Alexandrinus,
3275 2760 3507 2826 Epipha-

1931 2854 2090 2917 nius,
2136 2852 2363 2907 Basilius
2412 2851 2668 2920 Magnus,
2704 2851 2908 2921 angelis
2940 2851 3143 2906 similes
3173 2867 3236 2906 ac
3279 2851 3467 2905 deiferi
3491 2891 3505 2911 .

1931 2944 2432 3012 miraculorumque
2500 2951 2842 3012 patratores,
2909 2959 2972 2997 ac
3039 2943 3280 3014 signiferi
3333 2945 3504 2998 sancti

1931 3037 2142 3100 Patres,
2177 3035 2493 3105 prophetico
2544 3035 2755 3104 spiritu,
2818 3034 2892 3088 uti
2941 3032 3152 3100 Arium,
3216 3050 3281 3088 ac
3340 3034 3498 3088 Mani-

1929 3129 2160 3191 clueum,
2199 3126 2718 3196 Apollinariumque,
2753 3125 2825 3179 ita
2868 3125 3072 3194 pariter
3101 3140 3221 3179 cum
3253 3125 3377 3188 illis,
3415 3140 3508 3180 eos

1928 3219 2022 3288 qui
2067 3228 2314 3272 naturam
2337 3231 2496 3270 unam
2536 3215 2589 3268 in
2617 3214 2832 3270 Christo
2861 3215 3330 3282 blasphemarent,
3364 3213 3507 3282 ejus-

1924 3325 2031 3380 que
2081 3309 2348 3364 Deitatem
2402 3307 2714 3376 passibilem
2767 3321 2831 3360 ac
2886 3305 3169 3360 mortalem
3240 3305 3507 3368 dicerent,

1926 3399 2199 3454 sexcentis
2243 3399 2454 3453 vicibus
2490 3397 2846 3452 devoverunt.
2883 3396 2982 3451 Ubi
3020 3405 3197 3449 autem
3231 3397 3508 3465 apparuis-

1925 3500 2066 3554 sent,
2101 3489 2391 3560 Eutyches,
2440 3488 2682 3556 inquam,
2713 3497 2769 3540 et
2819 3487 3132 3551 Dioscorus,
3163 3485 3506 3554 Timotheus,

1925 3580 2249 3648 Petrusque,
2303 3593 2368 3634 ac
2416 3577 2688 3643 Julianus,
2751 3577 2927 3645 iisque
2984 3576 3182 3630 similia
3229 3585 3503 3642 errantes;

1923 3673 2156 3742 primum
2188 3671 2404 3740 quidem
2451 3670 2803 3732 sanctissimi,
2839 3669 3064 3738 Magnus
3094 3668 3184 3723 ille
3213 3667 3342 3734 Leo,
3381 3667 3507 3722 Fla-

1926 3766 2157 3830 vianus,
2226 3778 2527 3833 magnaque
2590 3773 2646 3816 et
2714 3761 3049 3817 mcumenica
3122 3770 3504 3814 sescentorum

1925 3855 2143 3923 triginta
2189 3869 2219 3908 a
2249 3854 2358 3909 Deo
2402 3854 2702 3908 amatorum
2741 3851 2956 3905 Patrum
2993 3862 3178 3907 sancta
3210 3851 3506 3907 Chalcedo-

1928 3947 2110 4000 nensis
2163 3947 2437 4016 synodus,
2493 3959 2586 3999 eos
2632 3944 2964 4012 deponentcs
3028 3959 3091 3998 ac
3145 3945 3498 4008 devoventes,

1925 4036 2140 4089 diabolo
2182 4035 2534 4089 tradiderunt.
2581 4030 2844 4087 Similiter
2885 4043 3064 4086 autem
3119 4032 3173 4086 in
3203 4031 3501 4086 Jerusalem

1927 4143 2139 4196 quoque
2169 4128 2271 4183 sub
2306 4126 2472 4196 impio
2506 4126 2834 4193 imperatore
2863 4125 3171 4187 Anastasio,
3202 4139 3266 4177 ac
3293 4120 3503 4176 Joanne

1928 4218 2423 4288 Hierosolymorum
2449 4216 2775 4288 patriarcha,
2798 4215 3126 4270 sanctissimi
3145 4214 3502 4276 Theodosius,

1926 4327 1990 4366 ac
2021 4309 2211 4375 Sabas,
2250 4309 2667 4380 congregatione
2712 4308 2852 4361 facta
2892 4308 3077 4361 decem
3111 4305 3334 4361 millium
3365 4320 3503 4374 prmo

1928 4402 2224 4471 positorum
2285 4417 2346 4455 ac
2396 4401 2786 4454 monachorum
2813 4398 3002 4462 eremi,
3027 4397 3382 4468 Eutychctem
3438 4409 3502 4448 ac

237 4489 345 4544 καὶ
387 4490 698 4558 Διόσκορον,
736 4488 1034 4558 Τιμόθεον,
1072 4490 1278 4560 Πέτρον
1308 4491 1396 4544 τὸν
1424 4494 1674 4562 Κναφέα,
1727 4497 1821 4548 καὶ

1930 4494 2270 4555 Dioscorum,
2319 4491 2687 4556 TimOIheum,
2736 4491 2956 4545 Petrum
3004 4489 3304 4553 Fullonem,
3339 4487 3503 4542 Seve-

233 4579 511 4651 Σευῆρον,
555 4580 652 4633 κα)⁸
699 4579 828 4642 τοὺς
860 4579 1065 4633 τούτων
1115 4581 1446 4650 ὁμόφρονας,
1501 4582 1581 4653 τῷ
1627 4584 1824 4636 ἀναθέ-

234 4687 382 4742 ματι
432 4671 780 4741 παρέδωκαν.
842 4671 954 4723 Καὶ
1013 4672 1048 4741 ἡ
1108 4673 1337 4742 πέμπτη
1386 4672 1444 4725 δὲ
1505 4672 1675 4741 ἁγία,
1729 4678 1824 4729 καὶ

229 4766 604 4837 οίκουμενικὴ
649 4765 889 4832 σύνοδος,
943 4765 1055 4820 τῶν
1091 4765 1199 4835 ρξε’
1260 4768 1431 4837 ἁγίων
1467 4771 1725 4842 Πατέρων
1763 4772 1824 4825 ἐν

228 4860 828 4915 Κωνσταντινουπόλει
879 4860 1216 4915 συνελθοῦσα
1276 4862 1370 4914 ἐπὶ
1435 4863 1821 4917 Ἰουστινιανοῦ

230 4951 518 5024 βασιλέως
548 4949 644 5003 τοῦ
679 4950 942 5021 μεγάλου,
975 4952 1070 5004 καὶ
1099 4951 1199 5022 τὴν
1229 4954 1287 5005 έν
1327 4953 1628 5024 Χαλκηδόνι
1659 4955 1822 5022 ἁγίαν

235 5041 472 5098 σύνοδον
506 5039 926 5112 έπικυρώσασα,
960 5044 1213 5113 Εὐτυχέα
1243 5045 1337 5096 καὶ
1362 5045 1654 5116 Διόσκορον
1677 5087 1691 5111 ,
1727 5050 1822 5101 καὶ

227 5135 372 5196 τοὺς
402 5134 713 5203 ὁμόφρονας
746 5134 926 5186 αὐτῶν
957 5135 1431 5203 ἁναθεματίσασα.

318 5225 427 5277 IH’.
484 5224 655 5277 Πάλιν
704 5223 762 5276 δὲ
803 5225 997 5303 Μηνᾶς
1053 5226 1080 5276 ὁ
1131 5224 1437 5292 ἁγιώτατος
1480 5229 1822 5300 πατριάρχης

234 5316 925 5382 Κωνσταντινουπόλεως,
974 5318 1070 5369 καὶ
1115 5319 1422 5390 Ἀγαπητὸς
1455 5320 1483 5372 6
1513 5324 1822 5391 τρισμακά-

235 5425 366 5480 ριος
396 5408 586 5471 πὰπας
619 5408 864 5479 Ῥώμης,
891 5409 1032 5462 κατὰ
1071 5411 1388 5482 Διοσκόρου,
1421 5414 1513 5466 καὶ
1551 5415 1816 5486 Σευὴρου,

235 5502 341 5558 καὶ
374 5501 586 5571 Πέτρου
613 5500 708 5554 τοῦ
741 5501 1034 5570 Κναφέως,
1065 5503 1160 5556 καὶ
1194 5504 1405 5574 Πέτρου
1443 5507 1667 5574 Μογγοῦ
1697 5507 1820 5560 σύν-

233 5595 364 5648 οδον
401 5593 882 5666 συναθροίσαντες,
915 5595 1164 5660 τούτους,
1199 5597 1295 5650 καὶ
1328 5598 1426 5659 τὰς
1451 5598 1657 5653 τούτων
1704 5600 1822 5652 θεο-

241 5687 460 5757 μάχους
517 5687 863 5759 συγγραφάς,
916 5687 1014 5742 καὶ
1076 5689 1202 5752 τοὺς
1263 5688 1467 5744 τούτων
1509 5669 1818 5762 ὁμόφρονας

241 5779 779 5848 ἁναθεματίσαντες,
814 5781 890 5851 τῷ
922 5781 1152 5848 διαϐόλῳ
1184 5781 1532 5852 παρέδωκαν.

1926 4601 2068 4647 rum,
2101 4599 2164 4638 ac
2211 4598 2497 4652 sequaces,
2529 4583 2865 4636 anathemati
2903 4580 3259 4635 tradiderunt.
3310 4577 3414 4632 Sed
3449 4586 3505 4632 et

1926 4679 2113 4747 quinta
2169 4686 2355 4730 sancta
2405 4675 2737 4730 ozcumenica
2770 4673 3032 4744 synodus,
3076 4682 3290 4728 centum
3343 4686 3502 4729 sexa-

1925 4770 2070 4838 ginta
2101 4769 2338 4838 quinque
2369 4781 2682 4824 sanctorum
2712 4767 2956 4832 Patrum,
2978 4761 3498 4828 Constantinopolim

1924 4859 2023 4914 sub
2066 4873 2260 4929 magno
2307 4855 2611 4912 Justiniano
2656 4860 2981 4924 imperatore
3028 4854 3388 4916 conveniens,
3436 4865 3502 4905 ac

1923 4957 2164 5005 sanctam
2234 4949 2496 5017 synodum
2574 4945 3065 5000 Chalcedonensem
3135 4943 3498 5004 conﬁrmans,

1925 5041 2279 5110 Eutychetem
2311 5050 2364 5094 ct
2413 5038 2754 5102 Dioscorum,
2786 5037 2970 5105 eisque
3018 5036 3354 5088 adhaerentes
3402 5032 3499 5087 de-

1925 5133 2087 5186 vovit.

1995 5238 2180 5293 XVIII.
2206 5241 2406 5292 Iterum
2437 5251 2564 5289 vero
2589 5233 2966 5288 sanctissimus
2990 5231 3170 5286 Menas
3192 5231 3496 5300 patriarcha

1921 5325 2579 5395 Constantinopolitantts,
2635 5339 2698 5378 ac
2760 5333 2839 5377 ter
2890 5325 3075 5377 beatus
3123 5338 3258 5392 papa
3311 5320 3497 5375 Roma:

1922 5421 2214 5489 Agapetus,
2250 5418 2509 5472 adversus
2555 5415 2895 5479 Dioscorum,
2944 5431 3008 5468 ac
3057 5413 3340 5478 Severum,
3393 5411 3495 5466 Pe-

1925 5522 2172 5569 trumque
2207 5508 2504 5569 Fullonem,
2544 5525 2606 5561 ac
2647 5508 2864 5562 Petrum
2915 5507 3181 5576 Moggum,
3231 5505 3492 5576 synodum

1922 5615 2332 5677 congregantes,
2377 5611 2618 5664 eosdem,
2665 5615 2727 5652 ac
2767 5598 2874 5653 Dio
2924 5597 3264 5652 adversantia
3309 5611 3496 5648 eorum

1921 5695 2140 5759 scripta,
2181 5707 2476 5759 cormnque
2528 5691 2749 5747 haeresis
2797 5699 3092 5745 sectatores
3143 5688 3488 5750 dcvoventcs,

1922 5784 2131 5841 diabolo
2169 5783 2519 5838 tradiderunt.
