3968 6220
210 266 352 331 1221
1285 262 1567 325 ORATIO
1593 264 1640 323 Π
1677 262 1976 322 CONTRA
2013 261 2436 343 ARMENIOS.
2530 294 2533 297 -
3341 263 3482 331 1222

217 382 384 435 Ἐπεὶ
415 381 511 434 κα)⁸
543 381 571 434 6
612 378 785 432 Ἠσαῦ
822 379 1018 450 πόρνος
1052 379 1145 432 καὶ
1169 379 1423 450 βδελυρὸς
1447 378 1677 451 ἐκλήθη,
1702 378 1797 430 καὶ

1912 390 2005 429 nus
2034 376 2335 445 appellatus
2360 387 2462 441 est,
2493 383 2655 445 atque
2688 391 2715 428 ιι
2754 376 3033 429 duodecim
3071 378 3482 449 ttibttttm,qttas

200 470 546 542 διεχωρίσθη
583 471 645 523 ὲκ
673 470 782 521 τῶν
809 468 874 537 ιβ’
905 467 1110 537 φυλῶν,
1149 466 1214 532 ἃς
1249 468 1465 535 ἐδέξατο
1495 469 1523 521 6
1558 469 1693 531 Θεὸς
1724 469 1803 530 εἰς

1912 467 2049 521 Dens
2097 468 2165 523 ad
2220 468 2585 523 haereditatem
2649 467 2923 538 elegisset.
2983 477 3129 523 sorte
3177 470 3479 540 abdicatus,

201 559 588 634 κληρονομίαν
638 559 836 614 ἑαυτοῦ
864 577 877 590 °
920 560 1006 613 ὅτι
1034 560 1124 613 διὰ
1160 562 1290 630 μιᾶς
1342 558 1597 631 βρώσεως
1629 556 1803 625 παρέ-

202 655 359 707 δωκε
388 653 486 725 τὴν
528 654 943 723 πρωτοτοκυῖαν
992 650 1160 706 αὑτοῦ
1187 669 1201 685 ο
1240 652 1391 721 πόσῳ
1429 650 1633 721 μᾶλλον
1683 650 1802 719 βδε-

202 746 537 817 λυκτότεροι
565 742 949 814 τυγχάνουσιν,
977 746 1027 799 οἱ
1055 748 1153 815 τῆς
1185 744 1552 812 ἁποστολικῆς
1579 744 1675 797 καὶ
1700 760 1803 797 κα-

203 837 444 906 θολικῆς
494 835 821 906 Ἐκκλησίας
851 836 1333 907 ἀλλοτριωθέντες,
1354 835 1449 888 καὶ⁵
1481 835 1622 901 ξένοι
1649 835 1804 903 γενό-

208 947 374 997 μενοι
409 928 506 997 τῆς
548 927 857 996 ἀμωμήτου
894 929 1152 990 πίστεως.
1199 927 1318 997 ἅμα
1362 927 1471 981 τῶν
1505 926 1675 995 ἁγίων
1709 927 1804 978 καὶ

205 1017 592 1073 ἁποστολικῶν
623 1018 850 1087 θρόνων.
885 1017 993 1069 Καὶ
1033 1016 1288 1072 Ἰωνάθαν
1317 1017 1430 1087 (60)
1458 1017 1667 1084 ἀγνοῶν
1695 1033 1803 1069 τια-

215 1109 361 1179 ρέὁη
387 1109 484 1180 τὴν
519 1109 742 1180 ἐντολὴν
766 1109 870 1162 τοῦ
895 1109 1104 1179 πατρὸς
1134 1109 1300 1163 αὐτοῦ
1338 1109 1511 1164 Σαοὺλ
1536 1110 1595 1162 ὲν
1627 1109 1804 1180 καιρῷ

212 1202 585 1272 παρατάξεως
620 1201 711 1254 διὰ
732 1201 1084 1272 βραχυτάτης
1109 1202 1388 1273 βρώσεως,
1420 1202 1603 1272 ψῆφον
1633 1201 1803 1256 θανά-

213 1313 316 1349 του
350 1294 589 1359 ἐδέξατο.
621 1293 687 1347 Τί
709 1293 775 1347 ἂν
797 1295 1008 1365 εἴποιμι
1032 1295 1161 1364 περὶ
1185 1295 1290 1346 τῶν
1315 1294 1598 1359 τοιούτων,
1619 1295 1671 1347 οἱ
1695 1293 1804 1348 τῶν

213 1386 398 1454 ἁγίων
436 1385 782 1449 ἀποστόλων,
814 1385 908 1438 καὶ
945 1385 1055 1439 τῶν
1080 1385 1238 1439 θείων
1277 1386 1539 1455 Πατέρων
1573 1386 1804 1438 ἐντολῶν

217 1477 542 1548 παραϐάται
573 1517 588 1543 ,
616 1477 712 1531 καὶ
756 1477 827 1529 τὰ
854 1477 962 1530 τῶν
1007 1476 1276 1547 Ἐϐραίων
1305 1476 1667 1547 φρονούντων.
1695 1475 1806 1528 Καὶ

217 1573 249 1624 6
279 1571 446 1624 Δαόὶδ
475 1572 504 1624 ό
549 1570 837 1641 προφήτης
869 1571 956 1622 διὰ
1003 1570 1060 1622 τὸ
1108 1569 1531 1639 ἀπογράψασθαι
1571 1570 1669 1630 τὰς
1711 1567 1803 1622 ὑπ’

224 1662 396 1718 αὐτοῦ
448 1662 750 1732 βασιλείας,
784 1661 953 1732 ὀργὴν
984 1660 1118 1714 θεοῦ
1138 1662 1504 1725 ἐπεσπάσατο,
1526 1660 1621 1713 καὶ
1652 1660 1802 1713 ἐϐδο-

1904 561 2046 626 qnod
2076 568 2295 627 propter
2322 572 2481 611 unam
2509 571 2688 611 escam
2725 556 2994 626 primitiva
3026 572 3122 611 sua
3161 560 3474 624 tradiderit;

1905 656 2111 714 quanto
2172 651 2343 717 magis
2377 646 2584 718 profani
2620 663 2683 702 ac
2728 650 2852 702 odio
2879 652 3261 717 prosequendi,
3291 654 3379 720 qui
3408 654 3483 708 ab

1904 743 2198 811 apostolica
2253 755 2419 812 atque
2464 743 2728 798 catholica
2770 743 3009 799 Ecclesia
3057 745 3183 800 facti
3213 746 3479 811 alieni,ac

1904 834 2144 886 extranei
2199 831 2265 886 ab
2293 832 2557 901 inculpata
2601 834 2721 897 lide,
2763 848 2792 887 a
2837 835 3040 890 sanctis
3090 847 3145 890 et
3167 838 3478 906 apostolicis

1909 923 2117 977 throuis
2148 924 2349 993 pariter
2378 922 2730 981 deiecerunt?
2781 925 3043 981 Jonathas
3067 943 3302 997 quoque,
3332 931 3479 998 igno-

1908 1013 2081 1068 rantia
2135 1025 2506 1083 transgressus
2571 1017 2741 1085 patris
2795 1026 3120 1087 praeceptum
3168 1021 3267 1074 sub
3300 1022 3474 1089 ipsum

1904 1106 2078 1176 prtrlii
2118 1119 2326 1176 tempus
2350 1118 2563 1179 gustato
2586 1108 2795 1163 modico
2827 1110 3001 1171 melle.
3038 1111 3225 1165 mortis
3259 1126 3481 1167 senten-

1911 1199 2041 1252 tiam
2090 1200 2320 1267 excepit.
2375 1200 2513 1266 Quid
2582 1216 2710 1256 vero
2750 1203 2817 1257 de
2853 1203 3047 1258 talibus
3104 1205 3353 1271 dixerim,
3384 1205 3478 1275 qui

1904 1301 2214 1345 sanctorum
2243 1292 2632 1362 apostolorum,
2669 1309 2733 1349 ac
2764 1294 3069 1350 divinorum
3088 1296 3305 1351 Patrum
3330 1308 3483 1352 man-

1905 1382 2030 1434 data
2065 1381 2550 1452 transgrediantur,
2579 1398 2642 1438 ac
2671 1387 2884 1453 sapiant
2909 1401 3029 1455 qua:
3054 1396 3179 1441 sunt
3227 1388 3482 1443 Hebraeo-

1905 1472 2064 1526 rum?
2100 1473 2266 1527 David
2305 1475 2429 1528 item
2451 1477 2732 1545 propheta,
2768 1476 3041 1545 subjectos
3071 1480 3293 1546 imperio
3314 1495 3483 1549 popu-

1908 1564 1986 1620 los
2002 1566 2338 1630 describens,
2377 1567 2468 1622 Dei
2497 1568 2632 1622 iram
2658 1571 2877 1641 attraxit
2902 1585 3118 1639 unaque
3146 1571 3230 1625 die
3258 1580 3483 1642 septua-

1907 1657 2051 1724 ginta
2086 1656 2367 1711 hominum
2423 1657 2587 1712 millia
2628 1669 2801 1714 morte
2832 1662 3041 1715 sublata
3078 1673 3205 1717 sunt
3236 1680 3251 1717 :
3285 1664 3479 1734 potiori

227 1720 481 1826 μιήκοντια⁵
531 1720 762 1824 χιλιάδες
806 1720 874 1805 έν.
911 1720 1021 1824 ’μιᾷ
1066 1753 1247 1824 ἡμέρᾳ
1279 1720 1551 1804 ἀπέθανον
1573 1767 1589 1781 ’
1621 1749 1802 1819 πολλῷ

1912 1742 2023 1810 iure
2056 1747 2338 1799 animabus
2361 1757 2586 1800 mortem
2630 1748 3025 1815 consciverunt,
3048 1753 3136 1820 qui
3183 1752 3481 1807 adversan-

230 1846 434 1918 μᾶλλον
458 1846 685 1900 θάνατον
701 1845 884 1916 ψυχῶν
909 1846 1255 1916 εἰργάσαντο,
1282 1845 1331 1897 οἱ
1356 1844 1425 1897 τὰ
1455 1843 1672 1909 ζιζάνια
1693 1842 1802 1895 τῶν

226 1937 518 2010 θεομάχων
586 1939 873 2008 Ἐϐραίων,
899 1938 1353 2009 διασπείραντες,
1404 1938 1498 1991 ἐπὶ
1542 1936 1800 1991 τοσούτου

223 2030 362 2083 λαοῦ
407 2030 502 2083 καὶ
539 2030 715 2100 δήμου
739 2046 754 2061 ·
798 2029 926 2083 ἐπεὶ
960 2031 1052 2084 καὶ
1082 2033 1109 2083 ό
1148 2030 1323 2100 μέγας
1362 2028 1575 2093 Παῦλος
1604 2028 1751 2096 λέγει
1783 2045 1797 2059 ·

224 2125 309 2177 ὃτι
330 2123 639 2192 Αἱρετικόν
659 2123 977 2191 ἄνθρωπον
1005 2122 1153 2192 μετὰ
1180 2124 1351 2192 μίαν,
1375 2122 1475 2177 καὶ
1513 2121 1803 2189 δευτέραν

225 2215 556 2269 νοιθεσίιιν
582 2214 895 2283 παραιτοῦ.
934 2214 1044 2267 Καὶ
1078 2217 1105 2267 6
1138 2214 1375 2276 ,Ἡσαΐας
1424 2214 1590 2285 φησίν
1612 2229 1625 2242 ·
1670 2213 1805 2278 Ἐξ-

224 2307 436 2362 ἐλθετε
482 2305 582 2359 καὶ
610 2288 1083 2375 διαμακρύνθητε
1113 2305 1399 2375 διαμέσον
1436 2307 1655 2371 αὐτῶν,
1702 2301 1800 2359 καὶ

222 2398 578 2469 ἀκαθάρτων
620 2397 707 2469 μὴ
757 2398 1038 2453 ἅπτεσθε.
1095 2400 1204 2452 Καὶ
1249 2400 1360 2454 ἰδοὺ
1407 2397 1518 2467 ἐγὼ
1545 2398 1802 2471 ἠρξάμην

223 2492 547 2565 κηρύττειν.
577 2494 634 2547 ὲν
740 2492 948 2564 ἑκάστῃ
972 2490 1134 2554 λέξει.
1340 2548 1349 2555 ,

592 2590 663 2638 α’.
688 2585 928 2651 Αἵρεσις
956 2582 1074 2637 τῶν
1113 2583 1445 2653 Ἀρμενίων.

304 2678 377 2734 Δ’.
416 2680 540 2733 Ὅτι
572 2678 664 2732 τὸν
690 2678 816 2731 Υἱδν
849 2676 945 2733 τοῦ
989 2676 1125 2732 Θεοῦ
1157 2677 1505 2747 ὁμολογοῦσι,
1543 2678 1672 2747 μίαν
1697 2676 1802 2746 φύ-

227 2788 343 2837 σιν,
375 2771 470 2824 καὶ
507 2769 635 2841 μίαν
681 2769 920 2839 θέλησιν,
955 2769 1052 2821 καὶ
1094 2766 1222 2838 μίαν
1254 2767 1537 2837 ἐνέργειαν
1582 2766 1750 2839 ἔχειν,
1775 2769 1804 2822 ὅ

225 2867 354 2916 ἐστι
393 2862 572 2932 δόγμα
615 2860 865 2932 Σεργίου,
912 2859 1156 2931 Πύρρου,
1199 2860 1296 2912 καὶ
1353 2859 1591 2925 Παύλου,
1636 2859 1731 2924 οὓς
1769 2862 1803 2932 ἡ

170 3016 177 3025 η
225 2954 370 3023 ἁγία
404 2960 458 3016 ς’
489 2952 709 3016 σύνοδος
739 2953 773 3022 ἡ
806 2953 863 3004 ἐν
913 2952 1488 3007 Κωνσταντινουπόλει
1533 2953 1802 3024 γενομένη

1905 1837 2037 1887 ιίιιιιι
2090 1833 2202 1890 Deo
2251 1837 2596 1892 Hebraeorum
2633 1841 2859 1904 zizania,
2913 1841 2966 1895 in
3003 1853 3153 1897 tanto
3186 1846 3382 1914 populo
3414 1862 3480 1899 ac.

1905 1928 2057 1998 plebe
2102 1931 2458 1984 seminarunt.
2513 1932 2742 1997 Quando
2780 1933 2941 1987 etiam
2992 1950 3218 2004 magnus
3282 1935 3480 1991 Paulus

1901 2019 2022 2074 ait:
2089 2018 2408 2075 Htereticnm
2449 2023 2706 2076 hominem
2755 2034 2871 2092 post
2929 2042 3087 2079 unam
3117 2037 3166 2080 et
3197 2028 3481 2082 secundum

1903 2112 2279 2166 correctionem
2327 2112 2498 2166 devita
2527 2113 2593 2167 “.
2637 2113 2803 2169 Isaias
2864 2131 3081 2187 quoque
3109 2119 3236 2173 dicit
3269 2118 3481 2184 :Exite,

1902 2216 1968 2254 ac
2026 2201 2222 2271 procul
2259 2203 2481 2256 recedite
2529 2204 2593 2258 de
2644 2206 2814 2259 medio
2877 2224 3080 2274 eorum,
3120 2220 3168 2262 et
3210 2211 3481 2264 immunda

1906 2292 2065 2347 nolite
2097 2305 2308 2364 tangere
2337 2294 2404 2348 ⁸⁵.
2434 2294 2514 2349 En
2546 2310 2674 2351 vero
2705 2312 3024 2368 unaquaque
3075 2300 3175 2355 hac
3202 2303 3475 2356 sententia

1902 2384 2206 2455 praedicare
2232 2386 2395 2454 capi.

2333 2586 2385 2641 1.
2413 2585 2645 2642 [heresis
2667 2586 3054 2648 Armeniorum.

1974 2675 2063 2732 IV.
2128 2678 2220 2733 Dei
2277 2677 2472 2735 Filium
2531 2685 2859 2739 conhteutur
2912 2702 3072 2740 unam
3126 2697 3398 2756 naturam,
3423 2702 3480 2747 et

1904 2782 2066 2820 unam
2126 2768 2476 2835 voluntatem,
2515 2787 2784 2841 unamque
2815 2774 3016 2831 habere
3084 2782 3478 2848 operationem,

1906 2872 2026 2926 quas
2076 2867 2158 2913 est
2205 2859 2446 2914 doctrina
2507 2859 2702 2931 Sergii,
2769 2860 2958 2935 Pyrrhi
3033 2879 3085 2921 et
3124 2867 3295 2934 l’auli,
3345 2888 3482 2943 quas

1906 2960 2087 3004 sancta
2108 2962 2259 3005 sexta
2289 2953 2523 3021 synodus
2564 2953 3033 3027 ConstaminOpoli
3061 2961 3323 3016 celebrata
3349 2979 3481 3020 cen-
3564 3026 3565 3029 η

221 3048 341 3100 τῶν
374 3045 451 3116 ρο⁹
485 3044 766 3115 θεοφόρων
811 3044 1074 3115 Πατέρων
1104 3043 1498 3116 ἀνεθεμάτισεν
1522 3047 1616 3099 ἐπὶ
1650 3045 1804 3115 βασι-

1912 3049 2018 3093 tum
2073 3043 2413 3111 septuaginta
2448 3058 2478 3097 a
2527 3044 2635 3100 Deo
2688 3045 2984 3103 aﬂlaturum
3030 3050 3270 3119 Patrum,
3309 3057 3480 3124 impe-

224 3140 381 3202 λείας
426 3135 860 3191 Κωνσταντίνου.
932 3136 1182 3208 Ἐλέγχει
1234 3136 1292 3190 δὲ
1347 3138 1474 3201 τοὺς
1525 3137 1802 3200 τοιούτους

227 3231 274 3283 Γ
282 3229 536 3299 ρηγόριος
563 3227 592 3279 6
621 3226 906 3295 Θεολόγος,
950 3227 1123 3296 λέγων
1154 3244 1166 3257 ·
1202 3249 1221 3280 ι
1262 3228 1508 3281 Πιστεύω
1541 3229 1630 3283 τὸν
1676 3228 1802 3282 Υίδν

222 3321 326 3374 τοῦ
353 3319 488 3373 Θεοῦ
513 3321 571 3373 ἐν
599 3318 691 3372 δύο
719 3318 937 3389 φύσεσι,
974 3319 1192 3388 πνεῦμα
1220 3322 1316 3374 καὶ
1366 3320 1545 3387 σάρκα
1571 3338 1585 3352 υ
1624 3322 1802 3391 παθη-

224 3414 325 3468 τὸν
367 3414 462 3467 καὶ
503 3408 729 3479 ἀπαθῆο
771 3429 789 3461 ι
827 3412 923 3464 καὶ
979 3409 1248 3481 Κύριλλος
1299 3410 1488 3478 λέγει’
1533 3430 1551 3464 ι
1619 3411 1678 3465 '0
1723 3405 1803 3473 εἷς

231 3505 446 3573 ἔπασχε
472 3504 567 3555 καὶ
593 3502 819 3573 τέθνηκε
840 3517 854 3531 °
883 3501 977 3554 καὶ
1007 3505 1035 3556 6
1068 3496 1148 3564 εἷς
1176 3501 1393 3572 ἀπαθὴς
1421 3503 1516 3557 καὶ
1537 3502 1804 3567 ἀθάνατος

231 3598 500 3666 διέμεινε.
541 3613 561 3647 ι
591 3597 751 3665 Λέγει
789 3595 846 3648 δὲ
890 3594 1166 3666 Ἐφραίμ»
1210 3613 1228 3647 ι
1257 3597 1323 3647 Ai
1362 3596 1462 3666 μὲν
1492 3594 1584 3647 δύο
1614 3595 1803 3662 φύσεις

230 3690 317 3750 εἰς
354 3686 413 3739 ἐν
445 3685 698 3756 συνῆλθον
734 3701 749 3715 ·
788 3682 904 3739 ἀλλ’
959 3686 990 3756 ἡ
1027 3683 1220 3754 θεότης
1256 3686 1316 3739 ού
1363 3687 1681 3756 μετετράπη
1722 3689 1804 3749 εἰς

232 3779 422 3848 σάρκα
448 3793 464 3808 ⁶
493 3777 588 3831 nati.
612 3775 708 3847 τὴν
732 3776 912 3847 σάρκα
931 3775 1115 3830 λαϐὼν
1144 3779 1243 3831 οὐκ
1261 3778 1486 3847 ἐγένετο
1516 3780 1802 3851 προσθήκη

228 3873 315 3933 et;
342 3871 441 3941 τὴν
471 3869 727 3941 θεότητα.
768 3888 788 3920 ι

871 4050 905 4106 Γ.
936 4053 1198 4109 Αἵρεσις.

871 4051 905 4106 ’.
936 4053 1011 4107 ΑΖ
1045 4069 1139 4109 εσι
1181 4091 1198 4107 .

306 4147 381 4199 I".
414 4108 539 4199 Ὀτι
559 4145 638 4208 είς
662 4143 761 4215 τὴν
786 4051 1093 4213 δοέολογξαν
1124 4072 1416 4216 σῖράλλουσι
1471 4147 1566 4203 καὶ
1604 4150 1684 4214 εἰς
1717 4148 1808 4204 τόν

229 4236 523 4306 τρισάγιον
563 4233 820 4306 βάλλουσι
858 4236 947 4290 τὸν
990 4238 1397 4308 σταυρωθέντα,
1430 4240 1524 4293 καὶ
1550 4239 1658 4294 εἰσὶ
1686 4243 1808 4295 θεο-

1906 3141 2058 3185 rante
2111 3129 2464 3187 Consnantino
2539 3134 2775 3190 devovit.
2845 3137 2936 3192 Sic
2992 3151 3167 3195 autem
3208 3146 3482 3211 sapienter

1905 3224 2078 3292 arguit
2122 3222 2410 3295 Gregorius
2464 3224 2773 3298 Theologtts
2832 3231 3057 3285 dicens:
3092 3252 3109 3284 ι
3150 3234 3324 3289 Credo
3387 3237 3478 3292 Dei

1908 3314 2096 3369 Filium
2133 3317 2184 3369 in
2211 3319 2417 3372 duabus
2443 3322 2938 3390 naturis,spiritum
2967 3334 3019 3377 ct
3037 3342 3253 3382 carnem
3273 3346 3290 3396 ;
3309 3308 3484 3398 passi-

1905 3407 2066 3461 bilem
2091 3417 2145 3461 et
2187 3409 2588 3478 impassibilem.
2628 3413 2739 3483 (65)
2776 3433 2795 3465 ι
2847 3416 3075 3486 Cyrillus
3120 3436 3332 3489 quoque
3357 3424 3476 3478 ait:

1912 3498 2104 3555 «Unus
2158 3515 2346 3569 passus
2397 3512 2481 3574 est
2536 3514 2697 3575 atque
2740 3520 3003 3572 mortuus.
3035 3528 3278 3584 unusque
3339 3517 3478 3573 idem

1908 3593 2252 3661 inpassibilis
2311 3595 2632 3667 permansit,
2684 3613 2748 3655 ac
2797 3600 3137 3661 immortalis.
3204 3626 3225 3659 ι
3271 3608 3375 3663 Sed
3424 3623 3479 3664 et

1909 3683 2156 3757 Ephreml
2185 3686 2261 3742 ait
2295 3705 2310 3742 :
2352 3707 2370 3739 ι
2415 3689 2536 3744 Dua'
2568 3690 2782 3760 quidem
2815 3704 3019 3750 natura:
3048 3697 3098 3750 in
3153 3713 3317 3753 untun
3346 3713 3480 3757 ecu-

1911 3785 2206 3843 venerunt;
2254 3792 2440 3833 verum
2491 3779 2671 3834 Deitas
2718 3781 3132 3854 haudquaquam
3180 3798 3483 3846 inuitatacst

1910 3864 1964 3916 in
1989 3878 2207 3918 carnem
2242 3881 2257 3918 :
2286 3876 2672 3937 assumptaque
2711 3884 2893 3936 carne,
2922 3875 3066 3925 nulla
3120 3874 3302 3929 deitati
3338 3877 3478 3932 facta

1908 3955 2150 4011 accessio
2177 3964 2278 4011 est.
2323 3975 2342 4008 ι

2507 4054 2562 4108 2.
2621 4053 2871 4108 Ha’resis.

1984 4139 2044 4196 V.
2082 4142 2280 4198 Errant
2308 4144 2366 4198 in
2418 4143 2597 4198 divina
2620 4144 2948 4211 laudatione,
3001 4149 3238 4217 atquein
3284 4150 3485 4220 hymno

1911 4231 2196 4303 Trisagion
2216 4234 2473 4304 adjiciunt
2491 4251 2505 4291 :
2523 4235 2624 4302 Qui
2645 4239 2927 4307 cruciﬁxus
2955 4257 3030 4307 es,
3048 4252 3279 4311 suntque
3308 4244 3484 4298 Theo-

233 4330 525 4397 πασχῖται,
568 4326 598 4379 6
625 4328 654 4380 6
686 4327 861 4390 δόλιος
904 4328 1109 4398 Πέτρος
1158 4329 1507 4401 ἐδογμάτισε,
1550 4333 1647 4386 καὶ
1693 4331 1804 4403 ἔχει

1914 4326 2188 4396 ριιεοιιίιιιι,
2244 4343 2405 4398 quam
2455 4330 2698 4385 haeresim
2758 4332 3221 4389 docuitversutus
3266 4334 3477 4400 Petrus,

218 4422 486 4489 ,κατάραν
537 4419 602 4472 ἐκ
658 4418 765 4472 τῶν
800 4419 1178 4475 θεοπνεύστων
1220 4422 1477 4492 Γραφῶν.
1527 4424 1804 4494 Γράφουσι

1912 4433 1973 4473 ac
2000 4430 2351 4476 exsecrantur
2378 4436 2408 4475 a
2435 4423 2543 4478 Deo
2573 4422 2845 4491 inspirata;
2869 4423 3187 4495 Scriptura.
3223 4426 3480 4482 Sci-ibunt

231 4510 368 4582 γὰρ,
408 4511 490 4565 ὃτι
525 4529 544 4563 ι
586 4510 863 4581 Ἀνάθεμα
892 4511 983 4564 τὸν
1021 4511 1253 4580 λέγοντα
1278 4514 1368 4567 τὸν
1401 4507 1621 4586 Πατέρα
1643 4532 1807 4568 σταυ-

214 4604 505 4678 ρωθέντα,
541 4603 639 4656 καὶ
682 4605 744 4657 τὸ
781 4603 1006 4675 Πνεῦμα
1053 4606 1113 4657 τὸ
1148 4604 1302 4673 ἆγιον
1346 4606 1604 4660 παθόντα.
1642 4626 1662 4660 ι
1703 4607 1806 4660 Εὑ-

216 4696 418 4760 .σέ6ιος
446 4696 594 4764 λέγει
618 4712 632 4727 ο
676 4713 696 4747 ι
735 4696 869 4764 Περὶ
894 4697 991 4766 τῆς
1033 4698 1196 4766 ἁγίας
1227 4699 1455 4769 Τριὰδος
1481 4699 1623 4753 οὕτω
1653 4701 1809 4754 νοοῦο

235 4808 368 4860 μεν,
413 4790 606 4842 καθότι
650 4791 746 4843 καὶ
791 4790 861 4844 τὰ
906 4791 1157 4861 Σεραφὶμ
1203 4791 1559 4858 δοξάζουσινι
1594 4795 1807 4861 Ἀγιος,

230 4877 454 4947 ’Δγιος,
485 4879 693 4946 Ἄγιος,
733 4880 934 4951 Κύριος
964 4881 1211 4934 Σαϐαὼθ.
1241 4902 1260 4935 ι
1292 4883 1591 4956 Γρηγόριος
1625 4887 1653 4939 6
1676 4886 1809 4939 Θεο-

226 4970 396 5038 λόγος
423 4969 571 5037 λέγει
599 4968 740 5022 οὕτω
761 4986 774 4998 ·
818 4988 838 5023 ι
871 4971 981 5023 Καὶ
1017 4971 1084 5024 τὰ
1102 4971 1269 5040 ’Ἀγια
1292 4972 1403 5024 τῶν
1429 4973 1618 5042 ἁγίων,
1645 4974 1681 5028 ἃ
1715 4975 1810 5027 καὶ

227 5063 305 5117 τὰ
344 5062 596 5132 Σεραφὶμ
624 5063 735 5134 (61)
767 5062 1245 5116 ἀποκαλύπτουσιν
1275 5066 1355 5128 εἰς
1381 5064 1480 5137 τὴν
1513 5065 1808 5139 Τρισάγιον

231 5150 567 5220 δοξολογίαν,
600 5154 659 5207 ὲν
693 5154 793 5225 μιᾷ
822 5153 1057 5226 θεότητι.
1086 5172 1106 5207 ι

315 5250 390 5309 ς’.
432 5245 543 5298 Καὶ
584 5245 650 5299 ἂν
693 5244 1137 5317 προφασίζωνται
1167 5245 1279 5319 (62)
1307 5242 1453 5305 οὗτοι
1478 5251 1555 5314 είς
1580 5249 1681 5324 τὴν
1713 5253 1809 5307 τοῦ

312 5406 357 5438 ⁵⁸
396 5407 504 5462 Tit.
540 5421 623 5472 ιιι,
653 5406 741 5460 l0.
816 5408 865 5441 ⁸⁵
894 5407 992 5463 lsa.
1034 5423 1126 5475 ιιι,
1164 5408 1250 5465 ll.

313 5543 424 5615 (60)
457 5546 615 5604 Deest
646 5550 743 5602 ὅτι.

315 5614 423 5692 (tit)
455 5615 580 5692 με.
606 5635 669 5692 ex
700 5619 857 5692 Greg.
892 5622 1230 5691 συγκαλύπτ.

310 5686 425 5754 (62)
454 5686 591 5757 Lege
616 5691 718 5743 ὅτι.

1907 4512 2049 4566 enim
2085 4530 2100 4567 :
2140 4530 2158 4564 ι
2181 4513 2478 4568 Anathema
2538 4514 2582 4569 si
2601 4513 2726 4582 quis
2754 4514 2969 4571 Patrem
3025 4518 3342 4574 cruciﬁxum
3371 4561 3385 4584 ,
3419 4536 3483 4576 ac

1910 4601 2166 4668 Spiritum
2226 4614 2473 4659 sanctum
2516 4606 2823 4674 passibilem
2897 4608 3098 4662 dixerit
3145 4609 3280 4681 (64).
3342 4631 3359 4662 ι
3394 4613 3483 4665 Ait

1913 4693 2175 4749 Eusebius
2206 4712 2222 4749 :
2258 4715 2275 4748 ι
2336 4696 2409 4751 De
2450 4710 2637 4753 sancta
2675 4697 2944 4754 Trinitate
2995 4701 3075 4754 sic
3111 4703 3477 4772 intelligimus,

1912 4786 1984 4836 uti
2020 4782 2298 4854 Seraphim
2324 4785 2934 4855 gloriﬁcaut:Sanctue,
2988 4800 3222 4854 sanctus,
3262 4802 3476 4846 sanctus

1913 4872 2166 4928 Dominus
2215 4872 2470 4929 Sabaoth.
2504 4893 2524 4926 ι
2554 4875 2845 4944 Gregorius
2900 4875 3203 4948 Theologus
3250 4881 3321 4931 ita
3354 4881 3428 4932 ait
3463 4901 3476 4935 :

1917 4983 1936 5016 ι
1995 4963 2190 5020 Sancta
2242 4981 2457 5037 quoque
2508 4976 2842 5030 sanctorum,
2906 4984 3025 5036 quae
3079 4979 3134 5023 et
3192 4968 3475 5039 Seraphim

1910 5056 2170 5127 obteguut
2204 5058 2254 5112 in
2284 5057 2516 5129 Trisagii
2539 5056 2868 5125 laudatione,
2906 5060 2956 5113 in
2980 5076 3082 5114 ttna
3113 5061 3313 5118 deitatc
3344 5064 3479 5133 (θὸ).

1987 5256 2073 5311 \‘l.
2112 5253 2206 5311 Sin
2230 5264 2408 5312 autem
2447 5255 2807 5325 praztendant,
2835 5256 2886 5312 in
2911 5257 3032 5314 Filii
3063 5261 3479 5332 appellationem

1985 5563 2096 5630 (σε)
2126 5564 2274 5617 Οιτιι.
2305 5563 2395 5617 ιι.

2125 5630 2384 5759 ἓὶῇειέιέ
2411 5633 2579 5705 Epist.
2606 5635 2675 5690 44
2696 5648 2751 5691 et
2778 5634 2891 5690 alii.

1986 5701 2098 5764 (65)
2126 5701 2276 5758 Orat.
2311 5704 2400 5759 '58.
