3968 6220
422 272 558 336 ἓὲιῒί

1484 259 1735 321 JSAACI
1777 252 2146 316 ΑΒΜΕΝιίΕ
2182 250 2588 312 CATHOLICI

3530 244 3552 304 l
3566 244 3686 304 228

425 388 533 439 Deo
563 406 574 437 :
611 380 874 452 praecipue
904 385 1080 432 antem
1111 390 1173 430 ac
1204 389 1310 446 prae
1338 373 1612 438 omnibus,
1640 368 1996 425 sanctissima:

2113 363 2248 434 θεῷ·
2287 363 2582 433 ἐξαιρέτως
2607 359 2663 413 δὲ
2701 356 2850 430 παρὰ
2897 357 3098 420 πάντα,
3138 355 3228 409 τὸν
3273 353 3696 423 εὖαγγελισμον

425 478 516 532 tlei
547 474 864 537 Genitricis;
899 471 1066 535 illius,
1091 469 1332 538 inquam,
1359 465 1529 535 gratia
1551 464 1742 536 plenas,
1769 477 1831 515 ac
1857 476 1997 515 sem-

2095 457 2196 528 τῆς
2218 456 2510 518 Θεοτόκου,
2537 453 2634 524 τῆς
2661 448 3250 522 κεχαριτωμένης,ξκαὶ
3281 446 3694 513 ’Δειπαρθένου

423 585 519 640 per
556 565 789 636 Virginis
830 561 1032 624 Mariae,
1067 559 1552 614 annuntiationem.
1595 575 1614 607 ι
1662 557 1738 610 Ac
1781 569 1995 608 rursum

2113 549 2338 619 \‘Jatpiac.
2380 567 2397 600 ι
2428 546 2541 601 Καὶ
2574 545 2738 599 πάλιν
2763 543 2917 610 λέγει
2944 557 2958 571 '
3002 559 3021 593 ι
3072 541 3202 593 Ἐάν
3229 557 3313 601 τις
3339 539 3545 607 ταύτην
3577 537 3696 606 τὴν

429 638 506 713 ait
543 675 557 712 :
602 673 620 707 ι
661 655 715 710 Si
753 651 872 721 quis
905 643 1141 704 salutare
1174 646 1371 702 festum
1407 648 1507 700 hoc
1544 643 1802 706 celebret,
1835 638 1998 706 majo‘

2101 641 2371 710 σωτήριον
2401 639 2597 709 ἑορτὴν
2627 635 2880 706 ἐπιτελῇ,
2913 633 3138 689 πλείονα
3155 632 3304 703 παρὰ
3326 631 3537 692 πάντας
3561 630 3697 700 ἔχει

425 765 536 802 rem
567 745 821 800 omnibus
850 740 1257 796 retributionem
1292 752 1355 790 ac
1389 735 1615 804 gratiam
1653 733 1792 801 apud
1826 730 1996 785 Deum

2113 731 2197 801 τὴν
2249 729 2508 800 ἀμοιϐὴν,
2544 727 2640 781 καὶ
2697 727 2796 797 τὴν
2823 725 2984 797 χάριν
3013 724 3163 796 παρὰ
3202 722 3342 793 Θεῷ.
3381 742 3400 773 ι
3443 721 3505 775 '0
3532 723 3697 792 Χρυ-

421 854 543 894 esse
586 846 964 906 perceptarum
1017 831 1150 900 (75).
1191 848 1209 881 ι
1259 828 1676 897 Cltrysostomns
1716 837 1832 879 eam
1883 823 1998 876 lau-

423 926 560 982 dans
599 924 997 980 solemnitatem
1041 920 1229 975 scribit
1270 935 1290 974 ε
1340 936 1358 969 ι
1411 915 1618 970 Rursus
1663 915 1780 968 beta
1823 912 1997 983 gaudii

426 1021 610 1074 nutrtia
635 1032 852 1071 :rursus
878 1013 1140 1068 libertatis
1171 1009 1365 1063 indit-ia
1399 1008 1569 1078 (76),:
1599 1017 1704 1062 etc.
1737 1006 1791 1060 In
1819 1007 1993 1061 diver-

426 1111 502 1164 sis
539 1123 754 1178 quoque
787 1102 1187 1173 librisliqnido
1221 1100 1415 1154 festum
1454 1100 1558 1153 hoc
1590 1097 1852 1151 Hebraica
1896 1097 2000 1149 lin-

427 1218 554 1272 gna,
585 1201 772 1267 quinta
813 1196 1018 1252 mensis
1061 1193 1250 1258 Nisan,
1289 1193 1340 1246 id
1380 1204 1484 1256 est,
1516 1189 1770 1244 vicesima
1813 1189 2026 1258 quinta

427 1293 628 1359 Martii,
654 1291 918 1350 indicant.

1051 1376 1284 1433 Horresis
1320 1374 1406 1429 10.

497 1475 636 1532 XIV.
662 1473 858 1544 Ingrati
888 1480 1016 1526 sunt
1039 1485 1103 1524 ac
1132 1467 1304 1531 stulti,
1325 1464 1466 1535 quod
1495 1473 1703 1534 spectat
1723 1465 1789 1518 ad
1815 1459 2004 1516 Natale

433 1566 666 1621 Domini.
689 1565 766 1618 Ac
791 1575 964 1631 neque
989 1557 1312 1627 Gregorium
1339 1553 1674 1622 Theologum
1701 1549 2002 1612 attendunt,

432 1673 554 1712 cum
590 1655 664 1710 ait
703 1671 719 1710 :
757 1672 776 1706 ι
815 1652 1070 1708 Christus
1106 1649 1367 1706 nascitur,
1393 1643 1714 1714 glorilicate.
1751 1659 1768 1693 ι
1813 1639 1872 1692 Et
1906 1639 2006 1690 ite—

2103 824 2368 891 σόστομος
2399 819 2766 890 ἐγκωμιάζων
2789 818 2889 890 τὴν
2921 817 3178 885 τοιαύτην
3207 814 3401 886 ἑορτὴν
3434 814 3653 885 γράφει
3672 828 3692 844 ⁶

2106 934 2125 968 ι
2166 914 2340 968 Πάλιν
2373 915 2549 984 χαρᾶς
2577 910 2875 980 εὐαγγέλια
2899 926 2914 941 ο
2952 910 3117 962 πάλιν
3147 908 3461 980 ἐλευθερίας
3498 906 3694 976 μηνύ-

2104 1024 2271 1076 ματα,
2306 1025 2323 1057 ι
2358 1005 2456 1058 καὶ
2488 1003 2556 1057 τὰ
2589 1003 2740 1072 ἑξῆς.
2773 1001 2884 1054 Καὶ
2918 1002 2975 1054 tv
3004 999 3289 1068 διαφόροις
3324 998 3534 1066 βίϐλοις
3577 1015 3697 1049 κα·-

2101 1098 2276 1168 θαρὰν
2299 1098 2397 1168 τὴν
2417 1097 2585 1166 αὐτὴν
2609 1097 2826 1166 ἡμέραν
2855 1093 3166 1148 δεικνύουσι
3199 1094 3264 1162 τῇ
3293 1091 3540 1160 Ἐϐραΐδι
3558 1091 3694 1144 δια-

2101 1188 2268 1255 λέξει,
2313 1188 2487 1241 Νισὰν
2518 1187 2629 1260 (7‘2)
2657 1189 2690 1258 ἠ
2735 1187 2963 1256 πέμπτη
2988 1200 3002 1213 ·
3040 1185 3207 1255 ἤγουν
3254 1182 3501 1253 Μαρτίου
3533 1183 3695 1236 sito-

2104 1279 2351 1337 σιπέντε.

2727 1369 2981 1438 Αἵρεσις
3026 1366 3077 1420 ι’.

2175 1464 2273 1518 IA'.
2309 1463 2431 1515 Ὅτι
2464 1460 2782 1530 ἀγνώμονές
2811 1461 2919 1513 εἰσι
2943 1461 3038 1512 καὶ
3063 1459 3281 1529 ἀνόητοι
3305 1457 3557 1528 περὶτῆς
3587 1455 3695 1510 τοῦ

2105 1553 2309 1623 Κυρίου
2343 1549 2499 1621 ἡμῶν
2523 1551 2837 1620 Γεννήσεως
2858 1565 2872 1579 ⁸
2904 1550 2998 1602 καὶ
3016 1549 3141 1602 οὐδὲ
3165 1548 3267 1601 κᾶν
3295 1546 3389 1601 τοῦ
3413 1547 3692 1614 Θεολόγου

2105 1642 2412 1714 Γρηγορίου
2472 1641 2800 1713 προσέχουσι
2843 1640 3128 1708 λέγοντος⁶
3168 1658 3187 1692 ι
3222 1639 3458 1710 Χριστὸς
3488 1641 3697 1708 γεννᾶ-

431 1761 548 1801 rum
593 1745 669 1799 ait
696 1733 721 1798 ἰ
773 1761 793 1796 ι
833 1740 1098 1810 Apparuit
1138 1737 1281 1792 enim
1325 1734 1573 1790 Christus
1614 1746 1709 1800 per
1741 1729 1999 1783 Nativita-

2113 1754 2218 1800 ται,
2250 1734 2532 1802 δοξάσατε.
2576 1752 2595 1784 ι
2635 1734 2742 1786 Καὶ
2807 1732 2973 1786 πάλιν
3020 1732 3214 1801 λέγει’
3248 1752 3268 1785 ι
3317 1732 3523 1802 Ἐφάνη
3576 1734 3695 1801 γὰρ

425 1843 568 1898 tem,
608 1851 628 1885 ι
679 1840 784 1886 etc.
819 1832 900 1884 Ac
944 1842 1158 1882 rursum
1209 1823 1283 1876 ait
1332 1839 1346 1876 :
1399 1839 1418 1872 ι
1465 1820 1544 1875 Ac
1589 1821 1806 1892 quidem
1849 1817 2004 1886 paulo

427 1935 571 1996 post,
613 1923 776 1977 etiam
825 1919 1144 1990 purgatione
1201 1931 1319 1970 mea
1387 1915 1438 1968 in
1495 1911 1728 1966 Jurdane
1788 1909 2003 1980 purgari

431 2015 635 2069 ridebis
664 2012 807 2084 (77),
843 2029 863 2063 ι
902 2021 1005 2064 etc.
1043 2009 1247 2074 Quibus
1294 2006 1471 2061 verbis
1498 2003 1756 2065 ostendit,
1795 1999 2003 2054 Domini

430 2104 760 2173 baptismum
810 2100 1148 2170 postmodum
1197 2105 1482 2148 venturum
1531 2106 1669 2147 esse.
1717 2090 1777 2142 lli
1823 2096 2002 2141 autent

430 2195 751 2249 traditiones
803 2189 1036 2252 habent,
1071 2186 1271 2256 quibus
1316 2193 1588 2240 statuatur
1636 2198 1651 2236 :
1707 2197 1724 2231 ι
1780 2179 1836 2234 Si
1883 2179 2005 2248 quis

428 2286 630 2341 Christi
675 2281 949 2349 Natalitia,
983 2296 1045 2334 ac
1077 2278 1276 2333 festum
1319 2276 1602 2330 Luminum
1647 2273 1998 2342 separaverit,

434 2377 758 2432 maledictns
789 2383 893 2429 est.
937 2392 955 2425 ι
994 2371 1304 2439 Scribitqne
1335 2369 1528 2422 iterum
1561 2366 1612 2419 in
1641 2366 1779 2418 idem
1808 2371 2007 2434 myste-

431 2465 569 2516 rium
610 2479 624 2516 :
665 2479 684 2513 ι
723 2458 877 2514 Nunc
909 2469 1086 2513 autem
1124 2470 1335 2524 partum
1370 2455 1572 2522 accipe,
1602 2468 1663 2506 ac
1701 2451 1952 2521 praesulta
1988 2467 2002 2503 :

429 2555 516 2610 sin
548 2553 725 2608 minus
758 2562 813 2605 ut
841 2549 1075 2605 Joannes
1102 2566 1165 2602 ex
1197 2559 1370 2608 utero,
1407 2565 1424 2599 ι
1456 2558 1561 2600 etc.
1595 2546 1660 2598 Et
1690 2553 1806 2613 post
1837 2559 2006 2614 pauca

431 2643 626 2700 scribit
671 2660 686 2697 :
741 2661 759 2694 ι
806 2639 890 2696 Sit
927 2638 1228 2695 caelestium
1275 2647 1328 2692 et
1368 2646 1708 2690 terrenarum
1753 2635 2007 2687 virtutum

431 2733 731 2789 communis
786 2732 1094 2787 celebritas.
1140 2727 1273 2782 Nam
1333 2736 1388 2782 et
1439 2726 1556 2781 illas
1601 2723 1763 2780 simul
1813 2723 2007 2780 festum

431 2841 613 2897 agere,
641 2838 704 2880 ac
733 2823 848 2895 pari
879 2821 1062 2876 laetitia
1092 2819 1294 2891 gestire
1324 2818 1560 2874 conﬁdo.
1595 2835 1612 2868 ι

1059 3013 1287 3069 ΙΙιωέιὶε
1324 3013 1410 3068 Η.

2105 1828 2340 1899 Χριστὸς
2368 1826 2457 1879 διὰ
2494 1826 2804 1896 γεννήσεως
2826 1839 2841 1855 ⁶
2881 1844 2898 1876 ι
2932 1826 3026 1877 καὶ
3057 1825 3124 1877 τὰ
3156 1824 3309 1893 ἑξῆς.
3378 1825 3487 1876 Καὶ
3520 1825 3694 1876 πάλιν

2103 1922 2288 1988 λέγει·
2327 1939 2344 1970 ι
2387 1919 2597 1988 Μικρὸν
2635 1919 2773 1988 μετὰ
2824 1916 3088 1987 ὕστερον,
3123 1916 3248 1985 ὄψει
3299 1917 3394 1970 καὶ
3421 1915 3693 1986 καθαιρὸ-

2107 2028 2268 2082 μενον
2302 2012 2359 2064 tv
2389 2010 2467 2079 τῷ
2509 2009 2754 2081 Ἰορδάνῃ
2795 2009 2894 2078 τὴν
2929 2007 3069 2078 ἐμὴν
3098 2007 3392 2078 κάθαρσιν,
3425 2026 3444 2058 ι
3479 2008 3574 2060 καὶ
3612 2009 3690 2062 τὰ

2106 2102 2264 2174 ἑξῆς·
2304 2102 2400 2155 καὶ
2452 2104 2512 2154 tv
2540 2101 2722 2171 τούτῳ
2755 2101 3024 2166 δεικνύει,
3050 2100 3147 2170 τὴν
3192 2100 3291 2152 τοῦ
3338 2101 3534 2170 Κυρίου
3570 2099 3679 2168 βά-

2105 2213 2289 2251 πτισιν
2305 2196 2611 2265 μέλλουσαν
2642 2191 2992 2264 είσέρχεσθαι
3013 2206 3028 2221 ⁶
3061 2193 3160 2245 καὶ
3179 2191 3340 2246 αὐτοὶ
3362 2191 3543 2259 έχουσι
3574 2208 3690 2244 πα-

2109 2289 2372 2362 ραδόσεις,
2425 2287 2727 2358 δηλούσας⁹
2766 2305 2784 2338 ι
2831 2286 2957 2341 Ἐάν
2983 2300 3069 2346 τις
3108 2285 3416 2354 διαχωρίζῃ
3446 2283 3516 2336 τὰ
3553 2283 3693 2354 Χριο

2107 2382 2234 2435 στοῦ
2269 2383 2435 2436 Γέννα
2463 2381 2560 2435 καὶ
2601 2379 2669 2434 τὰ
2695 2379 2874 2444 Φῶτα,
2926 2377 3330 2449 ὲπικατάρατός
3352 2378 3493 2429 ἐστι.
3521 2395 3542 2428 ι
3576 2377 3692 2428 Καὶ

2107 2475 2270 2529 πάλιν
2291 2475 2372 2536 είς
2400 2472 2532 2526 αὐτὸ
2565 2471 2870 2543 μυστήριον
2921 2471 3125 2540 γράφει
3147 2485 3162 2500 ·
3207 2488 3226 2520 ι
3252 2469 3366 2522 Νῦν
3393 2468 3450 2521 δέ
3488 2485 3581 2538 μοι
3606 2467 3694 2521 δέ-

2107 2564 2196 2631 ξαι
2241 2565 2340 2633 τὴν
2373 2563 2596 2634 κύησιν,
2650 2563 2745 2616 καὶ
2801 2563 3228 2634 προσκίρτησον,
3281 2562 3336 2613 εί
3390 2578 3477 2612 τοι
3508 2560 3694 2630 μὴὼς

2121 2652 2375 2722 Ἰωάννης
2397 2639 2506 2706 ἀπὸ
2522 2651 2777 2721 γαστρός·
2814 2669 2834 2702 ι
2888 2652 2980 2704 καὶ
3014 2652 3082 2704 τὰ
3108 2651 3254 2722 ἑξῆς.
3285 2653 3395 2704 Καὶ
3421 2651 3565 2720 μετὰ
3597 2668 3692 2720 μι-

2110 2744 2241 2817 κρὸν
2281 2746 2529 2816 γράφει·
2568 2763 2587 2796 ι
2628 2745 2810 2798 Ἔστω
2849 2744 3003 2814 κοινὴ
3052 2748 3364 2815 πανήγυρις
3397 2743 3692 2815 οὐρανίων,

2111 2839 2208 2892 καὶ
2266 2839 2527 2906 ἐπιγείων
2581 2839 2886 2908 δυνάμεων.
2924 2837 3192 2906 Πείθομαι
3255 2845 3365 2907 γάρ
3421 2837 3689 2900 κάκείνας

2113 2929 2548 3001 συναγάλλεσθαι
2580 2930 2673 2982 καὶ
2711 2930 3246 3001 συμπανηγυρίζειν.
3295 2949 3314 2982 ι

2743 3022 2986 3091 Αἵρεσις
3021 3021 3109 3075 ια’.

507 3109 620 3166 XV.
673 3108 872 3175 Quinta
932 3106 1173 3160 Januarii
1233 3104 1714 3159 Annuntiationem
1775 3105 2006 3172 habent;

2183 3111 2282 3166 IE'.
2322 3111 2443 3166 Ὅτι
2486 3076 2930 3182 Ἰανουαρίουέίς
2961 3076 3059 3184 τὴν
3095 3120 3136 3166 ε’
3163 3114 3352 3186 ἔχουσι
3377 3114 3460 3168 τὸν
3499 3113 3686 3181 Εὔαγ-

436 3212 599 3272 atque
629 3199 706 3262 id,
740 3215 847 3252 non
882 3199 1003 3266 quia
1041 3195 1281 3250 sanctam
1319 3195 1409 3249 Dei
1447 3194 1772 3250 Genitricem
1807 3195 2010 3251 honore

440 3297 858 3359 prosequantur,
896 3286 988 3341 sed
1039 3285 1164 3355 quia
1217 3286 1394 3354 potius
1439 3285 1702 3340 dedecore
1751 3283 2007 3339 alliciant.

435 3380 569 3436 Nam
619 3377 911 3433 Dominicze
961 3375 1356 3430 incarnationis
1401 3377 1682 3446 mysteria,
1720 3383 1869 3432 certo
1916 3391 2011 3446 per

435 3489 634 3528 annum
663 3472 853 3527 ordine
879 3469 1168 3526 di5tributa
1198 3477 1345 3523 sunt.
1371 3467 1451 3522 Ab
1483 3466 1912 3520 Annuntiatione
1945 3481 2008 3520 ac

434 3566 800 3635 Conceptione
826 3563 893 3617 ad
918 3576 1089 3629 usque
1114 3559 1320 3615 Christi
1350 3559 1488 3613 diem
1516 3555 1786 3621 Natalem,
1814 3574 2006 3611 novem

437 3671 651 3712 menses
697 3662 855 3719 sunt;
906 3667 970 3708 ac
1021 3661 1140 3722 post
1182 3661 1306 3706 octo
1352 3649 1468 3704 dies
1514 3653 1689 3719 agttur
1734 3649 2007 3703 Dominica

435 3746 820 3811 Circutncisio;
865 3753 987 3814 post
1026 3743 1142 3797 dies
1188 3752 1366 3796 autem
1418 3740 1770 3810 quadraginta
1813 3739 2007 3792 festum

441 3841 737 3901 Occursus,
768 3833 982 3890 Domini
1020 3842 1200 3888 autem
1235 3831 1526 3900 Baptisma,
1555 3828 2007 3898 quemadmodmn

439 3932 601 3983 etiam
641 3943 669 3981 a
712 3925 820 3980 Deo
862 3926 1136 3994 inspirata:
1173 3922 1466 3992 Scriptura:
1493 3921 1807 3988 loquuntur,
1841 3934 1892 3971 vr
1925 3919 2010 3971 die

439 4015 699 4070 Januarii.
732 4012 978 4068 lla'retici
1008 4026 1134 4065 vero
1157 4013 1330 4081 pridie
1364 4008 1670 4076 Ltun'tntttn,
1706 4007 2007 4062 Annuntia-

443 4109 602 4162 tionis
645 4104 877 4159 ofﬁcium
929 4105 1162 4173 psallunt
1216 4118 1280 4157 ae
1327 4103 1514 4156 dicunt
1558 4119 1572 4154 :
1629 4100 1802 4154 Hodie
1849 4118 1914 4154 ea:
1961 4110 2010 4154 te

441 4203 748 4255 incarnatus
789 4209 860 4253 est
900 4197 1156 4251 Dominus
1194 4212 1255 4248 ac
1294 4195 1430 4248 Deus
1473 4205 1677 4261 uoster;
1716 4196 2010 4261 eademque

441 4293 528 4343 die
581 4291 908 4343 cantitentur
952 4285 1227 4340 Christqu
1281 4295 1464 4337 natum
1513 4297 1662 4350 esse,
1701 4297 1764 4337 ac
1807 4281 2007 4336 Christi

2109 3204 2534 3275 γελισμόνοκαὶ
2589 3205 2784 3270 τοῦτο,
2835 3207 2936 3278 οὐχ
2989 3207 3074 3260 ὅτι
3145 3207 3277 3276 περὶ
3329 3207 3500 3277 τιμὴν
3529 3208 3693 3274 ἁγίαν

2110 3296 2293 3366 έχουσι
2327 3297 2427 3366 τὴν
2459 3297 2757 3364 Θεοτόκον,
2789 3297 2926 3353 ἀλλὰ
2953 3301 3081 3369 περὶ
3135 3301 3384 3370 μεγάλην
3415 3300 3639 3370 ἀτιμίειν
3667 3316 3682 3329 ·

2110 3389 2298 3456 ἐπειδὴ
2316 3389 2386 3442 τὰ
2405 3391 2680 3460 μυστήρια
2707 3390 2807 3460 τῆς
2823 3391 2917 3444 τοῦ
2952 3392 3163 3462 Κυρίου
3185 3393 3682 3463 ἒνανορωπῂσεως,

2110 3479 2252 3533 κατὰ
2279 3480 2433 3545 τάξιν
2458 3480 2576 3534 ἐστὶ
2605 3481 2700 3536 τοῦ
2739 3481 2992 3537 ἐνιαυτοῦ
3025 3461 3054 3514 ’ί
3073 3483 3181 3536 ἀπὸ
3199 3483 3296 3536 τοῦ
3320 3461 3423 3553 μὲν
3449 3461 3691 3552 Eamus-

2111 3571 2306 3640 λισμοῦ
2333 3573 2429 3625 καὶ
2457 3571 2558 3641 τῆς
2598 3572 2926 3644 Συλλήψεως
2959 3573 3119 3645 μέχρι
3144 3577 3254 3628 τῶν
3290 3576 3537 3646 Χριστοῦ
3568 3577 3699 3627 Ιένο

2109 3661 2237 3726 νῶν,
2272 3662 2444 3731 μῆνες
2475 3661 2519 3715 θ’
2548 3665 2643 3716 καὶ
2675 3665 2814 3734 μετὰ
2843 3665 3056 3736 ἡμέρας
3081 3673 3134 3736 η’
3165 3667 3450 3737 Περιτομὴ
3476 3666 3572 3718 τοῦ
3593 3667 3701 3719 Κυ-

2113 3752 2231 3824 ρίου
2260 3769 2272 3782 ·
2302 3755 2442 3822 μετὰ
2467 3753 2524 3807 δὲ
2579 3756 2991 3823 τεσσαράκοντα
3019 3756 3257 3827 ἡμέρας,
3277 3760 3310 3827 ἡ
3332 3757 3696 3828 ⁹1⁹παπαντή’

2109 3844 2168 3896 τὸ
2201 3843 2258 3896 δὲ
2289 3843 2571 3915 βάπτισμα
2599 3845 2692 3900 τοῦ
2715 3846 2940 3916 Κυρίου,
2981 3848 3163 3911 καθὼς
3192 3849 3288 3901 καὶ
3316 3849 3374 3900 αί
3432 3849 3699 3901 Geome-

2111 3949 2224 3985 στοι
2260 3932 2300 3984 Γ
2305 3935 2474 4003 ραφαὶ
2493 3934 2766 4002 λέγουσιν,
2793 3933 3122 4007 Ἰανουαρίου
3147 3942 3225 4001 ς’,
3253 3936 3316 3989 Oi
3337 3936 3394 3989 δὲ
3423 3937 3702 4005 αἱρετικοι

2111 4024 2168 4076 tv
2198 4027 2263 4095 τῇ
2301 4027 2588 4096 παραμονῇ
2620 4024 2730 4078 τῶν
2752 4025 2970 4091 Φώτων,
3003 4025 3268 4095 ψὰὶλουσι
3307 4027 3458 4090 τάξιν
3515 4028 3700 4094 Εὐαγ-

2110 4115 2378 4186 γελισμοῦ
2421 4117 2518 4170 καὶ
2550 4116 2836 4184 λέγουσιν*
2867 4119 2948 4171 ὅτι
2983 4117 3254 4185 Σήμερον
3312 4112 3700 4184 σεσάρκωτιιι

2109 4209 2177 4261 ἐκ
2213 4207 2330 4261 σοῦ
2359 4209 2392 4261 ό
2442 4209 2657 4276 Κύριος
2687 4209 2787 4261 καί
2822 4207 2967 4275 Θεὸς
3015 4207 3215 4278 ἡμῶν·
3281 4209 3374 4261 καὶ
3432 4213 3497 4279 τῇ
3553 4208 3698 4278 αὒτῇ

2110 4300 2295 4371 ἡμέρᾳ
2325 4297 2645 4369 ὁμολογοῦσι
2674 4298 2766 4351 τὸν
2807 4301 3045 4371 Χριστὸν
3068 4299 3418 4370 γεννηθέντα,
3447 4301 3542 4350 καὶ
3560 4299 3699 4367 ψάλ-

442 4383 782 4436 Νειιίνίιειιειιι
826 4377 1059 4448 psallunt
1102 4393 1116 4429 :
1165 4389 1326 4444 atque
1364 4385 1422 4428 ut
1467 4373 1704 4439 videtur,
1736 4374 1998 4443 ejusmodi

2113 4393 2260 4444 λουσι
2287 4391 2386 4462 τὴν
2416 4390 2669 4460 γέννησιν
2699 4390 2794 4443 τοῦ
2824 4391 3084 4462 Χριστοῦ·
3113 4392 3231 4454 καὶ,
3263 4391 3338 4454 ὡς
3364 4390 3486 4460 ἐμοὶ
3520 4390 3698 4454 δοκεῖ,

446 4473 684 4534 haeresis,
705 4470 1017 4540 Eutychetis
1041 4483 1103 4521 ac
1127 4466 1408 4522 Severiani
1434 4467 1624 4521 haeresi
1652 4467 2001 4536 sum-agatur,

444 4568 533 4632 qui
561 4563 740 4616 dicunt
765 4561 1064 4622 Christum,
1093 4574 1190 4612 ceu
1225 4575 1320 4627 per
1349 4559 1612 4625 carnalem,
1644 4573 1738 4628 per
1767 4568 2006 4612 sanctam

454 4655 724 4720 Virginem
759 4651 1138 4721 pertransisse,
1171 4665 1301 4719 quos
1341 4652 1504 4704 etiam
1536 4649 1748 4705 devovit
1778 4651 2013 4720 synodus

441 4743 918 4802 Chalcedonensis.

1071 4846 1119 4902 Η
1128 4846 1304 4901 a'resis
1335 4844 1422 4899 12.

516 4941 653 5000 ΧἫ.
681 4943 798 4998 Non
831 4953 1028 4998 norunt
1061 4953 1210 4996 sexta
1240 4938 1482 4993 Januarii
1513 4936 1787 4993 celebrare
1815 4935 2013 4992 festum

445 5038 752 5100 Luminum,
791 5051 893 5090 nec
939 5037 1136 5089 habent
1182 5031 1416 5088 ofﬁcium
1462 5029 1717 5100 BaptiSmi
1769 5031 2009 5095 Christi;

447 5130 541 5184 sed
571 5138 779 5182 tantum
809 5129 1008 5181 abeunt
1035 5127 1100 5180 ad
1130 5125 1351 5180 ﬂumen.
1381 5121 1677 5179 Confuudit
1706 5130 1885 5177 autent
1919 5136 2013 5176 eos

446 5221 742 5291 Gregorius
771 5217 1093 5288 Theologus,
1119 5227 1259 5272 orat.
1288 5232 1406 5285 qua:
1442 5215 1629 5284 incipit
1664 5231 1677 5267 :
1720 5232 1737 5264 ι
1781 5213 2012 5266 Rursum

445 5313 601 5370 Jesns
633 5328 804 5374 meus,
833 5321 889 5365 et
921 5325 1130 5364 rursum
1167 5310 1505 5379 mysterium.
1542 5325 1561 5359 ι
1604 5307 1666 5360 Et
1695 5317 1808 5375 p051
1845 5319 2014 5372 pauca

445 5408 521 5460 ait
557 5425 571 5462 :
619 5425 637 5458 ι
683 5403 898 5458 Initium
937 5402 1152 5472 quidem
1192 5399 1398 5455 ChriSti
1442 5399 1707 5468 baptisma
1767 5398 1954 5450 habet.
1990 5413 2009 5444 ι

519 5543 630 5626 (Ἱᾏ)
659 5541 820 5596 Forte
840 5540 1179 5621 τῇλπέμπτῃ.

521 5613 629 5643 ι’Ίέκὶ
661 5613 787 5643 ηρ...
833 5610 866 5643 Θ
914 5629 962 5643 ιιι
1001 5617 1179 5643 Ann-un

519 5610 630 5686 {75)
661 5610 964 5675 Orat.2,in
1001 5610 1233 5662 Mittunt.

521 5683 630 5746 17th
663 5682 813 5738 Orat.
839 5685 890 5736 in
914 5687 1150 5736 Annum.
1179 5694 1298 5748 quae
1318 5678 1477 5734 etiam
1499 5676 1754 5732 tribuitur
1779 5673 2008 5744 Gregor.

2113 4486 2147 4554 ἡ
2172 4481 2394 4552 τοιαύτη
2433 4481 2644 4552 αἵρεσις
2677 4482 2878 4536 δικαιοῖ
2904 4482 3002 4551 τὴν
3029 4483 3238 4552 αἵρεσιν
3272 4481 3545 4550 Εὐτυχοῦς
3595 4484 3701 4534 καὶ

2115 4574 2446 4648 Σευηριανοῦ
2485 4574 2595 4628 τῶν
2625 4575 3022 4643 λεγόντων,δτι
3063 4577 3254 4645 ὥσπερ
3281 4573 3417 4647 [διὰ]
3451 4575 3698 4641 σωλῆνος

2117 4665 2329 4736 διῆλθεν
2359 4667 2423 4718 ὲκ
2440 4664 2538 4734 τῆς
2570 4665 2730 4733 ἁγίας
2771 4664 3079 4736 Παρθένου’
3112 4663 3207 4729 οὓς
3263 4665 3359 4718 καὶ
3423 4664 3704 4734 ἀνεθεμάο

2120 4775 2268 4812 τισεν
2294 4759 2326 4829 ἡ
2361 4759 2491 4826 ἁγία
2531 4757 2742 4820 σύνοδος
2771 4759 2804 4826 ἡ
2839 4759 2894 4809 ὲν
2914 4757 3242 4826 Χαλκηδόνι.

2757 4849 2999 4916 Αἵρεσις
3040 4847 3128 4919 ιβ’.

2195 4944 2312 5009 ις’.
2355 4941 2477 4996 Ὅτι
2519 4941 2850 5012 Ἰανουαρίου
2891 4943 2970 5004 είς
2997 4939 3097 5010 τὴν
3140 4954 3178 5001 ς
3234 4938 3296 4990 οὐ
3335 4935 3710 5005 γινώσκουσιν

2123 5035 2401 5106 ἑορτάζειν
2425 5033 2493 5086 τὰ
2522 5034 2700 5098 Φῶτα,
2720 5031 2840 5085 οὐδὲ
2860 5032 3074 5102 ἔχουσιν
3120 5029 3446 5084 ἀκολουθίαν
3490 5027 3711 5079 Bauti-

2119 5144 2321 5197 σματο;
2341 5127 2432 5180 τοῦ
2450 5125 2708 5197 Χριστοῦ·
2724 5127 2772 5178 εί
2789 5125 2866 5196 μὴ
2882 5125 3040 5196 μόνον
3066 5124 3394 5193 ἀπέρχονται
3416 5122 3473 5173 ὲν
3503 5119 3584 5190 τῷ
3605 5136 3712 5170 που

2117 5217 2298 5287 ταμῷ.
2328 5217 2694 5287 Καταισχύνει
2725 5215 2783 5268 δὲ
2813 5214 3010 5277 αὐτοὺς
3030 5214 3332 5284 Γρηγόριος
3356 5213 3384 5263 ὁ
3411 5211 3708 5278 Θεολόγος,

2121 5314 2199 5370 είς
2237 5311 2298 5362 τό
2333 5326 2347 5340 ·
2388 5327 2407 5359 ι
2446 5309 2614 5361 Πάλιν
2656 5307 2863 5378 Ἰησοῦς
2891 5309 2920 5359 ὁ
2960 5305 3112 5378 ἐμὸς,
3141 5306 3234 5358 καὶ
3261 5304 3426 5357 πάλιν
3489 5302 3707 5373 μυστή-

2126 5418 2260 5475 ριον.
2299 5421 2317 5454 ι
2351 5403 2457 5455 Καὶ
2484 5401 2602 5472 μετ’
2629 5401 2785 5470 ὀλίγα
2823 5400 2970 5468 λέγει
2998 5417 3010 5430 ·
3069 5419 3086 5451 ι
3131 5397 3328 5468 Ἀρχὴν
3375 5396 3478 5467 μὲν
3512 5391 3576 5449 λεδ
3602 5395 3710 5451 ωδ

2123 5537 2407 5596 Tlianmat.

2193 5608 2306 5678 (77)
2339 5609 2489 5665 Orat.
2517 5607 2607 5664 σε.
