3968 6220
285 295 462 386 ιὲῖι

1341 325 1624 386 ORATIO
1669 326 1724 384 II
1765 324 2061 386 CONTRA
2107 297 2518 386 ARMENIOS.

3404 288 3540 382 12:20

283 439 523 510 Χριστοῦ
556 436 843 506 βάπτισμα
895 435 1200 506 λαμϐάνει·
1227 456 1259 509 ,ι
1313 439 1406 492 καὶ
1467 438 1628 492 πάλιν
1661 439 1810 503 λέγει
1853 453 1866 468 ⁸

2001 441 2320 508 tursumque
2356 441 2428 492 ait
2465 457 2478 493 :
2519 458 2536 490 ι
2579 441 2655 494 Ac
2687 437 2886 494 Christi
2931 438 3147 508 quidem
3193 437 3535 496 Nativitatem

287 547 306 580 ι
345 528 458 598 Τὴν
479 525 576 582 οῦν
608 528 889 596 Γέννησιν,
956 525 1024 580 τὰ
1110 529 1296 582 εἰκότα
1366 531 1863 600 προεωρτάσαμεν.

283 619 393 686 εγὼ
427 619 528 689 μὲν
560 621 587 671 ὁ
620 619 720 681 τῆς
743 618 935 687 ἑορτῆς
961 616 1209 688 ἔξαρχος.
1232 620 1327 673 καὶ
1350 620 1506 689 ὑμεῖς
1537 635 1551 650 ο
1592 638 1610 670 ι
1645 620 1734 672 διὰ
1751 619 1870 672 τοῦ·

1970 540 2090 598 apta
2131 530 2470 586 solemnitate
2505 531 2651 598 prius
2685 530 3095 598 celebravimus,
3136 538 3247 584 tum
3283 548 3382 599 ego
3413 528 3535 586 festi

1970 621 2079 674 dux
2125 631 2177 675 et
2217 636 2440 690 auspex,
2477 632 2587 674 tum
2626 636 2740 677 vos.
2779 640 2799 674 ›
2836 622 2939 676 Per
2975 625 3076 678 hoc
3110 634 3289 678 autem
3326 639 3538 679 rursum

281 728 402 772 του,
433 709 598 763 πάλιν
619 707 1023 779 διαχωρίζειτὰ
1069 709 1306 780 Χριστοῦ
1363 710 1530 763 Γέννα
1579 712 1686 762 ἀπὸ
1753 710 1861 762 τῶν

2002 720 2191 779 cparat
2237 709 2439 766 Christi
2491 709 2739 766 Natalem
2787 713 2927 768 diem
2979 731 3006 766 a
3054 712 3188 769 festo
3228 713 3538 781 aniutun,

285 800 506 865 Φώτων,
535 798 718 862 καθὼς
749 799 845 851 καὶ
872 799 1035 853 πάλιν
1075 799 1224 868 λέγει
1254 817 1266 830 ·
1308 818 1326 850 ι
1376 801 1530 853 Ἐπεὶ
1579 800 1635 852 δὲ
1681 800 1873 870 βαπτί-

289 908 518 958 σματος,
555 892 588 958 ἡ
618 892 953 960 πανήγυρις,
982 888 1077 968 καὶ
1105 889 1186 942 δεῖ
1217 891 1540 960 μικρότερον
1566 906 1871 959 προσκακο-

291 980 533 1049 παθῆσαι
574 978 652 1045 τῷ
679 978 748 1030 δι’
797 979 947 1046 ἡμᾶς
978 977 1318 1048 μορφωθέντι
1371 977 1465 1030 καὶ
1499 977 1870 1048 βαπτισοέντι·

1973 800 2420 868 quemadmodum
2454 802 2616 855 etiam
2651 812 2833 870 postea
2867 803 2942 855 ait
2970 820 2982 856 :
3025 822 3043 854 ‹
3074 803 3337 870 Quoniam
3367 803 3540 872 bapti-

1975 892 2074 944 smi
2104 889 2298 945 festum
2335 893 2448 956 cst,
2477 908 2573 961 par
2600 901 2712 956 est,
2743 903 2798 945 ut
2827 895 2874 947 ci
2908 896 2996 962 qui
3032 897 3196 949 nostri
3234 911 3390 950 causa
3423 894 3537 948 for-

1979 991 2155 1035 matus
2185 992 2286 1046 est,
2321 996 2383 1035 ac
2415 983 2736 1048 baptizatus,
2765 984 2976 1037 abunde
3007 985 3230 1039 dicendo
3262 987 3543 1040 adlabore-

292 1070 452 1138 ἡμεῖς
515 1067 571 1120 δὲ
621 1071 945 1138 τιμήσωμεν
1014 1068 1072 1119 τὸ
1127 1067 1220 1121 τοῦ
1282 1068 1518 1138 Χριστοῦ
1589 1067 1873 1138 βάπτισμα

2001 1089 2125 1140 nus;
2157 1089 2252 1128 nos
2279 1085 2452 1128 autem
2483 1075 2637 1129 hodie
2668 1076 2866 1130 Christi
2899 1077 3159 1145 baptisma
3190 1079 3391 1131 honoro
3419 1097 3544 1149 pro-

296 1163 556 1229 σήμερον,
595 1159 690 1211 καὶ
721 1157 900 1219 καλῶς
928 1159 1295 1229 ἑορτάσωμεν.
1345 1177 1364 1212 ι

900 1250 1142 1316 Αἵρεσις
1177 1258 1266 1317 ιγ’.

367 1340 467 1393 IZ'.
499 1339 669 1393 Τοῦτό
697 1342 814 1394 ἔστι
840 1341 1048 1412 μεγάλη
1105 1341 1317 1410 αἵρεσις
1339 1359 1351 1372 ο
1410 1344 1489 1394 ὅτι
1535 1342 1878 1412 ἑορτάζουσιν

1978 1178 2285 1234 sequamur,
2314 1179 2375 1219 ac
2401 1164 2592 1220 festum
2631 1168 2856 1220 honeste
2887 1167 3220 1222 celebremus
3251 1169 3386 1238 (78).
3425 1190 3440 1222 ι

2577 1255 2806 1311 Ilwresis
2844 1258 2929 1310 l3.

2050 1345 2214 1400 XVII.
2249 1345 2374 1401 Περ
2419 1363 2610 1418 magna
2653 1349 2872 1403 haeresis
2911 1359 3020 1414 est;
3061 1365 3180 1402 nam
3219 1367 3270 1404 ιχ
3304 1351 3542 1406 Januarii

309 1429 643 1501 Ἰανουαρίου
670 1429 715 1483 θ’
741 1430 900 1483 ἄλλον
923 1431 1356 1502 Εὐαγγελισμδν,
1373 1433 1464 1487 καὶ
1483 1433 1744 1503 ψάλλουσι
1770 1437 1872 1506 τὴν

2001 1435 2457 1508 :clebrautaliam
2504 1438 3012 1502 Annimtiationcm,
3049 1455 3110 1494 ac
3154 1441 3391 1510 psallunt
3431 1443 3542 1496 An-

297 1520 720 1591 Εὐαγγελισμοῦ
749 1520 1092 1586 ἀκολουθίαν,
1133 1524 1224 1575 καὶ
1251 1523 1469 1591 λέγουσι
1515 1526 1578 1578 τὸ
1632 1526 1879 1594 Εὐαγγέ-

294 1613 544 1680 λιονοτῷ
581 1613 733 1679 ἕκτῳ
750 1612 896 1681 μηνί
919 1612 1241 1682 ἀπεστάλη
1274 1618 1307 1669 ὁ
1353 1615 1724 1686 ἀρχάηηθελος
1764 1621 1882 1673 Γιι⁸

300 1706 480 1774 ὄριὴλ
524 1705 660 1774 πρὸς
707 1703 1002 1772 Παρθένον.
1053 1704 1160 1758 Καὶ
1219 1706 1286 1758 ἂν
1319 1706 1448 1778 Θέλῃ
1500 1725 1584 1771 τις
1639 1709 1882 1781 ἀκριβῶς

1984 1527 2341 1582 nuntiationis
2364 1527 2616 1590 oﬂicium,
2649 1529 2938 1597 dicuntque
2972 1532 3312 1602 Evangelium
3346 1553 3359 1588 :
3387 1534 3545 1589 Sexto

1985 1633 2157 1671 mense
2200 1619 2387 1671 missus
2434 1627 2511 1672 est
2553 1619 2897 1690 archangelus
2941 1619 3238 1677 Gabriel".
3272 1621 3447 1692 Atque
3491 1635 3550 1677 ut

1984 1710 2104 1776 quis
2131 1708 2254 1762 velit
2284 1709 2600 1778 intelligere,
2629 1723 2845 1779 superat
2876 1713 3123 1767 humana:
3153 1725 3357 1771 naturae
3390 1719 3550 1771 ratio-

305 1772 623 1864 μανθάνειν,
661 1794 805 1847 ἔστιν
835 1794 978 1866 ὑπὲρ
1003 1794 1353 1866 ἀνθρωπίνην
1413 1772 1579 1867 φύσιν
1605 1813 1620 1829 ⁸
1673 1772 1882 1856 δωδεκα

2003 1815 2132 1853 tem.
2168 1799 2246 1851 Ab
2282 1815 2467 1852 eorum
2505 1802 2646 1853 enim
2678 1802 3208 1870 Annuutiationibus,
3241 1807 3306 1861 ad
3343 1818 3551 1877 tempus

304 1893 415 1955 γάρ
440 1885 610 1954 μῆνες
644 1882 978 1955 πληροῦνται
1010 1885 1119 1938 άπὸ
1153 1886 1262 1939 τῶν
1312 1887 1742 1959 Εὐαγγελισμῶν
1771 1891 1883 1960 ,αὒ-

302 1975 430 2037 τῶν,
460 1974 566 2034 ἕως
588 1973 656 2026 τά
686 1973 928 2043 Χριστοῦ
954 1974 1120 2027 Γέννα
1146 1975 1348 2030 αὐτῶν.

899 2066 1144 2134 Αἵρεσις
1180 2066 1263 2121 ιδ’.

375 2157 483 2214 IH'.
505 2159 686 2228 Ὅπερ
710 2159 828 2211 ἐστὶ
853 2160 1061 2230 μεγάλη
1090 2162 1414 2233 στρεϐλότης
1434 2165 1526 2218 καὶ
1555 2166 1886 2238 άπωλυμένη

1987 1905 2092 1959 quo
2122 1890 2333 1945 Domini
2365 1888 2554 1945 Natale
2586 1890 2790 1958 colunt,
2823 1893 3119 1956 implentur
3148 1897 3215 1951 12
3243 1914 3476 1956 menses.

2608 2069 2842 2126 Heresis
2872 2071 2957 2126 Η.

2052 2159 2242 2216 XVIII.
2293 2161 2424 2228 Qua:
2482 2171 2564 2216 est
2610 2177 2804 2231 magna
2862 2163 3190 2232 perversitas
3239 2181 3303 2222 ac
3347 2169 3550 2237 perdita

312 2253 544 2320 αἵρεσις.
595 2249 953 2321 Ἐορτάζουσι
980 2253 1089 2324 γὰρ
1120 2254 1463 2325 ’Ἱανουαρίου
1486 2259 1564 2321 εἰς
1591 2258 1689 2328 τὴν
1715 2257 1780 2327 ιβ’
1807 2261 1887 2321 είς

2005 2249 2228 2303 neresis.
2264 2247 2553 2302 Celebrant
2588 2248 2730 2303 enim
2764 2265 2840 2304 ιιι
2872 2248 3113 2306 Januarii
3157 2253 3209 2307 in
3253 2254 3551 2323 Matutiuis.

307 2343 401 2395 τὸν
421 2341 638 2411 δρορον,
669 2342 763 2393 καὶ
789 2340 1053 2409 ψάλλουσι
1091 2343 1154 2396 τὸ
1192 2343 1487 2415 Βάπτισμα
1522 2346 1616 2400 τοῦ
1653 2347 1884 2418 Κυρίου,

309 2433 403 2486 καὶ
430 2430 965 2485 πᾶσαν-ἀκολουθίαν
1004 2433 1114 2486 τῶν
1145 2434 1345 2490 Φὼτων
1363 2453 1378 2469 ο
1405 2437 1500 2490 καὶ
1557 2439 1636 2500 είς
1661 2438 1760 2508 τὴν
1789 2439 1888 2491 αῦ-

1984 2354 2047 2395 ac
2092 2340 2325 2408 psallunt
2370 2339 2580 2394 Domini
2627 2340 2901 2410 Baptisma
2946 2359 2961 2397 :
3006 2353 3284 2416 totumque
3309 2348 3550 2406 Ollicium

1987 2430 2298 2496 aninum,
2327 2432 2627 2500 eademque
2656 2433 2742 2488 die
2775 2434 2826 2488 in
2860 2433 3018 2489 Missa
3047 2436 3232 2492 dicunt
3264 2438 3553 2509 Epistolam

309 2523 407 2593 τὴν
436 2523 653 2594 ἡμέραν
676 2524 754 2585 είς
778 2523 878 2592 τὴν
909 2521 1252 2596 λειτουργίαν
1281 2527 1531 2595 λέγουσιν
1569 2528 1889 2583 Ἀπόστολον

2001 2531 2038 2574 ιι
2067 2519 2434 2589 Evangelium,
2458 2535 2522 2576 ac
2549 2520 2795 2578 Ollicium
2829 2532 2996 2578 latum
3024 2526 3089 2581 de
3112 2525 3556 2590 Circumcisiouc.

311 2616 408 2670 καὶ
437 2614 790 2683 Εὐαγγέλιον,
825 2615 920 2668 καὶ
940 2616 1122 2671 πᾶσαν
1151 2618 1474 2673 ἀκολουθίαν
1531 2623 1629 2692 τῆς
1664 2622 1890 2691 Περιτο·

316 2711 444 2780 Ms.

929 2804 1174 2871 Αἵρεσις
1204 2809 1265 2856 ιε’
1277 2843 1290 2856 .

387 2890 488 2946 ΙΘ’.
520 2891 647 2945 Ὅτι
683 2891 854 2965 μῦρον
885 2895 986 2948 οὐκ
1010 2895 1216 2964 ἔχουσι,
1241 2896 1334 2948 καὶ
1362 2895 1461 2966 τὴν
1491 2893 1625 2966 ὕλην
1653 2894 1742 2948 τοῦ
1786 2894 1887 2966 μῦ·

2590 2789 2822 2847 ΙΙωτειίι
2854 2794 2941 2848 15.

2059 2880 2202 2938 XIX.
2262 2881 2462 2937 Carent
2520 2896 2824 2951 unguento,
2880 2902 2977 2942 nec
3033 2890 3213 2945 sciunt
3268 2894 3409 2949 ttnde
3469 2898 3558 2951 ﬂat

321 3000 414 3052 ρου
443 2983 506 3036 οὐ
544 2983 879 3052 γινώσκουσι
917 2985 1084 3038 πόθεν
1105 2987 1336 3054 γίνεται.
1370 2985 1644 3054 Ἀγνοοῦσι
1669 2986 1778 3056 γάρ
1801 2986 1890 3038 τὸν

2001 2975 2252 3044 unguenti
2295 2974 2540 3028 materia.
2568 2973 2822 3044 Ignorant
2846 2980 2988 3031 enim
3023 2983 3144 3049 quis
3175 2982 3313 3036 dicat
3343 2984 3508 3056 Moysi
3544 3005 3558 3040 :

315 3074 546 3142 λέγοντα
595 3075 670 3145 τῷ
727 3077 952 3130 Μωῠσεῖ
979 3093 992 3107 ο
1056 3077 1138 3130 ὃτι
1180 3076 1335 3131 Λάϐε
1396 3077 1614 3132 ἐλαίαν
1664 3078 1733 3132 ἐκ
1777 3076 1890 3131 τῶν

2001 3065 2156 3121 Sume
2185 3065 2355 3119 oleum
2383 3066 2446 3119 de
2471 3064 2642 3128 olivis,
2670 3074 2719 3118 et
2753 3065 2839 3134 {ac
2871 3067 3041 3123 oleum
3073 3087 3138 3125 ea:
3164 3089 3224 3126 eo
3240 3073 3307 3127 ⁸⁸.
3339 3073 3551 3146 Ungun-

314 3169 554 3234 ἐλαιῶν,
588 3168 689 3222 καί
742 3169 989 3235 ποίησαι
1048 3170 1258 3226 ἔλαιον
1281 3170 1354 3234 ἐξ
1398 3170 1605 3225 αὑτοῦ.
1636 3170 1895 3241 Χρίονται

315 3261 426 3332 γάρ
457 3263 644 3331 ἱερεῖς,
672 3261 765 3314 καὶ
793 3261 1052 3330 βασιλεῖς,
1090 3264 1184 3316 καὶ
1237 3263 1514 3334 προφῆται
1549 3279 1562 3294 ·
1609 3262 1745 3332 ὅπερ
1804 3262 1898 3316 καὶ

319 3355 414 3406 ἐπὶ
443 3347 539 3405 τοῦ
573 3353 694 3406 Νῶε
723 3352 915 3424 πρώην
959 3356 1025 3424 τῇ
1088 3354 1382 3425 συνεργεία
1431 3352 1526 3405 τοῦ
1580 3353 1899 3423 Πνεῦματος

320 3443 487 3508 ἔδειξε
515 3445 812 3515 περιστερά
839 3443 1040 3514 ἔχουσα
1073 3445 1279 3514 κάρφος
1302 3443 1487 3506 ἐλαίας
1532 3445 1591 3506 ὲν
1647 3443 1724 3514 τῷ
1779 3444 1898 3495 στό-

327 3551 458 3602 ματι
479 3535 668 3605 αὐτῆς,
711 3539 972 3606 σημαῖνον
1005 3535 1082 3606 τῷ
1120 3537 1243 3588 Νῶε
1271 3535 1372 3607 τὴν
1412 3535 1508 3588 τοῦ
1533 3535 1669 3588 Θεοῦ
1697 3535 1897 3606 πολλὴν

324 3627 690 3699 χρηστότητα.
717 3628 939 3681 Ἐλάιον
975 3627 1076 3698 μὲν
1107 3627 1214 3680 ἀπὸ
1235 3627 1436 3690 παντὸς
1466 3626 1638 3690 εἴδους
1664 3627 1894 3696 γίνεται.

336 3719 498 3773 Ἀλλὰ
524 3721 583 3772 τὸ
609 3721 787 3772 ἔλαιον
813 3721 916 3787 τῆς
946 3719 1181 3789 κρίσεως
1214 3718 1372 3772 τοῦτό
1395 3720 1564 3782 ἐστιν,
1612 3719 1748 3788 ὅπερ
1771 3719 1900 3771 ἔδω-

321 3829 419 3866 κεν
457 3813 521 3864 ἐκ
545 3812 640 3865 τοῦ
667 3812 825 3879 ἁγίου
851 3812 1193 3879 Πνεῦματος.
1221 3812 1384 3864 Αὐτοὶ
1413 3811 1469 3863 δὲ
1495 3811 1898 3887 ἐναντιούμενοι

321 3903 404 3973 τῷ
449 3902 619 3974 νόμῳ,
691 3904 790 3956 καὶ
851 3902 1180 3974 θεσμοθεσία
1233 3901 1342 3956 τῶν
1391 3901 1562 3971 ἁγίων
1617 3903 1896 3971 Πατέρων,

325 3994 576 4048 ποιοῦσιν
603 3994 786 4048 ἔλαιον
814 3996 1124 4066 σισάμινον,
1152 3997 1246 4048 καὶ
1278 3993 1524 4066 χρίονται
1540 3995 1663 4048 ἀντὶ
1700 3993 1894 4064 μύρου,

326 4085 421 4138 καὶ
443 4084 583 4156 βαρῦ
622 4084 897 4139 πωλοῦσιν
929 4085 1084 4139 αὑτό.
1153 4156 1161 4166 ι

929 4178 1170 4246 Αἵρεσις
1204 4182 1300 4241 ις’.

399 4267 484 4325 ις’.
512 4266 636 4324 Ὅτι
668 4270 747 4332 είς
784 4269 844 4321 τδ
868 4268 1152 4340 βάπτισμα
1189 4278 1249 4320 οι)
1277 4268 1522 4338 χρίουσιν
1545 4268 1722 4321 ἔλαιον
1770 4268 1896 4331 τοὺς

327 4361 746 4428 νεοφωτίστους.
781 4359 950 4426 Λέγει
981 4359 1090 4429 γὰρ
1112 4361 1140 4412 ὁ
1179 4359 1332 4428 διγιος
1355 4359 1628 4423 Διονύσιος
1647 4361 1676 4412 δ
1714 4359 1896 4429 ’Δρεο-

2000 3166 2086 3212 tur
2108 3157 2250 3212 enim
2282 3157 2611 3221 sacerdotes,
2637 3165 2693 3210 et
2720 3171 2899 3226 reges,
2924 3169 2977 3214 et
3004 3163 3277 3232 prepheue
3303 3182 3317 3218 :
3344 3170 3485 3236 quod
3511 3180 3567 3222 ct

1999 3250 2124 3305 olim
2153 3249 2483 3318 temporibus
2506 3246 2618 3302 Noe
2645 3246 2879 3317 Spiritus
2907 3253 3077 3306 sancti
3104 3255 3303 3310 auxilio
3327 3261 3566 3312 ostendit

1999 3339 2268 3400 columba,
2302 3337 2508 3390 habens
2537 3337 2590 3390 in
2619 3351 2715 3390 ore
2744 3352 2842 3391 suo
2875 3354 3083 3394 ramum
3113 3343 3288 3408 olivze,
3316 3361 3423 3414 quo
3453 3348 3566 3404 Noe

1999 3427 2244 3500 symbolo
2282 3429 2448 3481 multa
2487 3425 2580 3480 Dei
2616 3425 2920 3497 benignitas
2941 3445 3005 3484 ac
3047 3431 3326 3487 clementia
3353 3437 3563 3493 innate.

1997 3529 2192 3574 sceret.
2227 3516 2488 3587 Equidem
2533 3515 2822 3570 coniicitur
2853 3519 3031 3571 oleum
3071 3535 3134 3573 ex
3169 3523 3315 3575 omni
3349 3526 3563 3592 specie;

1999 3612 2177 3666 oleum
2215 3619 2392 3662 tamen
2429 3606 2718 3671 unctionis,
2749 3607 2894 3662 istud
2931 3618 3036 3675 est,
3065 3613 3208 3682 quod
3248 3629 3311 3669 ex
3360 3615 3564 3684 Spiritu

1999 3709 2190 3756 sancto
2243 3699 2498 3754 traditum
2551 3707 2654 3752 est.
2689 3698 2761 3752 At
2810 3699 2917 3765 illi,
2952 3700 3303 3759 adversantes
3354 3706 3453 3776 legi
3503 3724 3566 3763 at:

1999 3791 2266 3847 Sanctioni
2324 3796 2636 3844 sanctorqu
2697 3786 2953 3850 Patrum.
2998 3791 3174 3848 oleum
3230 3810 3299 3850 ex
3355 3801 3568 3854 sesao

1999 3882 2311 3944 coniiciunt,
2336 3893 2510 3948 eoque
2547 3889 2819 3944 unguntur
2854 3879 2973 3959 loco
3008 3885 3288 3951 unguenti,
3321 3900 3384 3942 ac
3415 3890 3565 3957 gravi

1998 3993 2102 4031 aut:
2131 3976 2385 4030 vendunt.
3296 3982 3300 3985 '

2065 4214 2070 4219 .
2618 4167 2847 4222 Han-esis
2885 4168 2970 4222 16.

2070 4260 2188 4316 XX.
2224 4261 2279 4314 lu
2317 4261 2585 4328 baptismo
2629 4276 2735 4316 non
2777 4272 2986 4331 ungunt
3015 4261 3140 4316 oleo
3174 4278 3361 4320 recens
3394 4267 3568 4337 bapti~

2002 4363 2170 4406 zatos.
2204 4353 2294 4405 Ait
2333 4352 2477 4405 enim
2517 4361 2737 4406 sanctus
2778 4351 3062 4422 Dionysius
3103 4356 3428 4426 Areopagita
3473 4373 3570 4427 per

330 4452 568 4521 παγίτης
600 4451 1009 4522 παρασολικῶς,
1046 4451 1129 4503 ὅτι
1166 4469 1183 4500 t
1208 4451 1296 4502 Ἐν
1329 4448 1508 4520 καιρῷ
1548 4449 1890 4523 ἱπποδρομίοι

2011 4441 2318 4516 parobplam
2349 4459 2362 4494 :
2401 4458 2420 4491 ι
2451 4439 2662 4494 Curruli
2689 4443 2987 4497 certamine
3015 4459 3196 4498 coram
3229 4460 3352 4516 rege
3373 4461 3571 4518 propo-

330 4542 562 4595 ἑνώπιον
603 4542 700 4595 τοῦ
743 4543 1032 4612 βασιλέως,
1087 4543 1136 4593 oi
1194 4543 1250 4593 ὲν
1297 4540 1376 4610 τῷ
1444 4540 1643 4609 σταδίῳ
1687 4540 1902 4610 ἄνδρες,

329 4634 466 4687 ἔνθα
502 4635 552 4687 oi
611 4634 826 4703 δόκιμοι
894 4635 1115 4706 δρομεῖς
1167 4631 1484 4700 φαίνονται,
1540 4632 1755 4703 πρῶτον
1803 4631 1905 4700 μὲν

329 4724 581 4798 χρίουσιν
604 4725 800 4788 αὐτοὺς
825 4725 1030 4789 ελαιον,
1047 4722 1151 4776 ’ἵνα
1183 4722 1258 4793 μὴ
1290 4721 1562 4793 εὐκαίρως
1587 4721 1904 4792 κρατηθῶσι

331 4817 486 4889 παρὰ
505 4817 616 4873 τῶν
635 4818 926 4872 ἀντιδίκων
951 4817 1152 4871 αὐτῶν.
1179 4816 1290 4870 Καὶ
1317 4819 1384 4886 τῇ
1401 4815 1580 4885 χρίσει
1600 4813 1694 4868 τοῦ
1723 4815 1904 4867 ἐλαίου

327 4907 584 4962 δύνανται
610 4909 868 4976 ἐκφυγεῖν
899 4908 1023 4969 τοὺς
1057 4907 1352 4976 μέλλοντας
1385 4907 1584 4968 αὐτοὺς
1608 4907 1898 4976 κρατῆσαν

331 4999 474 5052 οὕτω
500 5001 593 5053 καὶ
609 5001 658 5052 oi
685 4998 974 5068 μέλλοντες
1002 4998 1177 5051 ἐλθεῖν
1202 4999 1295 5050 ἐπὶ
1325 4998 1386 5049 τὸ
1413 5000 1564 5064 ἆγιον
1593 4996 1899 5066 βάπτισμα,

333 5089 552 5160 πρῶτον
583 5089 682 5161 μὲν
711 5090 990 5164 χρίσονται
1009 5089 1194 5159 ἐλαίῳ,
1228 5087 1362 5158 πρὸς
1395 5087 1456 5140 τὸ
1483 5089 1745 5155 ἐκφυγεῖν
1773 5089 1898 5150 τοὺς

331 5182 673 5253 πολεμίους·
709 5183 834 5235 ἐπεὶ
871 5181 1047 5253 μέγας
1073 5178 1344 5241 ἀντίδικός
1384 5181 1502 5230 ἐστι
1536 5177 1644 5229 τῶν
1665 5181 1895 5245 φωτιζο-

337 5275 514 5347 μὲνων
550 5277 578 5327 ὁ
601 5275 870 5337 διάὄολος,
904 5276 998 5326 καὶ
1032 5272 1354 5341 δυνήσονται
1384 5269 1474 5322 διὰ
1513 5269 1610 5336 τῆς
1659 5268 1894 5338 χρίσεως

332 5367 427 5420 τοῦ
452 5368 632 5422 ἐλαίου
659 5368 754 5420 καὶ
782 5366 878 5418 τοῦ
908 5363 1305 5435 βαπτίσματος,
1334 5364 1399 5430 τῇ
1459 5359 1752 5430 συνεργεία
1801 5359 1897 5412 τοῦ

337 5459 492 5527 ἁγίου
524 5461 842 5531 Ιίνεῦματος
874 5457 1135 5526 ἐκφυγεῖν
1159 5453 1252 5506 τὸν
1316 5451 1556 5504 τοιοῦτον
1625 5450 1892 5522 θηρευτὴν

405 5591 449 5622 ⁸⁷
475 5587 606 5645 Luc.
633 5605 674 5656 ι,
693 5589 764 5645 ‘26
797 5604 946 5658 seqq.

412 5727 526 5801 (78)
559 5729 712 5787 Orat.
745 5731 834 5785 39.

1023 5586 1069 5619 ⁸⁸
1095 5583 1260 5640 Exod.
1288 5597 1417 5651 xxx,
1442 5581 1532 5648 ‘25,
1556 5582 1648 5638 26.

2003 4535 2139 4597 sito,
2169 4533 2260 4601 qui
2298 4532 2350 4586 iu
2386 4533 2566 4586 stadio
2600 4532 2759 4601 positi
2794 4542 2921 4588 sunt
2953 4535 3045 4589 ubi
3079 4551 3330 4592 cursores
3361 4539 3572 4595 virtutis

2004 4625 2274 4692 specimen
2325 4623 2610 4688 exhibent,
2652 4625 2884 4692 primum
2927 4627 3141 4695 quidem
3191 4629 3313 4684 oleo
3362 4644 3571 4700 ungunt

2003 4731 2220 4785 corpus,
2250 4725 2307 4770 ut
2336 4732 2402 4770 ne
2429 4715 2588 4771 facile
2623 4716 2692 4770 ab
2721 4719 3050 4774 adversariis
3083 4730 3398 4788 teneantur;
3437 4739 3563 4793 pos-

2003 4817 2234 4876 suntque
2262 4823 2327 4862 co
2352 4807 2572 4863 delibuti
2601 4812 2668 4863 ab
2699 4809 2764 4863 iis
2794 4824 2851 4864 se
2879 4811 3040 4876 tueri,
3071 4826 3099 4864 a
3123 4811 3321 4880 quibus
3354 4817 3565 4868 tenendi

2009 4909 2186 4953 erant.
2219 4899 2309 4954 Sic
2357 4910 2413 4954 et
2455 4900 2514 4964 ii,
2548 4901 2639 4968 qui
2686 4899 2751 4952 ad
2799 4915 3008 4954 sacrum
3055 4903 3319 4971 baptisma
3360 4912 3568 4962 venturi

2009 4998 2134 5044 sunt
2171 5029 2186 5054 ,
2216 4990 2450 5057 primum
2481 4990 2699 5058 quidem
2736 4990 2964 5060 ungendi
2999 5003 3121 5045 sunt
3155 4995 3272 5050 oleo
3303 5004 3360 5049 ut
3393 4998 3571 5052 hostes

2005 5081 2292 5152 eﬂ‘ngiant;
2342 5082 2590 5136 diabolus
2639 5081 2905 5149 siquidem
2956 5098 3181 5152 magnus
3228 5088 3572 5144 adversarius

2002 5184 2086 5226 est
2141 5189 2366 5238 eorum,
2411 5173 2502 5242 qui
2565 5174 2907 5241 baptizantur
2971 5193 2984 5230 :
3049 5185 3408 5250 poteruntque
3469 5181 3572 5235 olei

2009 5267 2263 5320 unctione
2305 5282 2369 5319 ac
2404 5265 2748 5333 baptismate,
2785 5265 3019 5334 Spiritus
3060 5271 3232 5323 sancti
3277 5272 3572 5340 opitulante

2006 5357 2211 5426 gratia,
2263 5366 2573 5408 venatorem
2628 5356 2931 5426 ejusmodi,
2987 5360 3284 5426 diabolum,
3318 5362 3572 5431 inquam,

2005 5451 2239 5518 (ἀποδω-ο
2271 5447 2409 5516 (79).
2449 5467 2466 5498 ι
2503 5446 2760 5503 Sanctum
2790 5465 3001 5521 quoque
3025 5452 3343 5522 Gregorium
3371 5467 3573 5524 magna:

2084 5717 2198 5788 (79)
2222 5716 2351 5788 Cap.
2377 5733 2397 5773 ι
2421 5715 2631 5773 Hicrar.
2663 5719 2845 5774 eccles.
