3968 6220
448 281 587 349 1235

1547 296 1798 359 ISAACI
1837 301 2212 365 ARMENI/E
2250 306 2655 371 CATHOLICI

3573 314 3715 378 I236

440 407 697 479 inagitata
731 422 793 461 ac
853 407 1047 475 sterili,
1111 411 1545 484 congregabitque
1593 416 2011 474 sterilitatem".

2133 420 2215 475 lari
2244 422 2311 477 τὸ
2331 424 2576 493 ψεῦδος,
2605 424 2865 496 ἀνέμους
2927 425 3272 497 ἐπινέμεται
3290 444 3303 457 ·
3384 433 3709 499 πορεύεται

1077 682 1309 739 Ilwresis
1333 686 1422 741 24.

515 773 757 829 XXVIII.
784 773 1209 832 Lactieiuiorum
1252 778 1546 848 jejunium,
1582 784 1724 850 quod
1781 784 2013 840 Ecclesia

443 865 759 922 Christiana
790 882 819 920 a
856 866 1119 922 Silvestro
1149 884 1211 923 ac
1251 868 1575 927 Constantio
1621 871 1814 943 Magno
1855 876 2023 929 tradi-

442 962 558 1011 tum
592 957 821 1027 accepit,
854 972 919 1013 ac
951 958 1205 1030 deinceps
1238 971 1557 1030 receperunt
1605 978 1796 1019 omnes
1844 966 2019 1022 sancti

445 1046 668 1113 Patres;
694 1048 838 1119 quod
872 1060 926 1103 et
958 1065 1187 1120 magnus
1220 1051 1309 1105 ille
1336 1051 1632 1121 imperator
1656 1055 2017 1121 confirmavit,

445 1135 716 1207 susceptis
752 1135 856 1191 illis
883 1136 1171 1210 impiorum
1200 1138 1692 1197 hmresiarcharum
1734 1144 2019 1212 doctrinis,

445 1229 779 1300 polluerunt,
808 1235 968 1304 inque
995 1252 1060 1291 eo
1088 1252 1283 1293 carnes
1313 1235 1625 1292 comedunt.

1074 1423 1304 1480 Ha'resis
1336 1425 1427 1481 25.

521 1513 716 1571 XXIX.
748 1513 880 1571 Rem
913 1530 1126 1571 sacram
1157 1528 1531 1583 contemnunt,
1560 1535 1735 1591 neque
1768 1533 2018 1578 ornatum

450 1616 683 1671 mutant,
718 1619 811 1663 aut
844 1609 1045 1662 habent
1087 1623 1363 1663 sacrarum
1422 1612 1648 1665 vestium
1698 1614 2017 1669 varietatent

2122 516 2190 569 ἐν
2220 516 2299 586 γῇ
2348 518 2582 588 ἀνύδρῳ
2632 522 2727 575 καὶ
2769 522 3040 591 ἀκάρπῳ,
3091 522 3190 576 καὶ
3237 523 3492 594 συνάγει
3519 524 3711 595 dmp-

2122 608 2287 663 πίαν.

2710 706 2952 772 Αἵρεσις
2992 705 3090 760 κδ’.

2192 791 2329 847 κη’.
2360 792 2483 848 Ὅτι
2514 795 2613 866 τὴν
2650 796 2904 868 τυρινὴν,
2930 797 2999 868 ἣν
3027 799 3337 868 παρέλαϐεν
3368 803 3402 869 ἡ
3429 800 3542 854 τῶν
3569 801 3707 872 Χριο

2122 887 2355 941 στιανῶν
2391 888 2688 960 Ἐκκλησία
2715 891 2870 960 παρὰ
2902 890 2999 945 τοῦ
3038 892 3195 961 ἁγίου
3213 879 3569 963 Σιλὸέστρου,
3609 894 3713 947 καὶ

2120 980 2216 1036 τοῦ
2250 983 2492 1053 μεγάλου
2524 985 2968 1052 Κωνσταντίνου,
2996 988 3092 1041 καὶ
3122 989 3359 1059 καθεξῆς
3401 990 3611 1053 πάντες
3655 989 3711 1042 οἱ

2121 1073 2266 1142 ἆγιοι
2303 1073 2547 1147 Πατέρες
2572 1090 2587 1106 ⁸
2619 1076 2688 1149 ἠν
2711 1077 2809 1131 καὶ
2840 1081 2867 1132 ό
2893 1080 3068 1148 μέγας
3099 1080 3384 1143 Βασίλειος
3418 1079 3711 1151 ἐκύρωσεν

2121 1163 2214 1217 καὶ
2248 1162 2608 1220 ἐϐεϐαίωσενο
2635 1167 2793 1221 αὐτοὶ
2820 1168 2877 1222 δὲ
2907 1167 3195 1238 δεξάμενοι
3245 1169 3497 1241 δόγματα
3552 1171 3715 1240 παρὰ

2120 1254 2230 1310 τῶν
2258 1255 2436 1311 ἀθέων
2463 1258 2855 1329 αίρεσιαρχῶν,
2898 1259 3252 1331 ὲῦεὸήλωσαν
3283 1263 3384 1332 τὴν
3444 1262 3714 1334 τοιαῦτην

2122 1348 2402 1421 νηστείαν,
2428 1351 2526 1403 καὶ
2558 1348 2799 1406 ἐσθίουσι
2839 1352 2901 1405 τὸ
2926 1352 3118 1424 κρέας.

2730 1445 2973 1514 Αἵρεσις
3011 1452 3112 1500 κε’.

2191 1537 2321 1593 ΚΘ’.
2355 1539 2480 1594 Ὀτι
2513 1532 2920 1611 καταφρονοῦσι
2935 1537 3035 1610 τὴν
3059 1537 3209 1593 θείαν
3229 1537 3600 1610 λειτουργίαν,
3616 1537 3717 1590 καὶ

2121 1629 2249 1684 οὕτε
2286 1630 2670 1698 ἀλλάσσουσιν,
2708 1628 2838 1685 οὔτε
2907 1628 3126 1701 ἔχουσιν
3193 1627 3554 1703 asumma
3611 1628 3716 1696 τῆς

446 1713 546 1768 pro
575 1713 738 1755 sacro
771 1699 1095 1768 ministerio,
1137 1716 1272 1770 quas
1321 1716 1547 1771 magnus
1597 1701 1859 1759 Silvester
1905 1705 2021 1775 lege

447 1789 625 1816 --.ι-οῗ.
653 1809 665 1816 .
693 1805 755 1816 Α..
788 1805 1017 1816 ...ι-...ιω
1043 1801 1443 1816 ρηηηη...,ι..α.....
1484 1793 1772 1816 .Ι.-..Ι-..---3ι
1824 1794 1882 1816 ιι.
1905 1813 1983 1816 UH,
2003 1814 2016 1816 _

2133 1719 2277 1784 θείας
2340 1720 2708 1792 λειτουργίας,
2769 1721 2840 1774 τὰ
2899 1699 3045 1791 arma
3085 1699 3397 1774 ὲκανόνισεν
3445 1718 3477 1772 ὁ
3515 1717 3715 1816 ,μέγας

445 1789 665 1846 sanxit:
693 1805 756 1845 ac
786 1805 1020 1861 quarum
1041 1801 1446 1848 sacramentum
1480 1793 1797 1850 declaravit.
1821 1794 2022 1866 Nempe

2133 1810 2451 1882 Σίλὸεστρος
2468 1828 2483 1845 υ
2523 1789 2761 1881 ἐδήλωσε
2786 1811 2847 1863 τὸ
2866 1789 3172 1882 μυστήριον
3190 1851 3206 1874 ,
3233 1810 3318 1863 ὅτι
3352 1808 3415 1862 τὸ
3444 1806 3715 1873 φελώνιον

446 1880 784 1951 phelonium,
814 1882 959 1952 quod
993 1883 1132 1937 muri
1180 1884 1374 1949 instar,
1412 1887 1536 1940 dum
1566 1887 1807 1942 membra
1843 1890 2022 1946 omnia

448 1973 502 2028 in
564 1974 795 2028 circuitu
851 1974 1079 2040 claudit,
1135 1990 1257 2030 cum
1294 1974 1387 2031 Dei
1450 1977 1644 2034 timore
1692 1979 1745 2034 in
1792 1980 2023 2037 interius

449 2063 647 2119 mentis
689 2064 1022 2120 domicilium
1081 2067 1493 2135 ingrediendum
1537 2070 1734 2137 innuit,
1790 2087 1856 2128 ac
1912 2074 2022 2130 illic

447 2171 571 2210 cum
613 2156 720 2211 Deo
770 2156 1150 2213 fabulandum.
1198 2159 1395 2214 Eorum
1447 2170 1627 2216 autem
1669 2164 1914 2233 quilibet,
1958 2166 2024 2222 iis

448 2248 694 2304 vestibus
758 2248 1001 2314 indutus,
1075 2264 1302 2318 quarum
1385 2267 1513 2308 usus
1570 2258 1873 2312 communis
1919 2267 2022 2324 est,

446 2356 692 2411 quasque
739 2342 883 2397 nullo
914 2342 1110 2411 passim
1142 2342 1455 2400 discrimine
1480 2346 1734 2403 adbibere
1767 2349 2023 2417 solemus,

453 2434 525 2489 ita
557 2433 626 2488 ad
658 2433 830 2488 altare
865 2434 1190 2504 ingreditur.
1240 2434 1440 2489 Eorum
1493 2437 1620 2491 item
1676 2440 1913 2510 episcopi
1960 2456 2026 2497 ac

450 2524 749 2594 praepositi,
807 2528 1004 2580 nedum
1058 2524 1236 2581 sacris
1285 2529 1561 2597 operando
1612 2540 1771 2600 caput
1825 2541 2024 2588 tectum

450 2616 688 2680 habent,
746 2616 841 2671 sed
886 2625 941 2671 et
992 2616 1135 2671 inter
1165 2615 1549 2673 celebrandum
1583 2618 1781 2688 duplex
1833 2623 2027 2691 capitis

450 2706 848 2776 operimentum
885 2717 1206 2776 assumunt;
1243 2709 1429 2779 sicque
1472 2709 1674 2782 duplici
1724 2711 1868 2782 pileo
1912 2728 2023 2769 rem

450 2812 661 2855 sacram
696 2810 979 2869 peragunt.

1079 2892 1308 2951 Heresis
1335 2894 1426 2953 26.

527 2980 702 3038 XXX.
739 2981 928 3054 Magna
959 2984 1149 3054 quinta
1178 2987 1311 3042 feria
1341 2989 1583 3060 mysticae
1603 2989 1785 3047 Cmnte
1810 2991 2024 3050 Domini

2123 1902 2185 1955 τὸ
2202 1902 2438 1957 κυκλοῦν
2460 1902 2609 1957 ὥσπε
2617 1920 2650 1975 ρ
2670 1904 2872 1973 τεῖχος,
2889 1902 3066 1957 πάντα
3091 1902 3159 1955 τὰ
3182 1900 3320 1971 μέλη
3339 1898 3551 1954 ἔνδοθεν
3568 1900 3712 1953 ἀπο-

2125 1995 2319 2060 κλείει,
2355 1996 2450 2050 καὶ
2481 1995 2738 2061 εἰκονίζει
2773 1993 2913 2066 μετὰ
2945 1994 3112 2064 φόϐου
3139 1993 3278 2048 Θεοῦ
3330 1992 3605 2046 εἰσελθεῖν
3633 1992 3717 2054 εἰς

2124 2087 2185 2141 τὸ
2213 2086 2425 2141 ἔνδοθεν
2449 2087 2545 2141 τοῦ
2580 2088 2699 2152 νοὸς
2731 2090 3072 2159 οἰκητήριον,
3135 2089 3233 2142 καὶ
3272 2088 3456 2139 ἐκεῖσε
3508 2102 3715 2157 προσο-

2129 2177 2356 2247 μιλῆσαι
2385 2177 2506 2249 Θεῷ
2527 2193 2540 2208 '
2576 2178 2732 2232 αὐτοὶ
2756 2178 2812 2232 δὲ
2834 2178 3091 2242 ἕκαστος,
3123 2176 3177 2229 εἴ
3218 2193 3303 2239 τις
3332 2174 3585 2230 ἐνδύεται
3616 2176 3716 2228 καὶ

2127 2270 2467 2324 πολιτεύεται
2486 2272 2566 2334 εἰς
2612 2270 2904 2341 διαφόρους
2940 2268 3162 2333 τόπους,
3189 2266 3366 2332 οὕτως
3399 2266 3714 2338 εἰσέρχεται

2128 2364 2206 2425 εἰς
2236 2360 2296 2415 τδ
2323 2360 2735 2431 θυσιαστήριον.
2765 2360 2878 2415 Kal
2922 2361 2971 2413 ol
2999 2358 3296 2413 ἐπίσκοποι
3372 2356 3556 2411 αὐτῶν
3615 2345 3712 2410 καὶ

2127 2452 2515 2523 ήγούμενοι,οὑ
2550 2452 2709 2522 μόνον
2732 2452 2815 2506 ὅτι
2847 2451 3245 2520 σκεπαζόμενοι
3274 2445 3711 2519 λειτουργοῦσιν.

2126 2546 2263 2602 ἀλλὰ
2294 2549 2389 2603 καὶ
2417 2533 2581 2618 ἐν’τῷ
2615 2545 2797 2617 καιρῷ
2818 2544 2920 2615 τῆς
2961 2542 3328 2614 λειτουργίας.
3396 2541 3493 2594 καὶ
3548 2539 3713 2608 ἕτερα

2126 2639 2471 2712 καμελαύκια
2501 2638 2757 2711 βάλλουσι
2788 2637 2886 2693 καὶ
2928 2635 3066 2708 μετὰ
3092 2633 3187 2690 δύο
3217 2630 3575 2705 καμελαύκια
3597 2629 3712 2684 λει-

2126 2732 2469 2805 τουργοῦσιν.

2749 2911 2991 2980 Αἵρεσις
3022 2907 3139 2975 κς⁸.
3213 2928 3225 2945 κ
3352 2978 3389 2991 I_
3496 2986 3503 2991 _

2197 3006 2280 3059 A'.
2310 3004 2438 3059 Ὅτι
2464 3002 2566 3075 τὴν
2593 3001 2837 3073 μεγάλην
2872 3008 2914 3055 ε’
2941 3001 3051 3054 τῶν
3070 2996 3349 3072 μυστικῶν
3362 2992 3703 3051 δείπνωντῶ

454 3072 633 3128 nostri
666 3071 794 3127 Jesu
823 3073 1049 3139 Christi,
1083 3074 1343 3145 primitiis
1373 3065 1478 3132 illis
1510 3076 1644 3132 Novi
1673 3077 2022 3146 Testamenti,

2133 3094 2342 3165 Κυρίου
2375 3065 2533 3165 ἡμῶν
2575 3065 2755 3165 ’ίησοῢ
2792 3065 3084 3164 *Χριστοῦξ
3129 3074 3230 3162 τὴν
3282 3087 3527 3159 ἀπαρχὴν
3595 3085 3701 3157 τῆς

450 3167 669 3233 quando
702 3163 1001 3220 Christiani
1044 3180 1236 3222 omnes
1280 3168 1709 3237 communicant,
1766 3185 1867 3228 nec
1905 3173 2025 3244 qui-

450 3255 571 3309 dem
602 3255 887 3326 mysticam
918 3253 1146 3311 Coenam
1175 3258 1502 3327 percipiunt.
1548 3299 1551 3302 ρ

1103 3455 1335 3509 Heresis
1372 3454 1464 3510 27.

525 3538 721 3597 XXXI.
765 3540 1057 3598 Sectantur
1108 3542 1382 3612 Hebraeos,
1439 3560 1504 3602 ac
1558 3544 1768 3630 Pascha
1820 3549 2044 3630 faciunt.

449 3650 574 3691 cum
598 3650 739 3705 agno
763 3637 1040 3703 anniculo,
1066 3639 1301 3709 agnique
1327 3642 1591 3712 sanguine
1618 3625 1798 3713 postes
1828 3645 2021 3715 linunt,

451 3736 612 3797 atque
651 3725 769 3798 eius
803 3729 1081 3799 sanguinis
1116 3729 1376 3800 reliquias
1406 3745 1623 3788 servant
1673 3750 1770 3805 pro
1822 3739 2025 3792 sancti-

454 3819 727 3873 ficatione.
753 3817 857 3875 Eos
878 3835 1042 3891 porro
1063 3822 1243 3892 arguit
1265 3821 1560 3894 Gregorius
1582 3826 1886 3898 Theologus
1908 3829 2019 3901 (89)

450 3911 503 3965 in
531 3925 593 3965 ea
636 3911 887 3968 oratione
938 3912 992 3967 in
1038 3927 1140 3983 qua
1178 3916 1367 3971 scribit
1399 3933 1414 3971 :
1448 3935 1467 3969 ι
1514 3910 1690 3988 Super
1720 3921 2020 3976 custodiam

449 4001 632 4069 stabo,
682 4000 857 4073 inquit
910 4003 1248 4061 admirabilis
1298 4004 1592 4064 Habbacuc
1611 4010 1686 4078 “;
1725 4028 1744 4062 ι
1798 4020 2023 4082 postque

450 4092 617 4148 multa
657 4093 735 4148 ait
772 4111 787 4149 :
827 4113 846 4147 ι
880 4095 993 4167 Age
1039 4112 1194 4162 vero,
1224 4112 1252 4152 a
1291 4097 1411 4170 lege
1458 4102 1800 4156 recedamus.
1831 4122 1859 4155 ι
1885 4103 2023 4157 Rur-

449 4197 652 4253 susque
678 4184 811 4242 dicit
843 4202 858 4241 :
896 4204 915 4238 ι
950 4185 1183 4241 Mactate
1215 4201 1321 4241 non
1358 4187 1557 4243 vitulos
1605 4191 1867 4249 novellos.
1925 4207 2022 4247 nec

447 4290 619 4346 agnos
663 4292 868 4333 cornua
918 4278 1305 4349 produceutes,
1330 4289 1385 4336 et
1409 4281 1659 4352 ungulas,
1688 4293 1795 4339 etc.
1822 4283 2019 4338 Verum

456 4366 569 4422 Deo
598 4368 655 4424 in
691 4382 930 4438 superno
961 4370 1116 4425 altari
1159 4386 1279 4425 cum
1307 4373 1621 4428 coelestibus
1645 4374 1826 4430 choris
1850 4375 2020 4431 sacri-

2129 3186 2277 3251 Νέας
2334 3187 2632 3264 Διαθήκης,
2678 3187 2742 3240 ὲν
2855 3185 3058 3248 πάντες
3094 3183 3143 3237 οἱ
3171 3178 3492 3253 Χριστιανοὶ
3527 3194 3708 3249 μετα-

2130 3278 2523 3350 λαμϐάνουσιν,
2558 3274 2682 3330 οὔτε
2703 3276 2799 3330 τοῦ
2829 3275 3093 3347 μυστικοῦ
3123 3273 3344 3360 ocima
3381 3271 3497 3344 (88)
3534 3283 3703 3341 προε-

2131 3370 2367 3443 έχουσιν.

2754 3461 2998 3530 Αἵρεσις
3027 3460 3129 3526 κζ’.

2201 3556 2329 3608 AA'.
2364 3554 2578 3609 Ὀτιτὰ
2612 3553 2724 3608 τῶν
2767 3553 3034 3625 Ἐὁραίων
3051 3550 3337 3625 φρονοῦσι,
3365 3550 3465 3604 καὶ
3492 3544 3709 3602 ποιοῦσι

2128 3645 2191 3699 τὸ
2226 3644 2418 3715 Πάσχα
2451 3644 2568 3715 μετ’
2604 3642 2779 3714 ἀμνοῦ
2815 3642 3173 3710 ἐνιαυσιαίου,
3214 3641 3311 3695 καὶ
3366 3639 3588 3711 χρίουσι
3650 3636 3713 3690 τὸ

2130 3732 2272 3809 αἷμα
2303 3735 2398 3789 τοῦ
2438 3734 2613 3806 ἀμνοῦ
2642 3733 2741 3798 τὰς
2777 3733 2961 3802 φλιὰς,
2985 3733 3079 3787 καὶ
3124 3731 3484 3802 φυλάττουσιν
3524 3730 3591 3781 ὲκ
3615 3724 3709 3780 τοῦ

2130 3828 2373 3885 τοιούτου
2405 3827 2639 3899 αἵματος
2667 3827 2746 3890 είς
2778 3824 3049 3895 ἁγιασμόν
3072 3823 3270 3877 αὐτῶν.
3330 3821 3442 3876 Καὶ
3490 3819 3711 3888 ἐλέγχει

2130 3922 2327 3986 αὐτοὺς
2352 3920 2655 3992 Γρηγόριος
2687 3920 2717 3973 ό
2748 3917 3011 3986 Θεολόγος
3049 3917 3132 3980 είς
3157 3913 3247 3968 τδν
3289 3913 3447 3982 λόγον
3509 3912 3591 3973 εἰς
3647 3909 3709 3962 ὃν

2128 4016 2329 4086 γράφει
2348 4029 2362 4043 ⁸
2406 4031 2425 4064 ι
2448 4011 2581 4066 Ἐπὶ
2607 4010 2716 4079 τῆς
2739 4007 3016 4081 φυλακῆς
3040 4025 3158 4078 μου
3174 4005 3496 4075 στήσομαι,
3513 3999 3710 4072 φησιν

2130 4108 2162 4160 ό
2184 4102 2517 4173 θαυμάσιος
2552 4097 2904 4171 Ἀμϐακούμ.
2939 4099 3051 4152 Kal
3089 4097 3228 4169 μετὰ
3285 4094 3455 4149 πολλὰ
3510 4094 3664 4160 λέγει
3688 4107 3707 4126 ο

2134 4196 2355 4263 «Δεῦτε,
2381 4195 2690 4265 ἐξέλθωμεν
2714 4192 2780 4245 ὲκ
2805 4192 2900 4245 τοῦ
2924 4189 3146 4261 νόμου.»
3189 4189 3298 4243 Kal
3324 4186 3486 4243 πάλιν
3506 4185 3663 4253 λέγει
3688 4200 3708 4218 ο

2137 4310 2155 4343 ι
2180 4290 2390 4344 Θύσατε
2426 4291 2503 4360 μὴ
2524 4287 2784 4359 μόσχους,
2806 4284 2882 4357 μὴ
2905 4285 3104 4356 ἀρνοὺς
3134 4284 3343 4356 κέρατα
3366 4282 3501 4350 ὲκφέ
3511 4296 3710 4353 ροντας

2130 4383 2224 4436 καὶ
2250 4380 2442 4447 ὁπλὰς,
2498 4379 2596 4434 καὶ
2626 4378 2695 4434 τὰ
2724 4377 2853 4447 ἑξῆς
2876 4393 2890 4408 ·
2913 4376 3049 4430 ἀλλὰ
3091 4374 3290 4453 θύσατε
3336 4373 3527 4426 θυσίαν
3553 4371 3708 4424 αἰνέ-

458 4458 637 4514 licium
672 4461 847 4515 laudis
880 4462 1178 4518 immolatc.
1217 4483 1235 4515 ι
1274 4463 1696 4537 Chrysosmmus
1729 4482 1942 4537 quoque
1972 4468 2022 4522 in

2133 4490 2292 4536 σεως,
2328 4472 2420 4526 ἐπὶ
2441 4473 2508 4543 τῇ
2538 4471 2651 4526 ἄνω
2680 4468 2951 4543 τραπέζῃ,
2984 4469 3122 4540 μετὰ
3160 4449 3269 4521 τῶν
3296 4467 3409 4521 ἄνω
3434 4464 3700 4528 vagatum:

453 4548 807 4620 Evaugelium
835 4552 1068 4607 Mattbmi
1091 4558 1311 4625 exponit
1336 4555 1450 4628 (90)
1478 4576 1491 4613 :
1521 4558 1793 4627 Accipiens
1815 4576 2025 4629 panem,

451 4639 719 4695 benedixit
749 4656 768 4695 :
801 4641 915 4696 Hoc
946 4642 1108 4712 facile
1150 4645 1206 4698 in
1243 4662 1409 4700 meam
1459 4653 2025 4705 commemorationem.

452 4728 589 4788 Vide
615 4741 674 4788 ut
705 4732 888 4790 multis
914 4736 1091 4790 modis
1112 4735 1319 4792 Novum
1344 4738 1773 4809 Testamentum,
1799 4757 1828 4795 a
1861 4743 2029 4798 veteri

448 4823 810 4881 Hebraeorum
842 4827 1100 4896 dirimat;
1152 4830 1334 4897 aitque
1362 4830 1492 4884 illud
1525 4831 1708 4885 datum
1742 4849 1769 4885 a
1797 4831 1946 4887 Mose
1976 4835 2028 4887 in

449 4915 679 4971 salutem
715 4918 1226 4990 primogenitorum,
1260 4921 1407 4978 istud
1440 4937 1567 4977 vero
1598 4938 1627 4976 a
1657 4923 1872 4979 Christo
1903 4924 2022 4979 Sal-

453 5014 643 5062 vatore
664 5008 716 5061 iu
742 5010 1118 5066 remissionem
1144 5021 1514 5079 peccatorum.
1543 5013 1683 5067 Sunt
1702 5015 1792 5084 qui
1816 5014 2018 5080 dicant,

452 5107 706 5165 oportere
762 5114 957 5170 agnum
1011 5117 1226 5173 quoque
1278 5104 1561 5160 immolare
1609 5122 1625 5161 :
1676 5116 1839 5177 negat
1892 5121 2020 5162 vero

446 5188 892 5262 Chrysostomus,
949 5193 1217 5256 seribeus.
1268 5196 1388 5251 ideo
1440 5195 1725 5252 Dominum
1777 5202 2018 5253 nostrum

449 5280 632 5337 Jesum
668 5280 945 5337 Christutn
980 5280 1190 5339 Novum
1227 5284 1635 5343 Testamcntnm
1690 5287 2018 5357 condidisse,

449 5383 510 5428 ut
532 5368 702 5430 Vetus
721 5374 1053 5431 aboleretur.

516 5540 560 5572 “
582 5539 741 5598 Prov.
769 5547 903 5611 3,.4.
1000 5546 1044 5578 “
1075 5544 1275 5604 Habac.
1306 5565 1366 5617 tt,
1405 5548 1453 5604 l.

519 5660 631 5731 (88)
660 5663 799 5734 Lege
830 5669 1137 5739 μεσέχουσι.

519 5729 627 5803 (89)
660 5731 812 5788 Orat.
841 5736 931 5790 42.

2125 4550 2234 4619 Kal
2262 4566 2290 4618 ὁ
2322 4563 2704 4634 Χρυσόστομος
2730 4564 2810 4626 είς
2843 4561 2905 4615 τὸ
2934 4561 3078 4615 κατὰ
3123 4559 3401 4615 Ματθαῖον
3455 4555 3707 4624 Εὐαγγέ-

2123 4655 2236 4709 λιον
2270 4654 2562 4726 ὲρμηνεύει
2578 4671 2591 4685 ·
2607 4651 2819 4708 Λαϐὼν
2830 4653 2936 4706 τόν
2954 4651 3136 4720 ἄρτον
3154 4651 3487 4718 ηὐλότησε.
3522 4646 3708 4701 Τοῦτο

2126 4745 2351 4799 ποιεῖτε
2376 4748 2465 4812 εις
2490 4743 2605 4811 τὴν
2629 4743 2805 4812 ἐμὴν,
2854 4742 3220 4812 ἀνάμνησιν.
3283 4741 3392 4794 Kal
3446 4738 3523 4792 ἴδε
3580 4736 3706 4801 πῶς

2128 4836 2486 4909 πολυτρόπως
2514 4835 2739 4908 χωρίζει
2764 4834 2863 4905 τὴν
2897 4834 3047 4889 Νέαν
3073 4832 3350 4904 Διαθὴκην
3375 4832 3441 4909 ὲκ
3469 4830 3569 4902 τῆς
3586 4831 3709 4884 Πα-

2126 4930 2283 5009 λαιᾷς
2311 4930 2418 4982 τῶν
2466 4927 2755 5001 Ἐὗραίων,
2817 4928 2912 4981 καὶ
2940 4925 3111 4996 λέγει,
3163 4924 3333 4978 ὃτιτδ
3392 4924 3493 4996 μὲν
3540 4922 3711 4994 ἐδόθη

2129 5020 2284 5091 παρὰ
2314 5021 2554 5084 Μωσέως
2576 5020 2684 5073 τῶν
2720 5016 3084 5088 πρωτοτόκων
3121 5016 3341 5088 Ἰσραὴλ
3379 5019 3462 5079 εἰς
3524 5030 3710 5086 σωτηο

2128 5114 2251 5183 ρίαν
2272 5129 2286 5143 ’
2304 5112 2362 5164 τὸ
2388 5113 2465 5177 δὲ,
2496 5110 2650 5183 παρὰ
2675 5111 2768 5163 τοῦ
2789 5110 3044 5181 Σωτῆρος
3069 5110 3150 5173 είς
3169 5109 3363 5176 ἄφεσιν
3390 5105 3705 5178 ἁμαρτιῶν.

2124 5200 2245 5258 Είσί
2275 5221 2418 5268 τινες
2440 5205 2490 5258 οί
2525 5205 2796 5274 λέγοντες,
2835 5203 2918 5257 ὅτι
2954 5202 3062 5277 χρὴ
3091 5203 3189 5254 καὶ
3221 5200 3312 5254 τὸν
3337 5201 3509 5269 ἀμνὸν
3540 5199 3708 5272 ποιῆ-

2127 5313 2261 5351 σαι’
2305 5296 2400 5350 καὶ
2429 5298 2681 5367 γράξειό
2740 5296 3129 5368 Χρυσόστομος
3185 5295 3270 5348 ὅτι
3328 5293 3491 5363 οὐχί·
3562 5293 3706 5346 ἀλλὰ

2122 5392 2213 5445 διὰ
2241 5389 2400 5444 τοῦτο
2431 5391 2688 5461 ἐποίησεν
2709 5393 2737 5445 ὁ
2766 5390 2971 5460 Κύριος
3000 5390 3034 5457 ἡ
3045 5386 3160 5458 μῶν
3203 5386 3411 5457 Ἰησοῦς
3462 5386 3704 5459 Χριστὸς

2125 5485 2223 5555 τὴν
2254 5488 2380 5539 νέαν
2411 5482 2707 5555 Διαθήκην,
2733 5483 2819 5536 ἵνα
2846 5484 2881 5552 ἡ
2920 5482 3133 5535 Παλαιὰ
3158 5480 3394 5553 ἀργήση.

2194 5678 2305 5752 (90)
2329 5679 2523 5736 llontil.
2558 5677 2648 5743 83,
2685 5677 2741 5732 in
2778 5692 2903 5733 xam
2938 5674 3129 5731 Matth.
