3968 6220
297 315 439 382 1237

899 433 1139 500 Αἵρεσις
1166 441 1269 506 κη’.

364 519 492 577 ΔΒ⁸.
539 521 603 576 Ἦ
626 521 889 594 βδελυκτὴ
907 523 1069 578 θυσία
1102 528 1135 598 ἠ
1163 526 1306 582 κατὰ
1325 529 1432 583 τῶν
1447 530 1732 601 Ἐϐραίων.
1768 535 1871 586 Φέ-

292 631 453 686 ρουσι
479 612 607 683 βοῦν
634 613 860 684 ἧκριὸν,
885 617 978 668 καὶ
1000 617 1392 688 γραμμάζουσι
1413 621 1548 689 μετὰ
1569 619 1872 691 βαμμάτων

297 705 595 767 κοκκίνων,
624 704 715 756 καὶ
735 706 816 768 είς
827 705 895 758 τὰ
919 707 1125 777 κέρατα
1143 709 1320 762 αὐτῶν
1343 710 1566 781 ὀπώρας
1593 714 1872 777 παντοίας,

294 799 395 850 καὶ
423 797 682 867 φέρουσιν
715 795 878 850 αὑτὸν
909 799 989 860 είς
1011 798 1108 869 τὴν
1139 800 1308 871 θύραν
1327 803 1425 872 τῆς
1442 803 1759 873 ἐκκλησίας,
1782 805 1876 856 καὶ

291 889 579 957 ἀλείφουσι
613 890 750 958 μετὰ
776 889 1042 961 βουτύρου
1079 892 1146 944 τὰ
1180 894 1314 964 μέλη
1345 893 1441 947 τοῦ
1469 895 1612 965 βοὸς,
1632 895 1744 947 εἴτε
1776 896 1873 949 τοῦ

294 983 478 1052 κριοῦ.
523 983 630 1036 Καὶ
661 983 882 1036 θύουσιν
915 984 1055 1038 αὐτὰ
1077 987 1158 1046 εἰς
1188 986 1286 1057 τὴν
1324 987 1497 1058 θύραν
1529 989 1628 1058 τῆς
1679 989 1879 1062 ἐκκλη-

299 1078 424 1141 σίας
448 1094 461 1106 °
496 1077 592 1131 καὶ
632 1077 882 1146 λέγουσιν
922 1079 1054 1131 αὐτὸ
1096 1081 1432 1154 Δεσποτικὴν
1457 1081 1667 1138 Θυσίαν.

895 1190 1132 1258 Αἵρεσις
1172 1191 1278 1246 κθ’.

372 1302 497 1356 AI".
518 1301 641 1354 Ὅτι
670 1299 807 1352 εἰσὶν
836 1301 1052 1370 ἀνόητοι
1083 1304 1174 1356 καὶ
1197 1303 1541 1376 ἀγνώμονες,
1573 1307 1661 1360 καὶ
1691 1307 1752 1361 οὔ
1789 1326 1879 1361 m-

305 1393 587 1446 στεύουσιν
617 1391 698 1444 ὃτι
727 1390 788 1443 τὸ
823 1387 962 1461 αἷμα
984 1391 1076 1443 τοῦ
1099 1393 1333 1462 Χριστοῦ
1353 1394 1583 1473 ἐκχυθὲν
1607 1395 1750 1468 ὑπὲρ
1780 1397 1881 1466 τῆς

302 1483 397 1535 τοῦ
424 1483 629 1552 κόσμου
663 1481 956 1552 σωτηρίας·
977 1481 1092 1535 ἀλλ’
1124 1485 1210 1538 ὅτε
1234 1487 1520 1556 ποιήσουσι
1543 1487 1882 1557 λειτουργίαν

303 1575 414 1627 τῶν
443 1572 918 1644 προαπελθόντων,
943 1572 1192 1640 λέγουσιν
1242 1576 1346 1641 ὅτι,
1408 1577 1506 1630 ἐὰν
1544 1578 1617 1648 μὴ
1677 1577 1884 1644 γίνεται

309 1667 600 1738 σεραγμονὴ
655 1669 748 1720 καὶ
806 1659 994 1736 χυσίαι
1031 1668 1262 1739 αἵματος
1314 1668 1602 1738 προϐάτων
1663 1669 1695 1740 ἢ
1749 1669 1886 1740 βοῶν

1519 327 1618 388 DE
1661 328 1913 391 REBUS
1950 331 2343 392 ARMENI/E.

1898 447 1946 503 Α

3403 329 3536 398 Ῑῖῖῖἶ

2584 445 2814 498 ιιωνεδῑε
2843 445 2937 499 ‘28.

2049 533 2268 589 XXXII.
2317 535 2678 589 Easecrabilis
2724 533 3030 590 Iudaeorum
3068 535 3309 590 victima.
3362 537 3543 588 Addu-

1975 636 2106 680 cunt
2162 628 2375 692 berem,
2427 636 2520 681 aut
2568 627 2818 692 arietem,
2871 628 2925 681 in
2981 643 3208 696 quorum
3261 629 3540 689 cornibus,

1975 718 2182 772 fruetus
2210 718 2392 773 varios
2425 722 2649 773 coccino
2675 719 2992 788 depingunt,
3024 728 3246 788 tumque
3275 720 3340 773 ad
3366 720 3543 775 eccle-

1975 814 2070 865 sia:
2097 809 2241 871 fores
2285 819 2606 873 statuentes,
2647 825 2712 864 ac
2746 811 2940 880 butyro
2969 811 3208 864 membra
3243 811 3417 873 bovis,
3448 827 3542 866 seu

1975 901 2508 971 arictisinungentes
2542 915 2640 970 pro
2677 901 2923 956 ecclesia:
2972 901 3174 956 foribus
3217 903 3495 955 immolant
3528 919 3542 932 ο

1979 1006 2221 1060 remque,
2253 992 2581 1048 Dominicant
2613 990 2884 1044 victimam
2917 990 3203 1059 appellant.

2603 1177 2651 1232 11
2657 1181 2834 1234 (erasis
2859 1179 2930 1234 29

2053 1293 2292 1348 XXXIII.
2332 1293 2493 1348 Stulti
2548 1303 2672 1348 sunt
2733 1309 2799 1349 ac
2855 1295 3104 1362 improbi,
3168 1310 3266 1350 nec
3320 1294 3548 1349 credunt

1988 1384 2192 1440 Christi
2222 1384 2538 1455 sanguinein
2571 1401 2669 1454 pro
2700 1385 2885 1438 mundi
2917 1385 3090 1439 salute
3120 1384 3347 1440 elfusutn
3377 1401 3392 1439 :
3419 1385 3546 1454 quin

1988 1478 2097 1531 imo
2120 1492 2241 1530 cum
2275 1489 2374 1545 pro
2402 1475 2680 1532 defunctis
2713 1492 2824 1530 rem
2850 1491 3060 1531 sacram
3093 1474 3320 1542 faciunt,
3355 1486 3550 1545 negant

1986 1569 2101 1623 ﬁeri
2152 1568 2438 1623 animabus
2492 1569 2755 1638 requiem,
2810 1570 2912 1624 nisi
2954 1568 3270 1637 jugulentnr
3300 1584 3428 1624 ores
3457 1578 3551 1621 aut
3611 1632 3616 1638 .

1984 1659 2172 1725 boves,
2222 1675 2518 1729 eorumque
2571 1661 2791 1729 sanguis
2839 1659 3145 1716 eﬂ'nndatur
3199 1677 3296 1732 pro
3349 1663 3414 1715 iis
3458 1661 3549 1729 qui

313 1759 458 1830 ὑπὲρ
479 1760 588 1813 τῶν
633 1759 966 1826 τεθνεώτων,
1030 1760 1089 1814 οὐ
1145 1762 1354 1830 γίνεται
1411 1762 1721 1828 ἀνάπαυσις
1773 1763 1883 1817 τῶν

2018 1753 2274 1814 bierunt;
2312 1751 2511 1820 alioqui
2547 1749 2787 1805 inefﬁcax
2820 1767 2941 1807 esse
2969 1752 3310 1808 incruentum
3345 1751 3551 1807 sacriii-

310 1852 498 1922 ψυχῶν
527 1851 705 1923 ἡμῶν,
735 1851 856 1905 οὐδὲ
890 1855 1108 1925 ἐνεργεῖ
1140 1855 1173 1924 ὴ
1200 1854 1536 1924 ἀναίμακτος
1589 1853 1879 1920 θυσία,ὲάν

315 1945 390 2013 μὴ
441 1945 680 2012 γίνονται
739 1947 1072 2016 σφαγμοναί.
1130 1947 1317 2001 Ταῦτα
1404 1947 1679 2017 συντόμως
1740 1947 1885 2017 διήλ-

309 2035 610 2106 θομεν,διά
635 2038 736 2110 τὴν
786 2038 1111 2108 πολυλογίαν
1151 2039 1220 2092 τά
1279 2039 1498 2094 πλείονα
1559 2040 1885 2094 καταλειπό-

313 2143 491 2196 μενοι.

1986 1844 2152 1897 cium.
2179 1841 2299 1896 Ilaec
2322 1842 2640 1912 compendio
2665 1844 3047 1914 percnrrinnts,
3068 1838 3310 1914 pluribus
3334 1843 3556 1898 mnissis

1989 1950 2152 1990 causa
2181 1934 2459 1991 breviatis.
2505 1976 2509 1980 .

770 2523 1500 2638 NARBATIO
1580 2527 1760 2638 DE
1825 2527 1890 2637 Β

2018 2525 2271 2639 BUS
2369 2522 3097 2636 ABMENl/E.

316 2889 604 2957 Διήγησις
634 2889 753 2944 ἀπὸ
791 2889 896 2944 τοῦ
947 2890 1120 2959 ἁγίου
1175 2891 1504 2959 ι’,ρηγοριόυ
1534 2891 1711 2960 μέχρι
1783 2890 1892 2946 τοῦ

391 2980 510 3034 νῦν
548 2983 685 3048 περὶ
729 2980 844 3033 τῶν
873 2981 942 3033 ἐν
998 2981 1164 3046 τάξει
1203 2981 1541 3051 γενομένων
1596 2981 1892 3052 διαδόχων

392 3071 602 3137 αὐτοῦ,
630 3071 823 3142 ἤγουν
861 3073 966 3128 τοῦ
997 3074 1216 3142 θρόνου
1243 3073 1452 3138 αὑτοῦ,
1483 3075 1582 3128 καὶ
1621 3074 1894 3144 περὶτῶν

393 3166 463 3218 ἐν
481 3164 646 3230 τάξει
685 3167 1025 3235 γενομένων
1041 3167 1136 3221 καὶ
1150 3167 1663 3232 ,ϐασιλευσάντων
1683 3169 1751 3221 ἐν
1766 3167 1892 3233 ταῖς

395 3255 640 3326 ἡμέραις
673 3257 891 3321 αὐτῶν,
933 3257 1005 3311 ἐν
1039 3275 1105 3312 τε
1153 3258 1460 3328 Ῥωμαίοις
1486 3260 1582 3313 καὶ
1610 3260 1890 3325 Πέρσαις,

395 3349 552 3416 παρὰ
582 3349 686 3403 τοῦ
715 3349 1034 3419 γινώσκειν
1069 3349 1179 3415 ἓως
1219 3353 1382 3416 τινος
1411 3349 1753 3418 ἐκράτησαν
1782 3351 1896 3417 τὴν

396 3439 580 3508 ὀρθὴν
616 3443 846 3506 πίστιν,
898 3438 978 3507 ἢν
1015 3440 1357 3508 παρέλαϐον
1399 3441 1517 3495 ἀπὸ
1570 3440 1676 3494 τοῦ
1722 3441 1894 3508 ἁγίου

398 3529 750 3598 Γρηγορίου.
787 3529 883 3582 καὶ
911 3530 1028 3583 ἀπὸ
1062 3530 1171 3598 τῆς
1200 3532 1371 3600 ἁγίας
1397 3530 1667 3584 συνόδου
1695 3527 1803 3596 τῆς
1823 3530 1894 3582 ἐν

397 3621 630 3688 Νικαίᾳ,
666 3621 870 3686 καὶτὸ,
893 3621 964 3675 ἐν
992 3622 1188 3688 ποίαις
1243 3621 1491 3691 ἡμέροις
1552 3620 1897 3688 ἐπλανήθη·

393 3729 536 3774 σαν.
567 3713 665 3766 καί
695 3714 810 3767 ὑπὸ
830 3713 1128 3779 τι’νος,καί
1154 3716 1237 3778 τὸ,
1258 3713 1380 3780 πῶς
1400 3713 1894 3779 ἐπολιτεύσαντο,

395 3806 492 3860 καὶ
525 3806 663 3859 τινα
685 3805 986 3874 ζητήματα
1020 3805 1302 3873 ἐγένοντο
1330 3807 1462 3876 περὶ
1490 3809 1770 3874 πίστεως,
1795 3805 1894 3860 καί

395 3900 520 3966 πῶς
549 3898 851 3969 διέμειναν
874 3899 944 3954 ἐν
973 3899 1175 3968 πλάνῃ
1199 3900 1302 3964 ἕως
1324 3900 1609 3971 σήμερον.

396 4013 524 4067 Ἐπὶ
568 4011 663 4066 τοῦ
725 4011 1138 4080 θεοφιλεστάτου
1192 4013 1604 4066 Κωνσταντίνου
1659 4014 1897 4082 μεγάλου

327 4104 616 4176 βασιλέως,
657 4103 931 4174 ἐγένετοή
960 4105 1093 4175 ἁγία
1126 4103 1340 4166 σύνοδος
1366 4105 1398 4173 ή
1425 4107 1481 4157 ὲν
1515 4105 1721 4176 Νικαία
1755 4107 1898 4160 κατὰ

337 4197 574 4268 Ἀρείου.
608 4196 687 4268 τῷ
718 4197 828 4250 ἔτει
886 4191 1197 4267 τριακοστῷ
1235 4199 1482 4269 τετάρτῳ
1540 4199 1634 4251 τοῦ
1665 4200 1900 4271 Τηριδά-

325 4307 442 4354 του,
481 4290 571 4344 καὶ
600 4288 678 4359 τῷ
705 4289 937 4359 εἰκοστῷ
965 4287 1077 4342 ἔτει
1108 4288 1202 4342 τοῦ
1236 4290 1392 4356 ἁγίου
1429 4291 1758 4362 Γρηγορίου.
1796 4292 1898 4363 τῆς

325 4381 653 4446 ὲξελεύσεως
685 4382 793 4434 τῶν
826 4383 890 4435 ὲκ
923 4381 1016 4455 τοῦ
1053 4382 1279 4447 λάκκου,
1309 4385 1404 4437 καὶ
1431 4385 1485 4438 ὲν
1516 4387 1636 4448 ταῖς
1663 4385 1898 4455 ἡμέραις

323 4475 429 4538 τῆς
460 4475 767 4543 ἐπισκοπῆς
795 4474 890 4528 τοῦ
947 4473 1104 4541 ἁγίου
1165 4474 1493 4538 Ῥωστακὲς,
1529 4476 1627 4530 καὶ
1663 4477 1757 4529 ἐπὶ
1803 4475 1897 4530 τοῦ

327 4566 538 4635 πατρὸς
593 4567 783 4630 αὑτοῦ,
841 4566 900 4630 ὃς
964 4566 1060 4620 καὶ
1121 4567 1202 4629 εἰς
1251 4567 1472 4620 σύνοδον
1539 4569 1896 4639 παρεγένετο.

1995 2891 2248 2946 Narratio
2267 2890 2390 2961 (I)a
2418 2891 2588 2948 sancti
2607 2889 2846 2961 Gregorii
2869 2901 3097 2959 tempore
3119 2890 3187 2942 ad
3216 2899 3449 2943 nostram
3474 2905 3561 2943 us-

2066 3000 2162 3053 que
2191 2992 2420 3049 tetatem,
2444 2983 2506 3036 de
2529 2984 2592 3037 iis
2621 2983 2711 3052 qui
2742 2981 2878 3052 ejus,
2905 2999 2994 3036 seu
3040 2979 3190 3037 Sedis
3223 2984 3356 3052 ejus,
3380 2983 3561 3034 ordine

2067 3091 2390 3130 successores
2433 3074 2694 3143 fuerunt:
2723 3075 2946 3143 itemque
2992 3075 3055 3127 de
3098 3075 3186 3137 iis,
3217 3075 3306 3143 qui
3351 3075 3558 3127 interim

2069 3181 2162 3235 per
2201 3174 2488 3233 temporum
2521 3164 2920 3226 successionem,
2959 3180 3078 3217 cum
3113 3163 3252 3232 apud
3276 3163 3560 3227 Romanos,

2068 3270 2180 3313 tum
2234 3259 2376 3328 apud
2431 3257 2667 3319 Persas,
2726 3258 3148 3325 imperaverunt;
3191 3274 3292 3328 quo
3342 3257 3558 3326 liqueat,

2065 3350 2305 3416 quandiu
2334 3351 2568 3403 Armenii
2599 3358 2795 3403 rectam
2833 3349 3010 3416 ﬁdem,
3041 3349 3104 3402 ab
3133 3349 3311 3403 eodem
3341 3347 3400 3403 S.
3433 3348 3561 3402 Gre-

2063 3441 2234 3510 gorio,
2261 3456 2322 3494 ac
2345 3449 2531 3493 sancta
2554 3441 2754 3509 synodo
2802 3439 3026 3494 Niceena
3065 3448 3354 3507 acceptam,
3388 3451 3566 3493 tenue-

2068 3537 2197 3598 rint,
2235 3553 2296 3589 (ιο
2328 3551 2558 3606 quanam
2595 3551 2660 3588 ea:
2697 3550 2882 3598 causa,
2914 3545 2961 3588 et
2993 3533 3144 3603 cujus
3175 3550 3356 3602 opera,
3401 3534 3453 3586 in
3482 3551 3565 3586 er-

2066 3627 2252 3693 rorem?
2280 3626 2489 3693 impulsi
2537 3627 2642 3680 sint
2667 3641 2685 3680 :
2716 3636 2772 3680 ut
2802 3628 2924 3678 item
2952 3625 3225 3679 habuerint
3249 3641 3428 3679 eorum
3461 3641 3563 3680 res.

2067 3734 2131 3772 ac
2157 3733 2398 3786 quanam
2448 3716 2511 3770 de
2547 3715 2651 3783 ﬁde
2698 3717 3012 3786 quwstiones
3065 3721 3205 3785 apud
3234 3733 3320 3770 eos
3373 3715 3562 3784 fuerint

2066 3816 2244 3870 motas,
2273 3818 2427 3877 utque
2459 3807 2512 3862 iu
2548 3811 2684 3861 hanc
2710 3825 2872 3878 usque
2906 3810 3045 3863 diem
3075 3809 3130 3863 in
3175 3824 3352 3864 errore
3390 3824 3561 3876 perse—

2069 3902 2376 3955 veraverint.

2073 4018 2166 4072 Dei
2196 4017 2568 4072 amantissimo
2589 4016 2946 4071 Constantino
2975 4016 3168 4084 Magno
3213 4018 3560 4087 imperatore.

2001 4118 2188 4164 sancta
2214 4107 2428 4162 Nicaena
2467 4107 2704 4178 synodus
2733 4117 2920 4160 contra
2947 4107 3132 4160 Arium
3165 4108 3434 4162 celebrata
3457 4121 3562 4171 εει,
3629 4098 3637 4105 ’

2002 4200 2280 4256 tricesimo
2306 4209 2504 4268 quarto
2543 4214 2686 4253 anno
2735 4198 2878 4269 regis
2924 4197 3184 4252 Tiridatis
3217 4213 3280 4254 ac
3307 4202 3563 4255 vicesimo

1999 4292 2333 4363 egressionis
2353 4325 2357 4330 ι
2381 4293 2553 4347 sancti
2583 4291 2827 4362 Gregorii
2859 4305 2923 4344 ex
2961 4289 3077 4345 lacu
3109 4291 3214 4361 (ἓ),
3241 4301 3429 4347 sancto
3459 4293 3567 4346 Ro-

2000 4396 2168 4449 stace,
2203 4399 2268 4440 ac
2296 4395 2450 4454 patre
2479 4383 2618 4454 ejus.
2647 4383 2956 4453 episc0putn
2996 4393 3238 4453 gerente,
3268 4386 3356 4453 qui
3401 4385 3563 4439 etiam

2001 4478 2067 4532 ad
2115 4477 2377 4545 synodum
2429 4475 2702 4543 proiectus
2754 4486 2860 4530 est.
2895 4473 3224 4532 Successere
3279 4475 3569 4538 Barlanes,

1999 4570 2312 4639 Gregorius,
2343 4569 2522 4634 Josec,
2555 4567 2863 4624 Pltarnesec
2890 4569 3148 4638 Aspracis
3177 4578 3329 4624 ortus
3362 4571 3571 4638 provin-

331 4661 565 4716 Ἔπειτα
589 4663 616 4714 ὀ
650 4659 946 4732 Βαρτανὲς,
973 4662 1002 4714 ὀ
1026 4660 1348 4731 Γρηγόριος,
1368 4662 1396 4714 ὁ
1426 4660 1659 4732 Ἰουσὴκ,
1697 4664 1726 4715 ὁ
1751 4663 1890 4733 Φαρ-

2018 4661 2100 4718 εἰιε
2128 4663 2358 4718 Astisac.
2391 4663 2468 4718 Ad
2507 4663 2620 4718 haec
2650 4671 2869 4718 sanctus
2917 4662 3201 4718 Norseces.
3245 4661 3470 4724 Exinde,
3510 4678 3573 4717 ae

401 4850 479 4908 (1)
516 4849 807 4906 Videantur
843 4850 984 4904 haud
1033 4849 1207 4904 aliena
1243 4851 1358 4905 haec
1400 4865 1428 4904 a
1475 4859 1658 4905 nostra
1701 4850 1892 4907 Monoo

331 4921 642 4988 theI'ttarutn
694 4921 913 4974 haeresis
951 4921 1197 4981 historia,
1229 4937 1349 4974 cum
1387 4935 1634 4987 magnam
1684 4931 1892 4988 partem

334 4993 399 5046 ad
436 4987 711 5044 Jacobitas
751 4990 992 5058 aliosque
1022 4990 1385 5060 Entychianos
1417 4989 1892 5060 Monothelitarnm

331 5070 582 5130 parentes
629 5071 891 5130 spectent,
935 5059 1364 5130 laboraveritqne
1394 5059 1686 5130 Ileraclius
1713 5060 1898 5114 Mono-

334 5125 540 5195 ihelita,
571 5125 736 5184 etiam
783 5129 1054 5184 Armeniis
1097 5125 1348 5184 uniendis
1394 5125 1667 5192 Ecclesice,
1708 5131 1894 5184 eadem

336 5201 474 5254 I'orte
518 5200 797 5267 propinata
851 5199 1036 5254 haeresi
1082 5198 1578 5263 Monothelitarum,
1624 5216 1785 5268 quam
1831 5216 1901 5254 eo

335 5281 575 5336 tempore
633 5271 833 5338 passim
895 5270 1250 5338 propingtbant
1325 5270 1645 5324 reducendis
1705 5269 1774 5322 ab
1833 5284 1897 5324 ea

335 5339 548 5401 haeresi,
573 5336 815 5406 prieclari
841 5339 916 5391 illi
944 5353 1037 5406 per
1061 5336 1335 5392 Orientem
1362 5339 1630 5408 εἰρηνικοί
1657 5356 1670 5391 :
1697 5339 1897 5409 alioqui

335 5424 484 5470 vero,
521 5409 996 5462 commentariolus
1032 5409 1275 5470 eruditus
1319 5419 1423 5469 est,
1475 5423 1540 5462 ac
1588 5411 1898 5462 novosanti-

333 5493 494 5546 quas,
542 5478 694 5544 plura
738 5479 999 5532 hactenus
1051 5477 1161 5532 fere
1200 5477 1532 5546 incomperta
1567 5478 1802 5532 declarat
1834 5480 1899 5531 de

331 5542 448 5614 ejus
468 5542 719 5616 Ecclesia:
742 5549 901 5602 rebus
927 5565 941 5602 :
969 5548 1122 5616 cujus
1142 5547 1346 5616 pridem
1368 5542 1688 5604 exstinctam
1717 5549 1896 5610 tidem,

333 5633 487 5687 meus
537 5615 958 5672 Praedicatorum
1016 5615 1153 5672 Ordo
1197 5617 1378 5684 aliqua
1427 5629 1600 5687 parte,
1637 5633 1700 5670 ac
1744 5617 1898 5684 plebe

335 5685 536 5756 aliqua,
571 5700 598 5736 a
627 5689 884 5742 trecentis
913 5688 1144 5756 amplius
1190 5688 1348 5741 annis
1385 5685 1583 5742 novum
1624 5688 1893 5756 acoendit,

337 5755 558 5825 ipseque
589 5772 725 5811 unus
753 5758 934 5814 omnia
975 5755 1249 5814 Armeniis
1293 5758 1614 5816 Catholicis.
1657 5774 1720 5812 ac
1749 5755 1894 5812 Petri

2001 4851 2126 4905 Scdi
2163 4851 2358 4974 r'tedum
2388 4851 2514 4918 fide,
2546 4849 2641 4906 sed
2676 4850 2780 4904 ritu
2801 4859 2925 4906 'toto
2946 4849 3274 4920 conjunctis,
3312 4850 3573 4908 hactenus

2001 4933 2172 4974 ουειοι
2197 4931 2254 4974 Il.

2000 4923 2254 4976 custodit.

2072 4992 2150 5060 (2)
2193 4990 2446 5047 Vicesimo
2478 4980 2789 5061 egressionis
2822 4989 2879 5044 S.
2907 4987 3147 5061 Gregorii
3173 5007 3238 5061 ea;
3264 4991 3404 5044 lacu.
3439 4991 3568 5047 Mira

2003 5059 2135 5115 sunt
2159 5076 2222 5114 ac
2267 5059 2546 5129 stupenda.
2585 5077 2703 5131 qum
2733 5061 2800 5114 de
2834 5074 2903 5131 eo
2947 5059 3085 5131 lactt.
3119 5072 3182 5112 ac
3232 5060 3382 5130 longe
3413 5063 3472 5117 in
3506 5080 3571 5117 eo

2004 5131 2250 5197 Gregorii
2304 5127 2446 5194 Vita,
2483 5127 2748 5199 rebusque
2799 5129 2920 5182 aliis
2956 5127 3201 5197 Gregorii
3232 5127 3400 5198 gestis
3441 5147 3570 5185 nar-

2009 5211 2196 5255 rantur
2247 5201 2296 5253 in
2332 5199 2449 5267 ejus
2485 5198 2620 5253 Vita:
2664 5198 2925 5262 historia,
2957 5213 3122 5266 quam
3178 5201 3336 5253 refert
3379 5199 3571 5256 Surius

2008 5285 2194 5325 mense
2225 5269 2374 5336 Sept.
2408 5279 2690 5338 potestque
2724 5269 2954 5333 consuli,
2979 5277 3039 5322 ut
3069 5268 3189 5336 quis
3216 5285 3299 5324 res
3325 5270 3570 5336 Gregorii

2008 5357 2132 5394 rere
2179 5338 2356 5406 Magni
2405 5353 2469 5391 ac
2507 5339 2898 5392 ίσσαποστόλου
2931 5339 3142 5407 plenius
3185 5339 3327 5392 scire
3369 5341 3576 5408 cupiat.

2004 5411 2130 5475 Ejus
2150 5408 2306 5478 ﬁlius
2355 5423 2418 5462 ac
2449 5410 2755 5478 successor,
2781 5408 2872 5476 qtti
2904 5420 2958 5463 et
2989 5407 3218 5463 Nicaeus:
3249 5407 3454 5478 synodo
3482 5411 3571 5464 in-

2001 5477 2207 5539 terruit,
2260 5492 2366 5531 non
2423 5486 2572 5543 pater
2621 5477 2841 5532 defectze
2885 5479 2996 5547 jam
3040 5481 3214 5533 :etatis
3265 5477 3450 5540 senex.
3505 5496 3572 5536 ae

2001 5561 2130 5601 cura
2169 5547 2425 5616 pastorali
2454 5549 2652 5616 rejeeta
2674 5549 2726 5601 in
2759 5548 2952 5609 lilium,
2986 5547 3326 5602 solitudinem
3362 5550 3568 5615 colens,

2000 5617 2140 5686 apud
2191 5616 2423 5687 Metaph.
2469 5617 2668 5672 dicitur
2707 5617 3002 5687 Arostanes
3043 5634 3058 5671 :
3091 5632 3277 5673 verum
3318 5619 3494 5676 facilis
3520 5622 3571 5674 in

2001 5688 2234 5758 propriis
2259 5685 2514 5743 nonnulla
2541 5687 2633 5742 illa
2661 5703 2850 5744 vocum
2879 5685 3144 5743 dcﬂectio.
