3968 6220
210 327 352 395 12.ίῖ

208 445 318 516 τῆς
353 448 412 500 ὲν
447 449 756 520 Χαλκηδόνι
777 494 791 517 ,

208 537 408 607 φύσεις
453 542 544 594 ἐπὶ
589 545 828 614 Χριστοῦ
869 549 964 603 τοῦ
1007 552 1140 608 Θεοῦ
1185 558 1362 628 ἡμῶν,
1406 564 1500 617 καὶ
1540 565 1787 617 ἐναντίαν

209 629 434 682 σύνοδον
464 633 844 703 ὲδογμάτισαν,
877 638 1150 710 λέγοντες,
1183 649 1312 717 μίαν
1338 650 1500 720 φύσιν
1529 653 1621 706 τοῦ
1652 654 1786 707 Θεοῦ

207 721 390 789 Λόγου
424 725 520 776 καὶ
552 726 652 794 τῆς
688 733 891 798 σαρκός
919 750 933 764 ο
979 739 1071 790 καὶ
1105 743 1170 811 τῇ
1207 741 1458 814 ἀθανάτῳ
1495 746 1654 814 φύτει
1688 749 1789 800 αύ-

207 814 306 866 τὸν
326 817 706 887 ἐσταυρῶσθαι
734 825 827 876 καὶ
848 827 1100 883 τεθνᾶναι
1120 849 1131 862 ·
1157 833 1277 886 ὅθεν
1300 837 1393 888 καὶ
1415 836 1496 896 τὸ.
1523 838 1585 889 '0
1608 856 1763 894 σταυ
1779 870 1790 879 ·

171 909 452 974 “ρωθεὶς,
495 913 847 984 προσέθηκαν
888 921 968 982 είς
1005 923 1090 987 τὸ,
1119 924 1314 995 Ἄγιος
1355 932 1387 981 ό
1435 929 1607 995 Θεὸς,
1648 932 1790 985 κατὰ

211 999 422 1070 Πέτρον
456 1002 704 1071 Κναφέα,
734 1007 826 1058 τὸν
860 1011 1100 1066 παθόντα
1131 1016 1197 1067 τὰ
1230 1017 1540 1075 Σαδελλίου.
1563 1022 1790 1088 Ὠρισαν

214 1091 357 1158 μετά
390 1091 484 1144 τοῦ
529 1094 988 1167 ἀναθηματισμοῦ
1030 1104 1335 1174 ἀποστῆναι
1371 1109 1469 1176 τῆς
1505 1111 1791 1172 κοινωνίας

222 1180 617 1254 Ἰερουσαλὴμ,
664 1188 757 1241 καὶ
807 1191 870 1242 ἐκ
913 1191 1020 1244 τῶν
1062 1195 1197 1248 νέων
1231 1197 1547 1269 Ῥωμαίων,
1591 1201 1684 1252 καὶ
1728 1206 1790 1256 ἐκ

209 1274 321 1324 τῶν
354 1275 764 1344 ὁμολογούντων
799 1283 937 1351 μετὰ
967 1288 1067 1354 τὴν
1095 1288 1512 1359 ὲνανθρώπησιν
1541 1293 1636 1346 τοῦ
1673 1296 1788 1346 Κυ-

215 1362 332 1430 ρίου
360 1365 514 1434 ἡμῶν
542 1367 635 1420 δύο
667 1370 880 1437 φύσεις.
915 1376 1363 1449 Ἐχειροτόνησαν
1391 1382 1446 1435 δὲ
1477 1383 1568 1436 τὸν
1602 1382 1785 1438 Ἀπτι-

214 1455 295 1508 σῶ
325 1458 622 1513 ἐπίσκοπον
668 1465 760 1516 καὶ
791 1466 1013 1535 ἑτέρους
1049 1467 1113 1538 β’,
1143 1473 1563 1536 ἀποστείλαντες
1594 1476 1791 1538 αὐτοὺς

212 1545 294 1606 εἰς
339 1547 775 1619 Μεσοποταμίαν
816 1555 1049 1624 Συρίας.
1095 1557 1240 1628 ἔχειν
1287 1564 1607 1631 συμφωνίαν
1653 1565 1791 1635 μετά

211 1635 458 1706 ἀλλήλων
487 1641 564 1702 είς
594 1643 786 1708 αἰῶνα,
819 1646 1123 1720 ίδιοχείρως
1156 1652 1461 1723 γράψαντες
1493 1657 1586 1709 καὶ
1617 1659 1792 1727 ἀσφα-

213 1727 489 1794 λίσαντες.
1482 1799 1491 1808 ι

285 1821 442 1873 Μετᾶ
474 1822 531 1874 δὲ
577 1824 763 1894 χρόνον
815 1827 1014 1891 πολὺν,
1051 1829 1266 1903 Bap-rei:
1295 1853 1376 1899 τις
1410 1836 1624 1907 ἄρχων,
1655 1841 1790 1893 ἁπο-

219 1913 436 1976 κτείνας
481 1917 572 1968 τὸν
618 1918 910 1990 Σονριένην
954 1922 1045 1976 τὸν
1093 1925 1312 1997 Πέρσην
1358 1929 1448 1981 τὸν
1495 1930 1792 2001 τύραννον,

217 2005 601 2076 ἁποστατήσας
649 2012 713 2062 ὲκ
761 2011 869 2064 τῶν
905 2014 1240 2084 Ἀρμενίων,
1290 2019 1464 2083 ἀδεῶς
1514 2025 1652 2094 πρὸς
1699 2027 1798 2095 τὴν

216 2093 381 2164 [λείπ.
416 2093 573 2171 ἦλθε]
610 2103 1223 2173 Κωνσταντινούπολιν,
1263 2111 1340 2182 τῷ
1373 2119 1798 2189 τεσσαρακοστῷ

215 2187 325 2240 ἔτει
355 2191 450 2244 τοῦ
495 2194 708 2264 Χοσρόη
731 2236 746 2258 ,
791 2199 884 2250 καὶ
917 2200 978 2252 τὸ
1019 2201 1062 2252 λ’
1093 2202 1204 2256 ἔτει
1239 2204 1331 2256 τοῦ
1374 2206 1757 2262 Ἰουστινιανοῦ
1779 2251 1794 2275 ,

213 2279 309 2332 τοῦ
343 2282 438 2333 καὶ
470 2282 568 2352 τὴν
613 2286 806 2354 Ἀγίαν
830 2289 1030 2359 Σοφίαν
1055 2293 1386 2365 δειμαμένου
1411 2312 1424 2324 ·
1452 2299 1514 2350 ὲκ
1547 2300 1642 2368 τῆς
1680 2318 1799 2353 κοι-

215 2373 412 2436 νωνίας
459 2376 515 2428 δὲ
563 2377 730 2431 αὐτοῦ
783 2383 1090 2453 ὲκχωρίσας
1143 2387 1241 2439 σὺν
1287 2391 1399 2452 τοῖς
1453 2391 1572 2458 μετ’
1605 2393 1796 2446 αὐτοῦ.

220 2461 418 2532 Ἔλεγε
449 2468 556 2539 γὰρ
587 2469 667 2522 ὅτι
699 2471 814 2525 Οὐκ
843 2473 948 2542 ἔχω
980 2476 1203 2546 ἐντολὴν
1235 2479 1297 2531 ἐκ
1326 2480 1435 2532 τῶν
1464 2481 1800 2535 διδασκάλων

217 2553 380 2621 ἡμῶν
413 2557 530 2626 μεθ’
561 2561 716 2629 ὑμῶν
748 2567 1048 2621 κοινωνεῖν.
1083 2568 1177 2621 Διὸ
1209 2571 1556 2644 προσετάχθη
1587 2575 1614 2626 ὁ
1639 2575 1800 2632 αὐτὸς

219 2644 436 2716 Βαρτᾶς
479 2652 629 2720 παρά
661 2653 756 2706 τοῦ
790 2656 1072 2729 Καίσαρος
1111 2663 1543 2728 συγκαλέσεσοαι
1579 2668 1800 2720 ἐπισκό-

217 2753 355 2800 πους
381 2740 479 2792 καὶ
504 2741 863 2810 διδασκάλους
893 2751 1020 2813 τοὺς
1050 2751 1158 2804 τῶν
1193 2754 1516 2825 Ἀρμενίων.

306 2829 554 2896 Ἐγένετο
580 2835 633 2888 δὲ
666 2833 886 2903 σύνοδος
919 2843 1128 2914 μεγάλη
1169 2846 1226 2898 ὲν
1256 2850 1322 2915 τῇ
1357 2849 1801 2906 Κωνσταντινουο

223 2921 410 2985 πόλει,
452 2927 592 2979 κατά
622 2946 784 2983 τινων
813 2933 1145 3002 αίρετικῶν,
1177 2938 1244 3010 ἢν
1275 2938 1322 2992 ε’
1349 2941 1564 2996 σύνοδον
1599 2944 1800 2997 καλοῦ*

224 3027 329 3078 μεν
351 3027 366 3042 ·
398 3015 490 3066 καὶ
518 3017 984 3090 ὁμοφωνήσαντες
1009 3026 1223 3092 αὐτοῖς,
1255 3029 1333 3099 τῷ
1365 3032 1591 3101 ὀνόματι
1622 3035 1802 3090 αὐτῶν

1452 357 1550 417 DE
1590 360 1838 421 REBUS
1878 362 2140 424 ARMEN
2155 368 2266 428 UE.

828 456 920 508 καὶ
955 461 1094 514 κατὰ
1126 465 1233 517 τῶν
1265 466 1672 537 ὁμολογούντων
1703 473 1794 526 δύο

1905 478 2012 533 Deo
2042 491 2232 536 nostro
2289 483 2655 542 conﬁtentur:
2702 487 3139 556 contrariamque
3197 492 3460 558 synodum

3326 375 3348 438 i
3361 377 3462 439 Ξ-ίῦ

1891 572 2063 624 secuti
2107 581 2234 626 sunt
2271 574 2512 630 dicentes
2559 593 2720 631 unam
2755 587 3002 632 naturam
3057 580 3145 633 Dei
3200 580 3359 634 Verbi
3392 597 3456 632 ac

1892 665 2094 729 carnis,
2173 681 2238 720 ac
2298 668 2467 724 fuisse
2533 670 2820 725 immortali
2871 681 3064 724 natura
3131 674 3455 727 crucillxum

1891 766 2053 824 atque
2083 771 2357 814 mortuum
2389 777 2406 814 :
2437 761 2578 817 unde
2613 763 2776 816 etiam
2813 764 2977 817 illud:
3042 763 3143 829 Qui
3173 767 3462 833 cruciﬁxus

1891 864 1968 913 es,
2005 849 2329 908 addiderunt
2362 855 2577 909 cantico
2622 853 2850 909 Sanctus
2879 855 3210 925 Deus,juttta
3241 857 3459 911 Petrum

1897 940 2194 1009 Fullonem,
2253 946 2345 1014 qui
2397 948 2450 1001 in
2490 948 2678 1002 eodem
2735 958 2900 1018 atque
2951 949 3225 1004 Sabellius
3269 964 3459 1004 errore

1896 1044 2145 1091 versatus
2200 1046 2306 1094 est.
2354 1039 2718 1094 Decreverunt
2760 1050 2942 1094 autem
2975 1042 3072 1094 sub
3098 1041 3461 1104 anathemate,

1894 1137 1952 1180 ut
1973 1142 2000 1180 ε
2026 1130 2411 1184 communione
2440 1129 2747 1186 Jerusalem
2768 1131 3064 1196 resilireut,
3101 1132 3455 1200 acjuniorum

1897 1219 2290 1286 Romanorum,
2348 1235 2666 1290 eorumque.
2698 1221 2790 1292 qui
2848 1231 2970 1292 post
3029 1222 3462 1276 incarnationem

1893 1310 2104 1366 Domini
2154 1313 2348 1376 nostri,
2407 1314 2542 1369 duas
2585 1325 2814 1370 naturas
2883 1323 3215 1370 assererent.
3271 1314 3465 1380 Porro,

1894 1404 2208 1459 ordinantes
2266 1404 2471 1476 Aptyso
2523 1407 2863 1477 episcopum,
2893 1421 2957 1462 ac
3021 1407 3158 1461 alios
3204 1409 3360 1470 duos,
3409 1407 3464 1459 in

1897 1495 2338 1567 Mesopotamiam
2370 1498 2542 1569 Syria:
2571 1514 2668 1554 eos
2713 1500 3096 1562 anmudaruut,
3135 1511 3190 1551 ut
3216 1507 3460 1551 mutuam

1897 1587 1950 1640 in
1980 1598 2300 1658 perpetuum
2352 1589 2763 1644 consensionem
2807 1590 3028 1654 inirent,
3059 1587 3460 1658 manupropria

1898 1681 2220 1743 scribentes,
2248 1695 2312 1734 ac
2341 1680 2532 1748 sigillis
2561 1681 2888 1736 munientes.

1823 1821 1865 1876 Β
1965 1857 2095 1910 Post
2159 1855 2375 1923 longum
2434 1855 2638 1910 abhinc
2691 1866 2925 1924 tempus,
2979 1857 3168 1910 Bartas
3247 1854 3465 1924 quidam

1899 1946 2172 2014 princeps,
2219 1945 2400 2000 occiso
2452 1946 2684 2001 Suriene
2734 1945 2896 2000 Persa
2937 1957 3186 2016 tyranno,
3237 1960 3300 2000 ac
3331 1945 3466 1998 deli-

1899 2037 2048 2091 ciens
2097 2039 2164 2090 ab
2235 2037 2531 2102 Armeniis,
2590 2037 2891 2107 intrepidus
2944 2036 3465 2099 Constantinopolim

1900 2128 2073 2196 petiit,
2109 2145 2249 2181 anno
2282 2130 2351 2184 40
2394 2128 2672 2194 Cbosrois,
2726 2143 2790 2184 ac
2829 2129 2896 2185 50
2918 2127 3232 2192 Justiniaui,
3279 2129 3368 2197 qui
3416 2134 3472 2179 et

1900 2219 2150 2273 Sanctam
2201 2220 2456 2289 Sopltiam
2486 2220 2808 2286 aedificavit;
2843 2221 2909 2274 ab
2940 2219 3054 2288 ejus
3087 2232 3263 2274 tamen
3318 2235 3470 2274 com-

1903 2312 2156 2365 munione
2201 2327 2258 2366 se
2289 2327 2573 2379 separaris,
2623 2328 2726 2366 una
2754 2327 2877 2367 cum
2905 2312 3214 2367 comitibus.
3250 2310 3471 2366 Dicebat

1901 2399 2042 2451 enim
2092 2416 2194 2451 non
2235 2399 2434 2453 habere
2486 2401 2797 2452 mandatum
2839 2415 2867 2453 a
2913 2401 3184 2468 magistris
3241 2400 3374 2464 suis,
3413 2407 3471 2453 ut

1903 2490 2324 2547 communicaret
2383 2505 2503 2544 cum
2560 2492 2661 2546 eis.
2696 2489 2867 2546 Iussit
2909 2491 3091 2562 itaque
3146 2491 3463 2560 imperator.

1913 2587 1968 2629 ut
2003 2577 2142 2630 idem
2175 2578 2368 2634 Bari-as
2395 2578 2754 2635 Armcuorum
2778 2581 3061 2650 episcopos
3083 2595 3146 2635 ac
3182 2577 3471 2649 magistros

1902 2677 2248 2724 convocarel.

1975 2847 2135 2902 Facta
2169 2855 2345 2900 autem
2378 2855 2459 2901 est
2487 2863 2677 2917 magna
2710 2848 2946 2920 synodus
2967 2847 3459 2917 Constantinopoli,

1905 2951 2090 2994 contra
2153 2939 2436 2994 nonnullos
2514 2938 2820 3005 lizcreticos,
2891 2954 3051 3009 quam
3119 2947 3172 2993 et
3228 2939 3470 3008 quintam

1906 3032 2170 3102 synodum
2227 3045 2524 3084 vocamus:
2608 3045 2843 3099 cumque
2898 3031 2980 3085 eis
3039 3029 3473 3089 consensissent,

220 3103 487 3212 ἐλιάὶιεσαν
512 3109 673 3212 ἁγίας
700 3114 872 3179 πύλας
895 3117 997 3187 τῆς
1023 3119 1212 3188 ’Δγίας
1240 3123 1460 3192 Σοφίας.
1487 3127 1608 3197 ἥτις
1639 3130 1794 3199 μέχρι

1907 3138 2090 3180 sacras
2124 3121 2337 3177 Sanctae
2402 3119 2618 3191 Sophia:
2662 3131 2844 3190 portas
2882 3137 2947 3176 ex
3009 3136 3197 3176 eorum
3257 3119 3475 3174 nomine

223 3195 466 3266 σήμερον
492 3202 739 3257 καλεῖται
765 3206 874 3260 τῶν
902 3208 1214 3280 Ἀρμενίων
1236 3217 1422 3285 πύλη.
1452 3195 1583 3272 Τότε
1613 3195 1797 3274 ἀνεθε-

227 3288 462 3356 μάτισαν
496 3295 586 3347 τὸν
623 3297 933 3369 Ὀριγὲνην,
969 3306 1061 3356 τὸν
1094 3305 1385 3376 Εὐάγριον,
1419 3311 1510 3363 τὸν
1543 3312 1793 3382 Δίδυμον,

219 3383 350 3444 τοὺς
380 3382 797 3456 Νεστοριανοὺς,
830 3395 955 3457 τοὺς
994 3395 1331 3464 Ίακωϐίτας,
1363 3402 1488 3464 τοὺς
1523 3403 1800 3456 Ἰουλιανί-

219 3487 346 3538 τας,
374 3476 466 3526 καὶ
490 3478 615 3537 τοὺς
643 3478 953 3546 Γαῖανίτας,
984 3489 1078 3540 καὶ
1106 3493 1233 3551 τοὺς
1262 3489 1410 3554 ἅπαξ
1437 3491 1618 3554 ἁπλῶς
1649 3493 1798 3562 ἔχονο

221 3578 346 3657 τας,
375 3565 472 3635 τὴν
495 3567 588 3621 τοῦ
616 3570 911 3643 Νεστορίου
941 3575 1049 3648 [ἵσ.
1081 3580 1371 3650 Εὐτύχους,
1399 3586 1472 3637 uel
1501 3583 1797 3657 utrumque]

223 3654 463 3724 αἵρεσιν.
506 3659 994 3734 Ὑποστρεψάντων
1034 3670 1091 3724 δὲ
1133 3672 1313 3725 αὐτῶν
1357 3676 1434 3730 εἰς
1470 3654 1794 3745 Ἀρμενίαν,

222 3744 275 3795 οἱ
311 3746 410 3813 μὲν
434 3751 728 3820 προθύμως
756 3755 1082 3824 ὑπεδέξαντο
1108 3760 1205 3831 τὴν
1233 3762 1456 3816 ἕνωσιν·
1487 3767 1534 3817 οἱ
1561 3765 1614 3816 δὲ
1644 3744 1798 3838 ἐπορέ

229 3836 484 3928 νεύσαντο
513 3843 568 3894 ἐν
594 3847 713 3907 ταῖς
741 3847 974 3917 ἡμέραις
1006 3852 1244 3923 Βοανὲση
1276 3853 1373 3926 [ιιι.
1407 3856 1674 3928 Εὑανέση]
1703 3836 1796 3912 τοῦ

229 3927 535 3984 Καθολικοῦ
553 3973 568 3997 ,
595 3938 724 4004 περὶ
747 3931 821 3990 ὧν
847 3941 946 3993 οὐκ
971 3940 1087 3995 ἔστι
1113 3943 1207 3996 νῦν
1235 3943 1416 4012 λέγειν
1441 3947 1582 3999 κατά
1611 3927 1795 4017 μέρος.

227 4023 517 4093 Ἔγραψαν
550 4027 728 4082 τοίνυν
758 4032 1046 4104 ἐπιστολὴν
1080 4034 1215 4103 πρὸς
1247 4037 1338 4091 τὸν
1371 4037 1538 4101 Ἀπᾶς
1563 4039 1652 4092 τὸν
1677 4040 1800 4093 καθα

222 4115 404 4168 ολικῦν
438 4116 722 4184 Ἀλδανίας
769 4121 972 4194 χώρας,
1007 4128 1367 4197 περιέχουσαν
1398 4131 1570 4194 οὕτως
1596 4147 1609 4160 ·
1647 4131 1798 4186 Ἐλθὲ

225 4207 534 4279 μεθ’ήμῶν
577 4212 799 4277 ἑνωθεὶς
841 4219 905 4287 τῇ
955 4219 1170 4286 πίστει,
1216 4223 1274 4274 ἐν
1316 4221 1393 4292 τῷ
1437 4223 1619 4291 λέγειν
1668 4225 1800 4292 μίαν

223 4299 387 4367 φύσιν
415 4303 651 4372 Χριστοῦ
683 4306 775 4358 τοῦ
808 4307 963 4371 Θεοῦ,
994 4311 1089 4362 καὶ
1119 4313 1198 4375 είς
1226 4313 1309 4375 τὸ,
1333 4314 1536 4384 ’Ἄγιος
1566 4318 1598 4370 ό
1631 4317 1797 4385 Θεὸς,

233 4393 290 4445 '0
316 4398 679 4464 σταυρωθεὶς
702 4399 964 4469 δι’ἠμᾶς.
983 4403 1041 4456 Ὀ
1064 4403 1191 4458 δὲού
1208 4409 1572 4475 συγκατέθετο
1597 4411 1792 4477 λέγων’

1905 3217 2264 3286 appellarunt,
2315 3215 2685 3284 hactenusque
2726 3223 2948 3269 vocatur
2986 3213 3151 3267 Parta
3215 3213 3473 3268 Armene-

1899 3326 2040 3364 rum.
2077 3307 2232 3362 Tunc
2281 3307 2534 3362 dixerunt
2595 3305 2881 3360 anathema
2943 3301 3182 3372 Origeni,
3225 3302 3474 3373 Evagrio,

1901 3400 2145 3468 Didymo.
2189 3398 2544 3460 Nestorianis,
2575 3393 2854 3459 Jacobitis,
2875 3394 3144 3448 .lulianitis
3165 3435 3180 3460 ,
3208 3393 3477 3449 Gaiauitis

1899 3509 1962 3546 ac
1987 3490 2281 3546 omninoiis
2308 3489 2559 3544 omnibus
2594 3489 2684 3556 qui
2725 3485 2906 3540 infecti
2945 3498 3122 3541 essent
3149 3500 3268 3538 cum
3284 3483 3474 3539 Nesto-

1903 3584 2052 3638 riaua
2079 3581 2291 3643 htercsi,
2315 3590 2426 3634 tum
2455 3579 2787 3650 Eutychetis.
2812 3575 3187 3632 Reversisillis
3213 3576 3267 3629 in
3286 3575 3473 3629 Arme-

1901 3677 2067 3734 niam.
2088 3688 2212 3743 pars
2233 3671 2448 3741 quidem
2474 3681 2721 3739 prompto
2743 3684 2806 3724 ac
2832 3669 2995 3722 alacri
3017 3668 3197 3721 animo
3221 3669 3472 3722 unlonetn

1899 3775 2253 3833 susceperunt
2278 3779 2292 3829 ;
2313 3779 2436 3832 pars
2457 3772 2632 3816 autem
2655 3761 2902 3816 mmchati
2917 3770 3038 3816 sunt
3053 3775 3113 3813 ac
3133 3759 3476 3814 descivcrunt

1900 3858 1954 3914 in
1973 3858 2159 3911 diebus
2191 3855 2446 3909 Boanesze
2476 3853 2736 3909 Catholici
2789 3853 2855 3907 de
2892 3853 3088 3921 quibus
3131 3852 3270 3904 baud
3314 3851 3474 3904 modo

1901 3949 2186 4004 dicendum
2215 3962 2313 4016 per
2363 3945 2593 4015 singula.
2629 3946 2970 4012 Scripserunt
3011 3957 3138 4012 ergo
3173 3941 3378 3995 litteras
3402 3941 3478 3994 .ad

1901 4041 2042 4110 Apas
2068 4039 2403 4095 Catholicam
2435 4037 2672 4092 Albaniae
2704 4035 3013 4105 provinciae,
3050 4034 3100 4088 in
3133 4034 3245 4087 ba'c
3277 4033 3472 4087 verba:

1904 4130 2036 4186 Veni
2073 4131 2350 4186 nobiscum
2386 4131 2488 4184 lide
2520 4128 2894 4190 consentiens,
2921 4125 3061 4186 ineo
3089 4125 3234 4194 quod
3258 4124 3474 4177 unicam

1901 4225 2100 4279 Christi
2133 4224 2221 4278 Dei
2279 4232 2524 4277 naturam
2569 4219 2905 4280 conﬁtearis,
2967 4227 3127 4286 atque
3160 4217 3212 4270 in
3230 4217 3472 4280 cantico,

1903 4315 2126 4370 Sanctus
2171 4314 2332 4378 Deus,
2384 4314 2532 4367 dicas
2565 4327 2580 4365 :
2611 4311 2716 4374 Qui
2753 4310 3037 4376 cruciﬁxus
3084 4325 3137 4361 es
3163 4323 3258 4377 pro
3302 4307 3472 4362 nobis.

1903 4411 1972 4464 At
2008 4409 2096 4463 ille
2131 4407 2326 4472 renuit,
2379 4406 2607 4460 dicens:
2664 4402 2856 4456 Petrus
2909 4417 2972 4455 ac
3022 4399 3312 4470 Gregorius
3369 4400 3474 4453 mei

221 4485 306 4537 ὅτι
342 4486 402 4540 '0
444 4490 646 4562 Πέτρος
688 4493 780 4545 καὶ
816 4495 844 4547 ὁ
884 4496 1182 4566 Γρηγόριος
1216 4500 1265 4551 0i
1304 4500 1409 4569 πρὸ
1449 4501 1582 4565 ἐμοῦ
1623 4502 1794 4568 ὄντες,

1906 4506 2236 4566 decessores,
2267 4502 2317 4556 in
2349 4517 2470 4556 eum
2493 4501 2707 4554 modum
2737 4499 2988 4554 dicebant
3013 4500 3307 4562 canticum;
3336 4497 3478 4553 San-

219 4577 390 4642 οὖτως
413 4579 616 4648 ἔλεγον,
652 4583 745 4650 τὸ,
773 4586 976 4653 ’Ἄγιος
1008 4590 1041 4640 ό
1076 4589 1221 4654 Θεός
1245 4605 1259 4616 ·
1295 4589 1406 4658 ἐγὼ
1438 4591 1494 4645 δὲ
1526 4594 1585 4645 οὐ
1625 4609 1797 4662 προσ-

219 4672 388 4736 τίθω,
424 4675 545 4727 οὔτε
583 4676 782 4742 ύφέλω.
845 4675 1080 4748 ὀμοίως
1112 4682 1206 4734 καὶ
1241 4681 1377 4752 πρὸς
1408 4685 1536 4746 τοὺς
1573 4684 1796 4753 Ἰὄηρας
1842 4741 1848 4747 ,

220 4763 490 4835 ἔγραψαν.
531 4767 593 4820 Ol
635 4767 714 4831 δὲ,
762 4769 1005 4840 σφοδρῶς
1044 4773 1423 4837 ἀντειπόντες,
1466 4774 1528 4827 οὐ
1570 4776 1797 4828 κατεδέ-

219 4857 407 4924 ξαντο.
442 4857 504 4909 Ei
541 4858 616 4928 μὴ
651 4860 803 4928 μόνοι
835 4856 978 4913 οὗτοι
1007 4861 1260 4932 Αῐλουροι
1295 4865 1436 4917 κατά
1465 4865 1564 4932 τὴν
1599 4866 1795 4936 Ἀρμε-

219 4950 350 5004 νίων
376 4951 678 5018 διάλεκτον,
709 4953 918 5025 Τασὴρ,
952 4954 1262 5027 Τζοραπὸρ,
1297 4957 1388 5010 καὶ
1420 4957 1711 5030 Καρταμὲ,
1740 4959 1800 5012 ατ

221 5046 332 5098 εἰσι
360 5045 566 5115 χῶραι,
599 5046 692 5099 καί
718 5065 859 5110 τινες
887 5048 996 5102 ἀπὸ
1021 5049 1120 5119 τῆς
1154 5051 1420 5121 Ἀρτζάχο
1453 5053 1511 5104 ὲν
1543 5046 1631 5114 αἷς
1660 5052 1798 5122 ἠμέ-

225 5151 352 5205 ραις
387 5136 643 5199 πολλάκις
681 5139 967 5192 συστασίαι
1004 5139 1285 5208 ἐγένοντο,
1309 5141 1400 5195 διὰ
1428 5141 1527 5211 τὴν
1555 5144 1796 5196 ἀποστ-αι

224 5229 352 5281 σίαν
383 5228 493 5283 τῶν
529 5231 840 5300 ἀρχόντων,
873 5233 931 5284 ὲν
969 5233 1194 5296 πολλαῖς
1231 5234 1465 5303 ἡμέραις
1489 5275 1504 5299 ,
1540 5233 1598 5288 ἐν
1633 5251 1692 5287 τε
1729 5234 1796 5305 τῇ

231 5322 516 5393 Ῥωμανίᾳ
558 5324 655 5377 καὶ
693 5326 760 5394 τῇ
806 5325 1043 5396 Περσίδι,
1090 5323 1463 5396 συζητούντων
1507 5328 1570 5397 τῇ
1616 5326 1798 5379 πίστει

294 5506 372 5572 (8)
456 5505 519 5560 Si
554 5513 759 5558 tantum
829 5503 1045 5559 zEluros
1088 5507 1234 5570 istos,
1302 5513 1405 5559 etc.
1461 5505 1595 5560 Dicti
1655 5513 1783 5558 sunt

222 5577 397 5638 Eluri
483 5592 513 5629 a
588 5575 872 5628 Timotheo
926 5577 1290 5629 Alexandrino
1347 5576 1602 5629 haeretici)
1661 5591 1783 5643 pes-

220 5650 382 5707 simo.
413 5663 574 5714 quem
600 5647 799 5699 dictuzn
835 5655 961 5713 puto
984 5645 1232 5698 lElurum
1268 5662 1294 5696 a
1329 5645 1643 5706 calliditate,
1673 5660 1778 5713 qua

219 5718 820 5786 patriarchatutnvena
851 5731 910 5769 us
940 5728 1044 5769 est.
1081 5715 1232 5781 Quod
1263 5715 1476 5786 additur
1501 5715 1644 5767 κατὰ
1668 5715 1778 5786 ,τὴν

227 5785 538 5858 Ἀρμενίων
575 5785 870 5853 διάλεκτον,
919 5799 1009 5840 wn
1043 5800 1226 5852 vocum
1248 5784 1496 5856 Αίλουροι
1534 5784 1780 5855 respicit,

1906 4607 2019 4651 ctus
2055 4595 2236 4662 Deus;
2267 4595 2616 4664 quamobrem
2665 4593 2797 4648 nihil
2833 4593 2946 4661 ipse
2998 4593 3277 4647 additurus
3329 4606 3472 4654 sunt,

1904 4701 2062 4744 autve
2093 4688 2427 4754 dcmpturus.
2479 4684 2744 4740 Similiter
2793 4685 3130 4753 scripserunt
3168 4683 3234 4736 ad
3268 4682 3470 4737 lberos.

1903 4778 1981 4832 Illi
2016 4792 2143 4831 vero
2192 4777 2482 4844 plurimum
2519 4776 2843 4834 obnitentes.
2901 4789 3005 4826 non
3043 4779 3382 4838 receperunt,
3419 4772 3465 4824 si

1904 4877 2115 4921 tantum
2147 4865 2521 4921 IElurosistos
2541 4866 2616 4950 (8)
2654 4867 2807 4934 juxta
2836 4865 3195 4917 Armenorum
3226 4861 3468 4932 linguam

1903 4960 2141 5030 excipias
2171 4959 2397 5018 :Tascr.
2453 4957 2745 5024 Tzorapor,
2795 4966 2848 5008 et
2881 4955 3154 5019 Cartatne,
3183 4968 3304 5024 qua
3345 4961 3474 5008 sunt

1903 5051 2117 5122 oppida,
2155 5064 2219 5103 ac
2245 5047 2530 5104 nonnullos
2563 5045 2630 5100 de
2680 5043 2934 5097 Artzach.
2993 5044 3063 5098 Iis
3120 5043 3459 5112 temporibus

1905 5143 2082 5196 multa:
2119 5142 2273 5196 facta:
2294 5148 2418 5194 sunt
2451 5138 2744 5192 seditiones
2777 5144 2998 5205 propter
3025 5135 3333 5189 diuturnam
3367 5135 3471 5187 du-

1903 5249 2025 5289 cum
2053 5233 2426 5294 defectionem,
2462 5239 2571 5283 tum
2601 5230 2654 5282 in
2691 5225 2978 5290 lioutania,
2999 5237 3112 5281 tum
3137 5227 3188 5280 in
3221 5223 3468 5288 Perside,

1905 5341 2026 5380 cum
2059 5325 2273 5378 interim
2313 5336 2409 5392 per
2449 5335 2621 5375 annos
2647 5319 2719 5373 20
2769 5327 3118 5373 moverentur
3139 5315 3466 5385 quaestiones

1894 5519 2052 5573 quam
2087 5502 2251 5570 liquet
2293 5517 2394 5573 non
2431 5514 2552 5556 esse
2593 5498 2968 5564 Armenicam,
3011 5497 3105 5552 sed
3130 5495 3301 5573 magis
3319 5494 3466 5573 Crte-

1892 5564 2036 5637 cam,
2070 5564 2246 5624 notam
2280 5571 2416 5626 satis
2447 5591 2459 5624 :
2491 5573 2587 5624 sed
2620 5580 2911 5636 sequentes
2948 5582 3071 5621 rere
3117 5564 3455 5623 Armeuicas.

1891 5657 2011 5710 qua:
2053 5652 2173 5694 sunt
2225 5642 2444 5694 nomina
2495 5640 2755 5701 locorum,
2788 5637 3215 5710 xtitpav._,_inquit,
3242 5645 3460 5710 auctor,

1892 5705 2159 5783 regiones,
2190 5711 2432 5766 nonnihil
2477 5705 3046 5766 retuotioribus'uobis
3089 5705 3460 5763 obscurioris.
