3968 6220
548 209 679 279 19.51

1612 217 1863 279 ISAACI
1898 218 2277 281 ΑΒΜΕΝΗΕ
2317 222 2747 285 (ΖΑΤΗΟἷιῐΟῘν

3695 226 3718 285 1
3730 225 3826 287 Ξῖιὲ

548 334 788 387 themate
823 329 1014 402 synodi
1072 325 1557 395 Chalcedonensis,
1612 330 1836 386 habuit:
1871 334 2090 402 scripsit

2222 334 2561 407 Χαλκηδόνος
2583 352 2596 366 ·
2641 335 2701 400 δς
2752 338 2849 390 καὶ
2900 337 3095 407 λόγους
3144 336 3373 400 πολλοὺς
3424 338 3705 411 πεποίηκε
3747 342 3821 410 τῷ

545 441 650 495 que
714 425 912 479 multos
940 431 1199 478 tractatus
1233 422 1454 492 proprio
1483 425 1705 477 nomine
1746 425 1919 478 sancti
1949 423 2119 489 Isaae,

543 533 575 571 e
607 516 800 587 quibus
852 515 943 569 ttni
993 515 1131 568 libro
1182 528 1378 569 nomen
1410 526 1491 569 est
1543 515 1873 571 Amartanac
1904 517 2119 586 propria

546 606 920 661 Armeniorum
982 606 1180 675 lingua.
1259 603 1431 659 Porro
1479 605 1694 659 volebat
1764 616 1824 661 ιιι
1879 605 2121 662 Joannes

544 696 784 764 quidam,
839 696 957 767 ejus
1000 697 1178 751 throni
1229 711 1517 752 successor
1537 707 1699 751 esset.
1753 694 1902 750 Haud
1938 706 2117 751 tamen

543 788 633 843 ille
688 788 868 844 idest
927 798 1272 853 consecutus,
1338 788 1434 842 sed
1483 788 1931 858 Christophorns.
1984 790 2118 845 Cum

542 890 720 935 antem
756 880 1186 950 Christophorus
1236 897 1265 935 a
1300 882 1429 935 sede
1480 882 1791 945 excidisset,
1849 883 2119 952 gaudebat

540 975 774 1030 Joannes
803 994 817 1030 :
851 990 953 1029 nec
1004 975 1084 1029 sic
1116 983 1295 1028 tamen
1356 977 1466 1030 voti
1495 991 1714 1044 compos
1745 976 1970 1031 ellectus
2009 987 2113 1031 est.

541 1066 675 1123 Nam
712 1066 912 1120 Estlras
940 1066 1112 1119 factus
1148 1076 1227 1119 est
1268 1066 1619 1133 Catholieus;
1674 1065 1912 1121 Joannes
1986 1081 2114 1122 vero

539 1157 690 1227 gravi
723 1173 844 1211 eum
868 1158 1025 1212 oequ
1051 1158 1372 1226 aspiciebat.

611 1250 844 1305 Sedente
879 1250 991 1313 illo,
1032 1248 1307 1303 Heraclius
1336 1250 1633 1318 introeator
1659 1251 1729 1304 23
1750 1250 1869 1320 ejus
1898 1250 2111 1321 imperii

537 1363 702 1411 anno,
735 1362 797 1401 ac
842 1354 1035 1416 quarto
1074 1359 1103 1397 a
1158 1354 1333 1398 morte
1390 1344 1667 1409 Chosrois,
1712 1359 1958 1415 magnam
2020 1359 2112 1414 sy-

2228 425 2341 496 ἱδέῳ
2373 428 2598 498 ὀνόματι
2628 428 2721 482 τοῦ
2755 429 2912 497 ἁγίου
2949 430 3171 484 Ἰσαάκ·
3208 429 3292 483 ἐνὶ
3324 430 3519 502 βιϐλίῳ
3548 433 3613 486 τὸ
3646 432 3820 503 ὄνομα

2222 519 2371 572 ἐστὶν
2413 520 2769 592 ’Δμαρτανὰκ
2822 520 2963 575 κατὰ
3007 523 3106 590 τὴν
3146 522 3454 592 ’Λρμενίων
3505 523 3816 578 διάλεκτον.

2227 614 2323 673 Ὃς
2365 614 2458 666 καί
2496 631 2623 669 τινα
2654 613 2904 682 Ἰωάννην
2952 614 3203 669 ἐϐούλετο
3255 616 3514 686 διάδοχον
3562 617 3819 683 γενέσθαι

2220 699 2314 751 τοῦ
2346 700 2539 771 θρόνου
2571 702 2740 755 αὑτοῦ
2765 717 2780 733 ο
2813 701 2841 756 ὃ
2875 702 2937 756 οὑ
2972 702 3167 774 συνέὸη
3202 702 3374 773 αὑτῷ,
3405 703 3548 757 ἀλλὰ
3576 704 3662 774 τῷ
3690 705 3821 775 Χρι-

2221 791 2493 863 στοφόρῳ.
2532 792 2645 846 Καὶ
2682 796 2740 847 ἐν
2770 793 2848 864 τῷ
2889 794 3334 864 καταϐεΰλῆσθαι
3369 795 3463 847 τὸν
3500 796 3819 864 Χριποςό-

2221 899 2313 952 ρον
2347 883 2455 936 ἀπὸ
2488 884 2584 937 τοῦ
2628 884 2856 954 θρόνου,
2893 886 3114 956 ἔχαιρεν
3148 888 3176 938 6
3212 887 3470 954 Ἰωάννης
3500 903 3514 916 ο
3560 887 3681 939 ἀλλ’

2218 974 2341 1028 τότε
2370 977 2656 1047 ἐπέτυχεν.
2690 980 2940 1047 Ἐγένετο
2968 979 3077 1050 γὰρ
3102 982 3131 1033 6
3151 980 3389 1050 Ἔσδρας
3424 982 3451 1031 ὁ
3482 980 3815 1043 Καθολικός.

2229 1067 2288 1120 '0
2328 1069 2383 1121 δὲ
2459 1070 2736 1140 Ἰωάννης,
2781 1070 3027 1142 βλοσυρῷ
3066 1070 3144 1142 τῷ
3187 1071 3454 1142 ὀφθαλμῷ
3498 1074 3681 1125 αὑτὸν
3722 1074 3817 1126 ὑπ-

2216 1160 2413 1215 έῆλεπε
2421 1182 2467 1216 ν.

2302 1255 2387 1307 Ἐν
2418 1274 2462 1325 ῳ
2496 1255 2676 1327 καιρῷ
2709 1257 2737 1309 ὁ
2774 1257 3054 1328 Ἡρακλῆς
3092 1257 3315 1327 Καῖσαρ
3341 1258 3421 1325 τῷ
3458 1265 3552 1326 κγ’
3579 1258 3695 1312 ἔτει
3721 1260 3805 1329 τῆς

2216 1342 2499 1413 βασιλείας
2531 1344 2696 1399 αὑτοῦ
2719 1385 2733 1407 ,
2770 1346 2865 1399 καὶ
2900 1346 2960 1397 ἐν
2991 1348 3239 1416 τετάρτῳ
3270 1346 3381 1399 ἔτει
3413 1347 3516 1416 τῆς
3555 1347 3802 1415 τελευτῆς

2213 1436 2308 1489 τοῦ
2360 1437 2613 1509 Χοσρόη,
2666 1438 2922 1491 ἐκέλευσε
2976 1436 3197 1490 σύνοδον
3245 1438 3513 1505 γενέσθαι
3569 1441 3812 1508 μεγάλην

2214 1530 2432 1584 πάντων
2484 1530 2804 1583 ἐπισκόπων
2856 1530 2953 1583 καὶ
3006 1530 3347 1583 διδασκάλων
3402 1530 3507 1600 τῆς
3566 1532 3812 1601 μεγάλης

539 1442 736 1493 nodum
765 1439 1141 1492 universorum
1172 1435 1553 1504 episcoporum
1578 1450 1642 1488 ac
1678 1434 1963 1489 doctorum
1997 1434 2108 1487 Ma-

531 1531 670 1600 joris
705 1530 993 1595 Armeniae,
1032 1529 1316 1583 accersitis
1373 1528 1644 1582 catholico
1681 1527 1856 1581 Esdra
1903 1542 1967 1582 ac
1996 1543 2113 1582 om-

538 1623 693 1676 nibus
727 1623 932 1686 Azatis,
955 1620 1374 1688 Theodosiopoli
1415 1620 1528 1674 lleri
1554 1621 1832 1690 praecepit,
1864 1636 1926 1675 ac
1982 1636 2091 1690 pcr-

2226 1620 2521 1690 Ἀρμενίας
2544 1659 2560 1683 ,
2595 1621 2693 1672 σὺν
2721 1619 2801 1690 τῷ
2846 1618 3127 1690 καθολικῷ
3154 1618 3363 1689 Ἔσδρᾳ
3396 1621 3496 1672 καὶ
3530 1623 3679 1674 πᾶσι
3705 1625 3811 1684 τοῖς

536 1716 678 1785 ιιιιίτί
707 1725 759 1769 et
791 1713 1061 1786 dispicere
1110 1716 1176 1767 de
1211 1714 1419 1767 duabus
1449 1714 1503 1766 in
1540 1713 1761 1767 Christo
1794 1712 1904 1766 Dt'O
1927 1726 2091 1767 llOSll‘l

2230 1681 2474 1773 ’Λξάτοις
2503 1681 2583 1762 *ἐν
2628 1681 3110 1773 θεοδοσιουπόλει,’
3151 1681 3379 1780 ἔρευναν
3426 1710 3672 1778 ποιῆσαι
3721 1681 3808 1764 καί

534 1809 766 1869 naturis,
818 1823 880 1861 ac
911 1808 978 1861 de
1027 1808 1234 1875 synodo
1286 1804 1734 1860 Chalcedonensi.
1789 1803 2091 1874 Perquisiev-

2219 1802 2346 1853 ἰδεῖν
2388 1803 2513 1871 περὶ
2548 1800 2659 1853 τῶν
2691 1800 2786 1854 δύο
2819 1799 3037 1870 φύσεων
3069 1800 3181 1854 τῶν
3215 1802 3273 1855 ἐν
3310 1801 3545 1872 Χριστῷ
3579 1803 3663 1872 τῷ
3697 1804 3805 1873 Θεῴ

534 1909 657 1953 runt
693 1914 819 1969 ergo
865 1912 961 1966 per
1021 1912 1260 1952 mensem
1303 1911 1489 1967 ;eque
1551 1896 1851 1966 Scripturis
1906 1897 2085 1950 induet

2212 1890 2244 1958 ἡ
2255 1889 2390 1957 μῶν,
2424 1890 2519 1942 καὶ
2545 1892 2675 1960 περὶ
2702 1891 2800 1961 τῆς
2829 1890 3049 1944 σύνοδον
3077 1893 3175 1960 τῆς
3206 1891 3591 1963 Καλκηδόνος.
3622 1896 3803 1963 Ἦρεύ-

533 1987 601 2040 ad
661 1989 818 2040 tidem
884 1986 1148 2047 Armenii,
1200 1987 1400 2054 scripta
1455 2000 1617 2040 manu
1676 1986 1895 2056 propria
1944 1987 2091 2039 sche

2213 1998 2383 2051 νησαν
2428 1977 2523 2036 οὖν
2565 1982 2655 2035 διὰ
2707 1983 2876 2053 μηνὸς
2920 1983 3168 2054 ἡμερῶν,
3215 1984 3312 2037 καλ⁸
3356 1986 3717 2055 ἐπείσθησαν
3756 1991 3797 2040 εί

533 2079 679 2145 dula,
745 2078 882 2133 nihil
940 2092 998 2132 se
1050 2078 1284 2147 amplius
1335 2092 1400 2133 ea
1450 2077 1504 2133 in
1555 2091 1613 2132 re
1668 2077 2091 2132 contradicturo:

2225 2073 2505 2143 Ἀρμένιοι
2536 2074 2647 2127 ἀπὸ
2677 2074 2785 2128 τῶν
2816 2075 3078 2145 Γραφῶν,
3114 2076 3211 2128 καὶ
3240 2074 3473 2146 ὤμοσαν
3504 2079 3797 2149 ἐγγράφως

524 2176 798 2245 imm-um.
2214 2161 2537 2232 ἰδιοχείρως,
2567 2161 2663 2215 τοῦ
2700 2165 2901 2233 μηκέτι
2932 2163 3237 2232 ἀντιλέγειν
3267 2165 3397 2234 περὶ
3431 2165 3639 2220 αὑτοῦ.

603 2267 830 2323 Reversi
892 2280 1021 2335 ergo
1069 2274 1196 2320 sunt
1249 2263 1302 2318 in
1353 2261 1546 2329 Tiben,
1604 2272 1825 2332 tumque
1872 2262 2091 2318 Joanne:

2292 2254 2768 2325 Ὑποστρέψαντες
2821 2255 2885 2327 [ί.
2934 2257 3311 2330 ὑπέστρεψαν]
3361 2259 3446 2322 είς
3490 2261 3565 2313 τὸ
3613 2261 3803 2333 Τιὸὴν,

530 2360 743 2416 sodales
789 2357 1083 2413 monachos
1134 2355 1468 2426 provocavit,
1499 2369 1600 2409 nec
1635 2369 1741 2410 non
1766 2354 2091 2423 Stephanum

2208 2350 2299 2402 καὶ
2327 2349 2353 2399 6
2381 2348 2545 2410 αὑτὸς
2581 2348 3225 2420 Ἰωάννης·παρώτρυνεν
3248 2351 3375 2413 τοὺς
3404 2356 3805 2423 συμμοναχοὺ;

530 2453 842 2522 episcopum
901 2450 1251 2513 Cartamana,
1306 2462 1369 2503 ac
1405 2446 1704 2501 Mathusala
1744 2454 1922 2500 ortum
1950 2445 2091 2512 Sina,

2206 2439 2374 2496 αὑτοῦ
2394 2480 2410 2506 ,
2442 2444 2538 2495 καὶ
2571 2442 2661 2495 τὸν
2692 2442 2967 2510 Στέφανον
2999 2442 3300 2497 ἐπίσκοπον
3334 2444 3801 2515 Καταρταμανᾶ,

530 2543 903 2611 quosdamque
942 2540 1099 2603 alios,
1142 2538 1283 2593 haud
1328 2538 1554 2593 omnino
1583 2539 1637 2592 in
1676 2538 1941 2608 synodum
1968 2553 2091 2594 con-

2206 2535 2299 2587 καὶ
2323 2532 2414 2586 τὸν
2439 2532 2775 2588 Μαθουσάλα
2803 2534 2912 2587 ἀπὸ
2935 2533 3029 2588 τοῦ
3061 2535 3243 2605 Σινῆς,
3272 2536 3367 2589 καὶ
3393 2536 3609 2600 ἄλλους
3634 2542 3804 2607 τινάς,

527 2632 854 2696 sentientes,
883 2641 941 2686 ut
970 2644 1037 2685 ne
1067 2629 1249 2685 Esdrae
1289 2630 1558 2686 catholico
1606 2630 2091 2696 communicarent,

2203 2629 2328 2691 τοὺς
2369 2627 2447 2698 μὴ
2485 2612 2991 2695 ἄπασινέἶξαντας
3030 2632 3110 2693 είς
3150 2628 3249 2701 τὴν
3292 2631 3545 2699 σύνοδον,
3594 2634 3688 2687 ἵνα
3734 2638 3803 2705 μὴ

525 2733 619 2778 aut
647 2739 771 2777 cum
803 2724 868 2779 iis
889 2723 978 2794 qui
1001 2724 1188 2779 eadem
1230 2730 1393 2792 atque
1432 2722 1523 2777 ille
1549 2733 1826 2790 saperent.
1875 2723 2091 2778 Interim

2206 2722 2610 2786 κοινωνήσωσιν
2633 2720 2840 2792 Ἔσδρᾳ
2880 2720 3179 2790 καθολικῷ,
3211 2722 3347 2792 μηδέ
3373 2726 3494 2787 τοῖς
3520 2728 3629 2779 σὺν
3657 2728 3805 2796 αὐτῷ

522 2829 653 2871 vero
700 2816 826 2870 dum
865 2826 1121 2885 provocat
1169 2829 1382 2870 omnes.
1430 2829 1494 2871 ac
1550 2815 1744 2869 nititur
1774 2818 2091 2871 asententitt

2202 2814 2660 2883 όμοφρονήσασιν.
2698 2814 2823 2867 Ὅτι
2856 2813 2970 2887 [ῑσ.
2992 2813 3138 2887 τότε]
3154 2815 3322 2868 αὑτοῦ
3353 2822 3807 2889 παροτρύνοντος

522 2923 801 2973 revocare,
854 2909 1131 2963 nonnullis
1188 2907 1299 2975 jam
1345 2922 1561 2972 eorum,
1599 2906 1693 2977 qui
1736 2906 2091 2961 interfuerant

2202 2904 2411 2966 πάντας
2432 2905 2525 2956 καὶ
2541 2903 2950 2971 ἁναπείθοντος,
2974 2905 3068 2958 καί
3088 2923 3243 2968 τινας
3260 2906 3370 2959 τῶν
3391 2912 3452 2961 ἐν
3485 2912 3552 2979 τῇ
3590 2911 3808 2979 συνόδῳ

520 3002 752 3070 synodo,
785 3000 1050 3068 deceptis,
1100 2966 1247 3054 venit
1303 2966 1631 3067 Stephanus-
1655 2997 2091 3053 Cartamanensis

2203 2996 2632 3066 ἀπαντησάντων
2667 2995 2731 3069 [ί.
2761 2966 3201 3071 ἁπατησαντος],
3223 2966 3358 3070 μεθ’
3378 2966 3596 3070 ήμέγῶς
3631 2966 3807 3068 me}

517 3093 808 3161 cpiscopus
867 3093 931 3142 ad
965 3090 1191 3144 Esdram
1268 3091 1617 3144 catholicum.
1648 3090 1888 3144 Audiens
1912 3100 2093 3144 autem

518 3182 779 3252 praefatus
806 3181 1066 3245 Joannes,
1133 3182 1277 3251 quod
1310 3197 1416 3235 non
1454 3182 1555 3250 ipsi
1607 3184 2091 3246 eommunicasset,

519 3273 824 3342 petulantia
863 3274 1121 3337 maxima,
1160 3273 1473 3327 inimicitias
1530 3273 1580 3326 in
1613 3273 1947 3344 Stephanum
1972 3291 2096 3343 ges-

515 3370 607 3431 sit,
654 3367 728 3420 uti
770 3376 823 3420 et
871 3367 923 3419 itt
972 3365 1294 3431 Mathusala,
1330 3381 1395 3421 eo
1423 3366 1566 3435 quod
1601 3369 1715 3438 ipse
1762 3383 1978 3439 quoque
2025 3372 2092 3423 ad

512 3456 738 3511 Esdram
771 3458 1115 3514 accessisset.
1169 3458 1392 3512 Dicebat
1429 3474 1582 3523 vero,
1633 3460 1806 3515 levius
1841 3476 1952 3531 pra:
1978 3461 2088 3517 illis

512 3547 827 3613 oll‘endisse,
879 3564 946 3602 ac
1009 3550 1217 3619 lapsmn
1252 3564 1370 3605 esse
1420 3550 1686 3606 Esdram:
1728 3570 1747 3604 ι
1794 3552 1927 3607 Nam
1979 3555 2087 3621 ille,

513 3637 708 3706 inquit,
771 3653 833 3691 ex
885 3637 1226 3706 imperatoris
1276 3648 1418 3695 metu
1471 3656 1498 3694 a
1547 3642 1775 3698 veritate
1824 3642 2085 3700 deﬂexit:

513 3741 612 3781 vos
640 3736 820 3780 autem
868 3729 937 3781 ab
970 3727 1117 3782 inani
1170 3730 1341 3797 gloria
1377 3745 1441 3784 ac
1479 3733 1796 3787 muneribus
1849 3734 2088 3803 prolapsi

508 3818 643 3872 estis
690 3832 817 3872 casu
873 3819 1185 3874 insanabili.
1228 3838 1248 3872 ι
1302 3821 1382 3876 Ad
1427 3823 1543 3876 haec
1585 3821 1787 3877 Esdras
1856 3826 1911 3878 in
1972 3825 2087 3879 hac

510 3913 672 3966 verba
702 3910 965 3966 Jonnnem
1019 3913 1364 3968 obtestatur:
1399 3933 1417 3964 ι
1456 3915 1641 3971 Tertio
1704 3917 1911 3984 vocavi,
1963 3934 2085 3972 cum

510 4002 835 4067 Mathusala,
897 4014 1007 4057 tutn
1054 4002 1414 4075 Stephanum,
1472 4006 1704 4061 dicens:
1746 4006 1854 4062 Vos
1887 4010 2074 4065 mundi

507 4095 757 4150 doctores
799 4096 932 4152 estis
957 4110 1021 4150 ac
1050 4097 1243 4151 scriba:
1274 4113 1289 4163 ;
1328 4098 1509 4152 venite
1548 4107 1605 4153 ut
1638 4099 1902 4155 faciamus
1946 4103 2086 4163 satis

509 4188 856 4257 imperatori;
910 4206 1053 4244 nunc
1115 4201 1295 4241 autem
1352 4188 1770 4258 reprehenditis,
1829 4202 2082 4263 tanquam

511 4280 573 4333 iis
619 4282 1083 4338 eonsenserimus.
1150 4279 1262 4336 Nos
1323 4297 1446 4352 quas
1494 4280 1802 4337 audivimus
1843 4283 1912 4339 ab
1975 4285 2081 4349 eis,

2201 3084 2364 3158 ἦλθεν
2381 3090 2408 3140 6
2423 3088 2692 3157 Στέφανος
2706 3091 2733 3141 ό
2753 3091 3057 3161 Καρταμᾶν
3077 3091 3363 3155 ἐπίσκοπος
3375 3093 3507 3161 πρὸς
3530 3094 3805 3166 Ἐσδραν

2200 3181 2292 3233 τὸν
2332 3179 2643 3234 καθολικόν.
2703 3181 2970 3246 Ἀκούσας
3006 3182 3066 3235 δὲ
3102 3185 3131 3237 6
3171 3184 3459 3255 εἰρημένος
3500 3185 3806 3257 Ἰωάννης,

2200 3270 2282 3322 ὃτι
2310 3269 2411 3323 οὑκ
2441 3269 2804 3340 ἐκοινώνησεν
2830 3270 3003 3341 αὑτῷ,
3034 3271 3177 3341 μετὰ
3208 3273 3478 3343 μεγίστης
3506 3275 3798 3346 θρασύτης

2200 3379 2289 3424 τος
2311 3401 2325 3427 ,
2358 3360 2556 3431 ἔχθραν
2584 3359 2663 3431 τῷ
2696 3361 2953 3431 Στεφάνῳ
2989 3360 3411 3431 κατηργάσατο,
3444 3356 3553 3413 οἷον
3582 3362 3678 3414 καὶ
3706 3362 3794 3433 τῷ

2200 3454 2571 3524 Μαθουσάλᾳ,
2619 3454 2702 3508 ὅτι
2752 3453 2847 3506 καὶ
2898 3452 3064 3517 αὑτὸς
3114 3453 3393 3524 προσῆλθε
3442 3453 3525 3522 τῷ
3556 3453 3799 3524 Ἔσδρᾳ.

2202 3547 2394 3614 Ἔλεγε
2423 3547 2480 3599 δὲ
2507 3548 2534 3599 6
2555 3546 2847 3617 εἰρημένος
2878 3546 3156 3615 Ἰωάννης,
3181 3546 3264 3599 ὃτι
3294 3546 3656 3617 Κουφότερόν
3682 3551 3803 3601 ἐστι

2196 3638 2256 3691 τὸ
2284 3640 2532 3708 πταῖσμα
2559 3637 2651 3690 τοῦ
2681 3637 2889 3709 Ἕσδρα
2914 3637 3009 3693 καὶ
3033 3637 3095 3691 τὸ
3124 3637 3370 3708 σφάλμα,
3394 3638 3539 3709 πρὸς
3564 3640 3639 3691 τά.
3666 3640 3803 3709 inti-

2195 3747 2326 3801 τερα
2364 3729 2717 3800 πταίσματαθ
2757 3749 2775 3782 ι
2812 3730 2987 3794 Δὺτὺς
3018 3730 3129 3802 γὰρ
3161 3730 3253 3785 διὰ
3289 3732 3461 3799 φόϐον
3498 3732 3603 3783 τοῦ
3640 3731 3800 3801 βασι-

2195 3822 2333 3886 λέως
2363 3823 2636 3897 ἐξέκλινεν
2666 3822 2768 3893 τῆς
2801 3822 3059 3894 ἀληθείας
3083 3841 3096 3856 ο
3130 3824 3289 3894 ὑμεῖς
3320 3824 3412 3888 δέ,
3446 3824 3539 3877 διὰ
3575 3824 3801 3878 κενοδο-

2194 3916 2315 3983 ξίαν
2345 3917 2439 3970 καὶ
2465 3916 2633 3987 δῶρα,
2663 3915 2958 3979 ἐξεπέσατε
2987 3915 3204 3971 ἀνίατον
3229 3916 3464 3970 πτῶσιν.
3503 3935 3522 3968 ι
3552 3918 3802 3970 Ἔπειτα

2195 4004 2539 4076 παρεκάλεσε
2585 4007 2675 4058 τὸν
2722 4004 2886 4058 αὑτὸν
2915 4004 3174 4076 Ἰωάννην
3218 4005 3533 4078 όἝσδρας,
3591 4008 3800 4075 λέγων,

2191 4096 2274 4149 ὅτι
2314 4112 2333 4146 ι
2370 4094 2566 4164 Τρίτον
2597 4092 2835 4147 ἐκάλεσα
2858 4132 2874 4159 ,
2907 4095 3003 4147 καὶ
3032 4094 3123 4148 τὸν
3152 4094 3493 4149 Μαθουσάλσ.
3516 4134 3532 4159 ,
3567 4098 3680 4149 καὶ
3710 4098 3804 4149 τὸν

2193 4187 2484 4257 Στέφανον,
2530 4187 2735 4239 είπών·
2777 4185 2858 4238 ότι
2899 4182 3008 4237 Τοῦ
3060 4185 3269 4256 κόσμου
3317 4185 3657 4238 διδάσκαλοι
3703 4189 3805 4239 καὶ

2191 4280 2539 4351 γραμματεῖς
2580 4279 2737 4346 ὑμεῖς
2779 4280 2936 4331 ἐστε’
2976 4277 3158 4330 ἔλθετε
3203 4279 3288 4330 ἵνα
3334 4278 3803 4348 ἁπολογηθῶμεν

509 4386 632 4423 vera
686 4374 1011 4440 putavimus,
1059 4388 1124 4427 ac
1175 4373 1309 4428 duas
1340 4375 1392 4428 in
1444 4373 1673 4428 Domino
1695 4372 1826 4429 Jesu
1854 4374 2076 4431 Christo

2202 4368 2267 4439 τῷ
2297 4367 2539 4437 βασιλεῖ’
2570 4368 2665 4420 καὶ
2691 4365 2786 4418 νῦν
2814 4365 3095 4437 μέμφεσθε
3125 4365 3302 4435 ἡμῶν,
3328 4365 3403 4427 ὡς
3433 4382 3804 4436 envoy.ng

508 4472 726 4516 naturas
777 4465 1016 4518 confessi
1069 4481 1296 4531 sumus;
1362 4466 1619 4520 nimirum
1675 4466 1967 4536 perlectam
2025 4468 2078 4522 in

506 4555 726 4616 deitate,
776 4562 828 4607 et
863 4552 1155 4623 perfectam
1192 4556 1243 4608 in
1276 4556 1633 4621 humanitate,
1678 4558 1729 4612 in
1766 4574 1870 4612 una
1910 4559 2079 4628 hypo-

503 4645 660 4707 stasi,
691 4658 756 4698 ac
788 4659 1019 4713 persona
1085 4659 1212 4709 una,
1256 4646 1689 4702 incarnationem
1747 4648 2076 4703 indivisam:

503 4752 746 4806 quasque
777 4736 1003 4805 legimus
1045 4734 1375 4807 Seripturas.
1395 4752 1515 4791 cum
1536 4747 1748 4794 nostras
1768 4780 1784 4806 ,
1818 4750 1927 4795 tum
1956 4741 2079 4796 illo-

504 4842 645 4891 runt,
689 4828 742 4883 id
769 4827 943 4897 ipsum
967 4830 1396 4883 conlirtnarunt:
1427 4843 1634 4898 nosque
1658 4846 1840 4884 eorum
1868 4848 2077 4886 sermo-

502 4921 666 4975 nibus
700 4921 995 4992 habuimus
1018 4922 1196 4988 tidem,
1230 4922 1383 4992 juxta
1408 4923 1550 4993 quod
1592 4921 1887 4992 Scriptura:
1910 4939 2078 4979 saera:

504 5013 766 5068 ferebant.
831 5014 1123 5067 Enimvero
1185 5015 1412 5071 necdum
1477 5017 1605 5073 anni
1660 5018 2072 5088 praeterierunt:

505 5122 699 5160 omnes
728 5120 1043 5162 sanctorum
1064 5107 1290 5163 Patrum
1314 5110 1598 5181 scripturae
1617 5110 1757 5180 apud
1788 5125 1887 5165 nos
1913 5122 2074 5178 sunt;

501 5188 834 5262 scrutantes,
867 5200 1148 5255 veritatem
1187 5203 1501 5271 perdiseite.
1534 5222 1554 5256 ι
1587 5202 1691 5259 Ubi
1732 5214 1914 5258 autem
1939 5206 2077 5259 seti-

500 5300 649 5361 ptum
699 5292 1068 5347 testimonium
1094 5295 1449 5361 ostendisset,
1475 5296 1550 5349 ait
1578 5294 1855 5353 Joannes:
1896 5317 1914 5349 t
1945 5298 2075 5355 0m-

499 5384 585 5438 uia
608 5385 722 5439 haec
739 5384 1382 5444 addideruntNesloriani
1413 5392 1628 5462 scriptis
1644 5401 1953 5447 sanctorum
1981 5389 2076 5443 Pa-

2190 4461 2472 4530 νησάντων
2501 4458 2707 4521 αὐτοῖς.
2742 4458 2937 4527 Ἡμεῖς
2968 4459 3005 4512 ἃ.
3033 4459 3349 4527 ἠκούσαμεν
3407 4458 3544 4528 παρ’
3570 4460 3803 4521 αὑτοῦ,

2189 4550 2366 4621 ἀληθῆ
2394 4544 2532 4602 εἶναι
2562 4549 2896 4620 ἐνομίσαμεν
2917 4567 2932 4581 ο
2962 4549 3055 4602 καὶ
3082 4548 3527 4619 ὡμολογήσαμεν
3554 4551 3663 4603 δύο
3696 4555 3804 4620 φύς

2190 4661 2303 4708 σεις
2340 4642 2436 4697 τοῦ
2483 4643 2685 4715 Κυρίου
2731 4643 2889 4714 ἡμῶν
2928 4642 3103 4714 Ἰησοῦ
3145 4642 3420 4713 Χριστοῦ·
3466 4644 3699 4698 τέλειον
3743 4647 3803 4698 ἐν

2188 4738 2424 4809 θεότητι,
2449 4740 2543 4791 καὶ
2566 4737 2770 4791 τέλειον
2794 4738 2853 4789 ἐν
2878 4736 3283 4806 ἁνθρωπότητι,
3311 4738 3371 4787 ἐν
3398 4738 3505 4807 μιᾷ
3536 4739 3805 4791 ὑποστά-

2190 4849 2305 4898 σει,
2341 4831 2422 4883 ἐνὶ
2462 4831 2745 4902 προσώπῳ
2769 4847 2783 4861 ⁸
2822 4830 3130 4901 ἀδιαίρετον
3165 4831 3485 4900 οίκονομίαν
3510 4848 3524 4862 ο
3563 4834 3679 4885 καὶ
3715 4835 3799 4887 ὅτι

2187 4926 2281 4976 καὶ
2305 4925 2403 4987 τὰς
2429 4924 2666 4994 γραφὰς,
2692 4922 2756 4987 ἃς
2783 4923 3122 4993 ἀνέγνωμεν,
3145 4924 3254 4975 τῶν
3279 4924 3454 4991 ἁγίων
3483 4925 3796 4995 Πατέρωι,

2185 5017 2242 5069 al
2269 5016 2557 5087 ἡμέτεραι,
2587 5018 2681 5069 καὶ
2708 5016 2817 5069 τῶν
2846 5017 3047 5081 αὑτῶν,
3078 5016 3137 5069 τὸ
3165 5010 3296 5069 αὑτὸ
3326 5018 3790 5089 ἐμαρτύρησαν

2186 5111 2279 5164 καὶ
2316 5112 2476 5180 ἡμεῖς
2511 5108 2846 5180 ἐπείσθημεν
2878 5112 2992 5172 τοῖς
3026 5109 3207 5177 λόγοις
3238 5109 3453 5171 αὐτῶν,
3494 5113 3657 5165 κατὰ
3695 5116 3797 5173 τὰς

2185 5206 2407 5275 Γραφὰς
2444 5204 2540 5266 τὰς
2582 5202 2764 5272 ἁγίας.
2805 5203 2917 5256 Καὶ
2958 5202 3054 5255 νῦν
3088 5203 3149 5255 οὐ
3186 5201 3400 5272 διῆλθον
3434 5204 3645 5273 χρόνοι
3674 5220 3694 5237 ο
3738 5205 3792 5257 αἱ

2184 5299 2400 5369 Γραφαὶ
2437 5299 2606 5350 πᾶσαι
2640 5298 2749 5349 τῶν
2782 5297 2955 5364 ἁγίων
2989 5296 3248 5367 Πατέρων
3285 5297 3416 5369 παρ’
3441 5298 3585 5368 ἡμῖν
3624 5301 3745 5351 eis:
3773 5315 3786 5325 ·

2184 5392 2573 5463 ἐρευνήσαντες
2611 5387 2811 5460 μάθετε
2844 5391 2944 5459 τὴν
2977 5389 3254 5459 ἀλήθειαν.
3301 5407 3318 5439 t
3360 5390 3473 5442 Καὶ
3508 5392 3606 5444 ὅτε
3648 5392 3783 5444 ὑπέ-

500 5485 640 5528 trum
671 5491 685 5540 ;
717 5490 821 5543 qua
849 5477 978 5530 olim
1006 5479 1214 5535 ratione
1250 5481 1578 5539 Saturninus
1610 5485 1843 5540 haereses
1874 5486 2072 5542 multas

2202 5484 2319 5549 ἱειξε
2352 5486 2450 5554 τὴν
2482 5484 2786 5555 μαρτυρίαν
2816 5483 2915 5551 τῆς
2946 5481 3193 5551 ι’ραφῆς,
3224 5479 3377 5535 εἶπεν
3406 5484 3433 5536 6
3467 5484 3776 5553 Ἰωάννης·

498 5564 728 5619 addebat
782 5566 1077 5638 Scripturis
1130 5573 1325 5639 sacris,
1382 5585 1508 5645 puta
1550 5575 1713 5631 verba
1738 5577 1853 5639 illa,
1886 5574 2067 5630 Evan-

497 5656 635 5727 gelia
673 5656 829 5713 Lucae
858 5677 872 5713 :
922 5660 1085 5731 Carpit
1119 5662 1276 5719 Iesus
1330 5683 1513 5735 pavere
1546 5677 1595 5722 et
1651 5671 1862 5723 twdere.
1892 5670 2067 5740 Appa-

2188 5596 2206 5629 ι
2246 5574 2431 5629 Ταῦτα
2470 5577 2650 5629 πάντα
2683 5576 2731 5627 οἱ
2765 5574 3119 5645 Νεστοριανοὶ
3158 5574 3517 5645 προσέθηκαν
3554 5579 3620 5628 ἐν
3660 5580 3773 5635 :35;

2179 5672 2418 5739 γραφαῖς
2457 5671 2566 5723 τῶν
2611 5668 2784 5738 ἁγίων
2825 5666 3123 5739 Πατέρωνσ
3171 5667 3351 5732 καθὼς
3398 5672 3497 5720 καὶ
3543 5674 3607 5722 ὲν
3656 5676 3774 5732 ταῖς
