3968 6220
255 252 391 315 1253
456 319 461 328 ,

1489 251 1585 312 DE
1629 253 1882 316 REBUS
1920 257 2308 322 ARMEleE.

3371 275 3508 344 1254

249 365 423 430 θείαις
453 364 698 436 Γραφαῖς
726 363 847 417 τότε
885 360 1194 434 προσετίθει
1224 362 1250 414 ὁ
1281 361 1603 433 Σατορνίλος
1630 365 1798 418 πολλὰ

1935 370 2044 424 ruit
2096 383 2270 426 autem
2303 373 2388 428 illi
2428 377 2644 446 angelus
2670 379 2888 436 ale-melo
2928 385 3233 455 confortans
3281 405 3424 458 eum,
3454 407 3503 448 et

247 456 509 525 αἱρέσεις,
548 456 623 520 ὡς
668 458 763 509 καὶ
802 458 883 518 είς
921 454 981 507 τὸ
1023 452 1163 507 κατά
1205 454 1421 507 Λουκᾶν
1463 455 1830 524 Εὐαγγέλιον·

244 549 327 600 ὅτι
353 549 614 615 Ἤρξατο
647 552 679 602 ὀ
713 545 951 614 Ἰησοῦς
989 533 1343 600 λυπεῖσθαῗ
1356 545 1452 598 καὶ
1483 544 1828 614 ἀδημονεῖν.

1935 462 2194 531 prolixius
2217 469 2424 523 orabat.
2471 469 2540 523 Et
2570 471 2742 541 factus
2762 485 2837 528 est
2863 479 3027 532 sudor
3051 481 3164 548 ejus
3191 483 3328 536 sicut
3344 495 3508 554 guth

1935 557 2206 626 sanguinis
2230 557 2275 620 ’,
2325 568 2379 613 et
2400 561 2618 618 similia.
2659 583 2676 615 ι
2720 566 3006 624 Enimvero
3035 572 3148 626 visa
3191 575 3499 630 suntJoan-

250 640 446 710 Ὠφθη
485 642 555 695 δὲ
591 640 750 706 αὐτῷ
786 639 1045 710 ἄγγελος
1079 638 1198 694 ἀπὸ
1231 639 1494 706 οὐρανοῦ
1530 639 1798 708 ἐνισχύωτ

251 733 434 756 ...ι-οι--
488 735 580 756 --με
614 734 691 756 ς--
720 731 1140 756 luminum
1164 732 1566 756 _--.___o__.__-.
1599 731 1795 756 1-4----

1936 644 2020 698 nis
2074 647 2234 700 verba
2295 650 2406 704 hare
2436 655 2707 710 contraria
2756 673 2938 712 coram
2971 661 3160 729 Esdra,
3205 666 3272 720 ab
3297 641 3506 756 rel‘no

243 733 456 798 αὐτὸν,
484 735 582 788 καί
605 734 691 786 ὅτι
714 731 1140 802 ἐκτενέστερον
1156 732 1566 800 προσηύχετο·
1594 731 1795 800 ἐγένετ

1933 737 2306 807 episcoporum
2362 755 2671 812 conventu;
2710 765 3160 826 recesseruntque
3213 731 3504 817 omnes'a-h

241 822 478 890 όίδρὼς
498 824 683 878 αὐτοῦ
709 825 786 890 ὡς
829 824 1072 894 θρομόοί
1101 823 1373 892 αἵματος,
1398 824 1491 876 καὶ
1514 823 1583 875 τὰ
1607 824 1824 891 ὃμοια.»

253 915 562 985 Ἐφάνησαν
599 917 760 971 δὲτὰ
802 921 1025 990 ῥήματα
1069 919 1244 972 ταῦτα
1282 920 1375 973 τοῦ
1418 921 1664 972 Ἰωάννου
1706 921 1934 974 ἐνώπιον
1963 921 2191 993 Ἔσδρα,
2247 927 2341 981 καὶ
2380 931 2488 984 τῶν
2533 935 2629 987 σὺν
2673 937 2820 1008 αὑτῷ
2855 941 3187 1010 ἐπισκόπων,

1933 839 2000 878 eo
2027 827 2292 896 ejusmodi
2328 847 2632 891 sermonem
2659 845 2913 897 aversati.

3238 949 3454 1005 ἐναντία
3483 955 3502 974 ⁶

238 1011 331 1061 καὶ
367 1009 568 1072 πάντες
619 1011 943 1082 ἀπέστησαν
991 1011 1178 1078 αὐτοῦ,
1231 1012 1558 1082 στραφέντες
1609 1011 1715 1064 ἀπὸ
1745 1012 1839 1064 τοῦ
1870 1011 2031 1082 λόγου
2064 1016 2296 1074 ἐκείνου.

309 1117 476 1185 Οὗτος
508 1123 564 1176 δὲ
605 1127 714 1185 τοῖς
747 1125 934 1188 αὐτοῖς
979 1125 1242 1193 ἐπέμεινε
1279 1125 1629 1193 φιλονεικῶν,
1679 1125 1817 1178 διότι

236 1217 656 1286 ἀντικειμένους
701 1212 744 1283 ᾧ
789 1217 988 1286 νόμους
1039 1216 1468 1288 ἐκληρονόμησε.
1517 1219 1625 1271 Καὶ
1665 1221 1721 1272 ὲν
1747 1223 1813 1290 τῇ

234 1304 464 1374 τελευτῇ
499 1305 594 1358 τοῦ
630 1306 835 1376 Ἐσδρα
861 1306 1112 1376 ἐνόμιζεν
1157 1308 1240 1360 ὅτι
1275 1309 1436 1372 αὐτὸς
1465 1307 1696 1380 λήψεται
1721 1310 1814 1363 τὸν

239 1396 452 1463 θρόνον,
487 1396 627 1470 [καὶ]
652 1402 717 1468 τῇ
751 1399 973 1470 βοηθείᾳ
1001 1399 1112 1452 τῶν
1153 1401 1515 1470 μεγιστάνων.
1541 1403 1665 1456 Ὅτι
1698 1405 1754 1458 δὲ
1784 1407 1813 1458 ό

236 1486 525 1554 Νορσισης
553 1486 709 1555 ἔτυχε
730 1487 823 1540 τοῦ
849 1487 1061 1557 θρόνου,
1091 1488 1254 1551 αὐτὸς
1270 1488 1326 1541 δὲ
1355 1489 1475 1556 οὐκ,
1508 1491 1599 1542 ἐπὶ
1627 1492 1809 1544 πλεῖον

235 1575 536 1645 ἐταράχθη.
579 1577 814 1630 Ἐὄλεπε
847 1578 956 1648 γὰρ
1013 1578 1476 1646 συγκιινωνοῦντα
1520 1583 1685 1634 αὐτὸν
1731 1583 1808 1653 τῷ

238 1666 451 1736 βασιλεί
501 1669 610 1720 τῶν
651 1670 960 1738 Ῥωμαίων.
1029 1671 1140 1724 Καὶ
1195 1669 1408 1742 πάντας¹
1441 1673 1677 1744 ὤτρυνεν
1730 1678 1810 1738 είς

236 1759 572 1826 ἀντιλογίας,
603 1761 684 1812 ὄτι
727 1761 864 1813 κατὰ
903 1762 992 1813 τὶν
1031 1762 1234 1833 Ἐσδρα
1290 1765 1383 1816 καὶ
1437 1765 1600 1829 αὐτὸς
1643 1767 1807 1820 ἐπλα-

236 1849 396 1919 νήθη,
433 1852 528 1902 Ὃν
547 1850 825 1922 προδήλως
845 1851 1077 1916 καλέσας
1102 1856 1129 1907 ό
1152 1855 1454 1926 Νορσέσης,
1471 1856 1807 1914 κατενώπιον

232 1939 446 1992 πολλῶν
489 1943 808 1995 ἐπισκόπων
849 1944 946 1997 καὶ
991 1945 1351 2010 διδασκάλων,
1393 1949 1489 2001 καὶ
1542 1949 1803 2013 Ἀζάν-ξων,

227 2031 431 2099 πολλὴν
460 2031 688 2100 ἔρευναν
715 2035 950 2105 ποιήσας
983 2035 1116 2108 περὶ
1150 2039 1250 2108 τῆς
1301 2041 1636 2110 ἀντιλογίας,
1675 2060 1808 2096 κατ-

236 2123 458 2194 έκριναν
487 2125 648 2179 αὑτὸν
690 2126 1059 2198 ἐξορισθῆναι.
1087 2131 1199 2184 Καὶ
1222 2132 1488 2205 ἐξωρίσθη
1529 2137 1680 2206 παρὰ
1708 2137 1800 2190 τοῦ

233 2216 520 2270 καθολικοῦ
566 2219 659 2270 καὶ
725 2219 819 2272 τοῦ
873 2219 1134 2291 ἄρχοντος
1181 2224 1279 2293 τῆς
1332 2225 1658 2296 Ἀρμενίας·
1709 2233 1803 2284 καὶ

228 2307 555 2376 ποιήσαντες
594 2306 654 2360 τὸ
683 2308 936 2378 μέτωπον
975 2313 1141 2365 αὐτοῦ
1181 2313 1467 2380 ἀλώπεκος
1497 2319 1680 2372 εἰκόνα
1723 2320 1802 2392 τῷ

227 2400 721 2470 πεπυρακτωμένῳ
752 2401 974 2472 σιδήρῳ,
1029 2403 1126 2458 σὺν
1162 2407 1277 2469 τοῖς
1325 2405 1531 2472 λοιποῖς
1561 2411 1801 2481 ἑταίροις

225 2489 413 2551 αὑτοῦ,
447 2491 701 2556 ἐξέσελον
726 2492 888 2546 αὐτὸν
911 2495 990 2557 είς
1022 2497 1248 2560 Καυκὰς
1277 2497 1420 2568 ὅρος.
1469 2502 1710 2554 Ἐκεῖθεν
1741 2505 1798 2557 δὲ

224 2581 578 2652 ὑποστρέψας
627 2585 702 2654 μὴ
738 2586 1060 2657 ὑποδεχθεδς
1092 2591 1242 2660 παρὰ
1278 2591 1386 2644 τῶν
1429 2595 1608 2646 ἐκεῖσε
1645 2596 1801 2648 εἰδω-

222 2672 524 2746 λολατρῶν,
558 2676 654 2728 καὶ
680 2680 816 2746 μετὰ
846 2678 1074 2734 θάνατον
1099 2682 1190 2735 τοῦ
1245 2683 1400 2750 ἁγίου
1443 2684 1796 2740 Ἀναστασίου

219 2764 397 2820 ἐλθὼν
432 2767 514 2830 είς
553 2768 646 2822 τὸν
678 2768 774 2822 ἀπ’
806 2771 980 2843 ἀρχῆς
1025 2772 1190 2826 αὑτοῦ
1222 2775 1409 2842 τόπον,
1441 2776 1797 2850 ἐτελεύτησεν

217 2859 284 2911 ὲν
312 2860 482 2930 γήρᾳ·
649 2905 653 2909 -
911 2875 918 2881 ’

296 2950 359 3001 Οἱ
406 2949 460 3002 δὲ
507 2950 748 3020 μαθηταὶ
782 2953 949 3005 αὑτοῦ
1021 2953 1436 3025 πληθυνθὲντες,
1483 2959 1684 3024 πάντες
1715 2959 1798 3027 ἐξ·

218 3040 442 3095 έκλιναν
475 3046 586 3098 ἀπὸ
609 3045 710 3114 τῆς
746 3044 1006 3117 ἀληθείας
1028 3063 1042 3077 ·
1089 3050 1185 3102 καὶ
1206 3049 1476 3122 διεσπάρη
1517 3052 1550 3121 ή
1584 3053 1798 3124 αἵρεσις

220 3136 361 3207 αὕτη
405 3137 466 3191 ὲν
498 3140 565 3208 τῇ
597 3139 752 3210 χώρᾳ
787 3141 992 3211 ἐκείνῃ,
1037 3140 1142 3204 ἕως
1177 3142 1465 3197 ’1ουστίνου
1515 3145 1794 3218 Καίσαρος

216 3230 299 3299 τῷ
339 3227 379 3283 ε’
403 3231 531 3298 ἔτει,
564 3233 620 3284 ἐν
649 3225 694 3300 ᾧ
726 3231 903 3305 καιρῷ
933 3232 1169 3298 καλέσας
1199 3236 1291 3290 τὸν
1334 3238 1521 3292 Ἰσαὰκ
1565 3239 1653 3294 τὸν
1694 3258 1794 3295 κα-

216 3323 433 3378 θολικὺν
466 3327 562 3379 σὺν
590 3330 704 3390 τοῖς
733 3328 1053 3393 ἐπισκόποις
1080 3330 1160 3393 είς
1192 3330 1792 3402 Κωνσταντινούπολιν,

217 3416 434 3485 ἥνωσεν
463 3419 660 3482 αὐτοὺς
689 3422 801 3484 τοῖς
831 3421 1153 3491 ὁμολογοῦσι
1196 3423 1295 3486 τὰς
1323 3423 1416 3479 δύο
1463 3425 1657 3493 φύσεις
1695 3426 1790 3480 τοῦ

217 3509 461 3576 Χριστοῦ
497 3510 590 3566 καὶ
630 3511 764 3566 Θεοῦ
795 3513 976 3582 ἡμῶν,
1021 3514 1120 3584 τῆς
1155 3515 1408 3585 θεότητος
1439 3516 1534 3569 καὶ
1567 3517 1666 3588 τῆς
1695 3520 1790 3573 ἀν-

215 3600 587 3672 θρωπότητος,
629 3604 688 3656 ὲν
720 3605 822 3674 μιᾷ
857 3605 1176 3674 ὑποστάσει,
1221 3608 1499 3682 ἀφύρτως,
1546 3612 1792 3684 ἀδιαιρέ-

209 3709 327 3756 τως
351 3709 364 3722 ·
399 3695 492 3747 καὶ
520 3696 610 3750 διὰ
641 3696 803 3751 τοῦτο
840 3700 1134 3769 ἐγγράφως
1165 3700 1409 3771 ὤμοσαν,
1447 3704 1541 3758 τοῦ
1589 3707 1788 3777 μηκέτι

209 3786 471 3853 γενέσθαι
532 3791 615 3852 είς
665 3791 864 3853 αὐτοὺς
903 3793 1236 3862 ἀντιλογίαν.
1297 3796 1466 3852 Πάλιν
1521 3799 1600 3864 δὲ,
1649 3801 1785 3854 61:0-

212 3875 571 3945 στρεψάντων
618 3879 824 3947 αὐτῶν,
862 3881 912 3934 οί
952 3883 1406 3953 καταλειφθέντες
1444 3887 1504 3942 ιν
1539 3891 1606 3960 τῇ
1648 3889 1788 3960 Ἀρ-

210 3971 403 4038 pavi-.3,
437 3972 819 4043 ἐδυσχέραινον
859 3981 924 4047 τῇ
950 3978 1157 4031 τούτων
1199 3981 1513 4054 ἐπιστασίᾳ,
1545 3983 1621 4046 ὡς
1651 3986 1784 4054 όμο-

205 4064 602 4132 φρονήσαντων
645 4065 785 4135 μετὰ
815 4067 924 4120 τῶν
961 4068 1274 4139 Ῥωμαίων.
1300 4072 1408 4124 Καὶ
1437 4071 1622 4127 λοιπὸν
1656 4075 1785 4128 στά·

205 4168 331 4213 σεις
382 4153 477 4204 καὶ
521 4153 848 4224 συζητήσεις
884 4159 1104 4211 ἐποίουν
1155 4161 1293 4228 μετὰ
1331 4162 1426 4215 τοῦ
1461 4163 1647 4218 Ἰσαὰκ
1687 4166 1780 4220 καὶ

198 4242 320 4296 τῶν
359 4247 808 4301 συναπελθόντων
835 4249 1003 4320 αὐτῷ,
1044 4249 1327 4320 λέγοντεςο
1373 4256 1455 4308 ὅτι
1485 4275 1506 4308 ι
1549 4258 1673 4312 Ἐὰν
1703 4259 1780 4330 μὴ

1908 4251 2113 4306 trolecti
2173 4253 2404 4315 fuerant,
2447 4253 2692 4304 dicentes
2741 4267 2755 4304 :

197 4337 488 4406 στραφῆτε
528 4338 622 4391 καὶ
662 4341 1103 4414 ἀναθεματίξητε
1141 4345 1360 4410 αὐτοὺς,
1403 4347 1466 4402 οὐ
1510 4349 1779 4421 δεχόμεθα

197 4425 357 4493 ὑμᾶς
397 4427 476 4488 είς
509 4428 676 4483 τόπον
703 4429 882 4499 ἡμῶν.
917 4450 934 4479 ι
966 4433 1136 4486 Αὐτοὶ
1161 4435 1218 4487 δὲ
1255 4437 1645 4507 ἀγαπήσαντες
1679 4441 1781 4511 τὴν

193 4515 366 4580 δόξαν
392 4516 502 4571 τῶν
548 4521 874 4591 ἀνθρώπων,
907 4524 938 4594 ἢ
970 4523 1066 4595 τὴν
1094 4527 1252 4591 δόξαν
1278 4527 1372 4580 τοῦ
1408 4530 1568 4598 θεοῦ,
1615 4532 1778 4588 πάλιν

193 4607 612 4678 ἀνεθεμάτισαν
666 4613 880 4683 πρῶτον
923 4617 1173 4684 ἑαυτοὺς,
1217 4619 1293 4683 ὡς
1340 4625 1775 4694 κοινωνήσαντας

200 4701 322 4763 τοῖς
358 4700 676 4773 Ῥωμαίοις.
708 4705 1027 4779 Εὑρέθησαν
1049 4708 1108 4762 δὲ
1150 4710 1362 4765 ἀνίατοι
1395 4713 1454 4767 ὲν
1500 4716 1620 4779 ταῖς
1667 4733 1771 4770 κα-

197 4787 299 4845 lla
307 4806 374 4853 ις.

584 4931 898 4985 Καθολικοί
928 4933 1040 5001 τῆς
1080 4933 1400 5007 Ἀρμενίας.

210 5037 277 5088 ’0
304 5030 457 5107 ἅγιος
480 5041 783 5113 Γρηγόριος
822 5048 849 5099 ὁ
873 5049 1120 5122 φωστὴρ,
1158 5051 1251 5125 ἔτη
1282 5055 1349 5109 λ’.

188 5217 275 5268 ‘0
307 5217 462 5287 ἆγιος
503 5218 822 5296 Ῥωστάκης
846 5229 874 5281 ό
895 5227 1009 5292 υίὸς
1039 5229 1226 5302 αὐτοῦ,
1277 5232 1372 5306 ἔτη
1409 5232 1456 5305 β’

191 5307 275 5360 ’0
303 5309 602 5381 Βαρτανὲς,
642 5317 736 5389 ἔτη
767 5316 862 5385 γ’..

197 5397 276 5451 Ὀ
308 5401 630 5477 Γρηγόριος,
654 5409 748 5481 ἔτη
782 5408 874 5467 ια’.

199 5487 276 5543 Ὀ
320 5490 545 5569 Ἰουσηκ,
576 5499 670 5571 ἔτη
704 5507 781 5565 ς·⁹.

269 5658 290 5688 ³
323 5655 487 5715 Marc.
515 5673 626 5726 xw,
663 5660 732 5716 33
760 5679 775 5730 ;
801 5659 912 5721 Luc
944 5662 1031 5730 2'2,
1054 5664 1144 5719 45.

1817 2891 1864 2953 α

1997 1126 2195 1186 Verum
2235 1134 2342 1201 ille,
2381 1139 2522 1206 quod
2553 1144 2854 1200 contrarias
2894 1147 2942 1201 ei
2989 1148 3131 1218 leges
3173 1162 3400 1220 teneret,
3445 1162 3497 1217 in

1921 1223 2107 1275 eadem
2150 1227 2492 1284 contentione
2538 1233 2798 1300 perstitit.
2848 1235 3018 1292 Morte
3060 1251 3236 1297 autem
3289 1247 3498 1301 sublato

1922 1309 2118 1378 Esdra,
2153 1317 2359 1384 putavit
2389 1317 2528 1385 fore,
2567 1332 2621 1374 nt
2648 1322 2765 1393 ejus
2812 1329 3016 1395 sedem,
3054 1347 3362 1401 magnatum
3397 1355 3498 1409 ope

1922 1403 2208 1472 acciperet.
2232 1407 2300 1460 At
2330 1425 2449 1464 cum
2482 1409 2743 1470 Norseces
2769 1433 2886 1472 eam
2918 1421 3146 1492 adeptus
3195 1438 3358 1491 esset,
3389 1403 3493 1484 non

1921 1495 2055 1564 ipse,
2088 1498 2343 1568 majorem
2374 1501 2427 1556 in
2451 1506 2666 1560 modum
2697 1509 2939 1566 turbatus
2967 1522 3073 1568 est.
3104 1515 3327 1572 Videbat
3352 1520 3494 1574 enim

1914 1587 2160 1654 junctum
2229 1598 2608 1652 communione
2669 1600 2981 1669 imperatori
3045 1607 3403 1665 Romanorum
3470 1630 3485 1666 :

1915 1695 2213 1752 omnesque
2263 1687 2520 1743 incitabat
2565 1698 2621 1745 ut
2670 1697 3122 1764 contradicerent,
3170 1703 3310 1757 velut
3356 1704 3493 1774 ipse,

1917 1772 1990 1824 uti
2023 1783 2076 1825 et
2121 1771 2322 1828 Esdras
2355 1777 2612 1844 deceptus
2640 1791 2803 1836 esset.
2829 1780 3010 1837 Palam
3044 1797 3217 1841 autem
3249 1771 3491 1846 accersi-

1915 1877 2059 1933 tum,
2095 1867 2362 1927 Norseces
2406 1887 2589 1928 coram
2667 1892 2955 1934 numeroso
3010 1883 3381 1953 episcoporum
3435 1895 3492 1941 et

1912 1961 2321 2027 magistrorum,
2359 1978 2422 2018 ac
2453 1964 2744 2020 Azatorum
2787 1979 2955 2033 centu,
3002 1973 3168 2026 multa
3203 1976 3330 2041 .ejus
3356 1991 3489 2030 con-

1913 2054 2259 2109 tradietionis
2319 2055 2668 2126 inquisitione
2716 2058 2920 2124 habita,
2973 2061 3162 2118 exsilio
3191 2079 3312 2118 eum
3351 2063 3493 2120 con-
3592 2112 3599 2120 .

1909 2145 2258 2204 demnarunt.
2292 2149 2518 2217 Fuitqne
2552 2151 2866 2220 deportatus
2892 2167 2920 2205 ιι
2964 2155 3230 2209 catholico
3261 2171 3321 2211 ac
3353 2173 3491 2227 pra--

1910 2247 2026 2292 tore
2068 2240 2358 2299 Armeniae.
2401 2241 2627 2312 ejusque
2680 2241 2870 2309 fronti,
2919 2247 3168 2299 candenti
3212 2245 3356 2301 ferro
3387 2248 3491 2303 im-

1909 2332 2206 2398 primentes
2263 2333 2436 2402 vulpis
2493 2334 2808 2404 imaginem,
2862 2351 2966 2389 una
3022 2352 3145 2390 eum
3196 2340 3378 2406 sociis,
3431 2340 3486 2394 in

1908 2435 2143 2478 montem
2203 2422 2510 2479 CauCasum
2574 2427 2877 2494 ejeccruut.
2937 2427 3206 2485 Reversus
3271 2441 3486 2498 autem,

1908 2529 2029 2567 cum
2066 2513 2259 2567 montis
2291 2513 2481 2568 incolae
2515 2516 2778 2570 idolorum
2819 2517 3055 2572 cultores
3081 2534 3203 2574 eum
3242 2520 3471 2588 repulis-

1905 2613 2052 2666 sent,
2111 2619 2176 2658 ac
2223 2617 2347 2673 post
2394 2607 2565 2660 saneti
2621 2607 2891 2663 Anastasii
2937 2609 3141 2663 obitum
3188 2613 3401 2665 rediens
3431 2613 3484 2664 in

1904 2697 2078 2751 locum
2113 2698 2423 2766 pristinum,
2465 2700 2786 2766 grauida-vus
2819 2717 3082 2756 annorum
3121 2700 3259 2756 vivis
3291 2717 3480 2758 exem-

1905 2799 2024 2863 ptus
2056 2798 2158 2844 est.

1976 2974 2105 3040 Ejus
2128 2981 2308 3027 autem
2342 2986 2529 3027 errore
2574 2972 2780 3042 decepti
2817 2973 3088 3042 discipuli,
3133 2973 3480 3030 desciverunt

1905 3081 2095 3122 omnes
2127 3081 2155 3119 a
2191 3064 2441 3129 veritate,
2485 3079 2655 3135 eaque
2703 3066 2925 3120 haeresis
2967 3066 3019 3120 in
3065 3066 3341 3136 provincia
3388 3067 3476 3120 illa

1903 3159 2147 3227 dispersa
2195 3167 2300 3223 est,
2333 3155 2398 3211 ad
2447 3171 2618 3226 usque
2665 3171 2868 3210 annum
2915 3156 2948 3211 5
2993 3154 3192 3210 Justini
3223 3155 3477 3224 Caesaris,

1903 3249 2118 3318 quando
2155 3247 2243 3303 ille
2270 3261 2561 3302 accersens
2593 3247 2745 3301 Isaac
2798 3246 3121 3302 catholicum
3160 3245 3478 3302 Consumti-

1902 3339 2163 3408 nopolim,
2212 3352 2336 3392 cum
2383 3337 2645 3405 subjectis
2691 3337 2982 3408 episcopis,
3012 3353 3104 3418 eos
3142 3340 3314 3392 univit
3342 3354 3477 3393 eon-

1900 3433 2178 3488 ﬁtentibus
2209 3430 2345 3486 duas
2392 3437 2616 3484 naturas
2641 3430 2839 3485 Christi
2875 3445 2939 3482 ac
2965 3429 3055 3483 Dei
3084 3428 3273 3492 nostri,
3301 3429 3477 3485 deita-

1902 3522 1968 3576 tis
2014 3536 2079 3576 ac
2124 3519 2503 3586 humanitatis,
2557 3521 2607 3574 in
2663 3534 2768 3573 una
2819 3519 3121 3590 hypostasi,
3169 3518 3472 3582 inconfusr,

1898 3613 2172 3668 indivise:
2208 3611 2560 3680 quamobrem
2595 3611 2758 3664 etiam
2791 3610 2992 3678 scripta
3026 3609 3276 3664 cautione
3303 3609 3470 3677 jura—

1896 3713 2112 3770 verunt,
2147 3703 2262 3759 fore
2311 3713 2368 3756 ut
2418 3717 2690 3772 nunquam
2735 3700 3192 3756 contradicerent.
3231 3699 3466 3754 Rursum

1895 3801 2074 3847 autem
2115 3807 2237 3846 cum
2272 3800 2458 3846 essent
2501 3788 2723 3856 reversi,
2766 3789 2858 3858 qui
2905 3789 2959 3842 in
2992 3789 3242 3842 Armenia
3295 3788 3467 3844 relicti

1894 3883 2131 3950 fuerant,
2167 3897 2355 3937 eorum
2395 3881 2681 3936 adventum
2729 3880 2954 3934 moleste
2989 3881 3317 3944 habuerunt,
3348 3889 3467 3933 tan-

1891 3992 2051 4045 quam
2084 3991 2294 4040 eorum,
2325 3975 2416 4044 qui
2445 3975 2499 4028 in
2530 3973 2775 4028 eamdem
2809 3989 2929 4028 eum
2960 3971 3216 4026 Romanis
3246 3981 3464 4027 senten—

1891 4071 2018 4125 tiam
2057 4069 2457 4123 concessissent
2492 4083 2505 4120 :
2553 4067 2914 4136 deincepsque
2962 4065 3152 4120 turbas
3193 4079 3258 4119 ac
3309 4079 3456 4134 qna:-

1889 4162 2090 4216 stiones
2121 4159 2404 4214 movebant
2437 4175 2561 4214 cum
2612 4158 2789 4219 Isaae.
2835 4163 2914 4225 ac;
2945 4157 3012 4212 iis
3045 4156 3137 4224 qui
3185 4171 3308 4210 cum
3342 4157 3464 4226 ipso

2808 4269 2826 4302 ι
2884 4248 2993 4302 Nisi
3045 4248 3458 4312 convertamini,

1887 4345 2073 4412 eisque
2107 4344 2300 4397 dicatis
2330 4343 2636 4404 anathema,
2682 4357 2786 4396 non
2833 4341 3121 4408 recipimus
3149 4353 3247 4395 vos
3286 4339 3339 4393 in
3373 4339 3458 4392 lo-

1886 4450 2006 4488 cum
2035 4443 2301 4488 nostrum.
2332 4452 2350 4484 »
2378 4432 2453 4486 Illi
2483 4445 2680 4498 autem,
2709 4433 2878 4502 magis
2899 4433 3178 4485 hominum
3201 4430 3454 4502 gloriam,

1885 4533 2045 4594 quam
2103 4523 2196 4578 Dei
2249 4523 2557 4592 diligentes,
2615 4527 2902 4577 anathema
2961 4538 3148 4578 rursus
3200 4521 3301 4577 sibi
3353 4522 3458 4590 ipsi

1883 4615 2113 4682 primum
2175 4611 2468 4677 dixerunt,
2529 4628 2626 4668 ceu
2681 4613 2748 4668 iis
2807 4614 2898 4684 qui
2962 4613 3457 4667 communicassent

1881 4720 2002 4759 cum
2065 4702 2318 4758 Romanis
2375 4721 2388 4758 :
2443 4720 2505 4760 ac
2563 4705 2764 4760 inventi
2825 4713 2951 4760 sunt
3009 4703 3342 4758 insanabiles
3399 4704 3452 4757 in

1882 4795 2039 4849 malis

2377 4954 2635 5008 Catholici
2673 4955 2958 5008 Armenia).

1885 5067 2120 5124 Sanctus
2205 5069 2536 5140 Gregorius,
2624 5069 2939 5140 praeclarum
3015 5068 3144 5124 illud
3221 5069 3446 5141 lumcn,

1948 5165 2076 5214 ann‘.
2127 5159 2215 5214 '50.

1877 5249 2110 5305 Sanctus
2146 5249 2407 5306 Rostaces
2441 5249 2556 5320 ejus
2599 5250 2760 5321 ﬁlius,
2801 5268 2928 5309 ann.
2969 5253 3026 5309 2.

1877 5340 2159 5402 Bartanes,
2202 5355 2330 5395 ann.
2370 5341 2425 5396 5.

1874 5431 2167 5502 Gregorius
2206 5448 2336 5485 ann.
2379 5435 2400 5487 Ι
2419 5433 2469 5490 Ι.

1874 5521 2090 5579 Josech.
2130 5540 2256 5578 anu.
2300 5526 2353 5579 6.
