3968 6220
298 447 440 514 1265

1503 445 1602 506 ΒΕ
1642 445 1891 506 REBUS
1930 446 2329 510 AB‘MENI/E.‘

3405 446 3543 513 1286

302 581 392 628 τος
420 579 431 592 ·
478 579 498 613 ι
513 561 636 616 Ὅτι.
654 559 722 614 τά
735 559 939 632 ἀρχαῖα
957 559 1261 632 παρῆλθεν,
1287 559 1398 615 ίδοῦ
1413 562 1602 631 γέγονε
1620 564 1687 617 τά
1701 563 1883 618 πάντα
1907 615 1909 622 ,

2013 563 2184 620 labere
2216 564 2556 633 prolitentur,
2605 560 2711 620 nisi
2758 561 2911 640 prius
2964 572 3218 634 tanquam
3271 563 3546 619 hominem

299 653 486 710 καινά.
499 673 517 707 ι
537 654 610 707 Τὸ
623 653 680 708 δὲ
696 654 922 723 σημεῖον
937 652 1035 707 τοῦ
1048 652 1227 724 τιμίου
1244 653 1482 726 σταυροῦ
1497 653 1620 708 οὔτε
1637 671 1878 727 προσκυ-

305 749 490 802 νοῦσιν
525 745 651 800 οὔτε
689 745 963 811 σέϐονται,
1008 743 1134 799 οὔτε
1170 744 1318 800 θείαν
1356 746 1586 817 δύναμιν
1627 749 1882 818 λέγουσιν

304 842 470 911 ἔχειν,
483 841 531 893 εί
551 839 626 910 μὴ
648 836 917 908 πρότερον
935 837 1280 909 βαπτίσωσιν
1299 837 1461 892 αὑτὸν
1477 838 1550 903 ὡς
1571 839 1879 912 ἄνθρωπον,

305 933 403 986 καὶ
427 928 668 999 πήξωσιν
697 921 827 998 ἧλον
843 930 898 981 ὲν
927 929 1080 999 μέσῳ
1094 929 1281 983 αὐτοῦ.
1304 929 1416 1000 Πρὸ
1433 929 1541 1000 γάρ
1559 927 1652 983 τοῦ
1677 929 1880 1000 βαπτίο

308 1041 399 1076 σαι
430 1021 614 1088 αὐτὸν,
643 1021 740 1076 καὶ
757 1018 1158 1086 καταπατοῦσι,
1185 1019 1283 1074 καὶ
1299 1019 1416 1074 ἀντ’
1448 1019 1660 1084 οὐδενὸς
1689 1020 1883 1091 ἠγοῦνο

310 1131 420 1168 ται.
453 1113 588 1186 Περὶ
620 1113 679 1168 δὲ
707 1112 818 1166 τῶν
841 1112 1015 1182 ἁγίων
1058 1114 1157 1167 καὶ
1189 1112 1403 1167 cumth
1453 1113 1682 1168 είκόνων
1703 1112 1887 1169 τοιαῦ-

309 1224 410 1278 την
436 1206 621 1277 ἔχουσι
646 1205 910 1270 διάθεσιν,
937 1206 1020 1259 ὅτι
1046 1204 1114 1277 [Γ.
1141 1206 1307 1262 inser.
1341 1204 1438 1279 ὡς]
1461 1206 1533 1261 τὰ
1560 1208 1756 1262 εἴδωλα
1777 1209 1885 1263 τῶν

311 1295 483 1350 ἐθνῶν
517 1313 538 1348 ι
578 1295 756 1364 στόμα
789 1295 972 1367 ἔχουσι
996 1297 1091 1349 καὶ
1122 1295 1184 1349 οὐ
1217 1295 1534 1366 λαλήσουσι,
1564 1295 1678 1352 ὦτα
1703 1297 1896 1369 ἔχουσιν

311 1390 403 1439 καὶ
436 1387 537 1439 οὐκ
569 1385 920 1452 ἀκούσονται,
960 1403 978 1438 ι
1028 1386 1125 1438 καὶ
1156 1386 1225 1440 τά
1263 1386 1426 1456 ἑξῆς
1483 1386 1562 1458 μὴ
1615 1390 1890 1455 συνιέντες

315 1480 416 1548 τῆς
478 1479 630 1542 θείας
661 1477 907 1548 Γραφῆς,
981 1475 1304 1540 ἀθετοῦντες
1353 1478 1562 1534 ἐκεῖνον
1603 1480 1766 1536 αὑτὸν
1799 1482 1892 1538 τὸν

324 1568 558 1638 Σωτῆρα
619 1570 716 1622 καὶ
748 1567 1006 1638 ἀληθινὸν
1036 1567 1172 1623 Θεὸν
1218 1569 1381 1639 ἡμῶν
1416 1571 1628 1642 Ἰησοῦν
1653 1571 1892 1645 Χριστὸν
1923 1611 1928 1614 -

331 1661 427 1716 καὶ
447 1661 791 1730 Δημιουργὺν
818 1663 928 1715 τῶν
959 1661 1233 1727 ἁπάντων,
1248 1661 1398 1725 ὅστις
1413 1661 1502 1716 διά
1525 1663 1618 1717 τοῦ
1639 1665 1794 1734 ἁγίου
1819 1667 1892 1737 (c)

332 1753 625 1821 μανδυλίου
653 1752 754 1824 τὴν
787 1753 928 1807 ἰδίαν
970 1753 1156 1806 εἰκόνα
1190 1751 1270 1824 τῷ
1305 1746 1557 1826 ’Δϐγάρῳ
1582 1756 1892 1824 ἀπέστειλε,

1983 656 2397 727 baptizaverint,
2430 655 2486 710 in
2533 656 2819 727 medioque
2851 656 2996 713 illius
3050 655 3268 712 ﬁxeriut
3309 655 3546 710 clavum.

1983 747 2120 800 Ante
2145 747 2290 801 enim
2325 761 2487 816 quam
2515 761 2734 803 crucem
2786 747 3201 816 baptizaverint,
3230 746 3554 803 conculcaut

1983 853 2102 894 eam
2123 847 2178 893 et
2199 852 2299 909 pro
2327 838 2497 893 nihilo
2531 839 2755 894 ducunt.
2782 838 2857 893 De
2881 840 3052 894 sacris
3087 852 3217 894 vero
3247 846 3302 894 et
3322 852 3552 894 venera-

1985 926 2186 988 bilihus
2226 931 2551 1004 imaginibus
2603 931 2745 987 hanc
2783 931 2986 986 habent
3036 930 3302 986 rationem
3340 939 3394 984 et
3427 945 3557 985 sen-

1987 1023 2234 1088 tentiam,
2259 1021 2423 1092 quod,
2461 1022 2603 1078 sicut
2625 1022 2868 1094 gentium
2885 1021 3243 1089 simulacra,,i
3255 1019 3330 1076 Os
3354 1019 3561 1080 habent

1987 1121 2042 1168 et
2078 1126 2182 1168 non
2241 1113 2551 1182 loquentur,
2604 1127 2765 1168 aures
2817 1112 3022 1167 habent
3067 1119 3131 1166 et.
3175 1125 3281 1165 non
3339 1109 3562 1163 audient

1991 1201 2166 1274 (Paul.
2197 1203 2382 1270 cxm);
2407 1210 2512 1258 sel.
2539 1217 2658 1272 qua:
2685 1210 3026 1272 sequuntur:
3061 1214 3168 1255 non
3200 1197 3562 1267 intelligentes

1992 1311 2204 1352 sacram
2287 1295 2656 1365 Seripturam,
2724 1293 3037 1364 rejicientes
3098 1293 3272 1363 ipsum
3342 1303 3564 1361 quoque

1995 1387 2336 1444 Salvatorem
2365 1401 2661 1456 verumque
2709 1386 3158 1443 Deum.nostrum
3185 1385 3371 1441 Jesum
3403 1381 3563 1437 Chri-

1994 1491 2158 1546 stum,
2203 1489 2519 1537 cunctorum
2555 1477 2854 1548 Opiﬁcem,
2884 1477 2978 1548 qui
3027 1478 3080 1532 in
3136 1490 3296 1532 sacro
3355 1470 3569 1529 mantili

1996 1573 2288 1644 imaginem
2313 1585 2466 1628 suam
2488 1571 2557 1626 ad
2586 1571 2856 1642 Ahgarum
2882 1571 3051 1637 misit,
3069 1569 3294 1639 ejusque
3321 1566 3571 1622 morbum

1997 1669 2228 1723 sanavit.
2274 1665 2649 1735 Aspernantur
2694 1667 2859 1721 etiam
2913 1666 3023 1720 Deo
3081 1665 3298 1734 plenum
3352 1661 3567 1715 Patrem

2001 1769 2244 1814 nostrum
2300 1757 2582 1822 Basilium,
2631 1756 2724 1826 qui
2761 1755 2837 1811 ait
2876 1755 3000 1827 (d):
3041 1773 3060 1808 ι
3087 1753 3272 1809 ΙΙοηοι·
3323 1750 3576 1820 imaginis

329 1845 424 1899 καὶ
470 1845 533 1900 τὸ
563 1845 776 1917 νόσημα
809 1844 977 1899 αὐτοῦ
1016 1845 1226 1900 ἰάσατο.
1272 1846 1547 1900 Ἀθετοῦσι
1576 1847 1633 1902 δὲ
1676 1848 1767 1902 καὶ
1805 1849 1896 1904 τὸν

2013 1851 2068 1904 ιιι
2119 1850 2354 1919 primum
2409 1847 2684 1919 exemplar
2719 1849 2934 1904 transit.
2969 1866 2989 1900 ι
3027 1847 3136 1902 Sed
3163 1854 3218 1900 et
3248 1855 3359 1900 tres
3385 1855 3578 1899 cruces

327 1925 588 2006 Osocpdpov
622 1911 841 2007 Πατέρα
873 1934 1034 2005 ἡμῶν
1063 1935 1368 2003 Βασίλειον,
1395 1937 1545 2002 ὅστις
1596 1938 1747 2009 λέγει
1786 1941 1895 1996 ὅτιο

2013 1911 2299 2006 faciunt,et
2323 1911 2911 1998 sanctam—Trinitatem
2942 1939 3245 2010 appellant;
3271 1936 3414 2006 quod
3437 1947 3580 1987 unus

329 2048 350 2082 ι
409 2031 472 2084 Ἦ
501 2029 634 2098 τιμὴ
665 2029 765 2098 τῆς
792 2028 1006 2092 εἰκόνος
1055 2028 1158 2082 ἐπὶ
1190 2027 1252 2082 τδ
1286 2030 1644 2100 πρωτότυπον
1683 2032 1893 2088 διαϐαί-

332 2139 436 2176 νει.
494 2140 513 2174 ι
574 2120 738 2174 Ἀλλὰ
766 2119 861 2174 καὶ
899 2123 1049 2191 τρεῖς
1095 2121 1365 2192 σταυροὺς
1393 2122 1630 2185 ποιοῦσι,
1681 2124 1776 2176 καὶ
1800 2123 1900 2194 τὴν

335 2214 498 2282 ἁγίαν
558 2212 765 2283 Τριάδα
815 2211 1210 2283 ὀνομάζουσινο
1267 2214 1352 2267 ὅτι
1400 2207 1481 2276 εἷς
1531 2215 1632 2284 τῆς
1674 2215 1904 2284 Τριάδος

333 2300 682 2374 ἐσταυρώθη,
733 2302 826 2356 καὶ
874 2301 1316 2372 συνεσταύρωται
1377 2303 1498 2373 ἅμα
1547 2305 1642 2356 καὶ
1697 2306 1730 2375 ἡ
1773 2304 1906 2373 ἁγία

340 2394 509 2466 Τριάς
528 2409 543 2424 ο
581 2393 657 2464 μὴ
688 2392 962 2457 συνιέντες
985 2391 1084 2464 τὴν
1106 2393 1370 2465 διαφορὰν
1393 2395 1500 2448 τῶν
1531 2395 1904 2462 ὐποστάσεων,

342 2486 479 2558 μηδὲ
507 2486 604 2558 τὴν
650 2485 802 2540 θείαν
841 2487 936 2540 καὶ
973 2486 1357 2558 ἀκατάληπτον
1389 2487 1560 2558 φύσιν
1585 2486 1685 2558 τῆς
1716 2488 1909 2558 θεότη-

339 2595 429 2642 τος
461 2578 649 2649 ἀπαθῆ
697 2579 1086 2650 διατηροῦντες
1113 2594 1128 2611 ⁸
1168 2578 1284 2632 ἁλλ’
1322 2581 1405 2643 είς
1443 2579 1608 2652 βυθὸν
1632 2581 1913 2646 ἀπωλείας

345 2671 572 2736 ἑαυτοὺς
593 2669 863 2734 ὠθοῦντες
889 2671 979 2724 διὰ
1001 2673 1100 2740 τῆς
1124 2671 1423 2739 ἀγνωσίας.
1448 2671 1912 2741 Ἀναγινὼσκουσι

343 2763 397 2817 δὲ
435 2763 531 2817 καὶ
553 2762 679 2817 καθ’
711 2761 952 2834 ἑκάστην
977 2763 1193 2834 ἡμέραν
1227 2763 1322 2818 τοῦ
1352 2763 1509 2834 ἁγίου
1533 2766 1626 2820 καὶ
1650 2765 1913 2838 θεοφόρου

348 2856 558 2926 Πατρός
590 2855 749 2924 ἡμῶν
777 2857 878 2917 τὰς
918 2855 1156 2925 βίϐλους,
1188 2857 1250 2908 τὸ
1281 2856 1398 2920 πῶς
1435 2857 1793 2929 λεπομερῶς
1821 2874 1920 2912 σαο

348 2948 568 3018 φηνίζει
590 2947 690 3010 τάς
711 2947 975 3018 αἱρέσεις,
1005 2947 1099 3001 καὶ
1131 2948 1260 3016 μίαν
1288 2950 1528 3020 ἑκάστην
1561 2949 1666 3022 ἰδίᾳ
1695 2951 1791 3004 καὶ
1818 2967 1919 3021 χω-

2006 2033 2290 2090 Trinitatis
2346 2031 2639 2088 cruciﬁxus
2683 2030 2782 2098 sit,
2833 2044 3048 2098 unaque
3100 2025 3263 2083 simul
3321 2021 3578 2078 crucifixa

2007 2125 2173 2180 luerit
2200 2133 2387 2180 sancta
2413 2124 2653 2178 Trinitas
2679 2139 2694 2176 :
2727 2123 3039 2192 ignorantes
3067 2129 3421 2186 personarum
3469 2108 3578 2166 dif-

2011 2212 2297 2269 ferentiam
2335 2251 2353 2278 ,
2415 2225 2520 2266 uec
2573 2211 2813 2266 divinam
2863 2203 3581 2277 incomprehensibilemque

2014 2308 2242 2364 Deitatis
2281 2317 2530 2363 naturam
2582 2314 2866 2361 servantes
2901 2303 3154 2368 illmsam;
3188 2299 3281 2356 sed
3331 2300 3479 2368 ipsos
3525 2308 3583 2349 se

2015 2416 2111 2470 per
2157 2399 2516 2470 ignorantiam
2551 2398 2606 2453 in
2656 2395 2978 2466 profundum
3025 2390 3341 2466 perditionis
3392 2387 3585 2455 impelo

2017 2493 2208 2548 lentes.
2239 2490 2482 2560 Denique
2543 2489 2728 2560 legunt
2773 2487 3015 2559 quotidie
3047 2483 3226 2542 sancti
3279 2479 3588 2546 Deiferique

2018 2582 2198 2642 Patris
2248 2582 2418 2639 nostri
2453 2581 2642 2645 libros,
2663 2595 2770 2650 quo
2813 2579 2971 2635 modo
3013 2573 3319 2632 minutatim
3351 2570 3588 2624 haereses

2022 2675 2355 2740 manifestet,
2410 2687 2623 2729 necnon
2670 2683 3110 2741 unamquamque
3159 2662 3504 2738 peculiariter
3533 2667 3590 2712 et

2022 2783 2268 2826 seorsum
2298 2767 2494 2822 subdat
2527 2764 2859 2820 anathemati
2889 2781 2903 2818 :
2929 2772 2984 2818 et
3009 2761 3153 2831 ipsas
3181 2757 3398 2828 quidem
3419 2753 3593 2808 haere-

2024 2872 2114 2914 ses
2159 2854 2650 2917 anathematizauit,
2709 2866 2838 2909 suas
2902 2861 3083 2907 autem
3113 2893 3118 2897 .
3151 2847 3466 2905 traditiones
3525 2855 3591 2895 ac

2027 2949 2267 3007 haereses
2294 2949 2551 3015 retinent,
2576 2947 2782 3008 colunt.
2808 2953 2991 3016 agunt.

349 3041 434 3112 ρὶς
473 3039 900 3110 ἀναθεματίζειο
928 3042 1026 3094 καὶ
1059 3041 1226 3104 αὐτὰς
1265 3042 1365 3112 μὲν
1400 3043 1502 3106 τὰς
1550 3042 1796 3114 αἱρέσεις
1823 3042 2312 3114 ἀναθεματίςουσι,
2355 3040 2457 3105 τὰς
2513 3027 2570 3094 δὲ
2625 3036 2958 3110 παραδόσεις
3003 3032 3184 3089 αὐτῶν
3243 3030 3340 3086 καὶ
3387 3026 3488 3092 τὰς
3521 3025 3604 3082 αἱ·

353 3137 531 3206 ρέσεις
558 3136 856 3205 κατέχουσι
893 3133 990 3188 καὶ
1021 3134 1272 3190 σέϐονται
1299 3137 1391 3190 καὶ
1422 3137 1750 3208 πράττουσι.

425 3233 823 3303 Νεστοριανοὺς
845 3234 937 3287 καὶ
956 3232 1387 3300 Εὑτυχιανιστάς
1409 3233 1516 3307 χρὴ
1542 3236 1715 3288 ποιεῖν
1745 3234 1909 3288 λιϐέλ·

2105 3234 2175 3306 (ε)
2206 3231 2561 3290 Nestorianos
2599 3237 2655 3286 et
2679 3224 3121 3299 Eutychianistas
3164 3229 3379 3293 oportet
3417 3219 3601 3274 facere

353 3327 502 3392 λους,
535 3327 631 3382 καὶ
682 3324 1109 3396 ἀναθεματίζειν
1160 3324 1261 3395 τὴν
1295 3325 1476 3378 αὐτῶν
1535 3326 1772 3396 αἵρεσιν,
1829 3325 1928 3380 καὶ

358 3420 675 3491 Νεστόριον,
709 3417 808 3473 καὶ
856 3417 1126 3488 Εὑτυχέα,
1176 3416 1275 3470 καὶ
1302 3419 1614 3488 Διόσκορον,
1669 3421 1764 3472 καὶ⁹
1802 3421 1930 3482 τοὺς

361 3511 694 3582 φρονοῦντας
722 3511 793 3564 τὰ
834 3511 996 3576 αὐτὰ,
1029 3511 1125 3566 καὶ
1161 3511 1341 3576 πάσας
1369 3510 1471 3575 τὰς
1518 3526 1932 3580 προσαναφερο-

369 3608 537 3676 μένας
570 3604 836 3676 αίρέσεις,
871 3605 967 3658 καὶ
1001 3603 1443 3676 μεταλαμϐάνειν
1495 3605 1596 3675 τῆς
1626 3603 1789 3670 ἁγίας
1817 3617 1934 3654 κοι-

364 3695 582 3760 νωνίας.
619 3696 986 3768 Εὐνομιανοῦς
1025 3697 1125 3767 μὲν
1171 3696 1298 3760 τοὺς
1346 3697 1424 3759 είς
1469 3695 1601 3768 μίαν
1633 3694 1934 3750 κατάδυσιν

370 3789 826 3863 θαπτιζομένους,
859 3790 956 3842 καὶ
989 3788 1381 3854 Μοντανιστάς,
1423 3790 1551 3852 τοὺς
1606 3787 1937 3859 λεγομένους

369 3884 612 3955 Φρύγας,
671 3883 769 3938 καὶ
795 3883 1153 3954 Μανιχαίους,
1205 3881 1300 3937 καὶ
1359 3880 1772 3946 Σαϐελλιανοὺς,
1809 3881 1935 3945 τοὺς

367 3974 739 4044 Υίοπατορίαν
784 3973 1166 4040 διδάσκοντας,
1227 3973 1324 4026 καὶ
1355 3971 1524 4043 ιτερά
1563 3987 1686 4027 τινα
1728 3968 1946 4042 χαλεπά

366 4067 679 4134 ποιοῦντας,
719 4066 815 4120 καὶ
850 4063 1031 4130 πάσας
1060 4064 1160 4130 τὰς
1189 4064 1450 4130 τοιαύτας
1480 4066 1748 4136 αἱρέσεις,
1779 4065 1949 4135 ἤγουν

368 4161 497 4222 τοὺς
536 4160 630 4212 ὑπ’
659 4158 840 4211 αὐτῶν
863 4155 1155 4220 ἐθέλοντας
1188 4155 1580 4226 προστίθεσθαι
1607 4158 1672 4228 τῇ
1700 4155 1948 4227 ἀληθείᾳ,

370 4250 446 4314 ὡς
486 4249 760 4322 Ἕλληνας
781 4247 1054 4320 δεχόμεθα
1087 4248 1180 4303 καὶ
1207 4245 1560 4320 βαπτίζομεν
1588 4246 1807 4312 αὐτούς.

453 4411 524 4480 (τ)
560 4409 634 4464 lla
663 4409 768 4480 legi
804 4424 990 4466 vocem
1018 4416 1377 4480 contractam.

449 4481 529 4554 (ιι)
565 4481 640 4536 οε
664 4479 869 4552 Spiritu
897 4499 970 4548 3.,
1007 4495 1127 4551 cap.
1157 4479 1245 4536 18.

1365 4655 1394 4672 -ν

2033 3329 2266 3394 libellos,
2326 3335 2383 3382 et
2435 3340 2586 3380 suam
2640 3322 2898 3378 haeresim
2955 3316 3420 3374 anathematizare
3475 3324 3601 3366 cum

2035 3419 2310 3483 Nestorio,
2327 3416 2589 3487 Eutyche,
2608 3415 2886 3476 Dioscoro,
2903 3410 3206 3478 eademque
3221 3403 3606 3467 sentientibus,

2038 3517 2092 3566 et
2138 3523 2259 3562 cum
2305 3505 2560 3561 omnibus
2597 3503 2774 3558 allatis
2823 3499 3149 3564 hzeresibus;
3199 3505 3362 3566 atque
3406 3499 3608 3548 sancta:

2039 3597 2438 3656 communionis
2469 3595 2584 3650 ﬁeri
2619 3593 2933 3665 participes.
2965 3587 3332 3644 Eunomianos
3362 3581 3607 3652 quidem,

2039 3693 2131 3764 qui
2159 3706 2257 3762 per
2285 3704 2448 3745 unam
2483 3687 2886 3743 immersionem
2916 3683 3242 3753 baptismum
3289 3675 3609 3747 suscipiunt,

2041 3792 2097 3840 ot
2151 3779 2510 3837 Montanistas
2551 3778 2790 3848 Phrygas
2825 3775 3020 3838 dictos,
3061 3781 3116 3825 et
3163 3767 3511 3827 Manichaeos,
3548 3776 3614 3818 ac

2043 3873 2418 3940 Sabellianos;
2453 3886 2576 3926 nam
2597 3870 2778 3926 Patris
2799 3879 2852 3923 et
2876 3867 3000 3922 d'ilii
3031 3877 3311 3936 personam
3334 3861 3612 3925 docentes,

2043 3975 2100 4022 et
2155 3965 2261 4020 alia
2306 3964 2552 4035 quaedam
2595 3961 2904 4033 perniciosa
2959 3957 3243 4022 facientes,
3279 3961 3613 4018 cunctasque

2047 4056 2358 4128 huiusmodi
2409 4056 2678 4120 haereses;
2718 4049 2968 4108 videlicet
2999 4063 3114 4115 eos,
3156 4045 3250 4115 qui
3288 4043 3356 4097 ab
3387 4039 3492 4095 illis
3519 4051 3620 4094 voc

2047 4150 2238 4205 luntse
2275 4148 2575 4218 adjungere
2604 4143 2844 4212 veritati,
2872 4139 3017 4199 velut
3035 4137 3264 4210 gentiles
3295 4131 3610 4226 recipimus,

2052 4243 2282 4313 illosque
2307 4240 2671 4311 baptizamus.

2134 4402 2204 4475 (e)
2237 4398 2550 4471 Euchologii
2579 4411 2638 4470 ρ.
2669 4395 2795 4459 884.
