4104 6290
301 387 315 396 ‘
334 391 546 402 M-

3155 405 3374 416 -..ιι-...-

289 391 3528 458 W.__-

3150 447 3194 455 -.η
3405 451 3417 457 -

1125 579 1798 691 MONITUM
1900 579 2691 698 EDITOBUM.

367 939 669 1003 llomilire
704 957 862 1018 quas
897 940 969 997 lt.
1001 940 1070 998 Ρ.
1105 940 1330 1001 Franc.
1382 940 1674 1011 Scorsus,
1710 938 2228 1010 Panormitanus,
2263 957 2434 1001 anno
2481 943 2632 1004 ίϐἵιῖι
2671 947 2925 1007 Parisiis
2956 950 3172 1013 Grmce
3223 961 3283 1014 ct
3311 956 3524 1017 Latini

287 1039 515 1109 edidit,
553 1038 618 1098 in
654 1035 1078 1098 nobilissimis
1135 1036 1464 1104 codicibus
1495 1034 1850 1113 Hispania),
1884 1035 2086 1098 Italiae
2115 1045 2176 1098 ct
2205 1036 2430 1099 Galliae
2466 1049 2717 1102 exstant
2765 1046 2887 1104 sub
2919 1048 3182 1109 nomine
3234 1045 3530 1130 Gregorii

287 1135 620 1206 Cerantei,
678 1132 1143 1210 archiepiscopi
1229 1131 1782 1194 'Lmromenitani.
1858 1132 2034 1193 Unde
2106 1141 2246 1195 nata
2312 1143 2408 1196 est
2466 1139 2767 1212 qu:estio,
2834 1139 3144 1203 hactenus
3217 1150 3526 1221 pendens,

289 1244 500 1290 utrum
538 1229 961 1307 Theophanes
993 1231 1336 1290 Ceramcus
1380 1228 1878 1306 distinguendus
1929 1227 2115 1289 sitan
2152 1247 2278 1291 non
2337 1248 2370 1291 a
2413 1231 2726 1309 Gregorio
2770 1236 3105 1312 Ceiatneo,
3146 1241 3246 1300 cui
3310 1246 3526 1304 eadem

282 1345 474 1403 opera
505 1327 907 1388 tribuuntur.
948 1326 1073 1386 Alii
1110 1326 1461 1402 opinantur
1499 1323 1952 1401 ThCOpbanem
1990 1329 2142 1386 olim
2182 1344 2413 1389 nomen
2448 1331 2739 1408 Gregorii
2766 1335 3072 1410 gessisse,
3105 1339 3275 1415 quod
3312 1350 3526 1419 postea

283 1425 379 1486 vel
425 1427 720 1495 mutavit,
757 1423 852 1486 vel
889 1423 1282 1502 dereliquit;
1316 1422 1425 1484 alii
1457 1424 1852 1484 contendunt
1878 1423 2261 1497 Gregorium
2288 1427 2665 1485 tlcrameutn
2697 1430 2970 1490 omnino
2999 1431 3526 1510 distinguendum

282 1536 423 1580 esse
452 1537 483 1581 δ
521 1519 940 1598 Theophane,
972 1537 1339 1599 quanquam
1385 1536 1595 1595 neque
1640 1518 1799 1582 hanc
1830 1517 2203 1595 opinionem
2241 1519 2373 1578 ullo
2408 1518 2686 1595 lmsitivo
2717 1534 3100 1601 argumento
3135 1530 3531 1590 conﬁrment.

282 1616 620 1688 Petavius,
655 1617 808 1678 dum
849 1633 957 1679 an.
994 1610 1148 1679 1616
1184 1616 1582 1681 Breviarium
1612 1615 1990 1676 historicum
2019 1615 2084 1674 S.
2121 1614 2460 1691 Nicephori
2500 1617 2874 1692 patriarchae
2910 1622 3028 1681 Ωιι.
3068 1623 3286 1685 Grmcc
3316 1634 3376 1686 et
3412 1628 3530 1686 La-

283 1713 419 1774 tine
459 1707 718 1780 Parisiis
757 1715 1013 1784 ederet,
1047 1714 1296 1788 cidem,
1330 1710 1710 1791 speciminis
1761 1711 1987 1788 gratia,
2025 1710 2273 1772 addidit
2301 1710 2633 1772 homiliam
2683 1714 2749 1773 in
2783 1715 3165 1776 lndictiom‘s
3209 1721 3338 1781 sive
3378 1724 3535 1782 anni

274 1810 700 1887 principium,
728 1811 930 1872 veluti
972 1828 1137 1887 Opus
1177 1801 1475 1889 Gregorii
1525 1816 1929 1886 cognomento
1981 1805 2230 1884 Figuii,
2287 1806 2810 1893 Tauromenitani
2843 1810 2909 1870 in
2942 1812 3170 1872 Sicilia
3207 1815 3529 1895 archiepi-

280 1907 491 1982 scopi,
527 1922 715 1983 quam
754 1905 1085 1968 homiliam
1123 1908 1188 1966 Ρ.
1226 1908 1490 1967 Scorsus
1532 1904 1727 1965 veluti
1775 1903 2044 1982 primam
2081 1918 2114 1964 a
2149 1902 2541 1981 Theophane
2588 1906 2889 1983 scriptam
2937 1910 3186 1971 cmlt‘l‘is
3230 1913 3533 1974 omnibus

281 2004 655 2081 praeposuit.
724 2004 922 2065 Porro
982 1989 1317 2075 Petavius,
1343 2003 1409 2063 in
1465 2003 1634 2062 notis
1694 2001 1768 2062 ad
1832 1998 2274 2077 S.Nicephori
2344 1999 2768 2074 Breviarium,
2823 2020 2962 2082 pag.
3028 2006 3136 2078 10,
3189 2015 3528 2086 postquam

278 2097 544 2159 dixisset
581 2101 831 2160 Graecos
872 2099 1266 2160 Indictiones
1300 2115 1446 2159 suas
1478 2097 1632 2158 olim
1673 2114 1706 2158 a
1742 2116 1900 2158 xxiv
1937 2095 2373 2172 Septembris,
2415 2105 2631 2173 postea
2671 2115 2819 2158 vero
2851 2116 2883 2159 a
2920 2101 3228 2161 Kalendis
3263 2121 3530 2165 exorsos

283 2210 447 2265 esse,
470 2194 645 2256 illico
665 2196 881 2256 subdit
913 2216 928 2258 :
970 2216 1000 2250 α
1039 2195 1221 2267 Quod
1255 2195 1600 2274 posterius,
1623 2201 1693 2254 ut
1719 2196 1882 2256 alios
1904 2193 2211 2263 omittam,
2237 2192 2586 2270 Gregorius
2610 2203 2920 2272 Reginus-‘1',
2949 2199 3529 2260 'l‘auromenitanus

282 2291 838 2370 archiepisropus,
881 2291 1117 2353 indicat
1167 2291 1233 2352 in
1267 2291 1536 2353 homilia
1577 2301 1679 2365 Εις
1729 2297 1842 2367 τήν
1871 2297 1903 2351 ἀ

1897 2297 2070 2367 ἱρχήν
2099 2298 2211 2365 τῆς
2260 2297 2580 2366 Ἰνδίκτου,
2613 2299 2747 2369 ἦτοι
2788 2302 2893 2356 τοῦ
2932 2303 3076 2357 νέου
3101 2305 3298 2370 ἔτους,
3342 2317 3518 2376 quam

285 2413 441 2464 nos,
485 2414 609 2457 una
647 2415 791 2458 cum
834 2398 980 2458 aliis
1016 2396 1310 2476 plurimis
1352 2397 1640 2475 ejusdem
1719 2394 2058 2472 scriptoris
2125 2395 2407 2454 nondum
2456 2397 2806 2474 «vulgatis,
2857 2400 3225 2476 accepimus
3279 2419 3310 2461 a
3348 2404 3419 2462 ιι.
3457 2403 3528 2464 Ρ.

280 2494 523 2554 Jacobo
552 2495 932 2568 Sirtnondo,
969 2494 1107 2554 viro
1161 2491 1573 2570 pet-erudito,
1611 2490 1761 2568 qui,
1799 2490 1948 2568 quia
2001 2490 2226 2553 crebro
2257 2509 2289 2550 a
2341 2491 2530 2552 nobis
2584 2509 2801 2555 earum
2859 2495 3212 2557 editionem
3263 2499 3529 2578 ﬂagitat,

281 2599 351 2649 ut
401 2589 462 2649 ei
503 2589 721 2667 aliqua
780 2608 856 2650 ex
914 2597 1087 2668 parte
1145 2587 1448 2659 satisliat,
1495 2588 1671 2648 velut
1723 2587 2058 2662 specimen
2109 2587 2459 2665 quoddam,
2499 2589 2930 2653 Indictionum
2969 2595 3330 2670 occasione,
3367 2613 3531 2675 prm-

285 2684 602 2746 misimus.
643 2709 670 2740 ι)
719 2687 1042 2746 Hactenus
1095 2685 1426 2755 Petavius,
1479 2683 1590 2762 qui
1631 2686 1711 2744 de
1743 2681 2125 2744 confusione
2167 2685 2508 2746 nominum
2559 2685 2854 2765 Gregorii
2907 2696 2970 2751 et
3002 2690 3413 2770 Tchphanis
3450 2710 3532 2756 ne

279 2782 598 2857 cogitasse
628 2785 896 2863 quidem
929 2782 1208 2842 videtur.

363 2879 585 2941 Pirrus
622 2881 686 2940 in
738 2879 964 2940 Sicilia
994 2879 1191 2940 Sacra
1226 2879 1394 2958 (pag.
1433 2877 1547 2940 490
1577 2879 1680 2940 ed.
1736 2877 2091 2938 Panormit.
2115 2893 2221 2939 an.
2259 2878 2437 2954 1733)
2474 2879 2860 2959 Gregorium
2902 2899 2938 2944 a
2975 2883 3365 2961 Theophane
3400 2886 3532 2947 dis-

283 2973 525 3054 tinguit
559 2976 627 3036 in
670 2974 968 3053 Catalogo
1001 2975 1448 3052 episcoporum
1491 2973 1795 3034 Ecclesiae
1825 2973 2406 3044 Tauromenitanae,
2438 2985 2499 3035 at
2551 2977 2758 3038 neutri
2792 2987 3027 3040 certam
3057 2987 3306 3042 nitatem
3338 2984 3532 3044 ascri-

283 3071 435 3134 bere
466 3071 676 3133 audet.
697 3070 1110 3148 DeGregorio
1139 3071 1225 3132 ita
1253 3071 1477 3133 scribit
1514 3093 1529 3132 :
1556 3094 1583 3126 α
1608 3069 1959 3146 Gregorius
1991 3071 2322 3132 Ccrameus
2353 3071 2891 3152 archiepiscopus.
2925 3074 3152 3137 Plures
3188 3075 3244 3137 is
3272 3077 3529 3155 scripsit

283 3172 582 3235 honiilias
614 3173 677 3233 in
710 3172 1050 3250 Evangelia
1073 3216 1090 3247 ,
1122 3189 1194 3233 ac
1244 3173 1324 3235 de
1369 3172 1514 3232 aliis
1560 3170 1979 3250 argumentis,
2013 3188 2046 3231 e
2080 3187 2345 3248 quarum
2382 3189 2646 3233 numero
2680 3173 2897 3235 multa;
2943 3173 3387 3252 manuscriptae
3432 3176 3532 3237 le-

284 3279 545 3350 guntur.
585 3292 613 3324 ι)
657 3268 898 3329 Deinde
933 3287 1010 3328 ex
1057 3268 1312 3330 Fazello
1360 3274 1534 3328 notat
1584 3268 2111 3339 Tauromenium,
2148 3274 2290 3345 post
2321 3267 2572 3346 longam
2609 3268 3043 3341 obsidionem,
3077 3288 3178 3331 an.
3210 3273 3362 3352 878,
3393 3273 3532 3335 fere

287 3377 671 3443 postremam
706 3367 872 3427 inter
907 3365 1153 3427 Siculas
1184 3363 1500 3436 civitates,
1532 3365 1608 3424 ab
1641 3364 1951 3439 Agarenis
1993 3365 2247 3424 tandem
2305 3373 2676 3443 occupatam
2729 3363 2970 3436 fuisse;
3012 3373 3074 3427 et
3116 3383 3188 3428 ex
3236 3367 3535 3445 Caietano

283 3461 684 3537 (Sanctorum
720 3459 1083 3521 Siculorum
1134 3461 1172 3520 l.
1212 3461 1301 3530 Il,
1344 3479 1402 3538 p.
1456 3458 1582 3538 61).
1621 3461 1682 3518 S.
1719 3459 2101 3539 Procopium
2135 3462 2738 3524 Tauromenitanam
2773 3462 3122 3526 Ecclesiam
3153 3467 3394 3527 rexisse
3424 3485 3527 3528 an.

285 3559 436 3630 903,
489 3574 634 3617 cum
690 3557 984 3619 Saraceni
1048 3556 1558 3617 Tauromenium
1613 3566 2099 3632 expugnarent,
2133 3565 2194 3619 et
2242 3558 2309 3618 in
2356 3557 2723 3636 direptione
2765 3559 2981 3631 urbis,
3024 3578 3146 3622 una
3197 3579 3341 3623 cum
3377 3564 3524 3623 aliis

287 3654 576 3725 civibus,
626 3653 932 3731 martyrio
964 3653 1164 3714 fuisse
1209 3659 1608 3712 coronatum.
1654 3651 1906 3723 Quibus
1949 3652 2258 3714 enarratis
2309 3654 2570 3715 subdit:
2608 3679 2634 3708 ι
2669 3656 2980 3717 Cmterutn
3027 3664 3164 3733 post
3208 3670 3466 3719 exactos
3498 3678 3530 3718 ει

288 3751 506 3811 Sicilia
540 3754 924 3823 Saracenos,
970 3747 1799 3838 nullam.Tauromenitani
1855 3747 2132 3826 alicujus
2190 3748 2478 3828 episcopi
2539 3751 2937 3813 mentionem
2996 3753 3229 3814 alicubi
3272 3756 3478 3832 reperi
3508 3775 3537 3825 ;~

289 3847 579 3926 oportuit
615 3845 814 3923 igitur
847 3862 995 3906 eum
1027 3846 1440 3922 praesulatum
1477 3845 1643 3905 inter
1681 3845 2100 3905 Barbarorum
2156 3848 2469 3906 tumultus
2504 3846 2925 3918 exstinctum,
2956 3857 3147 3926 atque
3183 3849 3527 3911 l‘lcclesiatn

288 3944 463 4004 illam
502 3943 580 4004 ab
614 3958 780 4004 anno
814 3942 1004 4013 108'2,
1043 3957 1175 4014 quo
1207 3939 1582 4018 episcopum
1611 3958 1649 4016 _a
1685 3938 2150 4001 Northmannis
2179 3939 2434 4002 Troinai
2461 3939 2674 4002 datum
2711 3940 3005 4002 dicemus
3030 3986 3047 4014 ,
3081 3943 3144 4003 in
3177 3953 3324 4006 nota
3354 3946 3394 4007 8
3422 3944 3528 4006 in-

289 4041 417 4110 fra,
451 4038 830 4111 Troi..ensi,
863 4043 1003 4113 post
1034 4037 1434 4098 Mossancnsi
1481 4035 1780 4097 Ecclesiae
1812 4036 2159 4114 subjectum
2221 4036 2316 4096 vel
2370 4037 2614 4098 unitum
2661 4039 2737 4098 ad
2801 4039 2934 4099 hch
2992 4055 3200 4118 usque
3244 4047 3530 4118 tempora

291 4135 523 4196 fuisse.
561 4158 591 4191 ιο
625 4135 712 4195 Ita
744 4132 990 4194 Pirrus.

377 4232 429 4290 Α
460 4245 590 4308 quo
625 4244 889 4305 prorsus
921 4225 1315 4288 dissentiunt
1345 4226 1463 4286 viri
1500 4225 1735 4286 eruditi
1773 4227 1887 4303 qui
1915 4231 2312 4290 contendunt
2359 4245 2551 4291 unam
2592 4232 2937 4293 alteramve
2990 4231 3353 4307 bomiliam,
3386 4250 3531 4314 qua-

289 4329 414 4388 sub
451 4326 707 4387 nomine
739 4323 1148 4401 TheOphanis
1179 4324 1698 4385 Tauromenitani
1747 4325 1937 4386 edita)
1979 4333 2162 4394 sunt,
2206 4327 2526 4386 recitatum
2561 4325 2759 4386 fuisse
2808 4343 3020 4388 coram
3055 4327 3327 4404 Roget-io
3367 4330 3528 4386 Nor-

291 4437 670 4483 mannorum
732 4421 927 4492 duce,
983 4420 1058 4481 ad
1116 4419 1304 4480 tinem
1369 4429 1668 4497 vergente
1729 4423 1965 4482 smculo
2027 4439 2114 4494 Il,
2176 4420 2270 4481 vel
2327 4419 2518 4481 initio
2565 4422 2779 4482 smculi
2843 4441 2961 4483 xu.
3014 4424 3301 4500 Profecto
3367 4427 3530 4486 ritus

286 4522 590 4590 Graecus,
631 4517 863 4596 fugatis
902 4517 1274 4590 Saracenis,
1310 4535 1435 4578 non
1473 4518 1660 4594 plane
1702 4519 2058 4580 exstinctus
2105 4526 2275 4589 erat,
2312 4519 2421 4578 sed
2474 4529 2686 4594 postea
2742 4519 2931 4578 etiam
2984 4519 3049 4579 in
3093 4538 3210 4580 usu
3268 4520 3426 4591 fuit,
3461 4531 3530 4582 ut

283 4620 457 4679 dOct.
494 4616 735 4676 Rodota
775 4615 1014 4675 notavit
1045 4615 1112 4674 in
1147 4613 1591 4675 eruditissimo
1622 4630 1819 4692 opere
1851 4616 2020 4694 quod
2067 4614 2397 4693 inscripsit
2427 4637 2441 4674 :
2476 4613 2588 4674 Del
2617 4615 2742 4674 rita
2773 4613 2970 4675 Greco
3007 4617 3073 4673 in
3108 4615 3318 4676 Italia.
3353 4617 3526 4678 Fieri

284 4730 448 4792 ergo
482 4712 690 4790 potuit
723 4720 792 4774 ut
822 4710 1108 4772 bootiiim
1135 4710 1263 4771 illai-
1307 4711 1491 4771 etiam
1525 4729 1601 4772 ex
1636 4723 1810 4790 parte
1862 4711 2100 4773 saeculo
2134 4727 2219 4770 xu
2263 4709 2518 4784 scripta:
2561 4718 2620 4769 et
2666 4711 2853 4770 editae
2891 4710 3167 4780 fuerint;
3204 4729 3322 4775 nec
3354 4730 3533 4792 pror-

283 4827 404 4873 sus
437 4818 682 4871 certum
723 4816 820 4868 est
863 4822 968 4868 eas
1012 4822 1275 4882 omnes,
1322 4815 1503 4867 mtate
1558 4806 1776 4868 Basilii
1827 4806 2233 4878 Macedonis,
2282 4815 2428 4865 ante
2474 4807 2659 4865 tinem
2715 4806 2933 4867 saeculi
2982 4824 3045 4879 ι,
3084 4816 3146 4867 et
3191 4818 3336 4869 autc
3381 4811 3532 4870 sub-

279 4914 491 4968 actam
530 4921 562 4966 a
597 4903 925 4964 Saracenis
959 4903 1281 4974 Siciliam,
1317 4902 1704 4980 compositas
1737 4902 1966 4966 fuisse.

379 4999 1064 5077 Obscuratsﬂuaestioni
1099 5000 1340 5060 nullam
1372 4999 1579 5061 lucem
1611 5000 1821 5060 attulit
1852 5001 1978 5064 Leo
2009 4999 2282 5061 Allatius
2313 4999 2423 5077 qui
2446 5043 2462 5070 ,
2503 5007 2572 5060 ut
2604 5007 2792 5076 puto,
2823 4999 2902 5058 de
2930 5001 3246 5077 Gregorio
3307 5011 3523 5064 nostro

279 5099 628 5176 Georgium
661 5097 934 5162 faciens,
972 5095 1037 5156 in
1076 5112 1190 5157 sua
1222 5095 1697 5174 Disquisitione
1744 5099 1822 5158 de.
1855 5095 2154 5175 Georgiis
2186 5095 2274 5156 ita
2323 5095 2621 5157 disserit:
2658 5118 2687 5151 α
2724 5094 2980 5172 Georgii
3019 5096 3303 5158 Geramei
3357 5099 3527 5158 lam-

280 5195 434 5260 hica
470 5197 531 5254 in
563 5194 792 5254 librum
827 5194 1167 5270 Symeonis
1199 5192 1374 5253 Sethi
1408 5192 1481 5253 de
1504 5192 1867 5270 Slcpltunilc
1898 5201 1952 5251 et
1979 5190 2291 5252 lchnilala
2321 5191 2666 5253 laudantur
2704 5192 2768 5252 in
2798 5192 3236 5271 manuscripto
3273 5194 3525 5257 Graeco:

276 5291 523 5361 Συμεὼν
550 5291 871 5360 Μαγίστρου
897 5289 1152 5360 διήγησις
1175 5288 1417 5358 puniti)
1449 5288 1558 5342 τῶν
1589 5292 1733 5342 κατὰ
1763 5291 2104 5359 Στεφανῑτην
2134 5289 2231 5342 καὶ
2263 5287 2582 5357 Ἰκνηλάτην
2626 5287 3013 5357 μετενεχθεῖσρι
3061 5291 3131 5360 ἔῃ
3159 5290 3255 5358 τῆς
3281 5291 3532 5362 Ἀράϐων

274 5394 578 5453 διαλέκτου
612 5397 668 5448 ἐν
698 5393 881 5460 λόγοις
907 5391 980 5459 η’.
1011 5391 1289 5461 Γεωργίου
1329 5392 1635 5464 Καραμὲου
1661 5391 1908 5462 ’ἰαμϐεῖα
1940 5391 2035 5445 ἐπὶ
2054 5394 2120 5460 τῇ
2148 5389 2531 5462 προρῤηθεεσῃ
2565 5389 2751 5460 βίϐλῳ.
2789 5382 2855 5441 ιιι
2873 5387 2981 5442 est
3008 5404 3022 5443 :
3049 5382 3368 5460 Symeanis
3395 5385 3534 5445 Ma-

269 5486 484 5570 gistri
509 5482 806 5543 narratio
831 5498 1066 5540 arcana
1097 5481 1168 5541 de
1197 5479 1567 5559 Stephanite
1599 5492 1653 5542 et
1687 5479 2000 5542 lchnilata
2037 5497 2114 5539 ex
2143 5478 2421 5540 Arabum
2451 5475 2667 5556 lingua
2703 5495 3038 5546 conversa,
3073 5478 3254 5540 libris
3285 5489 3531 5542 ουτω-

273 5593 552 5672 Georgii
583 5589 859 5652 Ccramei
890 5587 1188 5648 Carmina
1233 5584 1500 5648 iambica
1541 5587 1610 5649 in
1630 5587 2003 5666 pradictum
2048 5585 2299 5648 librum.
2325 5584 2468 5664 (Ap.
2500 5585 2750 5647 Fabric.
2781 5583 2946 5644 Bibl.
2983 5585 3200 5646 Grata
3227 5589 3328 5650 ed.
3369 5590 3531 5650 Har-

275 5695 413 5754 tes.
449 5702 489 5748 t.
529 5689 682 5754 xu.
721 5706 778 5764 ι).
813 5685 936 5764 ω.)

535 5794 799 5854 l‘A'rnoc.
828 5792 942 5848 Gn.
983 5787 1293 5884 CXXXII.
3150 5779 3176 5843 ι
