4104 6290
422 324 489 387 i9
1613 328 1929 390 ΝΟΤΙΤΙΑ
1971 331 2043 390 E1

2061 332 2075 390 ἱ
2111 333 2491 398 FABRICIO.
3610 336 3682 398 20

487 443 579 500 6‘2.
618 443 711 506 Εἰς
755 444 847 497 τὸν
905 446 1202 515 γενόμενον
1254 443 1489 516 αὐχμόν.
1549 445 1625 500 De
1669 449 1911 501 siccitate
1946 465 2066 516 qua

2061 468 2066 497 θ
2115 468 2178 507 eo
2233 465 2465 523 tempore
2515 456 2755 525 conligit.
2803 454 3019 526 Incipit,
3042 456 3146 518 Τίς
3174 452 3337 508 δώσει
3373 456 3439 525 τῇ
3468 453 3682 523 κεφαλῇ

417 550 519 600 μου
553 531 720 603 ὕδωρ.
755 532 885 602 Ρλᾳ.
921 533 1049 587 421.

489 620 597 695 llas
628 622 981 691 Theophanis
1012 623 1269 678 bomilias
1297 638 1364 679 ex
1398 622 1687 679 codicibus
1714 624 2125 688 Panormitano.
2158 628 2443 695 Vaticano,
2479 629 2848 686 liscnrialensi
2879 641 2933 684 et
2952 629 3353 683 Parisiensibus
3385 630 3684 683 recensitas

415 713 746 767 lt‘raurisrus
778 710 1037 773 Sent-sus,
1066 712 1125 766 S.
1143 711 1221 775 J.,
1253 729 1374 767 cum
1407 713 1647 783 eleganti
1677 715 1927 769 versione
1949 726 2003 771 et
2026 715 2260 772 eruditis
2288 726 2455 788 atque
2481 718 2716 786 copiosis
2740 719 2806 772 ad
2828 719 3034 773 calcem
3056 717 3351 773 voluminis
3375 716 3684 785 subiunctis

410 804 563 855 bulis
593 803 810 872 primus
844 802 1044 865 edidit,
1083 800 1311 856 Lutetia
1350 800 1528 856 Paris.
1577 801 1713 858 1641
1734 843 1748 865 ,
1780 803 1875 858 l'ol.
1913 804 2127 860 Eaedem
2160 815 2381 862 exstant
2414 810 2468 861 in
2500 807 2691 863 codice
2720 804 3064 862 Coisliniano
3090 848 3105 871 ,
3144 806 3213 861 de
3263 822 3374 875 quo
3408 803 3684 858 Mouliau-

410 890 627 955 cultius,
662 906 717 961 p.
744 891 871 947 591.
908 890 1158 945 llomiliae
1198 906 1283 944 ut
1317 891 1369 944 in
1399 892 1592 947 codice
1613 891 1895 957 Caesareo,
1924 892 1993 947 de
2026 908 2137 961 quo
2166 892 2497 951 Lambecius
2526 912 2599 958 tv.
2652 910 2707 966 p.
2743 896 2809 951 l7
2851 895 2946 962 (ο).
2985 895 3224 950 lneditas
3266 894 3446 947 adhuc
3498 893 3684 960 plures

411 978 656 1042 cjttsdem
679 978 976 1048 scriptoris
1009 978 1063 1031 in
1093 977 1441 1034 bibliothecis
1471 980 1641 1035 latere
1673 996 1782 1036 non
1813 989 1899 1036 est
1934 982 2183 1049 dubium,
2217 999 2339 1039 cum
2372 984 2606 1040 Allatius
2627 1024 2641 1049 ,
2680 1000 2734 1055 p.
2760 985 2866 1039 H5
2896 983 3154 1038 Diatribe
3196 985 3261 1037 de
3283 981 3554 1049 Georgiis,
3599 991 3683 1034 te-

410 1077 610 1130 stetur.
643 1082 702 1122 se
731 1068 784 1121 in
811 1066 951 1122 Chio
979 1068 1160 1122 insula
1187 1067 1387 1138 legisse
1435 1068 1692 1125 homilias
1718 1071 1858 1140 ejus,
1894 1070 2096 1127 Scorso
2123 1071 2270 1126 haud
2300 1073 2468 1136 visas,
2504 1074 2767 1143 quinque,
2814 1086 3049 1143 quorum
3074 1069 3267 1126 titulos
3300 1079 3352 1124 ct
3389 1069 3544 1123 initia
3580 1069 3681 1130 ibi.

407 1156 453 1208 si
484 1156 685 1224 placet.
720 1156 861 1211 vide.
898 1155 1070 1211 Pan.

479 1243 639 1313 Atqui
674 1243 727 1296 in
763 1245 1006 1311 pluribus
1047 1246 1392 1301 bibliothecis
1433 1259 1653 1303 exstare
1693 1248 2043 1319 TheOphanis
2073 1250 2325 1305 homilias
2358 1265 2488 1307 mss.
2518 1255 2575 1305 in
2604 1254 2693 1308 bis
2719 1254 2982 1316 lneditas,
3016 1250 3179 1305 hodie
3222 1254 3459 1303 constat.
3496 1246 3684 1301 Enim-

406 1347 538 1385 sero
593 1335 645 1389 in
698 1334 887 1403 paucis
929 1334 1073 1389 idem
1123 1335 1260 1390 ordo
1294 1346 1570 1401 sonatur,
1618 1339 1695 1391 uti
1730 1340 1999 1393 interdum
2035 1355 2064 1392 a
2098 1340 2466 1413 catalogorum
2498 1342 2925 1407 coniectoribus,
2977 1342 3045 1394 ad
3090 1354 3227 1410 quos
3264 1339 3497 1391 lectores
3528 1336 3678 1391 able-

408 1424 642 1490 gandum
680 1424 814 1479 mihi
848 1434 955 1489 est,
979 1423 1410 1481 demonstratum
1436 1442 1581 1491 esse,
1628 1431 1813 1495 paucis
1842 1429 2092 1483 monebo.
2138 1428 2216 1483 En
2247 1430 2495 1485 codicum
2531 1430 2795 1500 ejusmodi
2829 1430 3098 1485 notitiam.

480 1510 725 1568 Venetiis
758 1513 811 1566 in
841 1515 999 1569 codd.
1056 1512 1302 1569 Nauiano
1333 1515 1424 1581 66,
1475 1516 1663 1571 bomil.
1716 1517 1787 1571 55
1841 1518 1956 1583 (sed
2011 1516 2134 1571 dute
2166 1517 2353 1585 prima:
2383 1519 2811 1588 desiderantur),
2856 1530 2909 1573 et
2942 1520 3033 1584 89,
3066 1518 3257 1575 bomil.
3295 1518 3385 1582 41,
3442 1530 3675 1588 quarum

404 1600 603 1655 seriem
628 1611 683 1654 et
708 1598 1069 1657 dilferentiatn
1095 1606 1165 1656 ab
1198 1601 1358 1657 editis
1378 1603 1538 1658 docet
1559 1614 1754 1657 auctor
1779 1613 1890 1661 cat.
1920 1605 2079 1659 codd.
2105 1603 2200 1660 Gr.
2232 1605 2369 1661 Nan.
2399 1624 2449 1677 p.
2486 1608 2585 1663 li8
2618 1624 2740 1678 sqq.
2773 1620 2825 1663 et
2860 1610 2962 1664 170
2998 1624 3119 1679 sqq.

476 1682 701 1742 Taurini
732 1689 785 1742 in
816 1688 936 1743 cod.
975 1690 1123 1759 regio
1150 1688 1279 1755 212,
1312 1690 1406 1745 fol.
1436 1690 1663 1757 37-256,
1693 1692 1955 1755 homiliaz.
1997 1700 2054 1746 at
2083 1693 2277 1748 ordine
2302 1694 2370 1749 ab
2403 1695 2563 1750 editis
2598 1710 2819 1764 prorsus
2865 1696 3115 1760 diverso;
3151 1695 3202 1749 in
3227 1695 3527 1764 eodemque
3550 1693 3675 1747 cod.

406 1775 497 1831 l'ol.
532 1776 555 1829 1
591 1791 711 1845 sqq.
744 1777 992 1846 leguntur
1046 1777 1147 1833 sub
1172 1778 1353 1842 titulo,
1399 1779 1493 1831 Ἐκ
1519 1780 1629 1831 τῶν
1659 1779 2027 1850 ζητημάτωνῖ

2055 1781 2110 1833 αὶ
2161 1782 2467 1835 insidiosum
2515 1783 2824 1851 Θεοφάνους
2874 1784 3180 1853 Κεραμέως
3227 1786 3321 1838 καὶ
3382 1782 3676 1837 Ἰουστίνου

404 1868 720 1936 φιλοσόφου.
762 1866 846 1923 Ex
874 1868 1255 1937 quastionibus
1291 1879 1339 1924 et
1359 1870 1713 1925 solutionibus
1739 1870 2069 1941 Theophanis
2092 1873 2331 1927 Ceramei
2367 1882 2417 1926 et
2450 1870 2653 1925 Justiui
2682 1873 2999 1940 philosophi.
3037 1874 3316 1941 sexaginta
3342 1870 3502 1939 ferme
3528 1886 3675 1939 qum-

412 1961 610 2013 stioncs
646 1959 784 2012 varii
825 1960 1128 2031 argumenti
1160 1960 1214 2014 lu
1246 1976 1459 2015 sacram
1492 1961 1865 2032 Scripturam,
1896 1965 1963 2016 de
1992 1962 2186 2031 quibus
2208 1962 2468 2031 quoniam
2503 1961 2645 2013 nulla
2678 1959 2819 2013 facta
2861 1972 2943 2013 est
2975 1942 3179 2013 mentio
3211 1970 3306 2013 aut
3342 1958 3411 2012 ab
3436 1956 3672 2014 Outlino.

412 2056 508 2101 aut
532 2062 559 2099 a
592 2047 868 2111 Fabricio,
916 2056 1011 2101 aut
1042 2048 1112 2102 ab
1152 2048 1275 2103 aliis
1305 2052 1397 2117 qui
1435 2050 1503 2103 de
1532 2049 1868 2119 Theophane
1908 2048 2211 2114 disserunt,
2244 2050 2528 2104 confector
2557 2049 2721 2101 eatal.
2769 2049 2931 2103 codd.
2978 2047 3077 2103 Gr.
3131 2047 3383 2113 Taurin.,
3436 2064 3490 2114 p.
3544 2047 3674 2108 511.

403 2137 723 2203 speciminis
754 2136 874 2191 loco
902 2137 1135 2206 primam
1159 2137 1510 2208 Theophanis
1532 2140 1890 2209 qtimstionem
1912 2137 2010 2193 lir.
2036 2154 2159 2192 cum
2184 2140 2437 2193 versione
2466 2136 2585 2191 Lat.
2617 2138 2669 2190 in
2698 2137 2869 2191 lucem
2906 2137 3150 2207 protulit.
3181 2166 3251 2176 —
3283 2135 3418 2190 Ibid.
3454 2136 3508 2189 in
3542 2137 3669 2189 coal.

400 2223 529 2286 3l9.
566 2221 660 2280 fol.
696 2223 765 2280 10
816 2240 936 2294 sqq.
973 2222 1226 2296 Theopb.
1262 2226 1520 2291 bomilitc,
1558 2228 1761 2281 easdem
1798 2240 1919 2296 qua:
1946 2226 2108 2282 editae
2137 2235 2284 2281 sunt.
2330 2226 2398 2281 γ.
2432 2235 2539 2279 cat.
2578 2227 2670 2280 cit.
2710 2241 2765 2293 p.
2815 2225 2943 2281 398.
2987 2255 3059 2266 —
3110 2224 3243 2280 Ibid.
3298 2226 3351 2279 in
3386 2225 3507 2279 eod.
3540 2222 3668 2286 520.

399 2310 498 2367 fol.
526 2312 582 2379 4,
616 2311 844 2369 Joannis
876 2312 993 2382 (sic)
1044 2312 1293 2370 Ceramei
1346 2314 1568 2369 bomilia
1602 2316 1657 2368 in
1716 2315 2039 2385 principium
2072 2314 2405 2378 indietionis.
2443 2323 2499 2367 et
2533 2312 2627 2368 lol.
2678 2312 2783 2369 185
2810 2327 2937 2382 sqq.
2984 2312 3214 2368 Joannis
3260 2311 3383 2382 (sic)
3420 2306 3670 2366 Ceramei

405 2404 527 2459 aliae
576 2405 813 2459 homiliae
849 2407 1304 2475 quattuordecim;
1354 2407 1606 2462 ordinem
1665 2406 1736 2462 ab
1773 2406 1935 2463 editis
1989 2406 2267 2464 diversum
2318 2407 2688 2476 comparando
2732 2406 2976 2462 ostendit
3028 2416 3220 2463 auctor
3268 2416 3379 2461 eat.
3438 2407 3556 2470 εἰν..
3613 2421 3671 2475 p.

401 2491 510 2548 399
541 2507 625 2561 sq.

481 2581 661 2636 Paris.
699 2586 751 2635 in
792 2582 922 2635 bibl.
956 2581 1104 2647 pubi.
1130 2582 1289 2637 codd.
1321 2582 1508 2637 decem
1535 2592 1660 2638 sunt
1693 2584 1966 2640 interdum
2018 2584 2268 2655 singular,
2324 2575 2571 2639 nter-ium
2604 2586 2786 2650 plures
2809 2585 3066 2653 homilite,
3091 2601 3139 2642 e.
3173 2602 3254 2656 gr.
3283 2588 3333 2641 in
3358 2587 3478 2643 cod.
3510 2582 3670 2649 H83,

403 2668 656 2739 leguntur
688 2670 758 2726 15
795 2669 1064 2734 homilire;
1119 2668 1174 2723 in
1207 2670 1328 2725 cod.
1360 2670 1501 2725 1181
1531 2681 1660 2726 sunt
1683 2673 1753 2727 54
1782 2674 2021 2729 humilia:

2049 2692 2056 2740 ;
2098 2674 2154 2727 in
2188 2674 2311 2728 cod.
2346 2672 2485 2729 l206
2519 2674 2589 2727 ’51
2640 2674 2856 2741 homil.,
2887 2675 2941 2729 in
2988 2675 3110 2731 cod.
3146 2674 3282 2730 1207
3320 2676 3421 2731 sub
3450 2674 3670 2727 nomine

401 2762 647 2835 Gregorii
673 2763 914 2819 Ceramei
947 2762 1015 2817 t0
1041 2764 1297 2819 homiliae.
1332 2762 1398 2819 V.
1433 2764 1601 2819 indie.
1638 2765 1705 2819 ad
1734 2775 1842 2821 eat.
1876 2780 2008 2823 mss.
2044 2781 2195 2839 regg.
2228 2767 2436 2831 Paris.,
2470 2767 2579 2822 vol.
2610 2766 2671 2821 ll.
2727 2797 2799 2808 —-
2851 2767 2907 2822 in
2934 2768 3060 2823 cod.
3091 2768 3320 2823 Coislin.
3374 2766 3508 2821 bibl.
3560 2763 3663 2818 20!

400 2852 517 2907 loca
548 2868 614 2907 ex
643 2850 978 2922 Theophane
1009 2852 1062 2905 in
1099 2852 1306 2906 Nicette
1340 2852 1659 2908 collectione
1692 2852 2198 2923 interpretationum
2225 2866 2331 2908 etc‘.
2360 2866 2498 2909 teste
2529 2853 2897 2910 Montiaucon.
2930 2855 2981 2908 in
3008 2853 3151 2909 Bibl.
3188 2854 3408 2909 Coislin.
3457 2868 3512 2919 p.
3536 2852 3669 2909 25L

400 2971 469 2982 --
502 2940 564 2995 Et
595 2941 668 2993 ib.
698 2956 823 3010 pag.
852 2940 978 2999 39!.
1017 2940 1205 2995 eodem
1236 2950 1395 3006 teste,
1444 2943 1497 2995 in
1525 2941 1642 2996 eod.
1686 2942 1794 2997 277
1820 2942 2075 3013 leguntur
2120 2940 2190 2996 62
2236 2942 2469 2997 humilia:
2522 2943 2732 3005 eodem.
2784 2957 2892 3014 quo
2935 2943 3093 2999 editae
3123 2952 3274 3009 sunt,
3322 2957 3570 2999 numero.
3598 2971 3673 2983 --

402 3029 709 3082 Secundum
738 3027 1107 3094 Moullaulcon.
1137 3029 1187 3081 in
1222 3027 1364 3083 Bibl.
1393 3028 1762 3084 bibliothecar.
1796 3046 1927 3088 mss.
1963 3030 2004 3096 Ι,
2030 3046 2155 3101 pag.
2189 3032 2281 3094 53,
2321 3031 2505 3085 Roma:
2530 3032 2582 3085 in
2615 3029 2879 3086 Vaticano
2911 3034 3031 3087 cod.
3062 3049 3118 3089 n.
3151 3032 3256 3088 901
3285 3032 3418 3087 bibl.
3470 3031 3670 3104 regian

402 3116 616 3171 Sueciaz
646 3116 893 3185 quadam
926 3116 1200 3171 Ceramei.
1229 3146 1299 3155 -—
1325 3114 1387 3169 Ρ.
1418 3116 1545 3170 251.
1583 3116 1645 3171 Β.
1683 3116 1905 3184 Neapoli
1944 3119 2181 3174 homilizc
2208 3119 2261 3173 in
2297 3117 2506 3175 duobus
2541 3118 2698 3174 codd.
2736 3120 2864 3175 bibl.
2899 3119 2959 3175 S.
2986 3119 3216 3177 Joannis
3236 3122 3300 3175 de
3326 3120 3663 3181 Carbonem.

399 3214 510 3261 etc.
547 3236 620 3248 —
655 3206 715 3260 Ρ.
749 3206 1127 3260 485.Vcnetiis
1162 3206 1213 3258 in
1243 3205 1377 3259 bibl.
1421 3204 1741 3269 Jusﬁniani,
1773 3207 1825 3260 in
1858 3208 2068 3263 duobus
2094 3210 2255 3263 codd.
2316 3238 2384 3251 --
2416 3206 2474 3261 P.
2514 3209 2643 3272 505,
2680 3207 2966 3263 Mediolani
2998 3210 3050 3263 in
3080 3209 3293 3265 duobus
3336 3209 3495 3264 codd.
3532 3207 3666 3265 bibl.

399 3294 813 3360 Ambrosianum;
847 3324 916 3335 --
949 3306 1081 3348 tom.
1116 3294 1181 3363 Il,
1215 3311 1265 3362 p.
1302 3293 1463 3361 1198,
1494 3294 1847 3364 Theophanis
1877 3294 2005 3351 Cvr.
2039 3310 2201 3365 opera
2238 3294 2405 3351 multa
2450 3296 2502 3349 in
2533 3295 2665 3352 bibl.
2697 3294 2842 3351 Gnil.
2878 3295 3182 3364 Pelliserii;
3218 3328 3290 3338 --
3338 3311 3391 3362 p.
3442 3294 3579 3349 l5“
3615 3294 3668 3347 in

404 3384 527 3439 cod.
561 3382 631 3438 6-1
671 3384 801 3438 bibl.
845 3382 1137 3448 ilazarin.,
1165 3382 1416 3454 Gregorii
1446 3382 1694 3440 Ceramei
1734 3384 1995 3450 homilize,
2050 3396 2183 3447 etc..
2222 3383 2311 3439 ubi
2372 3383 2609 3438 notanda
2668 3393 2752 3439 est
2784 3382 3177 3440 Montlauconil
3235 3383 3663 3445 animadversio,

400 3474 556 3535 dum,
597 3473 855 3533 «Auctor.
884 3473 1081 3542 inquit.
1114 3471 1272 3540 plane
1306 3470 1445 3526 alius
1474 3485 1505 3525 a
1526 3468 1859 3539 Theophane
1887 3472 2171 3534 Cerameu,
2211 3469 2343 3525 nihil
2375 3471 2659 3525 amborum
2699 3471 2937 3527 homiliis
2967 3486 3275 3527 commune.
3309 3470 3427 3540 ipse
3456 3478 3541 3523 est
3575 3467 3668 3536 qui

404 3560 461 3613 in
490 3560 776 3629 Augustini
818 3558 1252 3614 Tarraconensis
1278 3559 1413 3624 :ede,
1448 3566 1503 3613 et
1537 3558 1590 3612 in
1618 3559 1763 3627 regia
1793 3558 2021 3613 Scoriali
2050 3567 2268 3613 exstare
2316 3566 2536 3612 notatur
2589 3559 2655 3612 ab
2703 3558 2926 3624 Allatio,
2966 3559 3230 3627 incipiens
3274 3573 3303 3612 a
3356 3558 3667 3628 publicano,

402 3663 567 3718 quem
622 3660 800 3703 tamen
844 3649 889 3704 is
940 3648 1080 3702 male
1108 3647 1394 3702 confundit
1445 3662 1568 3703 cum
1603 3645 1917 3713 Theophane
1963 3647 2252 3712 Cerameo,
2288 3660 2536 3701 errorem
2569 3655 2788 3701 secutus
2825 3646 3107 3702 Francisei
3141 3646 3352 3703 Scorsi.
3386 3646 3525 3701 Sunt
3562 3645 3667 3699 ho-

405 3734 569 3793 miiiz
600 3752 790 3793 omnes
818 3737 908 3791 54.
939 3736 1033 3792 Est
1064 3739 1237 3806 prima
1289 3735 1569 3790 Dominiea
1602 3733 1876 3805 publicani
1929 3745 1981 3788 et
2019 3734 2303 3800 Pharisaei,
2337 3733 2529 3788 ultima
2584 3735 2866 3789 Dominica
2903 3734 3112 3791 Christi
3172 3736 3604 3805 progenitorum.
3638 3751 3660 3785 ι

403 3825 679 3884 Hactenus
710 3826 1052 3883 bionl’aucon.
1082 3827 1262 3897 Atque
1289 3823 1581 3897 longitor.
1615 3824 1654 3879 I.
1689 3839 1741 3879 c.
1766 3824 1881 3893 jam
1915 3823 2095 3893 plures
2130 3822 2411 3887 excitavit,
2444 3823 2535 3893 qui
2579 3832 2871 3892 utrumque
2906 3822 3304 3877 discernerent.
3351 3822 3491 3877 Add.
3527 3820 3669 3876 inira

403 3930 470 3971 es
518 3912 726 3970 Villois.
760 3916 922 3986 epist.
969 3944 1040 3955 ——
1088 3913 1225 3970 Ibid.
1256 3929 1311 3985 p.
1343 3913 1507 3980 1315,
1537 3914 1590 3966 in
1638 3911 1759 3966 eod.
1795 3911 2064 3966 Mazarin.
2098 3909 2189 3973 66.
2220 3910 2313 3974 26,
2344 3912 2434 3981 qui
2467 3912 2541 3965 ita
2574 3910 2852 3966 indicatur
2885 3929 2900 3965 :
2938 3910 3271 3978 s'Ceramei,
3309 3908 3667 3978 metropolitae

401 4004 644 4062 civitatis
675 4005 839 4062 Rhoti
874 4005 973 4076 (ai.
1008 4004 1225 4077 Rbegii)
1259 4004 1550 4067 Calabrim.
1587 4002 1640 4055 in
1672 4001 1983 4066 Zacbaemn,
2016 3999 2424 4069 publicanorum
2454 3999 2754 4069 principem
2812 4017 2825 4052 :
2876 4008 2957 4055 est
3006 3999 3151 4054 inter
3198 3998 3454 4055 bomilias
3482 3998 3667 4054 Theo-

404 4092 605 4162 phanis
632 4090 903 4159 Ceramei,
934 4094 1026 4163 qui
1060 4107 1169 4148 non
1201 4091 1490 4156 Calabrite,
1522 4090 1618 4145 sed
1647 4086 1851 4144 Sicilia:
1878 4088 2164 4158 cpiscopus
2195 4100 2336 4145 erat.
2376 4109 2395 4142 ι

438 4206 441 4209 ι
472 4178 711 4251 Nosque
756 4180 810 4235 in
841 4180 960 4237 eod.
992 4179 1188 4252 aynod.
1219 4179 1349 4240 274.
1385 4177 1659 4247 Gregorii.
1692 4174 2050 4231 Tauromenii
2086 4178 2509 4252 archiepiscopi,
2545 4179 2783 4235 humilia!
2810 4180 3117 4248 sexaginta,
3152 4194 3383 4251 quarum
3414 4178 3663 4235 ordinem

405 4280 571 4340 atque
601 4270 870 4339 principia
904 4278 1155 4325 recenset
1186 4267 1424 4323 llatthrei
1461 4268 1514 4321 in
1554 4264 1722 4319 Notit.
1752 4266 1908 4319 codl.
1942 4264 2039 4320 Gr.
2070 4266 2408 4337 Ilosquens.,
2444 4285 2565 4341 pag.
2606 4269 2712 4324 l72
2745 4285 2892 4340 sqq.,
2927 4270 3178 4338 idemque
3215 4286 3268 4337 p.
3303 4268 3406 4323 175
3441 4282 3528 4337 sq.
3550 4268 3667 4322 lau-

400 4358 495 4415 dat
520 4358 748 4415 similem
767 4358 1013 4415 codicem
1043 4358 1263 4429 Optima:
1295 4369 1455 4423 noue,
1488 4356 1680 4425 Lipsim.
1703 4354 1756 4408 in
1786 4354 1919 4409 bibl.
1948 4352 2173 4409 Paulina
2201 4368 2564 4421 asscrvatum,
2590 4367 2751 4427 atque
2783 4356 3134 4429 Theophanis
3165 4358 3415 4413 bomilias
3441 4357 3665 4412 omnino

403 4447 596 4518 dignas
616 4447 847 4517 Iudicat,
875 4462 997 4517 qua:
1028 4456 1249 4519 propter
1280 4454 1490 4501 textum
1524 4459 1741 4499 sacrum
1769 4454 2181 4515 comparentur.

474 4535 532 4589 ln
582 4536 770 4605 primis
801 4537 1068 4589 notandus
1098 4545 1184 4591 est
1214 4534 1338 4591 eod.
1382 4534 1449 4588 lli
1480 4534 1535 4588 lu
1581 4531 1714 4587 bibl.
1756 4532 1900 4597 regia
1949 4530 2171 4597 Matriti,
2208 4548 2328 4585 eum
2367 4542 2592 4601 propter
2622 4546 2818 4587 no'nen
2851 4532 3114 4596 auctoris,
3158 4532 3249 4601 qui
3285 4532 3338 4587 in
3368 4533 3472 4587 hoe
3502 4533 3664 4586 unico

401 4625 526 4678 cod.
559 4620 911 4693 Philagatlm
960 4623 1300 4692 philosophus
1330 4632 1691 4687 nuncupatur.
1728 4631 1841 4674 tum
1887 4630 2109 4691 propter
2152 4620 2413 4691 majorem
2447 4620 2796 4675 homiliarum
2828 4635 3137 4686 numerum,
3165 4634 3326 4690 quam
3350 4621 3443 4691 qui
3472 4621 3524 4674 in
3554 4619 3663 4674 ullo

400 4714 512 4769 alio
548 4712 736 4767 codice
773 4714 1063 4780 reperitur.
1091 4710 1347 4765 Coutinet
1376 4711 1521 4765 etaim
1572 4714 1824 4766 lmmilias
1871 4709 2228 4778 Theophanis
2260 4710 2602 4777 septuaginta
2636 4714 2762 4762 octo
2796 4717 2853 4762 et
2900 4709 3064 4763 habet
3105 4708 3506 4781 duodetriginta
3540 4722 3664 4777 qua:

402 4816 577 4877 neque
599 4800 653 4855 in
678 4799 860 4856 Scorsi
894 4799 1152 4865 editione,
1186 4813 1363 4867 neque
1411 4798 1555 4852 intcr
1586 4800 1707 4856 illas
1742 4808 2039 4855 occurrunt
2068 4810 2203 4865 quas
2234 4795 2342 4851 Leo
2387 4796 2617 4849 Allatius
2650 4796 2704 4848 in
2736 4795 2976 4850 Diatribe
2999 4796 3066 4850 de
3110 4796 3360 4867 Georgiis
3408 4806 3663 4865 tanquam

400 4890 636 4946 ineditas
665 4888 854 4946 refert.
884 4888 1230 4956 Quapropter
1257 4885 1449 4941 lriarte
1479 4887 1533 4942 in
1565 4887 1684 4943 Cat.
1719 4886 1878 4941 codd.
1906 4886 2005 4942 Gr.
2042 4884 2268 4952 Matrit.,
2308 4900 2360 4954 p.
2398 4884 2589 4947 55-70.
2621 4884 2844 4954 copiose
2879 4899 2983 4938 non
3017 4886 3196 4939 minus
3232 4900 3394 4954 quam
3429 4886 3665 4954 diligen-

398 4992 485 5035 ter
510 4977 806 5043 recensuit,
833 4985 890 5031 et
919 4992 983 5030 es
1014 4977 1139 5031 cod.
1165 4990 1265 5031 suo
1296 4974 1636 5048 singularum
1674 4976 2048 5046 horniliarum,
2077 4990 2313 5046 quarum
2343 4987 2561 5042 quoque
2587 4974 2726 5025 ordo
2749 4971 3014 5028 dill‘ertab
3039 4972 3224 5033 editis.
3255 4970 3662 5043 inscriptiones,

399 5068 467 5121 iis
493 5078 633 5137 quas
658 5066 893 5121 Scorsus
922 5065 1112 5129 edidit,
1146 5066 1429 5121 uberiores
1474 5065 1793 5135 plerumque
1818 5082 1881 5121 ac
1915 5064 2299 5135 locupletiores
2331 5060 2582 5124 reddidit.
2620 5060 2916 5131 variasque
2960 5060 3339 5117 memorabiles
3377 5062 3505 5116 hinc
3535 5062 3661 5117 inde

398 5154 640 5227 aspersit
669 5154 1202 5215 animadversiones.
1235 5154 1287 5207 in
1314 5154 1512 5222 quibus
1536 5157 1701 5208 etiam
1736 5154 1923 5209 Scorsi
1953 5154 2122 5211 editio
2156 5153 2317 5208 modo
2342 5151 2661 5220 explicatur
2682 5160 2844 5219 atque
2865 5150 3209 5213 emendatur.
3242 5150 3402 5204 modo
3440 5150 3661 5218 supple-

399 5230 507 5299 tur.
530 5238 749 5297 Titulus
778 5249 959 5296 autem
994 5251 1109 5296 est:
1152 5242 1384 5311 Πόνημα
1413 5242 1723 5309 Φιλαγὰθου
1745 5243 1842 5297 τοῦ
1872 5244 2020 5313 ratio:

2041 5244 2190 5313 σφω,
2217 5257 2345 5311 opus
2385 5238 2703 5311 Philagatbi
2730 5238 3047 5307 philosophi,
3092 5253 3201 5309 quo
3231 5238 3450 5294 nomine
3482 5238 3662 5293 Theo-

466 5443 535 5513 (e)
574 5441 701 5501 Sive
728 5455 780 5509 p.
817 5440 891 5495 55
921 5455 1043 5510 sqq.
1088 5440 1179 5495 ed.
1208 5440 1411 5495 Kollar.
1445 5439 1522 5495 De
1553 5442 1671 5494 eod.
1708 5440 1845 5496 Caes.
1874 5440 1976 5497 i02
2089 5439 2210 5504 161,
2252 5456 2350 5496 nec
2386 5438 2799 5509 Theophanem.
2848 5453 2947 5493 nec
2985 5435 3305 5509 Gregorium
3343 5434 3661 5501 nuncupari,

484 5511 540 5558 Ω-
576 5510 665 5558 nisi
694 5526 746 5558 ν-
777 5508 982 5558 Koliar-
1013 5522 1126 5558 not-
1158 5528 1210 5558 η-
1246 5511 1306 5558 Μ
1341 5526 1528 5558 senm-
1564 5511 1818 5558 Lambere-
1849 5522 1969 5558 non
2076 5514 2169 5558 sed
2196 5511 2311 5558 snln
2340 5513 2662 5558 rnannmine
2698 5509 2992 5558 Keoausbe
3017 5510 3128 5558 sive
3156 5504 3402 5558 Fidulus.
3438 5506 3511 5558 De
3536 5507 3659 5558 COIio

400 5530 455 5569 η.
476 5506 540 5566 ’2.
576 5510 665 5567 ubi
694 5506 746 5565 ν.
777 5506 982 5565 Kollar.
1008 5506 1126 5565 not.
1158 5528 1210 5579 p.
1246 5511 1306 5565 41
1341 5526 1528 5578 seqq..
1564 5511 1819 5566 Lambec.
1849 5522 1969 5580 post

396 5596 559 5657 quam
592 5581 851 5657 ordinem
879 5579 1261 5657 homiliarium
1286 5581 1474 5657 inboc
1505 5582 1627 5657 cod.
1665 5593 1963 5644 servatum.

2076 5514 2169 5565 sed
2196 5511 2311 5566 solo
2340 5506 2992 5582 contioniiite‘Kspapsbc
3017 5506 3128 5565 sive
3156 5506 3402 5576 Figulus.
3438 5506 3511 5559 De
3536 5507 3659 5558 cod.

2073 5582 2277 5657 Qa'sar.
2329 5581 2452 5657 ll_l_,
2480 5599 2533 5635 η.
2564 5582 2601 5635 8
2635 5580 2857 5657 (butum.
2883 5577 2974 5657 ιγ,
3006 5595 3060 5647 ρ,
3089 5577 3236 5657 131),
3264 5576 3317 5631 iu
3348 5575 3663 5657 111³111ιίεὲῆὸ

396 5648 451 5705 et
476 5652 809 5725 singularum
838 5651 1219 5725 inscriptiones
1250 5652 1508 5725 initiaque
1532 5654 1815 5725 indicarat,
1848 5668 1965 5725 mo-
2075 5652 2350 5725 (Lambec.
2384 5648 2454 5718 ν,
2484 5669 2604 5725 pag.
2640 5649 2751 5708 H7
2781 5653 2982 5722 seqq),
3008 5663 3170 5720 supra
3198 5649 3311 5717 jam
3339 5648 3491 5718 plura
3520 5648 3663 5703 scriv

399 5732 490 5776 net
522 5722 807 5792 docetque.
840 5732 1113 5792 auctorem
1147 5722 1355 5775 illarum
1378 5723 1427 5792 in
1466 5724 1587 5776 cod.
1622 5723 1821 5778 Caesar.
1856 5722 1963 5777 εξι
2075 5724 2176 5792 psi.
2214 5723 2386 5779 Haut”

399 5794 577 5850 vocari
608 5791 917 5853 Greqorium
945 5791 1180 5851 Certim;
1221 5794 1272 5846 in
1305 5791 1427 5848 cod.
1460 5801 1640 5851 autem
1672 5793 1795 5855 111.
1834 5793 1962 5852 olim
