4104 6290
336 365 397 431 21
1502 373 1878 435 RECENSIO
1917 373 1955 432 C

1972 370 2080 432 Ἦ).
2125 369 2433 433 ΜΛΊἪΙΤ.
3522 368 3593 434 9?.

343 483 596 547 phauem,
633 480 757 533 dum
791 481 953 536 vitam
992 483 1345 538 meuasricam
1378 496 1585 555 ageret,
1613 501 1768 540 usum
1801 484 1995 549 fuisse,
2033 500 2096 539 ex
2128 484 2530 554 subscriptione
2581 481 2816 539 llOllllllJ!
2857 483 3070 539 ineditue
3104 484 3170 538 77
3218 484 3461 553 subjecta
3512 490 3590 555 (p.

341 569 431 629 (i5,
462 586 514 620 n.
547 567 673 637 ΞΜ)
711 572 866 624 duret
899 569 1107 625 lriarte.
1146 570 1236 626 Illa
1279 572 1420 626 enim
1456 573 1675 627 immitia
1710 575 1962 642 inscripta

2009 581 2125 628 est:
2176 573 2485 640 Φιλαγάθου
2535 572 2757 642 πόνημα
2802 574 2897 628 τοῦ
2940 575 3264 642 φιλοσόφου,
3309 584 3362 629 et
3396 576 3450 628 in
3488 573 3593 629 line

343 658 568 723 legitur:
614 653 672 710 Ὀ
695 658 999 728 Φιλάγαθος
1025 660 1248 732 εὐτελὴς
1282 661 1614 732 μονότροπος
1643 662 1719 725 ὡς
1744 661 1963 728 ἀνάξιος

2000 660 2174 714 ταῦτα
2218 661 2371 714 λαλεί
2400 661 2494 714 καὶ
2532 660 2758 731 γράφει.
2793 661 3010 716 Avulsis
3049 673 3230 717 autent
3269 663 3590 730 Quibusdam

345 745 506 805 loliis,
546 755 670 800 tota:
699 745 957 802 deﬁciunt
984 749 1218 803 homilia:
1248 764 1365 815 sex,
1403 765 1540 818 quas
1571 751 1873 804 secundum
1920 751 2154 806 iudicem
2186 749 2466 818 pra-.lixum
2499 751 2756 817 consequi
2789 750 3096 829 oportebat,
3128 765 3252 820 quae
3281 765 3410 804 vero
3436 749 3594 804 edita:

344 843 490 886 sinit.
527 835 634 889 Sed
667 835 830 888 nimis
864 839 1172 891 aberrarem
1210 853 1237 891 a
1273 848 1419 894 recta
1446 839 1553 907 via,
1585 840 1629 894 si
1658 840 1842 894 omnia
1872 855 1993 909 qua:
2024 839 2092 893 al)
2118 836 2317 893 lriarte
2346 840 2604 893 adnotata
2640 849 2696 894 et
2724 850 3028 894 memoratu
3061 840 3223 909 digna
3253 837 3594 901 viderentur,

341 933 714 990 excerperem.
745 923 922 978 Pauca
951 936 1130 981 tamen
1168 928 1344 981 adhuc
1368 929 1629 982 adnotare
1654 927 1828 998 juvat.
1863 927 1994 1000 l’ag.
2030 927 2102 984 65
2131 946 2214 998 sq.
2270 930 2547 985 recensuit
2592 929 2714 984 cod.
2770 927 3239 993 Escorialensem;
3284 943 3338 993 p.
3372 925 3442 980 67
3468 925 3600 983 θυι»-

345 1010 471 1069 iveit
505 1010 856 1080 TheOphanis
890 1015 1234 1070 homiliarnm
1265 1014 1598 1087 catalogum,
1631 1031 1732 1086 per
1761 1017 2042 1088 alphabeti
2074 1018 2321 1072 ordinem
2355 1016 2650 1086 digestum,
2686 1016 2887 1085 ubique
2917 1015 3099 1070 addita
3133 1027 3260 1070 nota
3299 1031 3401 1084 qua
3436 1017 3600 1069 denu-

345 1107 488 1151 tatur
509 1114 631 1168 quze
658 1099 880 1156 homilia
909 1101 992 1156 vel
1022 1104 1072 1157 in
1112 1104 1296 1158 Scersi
1327 1103 1584 1169 editione,
1623 1104 1706 1159 vel
1734 1106 1790 1160 in
1818 1107 1981 1161 codd.
2013 1103 2321 1160 Matritensi
2365 1113 2529 1175 atque
2560 1104 2926 1159 Escurlalensi
2957 1114 3160 1171 exstat,
3193 1105 3276 1158 vel
3304 1105 3370 1156 ah
3401 1101 3599 1155 Allatiu

343 1186 457 1240 τίπτε
486 1195 592 1242 est.
621 1187 810 1258 Culpat
855 1191 1020 1246 etiam
1068 1210 1189 1265 pag.
1219 1193 1288 1250 69
1325 1193 1635 1250 Fabricium
1671 1210 1918 1250 nostrum
1951 1206 2007 1250 et
2036 1192 2413 1258 Montl‘aueon,
2462 1194 2551 1262 qui
2623 1193 2675 1247 in
2709 1191 2894 1247 Diario
2950 1192 3138 1247 Italico
3190 1192 3294 1245 duo
3347 1191 3596 1256 ejusdem

344 1272 696 1343 Theophanis
731 1279 1077 1335 hemiliarum
1121 1298 1253 1338 mss.
1288 1282 1449 1338 codd.
1485 1280 1730 1354 Neapoli,
1759 1282 1987 1338 totidem
2021 1283 2268 1339 Venetiis
2293 1299 2322 1336 a
2353 1297 2412 1337 se
2444 1283 2721 1347 inspectes
2749 1281 3047 1344 enarravit,
3082 1281 3226 1349 quod
3281 1277 3600 1346 plerumque

342 1361 676 1434 singularum
705 1367 914 1434 titulos,
949 1373 1146 1426 nedum
1179 1372 1350 1442 prima
1385 1371 1548 1428 verba
1584 1373 1902 1428 describere
1934 1372 2293 1444 neglexerint.
2333 1372 2403 1424 At
2441 1369 2725 1425 brevitatis
2753 1369 2934 1424 studio
2962 1368 2998 1422 ii
3043 1368 3096 1422 id
3125 1366 3322 1422 fecisse
3353 1364 3600 1432 adeoque

341 1453 641 1507 excusandi
670 1469 792 1510 esse
829 1457 1098 1514 videntur.
1127 1458 1230 1515 Per
1261 1462 1400 1515 hanc
1424 1462 1774 1517 occasionem
1804 1460 2046 1529 adjicere
2087 1461 2250 1514 liceat
2293 1460 2427 1514 mihi
2457 1457 2723 1527 epistolae,
2774 1460 2826 1512 in
2870 1471 2977 1528 qua
3006 1455 3293 1511 Villeisen.
3323 1453 3597 1523 quendam

341 1539 520 1605 plura,
551 1556 670 1610 qua:
702 1543 768 1597 ad
806 1545 1166 1602 litteraturam
1192 1548 1438 1605 Grecam
1478 1551 1773 1620 pertinent,
1807 1565 1907 1620 pre
1935 1564 2024 1612 ca,
2056 1564 2160 1619 qua
2192 1548 2400 1613 ﬂoruit,
2430 1549 2690 1617 singulari
2725 1548 3069 1602 humanitate
3095 1559 3202 1600 non
3229 1543 3412 1598 minus
3433 1552 3598 1610 quam

345 1627 482 1683 mira
506 1631 815 1688 eruditione
844 1633 1258 1705 litterarumque
1288 1638 1465 1706 copia.
1501 1652 1588 1692 me
1617 1640 1792 1694 amice
1835 1640 2040 1699 decuit.
2071 1640 2418 1708 particulam.
2449 1641 2504 1692 iu
2536 1655 2640 1709 qna
2671 1655 2732 1694 ea
2764 1653 2884 1705 qnte
2917 1638 2970 1693 in
3006 1635 3433 1692 Introductione.
3464 1642 3600 1688 etc..

342 1713 407 1781 ll,
441 1729 584 1785 part.
617 1735 659 1783 ι,
689 1736 744 1790 p.
773 1721 881 1778 ιδο
908 1739 990 1792 sq.
1022 1726 1369 1795 scripseram,
1417 1729 1486 1781 ita
1515 1729 1669 1783 docte
1703 1729 1916 1797 supplet
1946 1733 2338 1796 etttetttlrthtte:
2380 1748 2400 1781 ι
2445 1729 2594 1784 Vens
2624 1732 2869 1795 lmuri-iez
2901 1729 3109 1796 ajouter
3143 1742 3206 1781 ce
3235 1736 3461 1794 passage
3495 1721 3600 1773 im-

336 1814 564 1877 portant
609 1809 677 1862 tle
725 1810 773 1865 la
817 1810 1026 1867 Lettera
1059 1815 1275 1869 interno
1323 1817 1373 1868 α’
1404 1817 1551 1884 ριωὶ
1597 1816 1724 1872 dell'
1753 1822 1932 1872 antica
1964 1820 2089 1872 citra
2111 1819 2167 1872 di
2197 1816 2507 1884 Taorntina,
2540 1819 2728 1873 scrilta
2755 1821 2824 1870 ad
2857 1833 2928 1870 un
2951 1832 3048 1868 suo
3079 1814 3247 1868 amico
3278 1810 3370 1864 da!
3395 1810 3498 1878 sig.
3535 1807 3602 1860 υ.

341 1890 568 1964 lgnasio
597 1894 862 1965 Cartrlla,
890 1898 1245 1961 Taorminese.
1280 1919 1402 1975 pag.
1439 1904 1564 1968 155,
1593 1915 1727 1960 tem.
1766 1903 1884 1971 XV,
1913 1908 2008 1962 des
2043 1906 2295 1976 Opnscolt’
2326 1909 2382 1962 tti
2409 1907 2591 1963 autori
2619 1905 2888 1969 Siciliam‘,
2942 1905 2994 1959 in
3027 1904 3296 1962 Palermo.
3347 1898 3511 1961 ΠΗ,
3547 1896 3605 1952 4.

340 1982 541 2053 lgnace
568 1985 805 2043 Cartella
837 2005 872 2060 y
899 1991 1048 2057 parle
1076 1991 1174 2048 des
1213 1993 1416 2060 préiats
1442 1995 1510 2049 de
1540 1992 1894 2062 Tauremeui,
1930 1999 2019 2066 qui
2068 2008 2165 2052 om
2190 2013 2257 2053 en
2291 1997 2339 2053 le
2371 1997 2498 2053 titre
2532 1995 2950 2065 d’archeveqnc,
2995 2001 3052 2050 et
3078 1999 3236 2048 entre
3279 1997 3485 2050 autres,
3512 1985 3607 2040 des

337 2071 482 2127 deus
528 2071 852 2139 Cerameus.
883 2075 1144 2147 Grégoire
1200 2090 1254 2135 et
1297 2078 1644 2152 Theophane,
1701 2080 1834 2137 dent
1877 2101 2014 2140 nous
2058 2102 2247 2152 avens,
2297 2086 2466 2152 dit-il,
2513 2087 2590 2142 les
2631 2085 2875 2142 celebres
2925 2081 3209 2144 hemelies.
3244 2076 3487 2148 publiées
3538 2089 3607 2127 en

335 2174 473 2229 grec
512 2172 566 2218 et
609 2180 678 2220 en
719 2165 852 2220 latin
896 2181 997 2237 par
1029 2166 1239 2235 Scorsi,
1271 2170 1361 2240 qui
1392 2169 1467 2226 les
1492 2171 1730 2226 attribue
1771 2179 1952 2227 tentes
1978 2173 2008 2228 ἐι
2038 2173 2388 2245 Theophane,
2442 2175 2623 2230 tandis
2669 2175 2835 2241 qn‘en
2867 2171 2983 2228 veit
3021 2169 3389 2227 evidemment
3424 2177 3493 2218 en
3525 2162 3608 2216 les

339 2249 530 2318 lisant,
565 2266 671 2322 que
702 2255 971 2324 quelques
999 2273 1135 2314 unes
1163 2259 1375 2314 d‘eutre
1398 2259 1534 2316 elles
1561 2269 1689 2317 sont
1712 2260 1782 2316 de
1813 2261 2099 2330 Grégeire,
2127 2272 2183 2320 et
2210 2265 2453 2320 d’antres
2478 2263 2546 2320 de
2568 2262 2924 2331 Theophane,
2954 2272 3164 2316 cemme
3192 2258 3246 2313 le
3280 2254 3524 2312 sentient
3555 2249 3606 2304 le

337 2337 560 2396 celebre
590 2339 652 2396 Ρ.
692 2342 955 2400 Francois
983 2343 1282 2413 Combells,
1330 2345 1673 2403 Bibliotheca
1702 2351 2119 2404 concionetoria:
2152 2350 2374 2405 Patrum
2401 2361 2532 2408 tom.
2573 2351 2616 2416 l,
2643 2366 2737 2407 sur
2763 2350 2814 2406 le
2845 2360 2955 2404 met
2999 2349 3067 2403 de
3094 2345 3408 2413 Theophane
3435 2339 3608 2396 Cere-

337 2443 514 2491 tltetts.
550 2445 673 2499 pag.
710 2432 797 2502 66,
845 2441 899 2489 et
946 2450 1042 2490 sur
1069 2436 1206 2493 celui
1238 2437 1306 2491 tle
1361 2437 1608 2508 Grégoirc
1645 2436 1950 2495 Cerameus.
1983 2457 2000 2490 ι
2029 2439 2088 2493 P.
2128 2439 2216 2494 Η.
2259 2439 2403 2495 Vens
2438 2440 2692 2510 indiqnez
2733 2440 2784 2494 le
2821 2436 3111 2503 Catalogue
3147 2433 3244 2489 des
3290 2444 3421 2486 mss.
3452 2441 3610 2497 grecs

341 2515 406 2568 de
443 2515 676 2584 Madrid,
709 2523 776 2576 de
799 2521 936 2578 Jean
969 2523 1177 2588 lriarte,
1208 2526 1298 2595 qui
1328 2540 1381 2593 p.
1417 2524 1508 2592 ει,
1547 2526 1652 2580 col.
1682 2527 1738 2593 2,
1772 2543 1835 2584 se
1879 2528 2088 2596 gleriﬁa
2122 2545 2189 2584 eu
2220 2544 2314 2585 ces
2340 2539 2544 2586 termes
2578 2531 2643 2584 de
2672 2529 2722 2583 la
2758 2527 3080 2582 déeenverte
3107 2522 3236 2594 qu‘il
3271 2520 3415 2576 croil
3453 2519 3609 2574 8'03?

341 2599 479 2658 faite
510 2607 580 2658 du
611 2608 726 2660 vrai
761 2626 885 2664 nem
918 2613 987 2665 de
1014 2611 1246 2668 l‘autenr
1290 2615 1356 2667 de
1402 2629 1496 2670 ces
1527 2615 1814 2677 huiuélies.
1865 2616 2036 2671 Meum
2083 2619 2294 2688 quidem
2347 2620 2640 2683 inventum,
2673 2628 2727 2671 ut
2759 2617 2980 2686 ingenue
3014 2614 3212 2685 fatear,
3242 2609 3468 2677 miriﬁce
3492 2621 3610 2661 sunt

337 2691 671 2757 gratulatus.
703 2695 993 2766 Scriptoris
1026 2700 1259 2756 inuenire
1287 2718 1494 2769 nomen,
1526 2703 1644 2772 plus
1667 2706 1834 2759 visum
1859 2713 1956 2772 est,
1989 2723 2148 2776 quant
2179 2709 2396 2773 scripta.
2434 2704 2748 2775 Pliilagatlti
2775 2720 2938 2775 porro
2969 2701 3178 2755 nomine
3213 2696 3608 2766 Theophanem.

337 2777 474 2833 dum
504 2783 663 2836 vitam
687 2789 1033 2844 monasticam
1059 2803 1256 2864 ageret.
1283 2809 1432 2848 usum
1454 2793 1620 2863 fuisse
1651 2794 1805 2857 plane
1830 2803 2058 2849 constat.
2084 2794 2123 2848 ll
2155 2811 2213 2850 se
2249 2805 2482 2864 trempc.
2530 2792 2638 2849 Les
2686 2793 2922 2864 évéqnes
2969 2804 3152 2860 grecs.
3193 2788 3284 2857 qui
3335 2793 3460 2841 sont
3489 2792 3615 2838 teu-

341 2867 508 2933 ieurs
538 2872 668 2928 tirés
697 2876 765 2929 du
791 2878 911 2933 sein
948 2880 1044 2934 des
1074 2891 1358 2948 couvents,
1389 2884 1453 2938 de
1485 2883 1660 2938 meme
1689 2897 1796 2951 que
1840 2883 1920 2939 les
1955 2883 2167 2952 laiqttes
2200 2881 2293 2952 qui
2331 2882 2680 2938 embrassent
2725 2880 2778 2936 la
2809 2881 2895 2934 vie
2941 2877 3308 2947 monastique,
3339 2875 3616 2943 changent

344 2957 498 3012 :olers
524 2960 591 3014 de
619 2978 785 3032 netu;
818 2967 954 3021 mais
986 2967 1054 3023 iis
1081 2980 1178 3024 ent
1210 2970 1452 3037 toujeurs
1499 2971 1618 3026 soin
1661 2971 1782 3026 d‘en
1815 2972 2050 3042 prendre
2096 2988 2168 3026 un
2202 2972 2335 3026 dent
2382 2971 2430 3024 la
2464 2968 2733 3039 premiére
2782 2969 2940 3025 lettrc
2976 2966 3183 3021 iuitiale
3213 2973 3298 3021 est
3333 2965 3382 3017 la
3417 2962 3612 3017 meme.

341 3044 497 3103 C‘cst
534 3067 637 3105 une
675 3054 821 3128 regie
849 3073 974 3112 sans
1005 3065 1311 3130 exception.
1342 3061 1518 3117 Mall‘ei
1543 3063 1688 3117 avait
1711 3061 1808 3117 fait
1837 3071 1982 3118 cette
2007 3061 2359 3119 observation
2383 3058 2692 3128 jndicieuse
2724 3058 2858 3113 dans
2889 3057 2938 3110 la
2968 3064 3195 3112 savante
3217 3053 3432 3107 Lettera
3459 3049 3513 3104 al
3551 3049 3615 3103 Ρ.

347 3137 522 3194 Abate
547 3141 816 3200 But-clune
841 3163 1001 3210 sepra
1029 3150 1048 3203 i
1077 3149 1378 3217 frammenti
1407 3150 1561 3207 (ἲν-ρςὶ
1581 3152 1695 3207 dati
1719 3152 1776 3208 in
1805 3151 1919 3208 luce
1949 3151 2035 3206 nel
2079 3161 2227 3205 temo
2255 3146 2374 3202 XVI
2402 3146 2485 3204 del
2515 3145 2774 3203 Giornale
2815 3147 2878 3200 de
2921 3142 3178 3199 Letterati
3207 3141 3451 3206 d’ltalia,
3481 3155 3508 3193 e
3535 3154 3618 3192 rc—

341 3233 605 3300 διπηιῃωὶ
635 3236 688 3286 in
720 3233 933 3291 Olanda
965 3238 1047 3292 cal
1076 3255 1226 3294 neme
1251 3242 1305 3293 di
1335 3239 1392 3295 S.
1430 3240 1638 3305 Ireneo,
1666 3255 1720 3312 p.
1752 3240 1854 3298 301
1888 3241 1955 3298 de
1984 3254 2072 3296 ses
2101 3237 2249 3293 Rime
2274 3254 2302 3292 e
2328 3253 2500 3305 prose,
2530 3246 2682 3306 parte
2713 3233 2940 3290 raccoltc
2977 3233 3047 3288 da
3073 3232 3188 3286 vari
3227 3231 3349 3283 libri
3360 3269 3372 3290 .
3415 3246 3442 3282 ε
3469 3237 3620 3296 parte

341 3333 453 3372 non
494 3319 896 3391 piititantpate,
943 3326 996 3380 in
1035 3325 1292 3394 Veni-sia,
1327 3329 1488 3394 1719.
1534 3332 1587 3386 in
1647 3330 1704 3385 4.
1761 3329 2127 3388 J’observerai
2179 3337 2344 3395 done,
2373 3328 2579 3400 malgré
2608 3325 2894 3382 l‘autorité
2935 3321 3207 3387 d‘lriarte,
3239 3335 3370 3391 que,
3402 3318 3620 3388 d'aprés

339 3417 426 3460 cet
462 3423 630 3478 usage
662 3422 935 3479 constant,
971 3416 1016 3470 si
1047 3414 1382 3487 Theophane
1416 3419 1713 3474 Ceramees
1751 3419 1937 3475 s'était
1966 3417 2178 3489 appellé
2205 3417 2524 3486 Plrilagatlts
2550 3416 2688 3472 dans
2718 3429 2817 3471 son
2867 3422 3125 3480 convent,
3176 3411 3211 3466 il
3247 3409 3483 3465 u‘aurait
3520 3421 3622 3478 pas

342 3509 415 3562 ptt
447 3496 814 3567 s‘ctnpéclter,
842 3516 910 3556 en
947 3511 1191 3558 tuentant
1219 3519 1313 3560 sur
1340 3505 1389 3558 le
1416 3506 1561 3577 siege
1593 3509 1658 3562 de
1678 3507 2032 3575 Tanromeni,
2055 3511 2122 3561 de
2153 3507 2388 3576 premlre
2413 3522 2486 3560 un
2516 3522 2642 3560 nom
2674 3505 2805 3559 dent
2843 3503 2890 3557 la
2928 3501 3200 3572 premiére
3222 3500 3384 3554 letlre
3415 3496 3622 3551 initials

339 3586 441 3639 om
473 3587 817 3655 commence,
843 3588 914 3646 de
937 3591 1114 3647 meme
1146 3609 1250 3664 que
1278 3593 1328 3650 le
1355 3595 1495 3656 sicn.
1527 3611 1626 3665 par
1653 3614 1722 3651 un
1768 3595 1830 3660 Ρ,
1871 3598 1940 3651 tel
1975 3613 2080 3667 que
2116 3595 2326 3658 l’ierre.
2356 3593 2627 3664 Philippe,
2674 3591 2931 3658 Paceme,
2975 3602 3085 3647 etc.
3131 3589 3288 3644 C’est
3333 3584 3472 3640 ainsi
3518 3602 3625 3653 que

342 3670 568 3728 lanuel
601 3673 883 3747 Margunio
915 3678 1024 3747 prit
1050 3678 1099 3734 le
1134 3695 1260 3735 nem
1289 3681 1354 3736 de
1390 3681 1626 3736 Maxime
1658 3699 1793 3739 avec
1820 3683 2063 3741 l'évéché
2095 3687 2158 3740 de
2194 3683 2416 3753 Cérige.
2458 3702 2477 3736 ι
2521 3682 2798 3737 Hactenus
2828 3678 3111 3735 Villeison.
3159 3676 3294 3743 Quis
3324 3675 3490 3743 igitur
3524 3671 3626 3724 fuit

345 3762 443 3818 ille
474 3761 829 3836 Philagathus
849 3767 876 3820 .’
905 3770 1179 3823 Auctorne
1208 3771 1425 3840 ignotus
1452 3772 1810 3840 quarumdam
1847 3773 2220 3840 homiliarum,
2249 3789 2278 3827 a
2313 3772 2652 3842 Theophane
2679 3770 2951 3834 diversus,
2986 3768 3144 3838 cujus
3169 3782 3366 3823 nomen
3398 3781 3426 3817 a
3455 3763 3624 3817 libra-

357 3851 446 3905 rio
478 3853 689 3908 codicis
725 3854 843 3924 ipso
890 3871 1173 3926 perperam
1207 3857 1370 3914 fuerit
1402 3852 1732 3929 pransum“!
1762 3875 1829 3912 an
1880 3859 2240 3928 Theophanes
2285 3859 2361 3914 ita
2393 3874 2615 3928 quoque
2647 3867 2875 3928 propter
2921 3857 3149 3912 virtutes
3199 3853 3476 3910 interdum
3521 3851 3625 3905 luit

347 3941 816 4010 urgnominatus?
850 3945 964 4002 Cur
994 3961 1123 4001 vero
1152 3948 1470 4001 nominatur
1495 3947 1877 4017 philosophus?
1901 3946 2011 4002 Nisi
2041 3948 2094 4001 in
2127 3948 2232 4003 tlue
2260 3948 2497 4002 humilia:
2521 3947 2587 3998 77
2622 3949 2929 4017 appositum
2957 3947 3186 4002 luisset:
3225 3944 3286 3999 '0
3314 3939 3625 4008 Φιλάγαθος

345 4055 418 4068 -
454 4028 636 4082 ταῦτα
668 4028 824 4083 λαλεῖ
849 4033 944 4085 καὶ
968 4034 1196 4102 γράφει,
1223 4032 1383 4090 facile
1408 4046 1626 4104 poterat
1659 4036 1859 4105 aliquis
1887 4036 1941 4088 in

2005 4036 2346 4105 uspicieuem
2381 4034 2648 4096 incidere,
2695 4034 2747 4089 id
2802 4033 2974 4088 fuisse
3005 4033 3200 4088 scriba:
3253 4045 3469 4086 nomen.
3518 4026 3626 4081 Sed

347 4120 644 4174 mittamus
677 4120 1095 4178 bariulationcs.
1131 4121 1188 4178 In
1224 4123 1351 4179 cod.
1375 4123 1680 4180 Matriteusi
1706 4125 1778 4180 35
1807 4132 1937 4179 sunt
1975 4123 2237 4178 tredecim
2275 4120 2510 4175 hemilia'.
2554 4117 2907 4191 Theophanis
2938 4120 3212 4184 Ceramei,
3244 4130 3478 4189 quarum
3526 4129 3620 4169 or-

343 4207 538 4262 dinem
577 4216 632 4262 et
666 4209 1049 4279 inscriptiones
1079 4209 1282 4267 indicat
1315 4225 1380 4267 ac
1411 4220 1622 4281 partem
1649 4225 1771 4267 esse
1801 4210 2011 4268 codicis
2053 4210 2116 4266 l6
2159 4218 2350 4265 censet
2379 4205 2597 4272 lriarte,
2631 4206 2666 4263 l.
2704 4223 2757 4264 c.
2794 4226 2845 4277 p.
2878 4209 2981 4264 l53
3011 4223 3097 4280 sq.
3128 4206 3301 4262 ﬂant.

959 4617 1548 4711 RECENSIO
1658 4613 2135 4707 CODICIS
2222 4616 3033 4712 MATRITENSIS

1203 4833 1366 4895 CUM
1409 4832 1648 4895 NOTIS
1690 4829 2031 4896 CRITICIS
2065 4829 2404 4892 JOANNIS
2453 4829 2806 4896 lRlAll'l'E.

1609 4995 1750 5060 (Cod.
1784 4998 1940 5050 Grec.
1979 4995 2184 5056 ηοω-ῆι,
2213 5011 2260 5060 p.
2287 4998 2392 5060 55.)

429 5303 621 5363 Codex
681 5319 734 5359 n.
779 5300 899 5357 XVI
951 5310 1189 5363 notatus,
1242 5299 1646 5364 mendiraueus,
1699 5294 1946 5358 iwt‘ulie.
2059 5306 2320 5365 prteterea
2342 5297 2543 5353 extima
2575 5297 2715 5353 facie
2741 5305 2797 5353 et
2831 5298 2976 5351 inme
2998 5307 3051 5352 et
3079 5313 3193 5353 aevo
3224 5297 3449 5350 multum
3477 5299 3630 5353 deui-

357 5400 582 5455 habens
615 5396 742 5451 folia
764 5395 893 5460 220,
928 5394 1188 5462 bipartito
1217 5403 1466 5459 exarata,
1498 5392 1796 5461 titulusqne
1821 5406 1948 5446 om-
2058 5398 2233 5456 grata,
2255 5386 2591 5444 fumosarum
2625 5391 2920 5460 imaginum
2953 5390 3059 5444 ritu
3105 5405 3351 5459 magnam
3384 5389 3633 5458 iujiciens

361 5506 488 5555 nes,
529 5489 754 5560 perinde
782 5503 846 5544 ac
891 5485 1129 5543 iuitiales
1171 5485 1385 5541 litteras
1415 5486 1585 5541 minio
1626 5483 1948 5551 distinctas;
2059 5481 2464 5536 venerationem
2503 5482 2625 5549 sui;
2657 5497 2757 5538 nec
2801 5483 2936 5538 lucis
2979 5483 3156 5537 minus
3202 5487 3270 5536 ab
3319 5482 3630 5550 splendidis-

362 5599 539 5638 manu
561 5582 776 5651 quidem
801 5590 1034 5643 vetusta,
1063 5579 1263 5648 quippe
1290 5577 1474 5634 saeculi
1501 5591 1625 5642 xm,
1654 5579 1751 5633 sed
1777 5592 1949 5634 mem-
2058 5574 2218 5637 sima,
2268 5573 2421 5644 cujus
2475 5574 2604 5628 olim
2650 5572 2772 5641 fuit,
2806 5575 3100 5632 Velascana
3152 5573 3480 5629 bibliotheca
3515 5592 3635 5629 tnu-

362 5678 547 5729 hrana
585 5674 896 5737 vetustiori,
947 5673 1124 5727 erasis
1175 5669 1382 5726 scilicet
1437 5670 1765 5739 antiquioris
1809 5668 1950 5724 scri-
2061 5676 2260 5720 tuatns.

363 5775 554 5828 ptum:
601 5764 828 5828 litteris,
863 5778 1096 5834 quorum
1143 5770 1362 5820 exstant
1407 5761 1696 5816 manifesta
1751 5758 1956 5830 ultique
2129 5757 2490 5814 Contineetur
2549 5775 2614 5816 eo
2675 5760 2981 5830 Philagathi
3040 5759 3337 5829 philosophi
3390 5757 3632 5817 lluinilix:

367 5852 627 5925 vestigia,
655 5857 807 5913 novis
839 5856 1238 5924 superiudnctis
1277 5854 1617 5912 censeriutus
1649 5870 1662 5907 :
1697 5849 1948 5910 {oliorum
2061 5849 2344 5909 LXXVIII.
2380 5853 2576 5914 quibus
2621 5856 2880 5910 aeccduut
2928 5854 3042 5908 alue
3076 5855 3212 5910 dum.
3246 5852 3500 5907 nimirum
3528 5867 3631 5904 nua
