4104 6290
287 406 358 470 3Ἰ
672 415 676 418 ’
1436 397 1826 461 RECENSIO
1867 399 2034 462 COD.
2073 399 2396 463 MATRIT.
3504 390 3574 456 33

283 539 430 586 sorte,
464 519 561 575 νῦν
592 517 688 574 καὶ
712 517 824 583 ἀεὶ,
856 517 953 572 καὶ
990 517 1068 581 εἰς
1098 519 1224 582 τοὺς
1257 515 1467 580 αἰῶνας
1491 515 1602 570 τῶν
1633 514 1873 574 αἰώνων.

296 611 492 680 ’Δμήν.

356 701 484 757 Haec
533 701 757 756 bomilia
794 713 973 772 neque
1023 699 1166 756 inter
1217 700 1472 770 genuina,
1521 715 1696 767 neque
1736 701 1877 753 inter

286 795 469 864 spuria
521 793 578 850 S.
608 793 834 849 Joannis
862 791 1228 864 Chrysostomi
1264 808 1430 862 opera
1481 792 1779 856 invenitur,
1831 793 1875 847 si

287 889 447 942 modo
481 887 616 942 Ildes
644 887 895 943 habenda
919 888 991 943 sit
1013 887 1356 959 Alphabetico
1389 886 1626 955 ejusdem
1658 901 1875 953 cperunt

287 979 462 1034 Indici
498 995 563 1033 ea:
609 979 796 1047 primis
828 980 1000 1034 verbis
1049 995 1351 1034 sermonum
1388 989 1438 1032 et
1493 979 1871 1043 houtiliarum,

283 1072 340 1125 in
394 1071 586 1140 quibus
645 1071 846 1138 spuria!
894 1081 944 1127 et
991 1074 1154 1126 etiam
1211 1073 1456 1138 omisstv,
1510 1085 1670 1140 quem
1711 1071 1776 1125 P.
1811 1071 1880 1127 de

285 1162 634 1218 Montfaucon
683 1164 907 1220 exhibet
968 1163 1415 1234 locupletissimae
1463 1164 1720 1220 editionis
1763 1164 1874 1219 vol.

283 1253 428 1318 XIII,
465 1271 590 1326 pag.
627 1254 754 1311 296.
786 1257 858 1310 At
890 1271 1022 1311 vero
1056 1266 1176 1325 post
1206 1255 1347 1311 bene
1380 1257 1582 1311 mullos
1618 1271 1750 1313 mss.
1783 1271 1879 1310 ca-

286 1349 514 1416 talogos-
541 1360 597 1403 et
627 1349 836 1404 indices
889 1348 1091 1402 frustra
1137 1348 1448 1415 exploratos
1482 1364 1874 1420 excussosque,

297 1443 511 1496 tandem
544 1441 706 1509 hujus
755 1441 991 1495 homilim
1030 1443 1271 1496 occurrit
1317 1444 1518 1496 mentio
1549 1442 1601 1495 in
1655 1441 1876 1498 Antonii

296 1532 582 1603 Augustini
615 1531 944 1586 Bibliotheca
984 1531 1170 1587 Gra'cu
1214 1550 1337 1596 ms.,
1372 1537 1495 1589 cod.
1529 1533 1618 1600 Η,
1664 1535 1750 1588 his
1796 1534 1880 1586 di-

286 1628 454 1683 sertis
494 1629 720 1682 verbis:
750 1609 1150 1683 CIIIIYSOST.
1190 1628 1313 1682 item
1347 1626 1411 1681 de
1447 1625 1790 1683 Eucharistia
1823 1629 1879 1684 in

292 1721 561 1775 Enca'uiis
610 1737 815 1786 sermo,
864 1730 911 1775 et
963 1723 1104 1789 quod
1153 1722 1398 1776 debemus
1459 1723 1708 1777 accedere
1757 1739 1878 1777 cum

286 1815 458 1870 multo
478 1815 756 1869 timoread
793 1815 970 1869 divina
993 1816 1272 1887 mysteria.
1291 1813 1433 1871 Cum
1465 1829 1646 1872 autem
1679 1818 1878 1872 doctis-

287 1908 415 1964 simi
454 1907 703 1976 przesulis
733 1922 868 1964 mss.
907 1907 1232 1964 bibliotheca
1268 1909 1322 1962 in
1355 1905 1579 1976 Regiam
1621 1907 1879 1967 Eseuria-

290 1999 499 2054 lenscm
530 1998 680 2053 illata
708 2001 799 2060 sit.
833 2000 1110 2056 homiliam
1143 2002 1287 2056 hanc
1323 2000 1520 2057 ibidem
1547 2042 1562 2066 ,
1588 2002 1694 2057 nisi
1723 2000 1879 2058 fune-

289 2091 539 2147 stissimo
585 2093 713 2145 anni
759 2092 895 2148 1671
941 2093 1195 2150 incendio
1241 2096 1424 2163 periit,
1459 2093 1635 2150 adhuc
1663 2107 1881 2152 exstare

290 2183 520 2240 minime
546 2183 882 2240 dubitamus.
934 2183 1006 2242 Ut
1057 2194 1115 2242 ut
1165 2197 1270 2254 est,
1307 2187 1546 2243 nondum
1594 2187 1684 2243 illa
1738 2193 1879 2262 typis

287 2273 552 2330 innotuit.

363 2369 492 2425 210.
527 2371 658 2428 Post
694 2372 974 2428 homiliam
1006 2372 1382 2444 Clnysostomi
1426 2372 1764 2440 interjcctam
1795 2389 1881 2429 rc-

291 2462 375 2515 dit
401 2461 758 2535 Theophanis
788 2464 1134 2519 homiliarutn
1170 2464 1324 2530 ordo,
1353 2480 1448 2517 sua
1473 2464 1672 2534 cuique
1702 2466 1878 2520 ascri-

291 2567 384 2626 pta
424 2559 631 2613 numeri
673 2567 822 2623 nota,
861 2569 916 2612 ut
947 2559 1193 2626 sequitur
1225 2573 1238 2610 :

383 2650 599 2720 Ὀμιλὶα
637 2649 711 2717 π’,
747 2651 828 2715 εἰς
857 2650 957 2723 τὴν
989 2651 1269 2721 σωτήριον
1315 2649 1610 2722 ’Δνάληψιν
1645 2649 1740 2705 τοῦ
1778 2653 1883 2705 Κυ-

296 2746 417 2815 ρίου
449 2745 545 2799 καὶ
568 2744 705 2799 Θεοῦ
740 2745 836 2798 καί
882 2743 1140 2814 Σωτῆρος
1193 2742 1350 2815 ἡμῶν
1409 2742 1586 2814 Ἰησοῦ
1620 2743 1881 2813 Χριστοῦ.

296 2839 541 2893 Homilia
576 2839 666 2907 80,
705 2839 759 2892 in
802 2838 1139 2912 salutiferam
1177 2837 1552 2891 Ascensionem
1593 2837 1804 2892 Domini
1836 2845 1885 2892 et

294 2930 398 2986 Dei
433 2941 481 2984 et
516 2929 806 2985 Salmtoris
840 2931 1009 2982 nostri
1038 2928 1168 2982 Jesu
1199 2927 1424 2985 Christi.

378 3021 596 3088 incipit,
625 3020 877 3090 Σήμερον
904 3020 1000 3089 τῆς
1031 3020 1190 3090 ήμῶν
1224 3021 1501 3091 σωτηρίας
1530 3021 1564 3092 ἡ
1595 3020 1879 3088 οἰκονομία

296 3111 680 3182 πεπλήρωται,
724 3111 966 3181 σήμερον
997 3111 1031 3181 ή
1067 3109 1231 3178 φύσις
1273 3111 1386 3165 τῶν
1433 3110 1740 3183 ἀνθρώπων
1768 3110 1880 3164 ἀπὸ

293 3201 397 3270 ’τῆς
443 3204 544 3269 γῆς
579 3202 658 3262 εἰς
683 3201 952 3269 οὐρανοὺς
993 3200 1356 3271 ἁνεφύτησεν.
1388 3199 1618 3266 Desinit,
1664 3202 1775 3253 Καὶ
1803 3200 1882 3270 τῷ

297 3297 440 3362 φωτί
459 3295 560 3360 τῆς
581 3295 745 3361 ἁγίας
773 3294 1008 3362 Τρίαδος
1038 3295 1355 3366 τελειότερον
1387 3294 1839 3365 ἑλλαμφθείημεν
1866 3312 1880 3326 ’

297 3386 368 3455 ῆν
399 3384 772 3455 ὁμολογοῦμεν
814 3385 873 3437 ἐν
919 3386 1205 3458 παρρησίᾳ
1234 3404 1248 3419 ·
1287 3385 1534 3440 κελεύσει
1561 3386 1674 3439 τῶν
1709 3386 1885 3453 ἁγίων

299 3478 563 3549 Πιτέρων
603 3479 708 3533 καὶ
746 3478 1083 3544 ἀποστόλων,
1113 3478 1212 3533 καὶ
1258 3477 1478 3533 πάντων
1528 3479 1637 3533 τῶν
1686 3482 1882 3549 ἁγίων,

298 3573 559 3636 πάντοτε,
592 3570 689 3624 νῦν
718 3572 814 3626 καὶ
844 3571 955 3639 ἀεὶ,
992 3571 1074 3635 εἰς
1103 3573 1233 3633 τοὺς
1259 3570 1465 3634 αἰῶνας
1493 3571 1603 3627 τῶν
1647 3574 1882 3631 αἰώνων.

309 3663 509 3732 Ἀμήν.

367 3754 494 3810 212.
526 3754 816 3811 Horniliam
846 3755 984 3809 hanc
1007 3753 1352 3824 excipiebant
1375 3755 1502 3810 olim
1536 3764 1740 3825 septem
1766 3755 1886 3812 aliae

295 3851 355 3905 in
397 3850 584 3919 priora
622 3859 828 3918 septem
869 3846 1124 3911 Ἐωθινά,
1159 3848 1264 3902 hoc
1293 3855 1378 3902 est
1435 3846 1744 3914 Matutino;
1785 3847 1883 3905 sed

297 3941 540 4005 avulsis,
601 3951 696 3995 aut
743 3941 1015 4010 corruptis
1074 3949 1344 3995 vetustate
1397 3939 1580 4006 foliis,
1639 3942 1886 4011 septima:

299 4044 510 4087 tantum
537 4043 720 4088 exetat
755 4033 1027 4101 posterior
1076 4031 1365 4101 particular,
1407 4034 1474 4087 ab
1501 4031 1587 4086 his
1619 4031 1886 4103 incipiens

293 4123 502 4188 verbis,
534 4124 610 4178 To
638 4124 828 4178 λοιπον
866 4123 968 4196 τὴν
1015 4124 1412 4195 ἁνθρωπότητα
1444 4123 1777 4190 ἀκολούθως,
1828 4127 1884 4182 in

295 4220 415 4274 hac
447 4218 727 4281 desinens,
758 4215 868 4271 Τοῦ
905 4218 1002 4272 σὺν
1034 4219 1209 4290 Πατρὶ
1242 4220 1337 4273 καὶ
1381 4217 1496 4288 Υἰῷ
1543 4235 1885 4289 προσκυνοοο

299 4310 471 4382 μένου
503 4311 601 4365 καὶ
638 4308 1031 4380 δοξαζομένου,
1076 4310 1172 4366 νῦν
1207 4311 1303 4365 καὶ
1346 4311 1455 4377 ἀεὶ,
1498 4312 1594 4365 καὶ
1639 4313 1721 4377 εἰς
1755 4312 1885 4378 τοὺς

290 4402 522 4467 αἰῶνας.
795 4393 852 4402 κ

368 4494 500 4561 Quae
530 4495 749 4564 quidem
792 4504 1000 4568 septem
1050 4498 1288 4552 humilia:
1341 4507 1558 4554 exstant
1610 4499 1663 4554 in
1721 4516 1886 4570 supra

295 4587 518 4642 laudata
576 4587 837 4654 editione,
887 4598 942 4642 et
993 4604 1021 4642 a
1064 4589 1318 4644 \icesitua
1348 4601 1541 4644 octava
1571 4592 1637 4645 ad
1670 4592 1886 4649 tricesi-

295 4695 449 4734 ntam
481 4683 818 4751 pertingant.

371 4774 512 4829 Ibid.
559 4773 781 4844 Ὀμιλῐα
814 4781 926 4846 κη’,
959 4777 1040 4839 εἰς
1067 4778 1128 4828 τὸ
1151 4781 1200 4847 η’
1238 4775 1535 4830 Ἐωθινῶν.
1557 4774 1793 4832 Humilia
1816 4777 1885 4832 88

294 4868 355 4919 in
395 4879 492 4918 xm
529 4864 941 4925 Matutinarum.
980 4864 1217 4935 Incipit:
1254 4868 1414 4937 ’Ἄρτι
1439 4860 1540 4921 ’τοῦ
1580 4869 1884 4941 κορυφαίου

296 4957 413 5011 τῶν
459 4956 750 5029 (pater;th.
811 4955 1003 5013 Exstat
1057 4959 1275 5024 ibidem,
1332 4971 1759 5029 numeraturquc
1789 4961 1880 5030 3i,

295 5051 433 5104 licet
458 5049 543 5101 illa
570 5049 779 5119 plenior
813 5050 1057 5120 incipiat,
1101 5050 1292 5122 Μαρία
1323 5052 1596 5122 εἱστήκει.

369 5141 502 5198 215.
538 5147 760 5199 Averso.
809 5143 1032 5214 Ὀμιλία
1077 5143 1186 5208 πῖν’,
1244 5145 1326 5208 εἰς
1382 5145 1444 5197 τὺ
1499 5146 1542 5198 θ’
1587 5145 1880 5203 Ἑωθινῶν.

295 5237 545 5293 Humilia
569 5236 641 5290 89
669 5238 722 5291 in
750 5253 802 5292 ix
834 5235 1249 5292 Matutinarum.
1280 5237 1490 5308 Incipit,
1510 5238 1693 5309 Οὔσης
1723 5242 1884 5312 ὀψίας

288 5335 361 5402 τῇ
387 5329 575 5403 ἡμέρᾳ
597 5329 801 5401 ἐκείνῃ.
835 5329 929 5384 Est
962 5328 1160 5384 ibidem
1197 5328 1288 5384 55.

365 5421 498 5477 215.
527 5423 754 5477 Averso.
798 5421 1020 5492 ὐμιλία
1052 5418 1104 5489 1.(
1127 5423 1209 5484 εἰς
1243 5421 1305 5477 τὸ
1332 5420 1362 5476 ι’
1412 5422 1705 5479 Ἑωθινῶν.
1744 5427 1884 5498 Περὶ

290 5515 399 5585 τῆς
437 5515 614 5585 ἄγρας
643 5515 751 5566 τῶν
781 5512 1001 5584 ἰχθύων.
1042 5512 1281 5570 Humilia
1311 5515 1400 5580 90,
1429 5520 1482 5570 in
1519 5533 1548 5571 x
1584 5517 1882 5573 Matutino-

293 5624 444 5662 rsun.
485 5606 562 5659 De
600 5617 827 5673 captura
861 5609 1112 5673 piscium.
1159 5607 1370 5678 Incipit,
1423 5609 1547 5662 Ἐπί
1582 5613 1681 5683 τὴν
1716 5612 1882 5666 Τιϐε-

299 5699 490 5769 ριάδος
511 5699 734 5769 λίμνην.
773 5698 865 5754 Est
911 5701 1111 5755 ibidem
1148 5700 1238 5756 36.

2051 517 2180 573 218.
2236 514 2460 584 Ὀμιλία
2495 517 2605 582 Qa’,
2652 512 2732 576 εἰς
2771 509 2834 566 τὸ
2888 513 2956 564 ια’
2999 506 3296 562 Ἐωθινῶιη
3332 505 3576 561 Humilia

1981 610 2071 675 91,
2117 610 2173 663 in
2227 625 2277 664 ει
2341 607 2760 662 Matutinarum.
2792 603 3007 673 Incipit,
3038 602 3130 670 Τῷ
3166 600 3342 670 καιρῷ
3390 602 3576 670 ἐνείνῳ

1981 703 2336 772 ἐφανέρωσεν
2369 701 2568 754 ἑαυτὸν
2608 702 2636 753 ὁ
2675 698 2887 769 Ἰησοῦς
2915 700 3030 761 τοῖς
3072 695 3345 766 μαθηταῖς
3380 695 3573 746 αὑτοῦ.

1983 798 2266 852 Postrema
2295 795 2458 865 huius
2487 794 2722 849 humilia:
2749 793 2966 862 pagina,
2986 791 3177 845 deletis
3208 805 3346 859 pene
3379 791 3574 844 litteris

1984 889 2085 957 legi
2117 904 2175 944 se
2205 889 2427 942 minime
2457 892 2680 956 patitur.
2723 884 2818 939 Est
2852 898 2982 940 vero
3015 882 3216 938 ibidem
3244 883 3336 937 57.

2055 981 2338 1038 Hactenus
2391 981 2753 1050 singularum,
2812 992 2951 1047 quas
3002 987 3149 1034 totus
3192 975 3575 1044 coinpieclitur

1983 1078 2177 1142 codex,
2214 1076 2560 1131 homiliarum
2613 1073 2882 1128 recensio.
2916 1067 3074 1124 Nunc
3105 1085 3254 1134 vero,
3288 1080 3483 1139 pra-ter
3508 1084 3572 1122 ea

1982 1186 2102 1241 qua:
2140 1169 2319 1224 obiter
2351 1166 2793 1229 observavimus,
2839 1163 3017 1232 aliqua
3071 1164 3227 1218 nobis
3281 1170 3574 1232 supersunt

1986 1277 2096 1320 tum
2151 1265 2216 1318 de
2270 1263 2513 1316 auctoris
2550 1262 2790 1324 nomine,
2847 1266 3029 1322 tl‘lttlt‘,
3067 1257 3309 1324 scriptis,
3359 1268 3469 1308 tum
3508 1259 3574 1309 dc

1985 1359 2102 1426 ipso
2133 1356 2320 1409 codice
2355 1352 2694 1408 disserenda.

2055 1451 2261 1505 Aut-tur
2285 1449 2504 1516 quidem
2533 1462 2596 1500 ex
2635 1445 2743 1498 illis
2776 1452 2861 1497 cst
2895 1443 2986 1511 qui
3027 1441 3390 1512 πο).υων·,›μέᾳ
3419 1441 3574 1496 labo-

1985 1553 2141 1610 rant;
2199 1540 2324 1596 aliis
2381 1540 2528 1595 enim
2589 1536 2870 1606 Georgius,
2909 1538 3034 1601 sive
3082 1533 3403 1605 Gregorius;
3454 1533 3575 1586 aliis

1989 1635 2356 1706 Theophanes.
2392 1631 2674 1701 Philippus
2715 1633 2860 1693 aliis,
2896 1630 3017 1682 aliis
3043 1628 3275 1697 denique
3304 1625 3573 1696 Nicepho-

1985 1745 2101 1793 rus,
2130 1728 2392 1797 adjuncto
2412 1739 2628 1794 semper
2653 1719 2963 1788 Cerameos,
2987 1720 3068 1774 vel
3100 1717 3400 1785 Ceramitte,
3429 1719 3573 1788 quod

1984 1820 2210 1892 ﬁgulum
2245 1829 2442 1885 sonat,
2495 1827 2878 1887 cognomento,
2914 1823 3278 1881 nuncupatur.
3309 1811 3414 1866 Sed
3450 1825 3574 1866 0m-

1985 1930 2081 1969 nes
2111 1912 2555 1983 frequentissime
2587 1917 2681 1963 aut
2723 1905 3093 1974 Theophanes,
3120 1916 3213 1957 aut
3242 1900 3526 1973 Gregorius
3553 1917 3572 1959 .'

1984 2008 2122 2060 adeo
2150 2015 2208 2060 ut
2239 2003 2429 2059 haberi
2461 2000 2762 2057 binominis
2788 1999 2986 2070 possit,
3015 1996 3197 2052 addito
3221 1997 3386 2052 etiam
3413 1993 3578 2049 Cera-

1985 2102 2089 2155 ruei
2139 2099 2503 2170 cognomine,
2556 2107 2613 2154 et
2671 2093 3072 2165 archiepiscOpi
3129 2089 3574 2146 Tauromenitani

1988 2195 2165 2248 titulo.
2205 2194 2322 2260 Qua
2367 2191 2434 2248 de
2488 2205 2547 2247 re
2598 2189 2803 2246 vidcsis
2833 2186 3092 2245 Scorsmu
3127 2187 3180 2241 itt
3213 2186 3478 2241 Praemia
3510 2202 3574 2252 It,

1987 2285 2126 2358 δὴ
2175 2284 2412 2340 Leoaem
2467 2282 2722 2338 Allalitnn
2785 2282 2835 2337 in
2903 2278 3150 2335 Diatribo'
3193 2281 3259 2334 de
3315 2278 3576 2350 Georgiis,

1987 2395 2137 2434 num.
2175 2376 2365 2439 LXXI.
2404 2386 2460 2432 et
2491 2375 2805 2431 Fabricium
2855 2376 2906 2428 in
2946 2373 3208 2429 Bibliorh.
3236 2372 3436 2430 Crteca:
3469 2372 3575 2428 vol.

1989 2471 2055 2539 Χ,
2093 2487 2210 2541 eap.
2234 2470 2327 2526 42.
2366 2472 2446 2525 Ad
2484 2469 2796 2540 Philagathi
2829 2467 3128 2539 philosophi
3157 2466 3573 2536 appellationem

1987 2569 2131 2633 quod
2164 2564 2381 2627 attinet,
2421 2563 2552 2633 quid
2587 2561 2678 2616 illa
2717 2559 2936 2615 rarius?
2969 2557 3125 2629 Apud
3173 2559 3382 2612 nullum
3437 2558 3581 2614 scri-

1989 2664 2199 2723 ptorem
2236 2654 2493 2723 nulloque
2551 2654 2602 2706 in
2665 2651 3003 2718 exemplari,
3058 2659 3424 2721 praeterquam
3474 2651 3580 2710 hoc

1992 2746 2294 2803 Matritensi
2358 2748 2618 2808 occurrit,
2677 2745 2765 2799 ubi
2819 2753 3032 2813 quater,
3103 2757 3208 2814 qua
3262 2743 3580 2798 suboriatnr

1990 2837 2274 2891 dubitandi
2339 2838 2519 2904 ratio,
2576 2836 2863 2907 repetitur.
2935 2837 3073 2893 Hinc
3129 2841 3286 2910 plane
3348 2841 3578 2911 colligas

1989 2938 2192 2998 quanta
2256 2943 2342 2983 me
2395 2928 2660 2984 invaserit
2711 2945 3030 2999 germanum
3088 2932 3326 2988 auctoris
3380 2948 3576 2989 nomen

1991 3021 2280 3090 detegendi
2315 3020 2608 3090 cupiditas,
2638 3029 2878 3091 quantus
2904 3021 3033 3075 mihi
3071 3022 3123 3076 in
3156 3037 3222 3077 eo
3253 3023 3578 3080 inveniendo

1992 3113 2180 3181 labor;
2219 3124 2353 3182 quot
2383 3113 2731 3168 homiliarum
2759 3113 3122 3183 scriptoribus
3145 3117 3574 3186 pervolutandis,

1987 3215 2121 3275 quot
2177 3207 2524 3261 conferendis
2578 3206 2938 3276 impenderim
2987 3222 3258 3278 operam,
3310 3188 3482 3266 donec
3521 3211 3578 3265 in

1985 3293 2312 3367 Philagatho
2336 3312 2634 3368 agnoscere
2667 3296 3036 3368 Theophanem
3072 3300 3292 3355 demum
3320 3302 3578 3374 contigit.

1987 3388 2165 3446 Meum
2212 3391 2344 3446 mihi
2398 3393 2702 3456 inventum,
2749 3402 2806 3446 ut
2838 3393 3074 3461 ingenue
3120 3394 3312 3462 fatear,
3348 3397 3580 3453 mirilire

1988 3498 2108 3538 sum
2163 3484 2496 3554 gratulatus;
2538 3485 2830 3555 scriptoris
2897 3486 3148 3542 invenire
3206 3504 3402 3543 nomen
3459 3491 3578 3558 plus

1989 3575 2164 3630 risum
2195 3583 2282 3630 est
2308 3591 2470 3644 quam
2496 3577 2700 3647 scripta
2736 3579 2838 3648 (a).
2871 3577 3180 3649 Philagothi
3209 3595 3372 3650 porro
3402 3584 3578 3637 uomi-

1989 3681 2058 3720 no
2089 3664 2502 3734 Theophanem,
2541 3669 2668 3724 dum
2720 3670 2891 3726 vitam
2953 3671 3313 3727 monasticam
3373 3684 3578 3742 ageret,

1988 3771 2148 3812 usum
2185 3758 2352 3814 fuisse
2383 3759 2543 3829 plane
2574 3769 2789 3815 constat
2827 3777 2895 3816 ex
2941 3764 3349 3834 subscriptione
3398 3764 3581 3821 horni-

1987 3849 2075 3904 lite
2107 3849 2174 3905 77
2207 3850 2478 3920 subjecta,
2503 3867 2666 3924 quant
2695 3853 2857 3926 hujus
2885 3854 3218 3913 codicisiol.
3245 3855 3354 3912 202
3382 3874 3580 3915 averso

1988 3942 2362 4000 exhibuimus.

2059 4033 2181 4091 iam
2220 4053 2346 4094 vero
2376 4039 2444 4095 de
2466 4050 2625 4097 aetate
2660 4059 2766 4115 qua
2796 4040 3163 4116 Theophanes
3190 4046 3347 4111 vixit,
3375 4047 3418 4103 si
3452 4063 3581 4104 vera

1988 4139 2074 4186 est
2098 4130 2260 4188 lectio
2285 4134 2664 4206 inscriptionis
2692 4138 2952 4204 homiliae,
2980 4139 3281 4195 secundum
3320 4139 3579 4198 Scorsum

1986 4220 2081 4289 26,
2117 4222 2172 4278 in
2197 4226 2533 4283 solemnitate
2558 4225 2877 4284 Pulmarum
2901 4232 3059 4287 dicta:
3089 4234 3323 4288 ἐνώπιον
3358 4235 3456 4290 τοῦ
3479 4240 3580 4308 ρη-

1989 4317 2086 4387 τδς
2125 4315 2339 4386 Ῥόγου,
2378 4319 2466 4374 ubi
2497 4327 2552 4376 et
2584 4318 2694 4376 Leo
2717 4320 2976 4389 Allatius,
3008 4334 3082 4391 et,
3115 4325 3232 4395 ipso
3272 4328 3473 4383 Scorso
3503 4329 3557 4386 ia

1997 4422 2166 4482 tente,
2202 4412 2534 4470 Sirntundus
2574 4413 2862 4487 Ῥογερὶου
2909 4431 3009 4487 pro
3051 4416 3243 4490 Ῥὀγου
3299 4420 3581 4492 legendum

1993 4517 2242 4574 censent,
2273 4524 2356 4564 nte
2406 4507 2498 4564 ille
2530 4509 2732 4563 vixisse
2794 4512 2976 4580 potius
3041 4512 3258 4567 \‘idezur
3292 4511 3508 4581 Rogerii
3539 4515 3579 4580 I,

1991 4598 2192 4656 Sicilire
2238 4601 2380 4673 regis
2435 4610 2680 4672 tempore
2738 4600 2808 4658 ab
2857 4619 3003 4660 anno
3061 4603 3285 4661 circiter
3346 4607 3485 4662 1150
3513 4609 3581 4663 ad

1990 4694 2153 4761 “Si,
2189 4710 2351 4764 quam
2381 4697 2582 4752 sarculo
2607 4712 2658 4749 tx
2696 4697 2798 4751 sub
2825 4695 3028 4752 Basilio
3052 4708 3106 4751 et
3133 4698 3314 4754 Leone
3343 4700 3580 4768 impera-

1990 4788 2222 4844 toribus.
2264 4786 2321 4844 Id
2365 4797 2547 4843 tamen
2581 4777 3157 4856 contendit-Scorsus,
3192 4793 3352 4845 modo
3400 4792 3578 4861 Ῥογε-

1989 4881 2112 4949 ρίου
2145 4879 2330 4936 delere
2363 4896 2586 4949 nomen,
2614 4884 2777 4938 modo
2805 4883 3130 4937 vocabulum
3177 4883 3370 4953 Ῥόγου
3411 4887 3582 4940 stabi-

1988 4970 2092 5028 lire
2119 4972 2272 5027 omni
2323 4974 2538 5029 ratione
2590 4972 2867 5040 adnitens,
2897 4984 3009 5029 tum
3041 4975 3306 5047 βασιλέως
3341 4979 3580 5047 appelln-

1992 5064 2216 5130 tionem,
2251 5081 2418 5135 quam
2453 5064 2821 5136 TheOphaues
2848 5068 3168 5138 frequenter
3201 5081 3448 5137 usurpat,
3481 5071 3582 5124 im-

1986 5165 2312 5225 peratorem,
2355 5173 2463 5213 non
2499 5175 2670 5230 regem
2706 5162 3041 5228 pertinacius
3089 5163 3476 5231 interpretans.
3509 5164 3580 5217 At

1987 5248 2196 5320 singula
2222 5251 2384 5325 hujus
2409 5264 2731 5322 argumenta
2755 5255 2974 5325 egregie
2992 5255 3221 5310 Allutius
3249 5256 3303 5309 in
3333 5256 3595 5319 Diali-ibas

1988 5342 2053 5396 de
2083 5341 2390 5399 Simeouum
2417 5348 2629 5414 scriptis
2657 5349 2921 5414 confutat,
2954 5350 3129 5418 ipsunt
3161 5349 3288 5402 item
3319 5349 3573 5403 Allatium

1987 5433 2266 5505 explanat,
2302 5447 2581 5508 totamque
2616 5455 2728 5494 rem
2782 5440 2989 5509 optime
3025 5441 3277 5494 enurleut
3309 5440 3574 5495 illustrat-

1988 5536 2094 5598 que
2120 5530 2420 5585 Casimirus
2453 5529 2701 5588 Oudiuus
2730 5533 2782 5587 in
2811 5530 3204 5588 Commentario
3235 5537 3297 5588 de
3321 5532 3574 5589 Ecciesiw

1988 5620 2340 5688 scriptoribus
2386 5624 2644 5694 antiquis,
2706 5634 2850 5679 tomo
2882 5623 2949 5689 Il,
2995 5627 3101 5682 col.
3139 5626 3280 5682 1185
3305 5643 3426 5698 sqq.

2061 5711 2143 5766 Ad
2171 5712 2413 5770 auctoris
2444 5718 2615 5773 nostri
2663 5719 2890 5788 scripta,
2925 5720 2978 5774 id
3013 5730 3099 5776 est
3144 5721 3417 5792 homilias,
3446 5729 3574 5776 tan-

371 5879 454 5948 (a)
495 5875 552 5934 Si
593 5876 892 5935 leoisono
947 5880 1180 5947 credas,
1226 5879 1437 5954 frustra
1487 5885 1577 5944 hic
1635 5887 1872 5946 exsultat
1909 5888 2147 5949 Yriarte.
2183 5890 2315 5952 Vide
2339 5910 2503 5968 supra
2543 5898 2648 5955 eoi.
2683 5897 2774 5953 21.
2809 5897 2966 5956 Eutr.
3005 5901 3172 5957 Pun.
