4104 6290
484 353 555 413 39
1636 342 2013 407 RECENSIO
2053 340 2221 401 σοι).
2264 337 2574 401 ιιειτιιιτ.
3667 339 3733 401 to

485 465 606 520 dem
645 463 991 518 accedamus.
1041 461 1143 515 Eas
1194 460 1364 515 multo
1404 460 1590 529 plures
1619 476 1738 515 esse
1770 461 2051 528 sesaginta

483 555 693 611 duabus
743 571 883 623 quas
921 554 1189 606 Scnrsana
1226 561 1584 621 reprmsentat
1625 552 1816 618 editio,
1863 550 1947 604 vel
1974 550 2062 604 hic

483 646 620 701 iiber
649 661 747 700 nis.
782 644 939 696 litlrm
980 644 1192 698 aliunde
1224 644 1373 697 facit.
1426 644 1569 696 Inter
1603 652 1829 697 ca-teros
1880 649 2059 696 autem

486 753 668 790 earum
732 737 1085 790 lli-miliarum
1152 737 1367 789 codices
1415 733 1869 789 animadvertenti
1928 732 2059 786 mihi

485 849 609 885 cum
663 832 804 894 apud
859 834 1106 883 eumdem
1160 828 1443 892 Scorsum,
1474 837 1586 882 tum
1639 829 1779 895 apud
1820 824 2058 880 Leonem

485 925 742 977 Allatium
780 925 830 974 in
864 922 1103 975 Dintriba
1138 922 1203 974 de
1237 921 1473 991 Georgii:
1505 920 1671 974 etiam
1710 918 2060 973 Eseurialen-

488 1032 575 1068 ses
612 1016 835 1083 allegari
886 1017 1070 1065 statim
1130 1014 1281 1066 adire
1339 1014 1611 1066 surcurrit
1665 1010 2059 1079 prmcipuorum

489 1107 882 1160 Escurialensis
909 1105 1250 1159 bibliotheeze
1292 1120 1421 1157 mss.
1456 1104 1717 1165 Iudicem,
1745 1118 1905 1169 quem
1935 1117 2061 1171 par-

487 1198 581 1248 tim
618 1211 681 1247 ex
724 1195 892 1262 ipsius
920 1197 1191 1261 catalogo,
1224 1196 1417 1261 partim
1453 1209 1516 1245 ex
1572 1194 1703 1260 ipsis
1734 1190 1887 1245 libris
1933 1191 2059 1242 olim

484 1288 964 1348 eum-iiuiaveram,
1021 1302 1161 1338 anno
1196 1288 1445 1341 videlicet
1507 1285 1683 1348 ΗΠ,
1736 1285 1861 1337 dum
1918 1283 2060 1352 apud

488 1380 694 1447 regium
724 1379 854 1430 illud
883 1378 1218 1441 cwnobium,
1245 1380 1485 1430 omnium
1511 1378 1711 1429 artium
1748 1375 2063 1442 disciplina-

487 1484 716 1535 rumque
745 1468 950 1530 sedem,
986 1468 1260 1520 mensibus
1287 1465 1509 1521 Octobri
1555 1478 1609 1518 et
1649 1465 1935 1519 Novembri
1969 1479 2065 1533 per

486 1560 601 1614 dies
625 1559 981 1628 quadraginta
1008 1575 1114 1611 non
1138 1560 1348 1611 otiosus
1374 1567 1647 1624 spectator
1669 1569 2057 1610 connuorarer.

485 1651 562 1703 lio
612 1653 663 1702 in
723 1650 902 1703 indice
962 1659 1361 1719 peropportune
1419 1647 1617 1701 librmn
1664 1646 1863 1702 oﬂeudi
1899 1690 1912 1710 ,
1972 1644 2060 1700 cui

489 1742 677 1794 titulus
715 1758 727 1793 :
762 1740 1006 1809 Gregorii
1037 1740 1262 1809 episcopi
1296 1738 1661 1793 Tauromeniw
1684 1738 1879 1793 Sicilia:
1902 1740 2063 1791 Ceru-

485 1835 586 1887 mei
613 1835 768 1886 varia:
797 1832 1068 1891 llomilim,
1100 1834 1198 1885 hac
1226 1843 1349 1884 nota
1376 1831 1699 1885 distinctum
1724 1851 1736 1886 ε
1759 1830 1849 1886 ιν.
1882 1834 1939 1886 Ω.
1968 1833 2057 1888 27.

556 1927 825 1979 Continuo
854 1936 987 1992 quot
1018 1936 1069 1977 et
1111 1939 1247 1992 quas
1282 1927 1735 1993 complecteretur
1764 1926 1848 1979 hic
1883 1926 2061 1979 homi-

483 2020 605 2084 lius,
638 2019 837 2071 certior
883 2014 997 2067 lieri
1049 2016 1302 2084 cupidus,
1352 2020 1418 2067 ad
1462 2013 1795 2069 Bernardum
1824 2015 2061 2080 Yriarte,

488 2111 671 2165 fratris
705 2111 806 2162 mei
837 2108 1025 2169 lilium,
1058 2108 1302 2177 primarii
1339 2112 1610 2175 regiorum
1634 2108 2061 2162 commentario-

490 2220 606 2258 rum
644 2202 831 2255 scrinii
856 2202 1260 2264 administrutn,
1293 2199 1429 2269 apud
1465 2214 1625 2267 supra
1655 2200 1856 2253 dictum
1878 2212 2064 2252 como-

487 2294 657 2350 bimn.
694 2290 992 2345 rusticante
1025 2290 1097 2343 ibi
1132 2302 1280 2354 rege,
1327 2289 1628 2354 degentem,
1683 2286 1890 2339 litteras
1944 2285 2062 2339 dedi

484 2399 577 2437 ινι
632 2382 755 2433 Kal.
809 2382 945 2449 Aug.
980 2395 1070 2432 an.
1114 2377 1272 2442 l766,
1309 2378 1468 2432 enixe
1520 2375 1799 2444 postulans
1840 2384 1898 2429 ut
1928 2375 2063 2427 duos

487 2472 843 2538 peritissimos
874 2470 993 2537 ejus
1015 2469 1358 2523 bibliothecae
1382 2469 1635 2521 custodes
1661 2483 1721 2519 ea
1754 2468 1822 2523 de
1852 2483 1909 2522 re
1934 2484 2063 2521 eon-

486 2562 695 2616 veniret
754 2560 1188 2627 consuleretque.
1256 2559 1408 2626 Quod
1482 2575 1603 2611 cum
1664 2557 1757 2612 ille
1819 2571 2061 2624 strenue,

485 2654 940 2722 quemadmodum
970 2652 1109 2706 solet
1151 2652 1354 2713 oniuia,
1387 2649 1744 2720 praestitisset,
1780 2650 1847 2704 R.
1880 2649 1941 2703 Ρ.
1972 2652 2064 2704 Di-

486 2749 655 2799 dacus
685 2746 753 2799 de
777 2742 1054 2809 Cisneros,
1080 2743 1364 2797 custodum
1405 2744 1695 2807 secundus,
1721 2744 1806 2798 cui
1836 2743 2066 2797 scheduo

483 2837 595 2891 lam
626 2852 799 2890 meam
832 2835 1037 2890 codicis
1085 2837 1320 2900 titulum,
1356 2846 1647 2904 notamque
1686 2836 2061 2906 praeferentem

485 2930 577 2984 ille
608 2930 926 2993 tradiderat,
969 2939 1080 2984 tam
1136 2930 1423 2999 diligenter
1471 2944 1632 3000 quam
1669 2930 1976 2983 humaniter
2006 2937 2062 2982 et

490 3020 633 3081 illius
658 3021 818 3075 dictis
850 3029 907 3074 et.
948 3020 1086 3075 meis
1114 3022 1419 3087 obsequens
1446 3021 1679 3089 optatis,
1719 3019 2066 3075 accuratissio

489 3130 637 3167 nium
669 3112 935 3182 ejusmodi
968 3114 1194 3179 codicis,
1236 3113 1577 3166 bomiliarum
1612 3124 1719 3165 tum
1752 3113 2063 3182 inscriptio-

487 3205 672 3266 nibus,
706 3214 819 3259 tum
849 3205 1038 3274 primis
1075 3205 1338 3273 cujusque
1369 3206 1549 3259 verbis
1594 3205 1783 3260 Graece
1829 3205 2066 3273 perscri-

489 3296 617 3363 ptis.
651 3296 953 3365 catalognm
984 3296 1050 3351 ad
1084 3312 1169 3350 me
1199 3296 1439 3363 ejusdem
1486 3295 1745 3351 Bcrnardi
1771 3311 1872 3367 ope
1900 3296 2065 3352 biduo

489 3396 612 3454 post
645 3386 962 3440 mittendum
985 3387 1217 3441 curarit.

562 3474 614 3527 Is
642 3475 802 3545 igitur
834 3475 1228 3530 Escuriah-nsis
1256 3474 1447 3539 codex,
1490 3474 1632 3531 loliis
1652 3486 1911 3533 constans
1933 3479 2063 3544 299,

491 3575 547 3618 et
587 3577 880 3618 meworata
920 3566 1173 3635 superius
1228 3575 1351 3619 nota
1400 3566 1489 3621 IV.
1532 3567 1595 3620 Ω.
1647 3568 1718 3621 27
1759 3567 2063 3641 insignitus,

492 3655 844 3727 TheOphanis
882 3659 1122 3711 continet
1162 3658 1424 3714 liomilias
1451 3661 1675 3714 omnino
1704 3662 1793 3725 56,
1837 3679 2064 3732 quarum

490 3761 742 3816 princeps
778 3746 939 3802 talem
988 3748 1208 3803 exhibet
1247 3750 1457 3804 titulum
1501 3767 1516 3805 :
1561 3752 1669 3806 Τοῦ
1702 3760 2061 3825 μακαριωτά-

487 3857 606 3902 του,
638 3841 951 3909 σοφωτάτου
990 3857 1048 3893 τε
1087 3844 1179 3895 καὶ
1230 3843 1675 3914 ῥητορικωτάτου
1706 3850 2063 3919 ἁρχιιπισκό-

490 3947 596 3983 που
637 3931 1043 4002 Ταυρομενείας
1090 3935 1189 4003 τῆς
1246 3935 1498 3998 Σικελίας
1544 3937 1715 4009 κύρου
1762 3941 2066 4014 Γρηγορίου

490 4019 587 4073 τοῦ
618 4022 849 4090 ἐπίκλην
876 4022 1181 4093 Κεραμέως
1219 4026 1300 4086 εἰς
1320 4025 1418 4096 τὴν
1441 4027 1617 4098 ἀρχὴν
1648 4031 1748 4098 τῆς
1787 4032 2065 4100 Ἰνδίκτου,

488 4112 610 4181 ἦτοι
654 4112 750 4165 τοῦ
785 4114 909 4166 νέου
942 4115 1117 4178 ἔτους.
1156 4117 1211 4169 ld
1256 4132 1341 4170 cSt
1376 4132 1392 4169 :
1430 4116 1754 4186 Beatissimi,
1788 4126 2068 4194 sapientis-

489 4203 612 4256 simi
643 4219 705 4255 ac
726 4206 1135 4274 eloquentissimi
1186 4210 1568 4280 archiepiswpi
1608 4209 1945 4269 Tauromeuii
1976 4218 2065 4272 Si-

488 4293 649 4360 itiliie,
678 4296 881 4349 domini
907 4295 1171 4367 Gregorii,
1203 4314 1542 4368 cognomento
1590 4302 1849 4371 Ceramei,
1893 4308 2067 4361 horni-

487 4387 562 4441 lia
580 4388 635 4440 in
650 4389 967 4457 principium
993 4389 1331 4457 lititictionis,
1349 4394 1765 4462 sicanooianni;
1793 4408 2065 4462 postrema

488 4479 568 4533 sic
604 4480 921 4535 inscribitur
951 4496 968 4534 :
1012 4481 1120 4535 Τοῦ
1153 4486 1319 4537 αὐτοῦ
1355 4486 1544 4555 ὁμιλία
1589 4490 1671 4552 εἰς
1708 4491 1770 4542 τὸ
1808 4493 1877 4544 ια’
1907 4493 2066 4546 ἑωθι-

490 4570 601 4637 νόν,
631 4573 945 4641 incipitque,
987 4574 1077 4645 Τῷ
1122 4576 1301 4648 καιρῷ
1330 4579 1524 4649 ἐκείνῳ
1553 4580 1900 4655 ἐφανέρωσεν
1938 4586 2068 4639 ἑαυ-

491 4664 582 4717 τὸν
612 4666 640 4716 ὁ
678 4665 881 4733 Ἰησοῦς
919 4669 1029 4729 τοῖς
1058 4668 1348 4739 μαθηταῖς.

564 4758 634 4807 At
660 4757 774 4809 ista:
798 4772 986 4811 muncs
1006 4758 1114 4826 jam
1139 4778 1166 4811 a
1194 4760 1252 4814 P.
1283 4760 1481 4820 Scorso
1508 4766 1644 4836 typis
1669 4768 2068 4826 Parisieusibus

492 4850 773 4918 evulgatte.
822 4849 876 4901 ln
914 4852 1021 4904 line
1073 4855 1307 4919 accedit,
1344 4854 1450 4909 Τοῦ
1500 4862 1817 4928 σοφωτάτου
1851 4869 1946 4918 καὶ
1979 4865 2069 4919 λο-

492 4942 761 5008 γιωτάτου
800 4943 892 4994 καὶ
920 4944 1229 5010 ἁγιωτάτων
1260 4950 1599 5019 πατριάρχου
1623 4952 2070 5013 Κωνσταντινουι

489 5030 701 5092 πόλεως
749 5031 919 5103 κύρου
977 5035 1282 5105 ι’ρηγορὶου
1331 5038 1423 5090 τοῦ
1483 5039 1734 5111 Κυπρίου
1774 5045 1930 5114 λόγος
1986 5052 2068 5114 είς

490 5121 583 5174 τὸν
610 5123 765 5189 ἅγιον
820 5124 1283 5197 μεγαλομὰρτυρα
1326 5132 1422 5183 καὶ
1449 5139 1850 5207 τροπαιοφόρον
1888 5139 1928 5192 Γ
1929 5142 2068 5212 subp-

490 5231 631 5284 γιον.
661 5214 774 5269 Hoc
810 5225 894 5269 est
925 5235 939 5271 :
975 5216 1385 5285 Sapienliuimi,
1420 5224 1835 5293 eloquentissimi
1867 5242 1916 5284 et
1939 5250 2067 5288 san-

491 5308 712 5361 ctissimi
756 5306 1279 5379 Constantinopoleos
1320 5317 1663 5381 patriarchae,
1700 5320 1901 5377 domini
1934 5322 2069 5381 (ire-

491 5400 625 5467 ροτἱὶ
654 5398 836 5471 Cyprii
861 5417 1027 5455 sermo
1049 5403 1102 5455 in
1136 5415 1376 5458 sanctum
1403 5424 1649 5478 magnum
1693 5425 1978 5485 martyrem
2015 5430 2066 5473 et

492 5495 913 5561 ινοριεοριιοηιηι
955 5495 1262 5565 Georgium,
1294 5502 1363 5555 ab
1418 5504 1501 5555 his
1547 5504 1813 5577 incipiens
1836 5513 2016 5567 verbis
2049 5532 2061 5566 :

494 5583 655 5647 Ἐθος
683 5586 839 5640 τοῦτο
868 5588 975 5641 τῶν
999 5590 1177 5658 λόγοις
1207 5593 1625 5664 ἁγωνισομὲνων
1652 5600 1861 5670 σχεδὸν,
1887 5606 1977 5673 qui
2011 5609 2063 5659 in

492 5675 635 5729 Actis
675 5690 999 5745 sanctorum,
1048 5684 1248 5749 Aprilis
1289 5694 1419 5740 tom.
1452 5686 1556 5750 ;lll,
1605 5688 1691 5743 die
1732 5690 1823 5756 25,
1879 5692 2069 5751 Grmce

491 5782 555 5823 ac
610 5767 800 5826 Latine
850 5772 957 5841 jam
1016 5774 1235 5844 prodiit.
1299 5778 1539 5850 Denique
1589 5783 1644 5839 in
1696 5788 2002 5844 transmissi
2033 5805 2065 5845 α

2179 452 2240 506 ll.
2271 453 2333 507 P.
2362 452 2620 508 Cisncros
2678 453 2904 524 catalegi
2948 455 3051 510 ﬁne.
3087 455 3453 516 sill-notatum,
3478 452 3747 506 nihilom-

2170 548 2307 613 plius
2348 562 2413 599 ex
2446 545 2626 601 eodem
2675 545 2931 617 Gregorio
2961 548 3209 603 (Ierameo
3246 551 3299 603 in
3347 564 3407 601 ea
3435 555 3641 600 exstare
3670 547 3748 598 bi-

2174 636 2449 690 bliotlteca.

2242 726 2374 782 Tam
2424 729 2567 782 clara
2615 738 2793 783 tamen
2843 739 3006 799 atque
3061 738 3240 798 aperta
3276 728 3609 799 sagacissimi
3649 728 3747 782 viri

2171 820 2572 889 signiﬁcatione
2600 836 2628 873 a
2659 819 3006 890 Theophanis
3028 837 3249 892 ope-rum
3274 800 3583 890 inquirendi
3613 835 3748 876 eon-

2173 913 2297 966 s‘lio
2334 912 2556 967 minime
2597 924 2901 981 revocatus,
2931 916 3202 977 eumdem,
3237 914 3449 968 iteratis
3476 914 3543 965 ad
3588 929 3747 981 supra

2171 1004 2376 1059 dictum
2409 1002 2743 1059 Bernardnm
2781 1006 2997 1074 litteris,
3041 1023 3233 1076 rogare
3281 1007 3469 1069 institi,
3508 1016 3562 1056 ut
3589 1020 3750 1059 accu—

2172 1101 2343 1152 i'atius
2379 1100 2762 1168 investigaret,
2807 1100 2849 1152 si
2889 1113 2993 1168 qua
3032 1101 3239 1166 uspiam
3274 1098 3461 1151 lateret
3503 1096 3618 1163 ejus
3656 1112 3750 1149 at:—

2173 1190 2365 1255 ctoris,
2407 1202 2501 1245 aut
2539 1192 2606 1245 ad
2635 1207 2761 1246 eum
2800 1192 3076 1259 pertinens
3110 1192 3358 1259 ser-iptio,
3397 1192 3571 1259 qualis
3600 1190 3746 1258 ejus-

2172 1284 2290 1337 dem
2346 1284 2703 1339 Humi/iurum
2767 1284 3015 1349 Lexicott,
3066 1301 3093 1337 a
3129 1284 3189 1338 Ρ.
3226 1282 3421 1339 Scorso
3470 1285 3520 1337 in
3561 1282 3749 1354 primis

2179 1378 2637 1437 coortnendatnm,
2681 1386 2738 1428 ut
2784 1376 2995 1445 plenius
3022 1375 3159 1429 infra
3191 1377 3520 1429 narrabitur.
3554 1374 3747 1429 Verum

2173 1468 2620 1539 diligentissimus
2654 1469 2741 1522 ille
2776 1468 2935 1538 regia:
2983 1469 3328 1523 bibliotheca:
3360 1479 3563 1531 custos,
3594 1476 3749 1537 post-

2171 1575 2356 1628 quam,
2417 1560 2656 1613 adhibita
2712 1561 3026 1629 impensiori
3076 1576 3226 1623 cura,
3285 1559 3417 1613 nihil
3471 1561 3750 1612 invenerat

2172 1652 2318 1713 novi,
2350 1652 2605 1705 schedam
2642 1668 2800 1705 manu
2848 1668 2945 1707 sua
2976 1662 3255 1707 exaratam
3302 1654 3370 1705 ad
3421 1666 3504 1703 me
3538 1652 3751 1705 mittere

2175 1744 2417 1811 ejusdem
2456 1744 2716 1797 B:rnardi
2768 1760 2933 1815 opera
2987 1761 3095 1798 non
3138 1757 3220 1797 est
3257 1751 3511 1812 gravatus
3544 1760 3555 1795 :
3588 1756 3750 1808 quam

2170 1835 2320 1889 velut
2354 1834 2467 1901 ejus
2502 1846 2610 1888 tum
2661 1836 2974 1904 diligenlire,
3023 1846 3133 1889 tum
3175 1836 3333 1889 ollii-ii
3369 1844 3558 1888 testem
3600 1833 3751 1889 locu-

2173 1927 2527 1993 pletissimum
2557 1928 2758 1994 placuit
2799 1929 2899 1980 huc
2932 1929 3252 1996 produc-ere.

2249 2035 2268 2069 ι
2310 2018 2384 2070 En
2416 2020 2463 2071 el
2496 2020 2675 2073 Iudice
2700 2021 2922 2087 antiguo
2945 2034 3050 2087 que
3087 2019 3229 2089 regia
3263 2028 3417 2072 antes
3440 2016 3525 2072 del
3559 2017 3749 2071 incen-

2173 2111 2260 2165 dio
2290 2111 2375 2164 del
2407 2126 2551 2162 anno
2584 2111 2712 2164 1671
2753 2127 2811 2165 se
2839 2122 3174 2165 encuentran
3220 2114 3285 2165 de
3315 2110 3578 2180 Gregorio
3609 2110 3755 2164 Tati-

2173 2217 2395 2256 romeuo
2426 2202 2505 2256 las
2538 2203 2784 2257 homilias
2821 2221 2851 2274 y
2878 2205 3060 2258 titulos
3087 2206 3404 2274 siguientes.

2244 2294 2300 2346 l.
2340 2311 2359 2344 ι
2396 2293 2644 2345 llomilirc
2674 2313 2702 2345 (ι
2740 2296 3017 2349 ltonriniea
3050 2293 3319 2363 Principis
3342 2294 3752 2348 Publicanorum

2172 2398 2218 2440 et
2267 2388 2481 2441 Zaclta’i
2519 2404 2680 2455 usque
2718 2389 2786 2438 ad
2826 2387 3161 2440 ﬂaminicam
3212 2388 3267 2440 in
3311 2385 3490 2440 limitis
3535 2385 3751 2440 Palma-

2172 2497 2312 2534 rum.

2241 2574 2295 2625 ‘2.
2336 2590 2355 2623 ι
2392 2572 2525 2625 Item
2566 2572 2798 2625 Ironiiliu’
2836 2574 3186 2639 particular“
3212 2576 3370 2628 totius
3402 2574 3552 2627 anui.

2244 2666 2298 2719 5.
2346 2684 2364 2717 ι
2406 2664 2658 2718 ΙΙηηιὸίὲητ
2714 2682 2745 2717 (ι
2792 2666 3066 2719 Dominira
3119 2665 3381 2735 Principis
3433 2668 3755 2721 Publicnno-

2176 2778 2289 2814 rum
2324 2779 2483 2831 usque
2517 2764 2932 2814 nrltransaclmn
2972 2762 3465 2831 thtlmgcsimam,
3489 2774 3534 2817 et
3559 2763 3752 2831 ﬁniunt

2174 2856 2227 2905 in
2252 2853 2383 2919 festo
2410 2854 2655 2907 Omnium
2692 2853 3029 2907 Sanctorum.

2244 2945 2301 3002 4.
2346 2966 2364 2996 ι
2406 2943 2543 2997 Item
2571 2945 2622 2997 in
2651 2947 2888 2998 nntlecnu
2924 2946 3187 3000 Matutino
3220 2948 3484 3005 llomilid’.

2241 3040 2296 3093 5.
2348 3057 2367 3089 ι
2408 3038 2637 3092 Lexicon
2678 3041 3061 3106 pra‘cipuarum
3114 3040 3403 3094 dictionum
3454 3042 3753 3096 earumdem

2176 3130 2556 3185 llomilitirnm.

2252 3238 2271 3270 ι
2312 3219 2439 3274 Este
2478 3220 2711 3274 Lexicon
2743 3219 2930 3274 estaba
2970 3221 3328 3291 iucorporado
3360 3238 3427 3277 en
3465 3222 3512 3275 cl
3552 3223 3748 3278 mismo

2178 3323 2322 3365 toruo
2344 3326 2410 3365 en
2441 3328 2545 3380 que
2571 3328 2631 3367 se
2658 3312 2910 3367 ballabau
2944 3314 3024 3365 las
3061 3313 3319 3368 llomilias
3344 3316 3410 3368 de
3456 3314 3535 3369 los
3557 3314 3758 3371 Νιιιιιιςο

2177 3418 2265 3457 ros
2294 3402 2355 3467 2,
2385 3403 2440 3469 5,
2472 3404 2528 3458 4.
2568 3402 2611 3457 Y
2647 3419 2816 3475 segun
2858 3420 3073 3473 parece,
3129 3405 3287 3460 habia
3339 3406 3435 3460 dos
3485 3408 3758 3478 exempla-

2176 3509 2289 3561 res,
2314 3506 2697 3549 como-consta
2732 3496 2800 3549 de
2827 3495 2907 3550 los
2943 3496 3192 3551 diversos
3223 3496 3441 3566 lugarcs
3472 3515 3577 3566 que
3622 3515 3757 3555 ocu-

2176 3588 2349 3656 paban
2384 3602 2452 3642 en
2478 3589 2525 3641 la
2562 3587 2915 3644 bibliotheca.
2946 3590 3020 3641 De
3047 3600 3200 3644 estos
3227 3595 3445 3661 perecio
3477 3593 3524 3646 el
3548 3608 3651 3662 que
3677 3602 3752 3647 te-

2176 3681 2263 3735 nia
2321 3692 2437 3736 esta
2486 3681 2641 3736 senal
2696 3681 2782 3735 Vl.
2826 3681 2887 3735 Γ.
2927 3681 2968 3735 l.
3003 3696 3036 3752 y
3071 3698 3138 3737 en
3184 3694 3301 3738 este
3345 3700 3405 3738 se
3452 3686 3663 3740 hallaba
3708 3687 3755 3740 el

2176 3773 2436 3835 Lexieon.
2484 3773 2746 3829 Tambien
2802 3778 3015 3843 pereeio
3060 3776 3108 3830 el
3144 3777 3229 3831 del
3275 3795 3502 3834 numero
3558 3780 3613 3831 1ο
3641 3778 3755 3832 Con

2175 3882 2281 3937 que
2329 3882 2399 3922 no
2435 3880 2537 3921 nos
2588 3867 2656 3921 ha
2684 3868 2932 3935 quedado
2978 3868 3107 3941 (que
3161 3870 3434 3941 sepamos)
3470 3888 3586 3927 mas
3622 3871 3758 3925 libro

2177 3973 2281 4027 que
2310 3958 2357 4013 el
2392 3957 2458 4011 de
2486 3958 2565 4012 las
2599 3958 2665 4012 37
2710 3957 2994 4026 llomilias,
3033 3960 3103 4015 de
3136 3976 3242 4031 que
3273 3963 3324 4016 di
3351 3964 3568 4017 noticia.
3600 3982 3619 4015 ι

2246 4048 2440 4105 Gravis
2470 4051 2782 4113 enimvero,
2818 4060 2873 4104 ct
2908 4052 3263 4107 vehementer
3286 4053 3514 4109 dolenda
3564 4056 3759 4111 litteris

2174 4138 2385 4205 jactura
2418 4140 2433 4193 l
2470 4142 2778 4209 przesertim
2836 4139 3039 4209 Lezici,
3070 4145 3134 4196 de
3178 4158 3305 4210 quo,
3355 4153 3608 4214 tanquam
3644 4146 3759 4199 sin-

2179 4231 2347 4299 gulari
2375 4241 2429 4285 et
2456 4232 2670 4286 cazteris
2702 4232 3052 4288 bibliothecis
3100 4236 3281 4305 ignoto
3318 4253 3538 4304 prorsus
3570 4253 3755 4308 apere,

2179 4322 2253 4375 ita
2296 4321 2527 4378 Scorsus
2555 4324 2696 4378 inter
2736 4325 3145 4382 Escurialenses
3170 4330 3517 4400 Theophanis
3544 4336 3757 4387 cadit-es

2180 4411 2410 4468 Promm.
2440 4428 2523 4480 ιιι,
2558 4413 2668 4487 δε,
2698 4417 2956 4473 disserit:
2996 4420 3262 4475 Praeterea
3288 4423 3340 4476 in
3378 4429 3524 4494 regia
3560 4425 3755 4479 biblio-

2181 4507 2337 4560 theca
2390 4507 2619 4577 llispan.
2673 4510 2726 4562 in
2770 4515 3101 4567 monasterio
3159 4514 3215 4566 S.
3264 4513 3569 4581 Laurentii,
3613 4518 3754 4587 quod

2179 4594 2510 4652 Escurialem
2552 4610 2770 4665 vocant,
2804 4602 3107 4675 Γρηγορίου
3141 4608 3440 4660 ἐπισκόπου
3472 4609 3567 4677 τῆς
3603 4611 3753 4662 Σίκε-

2177 4687 2297 4751 λίας
2328 4689 2542 4758 ὁμιλίαι
2593 4691 2703 4743 ἀπὸ
2740 4694 2833 4744 τοῦ
2875 4696 3301 4764 ’Λρχιτελώνου,
3347 4710 3397 4751 et
3446 4700 3497 4751 in
3538 4702 3641 4752 alio
3670 4715 3755 4753 co-

2177 4779 2318 4841 dice,
2361 4778 2604 4848 Ὅμιλίαι
2635 4780 2731 4834 τοῦ
2766 4783 2890 4837 ὅλου
2930 4786 3203 4842 ἐνιαυτοῦ.
3249 4786 3489 4859 Gregorii
3526 4792 3754 4860 episcopi

2177 4867 2383 4923 Siciliar
2425 4872 2655 4927 homilia’
2685 4891 2719 4927 α
2754 4878 2989 4944 principe
3021 4882 3421 4945 publicanorum
3460 4885 3753 4945 inchoata';

2176 4960 2410 5016 Itoniitire
2457 4968 2621 5019 totius
2668 4969 2811 5031 anui,
2842 4985 2980 5036 quas
3030 4987 3161 5025 sane
3191 4978 3406 5027 easdem
3451 4989 3752 5043 essentque

2176 5053 2279 5107 bas
2302 5069 2439 5123 quas
2482 5055 2804 5127 evulgamus
2850 5060 3007 5113 [idem
3062 5064 3191 5118 fecit
3221 5065 3282 5120 D.
3329 5066 3607 5124 Marianos
3628 5068 3756 5122 γιιι-

2177 5162 2446 5215 guarnera
2500 5148 2944 5217 Panormitanus,
2986 5170 3092 5208 non
3144 5161 3317 5227 magis
3361 5174 3558 5229 genere
3584 5178 3745 5230 quam

2175 5240 2475 5294 litterarum
2520 5238 2828 5296 Graecarum
2869 5245 3177 5302 eruditione
3218 5252 3436 5317 clarus;
3518 5256 3602 5309 cui
3638 5254 3751 5307 il..-

2178 5331 2308 5386 driti
2345 5332 2401 5385 in
2451 5334 2603 5401 regia
2634 5332 2868 5406 Philippi
2900 5336 2966 5391 IV
3000 5340 3214 5410 degenti
3260 5347 3533 5411 negotium
3572 5347 3624 5401 in
3654 5348 3754 5403 hac

2176 5437 2236 5475 re
2263 5422 2529 5477 litterario
2566 5426 2710 5490 dedi,
2736 5440 2793 5480 ut
2822 5431 2890 5483 dc
2936 5430 3019 5487 his
3053 5432 3291 5489 homiliis
3328 5438 3500 5507 deque
3536 5451 3754 5494 auctore

2177 5528 2552 5586 cognosceret,
2580 5529 2636 5573 et
2673 5536 2740 5575 es
2764 5522 2942 5578 indice
2973 5541 3159 5581 earum
3193 5544 3327 5597 quas
3364 5533 3503 5601 apud
3545 5548 3629 5585 me
3654 5534 3753 5586 bno

2178 5612 2391 5678 bebam,
2417 5616 2483 5665 ad
2523 5614 2700 5683 ipsum
2735 5618 3059 5673 transmisso
3096 5619 3369 5675 conferret
3413 5635 3752 5689 argumenta,

2179 5703 2566 5773 inscriptiones
2594 5716 2651 5762 et
2678 5708 2851 5777 prima
2875 5711 3158 5781 ,cujusque
3204 5713 3388 5778 verba,
3418 5716 3610 5784 quibus
3643 5718 3755 5769 col-

2182 5794 2310 5853 latis
2335 5796 2557 5856 easdcm
2581 5814 2701 5859 esse
2729 5805 3015 5875 comperit,
3045 5819 3178 5875 quas
3208 5807 3349 5877 apud
3400 5822 3483 5865 mc
3521 5823 3639 5864 esse
3669 5808 3753 5863 iu-
