4104 6290
306 327 381 390 49
1340 337 1744 400 FRANCISCI
1785 339 1888 399 SC(

1997 340 2052 400 SI
2091 339 2514 402 ΡΒᾸΞΕΛΤΙΟ.
3504 337 3581 402 50

306 439 434 495 inde
491 454 678 497 rursus
720 442 919 498 absunt
969 444 1204 501 lioniilla:
1251 446 1304 502 iu
1357 465 1408 502 vn
1474 446 1669 504 Priora
1701 489 1716 515 ,
1769 466 1893 505 cum
1999 450 2206 508 lumine
2262 452 2387 508 folia
2423 453 2478 508 in
2517 453 2745 508 alterum
2783 453 2905 509 sine
2942 452 3056 509 ullo
3104 451 3432 509 detrimento
3489 453 3586 506 aut

304 532 611 601 fragmento
647 533 882 589 liomilize
918 535 972 590 iu
1016 540 1330 606 septimum,
1364 555 1501 608 quas
1542 542 1631 597 hic
1667 545 1891 601 omnino

307 624 575 687 invenias,
609 635 772 695 atque
811 643 919 682 uno
957 631 1126 684 verba
1168 638 1377 687 «ctera:
1416 634 1654 688 botulilia:
1703 637 1886 701 varim,

305 729 602 783 earumque
633 716 962 786 fragmenta,
993 737 1113 790 qua:
1145 722 1233 777 hic
1255 729 1625 782 continentur.
1658 729 1723 780 At
1748 731 1890 785 unde

306 811 533 857 mutuus
569 807 856 877 utriusque
908 812 1114 867 codicis
1165 813 1440 870 deiectus?
1487 816 1584 871 llic
1629 820 1887 874 nimirum

302 896 476 952 codex
520 899 591 953 55
640 903 920 958 memorati
973 905 1182 962 codicis
1226 908 1294 962 l6
1325 926 1449 975 pars
1489 923 1601 976 est;
1656 913 1728 966 ita
1767 927 1888 966 esse

304 990 444 1046 nihil
475 995 746 1063 apertius,
788 997 924 1051 nihil
978 998 1341 1056 manifestius.
1376 1001 1519 1058 Idem
1553 1006 1695 1059 enim
1748 1004 1887 1059 utri-

302 1099 410 1153 que
451 1088 666 1152 modus,
718 1089 907 1143 eadem
951 1095 1283 1148 membrana:
1332 1097 1634 1160 crassities,
1685 1098 1890 1169 pariter

303 1177 521 1234 fumosa
565 1180 767 1246 facies;
801 1183 990 1237 eadem
1029 1200 1240 1249 manus.
1269 1189 1460 1243 eadem
1492 1191 1726 1258 denique
1751 1191 1889 1246 scri-

305 1285 466 1341 plura
533 1273 925 1331 vetustioribus
988 1276 1186 1334 litteris
1244 1283 1423 1336 erasis
1481 1283 1885 1350 superindueta.

302 1364 457 1420 Adde
497 1365 847 1422 bomiliarum
900 1379 1086 1427 minus
1143 1371 1538 1442 supplementa,
1599 1375 1737 1429 adde
1777 1371 1889 1429 fra-

301 1470 646 1529 gmentorum
710 1461 1047 1530 aptissimam
1119 1465 1565 1533 copulationetn,
1627 1477 1680 1523 et
1732 1467 1889 1537 quasi

301 1552 719 1608 commissuram
753 1573 768 1610 :
811 1555 970 1618 adeo,
1009 1566 1070 1612 ut
1104 1572 1290 1628 parem
1329 1558 1468 1614 alter
1514 1561 1676 1615 alteri
1715 1560 1886 1616 codex

300 1657 460 1710 opem
503 1653 747 1712 praestet,
783 1649 1095 1718 mutuisque
1134 1650 1388 1707 adhibeat
1423 1650 1742 1708 vulneribus
1778 1668 1889 1706 me.

299 1734 566 1789 dieinam.
594 1735 842 1803 Quonam
879 1749 1060 1794 autem
1096 1745 1263 1798 sortis
1295 1743 1382 1798 vel
1423 1744 1658 1814 ingenio,
1692 1744 1772 1800 vel
1803 1745 1888 1800 di-

297 1826 522 1898 ligentia
553 1827 754 1885 laetum
785 1847 910 1889 esse
934 1833 1190 1900 dixerim,
1219 1843 1280 1890 ut
1313 1835 1502 1892 avulsa
1536 1853 1602 1892 es
1652 1852 1763 1895 uno
1791 1853 1886 1893 vo-

2003 543 2383 599 immiuutione
2408 544 2802 600 convenerint?
2826 555 2885 599 ut
2911 545 3170 599 distracta
3200 546 3358 596 unius
3382 557 3579 612 corpu-

1997 635 2071 689 ris
2115 635 2358 689 membra
2412 635 2778 705 coagmentati
2825 635 3121 705 potuerint,
3173 647 3338 703 atque
3383 633 3575 685 iterum

1995 729 2332 785 coalescere!
2371 727 2561 784 Nonne
2605 729 2795 785 ambos
2836 728 3140 798 huiusmodi
3189 727 3407 781 codices
3453 739 3576 779 cum

1999 824 2103 877 illis
2134 832 2371 876 veterum
2417 833 2718 890 temporum
2766 822 2962 877 chartis
3008 837 3100 889 per
3125 820 3459 890 alphabetum
3497 819 3582 873 di-

1996 917 2120 969 visis
2175 915 2372 969 nierito
2425 930 2727 986 compares,
2771 931 2892 984 qua:
2933 913 3083 985 prius
3122 914 3342 976 decisae,
3373 914 3573 981 postea

1997 1006 2228 1060 admotae
2272 1005 2608 1073 conataeque,
2659 1008 2883 1062 omnino
2932 1007 3072 1060 inter
3121 1019 3179 1060 se
3237 1004 3574 1061 cohaerentes

1999 1097 2452 1152 inveniebantur?
2495 1097 2665 1152 Tanta
2699 1097 2928 1152 duorum
2970 1097 3302 1152 voluminum
3346 1109 3576 1150 concor-

1995 1189 2108 1253 dia,
2145 1200 2252 1244 tam
2289 1189 2580 1258 singularis
2615 1190 2986 1259 miritieusque
3010 1204 3328 1246 consensus.

2065 1280 2293 1346 Quando
2331 1296 2461 1336 vero
2503 1280 2740 1335 insolens
2775 1281 3084 1351 hujusmodi
3124 1279 3336 1334 avnlsio
3377 1288 3432 1334 et
3467 1277 3578 1331 dis-

1997 1372 2191 1427 tractio
2245 1372 2554 1443 contigerit,
2610 1373 2733 1443 quis
2803 1387 2933 1429 vere
2986 1370 3268 1426 aﬂlrmet?
3312 1369 3473 1423 Certe
3518 1367 3575 1423 in

1996 1466 2342 1522 bomiliarum
2367 1464 2549 1520 iudice
2573 1465 2754 1520 saeculi
2784 1481 2853 1520 xv
2889 1479 3050 1520 manu
3089 1473 3335 1526 exarata,
3359 1462 3450 1531 qui
3483 1475 3576 1515 su-

1995 1575 2093 1630 pra
2141 1559 2291 1613 dicto
2341 1557 2517 1613 codici
2570 1557 2638 1612 16
2681 1557 3051 1628 praemittitur,
3108 1555 3308 1610 eadem
3347 1566 3572 1624 prorsus

1997 1649 2234 1706 liomiliai
2284 1659 2675 1711 memorantur,
2722 1663 2858 1717 quas
2889 1647 2976 1702 hic
3019 1644 3162 1703 forte
3197 1644 3410 1701 fortuna
3445 1657 3575 1698 con-

1995 1745 2131 1799 tinet
2153 1741 2327 1797 codcx
2357 1757 2373 1796 :
2401 1742 2640 1796 maximo
2658 1755 2792 1796 sane
2821 1747 3161 1810 argumento,
3201 1753 3306 1792 non
3333 1737 3468 1791 adeo
3488 1750 3574 1790 re-

1994 1845 2208 1892 centem
2234 1849 2360 1894 esse
2391 1835 2557 1891 talem
2587 1833 2923 1891 avulsionem
2953 1831 3495 1900 distractionemqne.

309 2047 3534 2086 W

961 2147 2030 2491 inmoratus
2177 2254 2915 2488 Cllltllllil

1621 2639 2271 2759 HOMlLl/E

287 2918 518 3094 IN
678 2913 1974 3099 EVANGELIA
2106 2910 3565 3101 DOMINICALIA

1177 3232 1331 3323 ET
1403 3231 1763 3321 FESTA
1835 3227 2278 3323 TOTIUS
2350 3232 2689 3323 ANNI.

763 3573 1298 3640 PRIMOIUBUS
1341 3575 1468 3638 ET
1508 3575 1841 3639 POPULO
1885 3576 1984 3638 ΤΑ
2003 3573 2632 3639 UROMENITANO
2671 3567 3103 3638 UNIYERSO

1412 3725 1940 3789 FRANCISCUS
1977 3724 2350 3788 SCORSUS
2382 3724 2451 3785 S.

363 3853 535 3916 Cum
589 3848 790 3911 multa
832 3853 964 3914 sint
1033 3862 1250 3915 vestrae
1315 3854 1596 3916 civitatis
1649 3853 1955 3934 insignia,
2015 3852 2244 3935 quibus
2303 3853 2439 3914 sine
2477 3850 2608 3912 ullo
2661 3851 2991 3932 jactantite
3047 3851 3224 3933 fastu
3291 3848 3572 3930 gloriari

279 3954 500 4028 vobis,
555 3960 616 4014 et
666 3952 834 4013 inter
857 3953 1202 4032 primarius
1241 3955 1478 4018 Sicilia:
1519 3955 1705 4018 urbes
1734 3956 2141 4036 conspicuum
2176 3954 2394 4017 tollere
2445 3956 2738 4015 verticem
2795 3951 2957 4028 licet,
3047 3947 3572 4015 Tauromenitani

283 4060 484 4132 cives,
554 4057 668 4119 hoc
716 4067 879 4120 certe
931 4058 1120 4120 decus
1177 4079 1255 4121 ea:
1311 4061 1427 4122 hoc
1485 4079 1670 4140 opere
1727 4061 1903 4123 vobis
1959 4077 2318 4139 assurgens,
2376 4058 2547 4139 quod
2607 4067 2667 4121 et
2728 4068 2938 4120 vestro
2994 4059 3246 4122 nomine
3291 4058 3564 4124 simulet

281 4164 646 4227 eternitati
702 4175 1134 4228 consecratum
1175 4168 1395 4246 prodit
1457 4168 1524 4228 in
1591 4166 1811 4242 lucem,
1873 4176 1929 4229 et
1971 4165 2702 4243 honoriﬁcentissimam,
2752 4167 2810 4228 si
2861 4164 3031 4247 quod
3063 4163 3264 4240 aliud,
3332 4176 3392 4228 et
3427 4185 3566 4227 am-

279 4267 659 4346 plissimum
701 4276 815 4328 est.
879 4267 1132 4329 Etenim
1161 4280 1384 4331 catera
1412 4289 1782 4351 magnarum
1841 4269 2095 4333 urbium
2121 4269 2348 4330 decora
2390 4279 2448 4330 et
2491 4279 2915 4340 monumenta,
2971 4287 3106 4349 qua
3140 4269 3227 4330 ad
3273 4272 3570 4348 potentia

286 4368 762 4452 opulentiaque
827 4373 1312 4433 ostentationem
1367 4390 1593 4451 magno
1639 4371 1956 4433 molimine
2016 4389 2400 4450 operosaque
2453 4387 2644 4431 manu
2701 4368 3089 4447 exadiﬁcata
3149 4379 3322 4446 sunt,
3385 4389 3571 4452 quam

284 4477 421 4536 sint
480 4472 765 4533 obnoxia
816 4470 952 4534 cali
1007 4491 1079 4532 ac
1125 4481 1559 4551 tempestatum
1607 4473 1891 4554 injuriis,
1924 4482 1982 4535 et
2045 4473 2099 4532 si
2139 4471 2228 4532 ha:
2278 4471 2504 4543 desint,
2565 4489 2749 4551 quam
2803 4480 3112 4533 vetustate
3161 4473 3302 4551 ipsa
3351 4473 3566 4535 subsi-

287 4573 477 4636 dant.
555 4571 860 4650 fatiscant
932 4577 989 4631 et
1044 4569 1504 4647 dissolvantur,
1559 4591 1668 4632 vos
1721 4572 1845 4650 ipsi
1898 4571 2044 4634 estis
2103 4570 2341 4633 oculati
2409 4580 2618 4632 testes.
2698 4568 2963 4630 Habetis
3045 4579 3268 4632 vestra
3339 4574 3568 4633 veteris

286 4666 780 4749 amplitudinis,
836 4684 970 4746 qua
1004 4665 1097 4727 vel
1127 4669 1467 4728 Romanam
1518 4669 1716 4746 ipsam
1745 4669 2239 4747 magnitudinem
2282 4666 2567 4728 temulari
2597 4664 2868 4750 voluisse
2928 4665 3060 4727 visa
3097 4675 3270 4741 sunt,
3301 4670 3572 4748 vestigia

286 4771 503 4833 adhuc
553 4768 691 4830 solo
750 4767 1091 4842 exstantia,
1124 4787 1233 4828 seu
1259 4769 1482 4847 potius
1513 4770 1758 4831 stantia
1795 4769 1999 4831 adhuc
2043 4770 2290 4848 integra
2312 4776 2706 4828 monumenta
2733 4787 2753 4828 :
2804 4785 2949 4827 nam
2992 4785 3104 4827 vos
3135 4770 3334 4847 magis
3384 4786 3572 4851 quam

292 4881 568 4933 crateras
610 4871 889 4951 fortuna
939 4870 1299 4950 petulantia
1346 4869 1601 4931 videtur
1652 4872 1966 4938 reverita:
2013 4891 2054 4933 α
2097 4871 2273 4932 vobis
2315 4871 2428 4950 jus
2475 4887 2657 4928 suum
2707 4868 3045 4946 avidosque
3108 4867 3318 4928 dentes
3373 4869 3573 4931 absti-

289 4968 515 5031 nuisse
574 4968 941 5037 Saturnus;
997 4976 1164 5028 utet
1219 4969 1278 5028 si
1333 4984 1579 5027 morsus
1635 4965 1952 5046 inﬂixerit
2005 4967 2274 5046 aliquos,
2330 4975 2532 5027 tamen
2578 4966 2788 5027 omnia
2839 4982 2967 5025 non
3009 4963 3328 5045 afﬂixerit
3361 4983 3434 5044 ac
3459 4964 3566 5026 de-

290 5075 551 5136 vorarit
581 5093 606 5137 :
665 5073 999 5144 theatrum,
1061 5072 1521 5144 naumachiam,
1584 5090 1894 5149 aquarum
1942 5072 2028 5136 ad
2076 5090 2206 5133 eam
2261 5071 2512 5142 ductus,
2562 5080 2616 5130 et
2646 5069 3043 5149 receptacula
3075 5067 3572 5132 substructionis

293 5172 580 5251 antiqua
631 5178 818 5252 atque
869 5170 1236 5249 magniﬁca.
1304 5169 1425 5231 Sed
1469 5188 1540 5230 ea
1571 5188 1706 5250 qua:
1757 5178 1982 5248 suapte
2025 5174 2260 5230 natura
2321 5164 2560 5228 caduca
2614 5176 2763 5226 sunt
2809 5167 3047 5244 partim
3102 5165 3356 5230 subruit
3386 5177 3574 5246 atque

297 5274 592 5345 detrivit,
654 5281 726 5334 ut
769 5273 935 5347 dixi,
989 5283 1265 5335 vetustas
1313 5276 1496 5355 ipsa;
1544 5277 1787 5355 partim
1835 5275 2023 5336 etiam
2063 5292 2184 5352 pro
2241 5293 2358 5334 sua
2417 5273 2785 5334 conditione
2858 5269 3110 5350 delapsa
3155 5271 3404 5334 tandem
3445 5288 3564 5350 po-

296 5379 559 5438 steritas
613 5376 998 5456 ingemiscat.
1058 5377 1308 5440 Cetera:
1365 5381 1549 5442 etiam
1611 5389 1832 5441 vestrae
1904 5379 2182 5441 civitatis
2239 5379 2702 5458 prwrogativc,
2766 5375 3168 5438 conditorum
3239 5375 3571 5450 nobilitas,

297 5475 661 5554 antiquitas
713 5492 852 5534 cum
880 5473 1176 5536 plurimis
1219 5474 1458 5537 Sicilia;
1509 5475 1772 5538 urbibus
1810 5492 2015 5554 prope
2043 5495 2269 5551 coava,
2326 5475 2608 5548 libertas,
2639 5471 2849 5538 civilis
2878 5472 3376 5548 administratio,
3411 5475 3576 5554 jura

299 5572 602 5633 Romanae
663 5559 946 5646 colonus,
1007 5587 1350 5653 cateraque
1411 5592 1546 5654 qua
1601 5593 1639 5633 a
1688 5593 1780 5634 me
1836 5574 1919 5636 ad
1971 5575 2400 5637 suscitandam
2457 5577 2739 5638 civitatis
2795 5587 3013 5639 vestrae
3045 5575 3468 5656 gloriamjam
3499 5575 3568 5636 in

301 5670 628 5731 hominum
678 5671 904 5731 animis
961 5689 1119 5750 pene
1172 5675 1547 5735 exstinctam
1601 5674 1670 5734 in
1725 5676 1932 5752 primo
1993 5674 2314 5756 isagogico
2351 5676 2652 5755 proamio
2710 5675 2967 5756 longius
3038 5679 3357 5757 descripta
3396 5683 3570 5749 sunt,

301 5788 663 5851 quanquam
732 5769 964 5834 litteris
1017 5793 1255 5854 semper
1312 5777 1578 5837 victuris
1625 5777 1755 5837 sint
1815 5782 2238 5856 consignata;
2297 5787 2497 5842 tamen
2536 5782 2742 5844 nescio
2799 5801 2921 5862 quo
2977 5793 3167 5862 pacto
3242 5783 3581 5845 etiamnum
