4104 6290
505 266 572 335 51
1532 269 1933 333 FBANCISCI
1977 271 2245 333 SCORSI
2287 269 2706 333 PILEFATIO.
3700 256 3771 320 52

501 386 923 457 delitescunt;
982 398 1038 450 et
1087 388 1147 450 si
1170 388 1379 450 minus
1416 386 1493 447 ab
1527 387 1633 463 iis,
1690 395 1857 448 certe
1903 386 1979 449 ab
2044 388 2365 450 hominum
2420 384 2519 447 vel
2568 386 2857 457 scientia,
2919 382 3014 444 vel
3076 380 3375 444 memoria
3396 376 3764 448 obliterata,

500 491 818 574 multoque
872 495 1073 572 magis
1122 493 1199 555 ab
1258 512 1367 554 ore
1408 511 1481 552 ac
1546 508 1825 553 sermone
1886 495 2201 555 communi
2258 504 2519 565 remota,
2575 502 2630 553 et
2693 492 2751 552 si
2790 488 3194 570 paucissimis
3245 483 3635 565 antiquariis
3703 491 3761 544 et

500 599 877 661 interiorum
927 598 1282 662 litterarum
1341 598 1649 660 studiosis
1702 608 1879 671 nota,
1918 598 2208 660 maxima:
2262 609 2426 661 certe
2472 599 2793 661 hominum
2840 597 3016 677 parti
3069 596 3287 671 ignota
3331 600 3504 653 sunt.
3539 590 3764 669 Atque,

497 709 572 760 ut
626 717 747 762 acu
794 703 1070 780 propius
1120 718 1252 761 rem
1331 700 1673 778 attingam,
1733 700 2225 778 quotusquisque
2275 701 2704 777 Theophanem
2750 709 3024 759 vestrum
3077 707 3341 755 veterem
3393 693 3767 761 antistitem,

500 795 1075 878 eloquentissimum
1136 796 1558 871 ecclesiasten,
1635 796 1808 859 omni
1872 795 2316 858 doctrinarum
2362 814 2587 876 genere
2643 798 2950 876 insignem
2997 798 3204 857 virum
3245 811 3443 875 usque
3494 791 3579 854 ad
3637 794 3761 855 ho-

500 899 785 962 diernam
850 902 1011 963 diem
1058 897 1162 962 vel
1217 900 1291 961 de
1330 900 1603 973 nomine,
1673 900 1901 962 nedum
1962 898 2034 961 de
2081 901 2246 981 facie
2305 901 2615 962 noverat?
2667 898 2918 962 Claruit
2965 895 3075 958 ille
3128 896 3377 977 quidem
3437 913 3570 955 una
3623 912 3764 956 eum

495 1002 708 1063 aureis
762 1010 983 1063 vestra:
1035 998 1400 1080 reipublicae
1442 999 1740 1067 saeculis:
1782 1001 1890 1060 sed
1935 1000 2046 1062 ubi
2101 1001 2538 1080 Agarenorum
2569 998 2899 1080 imperium
2929 994 3276 1058 decolorem
3321 993 3585 1056 induo-it
3616 1004 3767 1055 teta-

498 1116 640 1181 tem,
698 1128 772 1169 ac
805 1108 1094 1189 ferream,
1162 1106 1427 1169 eamdem
1485 1123 1686 1185 prope
1742 1125 1817 1167 ac
1868 1116 2089 1168 vestrm
2140 1105 2422 1167 civitatis
2482 1103 2669 1165 decus
2724 1104 3049 1186 fortunam
3101 1100 3382 1174 subivit,
3438 1097 3767 1177 eademque

495 1214 689 1272 ruina
751 1228 955 1291 prope
988 1212 1353 1291 [uneratum
1412 1209 1543 1294 ejus
1582 1226 1804 1271 nomen
1842 1220 1898 1272 et
1953 1209 2250 1271 obrutum
2297 1216 2408 1268 est.
2485 1207 2942 1277 Verumtamen,
3001 1202 3328 1285 quoniam,
3380 1208 3451 1263 ut
3483 1201 3575 1263 ait
3618 1197 3765 1263 Cal-

497 1310 803 1377 limachus
836 1312 941 1373 ille
983 1314 1325 1383 Romanus,
1376 1313 1707 1391 qumsitum
1738 1310 1988 1391 ingenio
2022 1328 2247 1372 nomen
2303 1308 2378 1371 ab
2432 1327 2559 1371 ceco
2590 1326 2719 1370 non
2752 1306 3025 1383 sxcidet,

894 1418 977 1478 Et
1015 1436 1155 1477 cum
1182 1430 1505 1477 consumat
1541 1413 1836 1495 lapidem,
1866 1419 2230 1497 ferrumque
2256 1425 2561 1488 vetustas,
2946 1432 2947 1435 ‘

492 1518 736 1601 scripta
785 1529 990 1580 tamen
1025 1537 1227 1580 annos
1285 1523 1602 1592 evincunt,

1136 1618 1403 1697 Solaque
1428 1638 1556 1679 non
1589 1631 1829 1683 norunt
1874 1620 2001 1683 hac
2032 1628 2430 1682 monumenta
2461 1620 2648 1693 mori,

491 1721 851 1800 perfugium
896 1729 1122 1782 nactus
1181 1732 1294 1795 est,
1353 1721 1466 1784 ubi
1512 1722 1758 1784 diutius
1812 1723 2045 1785 durare
2089 1732 2146 1783 et
2208 1722 2413 1786 vivere
2455 1735 2662 1805 posset
2701 1722 3101 1801 Theophanes
3158 1732 3362 1785 vester
3432 1719 3763 1786 Cerameus

495 1828 565 1887 in
631 1823 1155 1888 bibliothecarum
1219 1825 1417 1903 asylis
1450 1845 1471 1886 :
1532 1826 1603 1888 in
1663 1826 1892 1907 quibus
1952 1844 2091 1887 eum
2144 1826 2229 1889 ad
2290 1828 2453 1889 hunc
2477 1827 2641 1890 diem
2684 1827 3020 1890 abstrusus
3082 1827 3313 1907 fuerit,
3376 1844 3451 1887 en
3512 1824 3763 1887 tandem

492 1928 726 2008 aspicit
786 1926 1003 2003 lucem,
1059 1938 1116 1990 et
1153 1930 1220 1989 in
1274 1949 1389 1992 ora
1427 1929 1747 1992 hominum
1787 1927 2163 2010 linguasque
2198 1928 2566 1991 traducitur
2593 1949 2615 1990 :
2658 1948 2797 1991 cum
2845 1948 2966 2011 quo
3005 1929 3281 2010 equidem
3312 1929 3519 1990 omnia
3551 1935 3763 1989 vestra

490 2025 685 2088 simul
740 2028 990 2101 decora,
1034 2046 1169 2110 qua:
1202 2029 1339 2110 jam
1390 2036 1703 2091 vetustate
1759 2029 2171 2092 inobscurata
2210 2039 2266 2093 et
2336 2027 2650 2093 oblivione
2703 2047 2906 2110 prope
2962 2029 3163 2093 deleta
3205 2032 3487 2113 fuerant,
3522 2028 3759 2091 revivi-

490 2146 663 2191 scere
715 2131 873 2195 mihi
918 2130 1265 2201 videntur;
1324 2150 1455 2194 non
1490 2129 1693 2192 solum
1754 2131 1904 2211 quia
1946 2131 2016 2193 in
2072 2132 2260 2214 hujus
2319 2132 2528 2211 operis
2575 2134 2894 2211 prommiis
2945 2132 3284 2214 isagogicis
3322 2147 3389 2191 ea
3424 2126 3520 2191 vel
3546 2128 3623 2190 ab
3667 2124 3764 2190 ul-

495 2227 649 2290 tima
688 2232 1070 2312 antiquitate
1124 2233 1397 2311 repetita
1444 2230 1543 2294 vel
1582 2235 1650 2294 in
1684 2233 2040 2293 memoriam
2068 2232 2389 2296 hominum
2418 2251 2715 2296 revocare
2742 2236 2838 2297 vel
2865 2233 2935 2297 in
2973 2235 3395 2315 cognitionem
3426 2230 3758 2298 adducere,

492 2337 625 2391 tum
681 2331 775 2390 rei
830 2332 1035 2411 ipsius
1099 2331 1411 2412 dignitate
1466 2341 1816 2412 permotus.
1881 2342 2013 2395 tum
2069 2343 2278 2395 vestro
2335 2335 2551 2397 studio
2595 2335 2850 2397 omnino
2906 2338 3266 2416 compulsus
3306 2333 3609 2401 institui;
3655 2330 3765 2391 sed

493 2433 677 2495 etiam
701 2435 852 2514 quia
882 2453 1022 2495 cum
1067 2434 1459 2514 Theophanis
1481 2434 1949 2514 archiepiscopi
1985 2446 2039 2495 et
2076 2436 2415 2513 scriptoris
2464 2435 2875 2500 ecclesiastici
2912 2454 3132 2499 nomen
3151 2457 3281 2501 non
3303 2437 3484 2500 modo
3517 2439 3759 2499 littera-

492 2545 727 2606 torum,
780 2535 888 2595 sed
941 2537 1129 2597 etiam.
1170 2554 1495 2598 sacrorum
1546 2548 1872 2598 oratorum
1933 2538 1999 2597 in
2040 2555 2151 2599 ore
2191 2538 2573 2613 versabitur,
2642 2558 2782 2601 cum
2833 2542 3145 2620 referetur
3187 2541 3258 2602 in
3284 2540 3757 2613 commentaria,

492 2657 629 2699 cum
672 2638 993 2700 resonabit
1026 2639 1092 2699 in
1114 2638 1360 2718 templis
1384 2638 1889 2721 populorumque
1915 2639 2554 2717 concionibus,simul
2580 2642 2767 2702 etiam
2795 2643 3193 2705 Tauromenii
3214 2641 3422 2723 gloria
3453 2642 3758 2722 decusque

490 2739 835 2801 resonabit.
898 2738 1107 2815 Quare
1160 2745 1425 2819 vt'gescet
1486 2740 1614 2802 hac
1661 2741 2049 2821 Theophanis
2092 2742 2305 2810 vestri.
2341 2759 2590 2822 unaque
2621 2743 3144 2806 Tauromenitani
3176 2744 3450 2804 nominis
3502 2741 3757 2823 gloria;

491 2851 545 2903 et
602 2840 889 2921 ﬂorescet
942 2841 1227 2920 quotidie
1277 2845 1516 2921 magis:
1577 2850 1633 2904 et
1678 2852 1981 2923 quantum
2025 2842 2252 2904 vestris
2288 2843 2668 2924 manu/actis
2705 2842 3001 2924 operibus
3057 2845 3433 2924 decerptum
3488 2853 3580 2907 est
3633 2847 3753 2908 (cci

490 2945 949 3027 longinquitas,
974 2952 1220 3009 tantum
1262 2955 1653 3029 arrogatum
1700 2945 2019 3011 laudibus.
2072 2947 2187 3010 Est
2238 2948 2399 3010 enim
2453 2949 2573 3011 hoc
2594 2966 2794 3010 meum
2835 2960 3321 3021 monumentum,
3383 2950 3622 3029 quoda
3654 2969 3751 3012 me

489 3062 712 3127 magno
777 3042 917 3108 cum
951 3046 1190 3118 studio.
1248 3048 1317 3109 in
1373 3064 1599 3128 magna
1662 3057 1868 3111 tamen
1907 3050 2205 3129 temporis
2232 3050 2450 3129 inopia
2500 3049 2830 3114 subcisivis
2857 3051 3312 3130 propemodum
3370 3052 3548 3114 horis
3598 3070 3745 3115 con-

487 3147 692 3211 ditum
749 3156 805 3210 et
865 3148 1299 3210 elucubratum
1351 3150 1605 3214 tandem
1657 3151 1911 3214 exsistit
1941 3159 2107 3225 :est,
2140 3151 2417 3234 inquam,
2471 3148 2638 3215 illud
2687 3152 3070 3233 hujusmodi,
3118 3161 3192 3213 ut
3240 3170 3359 3230 pro
3406 3153 3752 3219 immortali

488 3273 607 3317 sua
662 3254 1027 3316 conditione
1077 3254 1283 3316 vivere
1323 3254 1528 3334 possit
1589 3257 1886 3319 memoria
1942 3254 2319 3319 surculorum
2372 3258 2672 3327 omnium,
2725 3258 2894 3336 quod
2943 3259 3284 3336 posteritas
3323 3275 3566 3339 semper
3618 3278 3753 3320 am-

489 3360 845 3442 plectatur,
899 3369 955 3421 et
1009 3360 1147 3439 ipsa
1205 3362 1535 3426 intueatur
1589 3363 1938 3426 teternitas.
1995 3364 2117 3426 Sed
2170 3364 2339 3445 quod
2390 3381 2597 3425 meum
2635 3364 2800 3435 dixi,
2859 3366 2994 3446 jam
3054 3375 3225 3426 muto
3281 3364 3559 3434 dictum:
3602 3374 3659 3427 et
3714 3386 3754 3428 tt

486 3482 580 3527 me
637 3464 817 3544 quasi
862 3465 1159 3544 mancupi
1216 3482 1350 3528 rem
1397 3463 1733 3536 abalieno;
1787 3475 2058 3529 vestrum
2116 3467 2441 3529 volueram
2509 3465 2719 3528 dicere
2762 3467 2879 3529 hoc
2938 3484 3115 3545 opus,
3170 3465 3400 3546 quoda
3452 3484 3546 3528 me
3572 3465 3751 3528 vobis

487 3584 606 3643 pro
657 3567 878 3627 merito
926 3572 1156 3636 vestro.
1205 3585 1278 3629 ac
1308 3565 1518 3629 studio
1565 3567 1634 3629 in
1677 3566 2001 3629 alumnum
2027 3576 2212 3650 atque
2247 3576 2567 3649 pastorem
2608 3568 2856 3645 patritr,
2900 3565 3248 3649 collataque
3295 3568 3365 3630 in
3402 3567 3470 3630 id
3514 3569 3755 3631 exscri-

495 3664 761 3726 bendum
812 3682 930 3727 tere
980 3665 1235 3747 publica
1294 3666 1592 3731 donatum
1656 3686 1732 3729 ac
1798 3667 2153 3733 dedicatum
2202 3667 2369 3733 volo.
2452 3669 2673 3731 Vestro
2731 3670 2895 3729 enim
2967 3671 3411 3749 prcescriptum
3478 3668 3751 3737 nomini.

489 3772 969 3854 patrocinioque
1024 3771 1311 3834 devotum
1358 3770 1531 3839 haud
1590 3792 1832 3851 vereor,
1878 3785 1949 3840 ut
2012 3775 2081 3837 in
2119 3795 2235 3839 ora
2264 3794 2599 3858 manusque
2628 3783 2864 3838 vestras
2895 3784 2952 3837 et
2995 3777 3247 3858 gratius
3283 3784 3619 3840 venturum
3665 3778 3756 3840 sit

492 3883 550 3939 st
582 3874 806 3955 tutius,
838 3875 1196 3962 diutiusque
1230 3878 1298 3942 in
1328 3876 1570 3963 pluteis
1634 3878 1961 3947 doctorum
1978 3880 2299 3946 hominum
2337 3889 2756 3948 versaturtun.

1274 4085 1925 4099 .——.—-—-—-—”.———
1937 4086 2044 4096 -ο
2055 4086 2241 4097 ..ο-κ.

2248 4087 2525 4101 ..σο-..ιον-

2537 4087 2711 4097 -αοσν-ηαδσ
2725 4087 3461 4109 *σς-φοο-η-οο-η-οσ-φιο
3478 4089 3617 4104 ..μ’

1438 4245 1989 4336 HUMANIS
2063 4245 2809 4342 LECTORIBUS

1164 4398 2209 4585 FRANCISCUS
2350 4461 3083 4583 scousus

1756 4687 2224 4755 SOCIETATIS
2268 4687 2479 4753 JESU.

575 4989 837 5054 Poetico
870 5002 1047 5051 more
1088 4982 1445 5063 etingenio
1475 4998 1635 5047 usus
1664 4984 1918 5048 videtur
1950 4985 2263 5049 Hebmus
2298 4993 2473 5050 rates
2503 4993 2640 5049 tum
2668 5000 2841 5066 snpe
2866 4982 3047 5057 alios,
3074 4992 3209 5049 tum
3242 5001 3397 5049 vero
3428 5002 3576 5049 cum
3611 4988 3755 5053 ina-

493 5087 692 5149 nimis
722 5086 914 5149 rebus
957 5082 1239 5147 animam
1269 5078 1604 5160 aihngens,
1635 5080 1863 5144 castum
1893 5097 2190 5145 enarrare
2224 5082 2493 5163 gloriam
2528 5080 2669 5155 Dei,
2699 5088 2761 5146 et
2790 5081 2960 5144 diem
2986 5079 3117 5145 diei
3150 5082 3421 5146 verbum
3447 5090 3743 5149 eructaro

494 5182 731 5245 cecinit
763 5185 803 5243 '.
836 5180 1148 5259 Perpetua
1174 5174 1420 5237 scilicet
1448 5181 1544 5236 est
1583 5173 1891 5255 nullaque
1936 5189 2301 5256 temporum
2334 5168 2815 5258 intercapedine
2850 5178 3307 5241 obmutescens
3339 5179 3558 5241 divina
3607 5180 3751 5245 laus

495 5296 685 5359 quam
725 5295 935 5341 rerum
968 5283 1323 5341 creatarum
1351 5271 1747 5336 universitas
1787 5274 1918 5337 Deo
1950 5274 2029 5337 Ο.
2064 5275 2151 5337 Μ.
2183 5275 2531 5339 architecto
2560 5291 2684 5337 suo
2707 5273 3005 5354 quamvis
3039 5280 3215 5337 muta
3285 5274 3575 5338 decantat
3614 5292 3629 5336 :
3683 5286 3753 5342 et

496 5393 641 5438 cum
675 5392 749 5439 ea
778 5375 977 5439 unius
1007 5372 1141 5435 diei
1161 5370 1483 5450 angustiis
1511 5368 1958 5435 circumscribi
2000 5387 2132 5434 non
2165 5368 2393 5451 possit,
2423 5370 2625 5433 vicem
2659 5386 2866 5443 suam,
2896 5378 2961 5434 et
3013 5371 3191 5433 velut
3249 5372 3537 5450 lampada
3589 5371 3757 5435 alter

497 5472 680 5535 atteri
724 5472 924 5535 tradat
956 5485 1220 5532 necesse
1245 5474 1366 5531 est.
1398 5467 1584 5543 Quod
1615 5465 1673 5529 si
1696 5465 1819 5531 hoc
1840 5468 2179 5532 oraculum
2221 5466 2301 5529 ad
2333 5468 2680 5548 mysticum
2718 5483 3010 5537 sensum,
3044 5484 3239 5546 quem
3278 5469 3487 5541 multi,
3520 5477 3585 5530 et
3631 5484 3755 5546 0p-

500 5568 673 5629 timaa
704 5575 870 5631 noue
901 5565 1451 5642 iudicaatPatres,
1482 5562 1951 5631 traducendum
1993 5564 2103 5639 sit,
2134 5564 2417 5632 idetiam
2450 5566 2787 5635 commode
2805 5566 2975 5629 cadit
3001 5566 3065 5627 in
3092 5580 3231 5630 eam
3286 5566 3401 5628 Dei
3460 5565 3751 5644 laudemll

571 5707 584 5735 ¹
624 5706 765 5764 Psal.
803 5723 959 5775 xvm,
990 5705 1047 5774 ἓ,
1081 5704 1134 5762 5.
