4104 6290
313 241 379 306 53
1331 243 1733 308 FRANCISCI
1776 245 2042 306 SCORSI
2087 242 2498 307 PREFATIO.
3479 240 3550 303 54

312 362 498 433 quam
531 352 732 417 sancti
769 353 1068 420 doctores
1101 352 1405 418 Ecclesia
1437 353 1732 418 doctrina
1759 353 2150 434 scriptisque
2185 354 2586 417 tradiderunt
2615 352 2781 418 suis.
2817 353 3069 417 Etenim
3104 352 3550 433 perpetuoilla

310 448 632 512 curriculo
666 452 746 514 ab
776 449 988 532 ipsius
1018 450 1323 515 Ecclesia
1350 459 1578 514 exortu
1613 465 1952 530 prOgressa
1969 456 2032 512 et
2050 458 2388 530 pervagata
2411 459 2547 525 est;
2573 458 2634 515 et
2663 468 2854 532 quam
2875 455 3260 531 acceperunt
3281 466 3316 513 a
3339 449 3554 530 primo

310 548 578 611 Doctore
603 547 858 613 Christo
882 550 1182 631 apostoli,
1221 567 1359 613 eam
1394 567 1510 630 per
1530 549 1748 613 Patres
1781 547 2076 612 traditam
2111 555 2308 628 atque
2331 550 2774 613 transmissam
2808 565 2936 612 non
2965 548 3326 627 intercepto
3349 561 3548 608 cursu

310 664 617 729 excepere
654 650 893 716 sacula
927 653 1418 735 consequentia.
1454 652 1636 716 Unde
1673 651 1740 715 ﬁt
1786 649 1882 715 uti
1913 666 2041 716 non
2077 651 2269 716 modo
2326 668 2583 733 semper
2638 653 2860 717 eadem
2893 651 3130 735 vigeat,
3171 653 3286 715 sed
3353 651 3552 714 etiam

310 754 615 826 augeatur
649 748 854 830 magis
885 749 1224 832 magisque
1252 749 1682 831 splendescat,
1704 766 1850 813 cum
1884 764 2144 829 semper
2176 749 2254 812 ad
2309 750 2670 815 doctrinam
2717 750 3152 831 evangelicam
3213 749 3550 829 explican-

309 843 447 906 dam
479 842 1110 928 illuminandamque
1137 849 1305 911 alius
1338 847 1530 912 aliam
1585 846 2146 928 praferat‘i’acem;
2179 849 2532 928 prasertim
2573 866 2721 916 vero
2754 867 2900 914 cum
2947 850 3168 932 aliqua
3221 847 3557 911 hareseon

310 947 520 1004 coorta
552 948 922 1024 tempestas,
954 963 1104 1026 qua
1134 945 1616 1015 candidissimis
1646 944 1935 1009 veritatis
1964 945 2327 1010 luminibus
2362 947 2623 1012 nebulis
2650 948 2790 1011 suis
2825 947 3158 1027 foliiceret;
3195 961 3359 1025 quas
3398 957 3554 1026 pro-

307 1036 470 1101 fecto
504 1040 664 1103 radii
717 1039 816 1104 illi
847 1041 1138 1106 calestes
1160 1060 1231 1106 ac
1255 1045 1671 1123 pravalentes
1703 1043 1792 1106 ita
1820 1049 2243 1123 penetrarunt
2269 1051 2465 1123 atque
2495 1047 2969 1122 discusserunt,
3016 1052 3084 1108 ut
3141 1040 3311 1106 nihil
3353 1041 3557 1122 magis

310 1135 718 1199 tenebrarum
763 1138 1066 1218 princeps
1095 1156 1172 1202 ex
1208 1138 1417 1202 oﬂ‘usa
1445 1155 1560 1204 sua
1598 1138 1878 1220 caligine
1908 1136 2192 1204 lucratus
2220 1141 2326 1215 sit,
2353 1142 2450 1205 uti
2473 1141 2900 1220 TheOphanes
2933 1148 3150 1204 noster
3180 1139 3250 1202 in
3274 1137 3552 1219 quadam

309 1230 568 1298 homilia
596 1235 804 1312 docet,
832 1252 1024 1319 quam
1053 1243 1124 1300 ut
1156 1236 1361 1319 magis
1391 1235 1695 1300 Ecclesia
1724 1234 2034 1316 splendor
2062 1235 2468 1300 enitesceret.
2498 1238 2585 1300 Ita
2620 1237 2820 1318 igitur
2869 1244 2938 1300 ut
2981 1230 3358 1300 institutum
3419 1250 3559 1296 ora-

308 1329 498 1394 tionis
527 1333 750 1395 orbem
793 1333 1310 1410 conficiam,dies
1347 1334 1715 1414 pracedens
1747 1333 2002 1396 videtur
2026 1337 2258 1397 docere
2286 1343 2701 1415 sequentem;
2732 1333 2907 1417 quod
2970 1333 3162 1398 etiam
3208 1331 3556 1413 Mimogra-

309 1426 471 1508 phus
491 1426 606 1492 illo
639 1429 963 1494 versiculo
996 1439 1267 1496 venuste
1297 1430 1617 1512 expressit
1653 1449 1672 1489 :

864 1572 1166 1646 Discipuins
1186 1584 1267 1631 est
1295 1572 1494 1645 prioris
1526 1574 1797 1645 posterior
1825 1572 1962 1632 dies.

307 1725 527 1804 Neque
560 1740 714 1788 vero
736 1724 858 1791 hoc
886 1726 1099 1792 solum
1131 1729 1211 1793 de
1231 1727 1536 1794 Ecclesia
1565 1728 1861 1793 Patribus
1896 1729 2140 1794 dictum
2179 1731 2403 1804 velim,
2438 1748 2517 1795 eo
2546 1731 2718 1813 quod
2750 1731 3003 1795 nullum
3055 1730 3192 1794 fere
3242 1731 3552 1795 saculum

303 1819 485 1883 ﬂuxit
516 1821 678 1902 quin
719 1823 1004 1905 aliquem
1038 1825 1404 1906 protulerit,
1435 1825 1548 1906 qui
1572 1825 1632 1891 ei
1659 1825 1969 1892 doctrina
1997 1827 2166 1904 tune,
2204 1828 2357 1892 dum
2391 1827 2656 1905 viveret,
2707 1828 3125 1910 praluceret;
3185 1829 3298 1892 sed
3359 1828 3558 1894 etiam

301 1917 471 1998 quod
501 1935 727 1982 eorum
753 1935 948 2000 Opera
971 1921 1174 1986 veluti
1207 1938 1352 1985 cum
1377 1923 1755 1986 eorumdem
1788 1922 1916 1986 vita
1944 1923 2260 2004 deposita,
2287 1932 2521 1990 etcum
2558 1940 2824 2006 corpore
2837 1924 2970 2007 jam
3026 1925 3307 2005 sepulta,
3351 1927 3550 1990 adeo—

301 2029 426 2093 que
452 2019 584 2076 tam
621 2029 849 2096 magna
890 2017 1001 2081 lux
1033 2018 1225 2081 etiam
1255 2017 1684 2084 intermortua
1722 2026 1862 2099 post
1883 2016 2135 2098 aliquot
2162 2018 2402 2083 deinde
2432 2018 2744 2084 revixerit
2772 2022 3027 2093 sacuia,
3063 2031 3257 2100 atque
3278 2022 3359 2086 ab
3387 2022 3558 2086 obli-

303 2109 516 2175 vionis
557 2112 863 2191 sepulcro
894 2124 1100 2191 eruta,
1139 2116 1210 2181 in
1245 2116 1456 2182 lucem
1483 2118 1772 2181 evenerit
1806 2141 1822 2180 :
1859 2131 1992 2198 quo
2023 2132 2176 2182 casu
2199 2117 2548 2198 plerosque
2582 2121 2682 2182 vel
2717 2118 2988 2198 primos,
3034 2125 3094 2181 et
3127 2126 3416 2198 tempore
3485 2129 3550 2183 et

297 2207 610 2290 dignitate
633 2213 851 2277 Patres
874 2212 1216 2278 defunctos
1245 2232 1391 2279 esse
1423 2215 1741 2279 videmus.
1771 2214 2067 2289 Quantus
2123 2219 2188 2277 et
2237 2231 2434 2295 quam
2479 2215 2853 2280 luculentus
2905 2214 3130 2279 doctor
3187 2216 3549 2296 Dionysius

297 2305 709 2388 Areopagita,
776 2310 888 2388 qui
943 2309 1251 2375 altissima
1316 2312 1396 2376 de
1450 2311 1694 2375 divinis
1758 2310 2158 2386 nominibus,
2219 2317 2412 2392 atque
2466 2310 2735 2376 omnino
2799 2311 3118 2376 calestem
3170 2314 3249 2376 de
3310 2313 3548 2377 calesti

297 2401 658 2469 hierarchia
682 2404 1070 2488 theologiam
1103 2408 1372 2490 propius
1405 2411 1485 2474 ab
1535 2410 1975 2489 apostolorum
2029 2405 2207 2472 fonte
2274 2407 2568 2474 haustam
2647 2425 2763 2489 per
2821 2408 3022 2472 libros
3077 2425 3234 2472 suos
3302 2409 3371 2471 in
3438 2425 3552 2489 po-

294 2505 506 2564 steros
535 2500 894 2566 derivavit?
920 2504 997 2567 Et
1024 2512 1235 2570 tamen
1267 2493 1408 2587 ejus
1440 2505 1591 2570 libri
1623 2513 1749 2570 tant
1786 2504 2076 2585 insignes
2105 2512 2443 2570 sexcentos
2482 2521 2680 2587 prape
2729 2521 2935 2571 annos
2983 2507 3053 2574 in
3111 2507 3366 2572 occulto
3411 2507 3554 2571 fue-

294 2604 471 2674 runt,
507 2615 657 2663 cum
682 2616 875 2666 nemo
900 2609 1048 2666 ante
1078 2602 1216 2667 divi
1245 2602 1544 2685 Gregorii
1581 2610 1866 2682 tempore
1898 2618 2122 2665 eorum
2156 2602 2533 2667 meminisse
2557 2602 2952 2689 reperiatur;
3008 2603 3194 2683 cujus
3247 2604 3342 2668 rei
3410 2621 3541 2669 non

291 2691 486 2756 aliam
541 2693 746 2762 fuisse
792 2714 1051 2764 unum
1099 2699 1357 2765 censuit
1417 2701 1759 2764 cardinalis
1819 2697 2268 2772 Bellarminus,
2329 2715 2522 2779 quam
2577 2700 2750 2781 quod
2813 2700 3054 2764 alicubi
3103 2701 3432 2776 latuerint,
3479 2709 3552 2765 ut

293 2791 506 2857 multa
535 2792 660 2857 alia
685 2805 855 2875 sape
887 2796 1080 2878 longo
1109 2803 1403 2877 tempore
1431 2799 1842 2861 delitescunt.
1868 2798 1931 2860 S.
1957 2795 2255 2878 Gregorii
2275 2797 2552 2876 Nysseni
2579 2796 2780 2860 libros
2812 2797 3124 2860 adversus
3150 2797 3546 2860 Eunomium

291 2888 356 2953 S.
393 2891 844 2975 Hieronymus
869 2894 1034 2958 libro
1071 2895 1157 2957 De
1183 2895 1342 2958 viris
1366 2893 1728 2958 illustribus
1760 2900 2074 2968 recenset,
2110 2909 2355 2972 eosque
2387 2892 2514 2956 sibi
2556 2890 2636 2955 ab
2686 2893 2912 2957 eodem
2967 2893 3283 2972 Gregorio
3344 2895 3542 2958 lectos

290 2993 612 3062 testatur;
641 2989 706 3052 hi
741 3005 892 3053 vero
925 2989 1166 3054 nostris
1193 2989 1373 3053 hisce
1401 2992 1802 3071 temporibus
1831 3004 1977 3056 cum
2009 2999 2101 3055 tot
2129 2999 2276 3054 ante
2301 2989 2556 3054 saculis
2583 2990 2652 3053 in
2685 2990 2972 3054 tenebris
2993 2990 3373 3072 jacuissent.
3443 3009 3544 3055 as-

293 3098 541 3161 pexere
578 3082 831 3161 lucem;
864 3102 1030 3168 quos
1061 3102 1205 3150 cum
1232 3086 1298 3148 Ρ.
1333 3084 1610 3150 Jacobus
1633 3086 1998 3164 Gretserus,
2031 3089 2111 3151 de
2147 3086 2406 3162 litteris,
2445 3093 2509 3151 et
2531 3087 2707 3168 quod
2750 3093 2847 3151 est
2918 3086 3111 3169 longe
3146 3089 3555 3167 praclarius,

287 3181 368 3244 de
396 3183 730 3249 Catholica
754 3183 1039 3249 Ecclesia
1059 3186 1302 3266 optime
1332 3187 1628 3260 meritus,
1660 3201 1747 3248 ex
1773 3185 2072 3249 Bavarica
2095 3182 2490 3246 bibliotheca
2535 3191 2756 3247 erutos
2785 3181 2918 3265 pra
2942 3185 3243 3247 manibus
3284 3184 3558 3248 haberet

288 3281 352 3341 et
389 3278 745 3360 expolirot,
781 3289 851 3344 ut
883 3280 950 3344 in
977 3281 1186 3346 lucem
1214 3281 1694 3362 utilitatemque
1717 3297 2127 3345 communem
2159 3279 2444 3354 efferret,
2478 3280 2950 3362 praoccupavit
2975 3279 3170 3345 edere
3193 3297 3273 3344 ex
3293 3280 3546 3345 Nieolai

287 3373 568 3441 Gulonii
607 3377 1142 3459 interpretatione
1174 3380 1241 3442 P.
1273 3380 1557 3443 Joannes
1587 3396 1621 3444 a
1649 3380 1710 3443 S.
1734 3380 2102 3452 Francisco,
2137 3373 2490 3440 monachus
2516 3374 2868 3450 Fuliensis,
2925 3376 3307 3458 interpretis
3345 3375 3546 3448 illius,

285 3478 689 3554 exstantque
749 3474 946 3540 hodie
983 3484 1161 3540 tomo
1209 3477 1268 3539 Π
1307 3477 1599 3558 Operum
1647 3476 1949 3556 Nysseni.
2003 3472 2153 3553 Ejus
2198 3488 2353 3535 vero
2374 3470 2592 3538 fratris
2613 3471 2837 3536 Basilii
2861 3473 3079 3554 Magni
3116 3480 3375 3536 centum
3406 3489 3550 3564 am-

280 3567 462 3650 plius
487 3569 791 3650 epistola
830 3572 897 3635 in
939 3588 1103 3636 nova
1137 3572 1424 3637 editione
1463 3589 1738 3654 Operam
1771 3570 1914 3652 ejus
1944 3569 2164 3633 Grace
2193 3565 2482 3632 simulet
2510 3568 2734 3632 Latine
2763 3565 2833 3631 in
2860 3567 3067 3631 lucem
3101 3565 3422 3649 prodiere.
3480 3569 3544 3631 S.

283 3665 521 3745 Cyrilii
557 3666 1072 3734 Commentarios
1094 3667 1160 3732 in
1191 3671 1538 3752 prOphetas
1571 3668 1860 3733 minores
1898 3684 2108 3748 nuper
2141 3665 2484 3730 vidimusa
2526 3667 2765 3731 Jacobo
2794 3667 3084 3730 Pontano
3123 3665 3489 3747 publicatos
3527 3691 3543 3729 :

282 3769 468 3827 etne
494 3779 578 3827 ex
601 3763 883 3846 singulis
917 3765 1279 3844 catalognm
1320 3774 1552 3842 texam,
1588 3765 1948 3844 longiorem
2003 3779 2160 3826 sane
2192 3760 2483 3826 futurum
2535 3779 2726 3844 quam
2789 3761 2922 3826 hac
2963 3760 3253 3826 Paafatio
3315 3779 3548 3844 capere

286 3861 523 3938 possit,
560 3862 679 3944 qui
710 3869 1076 3926 sanctorum
1110 3870 1398 3927 veterum
1429 3865 1688 3928 Patrum
1719 3860 2078 3931 volumina.
2105 3860 2220 3940 qui
2257 3857 2676 3924 bibliothecas
2728 3867 2976 3923 veteres
3010 3875 3342 3940 novasque
3397 3879 3544 3924 ver-

280 3955 471 4032 sarit,
511 3975 712 4042 quam
740 3960 864 4024 hoc
895 3977 1119 4024 verum
1171 3960 1279 4036 sit,
1313 3961 1488 4042 quod
1533 3959 1638 4024 hic
1698 3957 2128 4041 praponimus
2186 3955 2750 4029 considerandum,
2824 3955 3342 4021 animadvertat:
3396 3975 3542 4021 nam

280 4055 590 4133 profecto
613 4073 687 4120 ea
708 4071 854 4137 qua
881 4057 1167 4122 Colonia
1189 4056 1359 4122 edita
1386 4067 1481 4122 est
1509 4074 1680 4122 anno
1703 4057 1860 4119 1618
1884 4063 1946 4120 et
1962 4056 2198 4134 Magna
2211 4052 2592 4133 appellatur,
2623 4050 2768 4134 plus
2783 4062 3041 4118 centum
3063 4057 3319 4120 Patrum
3346 4071 3548 4135 opus-

277 4151 479 4229 culis,
517 4169 672 4231 qua
706 4162 891 4218 antea
923 4153 1254 4235 iucOgnita
1283 4165 1489 4231 erant,
1526 4164 1711 4219 aucta
1740 4161 1804 4218 et
1828 4151 2212 4232 iocupletata
2235 4157 2358 4217 est.
2382 4149 2449 4213 in
2497 4166 2629 4230 quo
2683 4166 2920 4228 genere
2978 4167 3206 4230 magna
3278 4151 3544 4232 quidem

280 4261 510 4327 Opera
550 4248 759 4327 pretia
783 4247 994 4314 facere
1011 4250 1312 4315 homines
1343 4259 1581 4315 nostra
1610 4246 1971 4323 Societatis,
2015 4254 2078 4309 et
2133 4246 2426 4311 doctrina
2488 4252 2554 4309 et
2614 4249 2949 4310 sanctitate
3008 4247 3372 4328 conspicui,
3412 4247 3544 4328 jam

281 4349 423 4408 tum
457 4345 548 4407 ab
569 4347 712 4425 ipsa
738 4347 994 4412 condita
1028 4349 1388 4422 Societate;
1419 4346 1662 4428 quibus
1692 4361 1832 4408 eam
1860 4351 2167 4418 mentem,
2199 4357 2443 4423 eosque
2473 4358 2599 4405 non
2627 4341 2970 4419 humanos,
3002 4346 3114 4408 sed
3144 4345 3405 4408 divinos
3431 4346 3555 4407 im-

281 4439 566 4536 misisse.
615 4440 890 4523 spiritus
942 4443 1021 4507 ad
1052 4443 1277 4524 gloria
1301 4451 1362 4508 et
1397 4443 1702 4508 Ecclesia
1727 4457 1864 4504 sua
1899 4439 2426 4536 propagationem
2464 4441 2720 4536 videtur
2743 4442 2942 4515 Deus,
2968 4449 3041 4504 ut
3085 4443 3153 4536 in
3220 4442 3541 4536 pervesti-

278 4533 524 4617 gandis
557 4544 849 4602 veterum
881 4538 1164 4614 Patrum,
1193 4541 1553 4621 prasertim
1589 4555 1743 4602 vero
1772 4539 2170 4609 Gracorum,
2205 4552 2282 4598 ex
2344 4533 2877 4599 bibliothecarum
2935 4534 3198 4616 angulis
3255 4535 3550 4600 latebris-

278 4650 414 4714 que
446 4633 1041 4711 reconditioribus,
1076 4635 1547 4710 monumentis,
1582 4635 1648 4698 in
1683 4636 1900 4716 iisque
1945 4631 2350 4696 illustrandis
2397 4630 2686 4695 studium
2751 4647 2971 4708 suum,
3033 4631 3544 4713 linguarumqne

277 4729 623 4809 peritiam,
647 4745 842 4811 quam
879 4729 1005 4796 sibi
1038 4733 1519 4812 quasivissent,
1548 4734 1713 4797 bene
1743 4731 2175 4804 collocarent;
2209 4735 2272 4792 et
2309 4745 2389 4790 ex
2421 4726 2766 4793 blattarum
2807 4747 2953 4793 esca
2986 4729 3421 4793 humanorum
3451 4731 3551 4792 in-

277 4826 644 4904 geniorum
677 4825 937 4905 pabula,
961 4836 1020 4891 et
1049 4827 1353 4894 Ecclesia
1381 4830 1826 4893 emolumenta
1853 4844 1932 4890 ex
1966 4825 2225 4889 illarum
2259 4825 2749 4889 oblectamentis
2781 4825 3130 4891 efficerent.
3166 4827 3355 4900 Quod
3397 4845 3546 4892 cum

277 4923 386 5000 illi
407 4922 792 4990 studiosius
823 4925 1025 4990 multo
1055 4926 1490 5008 cupidiusque
1519 4925 1849 4995 fecissent.
1874 4941 2068 5006 quam
2097 4923 2211 5005 qui
2259 4923 2560 4990 mortales
2621 4926 2891 4990 avaritia
2939 4924 3256 4990 stimulati
3312 4943 3544 4990 aurum

277 5035 362 5089 ex
394 5028 601 5085 terra
627 5019 810 5085 venis
837 5029 1028 5103 atque
1059 5023 1418 5089 visceribus
1448 5030 1786 5100 aruerunt,
1817 5031 1954 5088 tum
1984 5025 2181 5091 etiam
2215 5025 2449 5090 utilius
2477 5043 2549 5091 ac
2579 5025 2931 5092 salutarius
2983 5025 3271 5090 humano
3321 5025 3547 5108 generi

278 5118 453 5198 iuit;
492 5134 652 5183 nam
678 5117 965 5200 proiecto
995 5121 1437 5203 perniciosum
1473 5129 1571 5186 est
1614 5138 1846 5185 aurum

1073 5262 1281 5336 Cogere
1306 5266 1572 5322 immanes
1611 5265 1665 5323 in
1706 5281 1857 5332 usus,

1076 5351 1251 5410 Omne
1283 5369 1502 5411 sacrum
1526 5355 1768 5426 rapiente
1808 5357 2002 5416 dextra
2039 5371 2055 5416 ε

281 5465 509 5528 contra
550 5478 710 5526 vero

1045 5588 1242 5644 Parnm
1269 5589 1492 5659 sepulta
1514 5590 1680 5648 distat
1709 5591 1918 5649 inertia

1052 5679 1236 5735 Celata
1266 5677 1460 5735 virtus.
