4044 6284
462 186 533 250 55
1490 193 1889 253 FRANCISCI
1936 193 2195 255 SCORSI
2242 195 2660 257 PRJ‘IFATIO.
3647 195 3717 257 56

462 299 539 357 Et
568 297 646 357 de
682 314 749 357 ea
788 298 1022 359 metins
1048 301 1317 378 Sapiens
1361 305 1597 364 rintrsti
1634 304 1873 381 Spiritu
1922 301 2165 362 amittis
2196 305 2635 380 pronuntiavit
2673 305 3040 382 :Snpientia
3079 302 3412 379 absconsa,
3476 312 3529 363 et
3574 304 3712 365 the-

458 410 685 455 saurus
718 397 1022 470 occultus,
1065 418 1197 477 qua:
1232 399 1479 461 utilitas
1511 402 1577 462 in
1601 403 1883 481 utrisque
1904 402 1923 429 '
1964 402 1993 460 ?

534 501 781 562 Horum
840 498 1192 582 insignium
1258 503 1542 566 virorum
1614 509 2013 574 am-toritate,
2071 521 2213 564 cum
2281 505 2734 583 itelligerem,
2797 512 2859 565 et
2906 521 3097 583 quam
3168 510 3341 563 esset
3404 501 3521 563 hoc
3572 510 3712 561 stu—

456 594 638 657 dium
714 596 1047 658 Societatis
1100 611 1334 661 nostra)
1383 604 1742 677 promtum,
1803 612 1862 662 et
1917 609 2159 680 quanto
2244 603 2624 665 Christianae
2698 602 3090 679 iteiputilicze
3172 604 3537 671 commodo,
3615 600 3715 659 his

462 691 814 769 prtesertim
854 697 1277 773 temporibus,
1312 715 1455 761 cum
1503 709 1869 759 sanctorum
1907 705 2158 762 Patrum
2207 702 2579 771 auctoritas,
2632 710 2692 762 et
2772 700 3060 762 doctrina
3092 702 3172 761 ab
3230 698 3549 759 hrereticis
3612 698 3715 757 in-

458 790 852 867 terpretibus
884 794 1291 870 depravatur,
1357 796 1454 857 vel
1494 797 2009 874 parvipenditur,
2056 808 2386 874 permotus
2433 797 2855 859 vehementer
2933 813 3107 871 sum,
3167 803 3235 857 ut
3318 796 3369 855 si
3433 794 3587 872 quid
3649 796 3713 854 in

457 888 700 949 Latinis
773 896 832 947 et
886 888 1120 952 Grthis
1190 891 1421 954 litteris
1486 892 1852 955 ediscentis
1909 894 2416 974 excolendisque
2506 896 2707 957 studii
2761 912 3105 973 operasque
3163 892 3566 972 posuissem.
3648 890 3711 951 in

458 983 579 1045 hoc
607 998 773 1060 Opus
807 1000 934 1045 non
967 986 1143 1063 parvi
1174 988 1483 1051 momenti
1522 990 1909 1063 conferrem,
1947 992 2437 1073 symbolamque
2516 1010 2745 1068 meam,
2817 1000 3075 1053 tenuem
3144 989 3444 1069 quamvis
3509 987 3711 1060 illam.

458 1079 536 1143 ad
564 1084 686 1141 tam
717 1080 964 1143 lautum
997 1083 1369 1147 convivium
1406 1086 1668 1157 ferrem,
1703 1088 1763 1148 in
1807 1106 2017 1166 eoque
2052 1087 2224 1151 imus
2264 1092 2734 1153 accumberem.
2762 1089 2966 1167 Igitur
2993 1088 3187 1149 simul
3227 1096 3419 1167 atque
3476 1086 3551 1147 ad
3616 1103 3714 1144 me

458 1177 686 1239 delatae
739 1185 893 1239 sunt
937 1178 1221 1243 homilite
1251 1183 1659 1262 TheOphanis
1709 1184 2020 1257 Ceramei,
2056 1186 2520 1267 archiepiscopi
2584 1187 2999 1249 Tauromenii
3061 1187 3125 1247 in
3196 1182 3412 1248 Sicilia
3472 1190 3711 1253 nostra.

460 1276 689 1337 deesse
720 1273 879 1336 mihi
912 1284 973 1338 et
1006 1278 1097 1340 rei
1134 1278 1460 1342 litterarim
1510 1282 1730 1355 nolui,
1772 1283 1927 1361 quin
1986 1282 2258 1345 oblatam
2299 1284 2699 1347 occasionem
2743 1284 3120 1363 arriperem,
3154 1290 3217 1344 et
3268 1287 3542 1358 spartam
3606 1295 3718 1340 na-

459 1377 635 1443 ctus,
673 1388 810 1434 eam
844 1388 1139 1438 ornarem
1170 1381 1284 1438 :ad
1319 1394 1510 1457 quam
1542 1380 1735 1440 etiam
1771 1380 1924 1439 mihi
1961 1382 2241 1444 acriores
2289 1382 2535 1443 addidit
2586 1380 2886 1441 stimulos
2922 1378 3148 1439 natalis
3209 1375 3332 1437 soli
3384 1391 3591 1447 amor,
3652 1381 3717 1436 et

461 1468 751 1530 studium
783 1469 1185 1535 illustrandm
1213 1474 1421 1551 gentis
1456 1484 1713 1550 nostra),
1742 1493 1890 1537 eum
1924 1494 2052 1539 non
2083 1478 2269 1538 modo
2304 1478 2623 1540 universm
2658 1476 2975 1547 Ecclesiae,
3002 1474 3111 1537 sed
3136 1472 3454 1535 etSiciliae
3476 1478 3713 1532 nostra:

460 1562 687 1643 glorias
713 1567 1177 1648 splendorique
1218 1588 1317 1631 me
1341 1573 1681 1634 consulere
1710 1580 1904 1652 atque
1936 1576 2180 1636 servire
2215 1584 2600 1654 reputarem,
2634 1575 2683 1634 si
2748 1576 3125 1652 scriptorem
3170 1569 3341 1631 hunc
3404 1566 3715 1629 ecclesia-

461 1662 695 1727 sticum
729 1664 796 1726 in
824 1664 1035 1727 lucem
1066 1668 1439 1744 proderem;
1466 1688 1595 1750 quo
1628 1689 1758 1734 uno
1790 1679 1960 1735 certe
1987 1672 2187 1752 possit
2212 1673 2424 1734 Sicilia
2457 1672 2740 1751 gloriari,
2766 1688 2909 1733 cum
2938 1670 3135 1731 alium
3175 1666 3399 1727 habeat
3432 1664 3565 1724 fere
3597 1680 3714 1724 ne-

462 1761 732 1837 minem,
773 1762 959 1844 cujus
992 1771 1115 1827 tam
1154 1782 1457 1845 magnum
1482 1784 1647 1845 Opus
1679 1771 1752 1830 ad
1787 1769 1948 1830 hanc
1983 1769 2385 1849 usqucdiem
2424 1771 2721 1832 traditum
2764 1768 2950 1830 nobis
3005 1767 3110 1827 sit.
3170 1762 3479 1837 Quamvis
3534 1760 3710 1821 eilim

460 1858 894 1922 Paschasinus
935 1863 1355 1941 Lilybetanus
1387 1862 1737 1945 episcopus
1776 1866 2114 1944 sapientia;
2135 1866 2337 1945 gloria
2368 1866 2687 1938 ﬂoruerit,
2722 1874 2782 1925 et
2834 1864 3160 1942 Ephesino
3204 1860 3481 1922 concilio
3538 1857 3710 1933 lega-

462 1962 571 2016 tus
606 1957 887 2019 Leonis]
937 1957 1262 2020 Pontificis
1293 1960 1563 2022 Romani
1595 1960 1945 2040 prmfuerit,
1977 1972 2186 2026 tamen
2240 1962 2381 2042 ejus
2440 1963 2702 2026 nonnisi
2757 1979 2973 2041 paucae
3020 1960 3309 2038 quas-iam
3376 1957 3453 2017 ad
3498 1954 3713 2034 ipsum

464 2054 746 2115 Leonem
784 2054 1078 2134 epistolae
1106 2055 1276 2118 inter
1308 2056 1487 2118 illius
1527 2073 1721 2135 opera
1766 2069 2038 2123 οχκιίιηι.
2076 2061 2239 2122 Petri
2271 2059 2473 2122 Siculi
2506 2059 2845 2121 historiam
2878 2058 2958 2118 de
3008 2072 3161 2117 vana
3210 2051 3711 2114 Maniciueorum

462 2148 693 2211 hasresi
719 2166 801 2211 ex
831 2149 1109 2213 Matthaai
1138 2152 1366 2215 Raderi
1393 2153 1725 2215 Societatis
1762 2163 2123 2220 nostrmeru
2151 2161 2373 2221 titione
2408 2156 2747 2219 clarissimi
2788 2156 3009 2217 studio
3067 2161 3125 2212 et
3175 2148 3712 2225 interpretatione

463 2242 695 2307 lucrati
726 2260 994 2320 sumus;
1037 2246 1152 2325 qui
1183 2263 1337 2309 sane
1372 2250 1596 2313 Petrus
1627 2253 1852 2313 eodem
1884 2251 2019 2314 fere
2043 2256 2273 2315 smcnlo
2299 2255 2456 2315 vixit
2484 2255 2874 2333 scripsitque
2912 2268 3043 2331 quo
3078 2249 3180 2311 hic
3231 2252 3481 2319 Noster,
3534 2243 3712 2304 Basi-

464 2340 557 2403 lio
579 2342 891 2405 nimirum
924 2353 986 2406 et
1017 2342 1168 2405 filiis
1199 2344 1340 2425 ejus
1369 2346 1791 2411 Constantino
1818 2358 1880 2411 et
1912 2352 2123 2411 Leone
2148 2350 2669 2428 imperatoribus,
2694 2367 2726 2411 a
2766 2348 3005 2428 quibus
3044 2348 3290 2423 legatus
3343 2342 3582 2402 missus
3614 2345 3712 2401 est

463 2438 790 2503 Tibricam
820 2442 1147 2505 Armenias
1172 2441 1542 2518 civitatem;
1578 2446 1686 2508 sed
1724 2446 1844 2509 hoc
1880 2448 2098 2510 brevis
2129 2446 2421 2509 historiae
2452 2464 2641 2525 quam
2680 2456 2873 2509 tenue
2907 2442 3212 2505 lucellum
3269 2448 3387 2502 est.
3436 2435 3503 2499 Si
3562 2434 3712 2513 quis

462 2551 619 2598 vero
648 2535 814 2599 alius
840 2537 1219 2603 Christiana
1247 2541 1582 2619 sapientia
1608 2542 1807 2618 gloria
1838 2543 2290 2621 superioribus
2326 2544 2559 2607 claruit
2582 2542 2859 2615 smcutis,
2891 2540 3029 2620 ejus
3066 2548 3276 2601 tamen
3311 2551 3506 2615 opera
3548 2548 3712 2594 nou-

466 2630 651 2705 dum,
683 2633 858 2714 quod
884 2634 1107 2710 sciam,
1130 2636 1212 2699 ad
1244 2635 1451 2699 lucem
1488 2638 1821 2701 hominum
1858 2651 2339 2719 peruianarunt.
2378 2642 2732 2703 Accedebat
2781 2640 2972 2701 etiam
3025 2636 3212 2709 illud,
3265 2632 3438 2713 quod
3504 2628 3714 2691 Theo-

463 2730 738 2811 phanem
766 2741 1056 2797 nostrum
1077 2752 1155 2798 eo
1180 2735 1419 2799 saaculo
1442 2737 1679 2799 vixisse
1698 2738 2147 2816 compererim,
2172 2738 2343 2818 quod
2370 2742 2451 2802 ob
2474 2740 2808 2801 doctorum
2833 2734 3169 2796 hominum
3200 2728 3561 2811 penuriam,
3597 2722 3714 2803 qui

464 2828 630 2891 illud
672 2827 812 2892 luce
852 2831 1162 2895 doctrinm
1193 2833 1618 2907 itiustrarent,
1650 2836 1997 2897 obscurum
2038 2837 2401 2915 appellatur
2431 2835 2714 2906 adoctis,
2749 2839 2818 2893 ut
2844 2846 2971 2892 non
3009 2830 3351 2890 minimum
3402 2824 3491 2886 rei
3529 2821 3707 2882 litte-

466 2925 652 2987 rarius
684 2926 914 2991 ettidei
956 2930 1412 3008 compendium
1448 2928 1655 2993 facere
1690 2931 1850 2992 mihi
1887 2929 2161 3005 viderer,
2184 2933 2237 2993 si
2274 2932 2370 2995 illi
2395 2930 2633 2995 smculo
2662 2927 3092 2991 illuminando
3119 2922 3319 2987 facem
3357 2920 3454 2982 vel
3485 2915 3715 2980 stettu-

470 3020 592 3084 lam
623 3021 905 3103 aliquam
940 3024 1341 3104 praeferrem,
1377 3033 1924 3106 ostenderemque
1966 3045 2176 3111 neque
2212 3037 2346 3091 tum
2372 3028 2657 3091 defuisse
2689 3028 2752 3088 in
2794 3023 3070 3088 Ecclesia
3102 3020 3335 3085 Christi
3376 3018 3716 3111 doctorum

465 3120 725 3181 Patrum
765 3121 996 3184 lucem.
1028 3122 1282 3197 Quibus
1306 3124 1639 3185 subductis
1674 3124 2034 3187 rationibus
2066 3106 2441 3204 prmclarum
2472 3128 2801 3203 negotium
2833 3120 3166 3199 suscipere
3204 3110 3599 3180 existimavi,
3654 3106 3712 3169 si

464 3224 709 3279 calente
735 3225 1099 3280 sanctorum
1123 3223 1404 3291 Patrum,
1433 3237 1560 3299 qua
1586 3223 1848 3298 Sponsae
1877 3222 2113 3283 collum
2149 3231 2437 3287 ornatur.
2462 3221 2637 3283 hunc
2668 3221 2860 3283 etiam
2892 3215 3208 3278 annulum
3238 3205 3715 3275 conserendum

466 3312 789 3374 atl‘errem.
825 3314 991 3378 Illud
1023 3330 1173 3377 vero
1209 3314 1275 3377 in
1315 3322 1485 3377 tanta
1520 3315 1765 3378 inventi
1804 3317 1993 3394 hujus
2028 3319 2307 3379 thesauri
2343 3319 2557 3380 iretitia
2591 3316 2937 3380 dolendum
2980 3311 3134 3372 mihi
3171 3317 3231 3371 et
3261 3303 3570 3369 omnibus
3604 3301 3718 3394 bo-

474 3410 573 3470 nis
598 3417 717 3484 est,
753 3412 865 3490 qui
896 3411 1082 3474 dolor
1108 3414 1301 3476 etiam
1336 3431 1511 3475 nunc
1532 3415 1748 3475 animo
1780 3392 2015 3475 infixus
2051 3414 2277 3488 haeret,
2300 3417 2472 3494 quod
2506 3432 2653 3477 cum
2687 3413 2787 3475 his
2812 3410 2954 3491 ejus
2985 3408 3231 3486 ingenii
3267 3392 3715 3465 monumentis

474 3524 600 3568 non
647 3509 836 3569 etiam
858 3508 1102 3587 aliquid
1128 3510 1206 3573 de
1247 3511 1375 3573 vita
1398 3511 1562 3590 ejus,
1596 3528 1713 3573 seu
1745 3513 1939 3573 rebus
1968 3514 2165 3590 gestis
2198 3510 2543 3589 Vestigium
2573 3511 2962 3588 impressum
2990 3504 3161 3584 apud
3216 3495 3560 3561 historicos
3598 3506 3716 3601 .re-

475 3605 827 3682 periamus.
860 3605 1048 3677 Quod
1080 3622 1234 3668 sane
1275 3613 1409 3668 tum
1446 3606 1825 3669 obscuritati
1876 3608 2098 3670 saeculi
2162 3608 2329 3687 ejus,
2391 3607 2455 3668 in
2508 3622 2639 3686 quo
2693 3605 2876 3677 vixit,
2928 3612 3068 3697 tum
3096 3600 3286 3661 etiam
3314 3598 3714 3695 Saracenicm

471 3703 635 3766 cladi
674 3704 1086 3766 tribuendum
1139 3705 1417 3777 videtur,
1444 3722 1570 3785 qua
1604 3706 1923 3787 quidquid
1959 3706 2025 3769 in
2067 3705 2375 3767 omnibus
2406 3703 2642 3765 Sicilire
2680 3701 2960 3781 Oppidis,
2995 3698 3053 3761 si
3094 3698 3486 3758 Panormum
3533 3702 3717 3749 exci-

475 3804 636 3878 pias,
672 3800 823 3864 boni
858 3802 1243 3883 pulchrique
1273 3804 1542 3873 exstitit,
1570 3802 1851 3865 deletum
1877 3812 1994 3871 est.
2030 3809 2098 3864 ut
2129 3820 2244 3863 nec
2267 3802 2334 3863 in
2360 3817 2431 3862 ea
2463 3800 2697 3863 tabulas
2719 3798 2995 3877 fastique
3023 3790 3439 3873 superiorum
3469 3792 3725 3861 tempo-

475 3918 617 3963 rum
656 3900 1042 3979 superstites
1071 3907 1310 3974 essent,
1344 3918 1463 3963 nec
1494 3901 1559 3961 in
1583 3907 1751 3962 tanta
1780 3901 2071 3963 barbarie
2104 3914 2420 3961 novorum
2458 3896 2824 3958 conditores
2856 3889 3246 3955 exsisterent
3279 3904 3293 3947 :
3331 3896 3540 3959 neque
3570 3893 3722 3939 vero

480 4005 621 4079 post
651 4004 938 4060 octavam
969 4000 1319 4077 synodum,
1356 4015 1391 4059 a
1414 4014 1545 4076 quo
1568 4004 1856 4077 tempore
1888 3998 2071 4060 illum
2105 3996 2335 4058 ﬂorere
2367 3992 2637 4072 cmpisse
2669 3990 3082 4072 conjicimus,
3108 4004 3180 4049 ac
3211 3981 3498 4065 profecto
3542 3982 3720 4038 certo

478 4095 827 4158 suademus
850 4102 910 4153 ὲν
928 4100 1043 4163 τοῖς
1068 4096 1509 4167 προλεγομένοις,
1540 4092 1662 4155 alia
1694 4093 1983 4173 synodus
2021 4092 2075 4154 in

2125 4095 2275 4154 orbe
2306 4091 2621 4154 celebrata
2649 4099 2768 4160 est,
2805 4090 2868 4149 in
2917 4101 3045 4167 qua
3104 4083 3214 4144 ille
3254 4080 3569 4173 interesse
3598 4087 3722 4150 po-

480 4191 702 4262 tuerit,
748 4196 817 4251 ut
841 4188 1123 4267 aliquam
1146 4187 1225 4249 de
1252 4187 1395 4267 ipso
1422 4188 1591 4251 sicut
1629 4191 1706 4251 de
1734 4172 2189 4267 Superioribus
2222 4188 2783 4251 Tauromenitana)
2811 4181 3113 4246 Ecclesia;
3146 4172 3473 4258 episeOpis
3497 4188 3576 4233 ex
3612 4186 3727 4247 sy-

482 4287 673 4348 nodis
713 4284 1007 4347 notitiam
1038 4300 1378 4364 possemus
1405 4285 1738 4363 accipere:
1773 4285 1883 4346 sed
1926 4300 2053 4346 non
2082 4284 2353 4346 omnino
2376 4287 2733 4355 ἀνιστόρητος
2770 4282 2894 4343 erit
2958 4274 3386 4352 TbeOphanes
3454 4270 3723 4335 noster;

482 4381 591 4442 sed
625 4379 781 4443 illud
814 4378 1099 4458 profecto
1119 4380 1424 4453 conabor,
1456 4380 1630 4459 quod
1666 4380 2051 4460 plerumque
2072 4379 2347 4458 pictores
2370 4380 2605 4451 solent,
2632 4377 2741 4454 qui
2777 4394 2919 4439 cum
2959 4370 3233 4436 viventis
3258 4364 3542 4428 hominis
3568 4368 3717 4423 vut—

484 4487 619 4539 tum
652 4477 1036 4556 coloresque
1068 4477 1437 4553 exprimere
1466 4492 1593 4537 non
1626 4475 1903 4545 licuerit,
1935 4493 2012 4538 ex
2046 4478 2190 4555 ipso
2226 4477 2467 4540 recenti
2499 4476 2804 4537 certavere
2830 4472 3221 4533 lineamenta
3249 4464 3519 4530 ducunt.
3552 4465 3726 4556 etei

485 4582 740 4635 mortuo
773 4553 993 4634 vivum
1032 4569 1370 4649 efﬁngunt.
1397 4570 1485 4632 Ita
1520 4587 1641 4647 ego
1672 4587 1750 4631 ex
1782 4570 1883 4633 his
1918 4553 2230 4644 homiliis,
2254 4572 2323 4635 in
2356 4571 2597 4651 quibus
2623 4573 2764 4648 ipse
2811 4585 2945 4630 non
2993 4579 3187 4643 pauca
3249 4557 3521 4635 reliquit
3566 4553 3729 4651 Ατίίιε

481 4686 618 4730 suae
639 4685 1027 4745 morumque
1056 4667 1328 4745 vestigia
1356 4682 1429 4727 ac
1460 4664 1686 4740 lineas,
1721 4666 2065 4746 imaginem
2106 4670 2249 4731 vine
2275 4648 2487 4750 ipsius
2518 4667 2746 4729 ducam
2778 4687 2794 4739 ;
2826 4662 3005 4727 nulla
3036 4668 3133 4721 est
3197 4658 3369 4719 enim
3432 4648 3726 4733 profecto

483 4766 697 4844 imago
727 4765 931 4827 animi
969 4764 1178 4827 verior
1202 4773 1261 4825 et
1284 4762 1628 4835 illustrior,
1662 4779 1853 4842 quam
1880 4766 2086 4828 oratio
2126 4767 2376 4846 ingenii
2422 4775 2483 4828 et
2538 4765 2740 4827 animi
2796 4761 3009 4842 ipsius
3063 4767 3410 4835 germanus
3472 4755 3726 4829 partus.

482 4862 852 4941 scitumque
890 4868 988 4923 est
1015 4860 1178 4922 illud
1215 4858 1520 4922 Demetrii
1546 4858 1839 4921 Phalerei
1878 4881 1894 4920 :
1928 4861 2079 4932 Σχεδί

2149 4864 2333 4918 εἰκόνα
2362 4863 2597 4926 ἕκαστος
2652 4862 2749 4933 τῆς
2781 4860 2976 4914 ἑαυτοῦ
3009 4856 3190 4927 ψυχῆς
3236 4854 3445 4941 γράφειἶ
3472 4848 3734 4941 silv-sm.-

487 4957 706 5028 στολὴν,
735 4934 832 5011 irai.
862 4959 981 5011 ἔστι
1010 4957 1115 5028 μὲν
1140 4956 1241 5009 καὶ
1282 4954 1345 5020 ἐξ
1373 4956 1535 5011 ἄλλον
1568 4955 1729 5024 λόγου
1759 4954 1960 5019 παντὸς
1991 4954 2120 5008 ἰδεῖν
2142 4954 2204 5007 τὸ
2230 4949 2361 5026 ἦθος
2382 4954 2478 5007 τοῦ
2516 4953 2847 5023 γράφοντος.
2880 4947 3191 5025 Idemque
3231 4943 3283 5002 Si
3337 4937 3493 5017 quid
3542 4934 3730 4995 aliud

488 5062 690 5124 presse
722 5044 886 5107 ferre
919 5045 1078 5106 mihi
1112 5046 1419 5108 videntur
1452 5045 1518 5106 hi
1551 5043 1966 5123 Theophanis
1999 5058 2358 5115 sermones,
2393 5060 2467 5103 ex
2502 5043 2744 5120 quibus
2768 5043 2954 5121 quasi
2988 5039 3282 5119 vestigiis
3316 5052 3435 5115 ego
3475 5030 3731 5097 omnia,

486 5158 633 5221 quas
662 5141 736 5202 ad
771 5140 911 5219 ejus
938 5142 1230 5220 patriam,
1270 5140 1576 5204 smeulum
1620 5156 1751 5219 quo
1781 5139 1959 5211 vixit,
1984 5136 2361 5215 dignitatem
2396 5138 2713 5217 episc0pi,
2751 5138 3334 5217 peregrinationes,
3371 5144 3590 5191 mores
3614 5125 3737 5186 de-

490 5239 687 5318 nique
717 5254 789 5300 ac
827 5237 1038 5300 studia
1073 5238 1423 5316 pertinent,
1456 5235 1941 5316 pervestigabo;
1971 5250 2161 5312 spero
2186 5244 2399 5297 autem
2461 5240 2753 5309 εὐστόχως,
2784 5235 2835 5295 si
2874 5238 3043 5296 Deus
3089 5230 3347 5313 iuverit.
3413 5227 3506 5318 Ne
3574 5238 3732 5318 vero

496 5316 627 5394 uno
658 5333 973 5399 orationis
1012 5341 1210 5396 tractu
1260 5333 1478 5397 omnia
1525 5334 1919 5404 dicerentur,
1976 5344 2093 5391 una

2137 5345 2167 5388 η
2220 5332 2533 5401 εἰσαγωγὴν
2561 5344 2675 5387 seu
2713 5331 2997 5401 προοίμιον
3053 5325 3420 5399 εἰσαγωγικδν
3481 5316 3550 5376 in
3607 5316 3734 5375 tria

500 5432 835 5507 prommia,
861 5430 1154 5511 eaquein
1186 5432 1408 5511 plures
1441 5430 1630 5494 etiam
1666 5437 1873 5509 partes
1905 5425 2231 5505 diSpertiri
2277 5423 2486 5486 visum
2534 5433 2629 5486 est
2667 5443 2683 5486 :
2719 5422 2811 5483 sic
2836 5421 3006 5484 enim
3053 5425 3113 5480 et
3171 5417 3429 5480 uetiam
3485 5414 3738 5491 legent]

567 5622 587 5652 ⁸
618 5620 780 5677 Ereti.
814 5636 901 5681 xx,
936 5618 1025 5675 52.
