4104 6290
255 301 308 367 Gl
1242 307 1644 373 FllANClSCI
1686 310 1951 372 SCORSI
1989 309 2428 372 PROGJMIUM
2471 306 2518 371 Ι.
3444 300 3518 364 (ἲὲ

258 438 397 479 unum
428 435 486 476 ex
516 420 741 475 altctius
773 421 997 477 interitu
1031 425 1294 494 nascitur,
1324 426 1623 482 excitatum
1655 441 1813 484 com-

255 513 523 583 perimus.
556 514 633 567 Ac
674 529 866 583 parum
908 514 997 571 hic
1026 517 1092 572 ad
1132 534 1244 574 rem
1275 522 1514 591 pertinet
1544 530 1811 589 nostram,

257 619 413 662 utrum
440 603 619 661 Nasus
648 624 714 663 eo
745 609 861 663 loco
883 608 986 665 sita
1012 609 1196 675 fuerit,
1229 615 1318 668 ubi
1355 632 1499 670 nunc
1529 615 1811 671 castellum

255 700 561 769 conspicitur
613 700 758 770 vulgi
813 701 1176 772 appellatione
1226 707 1278 759 lo
1340 704 1528 762 Scitiso
1582 707 1812 774 dictum,

253 790 376 861 quod
407 790 608 846 duobus
639 791 862 846 circiter
897 791 1134 852 millibus
1173 810 1204 850 a
1229 795 1598 853 Taurutneuio
1625 797 1814 863 distat,

253 894 304 940 ιιι
324 880 544 940 Thomas
572 883 821 942 Fazellus
851 889 1079 959 ejusque
1107 890 1330 945 asst-clm
1359 901 1713 949 censuerunt.
1742 905 1812 946 an

256 976 504 1046 aliquanto
527 975 763 1048 longius,
789 980 1030 1049 quinque
1056 982 1264 1037 scilicet
1296 983 1623 1039 milliaribus
1652 982 1814 1039 dissi-

254 1076 353 1122 tum
386 1065 562 1132 luerit,
591 1069 733 1139 quod
785 1068 1070 1140 Philippus
1116 1070 1426 1137 Cluverius,
1454 1070 1814 1142 diligentissi-

253 1173 358 1215 mus
405 1159 598 1214 veteris
641 1159 842 1216 Siciliae
882 1164 1300 1234 pervestigator,
1346 1162 1573 1230 scribit,
1613 1162 1708 1233 qui
1758 1168 1817 1217 et

256 1251 539 1322 opinionem
577 1252 876 1320 superioris
919 1257 1206 1326 scriptoris
1233 1272 1299 1313 es
1337 1255 1621 1313 itinerario
1647 1257 1817 1311 Anto—

254 1344 349 1399 nini
376 1344 584 1402 refellit.
616 1345 834 1402 Certum
868 1346 1019 1416 illud,
1045 1358 1099 1404 et
1133 1364 1164 1403 a
1197 1349 1440 1418 probatis
1469 1347 1811 1414 auctoribus,

252 1431 514 1498 Strabone,
566 1435 664 1491 lib.
715 1451 792 1505 vt,
849 1436 1103 1506 Diodoro,
1162 1439 1255 1496 lib.
1309 1455 1426 1508 xvt,
1472 1437 1809 1511 Thucydide,

249 1523 331 1580 lib.
361 1540 427 1588 vt,
457 1525 749 1584 Plutarcho
784 1528 838 1584 in
872 1527 1197 1587 Timoleonta
1233 1547 1254 1587 :
1284 1546 1351 1588 ex
1384 1545 1492 1601 quo
1514 1531 1810 1587 conﬁrma-

251 1623 330 1670 tur
355 1618 586 1671 narratio
612 1615 682 1672 de
709 1613 1062 1674 Tauromeuii
1095 1619 1307 1690 origine
1335 1620 1497 1675 allata
1518 1635 1550 1675 a
1579 1618 1811 1676 Diodoro

246 1707 356 1762 loco
377 1707 479 1777 jam
513 1707 686 1773 dicto,
732 1725 906 1779 eaque
938 1711 1116 1782 potior
1155 1721 1212 1767 et
1238 1713 1421 1769 verior
1463 1712 1814 1769 existimatur

246 1813 394 1867 quam
437 1813 556 1869 qua:
594 1800 826 1856 traditur
854 1803 926 1858 ab
950 1804 1142 1858 eodem
1191 1803 1273 1859 sui
1323 1820 1512 1874 parum
1547 1817 1812 1870 memoro,

246 1888 332 1945 lib.
370 1905 478 1958 stv,
521 1907 553 1947 a
600 1895 842 1950 secunda
873 1893 1111 1951 diversa.
1157 1894 1253 1952 llis
1297 1896 1466 1968 igitur
1497 1895 1812 1952 auctoribus

246 1982 351 2037 hac
399 1981 673 2040 all‘erituus
715 2005 731 2042 :
776 2000 807 2042 a
866 1985 1106 2044 Theat'le
1157 1987 1476 2044 Atheniensi
1532 1987 1807 2043 conditum

242 2072 456 2140 Naxum,
502 2078 598 2149 qui
646 2091 769 2134 cum
817 2077 887 2133 ab
929 2079 1180 2136 instituto
1211 2095 1370 2136 cursu
1416 2080 1468 2135 in
1510 2097 1575 2137 ea
1626 2080 1807 2135 littora

242 2169 402 2224 ventis
441 2179 591 2227 esset
633 2169 913 2241 abreptus,
945 2187 1179 2242 cumque
1223 2172 1327 2228 soli
1377 2174 1674 2230 bonitatem
1708 2175 1811 2228 ad-

238 2262 500 2330 vertisset,
541 2269 601 2319 et
643 2261 957 2319 Siculorum
998 2265 1052 2320 in
1099 2279 1166 2321 eo
1211 2264 1439 2321 colendo
1482 2265 1809 2338 segnitiem,

239 2355 439 2408 domum
469 2370 742 2422 reversus,
774 2371 896 2412 cum
941 2357 1388 2426 Atheniensibus,
1432 2359 1507 2416 uti
1536 2358 1806 2415 coloniam

237 2461 298 2501 eo
320 2448 614 2516 mitterent,
642 2448 971 2520 persuadere
1015 2465 1123 2506 non
1155 2452 1442 2520 potuisset,
1475 2453 1648 2509 ast-ito
1693 2465 1811 2506 ma-

239 2549 336 2606 gno
371 2537 812 2596 Chalcidensium
857 2538 1134 2597 Luhacatn
1176 2535 1412 2599 insulam
1457 2544 1808 2601 incolentium

237 2644 473 2696 numero,
503 2629 694 2687 lonutn
727 2631 856 2690 item
881 2641 938 2690 et
969 2632 1344 2702 Dorieusiutn,
1371 2650 1603 2709 quorum
1637 2635 1810 2703 major

235 2738 353 2794 pars
393 2725 740 2798 Megarenses
780 2738 961 2795 erant,
1011 2731 1068 2787 in
1119 2731 1363 2789 Siciliam
1410 2731 1708 2801 navigavit,
1754 2740 1811 2785 et

233 2814 613 2875 Chalcidenses
653 2818 872 2890 quidem
917 2819 1154 2889 Naxum,
1201 2821 1492 2880 Dorienses
1536 2821 1809 2895 Megaram

112 2943 121 2962 .
234 2905 534 2977 condidere,
568 2908 732 2980 idque
757 2911 1053 2983 contigisse
1075 2929 1222 2968 anno
1250 2925 1378 2969 ante
1405 2913 1683 2971 Christum
1709 2930 1812 2970 nso

236 3004 338 3052 tum
368 2998 491 3067 736,
515 3009 645 3072 post
665 3000 964 3070 Troianum
992 3003 1190 3062 bellum
1213 3005 1340 3064 448.
1364 3005 1651 3063 Cluverius
1674 3005 1813 3062 scri-

237 3087 327 3153 bit,
351 3103 474 3146 cum
498 3107 680 3150 annos
703 3093 811 3150 355
851 3093 1040 3152 Naxus
1067 3096 1335 3164 stetisset,
1365 3098 1583 3152 tandem
1624 3111 1655 3151 ιι
1688 3095 1814 3152 Dio-

233 3181 380 3252 nysio
420 3183 824 3257 Syracusarum
867 3195 1095 3262 tyranno
1118 3189 1358 3260 iuniore,
1388 3190 1534 3262 quod
1573 3189 1692 3260 eius
1718 3198 1809 3262 ty-

233 3277 434 3332 rannidi
484 3278 703 3338 infensa
750 3280 941 3339 civitas
972 3282 1042 3338 ab
1086 3297 1154 3341 eo
1193 3284 1532 3353 descivisset,
1561 3298 1810 3342 eversam

228 3380 356 3423 esse.
386 3367 559 3440 Igitur
588 3381 710 3442 post
739 3370 875 3430 Naxi
903 3374 1177 3431 excidium
1208 3389 1358 3431 anno
1380 3375 1474 3441 37,
1500 3375 1810 3432 Androma-

226 3459 376 3528 ches,
413 3462 614 3522 Timaei
658 3465 924 3535 historici,
955 3483 1117 3539 quem
1145 3468 1332 3528 laudat
1359 3469 1433 3527 ll.
1465 3469 1676 3529 Tullius
1713 3470 1809 3529 lib.

223 3552 300 3612 Ds
322 3564 488 3628 οῖσι,
512 3570 696 3630 pater,
719 3561 970 3618 exsulum
1005 3563 1264 3636 reliquias
1287 3563 1415 3621 hinc
1436 3565 1562 3621 inde
1582 3578 1804 3637 cogens,

223 3658 456 3708 montem
488 3650 760 3718 Taurum,
783 3653 854 3710 ab
881 3654 1023 3710 tauri
1053 3654 1228 3712 forma
1251 3657 1480 3723 dictum,
1509 3657 1618 3715 illis
1653 3657 1808 3714 habi-

225 3739 438 3798 tandum
483 3741 668 3809 dedit,
692 3743 840 3814 quod
885 3757 919 3800 a
953 3745 1117 3819 longo
1163 3748 1424 3820 temporis
1468 3752 1669 3820 spatio,
1701 3763 1812 3820 quo

223 3828 293 3888 ibi
342 3832 670 3891 substiterat
728 3834 1150 3896 Tauromenium
1201 3853 1232 3895 s
1262 3849 1420 3896 tauro
1447 3850 1502 3898 et
1526 3844 1813 3911 manendo,

222 3921 401 4012 Grece
418 3926 534 3985 ἀπὸ
550 3929 656 4000 τῆς
676 3928 774 3985 ini
791 3929 1008 4002 Ταύρου
1035 3933 1208 4004 μονῆς
1227 3933 1554 4005 appellatum
1575 3952 1592 3991 :
1611 3945 1809 3993 etcum

222 4018 408 4077 subitis
447 4021 714 4092 oppidum
764 4021 1118 4081 incrementis
1169 4024 1364 4083 ﬂorere
1406 4027 1684 4097 cmpisset,
1727 4025 1813 4085 fa-

224 4117 362 4167 ctum
406 4123 498 4170 est
545 4122 613 4170 ut
671 4121 728 4171 et
780 4114 977 4172 incola
1036 4116 1286 4189 ingentes
1334 4133 1469 4189 opes
1513 4130 1571 4177 et
1617 4125 1812 4179 civitas

225 4202 538 4275 dignitatem
567 4203 960 4275 amplissimam
989 4205 1092 4265 sibi
1116 4218 1480 4281 compararet.
1509 4214 1687 4285 Atque
1722 4216 1811 4273 hic

223 4305 302 4353 est
327 4296 684 4356 Tauromenii
719 4310 896 4366 ortus,
933 4300 1050 4358 hac
1081 4303 1316 4360 nominis
1362 4305 1538 4378 origo.
1575 4303 1730 4374 Quod
1761 4309 1809 4365 si

223 4385 441 4460 Plinius,
494 4390 745 4461 Colonia,
804 4392 1004 4465 inquit,
1053 4391 1483 4464 Tauromenium,
1519 4414 1638 4470 qua
1687 4410 1811 4457 ante

224 4481 318 4553 fuit
345 4484 580 4555 Naxos;
620 4493 676 4542 et
716 4485 938 4544 Solinus
980 4487 1164 4545 itidem
1205 4488 1485 4546 Coloniam
1515 4490 1812 4550 Taurome-

225 4579 386 4645 nium,
419 4595 590 4649 quam
619 4578 781 4650 prisci
811 4577 1027 4637 Naxum
1057 4583 1347 4652 uocabant;
1384 4585 1431 4640 si
1460 4586 1528 4643 tle
1570 4603 1700 4654 uno,
1725 4587 1811 4644 in-

225 4682 399 4737 quam,
423 4671 737 4742 eodemque
747 4671 949 4742 oppido
971 4681 1026 4729 et
1047 4676 1240 4731 codem
1265 4676 1371 4732 situ
1389 4679 1567 4748 posito
1587 4679 1813 4750 loquan-

225 4769 324 4826 tur,
353 4763 476 4821 falsi
503 4773 667 4831 sunt;
698 4762 747 4819 sl
783 4763 850 4818 ad
887 4763 1033 4820 hunc
1062 4765 1396 4824 intellectum
1436 4772 1808 4839 traducantur,

222 4860 277 4906 ut
295 4866 360 4909 ex
382 4852 691 4910 Naxiorum
713 4851 924 4910 colonia
953 4851 1376 4912 Tauromenium
1406 4869 1587 4916 ortum
1616 4859 1808 4931 velint,

221 4944 349 5000 veri.
396 4943 678 5002 (laterum
729 4943 1052 5019 etymologia
1115 4961 1280 5017 quam
1329 4944 1580 5006 Fnzellus
1641 4948 1814 5008 refert

223 5037 435 5096 omnino
480 5039 670 5108 inepta
715 5044 844 5096 est:
879 5035 1291 5095 Tauromenium
1337 5041 1560 5112 dictum,
1609 5043 1808 5114 inquit,

217 5130 362 5200 quasi
405 5131 556 5188 tauri
600 5129 878 5200 [attitudm
922 5128 1066 5187 Nam
1108 5146 1307 5189 menos
1335 5131 1518 5190 Grece
1554 5145 1628 5191 est
1654 5135 1813 5207 [orti-

221 5223 338 5279 tudo
367 5241 464 5281 seu
505 5224 700 5283 robur.
745 5223 941 5284 Falsus
984 5234 1072 5284 est
1113 5227 1358 5286 Fasellus
1403 5229 1458 5286 in
1493 5230 1679 5297 verbo,
1712 5233 1809 5290 sed

221 5319 386 5388 magis
415 5319 470 5374 in
513 5333 616 5385 re;
649 5334 756 5373 non
795 5327 882 5377 est
924 5318 1090 5391 μένος
1121 5323 1340 5392 proprie
1387 5323 1646 5384 fortitudo
1677 5340 1812 5384 mte-

220 5410 446 5482 niorum,
465 5414 573 5471 sed
621 5414 947 5484 animorum,
994 5417 1078 5472 vel
1125 5432 1412 5490 corporum
1457 5436 1472 5474 :
1520 5435 1697 5492 neque
1743 5436 1810 5477 ex

224 5519 497 5565 murorum
525 5507 869 5577 fortitudine,
899 5510 993 5566 sed
1021 5527 1089 5567 ex
1122 5513 1422 5580 mansione,
1455 5525 1514 5570 ut
1543 5513 1809 5574 Diodorus

223 5608 375 5668 supra
403 5599 620 5655 relatus
645 5609 732 5675 est
751 5610 963 5672 auctor,
1006 5601 1242 5661 deducta
1272 5607 1563 5679 originatio
1595 5607 1808 5665 Tauro-

223 5691 413 5757 menti;
442 5691 543 5750 sed
585 5691 680 5749 hic
718 5706 873 5751 error
897 5692 1038 5753 forte
1071 5697 1463 5757 condonandus
1499 5712 1669 5770 esset,
1703 5704 1808 5763 nisi

226 5795 277 5842 te
318 5781 431 5854 ipse
473 5786 530 5844 in
579 5783 782 5857 linguae
811 5786 1013 5846 Graecae
1044 5792 1254 5863 spineta
1281 5793 1470 5853 volens
1508 5811 1573 5854 ac
1605 5797 1803 5870 sciens,

1919 444 2015 487 seu
2049 429 2230 500 potius
2272 426 2540 493 nesciens,
2578 421 2906 479 induxisset.
2936 418 3074 489 Quid
3107 417 3238 476 illud
3269 416 3415 488 quod
3447 418 3517 472 ad

1918 522 2324 577 ﬁrmamentum
2376 519 2551 585 addit,
2598 532 2761 589 quam
2813 515 2932 572 leve
2986 524 3150 584 atque
3204 512 3515 574 ridiculum,

1919 629 2106 671 muros
2140 615 2339 671 inmitia
2385 610 2684 684 appellatos
2731 611 2887 683 quasi
2923 625 2951 663 a
2990 609 3171 682 μένος.
3210 606 3370 675 Atqui
3410 604 3516 660 hoc

1916 719 2002 765 est
2051 709 2215 763 etiam
2266 705 2461 762 Latine
2509 704 2721 762 nescire
2752 723 2767 760 :
2800 704 2997 760 tnmnia
3049 702 3203 772 quasi
3253 699 3434 754 munia
3483 713 3515 752 a

1919 802 2205 857 muniendo
2235 801 2379 856 dicta
2411 809 2540 855 sunt
2567 799 2748 869 prisco
2781 813 3032 854 sermone
3062 795 3397 858 Latinorum,
3422 792 3515 862 qui

1919 909 2015 964 per
2054 910 2101 950 ω
2128 892 2444 951 scribebant
2471 903 2525 948 et
2566 890 2886 957 ell'erebant,
2920 905 3042 960 quae
3087 897 3274 958 postea
3313 900 3413 957 per
3452 901 3509 938 u.

1917 989 2144 1046 Plautus
2195 987 2353 1058 Capt.
2389 1001 2410 1042 :
2447 984 2651 1041 Vinclis
2699 984 3060 1054 custodiisque
3106 977 3516 1035 circummcniti

1915 1097 2120 1138 sumus.
2159 1080 2251 1136 Sic
2281 1081 2434 1136 matri
2461 1094 2560 1149 pro
2589 1077 2747 1146 muri,
2780 1092 2920 1134 tusus
2952 1090 3051 1148 pro
3081 1086 3244 1141 usus;
3269 1083 3322 1128 et
3356 1071 3513 1143 plura

1915 1174 1969 1235 id
2003 1191 2194 1248 genus.
2230 1176 2338 1232 Sed
2386 1175 2442 1230 in
2475 1172 2753 1230 nonnullis
2794 1184 2927 1226 usus
2972 1169 3192 1225 retinuit
3238 1181 3308 1233 nr,
3353 1176 3411 1221 ιιι
3459 1165 3514 1219 in

1915 1270 2196 1333 manibus,
2243 1269 2298 1326 iu
2349 1267 2625 1340 plerisque
2666 1263 2994 1335 repudiavit,
3047 1269 3109 1316 ut
3154 1257 3208 1314 in
3252 1257 3514 1326 exemplis

1913 1363 2120 1419 allatis.
2146 1362 2262 1419 Hoc
2291 1361 2456 1432 igitur
2479 1366 2701 1430 etymou
2732 1355 2948 1412 falsum.
2983 1353 3050 1410 Et
3075 1366 3204 1410 vero
3237 1352 3398 1406 etiam
3431 1347 3514 1404 l‘a-

1913 1457 2163 1514 hulosum
2214 1456 2346 1511 illud
2384 1455 2531 1525 quod
2573 1450 2736 1510 affert
2777 1448 3014 1519 scriptor
3040 1444 3286 1503 historia:
3330 1441 3511 1500 sancti

1915 1547 2213 1614 Pancratii,
2242 1546 2402 1618 primi
2432 1541 2785 1602 Tauromeuii
2829 1538 3095 1611 episcopi,
3129 1535 3286 1609 quasi
3314 1550 3344 1589 a
3379 1532 3513 1590 Ha:-

1916 1657 2038 1696 na'a
2084 1649 2142 1695 et
2185 1636 2368 1694 Tauro
2413 1637 2621 1693 dictum
2656 1631 3126 1689 Tauromenium:
3161 1626 3392 1697 scriptor
3413 1626 3513 1684 .ln-

1915 1749 2080 1806 quam
2125 1743 2454 1803 anonymus,
2504 1743 2611 1785 non
2658 1725 2943 1797 Evagrius,
2991 1719 3293 1789 discipulus
3343 1716 3512 1788 ipsius

1915 1829 2090 1884 sancti
2127 1825 2418 1891 Pancratii,
2459 1821 2618 1892 cuius
2665 1819 2885 1876 nomine
2933 1816 3218 1887 supposito
3263 1821 3373 1867 tota
3419 1810 3509 1865 illa

1916 1918 2096 1976 fabula
2120 1918 2299 1989 potius
2322 1931 2488 1989 quam
2514 1913 2739 1970 historia
2762 1910 3010 1975 emersit,
3028 1908 3113 1963 vel
3135 1915 3286 1962 certe
3313 1901 3510 1959 fabulae

1916 2013 2102 2069 multa:
2158 2013 2213 2067 in
2264 2025 2452 2066 veram
2508 2007 2790 2064 historiam
2848 2003 3217 2072 irrepserunt.
3262 2011 3426 2068 quam
3475 2009 3508 2050 a

1916 2104 2109 2161 Grarco
2133 2103 2186 2158 in
2218 2101 2471 2157 Latinum
2498 2097 2798 2154 traductam
2828 2093 3015 2164 accepi
3045 2105 3111 2146 ex
3142 2087 3510 2146 monumentis

1916 2197 1979 2254 P.
2023 2195 2232 2253 Octavii
2279 2193 2527 2259 Caetani,
2567 2189 2852 2260 scriptoris
2895 2185 3139 2242 historia.-
3190 2191 3510 2238 sanctorum

1920 2290 2252 2347 Siculorum.
2286 2285 2454 2356 Igitur
2484 2292 2759 2346 narratur,
2790 2279 3024 2335 Taurum
3074 2277 3363 2348 quemdam
3409 2287 3509 2327 no-

1920 2386 2090 2451 Illinc,
2134 2383 2526 2447 Chananteum,
2573 2391 2604 2433 a
2655 2375 2809 2447 Syris
2857 2383 3097 2442 captum,
3124 2378 3178 2425 et
3216 2366 3510 2422 mercatori

1921 2472 2170 2530 Romano
2199 2471 2480 2528 venditum
2513 2467 2570 2523 in
2602 2465 2877 2528 Calabria,
2911 2465 3135 2517 ductum
3192 2459 3259 2514 ad
3310 2455 3514 2518 Renai-

1918 2567 2052 2622 dum
2080 2560 2517 2636 toparcltatn,cul
2543 2574 2681 2615 uxor
2708 2567 2828 2612 erat
2856 2554 3075 2611 δίαιται
3103 2552 3510 2617 κδεεάιιιιίιδθς

1916 2660 2014 2717 sed
2049 2675 2172 2716 cum
2208 2655 2482 2715 Renaldus
2521 2655 2576 2710 in
2627 2668 2696 2709 eo
2729 2652 2870 2709 bello
2915 2650 3062 2722 quod
3109 2649 3276 2720 gessit
3319 2654 3511 2701 contra

1916 2753 2255 2823 Aquiliuum,
2285 2751 2338 2805 itt
2363 2747 2612 2805 Calabria
2643 2760 2848 2817 regem,
2883 2757 3059 2799 casus
3098 2750 3266 2805 esset,
3299 2737 3512 2794 lanata

1917 2844 2101 2901 'l‘auro
2126 2844 2332 2914 nupsit.
2358 2841 2477 2898 Mox
2506 2838 2794 2909 Aquilinus
2821 2852 2914 2893 rex
2937 2836 3125 2906 copias
3151 2841 3338 2889 contra
3363 2829 3510 2886 Tau-

1920 2954 2039 2994 rum
2069 2937 2288 3002 eduxit;
2320 2935 2478 3006 isque
2499 2948 2623 2991 cum
2672 2932 2886 2987 hlmna-a
2918 2929 3148 3000 conjuge
3188 2931 3242 2982 in
3269 2925 3514 2982 Sicilians

1921 3033 2180 3106 profugit,
2229 3032 2321 3088 ubi
2348 3028 2774 3086 Taurmnenium
2825 3042 2855 3079 a
2898 3024 3220 3095 coniugibus
3247 3018 3430 3076 Tauro
3456 3026 3515 3073 et

1919 3129 2137 3185 hlmnca
2181 3125 2460 3184 conditum
2497 3131 2604 3180 est.
2652 3117 2777 3176 liae
2819 3127 2906 3175 est
2951 3115 3148 3174 labella
3198 3116 3267 3170 de
3299 3112 3515 3182 origine

1917 3216 2276 3276 Tauromenii
2310 3214 2542 3272 coulicta
2570 3212 2708 3271 etin
2750 3209 2946 3280 vulgus
2985 3208 3188 3273 dedita,
3216 3220 3337 3275 quae
3379 3218 3516 3261 sane

1916 3311 2194 3384 proposita
2240 3326 2273 3366 a
2295 3322 2382 3364 me
2410 3316 2538 3365 ante
2571 3305 2816 3360 veritatis
2862 3301 3134 3360 historicas
3158 3301 3358 3363 lucem,
3392 3299 3515 3352 sine

1918 3407 2025 3461 ulla
2072 3401 2544 3476 argumentatione
2591 3397 2752 3470 quasi
2803 3393 3000 3451 nebula
3053 3393 3302 3449 discussa
3347 3387 3515 3458 disjeo

1917 3504 2118 3567 ctaque
2154 3496 2270 3563 jam
2301 3501 2405 3556 est.
2437 3499 2494 3547 et
2534 3503 2566 3545 α
2600 3487 2794 3560 quovis
2831 3483 3177 3540 mediocriter
3223 3482 3276 3538 in
3322 3480 3514 3536 critica

1916 3592 2216 3647 exercitato
2271 3585 2589 3656 dispelletur
2618 3601 2634 3640 :
2668 3594 2829 3652 quam
2867 3588 2924 3634 et
2970 3573 3220 3634 Faxellus
3279 3575 3395 3643 ipse
3427 3587 3515 3629 re-

1918 3682 2087 3756 pulit;
2141 3693 2266 3735 nam
2305 3678 2373 3735 de
2419 3674 2646 3734 Octavio
2688 3672 2931 3732 Caetsno
2977 3684 3085 3724 non
3130 3675 3275 3722 esset
3316 3665 3513 3756 mirum

1918 3754 2152 3831 acrioris
2179 3770 2369 3842 iudicii
2404 3767 2551 3834 viro;
2584 3765 2684 3823 sed
2717 3778 2838 3820 eam
2867 3761 2976 3817 huc
3005 3758 3189 3823 retuli,
3217 3767 3277 3811 ιιι
3308 3771 3338 3810 a
3368 3754 3511 3824 vulgi

1916 3868 2084 3927 etiam
2110 3860 2557 3920 Tauromenitanl
2580 3859 2858 3924 sensibus,
2889 3855 2942 3910 in
2973 3852 3195 3924 quibus,
3218 3860 3276 3905 ut
3301 3856 3513 3903 retorto

1918 3963 2092 4019 aniles
2126 3957 2321 4015 fabula:
2371 3954 2596 4012 haesisse
2628 3951 2808 4018 video,
2839 3957 3103 4018 quantum
3136 3945 3257 4002 lteri
3304 3952 3510 4014 posset,

1915 4060 2364 4123 extorqueretur.
2388 4049 2472 4104 Ab
2500 4046 2608 4102 illis
2638 4045 2806 4117 igitur
2833 4041 3007 4106 initiis
3035 4037 3341 4109 profectum
3365 4032 3515 4109 Τςιιιτ

1918 4146 2222 4205 romenium
2275 4156 2472 4214 capere
2517 4154 2616 4197 sua
2663 4136 2833 4209 coepit
2878 4135 3235 4192 incrementa.
3281 4129 3356 4187 De
3400 4142 3511 4199 quo

1916 4239 2047 4296 illud
2072 4238 2235 4295 etiam
2267 4232 2608 4305 antiquitatis
2639 4229 2758 4301 ejus
2802 4237 2858 4285 et
2885 4226 3167 4299 dignitatis
3211 4223 3512 4279 documen-

1918 4343 2030 4390 tum
2060 4330 2256 4396 habeo,
2283 4327 2427 4398 quod
2457 4341 2487 4380 a
2527 4324 2769 4388 nomine,
2803 4319 2948 4392 quod
2975 4318 3170 4382 sciam,
3197 4329 3386 4371 eorum
3417 4311 3514 4382 qui

1917 4439 2006 4482 res
2039 4421 2355 4479 Sicilienses
2398 4417 2688 4487 scripsere,
2723 4414 2922 4470 litteris
2951 4412 3218 4482 proditum
3258 4419 3344 4464 est
3371 4430 3384 4464 :
3411 4423 3514 4479 ego

1914 4530 2050 4571 vero
2083 4517 2151 4568 ab
2194 4509 2538 4568 nobilissimo
2564 4519 2719 4577 mque
2747 4519 2814 4560 ac
2842 4503 3248 4560 studiosissimo
3276 4498 3513 4568 antiqui-

1914 4609 2045 4667 tatis
2085 4615 2138 4662 et
2175 4605 2479 4660 litterarum
2525 4599 2591 4657 D.
2624 4599 2856 4654 hlartino
2901 4595 3176 4661 Lol'arina,
3225 4593 3512 4648 Panormi-

1916 4707 2068 4762 tano,
2103 4695 2196 4766 qui
2228 4693 2388 4751 hodie
2414 4691 2554 4762 apud
2586 4688 2972 4760 Hispaniarum
3005 4700 3186 4759 regem
3224 4684 3373 4754 degit
3413 4697 3511 4739 ca-

1913 4789 2068 4862 pellae
2096 4786 2259 4858 regite
2281 4784 2552 4848 addictus,
2583 4781 2712 4836 illud
2739 4779 2924 4848 accepi
2950 4793 3075 4834 cum
3102 4792 3170 4832 ex
3200 4774 3412 4831 Malcbo
3443 4776 3510 4832 de

1914 4883 2026 4939 vita
2097 4877 2424 4951 Pythagorae
2492 4890 2523 4930 a
2577 4873 2828 4930 Conrado
2897 4868 3267 4926 Bittershusio
3323 4866 3512 4922 Grmce

1914 4975 2061 5032 edito
2095 4981 2382 5042 exceptum
2421 4970 2489 5026 ad
2541 4983 2626 5024 me
2657 4965 2960 5031 detulisset,
3009 4963 3153 5032 quod
3188 4972 3270 5018 est
3318 4959 3510 5028 hujus-

1916 5065 2108 5123 modi:
2145 5065 2245 5126 Ἀς
2291 5061 2338 5116 δ’
2369 5060 2724 5132 ἐπιδημήσας
2763 5057 2968 5128 Ἰταλία
3022 5072 3084 5110 τι
3129 5055 3225 5112 καὶ
3285 5051 3510 5124 Σικελίᾳ

1915 5154 2188 5212 ueneﬁcio
2218 5152 2404 5214 πύλαις
2424 5147 2835 5221 δεδουλωμένας
2866 5148 2958 5201 ὑπ’
2986 5146 3366 5218 ἀλλήλων,τὰς
3407 5143 3508 5214 μὲν

1916 5250 2129 5305 πολλῶν
2168 5245 2333 5314 ιτῶν,
2362 5245 2463 5309 τὰς
2502 5245 2562 5299 δὲ
2601 5242 2799 5297 νεωστὶ
2845 5242 3201 5312 φρονήματος
3228 5235 3508 5311 temne:-
3543 5301 3546 5304 .

1918 5343 2037 5414 pluo
2070 5341 2283 5414 πλήσας
2313 5337 2405 5393 διὰ
2443 5338 2555 5393 τῶν
2597 5335 2687 5407 ιφ’
2721 5335 2966 5405 ἑκάστην
3011 5330 3300 5387 excussam
3333 5327 3506 5385 αὐτοῦ

1914 5433 2286 5506 ἠλευθέρωσε.
2325 5431 2617 5504 Κρότωνα,
2655 5429 2754 5485 καὶ
2778 5426 3040 5500 Σύϐαριν,
3081 5424 3178 5480 καὶ
3218 5424 3505 5494 Κατάνην,

1913 5527 2010 5582 καὶ
2071 5525 2314 5594 Ῥήγιον,
2362 5523 2462 5578 καὶ
2521 5519 2765 5593 Ἱμέραν.
2826 5518 2925 5576 καὶ
2986 5516 3357 5590 Ἀκράγαντα,
3408 5513 3508 5570 καὶ

1915 5618 2312 5690 Ταυρομένιον,
2339 5616 2434 5670 καὶ
2455 5613 2624 5677 ἄλλας
2647 5611 2824 5679 τινὰς,
2859 5605 2948 5677 αῖς
2977 5597 3074 5667 κάι
3110 5609 3309 5680 νόμους
3348 5608 3508 5663 ἔθετο

1917 5709 2006 5766 διὰ
2049 5709 2321 5782 Χαρώνδα
2356 5725 2419 5763 τε
2457 5705 2556 5762 τοῦ
2590 5705 2939 5770 Kucuvulou,
2974 5703 3068 5758 unt
3115 5700 3384 5758 Ζαλεύκου
3407 5699 3504 5759 τοῦ

1931 5802 2178 5876 Λοκροῦ*
2227 5800 2296 5858 δι’
2342 5793 2420 5859 ὢν
2466 5799 2822 5874 ὰξιοξήλωτοι
2869 5799 2981 5864 τοῖς
3028 5795 3328 5867 περιυίκοις
3372 5794 3504 5868 ἄχρι
