4104 6290
531 296 601 360 63
1580 310 1982 373 FRANCISCI
2027 312 2292 376 SCOIISI
2335 318 2770 383 PROGZMIUM
2809 323 2857 386 Ι.
3746 327 3818 394 64

530 410 731 465 πολλοῦ
758 412 1037 482 γεγόνασι.
1071 414 1324 473 Ciuitates
1358 434 1495 484 vero,
1533 438 1664 491 quas
1712 424 1766 477 in
1809 442 1905 477 sua
1940 424 2118 478 Italia!

532 502 834 577 Siciliteque
878 512 1296 581 peregrinatione
1346 512 1682 586 Pythagoras
1731 518 1913 573 uicinis
1958 520 2121 574 sarri-

533 608 642 651 tute
669 597 806 653 alios
845 602 1053 671 quidem
1084 606 1400 674 antiquitus,
1434 608 1569 659 alios
1602 624 1723 662 vero
1768 621 2002 665 recenter
2030 628 2123 680 op-

534 708 744 762 pressas
771 696 985 761 inuenit,
1009 714 1101 751 eas
1137 698 1393 752 libertatis
1422 701 1597 755 studio
1630 702 1832 773 replens
1866 721 1959 770 per
1997 720 2120 759 suos

536 788 827 851 auditores,
857 805 984 857 quos
1016 806 1080 842 ea:
1112 807 1425 861 unaquath
1468 810 1651 847 earum
1697 806 1982 851 sectatores
2024 796 2121 851 Ita-

535 876 705 941 bebat,
757 879 809 932 in
866 882 1141 946 pristinam
1198 884 1424 937 asseruit
1473 884 1789 950 libertatem,
1836 886 2118 941 Crotonem

533 970 734 1024 scilicet
776 982 824 1024 et
862 972 1130 1042 Sybarim,
1174 973 1455 1038 Catonum,
1504 975 1785 1048 Rhegium,
1820 976 2118 1043 Himeram,

531 1062 894 1134 Agrigentum,
950 1074 1000 1118 et
1055 1066 1487 1135 Tauromenium,
1536 1078 1587 1123 et
1649 1071 1910 1140 quasdam
1962 1070 2120 1137 alios,

530 1155 721 1219 quibus
748 1157 882 1226 leges
904 1173 998 1227 per
1031 1158 1370 1213 Charoutlam
1400 1161 1730 1227 Catanttum,
1761 1174 1807 1215 et
1835 1161 2121 1217 Zaleucum

530 1245 758 1303 Locrum
786 1251 927 1315 tulit,
959 1267 1245 1322 earumque
1290 1270 1452 1308 causa
1485 1255 1663 1326 digna
1692 1256 1834 1325 apud
1864 1257 2121 1325 ﬁnitimos

532 1345 602 1396 ad
632 1342 846 1413 longum
872 1360 1036 1413 usque
1055 1356 1254 1413 tempus
1286 1348 1481 1403 habita
1512 1358 1656 1416 sunt,
1687 1366 1917 1421 quarum
1952 1365 2120 1403 temu-

532 1434 775 1490 lareutur
805 1438 1071 1494 instituta.
1118 1440 1294 1510 Atque
1332 1442 1445 1496 hac
1478 1444 1749 1511 pertinent
1794 1444 1861 1498 ad
1911 1442 2122 1498 Tauro-

532 1529 699 1585 menii
731 1532 1136 1603 antiquitatem,
1170 1534 1256 1588 cui
1289 1550 1395 1592 non
1428 1537 1709 1593 minimum
1750 1536 2000 1603 adiecere
2025 1537 2121 1593 de-

534 1623 679 1678 coris
717 1623 821 1677 duo
848 1624 1182 1681 nobilissima
1219 1626 1457 1683 virorum
1488 1630 1672 1698 paria;
1709 1645 1939 1699 quorum
1986 1629 2122 1685 alter

534 1715 589 1770 in
624 1715 847 1773 historia
894 1733 1020 1774 cum
1056 1720 1169 1790 ipsa
1201 1737 1369 1791 prope
1415 1738 1675 1780 nascente
1718 1726 1889 1794 patria
1942 1724 2124 1779 ﬂoruit

533 1807 795 1875 Tumens,
822 1811 1189 1870 Andromachi
1215 1817 1514 1872 conditoris
1544 1816 1707 1880 ﬁlius,
1736 1819 1800 1873 de
1829 1834 1939 1888 quo
1968 1816 2124 1872 testi-

532 1901 773 1956 monium
815 1913 994 1959 exstat
1024 1902 1096 1961 ll.
1125 1906 1307 1972 Tullii,
1347 1908 1440 1963 lib.
1474 1925 1512 1964 ll
1551 1908 1629 1963 De
1662 1918 1804 1964 orat.
1837 1925 1856 1963 :
1892 1908 2121 1964 Timaeus

532 1994 686 2066 longe
734 1997 1154 2063 eruditissimus,
1189 2008 1239 2053 et
1283 2016 1460 2055 rerum
1510 2003 1688 2075 copia,
1740 2012 1791 2060 et
1836 2006 2124 2059 sententia-

531 2099 650 2141 rum
700 2090 953 2143 uarietate
1007 2090 1530 2159 abundantissimus,
1582 2094 1699 2164 ipsa
1751 2095 2131 2166 compositione

531 2180 805 2234 uerborum
859 2198 962 2236 non
1017 2182 1313 2251 impolitus,
1351 2200 1593 2256 magnam
1645 2188 1992 2259 eloquentiam
2050 2188 2121 2243 ad

511 2270 866 2326 scribendum
900 2272 1101 2327 attulit.
1140 2273 1384 2328 Meminit
1423 2276 1488 2330 de
1518 2276 1707 2330 eodem
1740 2278 1879 2332 idem
1911 2276 2123 2336 Tullius

535 2363 634 2418 lih.
669 2378 723 2429 v,
764 2363 937 2433 Epist.
989 2366 1055 2419 ad
1102 2364 1353 2423 Lucium.
1396 2368 1645 2424 Meminit
1694 2368 2018 2427 Plutarchus
2066 2374 2121 2429 in

532 2454 711 2519 Nicia,
742 2456 809 2511 de
857 2456 1104 2512 historiis
1133 2458 1202 2513 ab
1230 2472 1296 2514 eo
1337 2460 1707 2529 conscriptis:
1738 2471 1967 2518 testatur
2010 2465 2125 2519 hazc

535 2547 826 2618 Dionysius
844 2545 1310 2625 Halicarnasseus,
1342 2548 1476 2607 lib.t
1502 2552 1867 2624 Antiquitatis.
1888 2554 2122 2625 Τιμαίου

529 2641 630 2696 τοῦ
650 2620 980 2696 Σικελιώῖιου
1012 2641 1080 2696 τὰ
1118 2642 1219 2713 μὲν
1244 2642 1453 2713 ἀρχαῖα
1508 2643 1617 2698 τῶν
1639 2620 1904 2714 ἱστοριῶν
1922 2620 1982 2701 εὖ
2001 2650 2125 2713 ταῖς

531 2740 739 2802 κοιναῖς
766 2738 1031 2810 ἱστορίαις
1061 2738 1523 2809 ἀφηγησαμένου,
1574 2743 1706 2805 τοὺς
1732 2743 1791 2797 δὲ
1814 2745 1951 2815 πρὸς
1979 2743 2127 2815 11ύρ-

533 2832 631 2901 ρον
670 2828 766 2884 τὸν
804 2829 1152 2903 Ἠπειρώτην
1191 2832 1469 2904 πολέμους
1498 2835 1580 2899 είς
1621 2835 1762 2890 ίδίαν
1806 2836 2125 2908 καταχωρί-

532 2939 728 2987 σαντος
774 2925 1182 2995 πραγματείαν.
1236 2924 1350 2982 Hoc
1391 2934 1476 2983 est
1526 2929 1821 2997 interprete
1880 2930 2127 3003 Dionysii

530 3014 880 3083 Sigismundo
928 3015 1135 3074 Galeno
1178 3034 1196 3073 ε
1243 3017 1472 3076 Timauo
1522 3018 1743 3078 Siculus
1790 3038 1873 3077 res
1919 3024 2125 3092 priscas

530 3110 837 3179 eomplexus
867 3110 1158 3165 universali
1186 3111 1437 3176 historia,
1469 3112 1660 3185 Pyrrhi
1707 3113 1944 3185 Epirota:
1974 3116 2123 3172 bellis

527 3204 783 3274 privatim
825 3204 1003 3258 dicato
1045 3203 1324 3260 columine.
1374 3203 1480 3262 Sed
1512 3206 1651 3262 nihil
1690 3208 1850 3277 hujus
1897 3208 2126 3280 insignis

530 3293 776 3350 historici
809 3293 878 3349 ad
909 3302 1151 3350 nostram
1184 3304 1400 3351 aetatem
1431 3298 1698 3367 pervenit.
1730 3299 1887 3354 Alter
1915 3300 2129 3357 Tauro-

535 3384 843 3440 menitanus
879 3383 932 3439 in
980 3384 1224 3440 historiis
1256 3394 1586 3441 memoratus
1616 3385 1831 3444 Phileas
1862 3396 1948 3445 est
1978 3389 2034 3445 in
2066 3405 2127 3448 re

532 3476 851 3532 mechanica
897 3477 1235 3546 praecellens,
1265 3478 1583 3537 Archimedi
1619 3479 1967 3552 Syracusano
1995 3482 2130 3553 σύγ-

530 3586 748 3643 χρονος,
792 3573 860 3626 de
900 3586 1010 3641 quo
1050 3570 1366 3637 Athenmus,
1394 3570 1490 3627 lib.
1534 3576 1905 3645 vdeam-oon,
1933 3576 2026 3632 ubi
2058 3577 2132 3634 de

531 3660 659 3715 navi
708 3657 985 3727 Hieronis,
1041 3662 1187 3731 regis
1243 3659 1663 3734 Syracusarum.
1712 3665 1884 3737 ipsius
1928 3667 2128 3724 Archi-

538 3752 714 3809 medis
752 3752 1034 3809 molimine
1062 3762 1397 3818 constructa,
1437 3753 1666 3825 ejusque
1698 3756 1842 3812 malo
1882 3758 2129 3813 omnium

533 3847 775 3903 maximo
808 3862 824 3902 :
861 3848 1198 3921 Κατήγαγεν
1212 3848 1271 3903 δὶ
1302 3848 1466 3903 αὑτὸν
1493 3848 1590 3904 ἐπὶ
1620 3850 1896 3906 θάλατταν
1931 3851 2133 3919 Φιλέας

533 3940 566 3993 ὁ
608 3942 1023 4012 Ταυρομενίτης
1084 3942 1406 4013 μηχανικός.
1453 3941 1683 3997 Deduxit
1728 3959 1844 3998 eam
1887 3945 1944 3999 in
1985 3959 2131 4000 mare

531 4033 749 4093 Phileas
787 4034 1271 4090 Tauromenitauus
1294 4036 1650 4091 mechanicus.
1680 4036 1799 4092 Jam
1838 4051 1968 4093 vero
1992 4037 2133 4094 situs

536 4126 887 4183 'l'auromeuii
926 4129 1267 4185 admirabilis
1296 4140 1401 4192 est,
1440 4140 1494 4183 et
1529 4139 1716 4185 natura
1758 4132 1933 4204 magis
1965 4147 2130 4204 quam

535 4229 655 4276 arte
685 4222 924 4276 munitus
954 4241 968 4277 :
1000 4232 1054 4275 ut
1089 4237 1197 4277 non
1238 4224 1433 4277 mirntn
1462 4239 1583 4279 esse
1605 4226 1877 4293 videatur,
1902 4226 1947 4282 si
1974 4241 2007 4281 a
2033 4223 2134 4281 Sa-

537 4318 773 4382 racenis,
806 4317 907 4371 nisi
939 4332 1035 4385 per
1067 4316 1294 4371 insidias
1338 4317 1456 4387 capi
1494 4319 1902 4389 expugnariqne
1940 4327 2133 4390 potue—

542 4408 638 4468 rit.
681 4423 853 4477 eaque
899 4419 1172 4476 postrema
1226 4410 1387 4463 fuerit
1436 4412 1649 4466 urbium
1699 4411 2131 4468 clarissimarum

540 4500 745 4555 cladrs.
780 4501 871 4554 Est
900 4504 1046 4557 enim
1082 4518 1238 4556 mons
1272 4503 1383 4571 ipse
1419 4504 1469 4555 in
1499 4520 1606 4573 quo
1636 4505 1800 4559 situm
1836 4516 1920 4560 est
1959 4514 2015 4560 et
2046 4520 2133 4560 ar-

540 4594 679 4649 duus
706 4603 759 4647 ct
791 4608 1018 4648 ascensu
1061 4594 1293 4649 tliﬂicilis
1324 4607 1552 4664 utroque
1582 4613 1647 4651 ex
1676 4597 1870 4661 latere,
1899 4595 2045 4666 quod
2079 4606 2135 4652 ct

538 4701 638 4741 nos
671 4687 772 4753 ipsi
804 4688 977 4742 oculis
1004 4690 1204 4741 nostris
1236 4691 1583 4758 suspeximus
1610 4700 1666 4744 et
1700 4690 2131 4760 peragravimus,

539 4793 838 4847 verumque
876 4793 997 4833 esse
1029 4779 1383 4850 cognovimus
1424 4778 1566 4847 quod
1606 4778 1674 4833 de
1704 4794 1770 4834 eo
1810 4780 1977 4834 etiam
2019 4781 2133 4849 Ap-

539 4870 732 4941 pianus
770 4870 933 4923 trudit
972 4884 1093 4924 esse
1136 4871 1490 4935 asperrimum
1546 4871 1665 4925 visu
1700 4880 1751 4926 et
1800 4872 2135 4927 acutissimis

539 4958 780 5028 undique
820 4961 1097 5027 prmiitum
1140 4970 1581 5030 praeruptumque
1614 4962 1783 5020 saxis.
1821 4961 1964 5019 Urbs
2004 4978 2135 5019 vero

542 5050 599 5105 in
632 5050 739 5106 illis
775 5052 969 5105 mediis
1004 5050 1249 5119 Alpibus,
1281 5053 1454 5106 dicam
1483 5052 1660 5122 potius
1691 5069 1853 5123 quam
1884 5052 2135 5124 alpestri-

544 5142 649 5200 bus
678 5145 923 5212 rupibus,
955 5155 1010 5199 et
1040 5144 1314 5200 intercisis
1362 5150 1558 5215 posita,
1592 5156 1647 5199 et
1690 5146 1762 5201 ab
1791 5145 1983 5201 iisdem
2027 5145 2136 5200 cir-

544 5239 881 5291 cummunita
935 5247 987 5292 et
1037 5236 1305 5291 obvallata
1350 5244 1433 5291 est
1467 5255 1481 5290 :
1513 5252 1742 5305 quarum
1795 5236 1971 5301 alias,
2028 5252 2133 5307 qua

543 5329 809 5385 orientem
837 5336 1067 5398 spectat,
1096 5327 1240 5382 intra
1272 5344 1330 5385 se
1356 5328 1521 5383 habet
1547 5330 1613 5381 ad
1639 5343 1787 5383 mare
1811 5330 2131 5399 depressas;

545 5422 699 5483 alias,
727 5436 831 5489 qua
868 5419 1225 5487 occidentem,
1262 5419 1461 5475 coelum
1512 5421 1689 5487 ipsum
1733 5420 2133 5487 contingentes,

548 5520 605 5567 ut
634 5512 843 5581 poetice
869 5512 1068 5575 dicam,
1098 5512 1257 5580 eique
1277 5511 1572 5576 minantes,
1591 5513 1641 5565 iu
1672 5526 1900 5579 quarum
1933 5512 2137 5567 vertice

548 5613 728 5659 exstat
771 5619 866 5657 arx
899 5614 950 5656 et
984 5603 1300 5674 oppidulum
1333 5603 1492 5669 hlola,
1524 5613 1631 5657 tota
1677 5603 1862 5658 Sicilia
1911 5603 2135 5657 notissi-

554 5709 725 5757 mum,
757 5695 898 5762 quod
942 5711 1008 5749 eo
1051 5697 1291 5749 datunati
1328 5696 1575 5752 homines
1624 5695 1908 5753 facinerosi
1941 5699 2137 5766 depor-

555 5796 761 5855 tentur,
790 5795 849 5843 ut
882 5786 1047 5844 tradit
1078 5786 1346 5859 Fazcllus,
1380 5790 1465 5846 cui
1494 5790 1682 5847 subest
1709 5805 1807 5846 arx
1838 5789 2135 5846 Taurome-

2234 425 2305 480 uii
2348 428 2590 495 inferior,
2618 433 2689 487 ita
2722 445 2782 489 ut
2813 434 3046 490 molibus
3076 450 3107 490 a
3135 435 3275 492 mola
3300 437 3567 495 devolutis
3589 440 3819 509 opprimi

2231 520 2372 574 haud
2424 523 2623 579 ditlicili
2691 527 2910 596 negotio
2960 528 3151 598 possit.
3197 529 3464 587 Czeternm
3516 531 3821 588 Taurome-

2229 615 2469 670 nitax-nnt
2518 621 2716 674 coelum
2762 620 2945 676 ianum
2980 638 3043 677 ac
3078 623 3295 679 salubre
3330 635 3452 692 est;
3501 634 3821 697 prospectus

2230 707 2297 759 ab
2326 711 2524 778 oppido
2555 712 2608 766 in
2639 712 2945 770 Mamertini
2984 717 3105 769 freti
3144 727 3201 771 et
3234 719 3402 773 maris
3442 718 3576 775 lonii
3619 719 3822 775 latissi-

2230 816 2377 853 mum
2413 817 2620 870 aequor.
2660 807 3043 878 oppositasque
3094 808 3407 866 Brutiorum
3457 821 3689 878 montes,
3729 814 3823 884 ju-

2230 894 2599 952 cundissituns
2646 916 2661 953 :
2710 900 2825 970 agri
2885 902 3049 955 etiam
3110 902 3362 970 planities
3411 905 3817 972 amoenissima;

2228 1002 2415 1043 caunas
2465 989 2700 1057 mellitse,
2747 1001 2801 1048 et
2836 994 2945 1049 vini
2976 995 3121 1064 apud
3166 1006 3398 1063 veteres,
3432 1006 3570 1054 teste
3615 997 3815 1067 Plinio,

2229 1078 2647 1157 celebratissimi
2682 1080 3044 1151 feracissima,
3071 1096 3129 1141 ut
3158 1102 3263 1143 non
3294 1089 3565 1145 immerito
3586 1104 3705 1145 eam
3735 1106 3817 1146 rc-

2229 1169 2446 1238 gionetn
2481 1170 2624 1228 inter
2655 1184 2884 1231 caeteras
2907 1176 3172 1248 elegerint
3190 1177 3420 1234 Romani
3447 1194 3557 1249 quo
3577 1181 3819 1238 colonias

2232 1257 2588 1330 deducerent,
2639 1265 2780 1335 quod
2827 1264 2969 1322 Julio
3012 1266 3226 1325 Casam
3279 1283 3463 1323 rerum
3516 1271 3709 1340 potito,
3762 1281 3821 1328 et

2232 1350 2584 1410 Tauromenil
2623 1355 2989 1426 ampliﬁcandi
3037 1359 3280 1415 studioso
3328 1359 3551 1426 factum,
3602 1372 3661 1415 ut
3693 1360 3821 1415 Dio-

2231 1443 2395 1499 dorus
2421 1445 2665 1516 ejusdem
2696 1448 2956 1516 temporis
2992 1449 3229 1519 scriptor
3260 1458 3343 1504 est
3373 1452 3544 1507 testis.
3587 1449 3652 1504 Et
3686 1465 3820 1506 sane

2229 1549 2418 1589 eorum
2460 1537 2879 1606 magniﬁcentius
2923 1554 3086 1610 Opera
3120 1540 3371 1596 videntur
3397 1557 3542 1608 esse,
3571 1543 3716 1613 quod
3749 1544 3820 1599 ab

2232 1627 2391 1683 initio
2420 1629 2701 1696 dicebam,
2757 1633 3031 1687 theatrum
3079 1632 3317 1690 lateritio
3363 1649 3529 1705 opere
3573 1646 3823 1693 constru-

2230 1730 2400 1784 t-tutn,
2438 1724 2582 1791 quod
2624 1737 2819 1794 magna
2866 1739 2935 1779 ex
2976 1736 3131 1795 parte
3162 1724 3431 1795 integrum
3467 1735 3671 1793 exstat,
3701 1742 3822 1799 quas

2230 1826 2350 1867 sors
2382 1811 2523 1867 haud
2556 1814 2669 1870 scio
2707 1831 2775 1870 an
2810 1814 2930 1871 aliis
2956 1817 3229 1873 veteribus
3260 1818 3464 1875 Sicilia:
3499 1834 3823 1875 monumen-

2232 1903 2299 1956 tis
2333 1903 2618 1961 obvenerit
2646 1923 2661 1960 :
2694 1906 2858 1976 idque
2899 1922 3001 1977 ego
3034 1922 3142 1965 non
3176 1912 3300 1967 sine
3335 1912 3505 1967 animi
3551 1912 3826 1981 voluptate

2229 1995 2403 2051 oeulis
2432 2011 2497 2052 ac
2527 1997 2755 2065 pedibus
2785 2015 2891 2055 non
2913 2001 3083 2056 semel
3110 2001 3390 2059 dimensus
3416 2017 3541 2059 sum
3570 2002 3827 2073 doluique

2229 2097 2283 2143 et
2314 2099 2540 2157 questus
2590 2105 2708 2145 sum
2762 2094 2908 2163 apud
2960 2093 3132 2162 cives,
3167 2110 3235 2151 ex
3269 2111 3333 2153 ea
3384 2094 3581 2153 lateres
3615 2098 3682 2153 ad
3718 2099 3823 2154 alia

2231 2197 2369 2237 nova
2423 2183 2652 2241 adiﬁcia
2699 2185 3069 2244 substruenda
3115 2189 3347 2246 subinde
3393 2190 3668 2258 exscindi;
3716 2206 3827 2263 quo

2231 2269 2343 2337 (iet,
2375 2281 2437 2327 ut
2463 2273 2653 2343 paucis
2676 2282 2800 2343 post
2822 2277 3001 2341 anuis,
3031 2276 3223 2346 ingens
3255 2276 3384 2333 illud
3413 2290 3825 2336 monumentum

2229 2362 2709 2421 Tauromenitana
2745 2367 3121 2438 amplitudinis
3150 2367 3393 2426 funditus
3422 2371 3695 2428 concidat.
3727 2369 3828 2427 lti-

2230 2461 2352 2515 dem
2379 2459 2625 2527 ejusdem
2648 2460 2985 2517 admiranda:
3004 2462 3259 2532 potentia:
3281 2478 3446 2533 opera
3474 2476 3603 2521 sunt
3632 2474 3824 2537 stagna

2230 2568 2325 2608 seu
2359 2554 2613 2608 cisternae
2660 2554 3035 2609 subterraneae
3071 2554 3191 2610 dum
3225 2564 3641 2623 concamerata,
3687 2571 3829 2626 qua-

2231 2659 2353 2699 rum
2380 2644 2553 2700 altera
2580 2653 2707 2699 octo
2728 2644 3009 2715 quadratis
3030 2646 3362 2702 eementitiis
3383 2647 3598 2702 sult'ulta
3621 2650 3831 2706 colum-

2232 2737 2349 2805 nis;
2386 2737 2555 2794 altera
2589 2753 2721 2793 vero
2748 2752 2885 2807 pene
2915 2748 3184 2807 prostrata
3206 2749 3261 2795 et
3292 2738 3490 2795 atilicta
3525 2750 3828 2813 temper-nn

2235 2828 2443 2900 injuria
2466 2830 2729 2886 cernitur.
2758 2830 3123 2899 Aquaaductus
3146 2829 3275 2886 item
3305 2842 3517 2889 veteres
3546 2832 3621 2889 ibi
3648 2834 3835 2891 visun-

2233 2930 2356 2990 tur;
2397 2930 2453 2977 ct
2489 2922 2594 2977 alia
2640 2924 2860 2978 demum
2906 2932 3384 2979 monumentorum
3432 2925 3485 2981 in
3532 2925 3834 2998 primisque

2232 3013 2495 3085 Achegeti
2529 3014 2717 3085 templi
2767 3013 3025 3084 vestigia,
3075 3022 3139 3070 et'
3186 3015 3434 3085 sepulcra
3490 3032 3596 3073 non
3634 3033 3831 3089 pauca,

2232 3121 2396 3175 quam
2446 3106 2533 3162 vel
2586 3105 2794 3162 ambitu
2849 3118 3046 3177 magna
3101 3107 3249 3175 (nam
3290 3117 3455 3178 quota
3505 3124 3632 3177 pars
3687 3110 3838 3165 illius

2234 3195 2399 3252 hodie
2428 3196 2656 3263 restat?)
2688 3194 2774 3250 vel
2802 3193 3202 3265 magnificentia
3236 3197 3456 3263 nobilis,
3488 3197 3574 3253 vel
3604 3212 3839 3254 numero

2235 3284 2437 3341 civium
2480 3283 2713 3339 celebris
2746 3283 2913 3340 fuerit
2943 3282 3159 3349 civitas,
3185 3285 3504 3341 ostendunt.
3537 3287 3717 3357 Atque
3748 3288 3839 3342 hic

2236 3372 2356 3445 ejus
2384 3372 2643 3442 splendor
2672 3373 2839 3427 etiam
2871 3386 3043 3443 usque
3071 3372 3136 3427 ad
3166 3371 3556 3430 Saracenieam
3589 3378 3839 3446 tyranni-

2238 3466 2385 3534 dem,
2404 3467 2663 3523 nimirum
2687 3474 2801 3522 toto
2822 3465 3038 3535 imperii
3055 3465 3370 3521 Grtecorum
3398 3476 3643 3537 tempore
3664 3484 3840 3538 usque

2236 3562 2306 3619 ad
2338 3561 2535 3616 Leonis
2568 3558 2844 3629 Sapientis
2868 3573 3067 3625 aevum,
3095 3556 3198 3614 sub
3226 3573 3338 3627 quo
3365 3566 3672 3631 expugnata
3705 3560 3834 3626 fuit,

2236 3652 2504 3710 mansisse
2545 3651 2785 3706 videtur.
2834 3648 2967 3705 Nam
3022 3648 3417 3706 Constantinus
3457 3648 3841 3723 Porphyroge-

2236 3753 2388 3813 aeta,
2417 3744 2539 3816 ejus
2571 3743 2733 3805 illius,
2762 3742 2854 3813 qui
2885 3742 2963 3796 De
2995 3741 3315 3796 thematibus
3346 3742 3555 3813 imperii
3590 3743 3837 3800 libellum

2237 3838 2479 3911 scripsit,
2512 3837 2609 3892 lib.
2635 3851 2700 3903 lt,
2740 3835 2793 3890 in
2830 3836 3071 3889 themate
3117 3832 3320 3889 Siciliae
3350 3834 3466 3891 haec
3502 3836 3687 3901 tradit,
3716 3852 3843 3906 qum

2236 3934 2471 4005 primam
2509 3932 2652 3987 hanc
2682 3928 2933 4002 prooemii
2969 3935 3180 3996 partem
3213 3927 3281 3983 de
3310 3925 3660 3984 Tauromenii
3692 3938 3841 3984 statu

2237 4025 2461 4099 politico
2488 4026 2563 4082 ita
2593 4023 2829 4087 claudat,
2855 4030 2911 4078 et
2932 4020 3168 4092 sigillum
3196 4021 3266 4075 sit
3290 4019 3561 4077 dictorum
3589 4022 3836 4077 omnium

2239 4118 2882 4182 honoriﬁcentissimum,
2915 4124 2971 4170 et
3018 4113 3189 4184 ipsius
3238 4114 3586 4199 imperatoris
3633 4116 3840 4171 annulo

2238 4211 2599 4281 impressum,
2656 4224 2725 4265 ne
2770 4210 2949 4265 dicam
3000 4205 3169 4277 digito
3221 4209 3483 4275 scriptum
3519 4226 3533 4263 :
3566 4206 3725 4278 Ἔχει
3780 4208 3840 4262 δὲ

2241 4304 2430 4369 πόλεις
2455 4304 2766 4375 ὶπισήμους
2790 4301 2893 4374 τήν
2920 4318 2979 4356 τε
3003 4302 3386 4375 Συράκουσαν,
3422 4300 3519 4356 καὶ
3547 4300 3608 4355 τὸ
3634 4302 3838 4357 καλούς

2244 4415 2407 4471 μενον
2450 4396 2853 4469 Ταυρομένιον,
2887 4395 2983 4449 καὶ
3009 4393 3181 4465 αὐτὴν
3205 4393 3307 4466 τὴν
3340 4394 3716 4467 Ἀκράγαντα,
3746 4395 3843 4451 καὶ

2239 4492 2337 4556 τὰς
2383 4491 2581 4554 λοιπὰς
2616 4489 2803 4554 πόλεις
2831 4489 2931 4551 τὰς
2970 4488 3073 4560 μὲν
3116 4488 3499 4559 ἠρημωμένας
3540 4489 3694 4559 παρὰ
3729 4488 3842 4543 τῶν

2241 4583 2602 4655 Σαρακηνῶν.
2632 4582 2744 4653 Τὴν
2781 4581 2884 4652 μὲν
2916 4579 3010 4634 οὖν
3043 4580 3401 4650 Συράκουσαν
3426 4581 3520 4634 ἐπὶ
3544 4581 3837 4635 Βασιλείου

2240 4678 2336 4734 τοῦ
2371 4678 2620 4748 ἀοιδίμου
2658 4675 2931 4745 βασιλέως
2962 4675 3278 4747 παρέλαϐον
3312 4677 3363 4729 οι
3400 4676 3743 4748 Σαρακηνοί·
3778 4676 3843 4730 sb

2238 4774 2297 4827 δι
2323 4772 2706 4844 Ταυρομένιον
2731 4773 2827 4825 ἐπὶ
2851 4772 3084 4835 Λέοντος
3130 4770 3228 4824 τοῦ
3275 4771 3624 4840 Σοφωτάτου.
3663 4770 3840 4828 Cane-

2242 4882 2361 4921 rum
2396 4866 2627 4934 insignes
2678 4862 2833 4917 urbes
2884 4862 3040 4917 habet
3088 4861 3411 4933 Syracusas,
3448 4874 3497 4918 et
3547 4861 3843 4917 Taurome-

2241 4958 2389 5011 nium
2450 4957 2686 5020 dictum,
2750 4956 3025 5023 ipsumque
3076 4953 3458 5023 Agrigentum,
3514 4961 3565 5007 et
3621 4961 3844 5008 steteras

2240 5051 2500 5111 civitates,
2530 5048 2720 5114 partim
2746 5044 3034 5106 desolatas,
3064 5046 3261 5115 partim
3295 5042 3581 5099 Saracenis
3614 5060 3846 5111 occupa.

2243 5154 2347 5199 tas.
2382 5141 2678 5215 Syracusas
2719 5148 2858 5193 certe
2889 5138 2986 5193 sub
3022 5136 3227 5191 Basilio
3261 5138 3583 5207 imperatore
3608 5139 3842 5208 percele-

2242 5238 2322 5291 bri
2353 5245 2597 5305 ceperunt
2626 5233 2904 5297 Saraceni,
2935 5229 3345 5285 Tauromenium
3372 5245 3492 5285 vero
3535 5230 3632 5284 sub
3669 5228 3843 5286 Leone

2242 5330 2559 5399 imperatore
2606 5325 2879 5395 Sapiente.

2386 5472 2415 5544 ᾗ
2462 5470 2528 5526 Il.
2561 5503 2627 5515 --
2660 5470 2846 5527 Status
2894 5471 3279 5526 ecclesiasticus
3333 5470 3698 5527 Tauromenii.

2315 5605 2835 5660 Tauromenitanam
2886 5603 3181 5659 Ecclesium
3232 5605 3555 5673 antiquitate
3584 5608 3842 5679 (1(ίίεηί-

2248 5710 2357 5752 tate
2389 5713 2510 5753 cum
2543 5698 2735 5767 primis
2761 5706 2813 5751 ct
2845 5697 3033 5766 prima:
3080 5696 3420 5764 antiquitatis
3458 5697 3716 5752 Ecclesiis
3754 5700 3841 5755 Si-

2253 5791 2387 5847 cilia:
2422 5789 2850 5860 componendam
2893 5802 3053 5845 nemo
3082 5790 3287 5845 vocarit
3317 5789 3370 5844 in
3403 5789 3647 5859 dubium,
3684 5792 3839 5853 modo
