4104 6290
293 410 369 475 (i5
1310 410 1717 472 FRANCISCI
1753 407 2018 470 SCORSI
2056 410 2491 474 PROtEMlUM
2534 411 2581 476 Ι.
3507 425 3580 494 55

293 525 414 593 ejus
471 521 758 592 primordia
811 535 1052 591 reputet;
1111 525 1364 578 nimirum
1401 544 1429 578 a
1459 526 1514 578 S.
1551 524 1708 578 Petro
1751 539 1881 591 apo-

292 617 560 670 stolorum
599 617 844 684 print-ipe
879 616 1183 682 fundatam,
1222 619 1387 672 lltl5>0
1406 634 1469 672 ex
1491 620 1707 672 Oriente
1737 613 1883 668 Tau—

292 713 595 765 romenium
629 709 686 764 S.
724 711 1046 774 l'ancratio,
1100 713 1276 780 primo
1325 712 1439 778 ejus
1493 711 1767 776 episcopo,
1814 709 1884 759 ab

291 805 528 872 ipsumet
565 804 621 860 5.
663 805 823 859 Petro
871 814 1212 870 consecrato,
1257 815 1408 860 estra
1458 802 1881 858 controversiam

291 907 398 950 est.
453 894 707 949 Testatur
759 895 1198 967 Martyrologium
1249 894 1607 952 Romanum?)
1640 894 1880 962 Aprilis;

288 989 448 1041 card.
493 986 754 1043 Baronius
783 989 836 1041 in
877 994 1057 1054 notis;
1107 986 1335 1057 Niceph.
1385 988 1478 1042 lib.
1510 1004 1594 1052 iit,
1626 1004 1675 1041 c.
1706 987 1796 1051 35,
1827 995 1884 1041 ct

287 1088 476 1132 onst-2r
511 1077 872 1146 Theophanes
919 1081 1064 1134 hom.
1099 1079 1166 1133 de
1196 1078 1253 1134 S.
1288 1078 1612 1143 Pancratio;
1654 1076 1782 1146 quin
1815 1091 1878 1130 ex

289 1171 396 1224 title
426 1186 544 1239 quae
574 1188 739 1237 penes
769 1170 1073 1226 Simeonem
1123 1171 1540 1241 Metaphrasmm
1573 1180 1675 1232 est,
1721 1169 1875 1224 Orat.

285 1265 353 1316 de
395 1262 497 1317 SS.
547 1259 706 1316 Petro
732 1274 777 1316 ct
810 1263 1010 1330 Paulo,
1074 1266 1314 1332 ejusdem
1343 1263 1400 1318 5.
1434 1263 1577 1319 Petri
1635 1262 1877 1330 vestigiis

285 1354 567 1422 impressis
598 1369 660 1406 ea
690 1356 924 1408 eet-lesia
980 1357 1270 1410 sanctitate
1298 1364 1353 1409 et
1394 1355 1597 1408 honore
1632 1363 1788 1407 aucta
1824 1364 1875 1407 et

283 1449 527 1503 stabilita
553 1456 676 1514 est;
709 1449 971 1517 siquidem
1019 1449 1211 1502 h-stum
1253 1465 1318 1503 ex
1351 1449 1544 1502 itinere
1571 1446 1873 1514 apostolum

285 1540 524 1606 hospitio
549 1541 783 1610 excepit,
822 1541 938 1608 ipso
971 1540 1028 1593 S.
1061 1539 1345 1593 Paucratio
1371 1539 1442 1592 illi
1476 1539 1691 1593 obviam
1727 1554 1876 1593 sum-

283 1632 394 1685 mis
445 1634 646 1686 amoris
699 1634 1185 1702 signiﬁcationilms
1259 1633 1603 1702 procedente.
1651 1633 1756 1685 Sed
1807 1631 1875 1683 de

281 1725 348 1779 S.
383 1725 669 1780 Pancratio
707 1728 930 1796 ejusque
959 1729 1097 1781 actis
1151 1743 1215 1780 ac
1241 1729 1499 1792 martyrio
1527 1725 1870 1779 Tanromenii

277 1820 452 1873 ohitis
481 1821 734 1873 n0uuulla
770 1818 932 1872 refert
967 1836 1031 1873 ex
1061 1819 1342 1875 Gallit-ano
1375 1818 1650 1874 Breviariu
1679 1833 1872 1872 escere

279 1927 379 1981 pta
414 1913 473 1967 D.
503 1913 755 1966 Bocchus
791 1915 977 1968 l’irrus
1008 1916 1060 1966 in
1095 1916 1234 1968 nmis
1275 1911 1733 1966 Tauromenitana:
1765 1909 1872 1963 Ec-

277 2004 478 2066 ἄρδειν,
527 2009 668 2074 apud
698 2019 860 2075 quem
909 2006 1075 2059 etiam
1111 2005 1262 2070 plura
1294 2007 1359 2059 ad
1404 2007 1539 2059 hanc
1572 2002 1868 2057 Ecclesium

276 2099 587 2167 spectantia
643 2099 807 2167 leges.
869 2095 978 2153 Nos
1025 2109 1109 2152 sat
1157 2098 1437 2162 habemus,
1493 2109 1550 2151 nt
1595 2112 1868 2168 syuopsm

275 2192 576 2263 quamdam
608 2190 754 2259 ejus
805 2190 1060 2245 Ecclesia:
1108 2190 1196 2243 hic
1247 2193 1655 2259 prmuittamns,
1713 2196 1869 2257 prout

274 2291 528 2336 nostrum
582 2270 880 2334 institutum
940 2279 1197 2349 postulat,
1247 2294 1458 2334 summa
1507 2282 1870 2348 perstringere

271 2376 482 2444 capita.
511 2373 570 2428 S.
608 2372 896 2428 Paucratio
948 2371 1212 2428 successit
1268 2372 1526 2439 Evagrius
1556 2371 1672 2438 ejus
1707 2370 1866 2422 dist-i-

275 2465 474 2537 putus;
511 2463 741 2534 Evagrio
770 2461 831 2520 S.
864 2463 1150 2524 Maximus,
1203 2465 1363 2518 ambo
1397 2480 1425 2517 a
1456 2461 1516 2518 5.
1552 2462 1710 2518 Petro
1740 2479 1870 2515 cott-

275 2558 481 2614 secrati
531 2555 795 2627 episcopi,
826 2554 1032 2625 primus
1086 2554 1289 2619 Romaz,
1320 2571 1441 2610 cum
1474 2567 1616 2610 esset
1664 2557 1868 2624 legatus

272 2663 346 2704 eo
399 2649 598 2703 missus
629 2662 659 2701 a
707 2647 768 2702 S.
799 2647 1123 2713 Pancratio;
1180 2646 1450 2700 secundus
1496 2643 1863 2703 Tauromenii,

275 2755 402 2794 cum
454 2739 529 2793 ibi
557 2755 623 2793 ex
669 2737 864 2793 itinere
919 2747 1242 2791 moraretur.
1295 2735 1367 2790 De
1412 2735 1590 2803 priore
1639 2746 1866 2790 testatur

273 2831 614 2888 Gallicanum
661 2827 1021 2892 Breviarium,
1054 2829 1196 2899 quod
1227 2843 1328 2899 ego
1355 2842 1477 2882 cum
1508 2843 1682 2882 essent
1717 2826 1862 2882 Tau-

274 2923 530 2986 rouieuii,
582 2922 822 2976 oblatum
866 2936 895 2974 a
941 2919 1178 2985 civilius,
1234 2920 1333 2990 legi
1361 2936 1376 2975 :
1408 2932 1472 2972 ex
1518 2933 1626 2989 quo
1680 2919 1862 2973 itidem

275 3013 466 3070 Pirrns
492 3015 546 3067 in
574 3029 668 3068 sua
702 3011 891 3067 notitia
932 3010 1171 3066 secundo
1215 3010 1334 3067 loco
1362 3019 1482 3078 post
1519 3007 1861 3064 Pancratium

276 3107 469 3163 statuit
515 3106 832 3175 Evagrium.
865 3103 1258 3160 Testimonium
1308 3103 1566 3158 Breviarii
1611 3104 1866 3173 produci-

278 3217 398 3257 tnus
443 3201 512 3255 ad
557 3198 834 3254 bomiliatn
879 3197 947 3253 de
993 3197 1056 3253 S.
1107 3196 1392 3253 Pancratio
1440 3197 1646 3266 (hontil.
1690 3197 1857 3263 LVII),

275 3303 403 3349 nota
436 3294 538 3359 l5;
574 3289 913 3361 posterioris,
949 3287 1050 3344 hoc
1079 3296 1160 3344 est
1191 3287 1250 3342 5.
1280 3287 1519 3355 Maximi,
1557 3287 1854 3356 Metaphra-

271 3395 408 3441 stem
443 3386 620 3439 habeo
652 3391 928 3437 auctorem
958 3382 1076 3436 loco
1107 3381 1293 3436 citato.
1340 3380 1507 3450 Hujus
1555 3378 1616 3438 S.
1643 3380 1857 3435 Maximi

270 3476 704 3533 anniversariam
750 3473 1207 3528 Tauromenitana
1257 3470 1494 3527 Ecclesia
1541 3473 1855 3526 memoriam

271 3571 399 3627 colit
432 3568 611 3638 pridie
643 3566 768 3623 ldus
794 3565 1057 3621 Januarii.
1093 3565 1224 3621 Post
1247 3564 1536 3619 Maximum
1567 3564 1701 3619 Nico
1725 3581 1860 3632 prae-

270 3664 375 3720 fuit
395 3660 787 3725 Tauromenio,
815 3659 911 3730 qui
942 3674 1064 3715 cum
1094 3667 1310 3712 centum
1349 3659 1637 3726 nonaginta
1666 3671 1856 3709 novem

269 3754 558 3823 discipulis
605 3752 742 3815 suis,
793 3750 956 3805 Decio
991 3749 1318 3816 imperatore
1359 3748 1682 3804 Christiana:
1732 3748 1856 3802 lidci

271 3844 648 3902 testimonium
675 3843 823 3897 dedit
854 3850 1048 3894 morte.
1079 3837 1204 3894 Post
1232 3841 1328 3893 hos
1355 3839 1505 3892 multi
1527 3854 1592 3891 ex
1616 3838 1856 3906 epistolis

270 3935 593 4009 pontiﬁcum
622 3943 676 3989 et
703 3932 924 4003 synodis
952 3945 1077 3985 cum
1110 3930 1528 3998 provincialibus
1561 3941 1668 3983 tum
1702 3945 1855 3986 men-

271 4026 506 4082 menicis
554 4020 996 4077 Tauromenitani
1038 4019 1280 4089 episcopi
1327 4018 1670 4088 colliguntur.
1720 4018 1852 4075 Nam

272 4124 327 4180 S.
362 4120 477 4177 Leo
507 4119 747 4191 pontifex
784 4117 1007 4187 epistola
1058 4129 1217 4185 quam
1251 4114 1314 4170 ad
1347 4117 1626 4171 universos
1655 4116 1855 4171 Sicilia

269 4218 558 4287 episcopos
591 4211 806 4281 scripsit
831 4209 976 4265 circa
1022 4223 1221 4263 annum
1255 4207 1382 4273 J47,
1416 4206 1853 4264 ’l’aurontenitani

271 4309 608 4364 mentionem
659 4303 807 4367 facit,
853 4303 948 4356 sed
999 4315 1193 4357 nomen
1247 4315 1352 4354 non
1401 4299 1676 4370 exprimit.
1725 4300 1855 4356 Post

271 4400 534 4458 Romana:
591 4397 795 4468 synodo
838 4395 939 4447 sub
987 4390 1315 4464 Symmacho
1372 4405 1510 4462 papa
1567 4393 1853 4449 celebrata:

271 4493 522 4551 interfuit
570 4489 832 4558 Rogatus,
867 4483 1359 4540 Tauromenitanus
1403 4485 1724 4552 episcopus;
1759 4482 1854 4539 νί-

269 4583 467 4641 ctorini
497 4594 551 4637 et
581 4577 874 4636 Secundini
921 4577 1299 4645 episcoporum
1345 4575 1590 4631 meminit
1623 4574 1686 4630 D.
1717 4574 1850 4629 Gre-

269 4678 453 4750 gorius
505 4672 735 4742 epistola
761 4670 828 4725 ad
861 4669 1079 4726 Petrum
1129 4667 1540 4733 subdiaconnm,
1575 4667 1718 4722 circa
1748 4683 1852 4722 an-

272 4778 397 4816 num
447 4761 595 4826 659;
643 4757 830 4815 Justus
856 4759 924 4812 ad
961 4756 1248 4814 concilium
1304 4754 1670 4811 Lateraneuse
1707 4758 1852 4812 venit

270 4851 507 4908 Hartiuo
539 4850 792 4922 pontiﬁce
815 4859 870 4903 et
892 4848 1190 4904 Constante
1214 4848 1571 4916 imperatore;
1607 4848 1672 4901 ad
1703 4861 1852 4902 (ecu-

273 4948 541 5000 menicam
612 4944 875 5013 synodum
922 4959 971 4997 \‘l
1022 4942 1378 4997 Constantino
1443 4941 1602 4996 tertio
1659 4949 1852 4997 contra

271 5037 656 5093 Honotltelitas
702 5036 956 5090 convenit
1001 5050 1124 5091 cum
1157 5034 1371 5090 centeris
1414 5034 1608 5091 Petrus
1641 5036 1852 5105 episco-

237 5147 369 5202 ;pus
415 5129 946 5190 Taurmncnitauus;
985 5128 1230 5196 septiunc
1274 5142 1420 5192 vero,
1456 5142 1576 5196 quae
1619 5127 1720 5181 l'uit
1755 5124 1854 5179 Ni-

272 5239 417 5277 cama
479 5237 539 5284 Il,
592 5231 782 5275 contra
844 5217 1269 5281 lconomaehos,
1322 5217 1676 5272 Constantino
1727 5234 1848 5273 cum

271 5315 421 5370 lrcue
478 5322 653 5368 matre
705 5311 908 5382 impp.,
961 5308 1198 5364 Joannes
1255 5309 1518 5365 interluit.
1569 5307 1700 5364 Post
1753 5312 1852 5366 hos

273 5409 468 5478 legitur
520 5405 813 5460 Zacharias
859 5401 1348 5458 Tauromenitanus
1395 5403 1705 5472 episcopus,
1753 5418 1850 5476 seu

274 5500 449 5571 potius
479 5496 959 5567 pseudepiscopus,
992 5507 1049 5548 ut
1079 5494 1137 5550 in
1168 5496 1315 5550 notis
1340 5494 1613 5550 Aitastasii
1651 5497 1852 5551 Biblio-

272 5589 494 5644 thecarii
529 5589 729 5657 legitur
751 5589 818 5639 ad
839 5586 1126 5640 concilium
1147 5588 1372 5655 vm,qui
1402 5586 1578 5642 Pliotii
1608 5586 1852 5654 partibus

275 5682 400 5736 lavit
430 5697 444 5734 :
471 5679 569 5734 sed
599 5694 666 5732 an
694 5678 783 5732 hic
815 5678 884 5732 sit
912 5679 1054 5732 idem
1091 5686 1254 5745 atque
1307 5678 1395 5730 ille
1433 5676 1726 5732 Zacharias
1757 5679 1848 5747 qui

272 5783 633 5843 cognomento
690 5770 911 5839 (ictibus
940 5770 1010 5824 sit
1055 5772 1253 5835 dictus,
1302 5781 1359 5824 ut
1402 5769 1538 5824 Pirt'i
1586 5772 1850 5841 scriptum

277 5866 506 5939 reliquit,
535 5871 593 5921 et
631 5878 699 5920 an
725 5863 1116 5934 archiepiscopi
1167 5863 1319 5917 titulo
1370 5874 1560 5918 auctus
1593 5879 1618 5915 a
1658 5860 1849 5920 Photio

1997 524 2162 578 farrit
2223 528 2736 596 pseudopatriarcha
2800 531 3242 604 Constantinopq
3278 536 3579 608 disputabi-

1991 629 2111 667 mus
2143 616 2301 681 intra,
2337 616 2362 685 §
2391 635 2470 673 ιιι.
2508 619 2643 674 llnic
2674 621 2972 690 Zacliariw,
3016 629 3126 689 jam
3158 629 3209 680 in
3237 632 3445 699 synodo
3480 649 3572 689 \‘ltl

1989 710 2326 761 oecotnenira
2377 711 2462 776 de,
2484 713 2624 764 osito
2656 723 2709 766 ttt
2739 712 3108 780 scliismatico,
3147 733 3244 772 nec
3269 723 3574 790 pumitenti,

1989 801 2252 856 successit
2304 801 2661 874 Theophanes
2695 807 2983 861 Cerameus
3029 822 3383 869 consecratus
3439 827 3578 870 tein-

1987 907 2118 962 pore
2170 895 2284 961 ipso
2331 900 2611 966 compositi
2661 900 2974 956 StililSlltilllS
3020 913 3072 955 et
3118 907 3265 971 pacis
3319 910 3577 964 restitutae

1986 981 2242 1039 Ecclesia:
2300 983 2605 1055 Orientali,
2677 990 2821 1057 quod
2884 994 3163 1049 evidenter
3224 1002 3575 1058 ostendemus

1983 1079 2248 1145 prommio
2277 1075 2338 1143 ll,
2371 1077 2400 1151 §
2433 1095 2483 1132 iv
2513 1093 2565 1134 et
2606 1096 2722 1146 vu;
2773 1094 2963 1139 nostro
3019 1096 3200 1143 autem
3259 1087 3574 1161 Thetipbani

1985 1168 2310 1239 subrogatus
2361 1173 2570 1228 videtur
2597 1173 2654 1229 S.
2685 1174 2998 1248 Preti-opius,
3041 1181 3132 1251 qui
3179 1199 3322 1238 anno
3367 1184 3574 1244 Christi

1982 1261 2107 1328 905,
2139 1259 2339 1319 Leonis
2373 1267 2619 1333 imperat.
2658 1283 2806 1334 xxvr,
2835 1271 2937 1324 sub
2969 1270 3291 1329 Abi-aclicno
3319 1274 3575 1333 Africano

1981 1355 2377 1414 Saracenorum
2429 1375 2550 1431 rege
2601 1361 2890 1416 invadente
2919 1375 2974 1420 ct
3014 1377 3315 1435 occupaute
3364 1368 3574 1426 Tauro-

1979 1450 2241 1514 menium,
2302 1451 2445 1520 quod
2504 1466 2836 1522 postremum
2893 1453 2994 1509 fuit
3048 1459 3099 1511 in
3157 1458 3427 1517 Siciliensi
3483 1464 3572 1521 ilia

1978 1540 2131 1594 clade
2162 1552 2323 1610 atque
2354 1545 2591 1613 pernicie
2619 1557 2835 1616 captum
2862 1548 3156 1619 oppidum;
3188 1551 3294 1613 ille,
3327 1553 3568 1624 inquam,

1979 1627 2035 1683 S.
2069 1627 2364 1698 Procopius
2415 1631 2734 1705 martyrium
2770 1649 2959 1702 passus
3008 1644 3131 1694 est:
3163 1640 3306 1707 quod
3343 1641 3572 1696 habetur

1976 1735 2042 1774 ex
2079 1718 2196 1774 Vita
2231 1723 2473 1786 eiusdem
2508 1724 2567 1777 S.
2604 1723 2874 1794 Procopii,
2923 1741 3085 1796 quam
3119 1726 3356 1785 Joannes
3385 1733 3572 1786 diaco-

1978 1827 2081 1866 nus
2143 1811 2529 1883 Neapolitanus
2587 1814 2821 1872 intexuit
2868 1817 2920 1871 in
2976 1835 3041 1873 ea
3095 1823 3404 1874 narratione
3464 1838 3568 1890 qua

1976 1905 2386 1960 translationem
2447 1907 2690 1976 corporis
2743 1905 2803 1965 5.
2850 1907 3096 1964 Severini
3151 1927 3214 1967 ex
3255 1911 3558 1969 Lat-ullane

1975 1998 2202 2053 castello
2235 2015 2329 2070 per
2361 2001 2705 2056 occasionem
2761 2003 2974 2058 timoris
3003 2002 3071 2058 de
3100 2009 3414 2061 eortundem
3467 2008 3568 2061 Sa-

1977 2106 2299 2147 racenorum
2335 2093 2644 2150 incursione
2678 2094 2853 2150 coorti
2899 2095 3177 2150 describit.
3213 2095 3341 2152 Eam
3379 2098 3479 2169 legi
3512 2100 3564 2154 in

1976 2187 2348 2242 monumentis
2404 2203 2534 2243 mss.
2583 2185 2642 2242 P.
2679 2185 2893 2242 Octavii
2923 2187 3170 2257 Caetani,
3222 2204 3340 2258 quae
3386 2199 3564 2247 tamen

1973 2276 2152 2332 adhuc
2177 2278 2277 2333 sub
2309 2277 2504 2333 incude
2557 2286 2861 2333 tornantur.
2895 2277 3020 2334 llaec
3068 2278 3308 2334 Ecclesia
3356 2281 3568 2336 Tauro-

1975 2369 2249 2424 menitana
2299 2369 2365 2423 de
2413 2369 2700 2439 episcopali
2756 2369 2913 2424 simul
2957 2376 3012 2425 et
3054 2369 3272 2440 politico
3338 2369 3566 2428 ﬂorente

1971 2468 2118 2513 statu
2176 2459 2411 2526 decidit;
2467 2461 2563 2516 sed
2599 2458 2842 2528 profecto
2879 2461 3079 2526 decuit,
3110 2471 3167 2517 ut
3216 2478 3336 2531 qua:
3383 2461 3565 2518 fuerat

1973 2552 2230 2622 mattyris
2264 2551 2321 2607 5.
2351 2550 2621 2606 Pancratii
2659 2551 2819 2621 primi
2872 2554 3104 2621 pastoris
3143 2557 3407 2624 sanguine
3460 2557 3564 2609 ini-

1974 2642 2124 2705 tiata,
2160 2657 2222 2697 ea
2256 2650 2481 2697 essetet
2523 2641 2784 2713 postremi
2827 2641 3014 2697 itidem
3064 2644 3326 2713 sanguine
3374 2645 3557 2700 cousi-

1968 2746 2154 2805 gnata.
2187 2734 2294 2789 Nec
2326 2749 2453 2788 vero
2483 2735 2626 2788 inter
2667 2735 2902 2804 primum
2928 2745 2982 2788 et
3010 2746 3340 2802 postremum
3371 2750 3559 2806 pasto-

1970 2841 2080 2889 res,
2135 2825 2226 2897 qui
2273 2828 2510 2880 animam
2572 2842 2726 2882 suam
2777 2841 2880 2896 pro
2927 2827 3120 2882 ovibus
3178 2827 3557 2897 profuderunt,

1967 2917 2147 2973 ovium
2191 2915 2430 2986 ipsarum
2467 2930 2591 2969 cum
2623 2914 2784 2984 lupis,
2815 2916 2897 2970 vel
2925 2917 3177 2983 ethnicis,
3214 2918 3294 2972 vel
3329 2918 3560 2974 Sarace-

1968 3008 2054 3063 nis
2084 3006 2385 3064 Christiani
2418 3006 2652 3064 nominis
2695 3007 2943 3063 hostibus
2973 3025 3077 3064 non
3110 3019 3349 3079 spectata
3381 3025 3558 3067 certa.

1968 3101 2155 3154 mina:
2191 3102 2354 3154 etiam
2383 3098 2584 3155 decoro
2632 3099 2828 3154 civium
2869 3116 3086 3154 suorum
3125 3104 3388 3170 sanguine
3428 3119 3559 3158 con-

1964 3205 2152 3258 spersa
2181 3201 2235 3245 et
2261 3199 2471 3256 ornata,
2520 3189 2720 3245 utalia:
2747 3189 2952 3257 multis,
2987 3190 3224 3246 Ecclesia
3266 3193 3558 3249 Taurome-

1967 3280 2174 3335 nitana.
2199 3277 2438 3335 Ostensa!
2462 3280 2590 3334 mihi
2619 3288 2746 3334 sunt
2765 3276 3109 3334 Tauromenii
3141 3281 3311 3350 plena:
3334 3282 3554 3338 ossibus

1966 3387 2141 3443 capsa:
2173 3372 2314 3438 ἀνω,
2343 3388 2463 3443 qua:
2510 3372 2693 3426 multis
2740 3381 2867 3428 ante
2913 3373 3070 3428 annis
3101 3373 3159 3428 in
3189 3389 3320 3446 agro
3349 3373 3557 3431 Tauro-

1963 3467 2239 3522 menitana
2270 3483 2375 3522 non
2407 3469 2526 3523 sine
2555 3466 2752 3522 divinis
2782 3466 3169 3523 miraculorum
3225 3469 3553 3525 testimoniis

1962 3566 2180 3618 inventa
2212 3573 2682 3633 erectaque-sunt,
2714 3562 2798 3618 vel
2835 3565 3040 3619 recenti
3083 3566 3260 3622 adhuc
3283 3569 3548 3636 sanguine

1964 3658 2154 3721 tincta,
2186 3666 2239 3711 et
2267 3656 2396 3726 ipsis
2421 3658 2584 3711 etiam
2626 3657 2818 3712 mortis
2865 3659 3240 3716 instrumentis
3285 3660 3498 3715 conﬁxa
3525 3676 3544 3714 :

1961 3749 2057 3804 sed
2097 3764 2326 3819 quorum
2365 3759 2689 3814 martyrum,
2747 3750 2970 3815 cuiusve
3020 3750 3278 3819 temporis
3313 3750 3402 3807 illa
3436 3753 3548 3808 sint

1963 3842 2200 3895 nondum
2230 3849 2562 3907 compertum
2589 3840 2655 3892 ab
2688 3839 2841 3908 ipsis,
2871 3855 2971 3894 nec
2999 3841 3068 3894 ab
3098 3838 3344 3896 Romano
3374 3845 3546 3912 ponti-

1963 3931 2062 3986 tice
2087 3931 2377 3986 sancitum.
2409 3929 2677 3983 Cteteruin
2707 3943 2770 3983 ex
2802 3929 3045 3985 historiis
3075 3930 3216 3996 aliis,
3244 3948 3308 3987 ac
3349 3933 3546 3989 tabulis

1961 4031 2017 4076 et
2047 4022 2411 4074 monumentis
2438 4019 2553 4073 hac
2612 4018 2960 4090 colliguntur.
3002 4019 3115 4074 Sub
3146 4019 3321 4091 ipsum
3361 4020 3552 4078 Eccle-

1959 4118 2054 4172 siae
2100 4126 2369 4180 exortum,
2437 4114 2684 4183 magistri
2739 4123 2794 4167 et
2841 4114 3106 4170 antistitis
3148 4115 3232 4169 sui
3273 4113 3544 4172 Pancratii

1958 4209 2299 4268 documentis
2332 4209 2629 4273 instructae,
2664 4207 3020 4276 exemploque
3053 4211 3410 4278 conﬁrmatae,
3441 4211 3543 4268 SS.

1956 4300 2212 4356 mulieres
2265 4297 2412 4352 Esia
2473 4296 2721 4352 Susanna
2764 4308 2820 4353 et
2858 4296 3075 4364 Zenais,
3107 4299 3173 4354 de
3219 4309 3447 4371 tyranno
3480 4317 3546 4358 ac

1957 4407 2090 4449 sexu
2146 4389 2392 4446 muliebri
2447 4389 2610 4444 morti
2663 4390 3050 4446 occmnbentes
3120 4395 3545 4463 triun-pbarunt.

1957 4486 2092 4541 Cum
2123 4485 2182 4538 S.
2211 4481 2416 4539 Nicone
2449 4481 2635 4536 itidem
2668 4484 2946 4554 epist-ope,
2964 4498 3123 4554 quem
3155 4498 3353 4554 that‘lO
3381 4502 3544 4557 supra

1960 4578 2329 4633 recensuimus
2375 4575 2517 4641 loco,
2554 4576 2677 4630 caesi
2721 4585 2868 4640 sunt,
2923 4574 3085 4632 Decio
3122 4588 3413 4633 exercente
3462 4592 3546 4652 ty-

1958 4668 2263 4732 rannidem,
2320 4667 2536 4722 ducenti
2591 4683 2700 4722 uno
2760 4666 2981 4730 minus.
3043 4668 3135 4738 qui
3187 4670 3546 4741 triumphanti

1957 4759 2080 4814 duci
2126 4775 2226 4813 suo
2256 4757 2398 4814 latus
2455 4760 2744 4828 stiparent,
2798 4760 2988 4815 eadem
3034 4760 3219 4818 laurea
3268 4762 3546 4832 redimiti;

1956 4850 2100 4920 quod
2125 4849 2199 4905 ibi
2227 4849 2392 4904 etiam
2443 4852 2744 4919 attigimus.
2775 4850 2845 4905 At
2872 4866 2940 4906 ex
2973 4850 3315 4909 Diocletiano
3364 4854 3545 4926 impe-

1959 4955 2140 4999 ratore
2169 4941 2275 4997 SS.
2305 4939 2512 5012 Speras
2541 4952 2596 4996 et
2624 4940 2982 5001 Cornelianus
3022 4960 3147 5000 eum
3186 4946 3353 5003 sociis
3380 4963 3544 5004 sexa—

1957 5037 2106 5108 ginta
2133 5035 2378 5090 eamdem
2407 5034 2643 5089 retulere
2677 5034 2932 5104 palmam.
2958 5034 3071 5091 Nec
3101 5052 3228 5092 vero
3253 5037 3314 5092 S.
3342 5036 3546 5094 Proco-

1957 5128 2048 5196 pio
2092 5137 2367 5197 postremo
2417 5127 2670 5197 episcopo
2697 5136 2751 5182 et
2778 5137 3015 5199 martyre
3073 5129 3254 5184 socios
3307 5129 3544 5185 abfuisse

1955 5221 2303 5283 crediderim,
2339 5220 2391 5274 in
2420 5220 2509 5274 illa
2560 5221 2948 5276 immanissima
2988 5231 3192 5288 strage,
3237 5236 3400 5291 quam
3443 5226 3543 5276 Sa-
3584 5282 3587 5284 ἓ

1956 5314 2162 5381 raccui,
2213 5312 2540 5369 Christianas
2605 5313 2884 5384 religionis
2935 5313 3275 5369 infestissimi
3335 5315 3542 5382 hostes,

1956 5405 2198 5478 ejusdem
2257 5422 2422 5462 causa
2457 5407 2741 5469 dederunt,
2789 5406 2903 5475 jam
2946 5417 3106 5477 capto
3151 5407 3538 5473 Tauromeuio,

1955 5513 2188 5566 quorum
2221 5496 2482 5551 fortasssc
2533 5513 2692 5552 sacra
2723 5495 2956 5565 λείψανα.
2987 5505 3114 5552 sunt
3138 5514 3259 5566 qua:
3297 5499 3543 5568 superio-

1954 5591 2109 5646 ribus
2154 5591 2314 5646 annis
2363 5589 2580 5645 iuventa
2627 5590 2742 5660 jam
2792 5592 3060 5646 asservari
3101 5591 3297 5645 dixiin
3337 5591 3538 5658 majore

1956 5684 2308 5741 Tauromenii
2342 5682 2560 5752 templo.
2594 5680 2819 5736 Demum
2849 5698 2952 5736 nec
2987 5682 3248 5753 virginum
3281 5698 3381 5738 nec
3412 5696 3539 5734 eou-

1957 5777 2226 5831 l'essorum
2289 5773 2512 5828 tioribus
2573 5786 2728 5827 sacer
2789 5771 3282 5827 Tauromenitanus
3348 5772 3541 5825 hortus

1965 5867 2159 5931 caruit,
2197 5878 2422 5933 quorum
2455 5864 2586 5918 odor
2618 5861 2722 5918 late
2763 5875 3084 5934 pervagatus
3113 5863 3202 5918 sit.
3235 5863 3308 5918 Es
3341 5861 3538 5918 horum
