4104 6290
590 425 661 490 ετ
1636 424 2037 505 FRANCISCI
2074 421 2339 485 SCORSI
2384 423 2823 491 PROCEMIUM
2868 429 2917 490 Ι.
3791 424 3866 492 63

584 545 730 602 enim
782 558 981 617 genere
1016 541 1235 599 fuerunt
1282 542 1528 610 Paulina,
1564 544 1678 615 jam
1730 544 1852 600 inde
1880 560 1908 597 a
1939 540 1997 597 S.
2032 541 2173 595 l’au-

586 634 759 692 oratio
812 635 1029 691 Christo
1071 634 1284 701 dicata;
1320 634 1714 703 Epaphroditus
1767 636 2053 706 presbyter
2108 630 2178 688 ab

584 725 773 782 eadem
802 729 974 782 sacris
1004 726 1282 791 initiatus;
1311 734 1367 783 et
1394 726 1721 781 Christianis
1750 725 2175 793 imperatoribus

585 819 639 873 iu
690 819 907 873 Oriente
953 818 1389 881 dominantibus.
1449 818 1661 874 Attalus
1711 819 1947 888 itemque
2004 814 2178 872 Lucas

584 912 809 969 abbates
851 912 995 967 circa
1036 927 1235 965 annum
1269 909 1375 966 800
1409 910 1794 966 monachorum
1839 908 2176 963 institutione

581 1014 638 1057 ct
689 1003 801 1057 suis
852 1001 948 1071 ipsi
1002 1002 1288 1056 virtutibus
1334 1012 1391 1057 et
1439 1000 1728 1057 sanctitate
1786 999 2102 1054 claruerunt
2155 1011 2172 1053 :

582 1097 883 1165 eodemque
937 1093 1437 1164 seculo,_propius
1480 1095 1547 1147 ad
1599 1089 1946 1162 Theophanis
2004 1090 2174 1146 nostri

584 1199 847 1256 tempora,
886 1187 1094 1253 Daniel,
1128 1187 1187 1242 S.
1220 1185 1351 1242 Elite
1398 1184 1666 1241 Eunensis
1708 1184 2024 1253 dist-iptilus,
2059 1199 2176 1238 rno-

582 1282 804 1338 nastica:
834 1282 997 1337 etiam
1033 1282 1154 1334 vita:
1188 1280 1482 1336 virtutibus
1524 1278 1741 1347 ﬂoruit;
1798 1280 1937 1334 sicut
1979 1274 2176 1331 Theo-

583 1375 813 1444 phanem
888 1374 1060 1443 ipsum
1119 1372 1315 1442 publici
1369 1372 1530 1428 simul
1579 1382 1635 1427 et
1684 1370 1878 1438 privati
1939 1370 2175 1424 hominis

582 1465 897 1528 virtutibus,
946 1464 1183 1532 episcopi
1231 1463 1441 1519 scilicet
1474 1472 1527 1518 et
1558 1461 1912 1523 confessoris,
1947 1459 2015 1515 de
2049 1460 2173 1531 qni-

583 1558 683 1613 bus
710 1570 809 1611 suo
840 1556 956 1609 loco
1003 1554 1155 1624 plura
1210 1553 1465 1617 dicimus,
1515 1553 1799 1617 enituisse,
1847 1552 2172 1607 crediderim

581 1649 762 1717 ponus
802 1662 962 1714 quam
1000 1646 1350 1709 asseruerim,
1389 1645 1514 1699 dum
1538 1630 1541 1633 ἤ
1568 1644 1748 1700 adhuc
1792 1644 1939 1699 nulla
1981 1654 2174 1700 aucto-

582 1745 715 1799 ritas
748 1743 990 1818 historiae
1020 1757 1139 1811 quae
1173 1742 1239 1796 de
1271 1739 1388 1809 ejus
1440 1739 1728 1796 sanctitate
1753 1755 1818 1795 ac
1848 1749 2023 1795 morte
2047 1739 2173 1795 vita

578 1846 942 1893 consentanea
992 1835 1150 1891 tidem
1207 1833 1389 1899 faciat,
1438 1840 1683 1903 apparet.
1736 1833 1913 1900 Atque
1955 1831 2041 1886 hic
2069 1831 2171 1887 Ec-

579 1928 754 1984 clesia:
793 1925 1266 1983 Tauromenitanae
1313 1932 1486 1991 ortus,
1528 1939 1873 1996 progressus,
1918 1937 2169 1980 occasus.

579 2087 607 2161 ᾗ
643 2086 731 2145 lli.
794 2086 981 2160 Imago
1012 2084 1178 2142 beata
1230 2082 1467 2155 Virginis
1502 2102 1665 2211 rgenti
1690 2100 1795 2140 non
1846 2083 1991 2155 facta
2023 2080 2168 2139 Tau-

1331 2173 1527 2211 romenz
1556 2195 1571 2211 .

1331 2173 1571 2211 romemt.

653 2292 733 2350 Ad
781 2291 1038 2349 Ecclesia:
1099 2290 1579 2349 Tauromenitana:
1632 2300 1835 2348 statum
1882 2290 2169 2348 etsancti-

583 2398 749 2457 tatem
800 2388 1037 2458 pertinet
1090 2400 1196 2444 non
1244 2386 1403 2442 modo
1461 2385 1611 2457 quod
1669 2382 1903 2456 apostoli
1945 2385 2163 2456 signata

588 2480 853 2550 vestigiis,
894 2490 1193 2552 martyrum
1244 2478 1513 2550 sanguine
1556 2480 1839 2546 decorata,
1879 2479 1975 2534 sed
2001 2478 2167 2534 etiam

581 2576 721 2642 quod
782 2576 1016 2643 imagine
1073 2573 1209 2627 dive
1268 2569 1534 2643 Virginis,
1595 2587 1758 2642 qttam
1812 2569 2168 2642 ἀχειροποίη-

580 2683 671 2720 τον
722 2666 923 2729 Grzeci,
978 2666 1031 2720 id
1060 2675 1148 2719 est
1194 2680 1299 2719 non
1342 2662 1709 2733 manufactam
1749 2662 1957 2726 dicunt,
2005 2660 2170 2717 fuerit

580 2763 721 2816 dono
759 2759 967 2816 cteiesti
1000 2759 1206 2815 dotata.
1240 2756 1373 2827 Ejus
1413 2757 1660 2813 meminit
1687 2756 1925 2813 Jacobus
1947 2754 2169 2812 Gretse.

583 2864 675 2905 rus
732 2850 782 2903 iu
832 2863 998 2903 aureo
1030 2847 1297 2918 opusculo
1345 2846 1426 2902 De
1473 2848 1792 2917 imaginibus
1850 2863 1954 2902 non
2003 2860 2168 2900 manu

579 2938 755 3008 factis,
802 2940 942 3008 quod
984 2936 1216 2993 attexuit
1262 2936 1405 2991 libro
1449 2936 1524 2990 Ds
1577 2936 1771 3007 ofﬁciis
1826 2936 1964 2991 culte
2029 2935 2169 2992 Con-

578 3033 895 3099 stantinop.,
936 3030 1030 3087 sed
1087 3028 1331 3097 profecto
1366 3028 1515 3085 nullo
1553 3029 1660 3085 alio
1721 3038 1966 3095 auctore,
1999 3041 2165 3097 quam

581 3139 649 3177 es
684 3120 815 3178 Idea
866 3120 1079 3179 Octavii
1108 3120 1355 3186 Caetani,
1390 3135 1553 3189 quam
1604 3115 1695 3176 ille
1734 3119 1919 3176 ldeant
1960 3130 2016 3174 ut
2042 3134 2166 3190 pro-

579 3215 805 3270 dromou
859 3216 927 3268 ad
989 3214 1247 3269 historias
1289 3213 1393 3268 SS.
1460 3213 1772 3269 Siculorum
1823 3212 2016 3267 edidit.
2054 3212 2162 3268 Sed

580 3304 837 3362 Octavius
888 3305 1163 3361 Caetanus
1220 3319 1345 3359 eaut
1394 3304 1641 3361 nozitiam
1681 3305 1891 3371 accepit
1943 3308 2011 3359 es
2071 3305 2158 3361 his

583 3397 822 3452 homiliis
890 3394 1240 3466 Theophanis
1296 3396 1563 3458 Ceramei,
1610 3396 1713 3467 qui
1782 3397 1852 3453 de
1906 3395 2024 3467 ipsa
2082 3397 2167 3454 bis

582 3488 915 3542 mentionem
975 3486 1138 3541 iacit:
1208 3487 1443 3556 primum
1504 3488 1652 3546 hom.
1706 3504 1785 3554 at,
1831 3488 1897 3543 de
1957 3506 2018 3545 eo
2073 3492 2164 3561 qui

580 3580 765 3633 incidit
810 3579 865 3632 in
930 3578 1185 3642 latrones,
1240 3578 1437 3643 initio;
1488 3579 1683 3636 deinde
1730 3580 1879 3643 hom.
1937 3597 2051 3646 us,
2100 3581 2166 3636 de

583 3669 1094 3739 Trunsﬂgnratione,
1125 3672 1252 3725 item
1303 3672 1665 3740 iu‘prommlo.
1718 3670 1964 3726 Meminit
1994 3674 2161 3727 etiam

583 3762 648 3817 D.
708 3762 957 3817 Rocchus
1016 3762 1152 3817 Pirri
1209 3762 1263 3816 iu
1305 3760 1507 3818 Nutilia
1546 3762 2017 3820 Tauromenitanae
2058 3763 2163 3820 Ec-

582 3852 780 3917 clesiae,
827 3852 881 3907 in
926 3863 1198 3917 extremo,
1266 3854 1359 3910 sed
1410 3869 1479 3908 ex
1525 3856 1716 3909 eodem
1780 3854 2166 3924 fonteJtaque

578 3960 647 4000 ex
699 3954 887 4001 nostro
913 3944 1268 4016 Theophane,
1306 3949 1453 4014 quod
1480 3947 1546 4001 ad
1580 3947 1879 4013 scriptores
1903 3948 2161 4016 pertinet,

578 4038 724 4093 illius
764 4037 1119 4093 traditiOuem
1174 4038 1339 4095 habet
1374 4038 1614 4095 Ecclesia
1670 4039 2156 4095 Tauromenitana.

577 4129 679 4185 Hic
703 4132 807 4184 duo
831 4131 1027 4185 asserit
1067 4130 1133 4184 ad
1169 4131 1305 4186 hanc
1342 4131 1723 4188 illustrandum
1748 4131 2011 4188 dicenda:
2041 4148 2164 4204 qua:

576 4223 730 4293 origo
750 4223 911 4292 hujus
948 4223 1239 4291 imaginis;
1285 4238 1392 4292 quo
1419 4223 1685 4279 miraculo
1711 4224 1878 4289 facta,
1914 4226 1960 4281 si
1993 4240 2162 4296 opere

576 4331 847 4387 manuque
897 4316 1135 4371 humana
1168 4329 1271 4369 non
1318 4319 1458 4385 picta
1490 4334 1505 4382 ;
1544 4331 1653 4387 quo
1697 4325 1987 4387 tempore;
2016 4320 2162 4377 unde

578 4420 787 4466 tantum
839 4411 1039 4464 donum
1101 4408 1419 4471 advenerit;
1470 4408 1701 4463 alterum
1758 4425 1827 4465 an
1871 4425 2045 4480 usque
2092 4410 2159 4466 ad

577 4504 896 4558 hodiernum
940 4512 1153 4571 tempus
1171 4503 1351 4571 imago
1397 4502 1533 4556 diva:
1554 4500 1795 4570 Virginis
1824 4516 1986 4571 quam
2018 4501 2163 4559 Taua

576 4595 901 4651 romenitani
950 4610 1147 4663 magna
1199 4594 1459 4665 religione
1498 4609 1562 4649 ac
1610 4593 1729 4655 .llde
1772 4593 2160 4652 miraculorum

573 4696 925 4751 venerantur,
962 4701 1122 4755 quam
1175 4700 1296 4753 ego,
1345 4700 1469 4739 cum
1515 4684 1641 4739 illuc
1676 4685 1823 4740 nullo
1854 4687 1963 4742 alio
1995 4703 2158 4757 quam

577 4781 696 4849 ejus
758 4778 999 4834 visenda:
1051 4780 1271 4846 negotio
1312 4791 1397 4830 me
1441 4777 1667 4842 contuli,
1709 4777 1881 4833 oculis
1924 4779 2156 4835 lustravi

579 4872 871 4938 animoque
911 4885 1033 4925 sum
1078 4877 1391 4933 veneratus,
1425 4868 1498 4923 sit
1524 4870 1712 4924 eadem
1772 4886 1891 4940 quae
1942 4872 2161 4943 ἀχειρο-

580 4964 806 5033 ποίητος
834 4961 1179 5031 Theophanis
1213 4972 1474 5031 tempore.
1520 4960 1623 5017 Sed
1658 4963 1724 5018 tle
1754 4973 1978 5032 utraque
2008 4965 2158 5034 plura

578 5065 823 5123 optarem
857 5063 913 5108 et
942 5054 1178 5108 certiora
1212 5054 1409 5109 atIerre
1438 5069 1602 5123 quam
1644 5056 1839 5111 habeo.
1877 5054 1983 5112 Sed
2012 5057 2159 5112 enim

578 5148 752 5219 primo
792 5148 869 5201 uti
925 5162 1073 5202 certa
1129 5158 1185 5202 et
1246 5148 1381 5202 bene
1429 5149 1702 5218 disputata
1742 5163 1807 5203 ea
1863 5164 2002 5219 pono
2037 5164 2161 5220 quze

581 5243 721 5297 idem
774 5240 1008 5296 Jacobus
1071 5239 1362 5296 Grctserus
1404 5241 1617 5307 scribit,
1667 5257 1752 5305 eo,
1792 5256 1950 5311 quem
2003 5244 2161 5296 modo

579 5333 835 5396 diximus,
869 5333 1300 5394 Commentario,
1329 5334 1777 5403 ἀχειροποίητον,
1807 5335 1919 5389 sive
1953 5334 2163 5405 ἀχειρόο

580 5442 845 5479 τευκτονι
873 5440 993 5479 nam
1035 5434 1090 5479 et
1116 5428 1226 5479 haec
1247 5440 1349 5479 vox
1380 5428 1435 5480 in
1469 5441 1568 5480 usu
1604 5428 1743 5492 apud
1773 5424 2158 5496 Theophanem

582 5526 825 5575 nostrum
855 5534 867 5570 :
909 5519 1197 5587 imaginem
1246 5518 1499 5573 universe
1539 5528 1809 5586 sumptam
1840 5533 1961 5574 esse
1995 5519 2159 5588 quid-

580 5611 707 5681 quid
762 5612 1013 5667 excludat
1059 5613 1305 5666 humanm
1370 5626 1562 5667 manus
1602 5627 1847 5679 operam.
1894 5621 2160 5679 quantum

582 5704 647 5757 ad
690 5703 796 5757 vim
852 5704 1127 5764 vocabuli,
1166 5712 1219 5758 et
1260 5702 1344 5756 vel
1390 5703 1577 5757 divino
1601 5705 1683 5757 vel
1720 5703 1966 5772 angelico
1994 5717 2161 5769 opere

580 5794 827 5851 eﬂectum
852 5796 940 5850 sit.
962 5795 1079 5862 Quo
1097 5810 1259 5850 sensu
1278 5794 1637 5849 umversalcm
1659 5796 1918 5848 mundum
1941 5794 2160 5865 ἀχειρο-

584 5890 810 5959 ποίητον
864 5900 1010 5944 reete
1043 5884 1274 5953 dixeris,
1332 5894 1516 5955 utpote
1572 5884 1690 5940 sine
1742 5884 1899 5941 ullius
1964 5898 2160 5942 manus

2288 541 2613 610 ministerio,
2674 543 2765 600 Dei
2825 560 2957 601 voce
3012 552 3255 616 nutuque
3299 544 3602 601 conditum.
3661 540 3866 599 Deinde

2279 649 2402 689 cmn
2456 636 2785 705 imaginibus
2821 638 2923 693 hoc
2979 638 3277 709 epithetum
3344 635 3655 707 apponitur,
3687 636 3863 706 signi-

2278 731 2442 785 ticare
2473 744 2570 786 eas
2609 730 2901 801 imagines.
2929 732 3045 787 sive
3075 729 3279 786 Christi
3321 730 3437 785 sive
3469 728 3707 797 Virginis
3744 728 3867 799 ejus

2277 822 2492 883 Matris.
2544 839 2681 892 quas
2722 824 2803 879 vel
2857 824 2945 881 ille
3004 825 3187 880 linteis
3228 838 3323 880 seu
3384 823 3618 879 sudariis
3645 823 3866 877 admota

2275 927 2374 967 sua
2430 912 2568 969 facie
2609 915 2923 984 imprimere
2971 918 3228 986 dignatus
3273 924 3375 979 est,
3443 914 3526 977 vel
3576 913 3740 981 Virgo
3762 915 3863 967 alio

2276 1019 2383 1073 quo
2439 1004 2704 1059 miraculo
2756 1014 2810 1061 et
2856 1007 3031 1077 angeli
3070 1020 3233 1074 opera
3294 1007 3576 1060 exhibere.
3649 1002 3861 1058 Christi

2277 1098 2540 1165 imagines
2595 1115 2699 1153 non
2734 1116 2893 1154 manu
2950 1097 3174 1154 ell‘ectas
3210 1107 3320 1153 tres
3350 1112 3415 1153 ex
3450 1098 3692 1152 historiis
3716 1097 3864 1151 cete.

2276 1188 2460 1245 brari:
2522 1191 2842 1247 Edessenaui
2871 1195 3092 1249 missam
3133 1208 3161 1246 a
3188 1191 3407 1248 Christo
3470 1190 3535 1245 ad
3582 1190 3861 1259 Abgarum

2276 1282 2494 1338 Edessa
2548 1284 2865 1354 toparcham
2892 1302 2907 1349 ;
2935 1284 3363 1348 Camulieuscm,
3392 1298 3422 1339 a
3471 1283 3690 1338 civitate
3718 1280 3863 1351 Cap-

2277 1378 2515 1447 patint'ia:
2575 1393 2770 1433 nomen
2832 1381 3103 1440 sortitam,
3143 1379 3298 1447 cujus
3352 1380 3597 1447 synodus
3617 1376 3860 1430 secunda

2273 1470 2492 1526 Nico-na
2565 1486 2662 1539 pro
2741 1470 3066 1527 venerandis
3145 1469 3471 1540 imaginibus
3533 1478 3861 1539 congregata

2273 1563 2602 1618 mentionem
2661 1561 2833 1628 facit;
2893 1564 3129 1625 tertiam,
3190 1576 3352 1632 quam
3386 1558 3736 1621 Veronicatn,
3761 1570 3858 1612 seu

2271 1653 2475 1710 Christi
2520 1655 2729 1710 vultum
2787 1655 2951 1710 linteo
2990 1670 3089 1709 seu
3146 1652 3425 1708 sudarioa
3481 1650 3697 1708 Christo
3729 1651 3856 1706 dum

2272 1746 2341 1801 ad
2379 1745 2646 1802 Calvarim
2703 1756 2941 1801 montem
2986 1749 3299 1808 duceretur,
3352 1744 3717 1814 impressum;
3784 1741 3856 1797 ad

2272 1839 2374 1894 hoc
2424 1853 2594 1907 genus
2630 1838 2819 1894 referri
2873 1840 3035 1893 etiam
3094 1851 3251 1906 posse
3293 1849 3413 1893 eam
3465 1837 3633 1889 totius
3662 1848 3861 1904 corpo-

2272 1931 2348 1985 ris
2392 1930 2643 2002 clligiem,
2684 1946 2848 2000 quam
2883 1931 2935 1986 in
2978 1932 3209 1986 sindone
3255 1945 3360 2000 qua
3406 1928 3459 1982 in
3497 1927 3748 1998 sepulcro
3777 1929 3862 1982 in-

2272 2023 2487 2078 volutus
2548 2022 2652 2078 fuit
2696 2023 2974 2089 Christus,
3045 2022 3349 2089 expressit;
3394 2036 3601 2092 easque
3650 2035 3851 2077 omnes

2270 2112 2533 2180 imagines
2563 2127 2620 2167 et
2668 2112 2771 2165 ﬁde
2819 2112 3014 2182 dignas
3053 2110 3265 2175 haberi,
3311 2118 3367 2165 et
3396 2112 3689 2166 multorum
3714 2109 3860 2166 scri-

2270 2213 2485 2273 ptorum
2552 2202 2902 2269 testimoniis,
2960 2213 3015 2258 et
3064 2203 3399 2259 venerationi
3462 2216 3692 2259 summa:
3737 2216 3861 2257 esse

2271 2296 2323 2349 iu
2363 2294 2613 2350 ecclesiis
2664 2274 2758 2348 ubi
2804 2308 2883 2349 ea:
2909 2303 3216 2349 servantur.
3270 2292 3478 2349 Praeter
3510 2294 3607 2347 has
3636 2290 3848 2348 Christi

2272 2386 2482 2441 Doitiini
2542 2386 2831 2455 imagines,
2883 2384 3135 2457 leguntur
3184 2384 3349 2440 etiam
3388 2385 3657 2456 imagines
3676 2382 3854 2440 heatse

2268 2477 2511 2549 Virginis
2555 2480 2985 2549 ἀχειρθποίητοι.
3054 2478 3309 2532 Testatur
3355 2475 3718 2542 Theophanes
3768 2475 3857 2531 hi-

2268 2572 2501 2628 storicus
2546 2586 2613 2625 ex
2662 2568 2895 2635 Georgio
2924 2568 3131 2632 Pisida,
3164 2578 3219 2623 et
3248 2567 3535 2623 Matthzeus
3568 2566 3849 2623 Westmo-

2268 2665 2644 2728 nasterieusis,
2684 2663 2957 2719 referente
2991 2662 3181 2717 eodem
3204 2659 3487 2726 Gretsero,
3518 2674 3585 2715 ex
3616 2675 3727 2729 quo
3750 2672 3850 2715 nos

2266 2758 2601 2828 accepimus,
2654 2756 2960 2811 lleraclium
3024 2755 3427 2823 imperatorem,
3460 2766 3605 2807 anno
3630 2750 3846 2822 imperii

2267 2853 2353 2908 sui
2399 2852 2613 2906 decimo
2653 2852 2912 2905 adversus
2965 2845 3303 2904 Chosdroatn
3358 2856 3541 2903 castra
3579 2846 3844 2913 movisse,

2266 2958 2388 3001 cum
2446 2944 2610 2998 ferret
2653 2959 2839 3000 secum
2881 2950 3084 2998 sanctae
3111 2938 3202 2994 Dei
3260 2936 3565 2996 Genitricis
3609 2937 3849 3004 iconem,

2265 3051 2387 3107 qme
2432 3034 2576 3108 apud
2607 3034 2927 3107 Byzantium
2956 3042 3063 3099 est,
3102 3047 3209 3089 non
3257 3032 3497 3087 hominis
3533 3046 3722 3096 manu,
3756 3031 3851 3087 sed

2264 3126 2445 3183 divino
2478 3126 2742 3181 miracqu
2771 3126 2967 3195 pictam
2996 3142 3011 3179 :
3036 3123 3194 3193 cujus
3224 3121 3479 3193 praesenti
3534 3135 3638 3189 ope
3656 3120 3848 3175 fultum

2266 3219 2578 3278 Heraclium
2623 3234 2815 3276 omnes
2876 3217 3115 3272 hostium
3163 3217 3351 3285 copias
3406 3213 3637 3281 fudisse,
3690 3212 3850 3285 luga—

2261 3313 2429 3369 visse.
2488 3310 2652 3366 Addit
2676 3306 2967 3364 Gretserus
3012 3322 3117 3361 non
3154 3318 3456 3377 repugnare
3498 3304 3624 3359 huic
3656 3316 3851 3358 narra-

2266 3401 2402 3459 tioni
2458 3412 2710 3457 auctores
2757 3399 2847 3471 qui
2906 3397 2972 3454 ah
3008 3396 3258 3453 Heraclio
3313 3394 3518 3450 Christi
3551 3394 3848 3465 imaginem

2264 3498 2477 3568 (qtiam
2533 3495 2956 3559 Camuliensem,
3016 3501 3077 3547 ut
3127 3505 3290 3561 supra
3340 3490 3628 3557 diximus,
3680 3488 3852 3546 fuisse

2262 3585 2499 3658 Oportet)
2554 3584 2932 3640 circumlatam
2982 3581 3035 3637 in
3085 3580 3329 3656 exercitu
3382 3590 3543 3651 atque
3576 3580 3693 3636 acie
3743 3590 3851 3634 tra-

2263 3682 2429 3743 dunt;
2489 3677 2690 3745 duplici
2781 3674 3049 3745 siquidem
3102 3675 3341 3743 imagine
3425 3672 3579 3743 quasi
3633 3673 3850 3742 gemino

2263 3771 2456 3842 clypeo
2522 3777 2801 3839 protectus
2852 3767 2905 3821 in
2963 3767 3151 3822 hostes
3226 3763 3509 3819 lleraclius
3578 3764 3846 3819 irruebat.

2262 3867 2560 3920 Auctorum
2615 3861 2846 3917 aliorum
2900 3858 3229 3924 testimonia,
3274 3859 3363 3925 qui
3426 3856 3585 3912 iidem
3648 3855 3852 3914 iaciant

2262 3960 2390 4014 huic
2426 3958 2677 4027 imaginis
2736 3955 3017 4021 miraculo,
3058 3955 3224 4009 habes
3275 3953 3416 4022 apud
3473 3953 3647 4021 ipsum
3687 3954 3849 4010 Gretv

2262 4066 2467 4106 serum.
2519 4050 2636 4104 Alia
2695 4056 2955 4116 praeterea
3008 4047 3250 4113 Deipar:e
3280 4045 3458 4113 imago
3490 4058 3598 4099 non
3658 4058 3839 4097 mauu-

2262 4142 2402 4197 facta
2464 4139 2663 4210 legitur
2716 4140 2770 4194 in
2829 4138 3003 4209 pretio
3051 4139 3308 4209 cultuque
3362 4136 3566 4202 fuisse,
3616 4138 3843 4193 condito

2262 4236 2317 4290 iu
2353 4234 2468 4301 ejus
2519 4232 2784 4287 honorem
2844 4230 3197 4298 monasterio,
3230 4229 3453 4297 ejusque
3486 4228 3663 4285 cultus
3682 4228 3843 4283 etiam

2260 4334 2413 4393 capta
2450 4335 2482 4378 a
2518 4321 2712 4377 Turcis
2758 4318 3232 4389 Constantinopoli
3296 4319 3691 4387 permansisse.
3735 4319 3847 4374 Ma-

2260 4413 2435 4469 lasius
2472 4413 2615 4469 enim
2643 4411 3065 4482 Peloponnesios
3089 4410 3143 4465 in
3185 4408 3424 4464 Historia
3456 4409 3844 4477 patriarchira,

2261 4507 2352 4562 ubi
2398 4507 2467 4560 de
2523 4505 2779 4577 Dionysio
2832 4503 3137 4573 patriarcha
3194 4503 3440 4570 deposito
3467 4502 3842 4570 patriarchatu

2261 4612 2445 4654 sermo
2476 4614 2492 4652 :
2547 4597 2681 4651 Cum
2722 4596 2961 4651 omnibus
3022 4597 3172 4647 rebus
3202 4609 3334 4664 quas
3372 4592 3616 4660 habebat,
3647 4595 3843 4665 inquit,

2261 4692 2499 4746 discessit
2556 4688 3038 4757 Constantinopoli,
3090 4697 3138 4742 et
3184 4689 3235 4741 in
3277 4688 3661 4741 monasterium
3705 4688 3846 4741 San-

2262 4783 2509 4839 ctissinta'
2548 4781 3060 4852 Ἀχειροποιήτου,
3095 4796 3254 4833 manu
3276 4796 3379 4834 non
3400 4780 3558 4849 [acte
3596 4778 3843 4848 Deipare

2260 4874 2491 4931 Conissre
2550 4892 2709 4943 prope
2760 4871 3017 4929 Gabalum
3068 4872 3230 4925 situm
3284 4870 3525 4926 intrauit.
3575 4869 3660 4925 Ad
3687 4886 3848 4940 quem

2259 4969 2437 5027 locum
2482 4970 2553 5022 ita
2605 4967 2897 5023 Gretserus
2948 4965 3136 5021 subdit
3170 4964 3321 5034 (quid
3351 4964 3494 5021 enim
3517 4980 3619 5035 ego
3648 4965 3845 5021 melius

2262 5060 2655 5130 adtexam‘l):
2732 5056 2886 5113 Vides
2954 5058 3040 5111 hic
3096 5057 3252 5111 etiam
3331 5056 3575 5124 Deiparar
3626 5058 3851 5127 ἀχειρο-

2263 5153 2485 5224 ποίητον
2525 5153 2850 5220 imaginem;
2896 5148 3238 5217 undecunque
3296 5147 3391 5201 hoc
3427 5162 3611 5201 nomen
3654 5156 3848 5214 adepta

2260 5248 2350 5310 sit,
2380 5248 2487 5300 sire
2514 5245 2625 5313 ipsa
2662 5242 2817 5313 Virgo
2843 5242 3005 5297 linteo
3033 5240 3197 5295 alicui
3230 5240 3424 5311 [aciem
3447 5256 3604 5295 suam
3629 5241 3850 5309 impres-

2260 5339 2414 5402 serit,
2446 5338 2551 5390 sire
2610 5336 2674 5387 ab
2720 5317 2929 5403 angelo.
2960 5332 3200 5401 deposita
3257 5331 3439 5400 fuerit,
3495 5330 3849 5402 ἀχειροποίη-

2263 5446 2354 5483 τον
2405 5438 2545 5481 certe
2581 5425 2870 5478 humanum
2902 5424 3204 5491 penicillum
3242 5422 3496 5477 excludit.
3547 5423 3657 5476 Nec
3717 5423 3847 5477 alibi

2261 5519 2389 5573 mihi
2413 5516 2629 5586 aliquod
2665 5516 2730 5569 de
2771 5515 3142 5586 Imcimaqine,
3187 5513 3327 5585 quod
3382 5515 3570 5576 sciam,
3626 5513 3846 5579 lectum,

2262 5607 2357 5661 Est
2390 5618 2565 5660 autem
2587 5604 2789 5661 Cabala
2823 5606 3015 5670 duplex
3053 5620 3070 5659 :
3107 5604 3274 5657 altera
3304 5602 3424 5656 urbs
3470 5600 3731 5670 Thracius,
3764 5602 3845 5656 al-

2262 5709 2372 5755 tera
2415 5698 2687 5753 castellum
2746 5713 2905 5762 supra
2959 5696 3244 5750 Iconium:
3301 5696 3407 5748 utri
3447 5695 3545 5748 hoc
3585 5704 3847 5748 monaste-

2262 5794 2398 5845 rium
2431 5792 2655 5844 vicinum
2712 5789 2891 5857 fuerit,
2959 5788 3129 5841 dicere
3184 5804 3287 5841 non
3351 5787 3535 5840 Imbro.
3580 5783 3845 5840 Credibile

2264 5886 2426 5943 estde
2477 5882 2675 5941 Cabala
2722 5883 2953 5938 Thracia:
3001 5883 3053 5935 id
3089 5879 3447 5948 accipiendum
3483 5895 3613 5933 esse.
3645 5877 3843 5933 [lacte-
