4104 6290
302 471 368 534 69
1292 463 1694 529 FRANCISCI
1735 466 1996 526 SCORSI
2037 463 2473 526 PROOEMIUM
2515 464 2558 526 i.
3478 463 3553 531 70

299 599 395 640 nus
442 582 752 647 Grctscrus,
807 581 989 653 quiet
1038 582 1285 651 sequenti
1333 581 1578 652 proxime
1606 593 1862 651 paragra-

304 680 404 748 pho
433 674 673 744 ejusdem
697 675 894 744 capitis
922 675 988 732 de
1018 685 1206 730 nostro
1234 674 1604 729 testimonium
1633 671 1862 743 profert.

303 766 624 822 Tauromcaii
673 767 730 821 in
761 764 951 822 Sicilia
994 765 1188 820 colitur
1215 766 1431 836 antiqua
1484 763 1659 834 imago
1701 761 1866 817 beata

311 857 525 931 Virginis
556 875 658 914 non
701 857 1058 929 utan-facta;
1099 856 1276 928 qualis
1317 857 1476 912 etiam
1523 871 1635 911 esse
1661 856 1870 909 videtur

296 949 386 1006 illa
437 950 682 1020 Deiparte
729 952 907 1024 imago
956 949 1211 1006 diuinitus
1255 950 1400 1022 picta
1449 963 1566 1020 quas
1588 947 1785 1003 colitur
1809 947 1869 1001 in

310 1041 448 1097 Valle
507 1040 704 1110 Viridi,
749 1043 806 1100 in
855 1054 1030 1099 monte
1068 1041 1266 1108 .Etu,
1310 1052 1370 1097 ut
1402 1041 1584 1097 scribit
1609 1038 1867 1097 Octauius

298 1136 668 1192 Constantinus
715 1135 861 1210 (lege
913 1132 1234 1203 Gaetulus;
1271 1134 1665 1193 Constantinus
1717 1133 1866 1190 enim

295 1239 376 1286 est
419 1245 620 1285 nomen
668 1229 832 1285 unius
887 1244 957 1284 ex
1023 1227 1282 1284 lratribus
1347 1226 1590 1298 ejusdem
1628 1224 1868 1288 Octavii,

297 1319 542 1378 monachi
577 1330 634 1377 et
694 1317 906 1376 abbatis
941 1319 1152 1376 ordinis
1205 1319 1392 1378 Sancti
1440 1317 1722 1375 Benedicti
1752 1317 1773 1387 )
1810 1318 1864 1372 in

300 1409 422 1468 Idea
484 1412 660 1484 operis
710 1412 779 1469 de
835 1414 1036 1469 unctis
1082 1411 1306 1469 Siciliae.
1364 1411 1545 1483 Atque
1600 1410 1868 1466 hactenus

296 1504 484 1561 thesim
541 1505 674 1561 huic
720 1520 854 1562 mea:
910 1503 1228 1562 tractationi
1284 1503 1550 1576 prastexui
1591 1519 1657 1560 ex
1683 1501 1868 1559 relatis

295 1612 323 1652 a
368 1597 627 1655 Gretsero
649 1616 668 1655 :
693 1606 750 1655 et
788 1613 854 1655 cx
899 1613 1105 1670 genere
1123 1598 1319 1654 harum
1359 1598 1579 1655 leonum
1610 1597 1868 1654 universo

296 1685 443 1741 tidem
481 1685 616 1740 mihi
675 1685 903 1753 munivi,
957 1697 1161 1743 utnon
1221 1687 1502 1744 videretur
1549 1685 1868 1743 incredibile

296 1777 660 1849 hujuscemodi
726 1777 1020 1849 imaginem
1104 1778 1527 1852 ἀχειροποίητον
1590 1779 1868 1836 exstitisse

292 1867 658 1936 Tanromenii,
718 1882 845 1927 eum
888 1870 1028 1926 alias
1062 1869 1192 1926 alibi
1217 1885 1284 1926 ex
1344 1870 1513 1926 certis
1548 1870 1867 1927 auctoribus

293 1971 504 2016 exstare
538 1970 728 2016 notum
779 1963 875 2019 sit.
928 1960 1070 2030 Quid
1120 1961 1285 2034 igitur
1313 1961 1382 2019 de
1401 1960 1865 2018 Tauromenitana

293 2052 526 2124 imagine
583 2051 724 2110 diva:
775 2051 1014 2126 Virginis
1063 2070 1169 2110 llo"
1219 2052 1525 2110 manulacta
1584 2053 1868 2111 dixerim?

294 2144 553 2216 Equidem
589 2155 742 2202 certa
777 2160 878 2217 pro
933 2145 1120 2214 certis,
1175 2144 1422 2217 conjecta
1455 2159 1554 2216 pro
1608 2145 1867 2217 conjectis

288 2237 460 2295 dabo:
525 2251 708 2309 neque
764 2239 914 2296 enim
963 2237 1018 2294 in
1085 2247 1236 2294 tanta
1288 2239 1612 2310 antiquitate
1652 2249 1865 2312 tempo-

289 2344 404 2385 rum
427 2337 488 2387 et
532 2327 778 2386 historia
825 2329 1054 2400 penuria
1096 2330 1277 2402 potius
1300 2328 1516 2387 faciam.
1576 2330 1869 2387 Exstitisse

291 2420 602 2492 hnjusmodi
649 2421 942 2494 imaginem
990 2421 1422 2495 ἀχειροποίητον
1474 2432 1530 2479 et
1567 2423 1868 2492 religiosis-

287 2517 419 2572 sime
492 2513 852 2571 Tanromenii
906 2515 1112 2570 cultam
1184 2515 1538 2586 Theophanis
1599 2527 1867 2588 tempore,

286 2618 445 2682 atque
482 2609 656 2666 etiam
708 2616 822 2667 toto
878 2609 972 2667 illo
997 2617 1243 2681 tempore
1297 2609 1442 2680 quod
1476 2607 1865 2668 Saracenicam

288 2701 626 2774 tyrannidem
650 2703 970 2769 antecessit,
1015 2701 1162 2759 haud
1187 2702 1239 2757 in
1289 2702 1512 2759 dubium
1539 2705 1862 2762 vertendum

287 2795 414 2854 mihi
455 2796 698 2861 videtur,
729 2810 852 2852 cum
899 2805 1008 2851 tam
1031 2795 1242 2853 diserte
1274 2796 1490 2852 duobus
1543 2799 1596 2852 in
1630 2798 1767 2855 locis
1794 2799 1864 2854 de

289 2898 350 2940 ea
433 2883 798 2955 Theophanes
853 2885 1187 2954 meminerit,
1248 2897 1305 2944 et
1352 2887 1616 2959 glorietur
1669 2889 1721 2944 in
1771 2903 1868 2945 sua

287 2977 523 3036 Ecclesia
545 2986 606 3036 et
635 2980 792 3036 urbe.
809 2978 1079 3036 Cancrum
1114 2981 1259 3038 unde
1281 2991 1335 3040 et
1357 2983 1621 3052 originem
1664 2982 1868 3038 habue-

289 3071 376 3140 rit,
406 3086 517 3145 qua
549 3086 722 3145 opera
746 3071 962 3138 eli‘ecta,
989 3083 1049 3130 et
1075 3089 1146 3130 an
1181 3079 1516 3148 archetypon
1554 3065 1866 3154 ιὶιάχειρόο

286 3181 527 3231 τευκτον,
571 3180 644 3223 an
698 3177 952 3239 ectypon,
1013 3167 1119 3225 hoc
1170 3178 1257 3226 est
1304 3184 1369 3224 ex
1431 3179 1718 3241 prototypo
1769 3185 1867 3227 ex-

287 3272 531 3328 pressum
594 3259 972 3325 simulacrum,
1009 3261 1176 3332 idque
1235 3262 1353 3319 sive
1410 3262 1694 3330 miraculo,
1743 3263 1865 3320 sive

285 3350 506 3420 pictoris
596 3365 765 3424 opera
857 3353 1272 3410 accuratissime
1331 3353 1665 3422 deductum;
1724 3358 1869 3430 quod

287 3453 459 3502 taen
513 3444 664 3500 idem
713 3444 859 3516 quod
914 3444 1252 3517 archetypon
1311 3460 1510 3502 nomen
1573 3447 1871 3521 ἀχειροπο-

286 3534 432 3610 ίητον
456 3537 723 3600 retineat.
763 3537 908 3606 quod
934 3538 1078 3593 illius
1111 3537 1186 3594 sit
1237 3538 1433 3601 instar,
1467 3540 1615 3610 quod
1643 3540 1698 3595 in
1729 3540 1868 3596 mul-

283 3622 352 3679 tis
393 3622 774 3711 hujuscemodi
829 3631 942 3679 tum
990 3623 1218 3691 Christi,
1255 3635 1370 3679 tum
1422 3625 1666 3696 Delpara:
1691 3630 1867 3686 conti-

282 3713 424 3786 glsse
473 3716 624 3772 idem
695 3713 994 3773 Grctserus
1045 3725 1242 3774 auctor
1284 3729 1390 3775 est.
1441 3718 1710 3778 Prmterea
1754 3737 1867 3794 quo

282 3802 387 3859 alio
407 3805 705 3873 miraculo,
744 3819 854 3877 quo
881 3813 1125 3875 tempore
1156 3806 1367 3877 perlata
1399 3807 1854 3879 Tauromenium,

283 3893 421 3951 idem
458 3895 648 3952 dicam
698 3895 845 3967 quod
890 3896 1057 3967 paulo
1103 3904 1232 3953 ante
1280 3896 1576 3954 Gretserus
1600 3900 1670 3954 do
1723 3901 1866 3956 ima-

282 3987 404 4056 giae
453 3985 705 4058 Deiparze
735 4001 844 4044 non
879 3986 1191 4044 mannlacta
1251 3989 1496 4046 Conisste
1538 3995 1859 4050 monasterii

285 4094 449 4152 prope
468 4079 756 4146 Cabalam,
803 4080 938 4136 nihil
964 4079 1093 4136 alibi
1117 4080 1185 4138 de
1210 4080 1696 4152 Tauromenitana,
1720 4088 1865 4158 quod

283 4175 468 4238 sciam,
537 4174 822 4229 traditum.
900 4172 976 4230 De
1038 4173 1216 4230 altero
1271 4189 1425 4241 vero,
1480 4178 1628 4248 quod
1690 4193 1859 4250 supra

283 4279 674 4336 proposueram
695 4266 1036 4337 agitandum,
1061 4279 1132 4322 an
1177 4266 1357 4338 imago
1388 4268 1563 4324 beatae
1588 4269 1856 4342 Virginis.

281 4374 443 4431 quam
493 4361 661 4417 hodie
686 4359 1135 4416 Tauromenitani
1169 4374 1266 4432 per
1284 4375 1554 4418 summam
1609 4362 1863 4434 pietatem

282 4452 489 4517 colunt,
547 4465 716 4523 quam
749 4457 1034 4520 patronam
1089 4448 1385 4520 appellant,
1441 4451 1498 4506 in
1543 4466 1648 4522 qua
1668 4469 1863 4510 eorum

280 4560 404 4618 spes
441 4559 691 4616 opesque
732 4546 789 4601 in
837 4543 1000 4600 rebus
1039 4540 1254 4600 amictis
1297 4546 1443 4610 sita,
1482 4544 1626 4614 quod
1689 4546 1857 4603 etiam

282 4635 529 4692 nonnulli
583 4649 693 4692 non
744 4635 998 4703 vulgares
1037 4634 1139 4691 viri
1200 4652 1308 4691 non
1343 4636 1713 4693 mannlactam
1765 4653 1867 4694 vo-
1907 4647 1913 4656 '

280 4740 428 4798 cant,
478 4725 737 4784 eamdem
776 4729 852 4783 sit
879 4733 1046 4798 atque
1077 4725 1170 4782 illa
1193 4742 1318 4799 qua
1341 4725 1696 4799 TheOphanis
1719 4741 1860 4785 temo

279 4833 406 4889 pore
448 4817 780 4886 exstitisset,
829 4816 902 4874 ita
937 4819 1191 4874 utetiam
1237 4817 1431 4889 impias
1460 4816 1862 4876 Saracenorum

280 4927 470 4969 manus
495 4910 772 4985 clfugerit,
795 4919 852 4967 et
889 4910 959 4966 ab
999 4924 1190 4966 eorum
1237 4920 1295 4965 et
1337 4911 1601 4982 temporis
1651 4908 1867 4981 injuriis

277 5005 579 5070 vindicata,
639 5015 697 5058 et
737 5017 912 5073 usque
955 5001 1024 5058 ad
1076 5001 1180 5058 hoc
1237 5011 1451 5073 tempus
1498 5011 1649 5058 sarta
1710 5013 1855 5061 tecta

281 5111 517 5164 servata.
579 5097 726 5169 quod
775 5107 927 5153 esset
961 5094 1120 5154 alteri
1153 5097 1414 5152 miraculo
1443 5096 1856 5164 ascribendum,

283 5193 535 5260 equidem
564 5191 684 5245 haec
704 5198 1030 5258 argumenta
1054 5189 1250 5254 habeo,
1276 5200 1335 5242 ut
1355 5190 1601 5244 eamdem
1620 5189 1863 5250 credam.

284 5281 522 5339 Primum
569 5283 701 5353 quia
732 5281 893 5355 vulgo
929 5296 1052 5339 eam
1098 5279 1388 5353 Deiparam
1407 5279 1725 5337 Graecorum
1760 5297 1862 5355 ap-

284 5378 504 5447 pellant.
582 5377 728 5432 unde
779 5375 912 5433 mihi
975 5377 1034 5432 lit
1064 5377 1367 5448 probabile,
1405 5392 1470 5433 ex
1499 5392 1568 5434 eo
1603 5388 1851 5450 tempore

284 5487 386 5542 quo
447 5471 771 5527 Graecorum
819 5467 1061 5525 Ecclesia
1095 5478 1150 5525 et
1198 5470 1336 5525 ritus
1371 5466 1856 5526 Tauromeniiﬂo-

285 5565 548 5628 tescebant,
595 5562 702 5618 hoc
752 5572 834 5617 est
876 5558 1230 5632 Theophanis
1265 5573 1531 5633 tempore,
1589 5576 1708 5618 eam
1756 5577 1856 5634 ap-

286 5655 631 5725 pellationem
653 5655 962 5731 deductam,
987 5662 1045 5710 et
1084 5669 1176 5724 per
1222 5669 1418 5711 manus
1440 5655 1508 5710 ad
1528 5655 1644 5710 hzec
1681 5671 1858 5726 usque

291 5756 526 5818 tempora
593 5747 898 5813 traditam;
955 5746 1150 5801 deinde
1191 5748 1336 5816 quod
1377 5763 1498 5803 eam
1545 5747 1599 5803 in
1649 5762 1862 5803 sunnna

290 5849 547 5910 aquarum
596 5838 901 5911 pluviarum
950 5840 1206 5910 penuria,
1266 5840 1488 5896 unicum
1545 5850 1863 5912 certumque

291 5933 588 6007 perlugium
645 5933 1091 5992 Taurotncnitani
1130 5934 1357 6000 habent,
1390 5945 1446 5992 et
1478 5936 1548 5992 ad
1593 5944 1862 5993 eamtan-

1980 593 2142 648 quam
2170 576 2376 632 fontem
2412 579 2658 633 omnium
2713 577 3014 650 gratiarum
3043 579 3287 645 uberem,
3321 582 3548 652 potitum

1931 718 1933 720 .
1971 683 2141 741 aquas
2161 679 2452 726 accurrunt
2476 689 2488 724 :
2514 685 2576 727 ac
2595 671 2675 725 vix
2691 686 2788 743 per
2812 672 2996 729 urbem
3015 672 3554 745 cireuntag‘tsolemnt

1971 765 2366 834 supplicatione
2413 770 2616 833 empta,
2662 778 2787 819 cum
2858 778 2978 820 eam
3045 765 3408 822 intermittere
3457 782 3552 822 cc-

1971 865 2177 926 gnntur
2217 871 2247 911 a
2287 854 2462 927 pluvia
2520 857 2700 912 obruti
2765 866 2819 914 et
2846 858 3071 924 madidi,
3123 859 3214 928 qui
3259 875 3379 914 eam
3412 861 3548 916 sicci

1973 947 2327 1020 sitientesqtm
2371 947 2734 1019 inchoarent;
2791 951 2938 1020 quod
2998 965 3064 1006 ex
3116 951 3303 1008 multis
3337 950 3554 1007 Tauro-

1971 1039 2267 1096 menitanis
2331 1039 2438 1095 nde
2485 1041 2663 1113 dignis
2711 1049 3081 1098 contestatum
3135 1042 3347 1114 accepi,
3418 1057 3544 1097 cum

1972 1131 2323 1188 Tauromenii
2360 1133 2549 1188 harum
2588 1149 2768 1190 rerum
2823 1135 3323 1204 cognoscendorum
3375 1149 3542 1189 causa

1971 1242 2361 1283 connnorarer.
2415 1229 2478 1284 Et
2506 1243 2639 1286 sane
2682 1245 2747 1284 ex
2779 1228 2883 1286 alia
2915 1239 3071 1301 parte
3098 1230 3347 1300 legimus,
3370 1229 3551 1286 Theo-

1973 1319 2206 1391 phanem
2239 1321 2290 1376 in
2341 1320 2560 1376 homilia
2602 1323 2781 1379 habita
2807 1325 2874 1380 de
2902 1324 3056 1396 plaga
3084 1323 3349 1382 siccitatis
3374 1325 3543 1398 (Itoni.

1972 1412 2119 1483 Lxu)
2157 1413 2223 1467 ad
2263 1413 2478 1471 beatam
2534 1413 2812 1489 Virginem
2866 1418 3268 1488 perorationem
3308 1435 3545 1475 conver-

1976 1513 2113 1569 tere,
2162 1507 2322 1579 eique
2380 1508 2709 1582 snpplicare,
2762 1528 2830 1567 ne
2878 1526 3035 1570 suam
3077 1513 3357 1568 civitatem
3381 1512 3552 1569 desti-

1976 1606 2092 1653 tuat
2136 1598 2189 1655 in
2235 1601 2355 1670 ejus
2402 1603 2625 1659 nomine
2676 1602 3044 1675 gloriantem:
3099 1621 3266 1677 quam
3320 1605 3549 1676 gloriam

1973 1691 2041 1744 ad
2100 1692 2392 1766 imaginem
2424 1712 2532 1753 non
2571 1696 2940 1754 manui-actam
2975 1714 3085 1754 non
3119 1698 3395 1754 immerito
3422 1699 3550 1768 quis

1975 1777 2197 1850 referat,
2253 1791 2312 1839 ut
2358 1785 2430 1840 ibi
2476 1786 2880 1844 adnotavimus.
2946 1787 3114 1844 Multa
3148 1789 3254 1843 alia
3287 1798 3554 1860 praeterea

1975 1875 2030 1931 in
2069 1878 2218 1934 omni
2271 1893 2471 1950 genere
2511 1881 2654 1937 dona
2714 1882 2978 1938 miraculo
3051 1892 3295 1954 accepta,
3336 1889 3392 1938 et
3432 1881 3554 1953 ejus

1976 1968 2082 2026 lidc
2123 1969 2416 2040 implorata
2450 1986 2617 2043 supra
2640 1969 2937 2028 humanam
2965 1986 3121 2042 opem
3160 1971 3351 2029 effecta
3385 1986 3555 2040 opera

1974 2063 2224 2134 quotidie
2265 2051 2468 2133 lerunt,
2502 2075 2554 2120 et
2576 2075 2955 2122 contestantur
2994 2079 3099 2121 non
3133 2065 3322 2121 incolae
3347 2064 3556 2129 solum,

1976 2154 2073 2210 sed
2126 2155 2292 2214 etiam
2342 2153 2551 2211 exteri:
2614 2156 2759 2210 inter
2811 2169 2950 2224 quos
2994 2169 3100 2210 non
3153 2153 3375 2210 silentio
3407 2168 3552 2220 prte-

1975 2246 2276 2303 tereundtts
2352 2245 2414 2301 D.
2465 2245 2814 2312 Francisrus,
2872 2244 3151 2302 Romanus
3208 2246 3554 2311 Catanensis,

1973 2339 2234 2396 sacerdos
2279 2339 2423 2394 haud
2467 2339 2636 2395 multo
2687 2339 2895 2408 pridem
2935 2337 2992 2393 in
3042 2339 3332 2410 collegium
3380 2353 3552 2395 rano-

1979 2429 2230 2486 nicorum
2257 2430 2516 2487 Ecclesiae
2541 2429 2946 2486 Panormitana:
2982 2431 3177 2486 merito
3195 2441 3550 2502 aggregatns.

1974 2518 2335 2575 concinnandi
2371 2534 2597 2578 munere
2630 2530 2687 2577 et
2722 2521 2944 2591 pietatis
2965 2521 3164 2578 ardore
3200 2536 3308 2578 non
3343 2523 3552 2589 vulgari

1985 2611 2266 2684 praeditus,
2301 2613 2393 2685 qui
2424 2629 2546 2668 enm
2606 2612 2958 2670 Tauromenii
2987 2615 3290 2672 conciones
3312 2624 3557 2686 tempore

1979 2704 2422 2777 Quadragesimae
2453 2705 2699 2774 haberet,
2756 2708 2924 2763 multa
2970 2707 3038 2765 ab
3064 2723 3133 2763 ea
3167 2709 3404 2780 imagine
3438 2723 3549 2766 non

1976 2795 2286 2854 manulacta
2342 2813 2404 2854 se
2445 2799 2723 2868 accepisse
2769 2800 2838 2856 ab
2890 2798 3014 2855 aliis
3053 2800 3339 2869 impetrata
3388 2800 3557 2857 mira-

1973 2892 2118 2956 cula,
2171 2892 2338 2947 multa
2381 2891 2436 2946 in
2478 2893 2657 2961 seipso
2705 2902 2990 2963 expertum
3015 2906 3142 2948 esse
3197 2893 3556 2953 mihinam-

1974 2984 2072 3051 vit,
2114 2995 2170 3040 et
2201 2985 2408 3055 scripto
2445 2999 2511 3040 ac
2556 2983 2927 3056 chirographo
2983 2984 3126 3040 dicta
3185 2987 3553 3056 consignavit.

1973 3076 2238 3134 Caeterum
2277 3078 2407 3132 illud
2464 3076 2631 3132 etiam
2671 3079 2726 3132 in
2790 3076 2893 3132 hac
2931 3092 2993 3133 re
3027 3077 3472 3136 animadversum
3522 3098 3554 3137 a

1975 3167 2273 3227 lectoribus
2328 3171 2514 3235 velim,
2541 3168 2587 3226 si
2631 3169 2723 3225 cui
2765 3169 2837 3226 sit
2867 3185 3214 3240 persuasmn,
3257 3171 3549 3245 imaginem

1974 3261 2219 3332 Deiparte
2276 3276 2398 3333 qua:
2472 3262 2634 3319 hodie
2702 3271 2914 3332 exstat,
2967 3277 3092 3319 eam
3156 3281 3282 3322 esse
3335 3268 3557 3340 ἀχειρο-

1975 3354 2203 3426 ποίητον
2220 3369 2342 3426 quae
2367 3351 2718 3425 Theophanis
2749 3362 2993 3426 tempore
3013 3357 3283 3425 exstabat,
3307 3376 3412 3415 non
3429 3374 3556 3417 esse

1976 3442 2306 3498 ccnsendam
2357 3457 2423 3498 ex
2482 3442 2549 3498 iis
2597 3458 2720 3514 qua:
2768 3441 2825 3498 in
2873 3446 3056 3514 aliquo
3097 3447 3264 3503 linteo
3304 3446 3550 3520 Virginis

1974 3534 2182 3590 vultum
2243 3534 2313 3588 ab
2345 3532 2575 3604 ipsumet
2632 3535 2974 3606 impressum.
3003 3537 3185 3596 ferunt
3214 3559 3229 3596 :
3264 3557 3376 3598 non
3403 3545 3551 3602 enim

1973 3639 2038 3683 ea
2085 3625 2270 3683 tabula
2331 3625 2542 3681 vultum
2595 3626 2835 3698 Virginis
2887 3629 3083 3695 solum,
3136 3632 3232 3689 sed
3291 3633 3555 3706 integram

1971 3730 2243 3778 staturam
2294 3721 2573 3776 sedentem
2631 3731 2687 3776 et
2719 3719 2980 3777 infantem
3016 3721 3200 3780 losum
3243 3735 3548 3796 gestantem

1974 3812 2118 3870 ulnis
2162 3811 2456 3884 exprimit:
2491 3825 2664 3882 quare
2686 3813 2738 3866 in
2781 3813 2956 3869 altero
2977 3829 3174 3881 genere
3195 3817 3552 3892 ἀχειροποιήο

1970 3920 2079 3958 των
2129 3918 2250 3959 eam
2297 3902 2705 3965 accensuerim,
2757 3900 2824 3956 de
2868 3916 2978 3973 quo
3029 3904 3193 3961 etiam
3237 3904 3554 3977 Gretserus.

1974 4006 2034 4050 ut
2070 3996 2381 4068 angelorum
2430 4009 2594 4065 opera
2627 4009 2693 4049 ea
2737 3993 2953 4063 depicta
2987 3998 3082 4064 sit,
3144 3998 3228 4053 vel
3259 4009 3414 4058 certe
3479 4003 3550 4057 ab

1972 4087 2153 4156 aliqua
2206 4102 2313 4141 non
2350 4086 2663 4142 manulacta
2695 4087 2905 4157 pictura
2961 4088 3262 4161 descripta,
3289 4103 3347 4146 ut
3380 4107 3546 4163 supra

1971 4180 2241 4237 dicebam.
2301 4181 2532 4236 Servant
2574 4193 2694 4235 eam
2752 4181 2913 4236 hodie
2953 4181 3008 4235 in
3053 4196 3158 4239 suo
3197 4183 3398 4256 templo
3420 4186 3552 4243 reli-

1969 4274 2111 4345 giosi
2159 4273 2329 4330 beate
2367 4272 2607 4342 Virginis
2636 4288 2668 4328 e
2695 4285 2880 4328 mente
2909 4272 3184 4340 Carmelo,
3210 4278 3372 4347 eique
3399 4278 3546 4335 diem

1970 4369 2264 4422 solemnem
2315 4377 2483 4435 agunt
2540 4364 2856 4422 Decembris
2902 4367 2992 4422 die
3027 4378 3243 4431 octaso.
3275 4370 3370 4441 qui
3425 4373 3548 4428 dies

1969 4459 2214 4531 ejusdem
2240 4457 2480 4532 Virginis
2505 4457 2850 4514 immaculato
2894 4458 3178 4528 conceptni
3217 4461 3549 4517 celebrando

1969 4559 2219 4605 sacratus
2266 4557 2374 4604 est.
2430 4547 2618 4604 Tradit
2660 4547 2714 4602 in
2759 4543 2894 4600 Idea
2943 4549 3118 4618 operis
3157 4546 3224 4602 de
3253 4549 3356 4605 SS.
3415 4550 3556 4608 Sici—

1968 4643 2057 4698 lite
2112 4641 2372 4698 Octavius
2440 4639 2757 4705 Caetanus,
2809 4639 3156 4697 Tanromenii
3223 4645 3398 4712 primo
3466 4647 3554 4701 die

1971 4734 2311 4805 Septembris
2349 4733 2615 4791 celebrari
2644 4732 2844 4791 festum
2887 4733 3138 4804 imaginis
3166 4735 3410 4806 Deipara:
3435 4753 3545 4795 nou

1973 4825 2336 4894 manufacta;
2385 4827 2532 4898 quod
2563 4840 2696 4882 sane
2728 4827 2872 4881 unde
2917 4828 3192 4898 acceperit
3224 4831 3356 4884 mihi
3373 4833 3552 4888 adhuc

1971 4924 2262 4991 ignotum:
2297 4919 2393 4977 sed
2444 4934 2568 4977 cum
2618 4918 2709 4976 ille
2740 4920 3191 4991 diligentissimus
3237 4921 3400 4978 fuerit
3465 4922 3556 4981 Si-

1970 5008 2278 5064 ciliensium
2321 5020 2509 5066 rerum
2544 5009 2612 5064 ad
2667 5019 2979 5066 sanctorum
3003 5010 3311 5067 Siculorum
3341 5015 3544 5071 cultum

1971 5100 2356 5172 pertinentium
2400 5103 2705 5172 indagator,
2769 5102 2824 5157 id
2863 5118 3038 5175 neque
3076 5103 3323 5163 refellere
3349 5110 3543 5176 debeo,

1972 5209 2073 5250 nec
2121 5203 2301 5249 tamen
2356 5191 2626 5250 aliirmare
2682 5210 2926 5265 possum.
2972 5195 3110 5254 Nam
3193 5199 3548 5261 Tauromcnii

1971 5287 2204 5343 moranti
2254 5288 2385 5344 tnibi
2413 5298 2468 5343 ct
2515 5287 2582 5344 de
2600 5303 2665 5344 eo
2701 5286 2841 5345 festo
2885 5289 2972 5345 die
3015 5291 3339 5352 sciscitanti.
3397 5297 3551 5351 nihil

1975 5380 2255 5445 traditum.
2301 5381 2404 5438 nisi
2437 5380 2524 5435 die
2576 5380 2724 5436 dicto
2771 5380 3086 5438 Decembris
3115 5394 3315 5440 octavo
3348 5387 3548 5446 festum

1971 5473 2040 5528 ad
2079 5472 2368 5543 imaginem
2417 5471 2662 5541 Deiparai
2693 5471 2808 5543 jam
2837 5485 3219 5543 memoratam,
3250 5494 3547 5548 quamnon

1973 5564 2341 5621 tuanul‘aetam
2401 5579 2523 5623 esse
2571 5567 2733 5622 nobis
2759 5566 3170 5646 persuademus,
3219 5571 3416 5626 eodem
3437 5588 3548 5643 quo

1972 5658 2094 5730 ejus
2144 5657 2546 5714 immaculatam
2605 5657 3030 5728 Conceptioncm
3075 5659 3362 5718 celebrari.
3413 5661 3552 5720 For-

1973 5762 2121 5809 tasse
2153 5766 2220 5807 ex
2278 5751 2447 5823 ipsius
2506 5750 2855 5822 Theophanis
2887 5753 3112 5808 homilia
3138 5754 3205 5810 de
3237 5754 3544 5814 indictione

1971 5859 2033 5899 ae
2089 5845 2214 5898 anui
2260 5843 2530 5914 principio
2579 5844 2631 5899 id
2687 5843 2963 5903 Caetanus
2990 5846 3299 5916 collegerit:
3334 5847 3389 5903 in
3438 5866 3544 5919 qua

1978 5935 2120 5991 inter
2170 5943 2398 5992 caeteras
2459 5932 2809 5992 celebritates
2865 5934 3028 6004 primi
3065 5934 3405 6006 Septembris
3435 5935 3549 5993 diei
