  <div class='ocr_page' id='page_1' title='image "/cluster/home/n/w/nwhite01/storage/ocr_20150623/132/mdp.39015061535228/043.png"; bbox 0 0 4044 6284; ppageno 0'>
   <div class='ocr_carea' id='block_1_1' title="bbox 562 360 2131 435">
    <p class='ocr_par' dir='ltr' id='par_1_1' title="bbox 562 360 2131 435">
     <span class='ocr_line' id='line_1_1' title="bbox 562 360 2131 435; baseline -0.011 0"><span class='ocrx_word' id='word_1_1' title='bbox 562 364 630 435; x_wconf 75' lang='grc'><strong>’11</strong></span> <span class='ocrx_word' id='word_1_2' title='bbox 1555 360 1961 424; x_wconf 80' lang='lat' dir='ltr'><strong>FRANCISCI</strong></span> <span class='ocrx_word' id='word_1_3' title='bbox 2006 363 2131 420; x_wconf 78' lang='lat' dir='ltr'><strong>see</strong></span> 
     </span>
    </p>
   </div>
   <div class='ocr_carea' id='block_1_2' title="bbox 2241 360 3806 435">
    <p class='ocr_par' dir='ltr' id='par_1_2' title="bbox 2241 362 3806 435">
     <span class='ocr_line' id='line_1_2' title="bbox 2241 362 3806 435; baseline -0.002 -14"><span class='ocrx_word' id='word_1_4' title='bbox 2241 362 2273 421; x_wconf 20' lang='lat' dir='ltr'><strong>at</strong></span> <span class='ocrx_word' id='word_1_5' title='bbox 2315 363 2744 423; x_wconf 72' lang='lat' dir='ltr'>PROthUM</span> <span class='ocrx_word' id='word_1_6' title='bbox 2780 364 2831 421; x_wconf 73' lang='grc' dir='ltr'><strong>τ.</strong></span> <span class='ocrx_word' id='word_1_7' title='bbox 3745 372 3806 435; x_wconf 63' lang='grc' dir='ltr'><strong>τε</strong></span> 
     </span>
    </p>
   </div>
   <div class='ocr_carea' id='block_1_3' title="bbox 560 484 2145 558">
    <p class='ocr_par' dir='ltr' id='par_1_3' title="bbox 560 484 2145 558">
     <span class='ocr_line' id='line_1_3' title="bbox 560 484 2145 558; baseline -0.004 -15"><span class='ocrx_word' id='word_1_8' title='bbox 560 486 809 545; x_wconf 87' lang='lat' dir='ltr'><strong>meminit</strong></span> <span class='ocrx_word' id='word_1_9' title='bbox 851 487 1209 558; x_wconf 78' lang='lat' dir='ltr'><strong>Theophanes</strong></span> <span class='ocrx_word' id='word_1_10' title='bbox 1261 485 1511 557; x_wconf 75' lang='lat' dir='ltr'><strong>imaginis</strong></span> <span class='ocrx_word' id='word_1_11' title='bbox 1574 488 1712 541; x_wconf 64' lang='lat' dir='ltr'><strong>diva:</strong></span> <span class='ocrx_word' id='word_1_12' title='bbox 1755 484 2024 553; x_wconf 77' lang='lat' dir='ltr'><strong>Virginis;</strong></span> <span class='ocrx_word' id='word_1_13' title='bbox 2053 499 2145 537; x_wconf 86' lang='lat' dir='ltr'><strong>cn-</strong></span> 
     </span>
    </p>
   </div>
   <div class='ocr_carea' id='block_1_4' title="bbox 548 572 2145 653">
    <p class='ocr_par' dir='ltr' id='par_1_4' title="bbox 548 572 2145 653">
     <span class='ocr_line' id='line_1_4' title="bbox 548 572 2145 653; baseline -0.007 -14"><span class='ocrx_word' id='word_1_14' title='bbox 548 582 643 653; x_wconf 79' lang='lat' dir='ltr'><strong>jus</strong></span> <span class='ocrx_word' id='word_1_15' title='bbox 690 583 806 639; x_wconf 72' lang='lat' dir='ltr'><strong>haec</strong></span> <span class='ocrx_word' id='word_1_16' title='bbox 873 583 1034 638; x_wconf 85' lang='lat' dir='ltr'><strong>verba</strong></span> <span class='ocrx_word' id='word_1_17' title='bbox 1083 598 1096 634; x_wconf 89' lang='lat'><strong>:</strong></span> <span class='ocrx_word' id='word_1_18' title='bbox 1141 582 1414 643; x_wconf 69' lang='grc' dir='ltr'><strong>Ἅπαντες</strong></span> <span class='ocrx_word' id='word_1_19' title='bbox 1456 572 1603 633; x_wconf 68' lang='grc' dir='ltr'>οὗτοι</span> <span class='ocrx_word' id='word_1_20' title='bbox 1652 580 1746 633; x_wconf 79' lang='grc' dir='ltr'><strong>τοῦ</strong></span> <span class='ocrx_word' id='word_1_21' title='bbox 1793 579 1988 650; x_wconf 78' lang='grc' dir='ltr'>χρόνον</span> <span class='ocrx_word' id='word_1_22' title='bbox 2046 578 2145 646; x_wconf 77' lang='grc' dir='ltr'><strong>τὴν</strong></span> 
     </span>
    </p>
   </div>
   <div class='ocr_carea' id='block_1_5' title="bbox 558 672 2145 746">
    <p class='ocr_par' dir='ltr' id='par_1_5' title="bbox 558 672 2145 746">
     <span class='ocr_line' id='line_1_5' title="bbox 558 672 2145 746; baseline -0.003 -19"><span class='ocrx_word' id='word_1_23' title='bbox 558 675 734 746; x_wconf 75' lang='grc' dir='ltr'>ἀρχὴν</span> <span class='ocrx_word' id='word_1_24' title='bbox 751 676 1094 743; x_wconf 75' lang='grc' dir='ltr'>ἀγιάζουσινο</span> <span class='ocrx_word' id='word_1_25' title='bbox 1118 676 1143 729; x_wconf 82' lang='grc' dir='ltr'>ὁ</span> <span class='ocrx_word' id='word_1_26' title='bbox 1166 676 1263 745; x_wconf 79' lang='grc' dir='ltr'>μὲν</span> <span class='ocrx_word' id='word_1_27' title='bbox 1287 675 1479 746; x_wconf 79' lang='grc' dir='ltr'><strong>Σωτὴρ</strong></span> <span class='ocrx_word' id='word_1_28' title='bbox 1498 674 1658 744; x_wconf 78' lang='grc' dir='ltr'>ἡμῶν</span> <span class='ocrx_word' id='word_1_29' title='bbox 1673 674 1880 745; x_wconf 74' lang='grc' dir='ltr'><strong>Ἰησοῦς</strong></span> <span class='ocrx_word' id='word_1_30' title='bbox 1928 672 2145 739; x_wconf 76' lang='grc' dir='ltr'>εὐλογεῖ</span> 
     </span>
    </p>
   </div>
   <div class='ocr_carea' id='block_1_6' title="bbox 558 764 2143 837">
    <p class='ocr_par' dir='ltr' id='par_1_6' title="bbox 558 764 2143 837">
     <span class='ocr_line' id='line_1_6' title="bbox 558 764 2143 837; baseline -0.002 -18"><span class='ocrx_word' id='word_1_31' title='bbox 558 764 650 819; x_wconf 78' lang='grc' dir='ltr'>τὸν</span> <span class='ocrx_word' id='word_1_32' title='bbox 712 764 976 833; x_wconf 71' lang='grc' dir='ltr'><strong>στέφανον</strong></span> <span class='ocrx_word' id='word_1_33' title='bbox 1035 766 1309 819; x_wconf 71' lang='grc' dir='ltr'><strong>ἐνιαυτοῦ.</strong></span> <span class='ocrx_word' id='word_1_34' title='bbox 1376 767 1439 819; x_wconf 83' lang='grc' dir='ltr'><strong><em>Ἥ</em></strong></span> <span class='ocrx_word' id='word_1_35' title='bbox 1504 767 1561 819; x_wconf 78' lang='grc' dir='ltr'><strong>δὲ</strong></span> <span class='ocrx_word' id='word_1_36' title='bbox 1616 766 1703 819; x_wconf 71' lang='grc' dir='ltr'><strong>διὰ</strong></span> <span class='ocrx_word' id='word_1_37' title='bbox 1775 765 1874 833; x_wconf 78' lang='grc' dir='ltr'><strong>τῆς</strong></span> <span class='ocrx_word' id='word_1_38' title='bbox 1939 768 2143 837; x_wconf 76' lang='grc' dir='ltr'>σεπτής</span> 
     </span>
    </p>
   </div>
   <div class='ocr_carea' id='block_1_7' title="bbox 557 856 2143 927">
    <p class='ocr_par' dir='ltr' id='par_1_7' title="bbox 557 856 2143 927">
     <span class='ocr_line' id='line_1_7' title="bbox 557 856 2143 927; baseline 0 -20"><span class='ocrx_word' id='word_1_39' title='bbox 557 856 768 920; x_wconf 75' lang='grc' dir='ltr'><strong>εἰκόνος</strong></span> <span class='ocrx_word' id='word_1_40' title='bbox 800 856 1086 927; x_wconf 66' lang='grc' dir='ltr'><strong>τιμωμένη</strong></span> <span class='ocrx_word' id='word_1_41' title='bbox 1122 857 1396 926; x_wconf 56' lang='lat' dir='ltr'><strong>ndustria);</strong></span> <span class='ocrx_word' id='word_1_42' title='bbox 1432 860 1703 911; x_wconf 71' lang='grc' dir='ltr'><strong>Δέσποινα</strong></span> <span class='ocrx_word' id='word_1_43' title='bbox 1732 857 1961 926; x_wconf 71' lang='grc' dir='ltr'>μεσίτης</span> <span class='ocrx_word' id='word_1_44' title='bbox 2006 858 2143 926; x_wconf 67' lang='grc' dir='ltr'><strong>πρδς</strong></span> 
     </span>
    </p>
   </div>
   <div class='ocr_carea' id='block_1_8' title="bbox 558 947 2134 1016">
    <p class='ocr_par' dir='ltr' id='par_1_8' title="bbox 558 947 2134 1016">
     <span class='ocr_line' id='line_1_8' title="bbox 558 947 2134 1016; baseline 0.001 -18"><span class='ocrx_word' id='word_1_45' title='bbox 558 948 693 998; x_wconf 70' lang='grc' dir='ltr'>Θεὸν</span> <span class='ocrx_word' id='word_1_46' title='bbox 746 947 903 1016; x_wconf 75' lang='grc' dir='ltr'>ἡμῶν</span> <span class='ocrx_word' id='word_1_47' title='bbox 950 948 1187 1015; x_wconf 78' lang='grc' dir='ltr'><strong>γίνεται.</strong></span> <span class='ocrx_word' id='word_1_48' title='bbox 1237 949 1370 1013; x_wconf 74' lang='lat' dir='ltr'><strong>Qua:</strong></span> <span class='ocrx_word' id='word_1_49' title='bbox 1423 951 1500 1001; x_wconf 80' lang='lat' dir='ltr'><strong>sic</strong></span> <span class='ocrx_word' id='word_1_50' title='bbox 1532 964 1628 1002; x_wconf 91' lang='lat' dir='ltr'><strong>nos</strong></span> <span class='ocrx_word' id='word_1_51' title='bbox 1685 948 1756 1003; x_wconf 91' lang='lat' dir='ltr'><strong>ibi</strong></span> <span class='ocrx_word' id='word_1_52' title='bbox 1812 947 2001 1002; x_wconf 75' lang='lat' dir='ltr'><strong>Latine.</strong></span> <span class='ocrx_word' id='word_1_53' title='bbox 2056 949 2134 1000; x_wconf 86' lang='lat' dir='ltr'><strong>iii-</strong></span> 
     </span>
    </p>
   </div>
   <div class='ocr_carea' id='block_1_9' title="bbox 560 1040 2143 1110">
    <p class='ocr_par' dir='ltr' id='par_1_9' title="bbox 560 1040 2143 1110">
     <span class='ocr_line' id='line_1_9' title="bbox 560 1040 2143 1110; baseline 0.002 -18"><span class='ocrx_word' id='word_1_54' title='bbox 560 1040 841 1105; x_wconf 75' lang='lat' dir='ltr'><strong>terpretati</strong></span> <span class='ocrx_word' id='word_1_55' title='bbox 896 1056 1127 1095; x_wconf 79' lang='lat' dir='ltr'><strong>sumus:</strong></span> <span class='ocrx_word' id='word_1_56' title='bbox 1180 1040 1257 1095; x_wconf 76' lang='lat' dir='ltr'><strong>Ab</strong></span> <span class='ocrx_word' id='word_1_57' title='bbox 1305 1042 1386 1094; x_wconf 81' lang='lat' dir='ltr'><strong>his</strong></span> <span class='ocrx_word' id='word_1_58' title='bbox 1420 1043 1659 1096; x_wconf 81' lang='lat' dir='ltr'><strong>omnibus</strong></span> <span class='ocrx_word' id='word_1_59' title='bbox 1711 1040 1913 1110; x_wconf 81' lang='lat' dir='ltr'><strong>aliquid</strong></span> <span class='ocrx_word' id='word_1_60' title='bbox 1946 1040 2143 1095; x_wconf 74' lang='lat' dir='ltr'><strong>sancti-</strong></span> 
     </span>
    </p>
   </div>
   <div class='ocr_carea' id='block_1_10' title="bbox 559 1118 2137 1203">
    <p class='ocr_par' dir='ltr' id='par_1_10' title="bbox 559 1118 2137 1203">
     <span class='ocr_line' id='line_1_10' title="bbox 559 1118 2137 1203; baseline 0.001 -20"><span class='ocrx_word' id='word_1_61' title='bbox 559 1133 683 1185; x_wconf 80' lang='lat' dir='ltr'><strong>tatis</strong></span> <span class='ocrx_word' id='word_1_62' title='bbox 736 1133 790 1185; x_wconf 84' lang='lat' dir='ltr'><strong>in</strong></span> <span class='ocrx_word' id='word_1_63' title='bbox 848 1134 944 1185; x_wconf 84' lang='lat' dir='ltr'><strong>Irae</strong></span> <span class='ocrx_word' id='word_1_64' title='bbox 982 1134 1111 1186; x_wconf 81' lang='lat' dir='ltr'><strong>auiti</strong></span> <span class='ocrx_word' id='word_1_65' title='bbox 1162 1134 1478 1203; x_wconf 82' lang='lat' dir='ltr'><strong>principium</strong></span> <span class='ocrx_word' id='word_1_66' title='bbox 1548 1118 1848 1187; x_wconf 73' lang='lat' dir='ltr'><strong>redundat:</strong></span> <span class='ocrx_word' id='word_1_67' title='bbox 1912 1150 2033 1185; x_wconf 88' lang='lat' dir='ltr'><strong>uam</strong></span> <span class='ocrx_word' id='word_1_68' title='bbox 2088 1141 2137 1185; x_wconf 81' lang='lat' dir='ltr'><strong>et</strong></span> 
     </span>
    </p>
   </div>
   <div class='ocr_carea' id='block_1_11' title="bbox 558 1224 2138 1282">
    <p class='ocr_par' dir='ltr' id='par_1_11' title="bbox 558 1224 2138 1282">
     <span class='ocr_line' id='line_1_11' title="bbox 558 1224 2138 1282; baseline 0.001 -4"><span class='ocrx_word' id='word_1_69' title='bbox 558 1224 813 1279; x_wconf 80' lang='lat' dir='ltr'><strong>Salvator</strong></span> <span class='ocrx_word' id='word_1_70' title='bbox 885 1236 1066 1280; x_wconf 81' lang='lat' dir='ltr'><strong>uoster</strong></span> <span class='ocrx_word' id='word_1_71' title='bbox 1116 1224 1357 1282; x_wconf 72' lang='lat' dir='ltr'><strong>Christus</strong></span> <span class='ocrx_word' id='word_1_72' title='bbox 1415 1228 1572 1281; x_wconf 81' lang='lat' dir='ltr'><strong>Jesus</strong></span> <span class='ocrx_word' id='word_1_73' title='bbox 1622 1227 1882 1281; x_wconf 81' lang='lat' dir='ltr'><strong>benedicit</strong></span> <span class='ocrx_word' id='word_1_74' title='bbox 1926 1240 2138 1280; x_wconf 75' lang='lat' dir='ltr'><strong>cor-aute</strong></span> 
     </span>
    </p>
   </div>
   <div class='ocr_carea' id='block_1_12' title="bbox 556 1318 2137 1391">
    <p class='ocr_par' dir='ltr' id='par_1_12' title="bbox 556 1318 2137 1391">
     <span class='ocr_line' id='line_1_12' title="bbox 556 1318 2137 1391; baseline 0 -20"><span class='ocrx_word' id='word_1_75' title='bbox 556 1318 683 1371; x_wconf 74' lang='lat' dir='ltr'><strong>auiti</strong></span> <span class='ocrx_word' id='word_1_76' title='bbox 717 1329 809 1372; x_wconf 68' lang='grc' dir='ltr'><strong>εει</strong></span> <span class='ocrx_word' id='word_1_77' title='bbox 863 1318 1173 1372; x_wconf 66' lang='lat' dir='ltr'><strong>veneranda:</strong></span> <span class='ocrx_word' id='word_1_78' title='bbox 1208 1320 1452 1389; x_wconf 80' lang='lat' dir='ltr'><strong>imaginis</strong></span> <span class='ocrx_word' id='word_1_79' title='bbox 1503 1320 1756 1391; x_wconf 80' lang='lat' dir='ltr'><strong>religione</strong></span> <span class='ocrx_word' id='word_1_80' title='bbox 1790 1319 1935 1373; x_wconf 83' lang='lat' dir='ltr'><strong>culta</strong></span> <span class='ocrx_word' id='word_1_81' title='bbox 1983 1318 2137 1387; x_wconf 77' lang='lat' dir='ltr'><strong>Virgo</strong></span> 
     </span>
    </p>
   </div>
   <div class='ocr_carea' id='block_1_13' title="bbox 554 1413 2134 1484">
    <p class='ocr_par' dir='ltr' id='par_1_13' title="bbox 554 1413 2134 1484">
     <span class='ocr_line' id='line_1_13' title="bbox 554 1413 2134 1484; baseline 0.004 -21"><span class='ocrx_word' id='word_1_82' title='bbox 554 1413 842 1481; x_wconf 81' lang='lat' dir='ltr'><strong>purissima</strong></span> <span class='ocrx_word' id='word_1_83' title='bbox 884 1413 1019 1467; x_wconf 73' lang='lat' dir='ltr'><strong>inter</strong></span> <span class='ocrx_word' id='word_1_84' title='bbox 1067 1430 1161 1468; x_wconf 82' lang='lat' dir='ltr'><strong>uos</strong></span> <span class='ocrx_word' id='word_1_85' title='bbox 1208 1424 1256 1468; x_wconf 82' lang='lat' dir='ltr'><strong>et</strong></span> <span class='ocrx_word' id='word_1_86' title='bbox 1311 1414 1475 1467; x_wconf 79' lang='lat' dir='ltr'><strong>Deum</strong></span> <span class='ocrx_word' id='word_1_87' title='bbox 1523 1424 1787 1484; x_wconf 77' lang='lat' dir='ltr'><strong>sequestra</strong></span> <span class='ocrx_word' id='word_1_88' title='bbox 1839 1414 2134 1469; x_wconf 70' lang='lat' dir='ltr'><strong>intercedit.</strong></span> 
     </span>
    </p>
   </div>
   <div class='ocr_carea' id='block_1_14' title="bbox 557 1502 2135 1579">
    <p class='ocr_par' dir='ltr' id='par_1_14' title="bbox 557 1502 2135 1579">
     <span class='ocr_line' id='line_1_14' title="bbox 557 1502 2135 1579; baseline 0.001 -22"><span class='ocrx_word' id='word_1_89' title='bbox 557 1502 682 1559; x_wconf 77' lang='lat' dir='ltr'><strong>lla-e</strong></span> <span class='ocrx_word' id='word_1_90' title='bbox 730 1503 1135 1575; x_wconf 76' lang='lat' dir='ltr'><strong>Theophanes:</strong></span> <span class='ocrx_word' id='word_1_91' title='bbox 1192 1508 1283 1575; x_wconf 90' lang='lat' dir='ltr'><strong>qui</strong></span> <span class='ocrx_word' id='word_1_92' title='bbox 1350 1522 1473 1562; x_wconf 89' lang='lat' dir='ltr'><strong>eum</strong></span> <span class='ocrx_word' id='word_1_93' title='bbox 1530 1523 1635 1562; x_wconf 91' lang='lat' dir='ltr'><strong>non</strong></span> <span class='ocrx_word' id='word_1_94' title='bbox 1698 1508 1932 1579; x_wconf 88' lang='lat' dir='ltr'><strong>appellet</strong></span> <span class='ocrx_word' id='word_1_95' title='bbox 1994 1510 2135 1562; x_wconf 83' lang='lat' dir='ltr'><strong>inin-</strong></span> 
     </span>
    </p>
   </div>
   <div class='ocr_carea' id='block_1_15' title="bbox 553 1594 2133 1671">
    <p class='ocr_par' dir='ltr' id='par_1_15' title="bbox 553 1594 2133 1671">
     <span class='ocr_line' id='line_1_15' title="bbox 553 1594 2133 1671; baseline 0.004 -24"><span class='ocrx_word' id='word_1_96' title='bbox 553 1595 734 1666; x_wconf 79' lang='lat' dir='ltr'><strong>ginem</strong></span> <span class='ocrx_word' id='word_1_97' title='bbox 774 1594 867 1649; x_wconf 85' lang='lat' dir='ltr'><strong>Dei</strong></span> <span class='ocrx_word' id='word_1_98' title='bbox 900 1594 1197 1652; x_wconf 84' lang='lat' dir='ltr'><strong>Genitricis</strong></span> <span class='ocrx_word' id='word_1_99' title='bbox 1233 1600 1674 1671; x_wconf 79' lang='grc' dir='ltr'><strong>ἀχειροποίητον,</strong></span> <span class='ocrx_word' id='word_1_100' title='bbox 1706 1616 1871 1669; x_wconf 87' lang='lat' dir='ltr'><strong>quam</strong></span> <span class='ocrx_word' id='word_1_101' title='bbox 1897 1615 1995 1654; x_wconf 90' lang='lat' dir='ltr'><strong>cur</strong></span> <span class='ocrx_word' id='word_1_102' title='bbox 2027 1615 2133 1654; x_wconf 87' lang='lat' dir='ltr'><strong>non</strong></span> 
     </span>
    </p>
   </div>
   <div class='ocr_carea' id='block_1_16' title="bbox 552 1689 2133 1757">
    <p class='ocr_par' dir='ltr' id='par_1_16' title="bbox 552 1689 2133 1757">
     <span class='ocr_line' id='line_1_16' title="bbox 552 1689 2133 1757; baseline 0.004 -16"><span class='ocrx_word' id='word_1_103' title='bbox 552 1703 809 1757; x_wconf 73' lang='lat' dir='ltr'><strong>expresse</strong></span> <span class='ocrx_word' id='word_1_104' title='bbox 867 1689 1178 1756; x_wconf 82' lang='lat' dir='ltr'><strong>neminarit,</strong></span> <span class='ocrx_word' id='word_1_105' title='bbox 1240 1690 1284 1744; x_wconf 85' lang='lat' dir='ltr'><strong>si</strong></span> <span class='ocrx_word' id='word_1_106' title='bbox 1318 1692 1383 1745; x_wconf 87' lang='lat' dir='ltr'><strong>de</strong></span> <span class='ocrx_word' id='word_1_107' title='bbox 1426 1706 1489 1745; x_wconf 86' lang='lat' dir='ltr'><strong>ea</strong></span> <span class='ocrx_word' id='word_1_108' title='bbox 1519 1707 1697 1747; x_wconf 86' lang='lat' dir='ltr'><strong>seruio</strong></span> <span class='ocrx_word' id='word_1_109' title='bbox 1741 1702 1880 1756; x_wconf 86' lang='lat' dir='ltr'><strong>erat,</strong></span> <span class='ocrx_word' id='word_1_110' title='bbox 1920 1707 2044 1748; x_wconf 89' lang='lat' dir='ltr'><strong>cum</strong></span> <span class='ocrx_word' id='word_1_111' title='bbox 2082 1694 2133 1748; x_wconf 85' lang='lat' dir='ltr'><strong>in</strong></span> 
     </span>
    </p>
   </div>
   <div class='ocr_carea' id='block_1_17' title="bbox 551 1777 2129 1852">
    <p class='ocr_par' dir='ltr' id='par_1_17' title="bbox 551 1777 2129 1852">
     <span class='ocr_line' id='line_1_17' title="bbox 551 1777 2129 1852; baseline 0.004 -23"><span class='ocrx_word' id='word_1_112' title='bbox 551 1777 675 1832; x_wconf 89' lang='lat' dir='ltr'><strong>aliis</strong></span> <span class='ocrx_word' id='word_1_113' title='bbox 726 1779 965 1833; x_wconf 84' lang='lat' dir='ltr'><strong>bomiliis</strong></span> <span class='ocrx_word' id='word_1_114' title='bbox 1027 1789 1284 1849; x_wconf 85' lang='lat' dir='ltr'><strong>tanquam</strong></span> <span class='ocrx_word' id='word_1_115' title='bbox 1333 1781 1526 1850; x_wconf 81' lang='lat' dir='ltr'><strong>insigni</strong></span> <span class='ocrx_word' id='word_1_116' title='bbox 1566 1785 1802 1852; x_wconf 84' lang='lat' dir='ltr'><strong>quodam</strong></span> <span class='ocrx_word' id='word_1_117' title='bbox 1848 1790 1903 1835; x_wconf 89' lang='lat' dir='ltr'><strong>et</strong></span> <span class='ocrx_word' id='word_1_118' title='bbox 1931 1784 1997 1837; x_wconf 90' lang='lat' dir='ltr'><strong>de</strong></span> <span class='ocrx_word' id='word_1_119' title='bbox 2021 1798 2129 1851; x_wconf 90' lang='lat' dir='ltr'><strong>quo</strong></span> 
     </span>
    </p>
   </div>
   <div class='ocr_carea' id='block_1_18' title="bbox 550 1868 2133 1942">
    <p class='ocr_par' dir='ltr' id='par_1_18' title="bbox 550 1868 2133 1942">
     <span class='ocr_line' id='line_1_18' title="bbox 550 1868 2133 1942; baseline 0.003 -21"><span class='ocrx_word' id='word_1_120' title='bbox 550 1868 886 1937; x_wconf 59' lang='lat' dir='ltr'><strong>gloriabatur</strong></span> <span class='ocrx_word' id='word_1_121' title='bbox 931 1870 1109 1938; x_wconf 76' lang='lat' dir='ltr'><strong>elogio</strong></span> <span class='ocrx_word' id='word_1_122' title='bbox 1142 1886 1261 1925; x_wconf 88' lang='lat' dir='ltr'><strong>eam</strong></span> <span class='ocrx_word' id='word_1_123' title='bbox 1311 1873 1636 1942; x_wconf 70' lang='lat' dir='ltr'><strong>designavit,</strong></span> <span class='ocrx_word' id='word_1_124' title='bbox 1690 1872 1889 1927; x_wconf 88' lang='lat' dir='ltr'><strong>nullam</strong></span> <span class='ocrx_word' id='word_1_125' title='bbox 1914 1887 2133 1927; x_wconf 81' lang='lat' dir='ltr'><strong>causam</strong></span> 
     </span>
    </p>
   </div>
   <div class='ocr_carea' id='block_1_19' title="bbox 550 1961 2131 2035">
    <p class='ocr_par' dir='ltr' id='par_1_19' title="bbox 550 1961 2131 2035">
     <span class='ocr_line' id='line_1_19' title="bbox 550 1961 2131 2035; baseline 0.003 -22"><span class='ocrx_word' id='word_1_126' title='bbox 550 1961 747 2014; x_wconf 80' lang='lat' dir='ltr'><strong>video:</strong></span> <span class='ocrx_word' id='word_1_127' title='bbox 804 1971 858 2015; x_wconf 92' lang='lat' dir='ltr'><strong>et</strong></span> <span class='ocrx_word' id='word_1_128' title='bbox 913 1975 978 2014; x_wconf 79' lang='lat' dir='ltr'><strong>ex</strong></span> <span class='ocrx_word' id='word_1_129' title='bbox 1012 1962 1182 2015; x_wconf 88' lang='lat' dir='ltr'><strong>altera</strong></span> <span class='ocrx_word' id='word_1_130' title='bbox 1223 1974 1396 2031; x_wconf 86' lang='lat' dir='ltr'><strong>parte,</strong></span> <span class='ocrx_word' id='word_1_131' title='bbox 1438 1980 1561 2017; x_wconf 83' lang='lat' dir='ltr'><strong>cum</strong></span> <span class='ocrx_word' id='word_1_132' title='bbox 1623 1964 1674 2018; x_wconf 92' lang='lat' dir='ltr'><strong>in</strong></span> <span class='ocrx_word' id='word_1_133' title='bbox 1712 1964 1911 2018; x_wconf 68' lang='lat' dir='ltr'><strong>lienam</strong></span> <span class='ocrx_word' id='word_1_134' title='bbox 1957 1966 2131 2035; x_wconf 69' lang='lat' dir='ltr'><strong>legam</strong></span> 
     </span>
    </p>
   </div>
   <div class='ocr_carea' id='block_1_20' title="bbox 549 2052 2133 2126">
    <p class='ocr_par' dir='ltr' id='par_1_20' title="bbox 549 2052 2133 2126">
     <span class='ocr_line' id='line_1_20' title="bbox 549 2052 2133 2126; baseline 0.004 -22"><span class='ocrx_word' id='word_1_135' title='bbox 549 2068 616 2105; x_wconf 78' lang='lat' dir='ltr'><strong>eo</strong></span> <span class='ocrx_word' id='word_1_136' title='bbox 669 2053 754 2106; x_wconf 90' lang='lat' dir='ltr'><strong>die</strong></span> <span class='ocrx_word' id='word_1_137' title='bbox 804 2053 1065 2107; x_wconf 82' lang='lat' dir='ltr'><strong>celebrari</strong></span> <span class='ocrx_word' id='word_1_138' title='bbox 1096 2052 1334 2123; x_wconf 59' lang='grc' dir='ltr'>«σύνειξιν</span> <span class='ocrx_word' id='word_1_139' title='bbox 1364 2056 1465 2126; x_wconf 81' lang='grc' dir='ltr'><strong>τῆς</strong></span> <span class='ocrx_word' id='word_1_140' title='bbox 1515 2057 1823 2126; x_wconf 66' lang='grc' dir='ltr'><strong>ὑπεραγιας</strong></span> <span class='ocrx_word' id='word_1_141' title='bbox 1865 2058 2133 2111; x_wconf 76' lang='grc' dir='ltr'>Θεοτὸκον</span> 
     </span>
    </p>
   </div>
   <div class='ocr_carea' id='block_1_21' title="bbox 549 2144 2130 2219">
    <p class='ocr_par' dir='ltr' id='par_1_21' title="bbox 549 2144 2130 2219">
     <span class='ocr_line' id='line_1_21' title="bbox 549 2144 2130 2219; baseline 0.006 -22"><span class='ocrx_word' id='word_1_142' title='bbox 549 2145 658 2197; x_wconf 81' lang='grc' dir='ltr'>τῶν</span> <span class='ocrx_word' id='word_1_143' title='bbox 723 2144 1047 2215; x_wconf 68' lang='grc' dir='ltr'><strong>Μιατηνῶν.</strong></span> <span class='ocrx_word' id='word_1_144' title='bbox 1104 2148 1207 2201; x_wconf 81' lang='lat' dir='ltr'><strong>hoc</strong></span> <span class='ocrx_word' id='word_1_145' title='bbox 1228 2160 1331 2213; x_wconf 89' lang='lat' dir='ltr'><strong>est,</strong></span> <span class='ocrx_word' id='word_1_146' title='bbox 1360 2148 1621 2219; x_wconf 73' lang='lat' dir='ltr'><strong>Synaxim</strong></span> <span class='ocrx_word' id='word_1_147' title='bbox 1656 2166 1747 2204; x_wconf 75' lang='lat' dir='ltr'><strong>seu</strong></span> <span class='ocrx_word' id='word_1_148' title='bbox 1779 2152 2130 2206; x_wconf 74' lang='lat' dir='ltr'><strong>celebritatem</strong></span> 
     </span>
    </p>
   </div>
   <div class='ocr_carea' id='block_1_22' title="bbox 549 2235 2127 2313">
    <p class='ocr_par' dir='ltr' id='par_1_22' title="bbox 549 2235 2127 2313">
     <span class='ocr_line' id='line_1_22' title="bbox 549 2235 2127 2313; baseline 0.005 -24"><span class='ocrx_word' id='word_1_149' title='bbox 549 2237 902 2290; x_wconf 74' lang='lat' dir='ltr'><strong>sanctissime</strong></span> <span class='ocrx_word' id='word_1_150' title='bbox 935 2235 1164 2306; x_wconf 76' lang='lat' dir='ltr'><strong>Virginis</strong></span> <span class='ocrx_word' id='word_1_151' title='bbox 1196 2237 1577 2305; x_wconf 72' lang='lat' dir='ltr'><strong>&quot;iuseum-um,</strong></span> <span class='ocrx_word' id='word_1_152' title='bbox 1600 2243 1740 2296; x_wconf 86' lang='lat' dir='ltr'><strong>haud</strong></span> <span class='ocrx_word' id='word_1_153' title='bbox 1764 2254 1912 2298; x_wconf 87' lang='lat' dir='ltr'><strong>certe</strong></span> <span class='ocrx_word' id='word_1_154' title='bbox 1936 2246 2127 2313; x_wconf 88' lang='lat' dir='ltr'><strong>liquet,</strong></span> 
     </span>
    </p>
   </div>
   <div class='ocr_carea' id='block_1_23' title="bbox 550 2326 2129 2397">
    <p class='ocr_par' dir='ltr' id='par_1_23' title="bbox 550 2326 2129 2397">
     <span class='ocr_line' id='line_1_23' title="bbox 550 2326 2129 2397; baseline 0.006 -16"><span class='ocrx_word' id='word_1_155' title='bbox 550 2337 605 2383; x_wconf 89' lang='lat' dir='ltr'><strong>et</strong></span> <span class='ocrx_word' id='word_1_156' title='bbox 636 2327 687 2380; x_wconf 92' lang='lat' dir='ltr'><strong>in</strong></span> <span class='ocrx_word' id='word_1_157' title='bbox 712 2327 933 2397; x_wconf 87' lang='lat' dir='ltr'><strong>ancipiti</strong></span> <span class='ocrx_word' id='word_1_158' title='bbox 960 2344 1047 2382; x_wconf 81' lang='lat' dir='ltr'><strong>res</strong></span> <span class='ocrx_word' id='word_1_159' title='bbox 1070 2337 1319 2384; x_wconf 77' lang='lat' dir='ltr'><strong>versatur</strong></span> <span class='ocrx_word' id='word_1_160' title='bbox 1352 2334 1415 2385; x_wconf 87' lang='lat' dir='ltr'><strong>de</strong></span> <span class='ocrx_word' id='word_1_161' title='bbox 1436 2332 1967 2391; x_wconf 85' lang='lat' dir='ltr'><strong>Tauronienitanaue</strong></span> <span class='ocrx_word' id='word_1_162' title='bbox 1996 2326 2129 2391; x_wconf 81' lang='lat' dir='ltr'><strong>ima-</strong></span> 
     </span>
    </p>
   </div>
   <div class='ocr_carea' id='block_1_24' title="bbox 551 2415 2137 2487">
    <p class='ocr_par' dir='ltr' id='par_1_24' title="bbox 551 2415 2137 2487">
     <span class='ocr_line' id='line_1_24' title="bbox 551 2415 2137 2487; baseline 0.007 -18"><span class='ocrx_word' id='word_1_163' title='bbox 551 2418 675 2485; x_wconf 77' lang='lat' dir='ltr'><strong>gine</strong></span> <span class='ocrx_word' id='word_1_164' title='bbox 722 2415 1077 2487; x_wconf 77' lang='lat' dir='ltr'><strong>Thmpbanes</strong></span> <span class='ocrx_word' id='word_1_165' title='bbox 1115 2420 1389 2487; x_wconf 86' lang='lat' dir='ltr'><strong>loquatur,</strong></span> <span class='ocrx_word' id='word_1_166' title='bbox 1439 2439 1507 2477; x_wconf 90' lang='lat' dir='ltr'><strong>an</strong></span> <span class='ocrx_word' id='word_1_167' title='bbox 1557 2426 1625 2479; x_wconf 87' lang='lat' dir='ltr'><strong>de</strong></span> <span class='ocrx_word' id='word_1_168' title='bbox 1678 2423 1999 2481; x_wconf 77' lang='lat' dir='ltr'><strong>Miasenensi</strong></span> <span class='ocrx_word' id='word_1_169' title='bbox 2032 2430 2137 2481; x_wconf 83' lang='lat' dir='ltr'><strong>ali-</strong></span> 
     </span>
    </p>
   </div>
   <div class='ocr_carea' id='block_1_25' title="bbox 548 2512 2133 2591">
    <p class='ocr_par' dir='ltr' id='par_1_25' title="bbox 548 2512 2133 2591">
     <span class='ocr_line' id='line_1_25' title="bbox 548 2512 2133 2591; baseline 0.008 -28"><span class='ocrx_word' id='word_1_170' title='bbox 548 2526 682 2581; x_wconf 89' lang='lat' dir='ltr'><strong>qua,</strong></span> <span class='ocrx_word' id='word_1_171' title='bbox 735 2512 803 2567; x_wconf 89' lang='lat' dir='ltr'><strong>ad</strong></span> <span class='ocrx_word' id='word_1_172' title='bbox 854 2527 1018 2582; x_wconf 87' lang='lat' dir='ltr'><strong>quam</strong></span> <span class='ocrx_word' id='word_1_173' title='bbox 1056 2526 1359 2570; x_wconf 82' lang='lat' dir='ltr'><strong>conventus</strong></span> <span class='ocrx_word' id='word_1_174' title='bbox 1379 2532 1444 2570; x_wconf 88' lang='lat' dir='ltr'><strong>eo</strong></span> <span class='ocrx_word' id='word_1_175' title='bbox 1479 2519 1564 2572; x_wconf 90' lang='lat' dir='ltr'><strong>die</strong></span> <span class='ocrx_word' id='word_1_176' title='bbox 1596 2520 1773 2590; x_wconf 87' lang='lat' dir='ltr'><strong>primo</strong></span> <span class='ocrx_word' id='word_1_177' title='bbox 1797 2520 2133 2591; x_wconf 78' lang='lat' dir='ltr'><strong>Septembris</strong></span> 
     </span>
    </p>
   </div>
   <div class='ocr_carea' id='block_1_26' title="bbox 547 2600 2133 2670">
    <p class='ocr_par' dir='ltr' id='par_1_26' title="bbox 547 2600 2133 2670">
     <span class='ocr_line' id='line_1_26' title="bbox 547 2600 2133 2670; baseline 0.009 -15"><span class='ocrx_word' id='word_1_178' title='bbox 547 2600 945 2667; x_wconf 80' lang='lat' dir='ltr'><strong>celebraretur,</strong></span> <span class='ocrx_word' id='word_1_179' title='bbox 981 2605 1057 2657; x_wconf 91' lang='lat' dir='ltr'><strong>nti</strong></span> <span class='ocrx_word' id='word_1_180' title='bbox 1115 2603 1201 2658; x_wconf 89' lang='lat' dir='ltr'><strong>hic</strong></span> <span class='ocrx_word' id='word_1_181' title='bbox 1238 2604 1489 2661; x_wconf 85' lang='lat' dir='ltr'><strong>Panormi</strong></span> <span class='ocrx_word' id='word_1_182' title='bbox 1539 2621 1857 2667; x_wconf 89' lang='lat' dir='ltr'><strong>consuetum</strong></span> <span class='ocrx_word' id='word_1_183' title='bbox 1922 2625 2001 2667; x_wconf 84' lang='lat' dir='ltr'><strong>est</strong></span> <span class='ocrx_word' id='word_1_184' title='bbox 2045 2617 2133 2670; x_wconf 87' lang='lat' dir='ltr'><strong>die</strong></span> 
     </span>
    </p>
   </div>
   <div class='ocr_carea' id='block_1_27' title="bbox 548 2690 2135 2770">
    <p class='ocr_par' dir='ltr' id='par_1_27' title="bbox 548 2690 2135 2770">
     <span class='ocr_line' id='line_1_27' title="bbox 548 2690 2135 2770; baseline 0.008 -24"><span class='ocrx_word' id='word_1_185' title='bbox 548 2693 791 2752; x_wconf 86' lang='lat' dir='ltr'><strong>secundo</strong></span> <span class='ocrx_word' id='word_1_186' title='bbox 834 2690 961 2748; x_wconf 78' lang='lat' dir='ltr'><strong>Julii</strong></span> <span class='ocrx_word' id='word_1_187' title='bbox 1028 2705 1095 2748; x_wconf 85' lang='lat' dir='ltr'><strong>ad</strong></span> <span class='ocrx_word' id='word_1_188' title='bbox 1162 2705 1334 2751; x_wconf 67' lang='lat' dir='ltr'><strong>beata:</strong></span> <span class='ocrx_word' id='word_1_189' title='bbox 1386 2695 1649 2768; x_wconf 77' lang='lat' dir='ltr'><strong>Virginis,</strong></span> <span class='ocrx_word' id='word_1_190' title='bbox 1703 2716 1864 2770; x_wconf 88' lang='lat' dir='ltr'><strong>quam</strong></span> <span class='ocrx_word' id='word_1_191' title='bbox 1928 2699 2135 2758; x_wconf 69' lang='lat' dir='ltr'><strong>Gratia:</strong></span> 
     </span>
    </p>
   </div>
   <div class='ocr_carea' id='block_1_28' title="bbox 548 2785 2129 2863">
    <p class='ocr_par' dir='ltr' id='par_1_28' title="bbox 548 2785 2129 2863">
     <span class='ocr_line' id='line_1_28' title="bbox 548 2785 2129 2863; baseline 0.004 -21"><span class='ocrx_word' id='word_1_192' title='bbox 548 2785 903 2857; x_wconf 70' lang='lat' dir='ltr'><strong>appellamus,</strong></span> <span class='ocrx_word' id='word_1_193' title='bbox 952 2788 1265 2861; x_wconf 68' lang='lat' dir='ltr'><strong>imaginem,</strong></span> <span class='ocrx_word' id='word_1_194' title='bbox 1326 2801 1382 2845; x_wconf 88' lang='lat' dir='ltr'><strong>et</strong></span> <span class='ocrx_word' id='word_1_195' title='bbox 1426 2794 1493 2847; x_wconf 88' lang='lat' dir='ltr'><strong>ad</strong></span> <span class='ocrx_word' id='word_1_196' title='bbox 1542 2793 1678 2849; x_wconf 83' lang='lat' dir='ltr'><strong>alias</strong></span> <span class='ocrx_word' id='word_1_197' title='bbox 1717 2795 1823 2849; x_wconf 86' lang='lat' dir='ltr'><strong>alio</strong></span> <span class='ocrx_word' id='word_1_198' title='bbox 1863 2806 2129 2863; x_wconf 86' lang='lat' dir='ltr'><strong>tempore,</strong></span> 
     </span>
    </p>
   </div>
   <div class='ocr_carea' id='block_1_29' title="bbox 545 2880 2130 2957">
    <p class='ocr_par' dir='ltr' id='par_1_29' title="bbox 545 2880 2130 2957">
     <span class='ocr_line' id='line_1_29' title="bbox 545 2880 2130 2957; baseline 0.007 -24"><span class='ocrx_word' id='word_1_199' title='bbox 545 2888 602 2933; x_wconf 89' lang='lat' dir='ltr'><strong>et</strong></span> <span class='ocrx_word' id='word_1_200' title='bbox 642 2880 839 2949; x_wconf 86' lang='lat' dir='ltr'><strong>oppido</strong></span> <span class='ocrx_word' id='word_1_201' title='bbox 885 2881 1196 2951; x_wconf 71' lang='lat' dir='ltr'><strong>huiusmodi</strong></span> <span class='ocrx_word' id='word_1_202' title='bbox 1237 2883 1503 2953; x_wconf 79' lang='lat' dir='ltr'><strong>imagines</strong></span> <span class='ocrx_word' id='word_1_203' title='bbox 1547 2889 1883 2942; x_wconf 73' lang='lat' dir='ltr'><strong>venerabiles</strong></span> <span class='ocrx_word' id='word_1_204' title='bbox 1936 2890 2130 2957; x_wconf 77' lang='lat' dir='ltr'><strong>agitari</strong></span> 
     </span>
    </p>
   </div>
   <div class='ocr_carea' id='block_1_30' title="bbox 546 2971 2130 3046">
    <p class='ocr_par' dir='ltr' id='par_1_30' title="bbox 546 2971 2130 3046">
     <span class='ocr_line' id='line_1_30' title="bbox 546 2971 2130 3046; baseline 0.006 -19"><span class='ocrx_word' id='word_1_205' title='bbox 546 2971 664 3029; x_wconf 87' lang='lat' dir='ltr'><strong>dies</strong></span> <span class='ocrx_word' id='word_1_206' title='bbox 700 2971 821 3029; x_wconf 83' lang='lat' dir='ltr'><strong>festi</strong></span> <span class='ocrx_word' id='word_1_207' title='bbox 854 2975 1051 3034; x_wconf 84' lang='lat' dir='ltr'><strong>solent.</strong></span> <span class='ocrx_word' id='word_1_208' title='bbox 1111 2977 1399 3046; x_wconf 85' lang='lat' dir='ltr'><strong>Equidem,</strong></span> <span class='ocrx_word' id='word_1_209' title='bbox 1444 2987 1503 3033; x_wconf 89' lang='lat' dir='ltr'><strong>ut</strong></span> <span class='ocrx_word' id='word_1_210' title='bbox 1531 2981 1667 3045; x_wconf 80' lang='lat' dir='ltr'><strong>dixi,</strong></span> <span class='ocrx_word' id='word_1_211' title='bbox 1724 2997 1821 3037; x_wconf 87' lang='lat' dir='ltr'><strong>nec</strong></span> <span class='ocrx_word' id='word_1_212' title='bbox 1879 2982 2130 3039; x_wconf 81' lang='lat' dir='ltr'><strong>refellere</strong></span> 
     </span>
    </p>
   </div>
   <div class='ocr_carea' id='block_1_31' title="bbox 544 3063 2129 3142">
    <p class='ocr_par' dir='ltr' id='par_1_31' title="bbox 544 3063 2129 3142">
     <span class='ocr_line' id='line_1_31' title="bbox 544 3063 2129 3142; baseline 0.008 -22"><span class='ocrx_word' id='word_1_213' title='bbox 544 3063 914 3134; x_wconf 85' lang='lat' dir='ltr'><strong>conjecturam</strong></span> <span class='ocrx_word' id='word_1_214' title='bbox 960 3068 1173 3126; x_wconf 86' lang='lat' dir='ltr'><strong>Octavii</strong></span> <span class='ocrx_word' id='word_1_215' title='bbox 1224 3072 1473 3140; x_wconf 85' lang='lat' dir='ltr'><strong>Caetani,</strong></span> <span class='ocrx_word' id='word_1_216' title='bbox 1524 3089 1625 3128; x_wconf 89' lang='lat' dir='ltr'><strong>nec</strong></span> <span class='ocrx_word' id='word_1_217' title='bbox 1683 3074 1977 3142; x_wconf 85' lang='lat' dir='ltr'><strong>aiIlrmare,</strong></span> <span class='ocrx_word' id='word_1_218' title='bbox 2034 3077 2129 3133; x_wconf 84' lang='lat' dir='ltr'><strong>sed</strong></span> 
     </span>
    </p>
   </div>
   <div class='ocr_carea' id='block_1_32' title="bbox 543 3156 2129 3239">
    <p class='ocr_par' dir='ltr' id='par_1_32' title="bbox 543 3156 2129 3239">
     <span class='ocr_line' id='line_1_32' title="bbox 543 3156 2129 3239; baseline 0.009 -28"><span class='ocrx_word' id='word_1_219' title='bbox 543 3170 665 3211; x_wconf 86' lang='lat' dir='ltr'><strong>eam</strong></span> <span class='ocrx_word' id='word_1_220' title='bbox 685 3156 922 3215; x_wconf 82' lang='lat' dir='ltr'><strong>hominis</strong></span> <span class='ocrx_word' id='word_1_221' title='bbox 952 3164 1276 3217; x_wconf 78' lang='lat' dir='ltr'><strong>auctoritate</strong></span> <span class='ocrx_word' id='word_1_222' title='bbox 1310 3162 1498 3218; x_wconf 87' lang='lat' dir='ltr'><strong>fultam</strong></span> <span class='ocrx_word' id='word_1_223' title='bbox 1533 3165 1584 3219; x_wconf 92' lang='lat' dir='ltr'><strong>iu</strong></span> <span class='ocrx_word' id='word_1_224' title='bbox 1615 3167 1794 3221; x_wconf 87' lang='lat' dir='ltr'><strong>medio</strong></span> <span class='ocrx_word' id='word_1_225' title='bbox 1818 3169 2129 3239; x_wconf 80' lang='lat' dir='ltr'><strong>relinquere</strong></span> 
     </span>
    </p>
   </div>
   <div class='ocr_carea' id='block_1_33' title="bbox 542 3249 734 3306">
    <p class='ocr_par' dir='ltr' id='par_1_33' title="bbox 542 3249 734 3306">
     <span class='ocr_line' id='line_1_33' title="bbox 542 3249 734 3306; baseline -0.005 0"><span class='ocrx_word' id='word_1_226' title='bbox 542 3249 734 3306; x_wconf 81' lang='lat' dir='ltr'><strong>statui.</strong></span> 
     </span>
    </p>
   </div>
   <div class='ocr_carea' id='block_1_34' title="bbox 734 3390 1925 3471">
    <p class='ocr_par' dir='ltr' id='par_1_34' title="bbox 734 3390 1925 3471">
     <span class='ocr_line' id='line_1_34' title="bbox 734 3390 1925 3471; baseline 0.011 -28"><span class='ocrx_word' id='word_1_227' title='bbox 734 3390 767 3461; x_wconf 61' lang='grc' dir='ltr'>ᾗ</span> <span class='ocrx_word' id='word_1_228' title='bbox 804 3390 891 3446; x_wconf 86' lang='lat' dir='ltr'><strong>IV.</strong></span> <span class='ocrx_word' id='word_1_229' title='bbox 932 3391 1178 3462; x_wconf 79' lang='lat' dir='ltr'><strong>Dignitas</strong></span> <span class='ocrx_word' id='word_1_230' title='bbox 1208 3403 1257 3449; x_wconf 85' lang='lat' dir='ltr'><strong>et</strong></span> <span class='ocrx_word' id='word_1_231' title='bbox 1296 3393 1483 3449; x_wconf 77' lang='lat' dir='ltr'><strong>titulus</strong></span> <span class='ocrx_word' id='word_1_232' title='bbox 1523 3398 1925 3471; x_wconf 78' lang='lat' dir='ltr'><strong>arcltiepiswpi.</strong></span> 
     </span>
    </p>
   </div>
   <div class='ocr_carea' id='block_1_35' title="bbox 613 3522 2130 3603">
    <p class='ocr_par' dir='ltr' id='par_1_35' title="bbox 613 3522 2130 3603">
     <span class='ocr_line' id='line_1_35' title="bbox 613 3522 2130 3603; baseline 0.011 -27"><span class='ocrx_word' id='word_1_233' title='bbox 613 3522 751 3577; x_wconf 83' lang='lat' dir='ltr'><strong>Cum</strong></span> <span class='ocrx_word' id='word_1_234' title='bbox 784 3525 837 3578; x_wconf 94' lang='lat' dir='ltr'><strong>in</strong></span> <span class='ocrx_word' id='word_1_235' title='bbox 867 3525 1118 3582; x_wconf 85' lang='lat' dir='ltr'><strong>omnibus</strong></span> <span class='ocrx_word' id='word_1_236' title='bbox 1162 3526 1275 3584; x_wconf 84' lang='lat' dir='ltr'><strong>fere</strong></span> <span class='ocrx_word' id='word_1_237' title='bbox 1321 3545 1457 3586; x_wconf 84' lang='lat' dir='ltr'><strong>mss.</strong></span> <span class='ocrx_word' id='word_1_238' title='bbox 1486 3534 1890 3603; x_wconf 78' lang='lat' dir='ltr'><strong>exemplaribus</strong></span> <span class='ocrx_word' id='word_1_239' title='bbox 1936 3539 2130 3592; x_wconf 91' lang='lat' dir='ltr'><strong>harum</strong></span> 
     </span>
    </p>
   </div>
   <div class='ocr_carea' id='block_1_36' title="bbox 544 3614 2131 3697">
    <p class='ocr_par' dir='ltr' id='par_1_36' title="bbox 544 3614 2131 3697">
     <span class='ocr_line' id='line_1_36' title="bbox 544 3614 2131 3697; baseline 0.011 -28"><span class='ocrx_word' id='word_1_240' title='bbox 544 3614 917 3679; x_wconf 85' lang='lat' dir='ltr'><strong>honiiliarum,</strong></span> <span class='ocrx_word' id='word_1_241' title='bbox 969 3634 1090 3689; x_wconf 74' lang='lat' dir='ltr'><strong>qua:</strong></span> <span class='ocrx_word' id='word_1_242' title='bbox 1137 3621 1189 3675; x_wconf 93' lang='lat' dir='ltr'><strong>in</strong></span> <span class='ocrx_word' id='word_1_243' title='bbox 1231 3622 1607 3682; x_wconf 88' lang='lat' dir='ltr'><strong>celeberrimis</strong></span> <span class='ocrx_word' id='word_1_244' title='bbox 1656 3626 1886 3697; x_wconf 74' lang='lat' dir='ltr'><strong>Europae</strong></span> <span class='ocrx_word' id='word_1_245' title='bbox 1934 3629 2131 3686; x_wconf 85' lang='lat' dir='ltr'><strong>biblio-</strong></span> 
     </span>
    </p>
   </div>
   <div class='ocr_carea' id='block_1_37' title="bbox 544 3705 2130 3784">
    <p class='ocr_par' dir='ltr' id='par_1_37' title="bbox 544 3705 2130 3784">
     <span class='ocr_line' id='line_1_37' title="bbox 544 3705 2130 3784; baseline 0.013 -23"><span class='ocrx_word' id='word_1_246' title='bbox 544 3706 738 3770; x_wconf 67' lang='lat' dir='ltr'><strong>thecis,</strong></span> <span class='ocrx_word' id='word_1_247' title='bbox 783 3705 1067 3778; x_wconf 74' lang='lat' dir='ltr'><strong>Vaticana,</strong></span> <span class='ocrx_word' id='word_1_248' title='bbox 1105 3708 1473 3784; x_wconf 82' lang='lat' dir='ltr'><strong>Hispaniensi,</strong></span> <span class='ocrx_word' id='word_1_249' title='bbox 1507 3716 1912 3777; x_wconf 84' lang='lat' dir='ltr'><strong>Parisiensibus</strong></span> <span class='ocrx_word' id='word_1_250' title='bbox 1956 3725 2130 3781; x_wconf 86' lang='lat' dir='ltr'><strong>tribus</strong></span> 
     </span>
    </p>
   </div>
   <div class='ocr_carea' id='block_1_38' title="bbox 542 3805 2131 3881">
    <p class='ocr_par' dir='ltr' id='par_1_38' title="bbox 542 3805 2131 3881">
     <span class='ocr_line' id='line_1_38' title="bbox 542 3805 2131 3881; baseline 0.014 -31"><span class='ocrx_word' id='word_1_251' title='bbox 542 3808 919 3865; x_wconf 70' lang='lat' dir='ltr'><strong>asseruntur,</strong></span> <span class='ocrx_word' id='word_1_252' title='bbox 954 3816 1019 3857; x_wconf 77' lang='lat' dir='ltr'><strong>ex</strong></span> <span class='ocrx_word' id='word_1_253' title='bbox 1065 3805 1264 3874; x_wconf 85' lang='lat' dir='ltr'><strong>quibus</strong></span> <span class='ocrx_word' id='word_1_254' title='bbox 1313 3807 1397 3862; x_wconf 90' lang='lat' dir='ltr'><strong>vel</strong></span> <span class='ocrx_word' id='word_1_255' title='bbox 1449 3809 1691 3881; x_wconf 78' lang='lat' dir='ltr'><strong>integras</strong></span> <span class='ocrx_word' id='word_1_256' title='bbox 1743 3814 2013 3879; x_wconf 86' lang='lat' dir='ltr'><strong>homilias,</strong></span> <span class='ocrx_word' id='word_1_257' title='bbox 2050 3818 2131 3873; x_wconf 81' lang='lat' dir='ltr'><strong>vel</strong></span> 
     </span>
    </p>
   </div>
   <div class='ocr_carea' id='block_1_39' title="bbox 538 3889 2131 3977">
    <p class='ocr_par' dir='ltr' id='par_1_39' title="bbox 538 3889 2131 3977">
     <span class='ocr_line' id='line_1_39' title="bbox 538 3889 2131 3977; baseline 0.013 -35"><span class='ocrx_word' id='word_1_258' title='bbox 538 3902 731 3944; x_wconf 83' lang='lat' dir='ltr'><strong>carum</strong></span> <span class='ocrx_word' id='word_1_259' title='bbox 780 3889 1068 3948; x_wconf 87' lang='lat' dir='ltr'><strong>elenchum</strong></span> <span class='ocrx_word' id='word_1_260' title='bbox 1117 3900 1504 3968; x_wconf 84' lang='lat' dir='ltr'><strong>transcriptum</strong></span> <span class='ocrx_word' id='word_1_261' title='bbox 1550 3904 1879 3971; x_wconf 82' lang='lat' dir='ltr'><strong>amicorum,</strong></span> <span class='ocrx_word' id='word_1_262' title='bbox 1910 3909 2001 3977; x_wconf 89' lang='lat' dir='ltr'><strong>qui</strong></span> <span class='ocrx_word' id='word_1_263' title='bbox 2040 3907 2131 3962; x_wconf 84' lang='lat' dir='ltr'><strong>lit-</strong></span> 
     </span>
    </p>
   </div>
   <div class='ocr_carea' id='block_1_40' title="bbox 544 3980 2127 4066">
    <p class='ocr_par' dir='ltr' id='par_1_40' title="bbox 544 3980 2127 4066">
     <span class='ocr_line' id='line_1_40' title="bbox 544 3980 2127 4066; baseline 0.01 -32"><span class='ocrx_word' id='word_1_264' title='bbox 544 3980 676 4035; x_wconf 87' lang='lat' dir='ltr'><strong>teris</strong></span> <span class='ocrx_word' id='word_1_265' title='bbox 722 3990 779 4036; x_wconf 87' lang='lat' dir='ltr'><strong>et</strong></span> <span class='ocrx_word' id='word_1_266' title='bbox 821 3981 1076 4040; x_wconf 85' lang='lat' dir='ltr'><strong>litteratis</strong></span> <span class='ocrx_word' id='word_1_267' title='bbox 1129 3985 1371 4043; x_wconf 81' lang='lat' dir='ltr'><strong>fautores</strong></span> <span class='ocrx_word' id='word_1_268' title='bbox 1426 4004 1548 4045; x_wconf 80' lang='lat' dir='ltr'><strong>esse</strong></span> <span class='ocrx_word' id='word_1_269' title='bbox 1596 4007 1655 4048; x_wconf 89' lang='lat' dir='ltr'><strong>se</strong></span> <span class='ocrx_word' id='word_1_270' title='bbox 1701 3994 1929 4065; x_wconf 82' lang='lat' dir='ltr'><strong>professi</strong></span> <span class='ocrx_word' id='word_1_271' title='bbox 1979 4007 2127 4066; x_wconf 83' lang='lat' dir='ltr'><strong>sunt,</strong></span> 
     </span>
    </p>
   </div>
   <div class='ocr_carea' id='block_1_41' title="bbox 543 4074 2131 4157">
    <p class='ocr_par' dir='ltr' id='par_1_41' title="bbox 543 4074 2131 4157">
     <span class='ocr_line' id='line_1_41' title="bbox 543 4074 2131 4157; baseline 0.011 -32"><span class='ocrx_word' id='word_1_272' title='bbox 543 4086 710 4141; x_wconf 83' lang='lat' dir='ltr'><strong>opera</strong></span> <span class='ocrx_word' id='word_1_273' title='bbox 766 4074 1008 4131; x_wconf 80' lang='lat' dir='ltr'><strong>nancisci</strong></span> <span class='ocrx_word' id='word_1_274' title='bbox 1061 4078 1250 4147; x_wconf 67' lang='lat' dir='ltr'><strong>potui,</strong></span> <span class='ocrx_word' id='word_1_275' title='bbox 1310 4081 1499 4135; x_wconf 87' lang='lat' dir='ltr'><strong>titulus</strong></span> <span class='ocrx_word' id='word_1_276' title='bbox 1554 4085 1992 4157; x_wconf 78' lang='lat' dir='ltr'><strong>archiepiscopi,</strong></span> <span class='ocrx_word' id='word_1_277' title='bbox 2047 4090 2131 4143; x_wconf 73' lang='lat' dir='ltr'><strong>vel</strong></span> 
     </span>
    </p>
   </div>
   <div class='ocr_carea' id='block_1_42' title="bbox 540 4167 2128 4249">
    <p class='ocr_par' dir='ltr' id='par_1_42' title="bbox 540 4167 2128 4249">
     <span class='ocr_line' id='line_1_42' title="bbox 540 4167 2128 4249; baseline 0.011 -29"><span class='ocrx_word' id='word_1_278' title='bbox 540 4167 781 4222; x_wconf 83' lang='lat' dir='ltr'><strong>auctoris</strong></span> <span class='ocrx_word' id='word_1_279' title='bbox 811 4169 1012 4221; x_wconf 85' lang='lat' dir='ltr'><strong>nomini</strong></span> <span class='ocrx_word' id='word_1_280' title='bbox 1036 4170 1108 4225; x_wconf 85' lang='lat' dir='ltr'><strong>sit</strong></span> <span class='ocrx_word' id='word_1_281' title='bbox 1131 4176 1423 4242; x_wconf 79' lang='lat' dir='ltr'><strong>ascriptus,</strong></span> <span class='ocrx_word' id='word_1_282' title='bbox 1451 4176 1539 4231; x_wconf 90' lang='lat' dir='ltr'><strong>ubi</strong></span> <span class='ocrx_word' id='word_1_283' title='bbox 1568 4181 1884 4235; x_wconf 86' lang='lat' dir='ltr'><strong>nominatur</strong></span> <span class='ocrx_word' id='word_1_284' title='bbox 1914 4191 2128 4249; x_wconf 83' lang='lat' dir='ltr'><strong>auctor,</strong></span> 
     </span>
    </p>
   </div>
   <div class='ocr_carea' id='block_1_43' title="bbox 539 4256 2133 4341">
    <p class='ocr_par' dir='ltr' id='par_1_43' title="bbox 539 4256 2133 4341">
     <span class='ocr_line' id='line_1_43' title="bbox 539 4256 2133 4341; baseline 0.016 -34"><span class='ocrx_word' id='word_1_285' title='bbox 539 4256 623 4311; x_wconf 82' lang='lat' dir='ltr'><strong>vel</strong></span> <span class='ocrx_word' id='word_1_286' title='bbox 651 4258 827 4313; x_wconf 90' lang='lat' dir='ltr'><strong>solum</strong></span> <span class='ocrx_word' id='word_1_287' title='bbox 857 4258 911 4314; x_wconf 88' lang='lat' dir='ltr'><strong>in</strong></span> <span class='ocrx_word' id='word_1_288' title='bbox 938 4261 1159 4330; x_wconf 77' lang='lat' dir='ltr'><strong>scriptis</strong></span> <span class='ocrx_word' id='word_1_289' title='bbox 1184 4276 1378 4321; x_wconf 86' lang='lat' dir='ltr'><strong>auctor</strong></span> <span class='ocrx_word' id='word_1_290' title='bbox 1405 4270 1805 4341; x_wconf 85' lang='lat' dir='ltr'><strong>archiepiscopi</strong></span> <span class='ocrx_word' id='word_1_291' title='bbox 1830 4271 2133 4331; x_wconf 86' lang='lat' dir='ltr'><strong>Taurome-</strong></span> 
     </span>
    </p>
   </div>
   <div class='ocr_carea' id='block_1_44' title="bbox 540 4350 2129 4430">
    <p class='ocr_par' dir='ltr' id='par_1_44' title="bbox 540 4350 2129 4430">
     <span class='ocr_line' id='line_1_44' title="bbox 540 4350 2129 4430; baseline 0.013 -29"><span class='ocrx_word' id='word_1_292' title='bbox 540 4350 714 4404; x_wconf 80' lang='lat' dir='ltr'><strong>nitani</strong></span> <span class='ocrx_word' id='word_1_293' title='bbox 762 4352 1143 4421; x_wconf 83' lang='lat' dir='ltr'><strong>appellatione,</strong></span> <span class='ocrx_word' id='word_1_294' title='bbox 1170 4354 1224 4409; x_wconf 89' lang='lat' dir='ltr'><strong>in</strong></span> <span class='ocrx_word' id='word_1_295' title='bbox 1256 4373 1363 4426; x_wconf 90' lang='lat' dir='ltr'><strong>quo</strong></span> <span class='ocrx_word' id='word_1_296' title='bbox 1393 4362 1572 4415; x_wconf 88' lang='lat' dir='ltr'><strong>omnia</strong></span> <span class='ocrx_word' id='word_1_297' title='bbox 1601 4364 1978 4430; x_wconf 87' lang='lat' dir='ltr'><strong>consentiunt,</strong></span> <span class='ocrx_word' id='word_1_298' title='bbox 2007 4381 2129 4421; x_wconf 88' lang='lat' dir='ltr'><strong>cum</strong></span> 
     </span>
    </p>
   </div>
   <div class='ocr_carea' id='block_1_45' title="bbox 542 4441 2131 4521">
    <p class='ocr_par' dir='ltr' id='par_1_45' title="bbox 542 4441 2131 4521">
     <span class='ocr_line' id='line_1_45' title="bbox 542 4441 2131 4521; baseline 0.014 -27"><span class='ocrx_word' id='word_1_299' title='bbox 542 4441 599 4494; x_wconf 90' lang='lat' dir='ltr'><strong>in</strong></span> <span class='ocrx_word' id='word_1_300' title='bbox 641 4442 862 4498; x_wconf 87' lang='lat' dir='ltr'><strong>nomine</strong></span> <span class='ocrx_word' id='word_1_301' title='bbox 908 4443 1222 4517; x_wconf 80' lang='lat' dir='ltr'><strong>discrepent</strong></span> <span class='ocrx_word' id='word_1_302' title='bbox 1262 4447 1351 4519; x_wconf 89' lang='lat' dir='ltr'><strong>(de</strong></span> <span class='ocrx_word' id='word_1_303' title='bbox 1382 4465 1491 4521; x_wconf 90' lang='lat' dir='ltr'><strong>quo</strong></span> <span class='ocrx_word' id='word_1_304' title='bbox 1520 4454 1699 4509; x_wconf 88' lang='lat' dir='ltr'><strong>dicam</strong></span> <span class='ocrx_word' id='word_1_305' title='bbox 1740 4454 2014 4513; x_wconf 79' lang='lat' dir='ltr'><strong>Procemio</strong></span> <span class='ocrx_word' id='word_1_306' title='bbox 2045 4474 2131 4516; x_wconf 83' lang='lat' dir='ltr'><strong>se-</strong></span> 
     </span>
    </p>
   </div>
   <div class='ocr_carea' id='block_1_46' title="bbox 538 4534 2126 4620">
    <p class='ocr_par' dir='ltr' id='par_1_46' title="bbox 538 4534 2126 4620">
     <span class='ocr_line' id='line_1_46' title="bbox 538 4534 2126 4620; baseline 0.014 -34"><span class='ocrx_word' id='word_1_307' title='bbox 538 4534 772 4603; x_wconf 88' lang='lat' dir='ltr'><strong>quenti),</strong></span> <span class='ocrx_word' id='word_1_308' title='bbox 814 4552 918 4591; x_wconf 84' lang='lat' dir='ltr'><strong>non</strong></span> <span class='ocrx_word' id='word_1_309' title='bbox 956 4546 1163 4596; x_wconf 86' lang='lat' dir='ltr'><strong>temere</strong></span> <span class='ocrx_word' id='word_1_310' title='bbox 1205 4542 1420 4598; x_wconf 87' lang='lat' dir='ltr'><strong>videtur</strong></span> <span class='ocrx_word' id='word_1_311' title='bbox 1470 4545 1577 4602; x_wconf 85' lang='lat' dir='ltr'><strong>illis</strong></span> <span class='ocrx_word' id='word_1_312' title='bbox 1605 4549 1914 4620; x_wconf 81' lang='lat' dir='ltr'><strong>abroganda</strong></span> <span class='ocrx_word' id='word_1_313' title='bbox 1960 4553 2126 4620; x_wconf 80' lang='lat' dir='ltr'><strong>fides;</strong></span> 
     </span>
    </p>
   </div>
   <div class='ocr_carea' id='block_1_47' title="bbox 539 4625 2127 4702">
    <p class='ocr_par' dir='ltr' id='par_1_47' title="bbox 539 4625 2127 4702">
     <span class='ocr_line' id='line_1_47' title="bbox 539 4625 2127 4702; baseline 0.014 -23"><span class='ocrx_word' id='word_1_314' title='bbox 539 4625 777 4694; x_wconf 83' lang='lat' dir='ltr'><strong>alioquin</strong></span> <span class='ocrx_word' id='word_1_315' title='bbox 804 4630 968 4683; x_wconf 82' lang='lat' dir='ltr'><strong>etiam</strong></span> <span class='ocrx_word' id='word_1_316' title='bbox 998 4634 1181 4688; x_wconf 84' lang='lat' dir='ltr'><strong>omnis</strong></span> <span class='ocrx_word' id='word_1_317' title='bbox 1212 4629 1345 4690; x_wconf 82' lang='lat' dir='ltr'><strong>iides</strong></span> <span class='ocrx_word' id='word_1_318' title='bbox 1370 4646 1619 4693; x_wconf 77' lang='lat' dir='ltr'><strong>veterum</strong></span> <span class='ocrx_word' id='word_1_319' title='bbox 1652 4654 2127 4702; x_wconf 87' lang='lat' dir='ltr'><strong>monumentorum</strong></span> 
     </span>
    </p>
   </div>
   <div class='ocr_carea' id='block_1_48' title="bbox 540 4720 2126 4806">
    <p class='ocr_par' dir='ltr' id='par_1_48' title="bbox 540 4720 2126 4806">
     <span class='ocr_line' id='line_1_48' title="bbox 540 4720 2126 4806; baseline 0.015 -32"><span class='ocrx_word' id='word_1_320' title='bbox 540 4720 808 4787; x_wconf 86' lang='lat' dir='ltr'><strong>intereat,</strong></span> <span class='ocrx_word' id='word_1_321' title='bbox 871 4738 994 4778; x_wconf 89' lang='lat' dir='ltr'><strong>cum</strong></span> <span class='ocrx_word' id='word_1_322' title='bbox 1060 4736 1237 4783; x_wconf 86' lang='lat' dir='ltr'><strong>tamen</strong></span> <span class='ocrx_word' id='word_1_323' title='bbox 1296 4729 1596 4787; x_wconf 87' lang='lat' dir='ltr'><strong>doctissimi</strong></span> <span class='ocrx_word' id='word_1_324' title='bbox 1647 4736 1948 4806; x_wconf 84' lang='lat' dir='ltr'><strong>scriptores</strong></span> <span class='ocrx_word' id='word_1_325' title='bbox 2006 4756 2126 4798; x_wconf 86' lang='lat' dir='ltr'><strong>eam</strong></span> 
     </span>
    </p>
   </div>
   <div class='ocr_carea' id='block_1_49' title="bbox 539 4810 2127 4897">
    <p class='ocr_par' dir='ltr' id='par_1_49' title="bbox 539 4810 2127 4897">
     <span class='ocr_line' id='line_1_49' title="bbox 539 4810 2127 4897; baseline 0.016 -32"><span class='ocrx_word' id='word_1_326' title='bbox 539 4810 742 4866; x_wconf 81' lang='lat' dir='ltr'><strong>salvam</strong></span> <span class='ocrx_word' id='word_1_327' title='bbox 792 4826 854 4867; x_wconf 87' lang='lat' dir='ltr'><strong>ac</strong></span> <span class='ocrx_word' id='word_1_328' title='bbox 902 4814 1116 4869; x_wconf 76' lang='lat' dir='ltr'><strong>ﬁrmam</strong></span> <span class='ocrx_word' id='word_1_329' title='bbox 1168 4834 1289 4875; x_wconf 85' lang='lat' dir='ltr'><strong>esse</strong></span> <span class='ocrx_word' id='word_1_330' title='bbox 1338 4822 1637 4891; x_wconf 85' lang='lat' dir='ltr'><strong>voluerint,</strong></span> <span class='ocrx_word' id='word_1_331' title='bbox 1688 4829 1779 4897; x_wconf 88' lang='lat' dir='ltr'><strong>qui</strong></span> <span class='ocrx_word' id='word_1_332' title='bbox 1828 4830 1881 4883; x_wconf 91' lang='lat' dir='ltr'><strong>in</strong></span> <span class='ocrx_word' id='word_1_333' title='bbox 1932 4849 2127 4890; x_wconf 89' lang='lat' dir='ltr'><strong>monu-</strong></span> 
     </span>
    </p>
   </div>
   <div class='ocr_carea' id='block_1_50' title="bbox 538 4903 2127 4995">
    <p class='ocr_par' dir='ltr' id='par_1_50' title="bbox 538 4903 2127 4995">
     <span class='ocr_line' id='line_1_50' title="bbox 538 4903 2127 4995; baseline 0.018 -41"><span class='ocrx_word' id='word_1_334' title='bbox 538 4903 737 4957; x_wconf 89' lang='lat' dir='ltr'><strong>mentis</strong></span> <span class='ocrx_word' id='word_1_335' title='bbox 767 4904 882 4995; x_wconf 52' lang='grc' dir='ltr'><strong>θυῖε</strong></span> <span class='ocrx_word' id='word_1_336' title='bbox 918 4909 1133 4963; x_wconf 80' lang='lat' dir='ltr'><strong>excusis</strong></span> <span class='ocrx_word' id='word_1_337' title='bbox 1166 4909 1315 4964; x_wconf 89' lang='lat' dir='ltr'><strong>illum</strong></span> <span class='ocrx_word' id='word_1_338' title='bbox 1342 4914 1739 4988; x_wconf 82' lang='lat' dir='ltr'><strong>archiepiscopi</strong></span> <span class='ocrx_word' id='word_1_339' title='bbox 1776 4921 1986 4977; x_wconf 87' lang='lat' dir='ltr'><strong>titulum</strong></span> <span class='ocrx_word' id='word_1_340' title='bbox 2017 4942 2127 4982; x_wconf 91' lang='lat' dir='ltr'><strong>non</strong></span> 
     </span>
    </p>
   </div>
   <div class='ocr_carea' id='block_1_51' title="bbox 538 4994 2125 5087">
    <p class='ocr_par' dir='ltr' id='par_1_51' title="bbox 538 4994 2125 5087">
     <span class='ocr_line' id='line_1_51' title="bbox 538 4994 2125 5087; baseline 0.018 -41"><span class='ocrx_word' id='word_1_341' title='bbox 538 4994 644 5046; x_wconf 89' lang='lat' dir='ltr'><strong>alia</strong></span> <span class='ocrx_word' id='word_1_342' title='bbox 691 4994 857 5063; x_wconf 87' lang='lat' dir='ltr'><strong>quam</strong></span> <span class='ocrx_word' id='word_1_343' title='bbox 902 5012 969 5052; x_wconf 77' lang='lat' dir='ltr'><strong>ex</strong></span> <span class='ocrx_word' id='word_1_344' title='bbox 1017 5014 1149 5055; x_wconf 86' lang='lat' dir='ltr'><strong>mss.</strong></span> <span class='ocrx_word' id='word_1_345' title='bbox 1197 5001 1305 5059; x_wconf 74' lang='lat' dir='ltr'><strong>fide</strong></span> <span class='ocrx_word' id='word_1_346' title='bbox 1357 5013 1413 5061; x_wconf 86' lang='lat' dir='ltr'><strong>et</strong></span> <span class='ocrx_word' id='word_1_347' title='bbox 1460 5010 1784 5067; x_wconf 81' lang='lat' dir='ltr'><strong>auctoritate</strong></span> <span class='ocrx_word' id='word_1_348' title='bbox 1844 5024 2125 5087; x_wconf 86' lang='lat' dir='ltr'><strong>acceptum</strong></span> 
     </span>
    </p>
   </div>
   <div class='ocr_carea' id='block_1_52' title="bbox 539 5084 2129 5170">
    <p class='ocr_par' dir='ltr' id='par_1_52' title="bbox 539 5084 2129 5170">
     <span class='ocr_line' id='line_1_52' title="bbox 539 5084 2129 5170; baseline 0.019 -34"><span class='ocrx_word' id='word_1_349' title='bbox 539 5084 827 5140; x_wconf 83' lang='lat' dir='ltr'><strong>ediderunt</strong></span> <span class='ocrx_word' id='word_1_350' title='bbox 872 5105 889 5142; x_wconf 86' lang='lat'><strong>:</strong></span> <span class='ocrx_word' id='word_1_351' title='bbox 938 5090 1235 5148; x_wconf 82' lang='lat' dir='ltr'><strong>cardinalis</strong></span> <span class='ocrx_word' id='word_1_352' title='bbox 1279 5093 1546 5155; x_wconf 85' lang='lat' dir='ltr'><strong>Baronius</strong></span> <span class='ocrx_word' id='word_1_353' title='bbox 1592 5109 1727 5157; x_wconf 90' lang='lat' dir='ltr'><strong>tom.</strong></span> <span class='ocrx_word' id='word_1_354' title='bbox 1768 5101 1859 5170; x_wconf 74' lang='lat' dir='ltr'><strong>lx,</strong></span> <span class='ocrx_word' id='word_1_355' title='bbox 1889 5084 2129 5166; x_wconf 80' lang='lat' dir='ltr'><strong>Jacobus</strong></span> 
     </span>
    </p>
   </div>
   <div class='ocr_carea' id='block_1_53' title="bbox 538 5173 2127 5259">
    <p class='ocr_par' dir='ltr' id='par_1_53' title="bbox 538 5173 2127 5259">
     <span class='ocr_line' id='line_1_53' title="bbox 538 5173 2127 5259; baseline 0.017 -29"><span class='ocrx_word' id='word_1_356' title='bbox 538 5173 829 5235; x_wconf 88' lang='lat' dir='ltr'><strong>Gretserus</strong></span> <span class='ocrx_word' id='word_1_357' title='bbox 893 5188 1024 5235; x_wconf 90' lang='lat' dir='ltr'><strong>tom.</strong></span> <span class='ocrx_word' id='word_1_358' title='bbox 1058 5178 1099 5236; x_wconf 93' lang='lat' dir='ltr'><strong>ll</strong></span> <span class='ocrx_word' id='word_1_359' title='bbox 1136 5182 1212 5239; x_wconf 74' lang='lat' dir='ltr'><strong>De</strong></span> <span class='ocrx_word' id='word_1_360' title='bbox 1238 5201 1425 5255; x_wconf 79' lang='lat' dir='ltr'><strong>cruce;</strong></span> <span class='ocrx_word' id='word_1_361' title='bbox 1465 5189 1792 5251; x_wconf 86' lang='lat' dir='ltr'><strong>Franciscus</strong></span> <span class='ocrx_word' id='word_1_362' title='bbox 1825 5195 2127 5259; x_wconf 84' lang='lat' dir='ltr'><strong>Turrianus</strong></span> 
     </span>
    </p>
   </div>
   <div class='ocr_carea' id='block_1_54' title="bbox 538 5268 2122 5364">
    <p class='ocr_par' dir='ltr' id='par_1_54' title="bbox 538 5268 2122 5364">
     <span class='ocr_line' id='line_1_54' title="bbox 538 5268 2122 5364; baseline 0.018 -40"><span class='ocrx_word' id='word_1_363' title='bbox 538 5268 632 5325; x_wconf 88' lang='lat' dir='ltr'><strong>lib.</strong></span> <span class='ocrx_word' id='word_1_364' title='bbox 652 5272 833 5325; x_wconf 72' lang='lat' dir='ltr'><strong>contra</strong></span> <span class='ocrx_word' id='word_1_365' title='bbox 853 5270 1326 5346; x_wconf 76' lang='lat' dir='ltr'><strong>Hagdcburgeuses</strong></span> <span class='ocrx_word' id='word_1_366' title='bbox 1343 5280 1529 5341; x_wconf 70' lang='lat' dir='ltr'><strong>lateret.</strong></span> <span class='ocrx_word' id='word_1_367' title='bbox 1551 5302 1645 5354; x_wconf 84' lang='lat' dir='ltr'><strong>pro</strong></span> <span class='ocrx_word' id='word_1_368' title='bbox 1660 5304 1851 5346; x_wconf 86' lang='lat' dir='ltr'><strong>canon.</strong></span> <span class='ocrx_word' id='word_1_369' title='bbox 1871 5297 2122 5364; x_wconf 77' lang='lat' dir='ltr'><strong>apostol.,</strong></span> 
     </span>
    </p>
   </div>
   <div class='ocr_carea' id='block_1_55' title="bbox 536 5367 2121 5456">
    <p class='ocr_par' dir='ltr' id='par_1_55' title="bbox 536 5367 2121 5456">
     <span class='ocr_line' id='line_1_55' title="bbox 536 5367 2121 5456; baseline 0.019 -37"><span class='ocrx_word' id='word_1_370' title='bbox 536 5380 659 5436; x_wconf 86' lang='lat' dir='ltr'><strong>cap.</strong></span> <span class='ocrx_word' id='word_1_371' title='bbox 704 5368 769 5435; x_wconf 69' lang='grc' dir='ltr'><strong>ὃς</strong></span> <span class='ocrx_word' id='word_1_372' title='bbox 822 5367 1092 5428; x_wconf 81' lang='lat' dir='ltr'><strong>Antonius</strong></span> <span class='ocrx_word' id='word_1_373' title='bbox 1143 5371 1475 5435; x_wconf 84' lang='lat' dir='ltr'><strong>Possevinos</strong></span> <span class='ocrx_word' id='word_1_374' title='bbox 1509 5382 1561 5436; x_wconf 92' lang='lat' dir='ltr'><strong>in</strong></span> <span class='ocrx_word' id='word_1_375' title='bbox 1604 5380 1903 5456; x_wconf 78' lang='lat' dir='ltr'><strong>Apparatu,</strong></span> <span class='ocrx_word' id='word_1_376' title='bbox 1938 5402 1994 5447; x_wconf 91' lang='lat' dir='ltr'><strong>et</strong></span> <span class='ocrx_word' id='word_1_377' title='bbox 2033 5395 2121 5450; x_wconf 88' lang='lat' dir='ltr'><strong>alii</strong></span> 
     </span>
    </p>
   </div>
   <div class='ocr_carea' id='block_1_56' title="bbox 534 5464 2126 5542">
    <p class='ocr_par' dir='ltr' id='par_1_56' title="bbox 534 5464 2126 5542">
     <span class='ocr_line' id='line_1_56' title="bbox 534 5464 2126 5542; baseline 0.02 -31"><span class='ocrx_word' id='word_1_378' title='bbox 534 5472 765 5528; x_wconf 87' lang='lat' dir='ltr'><strong>quorum</strong></span> <span class='ocrx_word' id='word_1_379' title='bbox 796 5464 1108 5520; x_wconf 86' lang='lat' dir='ltr'><strong>testimonia</strong></span> <span class='ocrx_word' id='word_1_380' title='bbox 1139 5470 1468 5528; x_wconf 88' lang='lat' dir='ltr'><strong>contulimus</strong></span> <span class='ocrx_word' id='word_1_381' title='bbox 1494 5472 1549 5528; x_wconf 88' lang='lat' dir='ltr'><strong>in</strong></span> <span class='ocrx_word' id='word_1_382' title='bbox 1576 5476 1684 5534; x_wconf 84' lang='lat' dir='ltr'><strong>line</strong></span> <span class='ocrx_word' id='word_1_383' title='bbox 1716 5480 1909 5537; x_wconf 90' lang='lat' dir='ltr'><strong>horum</strong></span> <span class='ocrx_word' id='word_1_384' title='bbox 1940 5483 2126 5542; x_wconf 74' lang='lat' dir='ltr'><strong>Prom-</strong></span> 
     </span>
    </p>
   </div>
   <div class='ocr_carea' id='block_1_57' title="bbox 536 5552 2125 5638">
    <p class='ocr_par' dir='ltr' id='par_1_57' title="bbox 536 5552 2125 5638">
     <span class='ocr_line' id='line_1_57' title="bbox 536 5552 2125 5638; baseline 0.019 -31"><span class='ocrx_word' id='word_1_385' title='bbox 536 5552 789 5608; x_wconf 85' lang='lat' dir='ltr'><strong>miorom.</strong></span> <span class='ocrx_word' id='word_1_386' title='bbox 826 5554 924 5612; x_wconf 81' lang='lat' dir='ltr'><strong>Est</strong></span> <span class='ocrx_word' id='word_1_387' title='bbox 955 5558 1123 5629; x_wconf 75' lang='lat' dir='ltr'><strong>igitur</strong></span> <span class='ocrx_word' id='word_1_388' title='bbox 1149 5564 1439 5622; x_wconf 84' lang='lat' dir='ltr'><strong>asserenda</strong></span> <span class='ocrx_word' id='word_1_389' title='bbox 1471 5569 1654 5638; x_wconf 83' lang='lat' dir='ltr'><strong>potius</strong></span> <span class='ocrx_word' id='word_1_390' title='bbox 1684 5572 1797 5631; x_wconf 73' lang='lat' dir='ltr'><strong>lia-c</strong></span> <span class='ocrx_word' id='word_1_391' title='bbox 1826 5575 2125 5637; x_wconf 86' lang='lat' dir='ltr'><strong>Taurome-</strong></span> 
     </span>
    </p>
   </div>
   <div class='ocr_carea' id='block_1_58' title="bbox 536 5643 2124 5740">
    <p class='ocr_par' dir='ltr' id='par_1_58' title="bbox 536 5643 2124 5740">
     <span class='ocr_line' id='line_1_58' title="bbox 536 5643 2124 5740; baseline 0.02 -42"><span class='ocrx_word' id='word_1_392' title='bbox 536 5643 736 5702; x_wconf 61' lang='lat' dir='ltr'><strong>nitana</strong></span> <span class='ocrx_word' id='word_1_393' title='bbox 764 5647 1018 5707; x_wconf 60' lang='lat' dir='ltr'><strong>Ecclesia;</strong></span> <span class='ocrx_word' id='word_1_394' title='bbox 1066 5652 1328 5723; x_wconf 73' lang='lat' dir='ltr'><strong>dignitas,</strong></span> <span class='ocrx_word' id='word_1_395' title='bbox 1362 5673 1485 5727; x_wconf 68' lang='lat' dir='ltr'><strong>qua:</strong></span> <span class='ocrx_word' id='word_1_396' title='bbox 1524 5664 1661 5722; x_wconf 86' lang='lat' dir='ltr'><strong>satis</strong></span> <span class='ocrx_word' id='word_1_397' title='bbox 1693 5668 1870 5737; x_wconf 87' lang='lat' dir='ltr'><strong>ampla</strong></span> <span class='ocrx_word' id='word_1_398' title='bbox 1906 5682 2009 5740; x_wconf 89' lang='lat' dir='ltr'><strong>est,</strong></span> <span class='ocrx_word' id='word_1_399' title='bbox 2040 5686 2124 5729; x_wconf 87' lang='lat' dir='ltr'><strong>iit-</strong></span> 
     </span>
    </p>
   </div>
   <div class='ocr_carea' id='block_1_59' title="bbox 533 5743 2123 5834">
    <p class='ocr_par' dir='ltr' id='par_1_59' title="bbox 533 5743 2123 5834">
     <span class='ocr_line' id='line_1_59' title="bbox 533 5743 2123 5834; baseline 0.02 -41"><span class='ocrx_word' id='word_1_400' title='bbox 533 5743 775 5834; x_wconf 9' lang='lat' dir='ltr'><strong>potcrab</strong></span> <span class='ocrx_word' id='word_1_401' title='bbox 822 5744 940 5813; x_wconf 86' lang='lat' dir='ltr'><strong>ipso</strong></span> <span class='ocrx_word' id='word_1_402' title='bbox 988 5744 1045 5800; x_wconf 89' lang='lat' dir='ltr'><strong>S.</strong></span> <span class='ocrx_word' id='word_1_403' title='bbox 1092 5745 1253 5804; x_wconf 88' lang='lat' dir='ltr'><strong>Petro</strong></span> <span class='ocrx_word' id='word_1_404' title='bbox 1303 5756 1624 5824; x_wconf 88' lang='lat' dir='ltr'><strong>constituta,</strong></span> <span class='ocrx_word' id='word_1_405' title='bbox 1671 5770 1729 5816; x_wconf 88' lang='lat' dir='ltr'><strong>ut</strong></span> <span class='ocrx_word' id='word_1_406' title='bbox 1774 5761 1803 5834; x_wconf 71' lang='grc' dir='ltr'>ς</span> <span class='ocrx_word' id='word_1_407' title='bbox 1851 5762 1893 5818; x_wconf 92' lang='lat' dir='ltr'><strong>ll</strong></span> <span class='ocrx_word' id='word_1_408' title='bbox 1943 5766 2123 5824; x_wconf 86' lang='lat' dir='ltr'><strong>disse-</strong></span> 
     </span>
    </p>
   </div>
   <div class='ocr_carea' id='block_1_60' title="bbox 533 5829 2116 5924">
    <p class='ocr_par' dir='ltr' id='par_1_60' title="bbox 533 5829 2116 5924">
     <span class='ocr_line' id='line_1_60' title="bbox 533 5829 2116 5924; baseline 0.02 -38"><span class='ocrx_word' id='word_1_409' title='bbox 533 5829 763 5901; x_wconf 80' lang='lat' dir='ltr'><strong>ruimus,</strong></span> <span class='ocrx_word' id='word_1_410' title='bbox 798 5842 852 5891; x_wconf 88' lang='lat' dir='ltr'><strong>et</strong></span> <span class='ocrx_word' id='word_1_411' title='bbox 883 5851 911 5889; x_wconf 74' lang='grc' dir='ltr'><strong><em>ι</em></strong></span> <span class='ocrx_word' id='word_1_412' title='bbox 944 5852 1030 5892; x_wconf 85' lang='lat' dir='ltr'><strong>me</strong></span> <span class='ocrx_word' id='word_1_413' title='bbox 1060 5851 1181 5909; x_wconf 69' lang='lat' dir='ltr'><strong>quae</strong></span> <span class='ocrx_word' id='word_1_414' title='bbox 1213 5856 1332 5898; x_wconf 88' lang='lat' dir='ltr'><strong>mea</strong></span> <span class='ocrx_word' id='word_1_415' title='bbox 1368 5859 1495 5917; x_wconf 83' lang='lat' dir='ltr'><strong>pars</strong></span> <span class='ocrx_word' id='word_1_416' title='bbox 1533 5850 1707 5911; x_wconf 81' lang='lat' dir='ltr'><strong>virilis</strong></span> <span class='ocrx_word' id='word_1_417' title='bbox 1740 5829 1845 5924; x_wconf 74' lang='lat' dir='ltr'><strong>est,</strong></span> <span class='ocrx_word' id='word_1_418' title='bbox 1876 5857 1943 5914; x_wconf 80' lang='lat' dir='ltr'><strong>ab</strong></span> <span class='ocrx_word' id='word_1_419' title='bbox 1968 5861 2116 5917; x_wconf 84' lang='lat' dir='ltr'><strong>omni</strong></span> 
     </span>
    </p>
   </div>
   <div class='ocr_carea' id='block_1_61' title="bbox 2254 483 3816 558">
    <p class='ocr_par' dir='ltr' id='par_1_61' title="bbox 2254 483 3816 558">
     <span class='ocr_line' id='line_1_61' title="bbox 2254 483 3816 558; baseline -0.001 -19"><span class='ocrx_word' id='word_1_420' title='bbox 2254 486 2361 541; x_wconf 89' lang='lat' dir='ltr'><strong>erit</strong></span> <span class='ocrx_word' id='word_1_421' title='bbox 2407 486 2714 558; x_wconf 86' lang='lat' dir='ltr'><strong>subreptitii</strong></span> <span class='ocrx_word' id='word_1_422' title='bbox 2768 486 2906 542; x_wconf 81' lang='lat' dir='ltr'><strong>tituli</strong></span> <span class='ocrx_word' id='word_1_423' title='bbox 2957 496 3078 540; x_wconf 79' lang='lat' dir='ltr'><strong>uota</strong></span> <span class='ocrx_word' id='word_1_424' title='bbox 3110 495 3161 538; x_wconf 86' lang='lat' dir='ltr'><strong>et</strong></span> <span class='ocrx_word' id='word_1_425' title='bbox 3196 483 3513 555; x_wconf 35' lang='lat' dir='ltr'><strong>:irrogaittie</strong></span> <span class='ocrx_word' id='word_1_426' title='bbox 3566 484 3816 538; x_wconf 76' lang='lat' dir='ltr'><strong>talitmnia</strong></span> 
     </span>
    </p>
   </div>
   <div class='ocr_carea' id='block_1_62' title="bbox 2252 578 3814 646">
    <p class='ocr_par' dir='ltr' id='par_1_62' title="bbox 2252 578 3814 646">
     <span class='ocr_line' id='line_1_62' title="bbox 2252 578 3814 646; baseline 0.001 -16"><span class='ocrx_word' id='word_1_427' title='bbox 2252 579 2597 635; x_wconf 83' lang='lat' dir='ltr'><strong>vindicanda.</strong></span> <span class='ocrx_word' id='word_1_428' title='bbox 2626 579 2774 635; x_wconf 84' lang='lat' dir='ltr'><strong>Hane.</strong></span> <span class='ocrx_word' id='word_1_429' title='bbox 2803 582 2946 634; x_wconf 89' lang='lat' dir='ltr'><strong>enim</strong></span> <span class='ocrx_word' id='word_1_430' title='bbox 2975 592 3153 633; x_wconf 88' lang='lat' dir='ltr'><strong>notam</strong></span> <span class='ocrx_word' id='word_1_431' title='bbox 3184 579 3503 646; x_wconf 79' lang='lat' dir='ltr'><strong>impressam</strong></span> <span class='ocrx_word' id='word_1_432' title='bbox 3530 593 3623 632; x_wconf 88' lang='lat' dir='ltr'><strong>seti</strong></span> <span class='ocrx_word' id='word_1_433' title='bbox 3655 578 3814 643; x_wconf 82' lang='lat' dir='ltr'><strong>potius</strong></span> 
     </span>
    </p>
   </div>
   <div class='ocr_carea' id='block_1_63' title="bbox 2253 669 3816 727">
    <p class='ocr_par' dir='ltr' id='par_1_63' title="bbox 2253 669 3816 727">
     <span class='ocr_line' id='line_1_63' title="bbox 2253 669 3816 727; baseline -0.001 -4"><span class='ocrx_word' id='word_1_434' title='bbox 2253 669 2485 724; x_wconf 81' lang='lat' dir='ltr'><strong>inustam</strong></span> <span class='ocrx_word' id='word_1_435' title='bbox 2523 672 2593 724; x_wconf 90' lang='lat' dir='ltr'><strong>illi</strong></span> <span class='ocrx_word' id='word_1_436' title='bbox 2628 674 2786 727; x_wconf 84' lang='lat' dir='ltr'><strong>video</strong></span> <span class='ocrx_word' id='word_1_437' title='bbox 2830 678 2880 725; x_wconf 90' lang='lat' dir='ltr'><strong>in</strong></span> <span class='ocrx_word' id='word_1_438' title='bbox 2929 671 3124 725; x_wconf 78' lang='lat' dir='ltr'><strong>Notiiin</strong></span> <span class='ocrx_word' id='word_1_439' title='bbox 3176 671 3431 726; x_wconf 69' lang='lat' dir='ltr'><strong>Ecilesize</strong></span> <span class='ocrx_word' id='word_1_440' title='bbox 3475 669 3816 725; x_wconf 86' lang='lat' dir='ltr'><strong>Tauromeni-</strong></span> 
     </span>
    </p>
   </div>
   <div class='ocr_carea' id='block_1_64' title="bbox 2253 763 3813 831">
    <p class='ocr_par' dir='ltr' id='par_1_64' title="bbox 2253 763 3813 831">
     <span class='ocr_line' id='line_1_64' title="bbox 2253 763 3813 831; baseline -0.001 -16"><span class='ocrx_word' id='word_1_441' title='bbox 2253 769 2411 827; x_wconf 71' lang='lat' dir='ltr'><strong>tanm,</strong></span> <span class='ocrx_word' id='word_1_442' title='bbox 2461 781 2620 831; x_wconf 78' lang='lat' dir='ltr'><strong>quarti</strong></span> <span class='ocrx_word' id='word_1_443' title='bbox 2673 766 2841 819; x_wconf 90' lang='lat' dir='ltr'><strong>edidit</strong></span> <span class='ocrx_word' id='word_1_444' title='bbox 2893 776 3021 819; x_wconf 90' lang='lat' dir='ltr'><strong>tom.</strong></span> <span class='ocrx_word' id='word_1_445' title='bbox 3074 764 3114 818; x_wconf 91' lang='lat' dir='ltr'><strong>ll</strong></span> <span class='ocrx_word' id='word_1_446' title='bbox 3166 766 3311 818; x_wconf 81' lang='lat' dir='ltr'><strong>doni.</strong></span> <span class='ocrx_word' id='word_1_447' title='bbox 3370 764 3617 819; x_wconf 74' lang='lat' dir='ltr'><strong>ltocchns</strong></span> <span class='ocrx_word' id='word_1_448' title='bbox 3668 763 3813 828; x_wconf 85' lang='lat' dir='ltr'><strong>Pirri,</strong></span> 
     </span>
    </p>
   </div>
   <div class='ocr_carea' id='block_1_65' title="bbox 2250 856 3813 924">
    <p class='ocr_par' dir='ltr' id='par_1_65' title="bbox 2250 856 3813 924">
     <span class='ocr_line' id='line_1_65' title="bbox 2250 856 3813 924; baseline 0.004 -18"><span class='ocrx_word' id='word_1_449' title='bbox 2250 858 2419 909; x_wconf 61' lang='lat' dir='ltr'><strong>albas</strong></span> <span class='ocrx_word' id='word_1_450' title='bbox 2441 856 2683 924; x_wconf 69' lang='lat' dir='ltr'><strong>thinus,</strong></span> <span class='ocrx_word' id='word_1_451' title='bbox 2710 859 2773 914; x_wconf 89' lang='lat' dir='ltr'><strong>de</strong></span> <span class='ocrx_word' id='word_1_452' title='bbox 2799 860 2994 915; x_wconf 56' lang='lat' dir='ltr'><strong>Sicilire</strong></span> <span class='ocrx_word' id='word_1_453' title='bbox 3020 860 3276 913; x_wconf 55' lang='grc' dir='ltr'><strong>Ερςίυμίίδ</strong></span> <span class='ocrx_word' id='word_1_454' title='bbox 3301 868 3387 915; x_wconf 74' lang='lat' dir='ltr'><strong>sat</strong></span> <span class='ocrx_word' id='word_1_455' title='bbox 3410 861 3543 912; x_wconf 79' lang='lat' dir='ltr'><strong>bene</strong></span> <span class='ocrx_word' id='word_1_456' title='bbox 3571 858 3813 912; x_wconf 86' lang='lat' dir='ltr'><strong>meritus:</strong></span> 
     </span>
    </p>
   </div>
   <div class='ocr_carea' id='block_1_66' title="bbox 2248 947 3817 1020">
    <p class='ocr_par' dir='ltr' id='par_1_66' title="bbox 2248 947 3817 1020">
     <span class='ocr_line' id='line_1_66' title="bbox 2248 947 3817 1020; baseline 0.003 -22"><span class='ocrx_word' id='word_1_457' title='bbox 2248 947 2341 999; x_wconf 82' lang='lat' dir='ltr'><strong>sed</strong></span> <span class='ocrx_word' id='word_1_458' title='bbox 2385 963 2489 1001; x_wconf 91' lang='lat' dir='ltr'><strong>non</strong></span> <span class='ocrx_word' id='word_1_459' title='bbox 2538 959 2646 1002; x_wconf 84' lang='lat' dir='ltr'><strong>tam</strong></span> <span class='ocrx_word' id='word_1_460' title='bbox 2691 950 2757 1003; x_wconf 89' lang='lat' dir='ltr'><strong>ab</strong></span> <span class='ocrx_word' id='word_1_461' title='bbox 2802 954 2920 1019; x_wconf 86' lang='lat' dir='ltr'><strong>ipso</strong></span> <span class='ocrx_word' id='word_1_462' title='bbox 2966 952 3079 1005; x_wconf 70' lang='lat' dir='ltr'><strong>lucc</strong></span> <span class='ocrx_word' id='word_1_463' title='bbox 3128 952 3374 1020; x_wconf 81' lang='lat' dir='ltr'><strong>imposita</strong></span> <span class='ocrx_word' id='word_1_464' title='bbox 3413 958 3539 1004; x_wconf 86' lang='lat' dir='ltr'><strong>uota</strong></span> <span class='ocrx_word' id='word_1_465' title='bbox 3571 965 3729 1017; x_wconf 85' lang='lat' dir='ltr'><strong>quam</strong></span> <span class='ocrx_word' id='word_1_466' title='bbox 3761 950 3817 1003; x_wconf 85' lang='lat' dir='ltr'><strong>ab</strong></span> 
     </span>
    </p>
   </div>
   <div class='ocr_carea' id='block_1_67' title="bbox 2251 1035 3819 1109">
    <p class='ocr_par' dir='ltr' id='par_1_67' title="bbox 2251 1035 3819 1109">
     <span class='ocr_line' id='line_1_67' title="bbox 2251 1035 3819 1109; baseline 0.003 -22"><span class='ocrx_word' id='word_1_467' title='bbox 2251 1035 2476 1089; x_wconf 80' lang='lat' dir='ltr'><strong>Alberto</strong></span> <span class='ocrx_word' id='word_1_468' title='bbox 2528 1035 2762 1103; x_wconf 68' lang='lat' dir='ltr'><strong>i’ieeolo,</strong></span> <span class='ocrx_word' id='word_1_469' title='bbox 2816 1040 2906 1109; x_wconf 85' lang='lat' dir='ltr'><strong>qui</strong></span> <span class='ocrx_word' id='word_1_470' title='bbox 2958 1040 3029 1094; x_wconf 89' lang='lat' dir='ltr'><strong>illi</strong></span> <span class='ocrx_word' id='word_1_471' title='bbox 3082 1040 3339 1109; x_wconf 75' lang='lat' dir='ltr'><strong>imposuit</strong></span> <span class='ocrx_word' id='word_1_472' title='bbox 3388 1055 3404 1093; x_wconf 89' lang='lat'><strong>:</strong></span> <span class='ocrx_word' id='word_1_473' title='bbox 3453 1055 3563 1108; x_wconf 88' lang='lat' dir='ltr'><strong>quo</strong></span> <span class='ocrx_word' id='word_1_474' title='bbox 3612 1046 3819 1093; x_wconf 87' lang='lat' dir='ltr'><strong>auctore</strong></span> 
     </span>
    </p>
   </div>
   <div class='ocr_carea' id='block_1_68' title="bbox 2248 1126 3820 1200">
    <p class='ocr_par' dir='ltr' id='par_1_68' title="bbox 2248 1126 3820 1200">
     <span class='ocr_line' id='line_1_68' title="bbox 2248 1126 3820 1200; baseline 0.004 -23"><span class='ocrx_word' id='word_1_475' title='bbox 2248 1126 2439 1181; x_wconf 77' lang='lat' dir='ltr'><strong>scribit</strong></span> <span class='ocrx_word' id='word_1_476' title='bbox 2488 1128 2628 1184; x_wconf 82' lang='lat' dir='ltr'><strong>Pirri</strong></span> <span class='ocrx_word' id='word_1_477' title='bbox 2688 1130 3007 1186; x_wconf 81' lang='lat' dir='ltr'><strong>Zachariam</strong></span> <span class='ocrx_word' id='word_1_478' title='bbox 3060 1134 3467 1187; x_wconf 78' lang='lat' dir='ltr'><strong>schismatietnn</strong></span> <span class='ocrx_word' id='word_1_479' title='bbox 3521 1133 3820 1200; x_wconf 85' lang='lat' dir='ltr'><strong>episcopum</strong></span> 
     </span>
    </p>
   </div>
   <div class='ocr_carea' id='block_1_69' title="bbox 2249 1217 3819 1295">
    <p class='ocr_par' dir='ltr' id='par_1_69' title="bbox 2249 1217 3819 1295">
     <span class='ocr_line' id='line_1_69' title="bbox 2249 1217 3819 1295; baseline 0.002 -23"><span class='ocrx_word' id='word_1_480' title='bbox 2249 1217 2594 1276; x_wconf 84' lang='lat' dir='ltr'><strong>Tauromenii</strong></span> <span class='ocrx_word' id='word_1_481' title='bbox 2620 1239 2649 1275; x_wconf 86' lang='lat' dir='ltr'><strong>a</strong></span> <span class='ocrx_word' id='word_1_482' title='bbox 2679 1223 2871 1277; x_wconf 83' lang='lat' dir='ltr'><strong>i‘lmtio</strong></span> <span class='ocrx_word' id='word_1_483' title='bbox 2907 1226 3300 1295; x_wconf 70' lang='lat' dir='ltr'><strong>archiepiscoiii</strong></span> <span class='ocrx_word' id='word_1_484' title='bbox 3342 1224 3819 1289; x_wconf 76' lang='lat' dir='ltr'><strong>nomenclatorum,</strong></span> 
     </span>
    </p>
   </div>
   <div class='ocr_carea' id='block_1_70' title="bbox 2248 1314 3820 1385">
    <p class='ocr_par' dir='ltr' id='par_1_70' title="bbox 2248 1314 3820 1385">
     <span class='ocr_line' id='line_1_70' title="bbox 2248 1314 3820 1385; baseline 0.003 -21"><span class='ocrx_word' id='word_1_485' title='bbox 2248 1314 2390 1381; x_wconf 89' lang='lat' dir='ltr'><strong>quod</strong></span> <span class='ocrx_word' id='word_1_486' title='bbox 2426 1324 2568 1369; x_wconf 80' lang='lat' dir='ltr'><strong>esset</strong></span> <span class='ocrx_word' id='word_1_487' title='bbox 2598 1331 2763 1385; x_wconf 80' lang='lat' dir='ltr'><strong>Opera</strong></span> <span class='ocrx_word' id='word_1_488' title='bbox 2794 1318 2933 1372; x_wconf 85' lang='lat' dir='ltr'><strong>male</strong></span> <span class='ocrx_word' id='word_1_489' title='bbox 2967 1319 3033 1372; x_wconf 85' lang='lat' dir='ltr'><strong>ab</strong></span> <span class='ocrx_word' id='word_1_490' title='bbox 3063 1319 3153 1373; x_wconf 91' lang='lat' dir='ltr'><strong>illo</strong></span> <span class='ocrx_word' id='word_1_491' title='bbox 3176 1318 3387 1380; x_wconf 81' lang='lat' dir='ltr'><strong>collata,</strong></span> <span class='ocrx_word' id='word_1_492' title='bbox 3414 1330 3469 1371; x_wconf 88' lang='lat' dir='ltr'><strong>et</strong></span> <span class='ocrx_word' id='word_1_493' title='bbox 3499 1316 3820 1373; x_wconf 81' lang='lat' dir='ltr'><strong>defensionis</strong></span> 
     </span>
    </p>
   </div>
   <div class='ocr_carea' id='block_1_71' title="bbox 2248 1404 3817 1481">
    <p class='ocr_par' dir='ltr' id='par_1_71' title="bbox 2248 1404 3817 1481">
     <span class='ocr_line' id='line_1_71' title="bbox 2248 1404 3817 1481; baseline 0.005 -26"><span class='ocrx_word' id='word_1_494' title='bbox 2248 1408 2483 1473; x_wconf 84' lang='lat' dir='ltr'><strong>partium</strong></span> <span class='ocrx_word' id='word_1_495' title='bbox 2515 1404 2901 1462; x_wconf 84' lang='lat' dir='ltr'><strong>Pbotianarmn</strong></span> <span class='ocrx_word' id='word_1_496' title='bbox 2937 1413 3164 1479; x_wconf 86' lang='lat' dir='ltr'><strong>pretium</strong></span> <span class='ocrx_word' id='word_1_497' title='bbox 3196 1413 3343 1480; x_wconf 85' lang='lat' dir='ltr'><strong>prius</strong></span> <span class='ocrx_word' id='word_1_498' title='bbox 3374 1426 3685 1481; x_wconf 73' lang='lat' dir='ltr'><strong>repensum.</strong></span> <span class='ocrx_word' id='word_1_499' title='bbox 3718 1410 3817 1463; x_wconf 82' lang='lat' dir='ltr'><strong>Sed</strong></span> 
     </span>
    </p>
   </div>
   <div class='ocr_carea' id='block_1_72' title="bbox 2246 1497 3815 1574">
    <p class='ocr_par' dir='ltr' id='par_1_72' title="bbox 2246 1497 3815 1574">
     <span class='ocr_line' id='line_1_72' title="bbox 2246 1497 3815 1574; baseline 0.006 -28"><span class='ocrx_word' id='word_1_500' title='bbox 2246 1497 2387 1551; x_wconf 85' lang='lat' dir='ltr'><strong>unde</strong></span> <span class='ocrx_word' id='word_1_501' title='bbox 2414 1497 2515 1551; x_wconf 87' lang='lat' dir='ltr'><strong>hoc</strong></span> <span class='ocrx_word' id='word_1_502' title='bbox 2542 1502 2750 1569; x_wconf 76' lang='lat' dir='ltr'><strong>accepit</strong></span> <span class='ocrx_word' id='word_1_503' title='bbox 2775 1499 3058 1558; x_wconf 79' lang='lat' dir='ltr'><strong>Piecnlus?</strong></span> <span class='ocrx_word' id='word_1_504' title='bbox 3082 1519 3191 1572; x_wconf 82' lang='lat' dir='ltr'><strong>quo</strong></span> <span class='ocrx_word' id='word_1_505' title='bbox 3218 1504 3478 1574; x_wconf 83' lang='lat' dir='ltr'><strong>producto</strong></span> <span class='ocrx_word' id='word_1_506' title='bbox 3506 1504 3815 1558; x_wconf 88' lang='lat' dir='ltr'><strong>testimonio</strong></span> 
     </span>
    </p>
   </div>
   <div class='ocr_carea' id='block_1_73' title="bbox 2247 1589 3812 1667">
    <p class='ocr_par' dir='ltr' id='par_1_73' title="bbox 2247 1589 3812 1667">
     <span class='ocr_line' id='line_1_73' title="bbox 2247 1589 3812 1667; baseline 0.008 -27"><span class='ocrx_word' id='word_1_507' title='bbox 2247 1590 2297 1640; x_wconf 92' lang='lat' dir='ltr'><strong>id</strong></span> <span class='ocrx_word' id='word_1_508' title='bbox 2331 1589 2602 1645; x_wconf 82' lang='lat' dir='ltr'><strong>atlirtnat?</strong></span> <span class='ocrx_word' id='word_1_509' title='bbox 2634 1591 2872 1647; x_wconf 75' lang='lat' dir='ltr'><strong>Primum</strong></span> <span class='ocrx_word' id='word_1_510' title='bbox 2911 1597 3079 1657; x_wconf 87' lang='lat' dir='ltr'><strong>enim.</strong></span> <span class='ocrx_word' id='word_1_511' title='bbox 3114 1599 3157 1651; x_wconf 89' lang='lat' dir='ltr'><strong>si</strong></span> <span class='ocrx_word' id='word_1_512' title='bbox 3190 1598 3237 1655; x_wconf 88' lang='lat' dir='ltr'><strong>is</strong></span> <span class='ocrx_word' id='word_1_513' title='bbox 3275 1608 3506 1667; x_wconf 85' lang='lat' dir='ltr'><strong>ponatur</strong></span> <span class='ocrx_word' id='word_1_514' title='bbox 3538 1600 3812 1666; x_wconf 83' lang='lat' dir='ltr'><strong>episcopus</strong></span> 
     </span>
    </p>
   </div>
   <div class='ocr_carea' id='block_1_74' title="bbox 2246 1679 3820 1764">
    <p class='ocr_par' dir='ltr' id='par_1_74' title="bbox 2246 1679 3820 1764">
     <span class='ocr_line' id='line_1_74' title="bbox 2246 1679 3820 1764; baseline 0.008 -30"><span class='ocrx_word' id='word_1_515' title='bbox 2246 1679 2593 1739; x_wconf 85' lang='lat' dir='ltr'><strong>Tanromenii</strong></span> <span class='ocrx_word' id='word_1_516' title='bbox 2626 1687 2791 1743; x_wconf 84' lang='lat' dir='ltr'><strong>luisse</strong></span> <span class='ocrx_word' id='word_1_517' title='bbox 2813 1688 3126 1755; x_wconf 56' lang='lat' dir='ltr'><strong>Zacharias,</strong></span> <span class='ocrx_word' id='word_1_518' title='bbox 3152 1694 3240 1762; x_wconf 90' lang='lat' dir='ltr'><strong>qui</strong></span> <span class='ocrx_word' id='word_1_519' title='bbox 3265 1701 3627 1764; x_wconf 78' lang='lat' dir='ltr'><strong>cognomento</strong></span> <span class='ocrx_word' id='word_1_520' title='bbox 3652 1695 3820 1746; x_wconf 72' lang='lat' dir='ltr'><strong>«hctus</strong></span> 
     </span>
    </p>
   </div>
   <div class='ocr_carea' id='block_1_75' title="bbox 2245 1778 3825 1845">
    <p class='ocr_par' dir='ltr' id='par_1_75' title="bbox 2245 1778 3825 1845">
     <span class='ocr_line' id='line_1_75' title="bbox 2245 1778 3825 1845; baseline 0.004 -15"><span class='ocrx_word' id='word_1_521' title='bbox 2245 1787 2328 1830; x_wconf 71' lang='lat' dir='ltr'><strong>Pst</strong></span> <span class='ocrx_word' id='word_1_522' title='bbox 2361 1778 2582 1845; x_wconf 61' lang='grc' dir='ltr'><strong>κωφός.</strong></span> <span class='ocrx_word' id='word_1_523' title='bbox 2634 1780 2685 1835; x_wconf 87' lang='lat' dir='ltr'><strong>id</strong></span> <span class='ocrx_word' id='word_1_524' title='bbox 2714 1791 2796 1835; x_wconf 76' lang='lat' dir='ltr'><strong>est</strong></span> <span class='ocrx_word' id='word_1_525' title='bbox 2828 1788 3041 1845; x_wconf 83' lang='lat' dir='ltr'><strong>surdus,</strong></span> <span class='ocrx_word' id='word_1_526' title='bbox 3077 1797 3225 1840; x_wconf 81' lang='lat' dir='ltr'><strong>certe</strong></span> <span class='ocrx_word' id='word_1_527' title='bbox 3258 1785 3303 1840; x_wconf 88' lang='lat' dir='ltr'><strong>is</strong></span> <span class='ocrx_word' id='word_1_528' title='bbox 3332 1802 3359 1840; x_wconf 68' lang='grc' dir='ltr'>θ</span> <span class='ocrx_word' id='word_1_529' title='bbox 3392 1785 3581 1840; x_wconf 88' lang='lat' dir='ltr'><strong>Photio</strong></span> <span class='ocrx_word' id='word_1_530' title='bbox 3626 1802 3729 1841; x_wconf 89' lang='lat' dir='ltr'><strong>non</strong></span> <span class='ocrx_word' id='word_1_531' title='bbox 3762 1787 3825 1837; x_wconf 90' lang='lat' dir='ltr'><strong>ti-</strong></span> 
     </span>
    </p>
   </div>
   <div class='ocr_carea' id='block_1_76' title="bbox 2248 1868 3822 1955">
    <p class='ocr_par' dir='ltr' id='par_1_76' title="bbox 2248 1868 3822 1955">
     <span class='ocr_line' id='line_1_76' title="bbox 2248 1868 3822 1955; baseline 0.011 -37"><span class='ocrx_word' id='word_1_532' title='bbox 2248 1868 2417 1921; x_wconf 90' lang='lat' dir='ltr'><strong>tulum</strong></span> <span class='ocrx_word' id='word_1_533' title='bbox 2458 1872 2854 1943; x_wconf 74' lang='lat' dir='ltr'><strong>archiepiscopi</strong></span> <span class='ocrx_word' id='word_1_534' title='bbox 2892 1892 2989 1945; x_wconf 88' lang='lat' dir='ltr'><strong>pro</strong></span> <span class='ocrx_word' id='word_1_535' title='bbox 3032 1894 3127 1932; x_wconf 88' lang='lat' dir='ltr'><strong>sua</strong></span> <span class='ocrx_word' id='word_1_536' title='bbox 3177 1877 3418 1935; x_wconf 83' lang='lat' dir='ltr'><strong>Ecclesia</strong></span> <span class='ocrx_word' id='word_1_537' title='bbox 3471 1881 3702 1955; x_wconf 81' lang='lat' dir='ltr'><strong>accepit.</strong></span> <span class='ocrx_word' id='word_1_538' title='bbox 3733 1879 3822 1933; x_wconf 87' lang='lat' dir='ltr'><strong>sed</strong></span> 
     </span>
    </p>
   </div>
   <div class='ocr_carea' id='block_1_77' title="bbox 2247 1963 3825 2043">
    <p class='ocr_par' dir='ltr' id='par_1_77' title="bbox 2247 1963 3825 2043">
     <span class='ocr_line' id='line_1_77' title="bbox 2247 1963 3825 2043; baseline 0.009 -31"><span class='ocrx_word' id='word_1_539' title='bbox 2247 1963 2584 2032; x_wconf 85' lang='lat' dir='ltr'><strong>metropolita</strong></span> <span class='ocrx_word' id='word_1_540' title='bbox 2617 1964 2978 2022; x_wconf 76' lang='lat' dir='ltr'><strong>Chalcedonis</strong></span> <span class='ocrx_word' id='word_1_541' title='bbox 3014 1979 3268 2041; x_wconf 82' lang='lat' dir='ltr'><strong>creatus;</strong></span> <span class='ocrx_word' id='word_1_542' title='bbox 3305 1973 3447 2041; x_wconf 87' lang='lat' dir='ltr'><strong>quod</strong></span> <span class='ocrx_word' id='word_1_543' title='bbox 3486 1974 3825 2043; x_wconf 84' lang='lat' dir='ltr'><strong>apertissime</strong></span> 
     </span>
    </p>
   </div>
   <div class='ocr_carea' id='block_1_78' title="bbox 2246 2055 3824 2137">
    <p class='ocr_par' dir='ltr' id='par_1_78' title="bbox 2246 2055 3824 2137">
     <span class='ocr_line' id='line_1_78' title="bbox 2246 2055 3824 2137; baseline 0.008 -28"><span class='ocrx_word' id='word_1_544' title='bbox 2246 2058 2466 2125; x_wconf 85' lang='lat' dir='ltr'><strong>scripsit</strong></span> <span class='ocrx_word' id='word_1_545' title='bbox 2516 2055 2733 2115; x_wconf 85' lang='lat' dir='ltr'><strong>Nieetas</strong></span> <span class='ocrx_word' id='word_1_546' title='bbox 2779 2060 2945 2117; x_wconf 69' lang='lat' dir='ltr'><strong>David</strong></span> <span class='ocrx_word' id='word_1_547' title='bbox 2996 2065 3049 2119; x_wconf 89' lang='lat' dir='ltr'><strong>in</strong></span> <span class='ocrx_word' id='word_1_548' title='bbox 3098 2063 3219 2121; x_wconf 84' lang='lat' dir='ltr'><strong>Vita</strong></span> <span class='ocrx_word' id='word_1_549' title='bbox 3268 2066 3326 2121; x_wconf 86' lang='lat' dir='ltr'><strong>S.</strong></span> <span class='ocrx_word' id='word_1_550' title='bbox 3378 2066 3589 2137; x_wconf 73' lang='lat' dir='ltr'><strong>ignatii,</strong></span> <span class='ocrx_word' id='word_1_551' title='bbox 3639 2076 3824 2123; x_wconf 87' lang='lat' dir='ltr'><strong>contra</strong></span> 
     </span>
    </p>
   </div>
   <div class='ocr_carea' id='block_1_79' title="bbox 2246 2149 3822 2230">
    <p class='ocr_par' dir='ltr' id='par_1_79' title="bbox 2246 2149 3822 2230">
     <span class='ocr_line' id='line_1_79' title="bbox 2246 2149 3822 2230; baseline 0.006 -28"><span class='ocrx_word' id='word_1_552' title='bbox 2246 2162 2404 2217; x_wconf 84' lang='lat' dir='ltr'><strong>quem</strong></span> <span class='ocrx_word' id='word_1_553' title='bbox 2461 2149 2685 2207; x_wconf 81' lang='lat' dir='ltr'><strong>Photius</strong></span> <span class='ocrx_word' id='word_1_554' title='bbox 2745 2164 2853 2208; x_wconf 87' lang='lat' dir='ltr'><strong>tam</strong></span> <span class='ocrx_word' id='word_1_555' title='bbox 2908 2157 3255 2223; x_wconf 84' lang='lat' dir='ltr'><strong>pertinaciter</strong></span> <span class='ocrx_word' id='word_1_556' title='bbox 3302 2160 3604 2228; x_wconf 69' lang='lat' dir='ltr'><strong>acerbeque</strong></span> <span class='ocrx_word' id='word_1_557' title='bbox 3658 2161 3822 2230; x_wconf 79' lang='lat' dir='ltr'><strong>depu-</strong></span> 
     </span>
    </p>
   </div>
   <div class='ocr_carea' id='block_1_80' title="bbox 2245 2244 3826 2320">
    <p class='ocr_par' dir='ltr' id='par_1_80' title="bbox 2245 2244 3826 2320">
     <span class='ocr_line' id='line_1_80' title="bbox 2245 2244 3826 2320; baseline 0.008 -28"><span class='ocrx_word' id='word_1_558' title='bbox 2245 2244 2469 2309; x_wconf 82' lang='lat' dir='ltr'><strong>gnavit,</strong></span> <span class='ocrx_word' id='word_1_559' title='bbox 2539 2245 2774 2315; x_wconf 83' lang='lat' dir='ltr'><strong>scriptor</strong></span> <span class='ocrx_word' id='word_1_560' title='bbox 2838 2262 3025 2302; x_wconf 89' lang='lat' dir='ltr'><strong>eorum</strong></span> <span class='ocrx_word' id='word_1_561' title='bbox 3092 2259 3437 2319; x_wconf 87' lang='lat' dir='ltr'><strong>temporum,</strong></span> <span class='ocrx_word' id='word_1_562' title='bbox 3498 2253 3591 2320; x_wconf 88' lang='lat' dir='ltr'><strong>qui</strong></span> <span class='ocrx_word' id='word_1_563' title='bbox 3649 2253 3826 2306; x_wconf 87' lang='lat' dir='ltr'><strong>omnia</strong></span> 
     </span>
    </p>
   </div>
   <div class='ocr_carea' id='block_1_81' title="bbox 2244 2330 3829 2414">
    <p class='ocr_par' dir='ltr' id='par_1_81' title="bbox 2244 2330 3829 2414">
     <span class='ocr_line' id='line_1_81' title="bbox 2244 2330 3829 2414; baseline 0.008 -27"><span class='ocrx_word' id='word_1_564' title='bbox 2244 2330 2305 2387; x_wconf 89' lang='lat' dir='ltr'><strong>S.</strong></span> <span class='ocrx_word' id='word_1_565' title='bbox 2358 2333 2549 2404; x_wconf 80' lang='lat' dir='ltr'><strong>lgnatii</strong></span> <span class='ocrx_word' id='word_1_566' title='bbox 2605 2340 2901 2393; x_wconf 83' lang='lat' dir='ltr'><strong>certamina</strong></span> <span class='ocrx_word' id='word_1_567' title='bbox 2958 2341 3365 2413; x_wconf 77' lang='lat' dir='ltr'><strong>diligentissime</strong></span> <span class='ocrx_word' id='word_1_568' title='bbox 3412 2344 3829 2414; x_wconf 65' lang='lat' dir='ltr'><strong>tideiiSsimeqnc</strong></span> 
     </span>
    </p>
   </div>
   <div class='ocr_carea' id='block_1_82' title="bbox 2244 2432 3824 2507">
    <p class='ocr_par' dir='ltr' id='par_1_82' title="bbox 2244 2432 3824 2507">
     <span class='ocr_line' id='line_1_82' title="bbox 2244 2432 3824 2507; baseline 0.008 -29"><span class='ocrx_word' id='word_1_569' title='bbox 2244 2441 2563 2496; x_wconf 82' lang='lat' dir='ltr'><strong>persecutus</strong></span> <span class='ocrx_word' id='word_1_570' title='bbox 2614 2443 2695 2485; x_wconf 87' lang='lat' dir='ltr'><strong>est</strong></span> <span class='ocrx_word' id='word_1_571' title='bbox 2746 2448 2759 2485; x_wconf 91' lang='lat'><strong>:</strong></span> <span class='ocrx_word' id='word_1_572' title='bbox 2812 2432 2966 2503; x_wconf 81' lang='lat' dir='ltr'><strong>Cujus</strong></span> <span class='ocrx_word' id='word_1_573' title='bbox 3010 2436 3236 2490; x_wconf 83' lang='lat' dir='ltr'><strong>historia</strong></span> <span class='ocrx_word' id='word_1_574' title='bbox 3284 2440 3439 2491; x_wconf 85' lang='lat' dir='ltr'><strong>initio</strong></span> <span class='ocrx_word' id='word_1_575' title='bbox 3488 2451 3581 2492; x_wconf 63' lang='lat' dir='ltr'><strong>rut</strong></span> <span class='ocrx_word' id='word_1_576' title='bbox 3636 2438 3824 2507; x_wconf 82' lang='lat' dir='ltr'><strong>synodi</strong></span> 
     </span>
    </p>
   </div>
   <div class='ocr_carea' id='block_1_83' title="bbox 2245 2524 3824 2601">
    <p class='ocr_par' dir='ltr' id='par_1_83' title="bbox 2245 2524 3824 2601">
     <span class='ocr_line' id='line_1_83' title="bbox 2245 2524 3824 2601; baseline 0.008 -30"><span class='ocrx_word' id='word_1_577' title='bbox 2245 2535 2342 2589; x_wconf 85' lang='lat' dir='ltr'><strong>pro</strong></span> <span class='ocrx_word' id='word_1_578' title='bbox 2369 2536 2530 2576; x_wconf 88' lang='lat' dir='ltr'><strong>causa</strong></span> <span class='ocrx_word' id='word_1_579' title='bbox 2559 2524 2654 2578; x_wconf 89' lang='lat' dir='ltr'><strong>hac</strong></span> <span class='ocrx_word' id='word_1_580' title='bbox 2681 2524 2736 2579; x_wconf 87' lang='lat' dir='ltr'><strong>S.</strong></span> <span class='ocrx_word' id='word_1_581' title='bbox 2768 2528 2957 2595; x_wconf 81' lang='lat' dir='ltr'><strong>lgnatii</strong></span> <span class='ocrx_word' id='word_1_582' title='bbox 2985 2538 3035 2582; x_wconf 74' lang='lat' dir='ltr'><strong>et</strong></span> <span class='ocrx_word' id='word_1_583' title='bbox 3063 2529 3237 2584; x_wconf 80' lang='lat' dir='ltr'><strong>Pltot:i</strong></span> <span class='ocrx_word' id='word_1_584' title='bbox 3267 2533 3537 2586; x_wconf 77' lang='lat' dir='ltr'><strong>celebrata</strong></span> <span class='ocrx_word' id='word_1_585' title='bbox 3564 2534 3824 2601; x_wconf 76' lang='lat' dir='ltr'><strong>impressa</strong></span> 
     </span>
    </p>
   </div>
   <div class='ocr_carea' id='block_1_84' title="bbox 2241 2614 3831 2686">
    <p class='ocr_par' dir='ltr' id='par_1_84' title="bbox 2241 2614 3831 2686">
     <span class='ocr_line' id='line_1_84' title="bbox 2241 2614 3831 2686; baseline 0.006 -21"><span class='ocrx_word' id='word_1_586' title='bbox 2241 2622 2344 2667; x_wconf 90' lang='lat' dir='ltr'><strong>est.</strong></span> <span class='ocrx_word' id='word_1_587' title='bbox 2390 2614 2462 2667; x_wconf 90' lang='lat' dir='ltr'><strong>De</strong></span> <span class='ocrx_word' id='word_1_588' title='bbox 2494 2614 2690 2669; x_wconf 81' lang='lat' dir='ltr'><strong>[’hotio</strong></span> <span class='ocrx_word' id='word_1_589' title='bbox 2722 2618 2905 2686; x_wconf 87' lang='lat' dir='ltr'><strong>itaque</strong></span> <span class='ocrx_word' id='word_1_590' title='bbox 2946 2620 3026 2673; x_wconf 85' lang='lat' dir='ltr'><strong>sic</strong></span> <span class='ocrx_word' id='word_1_591' title='bbox 3063 2622 3255 2676; x_wconf 81' lang='lat' dir='ltr'><strong>scribit</strong></span> <span class='ocrx_word' id='word_1_592' title='bbox 3286 2639 3301 2675; x_wconf 93' lang='lat'><strong>:</strong></span> <span class='ocrx_word' id='word_1_593' title='bbox 3338 2621 3432 2676; x_wconf 75' lang='lat' dir='ltr'><strong>llis</strong></span> <span class='ocrx_word' id='word_1_594' title='bbox 3468 2623 3559 2677; x_wconf 86' lang='lat' dir='ltr'><strong>ille</strong></span> <span class='ocrx_word' id='word_1_595' title='bbox 3588 2622 3831 2676; x_wconf 76' lang='lat' dir='ltr'><strong>oninibus</strong></span> 
     </span>
    </p>
   </div>
   <div class='ocr_carea' id='block_1_85' title="bbox 2240 2711 3830 2783">
    <p class='ocr_par' dir='ltr' id='par_1_85' title="bbox 2240 2711 3830 2783">
     <span class='ocr_line' id='line_1_85' title="bbox 2240 2711 3830 2783; baseline 0.008 -27"><span class='ocrx_word' id='word_1_596' title='bbox 2240 2711 2556 2775; x_wconf 79' lang='lat' dir='ltr'><strong>procuratis,</strong></span> <span class='ocrx_word' id='word_1_597' title='bbox 2601 2711 2791 2763; x_wconf 81' lang='lat' dir='ltr'><strong>insana</strong></span> <span class='ocrx_word' id='word_1_598' title='bbox 2833 2722 2881 2763; x_wconf 86' lang='lat' dir='ltr'><strong>ct</strong></span> <span class='ocrx_word' id='word_1_599' title='bbox 2924 2716 3179 2782; x_wconf 68' lang='lat' dir='ltr'><strong>sacrilega</strong></span> <span class='ocrx_word' id='word_1_600' title='bbox 3222 2732 3312 2781; x_wconf 77' lang='lat' dir='ltr'><strong>per</strong></span> <span class='ocrx_word' id='word_1_601' title='bbox 3344 2712 3620 2769; x_wconf 74' lang='lat' dir='ltr'><strong>loc/tario:</strong></span> <span class='ocrx_word' id='word_1_602' title='bbox 3661 2715 3830 2783; x_wconf 60' lang='lat' dir='ltr'><strong>Ciplii</strong></span> 
     </span>
    </p>
   </div>
   <div class='ocr_carea' id='block_1_86' title="bbox 2240 2801 3828 2873">
    <p class='ocr_par' dir='ltr' id='par_1_86' title="bbox 2240 2801 3828 2873">
     <span class='ocr_line' id='line_1_86' title="bbox 2240 2801 3828 2873; baseline 0.007 -22"><span class='ocrx_word' id='word_1_603' title='bbox 2240 2815 2477 2867; x_wconf 85' lang='lat' dir='ltr'><strong>manum,</strong></span> <span class='ocrx_word' id='word_1_604' title='bbox 2515 2803 2605 2869; x_wconf 86' lang='lat' dir='ltr'><strong>qui</strong></span> <span class='ocrx_word' id='word_1_605' title='bbox 2667 2801 2732 2853; x_wconf 85' lang='lat' dir='ltr'><strong>ab</strong></span> <span class='ocrx_word' id='word_1_606' title='bbox 2802 2804 2917 2871; x_wconf 80' lang='lat' dir='ltr'><strong>ipso</strong></span> <span class='ocrx_word' id='word_1_607' title='bbox 2984 2804 3426 2859; x_wconf 75' lang='lat' dir='ltr'><strong>Chalcedonensis</strong></span> <span class='ocrx_word' id='word_1_608' title='bbox 3496 2810 3828 2873; x_wconf 71' lang='grc' dir='ltr'><strong>ηιρίνοροίὶια</strong></span> 
     </span>
    </p>
   </div>
   <div class='ocr_carea' id='block_1_87' title="bbox 2239 2894 3828 2962">
    <p class='ocr_par' dir='ltr' id='par_1_87' title="bbox 2239 2894 3828 2962">
     <span class='ocr_line' id='line_1_87' title="bbox 2239 2894 3828 2962; baseline 0.005 -18"><span class='ocrx_word' id='word_1_609' title='bbox 2239 2903 2445 2946; x_wconf 77' lang='lat' dir='ltr'><strong>creatus</strong></span> <span class='ocrx_word' id='word_1_610' title='bbox 2496 2895 2693 2962; x_wconf 73' lang='lat' dir='ltr'><strong>fuerat,</strong></span> <span class='ocrx_word' id='word_1_611' title='bbox 2740 2904 2790 2947; x_wconf 82' lang='lat' dir='ltr'><strong>et</strong></span> <span class='ocrx_word' id='word_1_612' title='bbox 2845 2894 3171 2950; x_wconf 78' lang='lat' dir='ltr'><strong>Theodorum</strong></span> <span class='ocrx_word' id='word_1_613' title='bbox 3223 2900 3539 2953; x_wconf 79' lang='lat' dir='ltr'><strong>translatum</strong></span> <span class='ocrx_word' id='word_1_614' title='bbox 3587 2916 3617 2952; x_wconf 80' lang='grc' dir='ltr'><em>α</em></span> <span class='ocrx_word' id='word_1_615' title='bbox 3665 2896 3828 2952; x_wconf 80' lang='lat' dir='ltr'><strong>Caria</strong></span> 
     </span>
    </p>
   </div>
   <div class='ocr_carea' id='block_1_88' title="bbox 2239 2984 3825 3058">
    <p class='ocr_par' dir='ltr' id='par_1_88' title="bbox 2239 2984 3825 3058">
     <span class='ocr_line' id='line_1_88' title="bbox 2239 2984 3825 3058; baseline 0.004 -20"><span class='ocrx_word' id='word_1_616' title='bbox 2239 2986 2311 3039; x_wconf 82' lang='lat' dir='ltr'><strong>ad</strong></span> <span class='ocrx_word' id='word_1_617' title='bbox 2347 2984 2721 3041; x_wconf 80' lang='lat' dir='ltr'><strong>Laodicensem</strong></span> <span class='ocrx_word' id='word_1_618' title='bbox 2764 2990 3120 3058; x_wconf 75' lang='lat' dir='ltr'><strong>episcopatum</strong></span> <span class='ocrx_word' id='word_1_619' title='bbox 3167 2993 3219 3045; x_wconf 85' lang='lat' dir='ltr'><strong>in</strong></span> <span class='ocrx_word' id='word_1_620' title='bbox 3256 2990 3470 3044; x_wconf 75' lang='lat' dir='ltr'><strong>Italiam</strong></span> <span class='ocrx_word' id='word_1_621' title='bbox 3514 2994 3825 3048; x_wconf 77' lang='lat' dir='ltr'><strong>transmisit.</strong></span> 
     </span>
    </p>
   </div>
   <div class='ocr_carea' id='block_1_89' title="bbox 2240 3074 3826 3154">
    <p class='ocr_par' dir='ltr' id='par_1_89' title="bbox 2240 3074 3826 3154">
     <span class='ocr_line' id='line_1_89' title="bbox 2240 3074 3826 3154; baseline 0.005 -25"><span class='ocrx_word' id='word_1_622' title='bbox 2240 3074 2317 3130; x_wconf 81' lang='lat' dir='ltr'><strong>Ex</strong></span> <span class='ocrx_word' id='word_1_623' title='bbox 2366 3078 2451 3132; x_wconf 89' lang='lat' dir='ltr'><strong>bis</strong></span> <span class='ocrx_word' id='word_1_624' title='bbox 2497 3094 2626 3133; x_wconf 84' lang='lat' dir='ltr'><strong>sane</strong></span> <span class='ocrx_word' id='word_1_625' title='bbox 2676 3081 2881 3135; x_wconf 89' lang='lat' dir='ltr'><strong>nullum</strong></span> <span class='ocrx_word' id='word_1_626' title='bbox 2930 3085 3153 3137; x_wconf 84' lang='lat' dir='ltr'><strong>subesse</strong></span> <span class='ocrx_word' id='word_1_627' title='bbox 3201 3084 3424 3138; x_wconf 88' lang='lat' dir='ltr'><strong>dubium</strong></span> <span class='ocrx_word' id='word_1_628' title='bbox 3479 3097 3654 3153; x_wconf 83' lang='lat' dir='ltr'><strong>pntrst</strong></span> <span class='ocrx_word' id='word_1_629' title='bbox 3696 3086 3826 3154; x_wconf 90' lang='lat' dir='ltr'><strong>quin</strong></span> 
     </span>
    </p>
   </div>
   <div class='ocr_carea' id='block_1_90' title="bbox 2241 3167 3825 3247">
    <p class='ocr_par' dir='ltr' id='par_1_90' title="bbox 2241 3167 3825 3247">
     <span class='ocr_line' id='line_1_90' title="bbox 2241 3167 3825 3247; baseline 0.006 -25"><span class='ocrx_word' id='word_1_630' title='bbox 2241 3167 2533 3225; x_wconf 85' lang='lat' dir='ltr'><strong>Zacharias</strong></span> <span class='ocrx_word' id='word_1_631' title='bbox 2579 3173 2666 3227; x_wconf 90' lang='lat' dir='ltr'><strong>ille</strong></span> <span class='ocrx_word' id='word_1_632' title='bbox 2712 3175 2802 3244; x_wconf 86' lang='lat' dir='ltr'><strong>qui</strong></span> <span class='ocrx_word' id='word_1_633' title='bbox 2850 3176 3069 3245; x_wconf 84' lang='lat' dir='ltr'><strong>Cophus</strong></span> <span class='ocrx_word' id='word_1_634' title='bbox 3117 3187 3476 3247; x_wconf 74' lang='lat' dir='ltr'><strong>cognomento</strong></span> <span class='ocrx_word' id='word_1_635' title='bbox 3510 3178 3687 3233; x_wconf 88' lang='lat' dir='ltr'><strong>dictus</strong></span> <span class='ocrx_word' id='word_1_636' title='bbox 3719 3190 3825 3245; x_wconf 85' lang='lat' dir='ltr'><strong>est,</strong></span> 
     </span>
    </p>
   </div>
   <div class='ocr_carea' id='block_1_91' title="bbox 2239 3261 3829 3339">
    <p class='ocr_par' dir='ltr' id='par_1_91' title="bbox 2239 3261 3829 3339">
     <span class='ocr_line' id='line_1_91' title="bbox 2239 3261 3829 3339; baseline 0.008 -24"><span class='ocrx_word' id='word_1_637' title='bbox 2239 3278 2347 3316; x_wconf 90' lang='lat' dir='ltr'><strong>non</strong></span> <span class='ocrx_word' id='word_1_638' title='bbox 2399 3261 2747 3320; x_wconf 83' lang='lat' dir='ltr'><strong>Tauromcnii</strong></span> <span class='ocrx_word' id='word_1_639' title='bbox 2796 3269 3083 3339; x_wconf 86' lang='lat' dir='ltr'><strong>episcopus</strong></span> <span class='ocrx_word' id='word_1_640' title='bbox 3130 3282 3255 3326; x_wconf 85' lang='lat' dir='ltr'><strong>ante</strong></span> <span class='ocrx_word' id='word_1_641' title='bbox 3305 3271 3492 3337; x_wconf 88' lang='lat' dir='ltr'><strong>fuerit,</strong></span> <span class='ocrx_word' id='word_1_642' title='bbox 3544 3273 3637 3327; x_wconf 89' lang='lat' dir='ltr'><strong>sed</strong></span> <span class='ocrx_word' id='word_1_643' title='bbox 3689 3287 3829 3327; x_wconf 81' lang='lat' dir='ltr'><strong>nova</strong></span> 
     </span>
    </p>
   </div>
   <div class='ocr_carea' id='block_1_92' title="bbox 2239 3353 3830 3436">
    <p class='ocr_par' dir='ltr' id='par_1_92' title="bbox 2239 3353 3830 3436">
     <span class='ocr_line' id='line_1_92' title="bbox 2239 3353 3830 3436; baseline 0.008 -27"><span class='ocrx_word' id='word_1_644' title='bbox 2239 3353 2601 3413; x_wconf 84' lang='lat' dir='ltr'><strong>Chalcedonis</strong></span> <span class='ocrx_word' id='word_1_645' title='bbox 2632 3362 2991 3429; x_wconf 75' lang='lat' dir='ltr'><strong>metropolitte</strong></span> <span class='ocrx_word' id='word_1_646' title='bbox 3040 3363 3300 3433; x_wconf 74' lang='lat' dir='ltr'><strong>dignitate</strong></span> <span class='ocrx_word' id='word_1_647' title='bbox 3347 3365 3600 3421; x_wconf 85' lang='lat' dir='ltr'><strong>donatus.</strong></span> <span class='ocrx_word' id='word_1_648' title='bbox 3634 3366 3830 3436; x_wconf 78' lang='lat' dir='ltr'><strong>Atqui,</strong></span> 
     </span>
    </p>
   </div>
   <div class='ocr_carea' id='block_1_93' title="bbox 2239 3448 3832 3531">
    <p class='ocr_par' dir='ltr' id='par_1_93' title="bbox 2239 3448 3832 3531">
     <span class='ocr_line' id='line_1_93' title="bbox 2239 3448 3832 3531; baseline 0.007 -27"><span class='ocrx_word' id='word_1_649' title='bbox 2239 3448 2471 3518; x_wconf 87' lang='lat' dir='ltr'><strong>inquies,</strong></span> <span class='ocrx_word' id='word_1_650' title='bbox 2503 3451 2569 3505; x_wconf 89' lang='lat' dir='ltr'><strong>ab</strong></span> <span class='ocrx_word' id='word_1_651' title='bbox 2597 3453 2911 3521; x_wconf 78' lang='lat' dir='ltr'><strong>episcopatu</strong></span> <span class='ocrx_word' id='word_1_652' title='bbox 2943 3452 3404 3512; x_wconf 84' lang='lat' dir='ltr'><strong>Tanromenitano</strong></span> <span class='ocrx_word' id='word_1_653' title='bbox 3445 3468 3729 3531; x_wconf 89' lang='lat' dir='ltr'><strong>promotus</strong></span> <span class='ocrx_word' id='word_1_654' title='bbox 3762 3460 3832 3515; x_wconf 89' lang='lat' dir='ltr'><strong>ad</strong></span> 
     </span>
    </p>
   </div>
   <div class='ocr_carea' id='block_1_94' title="bbox 2238 3540 3836 3625">
    <p class='ocr_par' dir='ltr' id='par_1_94' title="bbox 2238 3540 3836 3625">
     <span class='ocr_line' id='line_1_94' title="bbox 2238 3540 3836 3625; baseline 0.009 -30"><span class='ocrx_word' id='word_1_655' title='bbox 2238 3540 2757 3600; x_wconf 86' lang='lat' dir='ltr'><strong>Chalcedonensem.</strong></span> <span class='ocrx_word' id='word_1_656' title='bbox 2807 3546 2912 3601; x_wconf 89' lang='lat' dir='ltr'><strong>Sed</strong></span> <span class='ocrx_word' id='word_1_657' title='bbox 2959 3564 3063 3602; x_wconf 91' lang='lat' dir='ltr'><strong>non</strong></span> <span class='ocrx_word' id='word_1_658' title='bbox 3107 3550 3207 3604; x_wconf 88' lang='lat' dir='ltr'><strong>hoc</strong></span> <span class='ocrx_word' id='word_1_659' title='bbox 3236 3552 3458 3607; x_wconf 83' lang='lat' dir='ltr'><strong>verbum</strong></span> <span class='ocrx_word' id='word_1_660' title='bbox 3493 3556 3836 3625; x_wconf 77' lang='grc' dir='ltr'><strong>χειροτονεῖν</strong></span> 
     </span>
    </p>
   </div>
   <div class='ocr_carea' id='block_1_95' title="bbox 2238 3636 3837 3717">
    <p class='ocr_par' dir='ltr' id='par_1_95' title="bbox 2238 3636 3837 3717">
     <span class='ocr_line' id='line_1_95' title="bbox 2238 3636 3837 3717; baseline 0.013 -30"><span class='ocrx_word' id='word_1_661' title='bbox 2238 3649 2348 3703; x_wconf 88' lang='lat' dir='ltr'><strong>quo</strong></span> <span class='ocrx_word' id='word_1_662' title='bbox 2376 3650 2508 3691; x_wconf 86' lang='lat' dir='ltr'><strong>usus</strong></span> <span class='ocrx_word' id='word_1_663' title='bbox 2535 3636 2726 3706; x_wconf 86' lang='lat' dir='ltr'><strong>David,</strong></span> <span class='ocrx_word' id='word_1_664' title='bbox 2749 3640 3055 3710; x_wconf 71' lang='lat' dir='ltr'><strong>signiﬁcare</strong></span> <span class='ocrx_word' id='word_1_665' title='bbox 3082 3655 3280 3712; x_wconf 80' lang='lat' dir='ltr'><strong>patesl,</strong></span> <span class='ocrx_word' id='word_1_666' title='bbox 3304 3646 3398 3701; x_wconf 86' lang='lat' dir='ltr'><strong>sed</strong></span> <span class='ocrx_word' id='word_1_667' title='bbox 3426 3649 3509 3703; x_wconf 83' lang='lat' dir='ltr'><strong>vel</strong></span> <span class='ocrx_word' id='word_1_668' title='bbox 3538 3648 3837 3717; x_wconf 75' lang='lat' dir='ltr'><strong>designare</strong></span> 
     </span>
    </p>
   </div>
   <div class='ocr_carea' id='block_1_96' title="bbox 2238 3728 3841 3810">
    <p class='ocr_par' dir='ltr' id='par_1_96' title="bbox 2238 3728 3841 3810">
     <span class='ocr_line' id='line_1_96' title="bbox 2238 3728 3841 3810; baseline 0.012 -31"><span class='ocrx_word' id='word_1_669' title='bbox 2238 3728 2574 3800; x_wconf 86' lang='lat' dir='ltr'><strong>episcopum,</strong></span> <span class='ocrx_word' id='word_1_670' title='bbox 2604 3732 2689 3787; x_wconf 88' lang='lat' dir='ltr'><strong>vel</strong></span> <span class='ocrx_word' id='word_1_671' title='bbox 2720 3748 3080 3802; x_wconf 86' lang='lat' dir='ltr'><strong>consecrare;</strong></span> <span class='ocrx_word' id='word_1_672' title='bbox 3116 3738 3260 3808; x_wconf 90' lang='lat' dir='ltr'><strong>quod</strong></span> <span class='ocrx_word' id='word_1_673' title='bbox 3292 3755 3359 3795; x_wconf 82' lang='lat' dir='ltr'><strong>ex</strong></span> <span class='ocrx_word' id='word_1_674' title='bbox 3392 3741 3505 3810; x_wconf 83' lang='lat' dir='ltr'><strong>ipsa</strong></span> <span class='ocrx_word' id='word_1_675' title='bbox 3541 3742 3752 3799; x_wconf 88' lang='lat' dir='ltr'><strong>ratione</strong></span> <span class='ocrx_word' id='word_1_676' title='bbox 3779 3752 3841 3799; x_wconf 89' lang='lat' dir='ltr'><strong>et</strong></span> 
     </span>
    </p>
   </div>
   <div class='ocr_carea' id='block_1_97' title="bbox 2238 3823 3841 3902">
    <p class='ocr_par' dir='ltr' id='par_1_97' title="bbox 2238 3823 3841 3902">
     <span class='ocr_line' id='line_1_97' title="bbox 2238 3823 3841 3902; baseline 0.008 -26"><span class='ocrx_word' id='word_1_677' title='bbox 2238 3830 2419 3892; x_wconf 85' lang='lat' dir='ltr'><strong>etymo</strong></span> <span class='ocrx_word' id='word_1_678' title='bbox 2458 3823 2696 3879; x_wconf 89' lang='lat' dir='ltr'><strong>nominis</strong></span> <span class='ocrx_word' id='word_1_679' title='bbox 2726 3827 2868 3894; x_wconf 89' lang='lat' dir='ltr'><strong>quod</strong></span> <span class='ocrx_word' id='word_1_680' title='bbox 2916 3842 3170 3884; x_wconf 86' lang='lat' dir='ltr'><strong>manuum</strong></span> <span class='ocrx_word' id='word_1_681' title='bbox 3220 3832 3619 3902; x_wconf 88' lang='lat' dir='ltr'><strong>impositionem</strong></span> <span class='ocrx_word' id='word_1_682' title='bbox 3656 3834 3841 3889; x_wconf 82' lang='lat' dir='ltr'><strong>mani-</strong></span> 
     </span>
    </p>
   </div>
   <div class='ocr_carea' id='block_1_98' title="bbox 2238 3914 3843 3996">
    <p class='ocr_par' dir='ltr' id='par_1_98' title="bbox 2238 3914 3843 3996">
     <span class='ocr_line' id='line_1_98' title="bbox 2238 3914 3843 3996; baseline 0.012 -28"><span class='ocrx_word' id='word_1_683' title='bbox 2238 3914 2378 3970; x_wconf 86' lang='lat' dir='ltr'><strong>feste</strong></span> <span class='ocrx_word' id='word_1_684' title='bbox 2416 3918 2657 3983; x_wconf 83' lang='lat' dir='ltr'><strong>denotat,</strong></span> <span class='ocrx_word' id='word_1_685' title='bbox 2695 3928 2746 3974; x_wconf 91' lang='lat' dir='ltr'><strong>et</strong></span> <span class='ocrx_word' id='word_1_686' title='bbox 2776 3938 2839 3976; x_wconf 85' lang='lat' dir='ltr'><strong>ex</strong></span> <span class='ocrx_word' id='word_1_687' title='bbox 2872 3922 2993 3978; x_wconf 88' lang='lat' dir='ltr'><strong>aliis</strong></span> <span class='ocrx_word' id='word_1_688' title='bbox 3027 3925 3411 3996; x_wconf 88' lang='lat' dir='ltr'><strong>scriptoribus,</strong></span> <span class='ocrx_word' id='word_1_689' title='bbox 3441 3925 3644 3985; x_wconf 69' lang='lat' dir='ltr'><strong>Iacobo</strong></span> <span class='ocrx_word' id='word_1_690' title='bbox 3669 3928 3843 3987; x_wconf 85' lang='lat' dir='ltr'><strong>Gret-</strong></span> 
     </span>
    </p>
   </div>
   <div class='ocr_carea' id='block_1_99' title="bbox 2237 4008 3841 4094">
    <p class='ocr_par' dir='ltr' id='par_1_99' title="bbox 2237 4008 3841 4094">
     <span class='ocr_line' id='line_1_99' title="bbox 2237 4008 3841 4094; baseline 0.012 -32"><span class='ocrx_word' id='word_1_691' title='bbox 2237 4022 2383 4075; x_wconf 89' lang='lat' dir='ltr'><strong>sero,</strong></span> <span class='ocrx_word' id='word_1_692' title='bbox 2408 4008 2614 4067; x_wconf 80' lang='lat' dir='ltr'><strong>Joanne</strong></span> <span class='ocrx_word' id='word_1_693' title='bbox 2640 4012 2707 4068; x_wconf 90' lang='lat' dir='ltr'><strong>de</strong></span> <span class='ocrx_word' id='word_1_694' title='bbox 2734 4012 2781 4067; x_wconf 88' lang='lat' dir='ltr'><strong>la</strong></span> <span class='ocrx_word' id='word_1_695' title='bbox 2810 4013 3006 4081; x_wconf 85' lang='lat' dir='ltr'><strong>Cerda,</strong></span> <span class='ocrx_word' id='word_1_696' title='bbox 3032 4015 3194 4073; x_wconf 84' lang='lat' dir='ltr'><strong>Petro</strong></span> <span class='ocrx_word' id='word_1_697' title='bbox 3220 4019 3475 4087; x_wconf 79' lang='lat' dir='ltr'><strong>Arcudio,</strong></span> <span class='ocrx_word' id='word_1_698' title='bbox 3512 4024 3841 4094; x_wconf 79' lang='lat' dir='ltr'><strong>presbytero</strong></span> 
     </span>
    </p>
   </div>
   <div class='ocr_carea' id='block_1_100' title="bbox 2237 4098 3841 4172">
    <p class='ocr_par' dir='ltr' id='par_1_100' title="bbox 2237 4098 3841 4172">
     <span class='ocr_line' id='line_1_100' title="bbox 2237 4098 3841 4172; baseline 0.01 -22"><span class='ocrx_word' id='word_1_699' title='bbox 2237 4098 2585 4170; x_wconf 81' lang='lat' dir='ltr'><strong>Corcyrensi,</strong></span> <span class='ocrx_word' id='word_1_700' title='bbox 2626 4104 2719 4172; x_wconf 88' lang='lat' dir='ltr'><strong>qui</strong></span> <span class='ocrx_word' id='word_1_701' title='bbox 2763 4104 2833 4159; x_wconf 90' lang='lat' dir='ltr'><strong>de</strong></span> <span class='ocrx_word' id='word_1_702' title='bbox 2862 4106 2969 4160; x_wconf 92' lang='lat' dir='ltr'><strong>ritu</strong></span> <span class='ocrx_word' id='word_1_703' title='bbox 3015 4119 3482 4163; x_wconf 89' lang='lat' dir='ltr'><strong>sacramentorum</strong></span> <span class='ocrx_word' id='word_1_704' title='bbox 3515 4108 3841 4167; x_wconf 70' lang='lat' dir='ltr'><strong>Graecorum</strong></span> 
     </span>
    </p>
   </div>
   <div class='ocr_carea' id='block_1_101' title="bbox 2240 4190 3846 4267">
    <p class='ocr_par' dir='ltr' id='par_1_101' title="bbox 2240 4190 3846 4267">
     <span class='ocr_line' id='line_1_101' title="bbox 2240 4190 3846 4267; baseline 0.012 -26"><span class='ocrx_word' id='word_1_705' title='bbox 2240 4190 2487 4245; x_wconf 77' lang='lat' dir='ltr'><strong>volumen</strong></span> <span class='ocrx_word' id='word_1_706' title='bbox 2523 4193 2791 4264; x_wconf 83' lang='lat' dir='ltr'><strong>integrum</strong></span> <span class='ocrx_word' id='word_1_707' title='bbox 2830 4198 3071 4267; x_wconf 85' lang='lat' dir='ltr'><strong>scripsit,</strong></span> <span class='ocrx_word' id='word_1_708' title='bbox 3120 4199 3194 4255; x_wconf 89' lang='lat' dir='ltr'><strong>ita</strong></span> <span class='ocrx_word' id='word_1_709' title='bbox 3243 4212 3452 4256; x_wconf 86' lang='lat' dir='ltr'><strong>certum</strong></span> <span class='ocrx_word' id='word_1_710' title='bbox 3501 4217 3623 4258; x_wconf 89' lang='lat' dir='ltr'><strong>esse</strong></span> <span class='ocrx_word' id='word_1_711' title='bbox 3669 4202 3846 4260; x_wconf 85' lang='lat' dir='ltr'><strong>debet</strong></span> 
     </span>
    </p>
   </div>
   <div class='ocr_carea' id='block_1_102' title="bbox 2236 4284 3849 4365">
    <p class='ocr_par' dir='ltr' id='par_1_102' title="bbox 2236 4284 3849 4365">
     <span class='ocr_line' id='line_1_102' title="bbox 2236 4284 3849 4365; baseline 0.01 -28"><span class='ocrx_word' id='word_1_712' title='bbox 2236 4284 2412 4339; x_wconf 87' lang='lat' dir='ltr'><strong>cuivis</strong></span> <span class='ocrx_word' id='word_1_713' title='bbox 2447 4286 2798 4342; x_wconf 86' lang='lat' dir='ltr'><strong>mediocriter</strong></span> <span class='ocrx_word' id='word_1_714' title='bbox 2831 4288 3019 4346; x_wconf 73' lang='grc' dir='ltr'><strong>ῦτειθοθ</strong></span> <span class='ocrx_word' id='word_1_715' title='bbox 3050 4292 3265 4357; x_wconf 82' lang='lat' dir='ltr'><strong>scienti,</strong></span> <span class='ocrx_word' id='word_1_716' title='bbox 3299 4302 3356 4348; x_wconf 88' lang='lat' dir='ltr'><strong>ut</strong></span> <span class='ocrx_word' id='word_1_717' title='bbox 3390 4294 3444 4350; x_wconf 86' lang='lat' dir='ltr'><strong>id</strong></span> <span class='ocrx_word' id='word_1_718' title='bbox 3484 4297 3719 4365; x_wconf 86' lang='lat' dir='ltr'><strong>probare</strong></span> <span class='ocrx_word' id='word_1_719' title='bbox 3764 4298 3849 4354; x_wconf 81' lang='lat' dir='ltr'><strong>sit</strong></span> 
     </span>
    </p>
   </div>
   <div class='ocr_carea' id='block_1_103' title="bbox 2237 4379 3847 4458">
    <p class='ocr_par' dir='ltr' id='par_1_103' title="bbox 2237 4379 3847 4458">
     <span class='ocr_line' id='line_1_103' title="bbox 2237 4379 3847 4458; baseline 0.011 -29"><span class='ocrx_word' id='word_1_720' title='bbox 2237 4390 2401 4445; x_wconf 86' lang='lat' dir='ltr'><strong>opera</strong></span> <span class='ocrx_word' id='word_1_721' title='bbox 2424 4379 2605 4447; x_wconf 87' lang='lat' dir='ltr'><strong>abuti;</strong></span> <span class='ocrx_word' id='word_1_722' title='bbox 2628 4390 2682 4435; x_wconf 88' lang='lat' dir='ltr'><strong>et</strong></span> <span class='ocrx_word' id='word_1_723' title='bbox 2703 4396 2909 4451; x_wconf 66' lang='lat' dir='ltr'><strong>quaso,</strong></span> <span class='ocrx_word' id='word_1_724' title='bbox 2935 4384 3004 4437; x_wconf 89' lang='lat' dir='ltr'><strong>ab</strong></span> <span class='ocrx_word' id='word_1_725' title='bbox 3026 4385 3381 4453; x_wconf 84' lang='lat' dir='ltr'><strong>sequentibus</strong></span> <span class='ocrx_word' id='word_1_726' title='bbox 3404 4387 3605 4453; x_wconf 84' lang='lat' dir='ltr'><strong>verbis,</strong></span> <span class='ocrx_word' id='word_1_727' title='bbox 3632 4388 3847 4458; x_wconf 81' lang='lat' dir='ltr'><strong>quibus</strong></span> 
     </span>
    </p>
   </div>
   <div class='ocr_carea' id='block_1_104' title="bbox 2237 4465 3843 4549">
    <p class='ocr_par' dir='ltr' id='par_1_104' title="bbox 2237 4465 3843 4549">
     <span class='ocr_line' id='line_1_104' title="bbox 2237 4465 3843 4549; baseline 0.009 -28"><span class='ocrx_word' id='word_1_728' title='bbox 2237 4465 2582 4524; x_wconf 89' lang='lat' dir='ltr'><strong>Theodorum</strong></span> <span class='ocrx_word' id='word_1_729' title='bbox 2626 4473 2952 4527; x_wconf 85' lang='lat' dir='ltr'><strong>translatum</strong></span> <span class='ocrx_word' id='word_1_730' title='bbox 2982 4490 3013 4528; x_wconf 87' lang='lat' dir='ltr'><strong>a</strong></span> <span class='ocrx_word' id='word_1_731' title='bbox 3040 4474 3199 4531; x_wconf 87' lang='lat' dir='ltr'><strong>Caria</strong></span> <span class='ocrx_word' id='word_1_732' title='bbox 3239 4476 3567 4533; x_wconf 85' lang='lat' dir='ltr'><strong>Laodiceam</strong></span> <span class='ocrx_word' id='word_1_733' title='bbox 3611 4481 3843 4549; x_wconf 83' lang='lat' dir='ltr'><strong>scribit,</strong></span> 
     </span>
    </p>
   </div>
   <div class='ocr_carea' id='block_1_105' title="bbox 2238 4561 3847 4637">
    <p class='ocr_par' dir='ltr' id='par_1_105' title="bbox 2238 4561 3847 4637">
     <span class='ocr_line' id='line_1_105' title="bbox 2238 4561 3847 4637; baseline 0.007 -20"><span class='ocrx_word' id='word_1_734' title='bbox 2238 4561 2291 4617; x_wconf 88' lang='lat' dir='ltr'><strong>in</strong></span> <span class='ocrx_word' id='word_1_735' title='bbox 2321 4576 2427 4632; x_wconf 87' lang='lat' dir='ltr'><strong>quo</strong></span> <span class='ocrx_word' id='word_1_736' title='bbox 2456 4578 2585 4617; x_wconf 88' lang='lat' dir='ltr'><strong>usus</strong></span> <span class='ocrx_word' id='word_1_737' title='bbox 2617 4566 2781 4620; x_wconf 88' lang='lat' dir='ltr'><strong>verbo</strong></span> <span class='ocrx_word' id='word_1_738' title='bbox 2808 4568 3186 4637; x_wconf 75' lang='grc' dir='ltr'><strong>μετατιθέναι,</strong></span> <span class='ocrx_word' id='word_1_739' title='bbox 3224 4586 3329 4624; x_wconf 91' lang='lat' dir='ltr'><strong>non</strong></span> <span class='ocrx_word' id='word_1_740' title='bbox 3358 4571 3409 4625; x_wconf 89' lang='lat' dir='ltr'><strong>id</strong></span> <span class='ocrx_word' id='word_1_741' title='bbox 3442 4581 3593 4626; x_wconf 84' lang='lat' dir='ltr'><strong>certo</strong></span> <span class='ocrx_word' id='word_1_742' title='bbox 3624 4574 3847 4629; x_wconf 84' lang='lat' dir='ltr'><strong>certius</strong></span> 
     </span>
    </p>
   </div>
   <div class='ocr_carea' id='block_1_106' title="bbox 2236 4653 3849 4735">
    <p class='ocr_par' dir='ltr' id='par_1_106' title="bbox 2236 4653 3849 4735">
     <span class='ocr_line' id='line_1_106' title="bbox 2236 4653 3849 4735; baseline 0.012 -29"><span class='ocrx_word' id='word_1_743' title='bbox 2236 4653 2499 4722; x_wconf 80' lang='lat' dir='ltr'><strong>apparet?</strong></span> <span class='ocrx_word' id='word_1_744' title='bbox 2525 4654 2661 4711; x_wconf 91' lang='lat' dir='ltr'><strong>Cum</strong></span> <span class='ocrx_word' id='word_1_745' title='bbox 2688 4657 2829 4713; x_wconf 89' lang='lat' dir='ltr'><strong>enim</strong></span> <span class='ocrx_word' id='word_1_746' title='bbox 2858 4665 3158 4717; x_wconf 88' lang='lat' dir='ltr'><strong>secundum</strong></span> <span class='ocrx_word' id='word_1_747' title='bbox 3190 4680 3448 4735; x_wconf 76' lang='lat' dir='ltr'><strong>expresse</strong></span> <span class='ocrx_word' id='word_1_748' title='bbox 3475 4666 3618 4721; x_wconf 91' lang='lat' dir='ltr'><strong>dicat</strong></span> <span class='ocrx_word' id='word_1_749' title='bbox 3645 4676 3849 4725; x_wconf 85' lang='lat' dir='ltr'><strong>trans-</strong></span> 
     </span>
    </p>
   </div>
   <div class='ocr_carea' id='block_1_107' title="bbox 2238 4747 3852 4829">
    <p class='ocr_par' dir='ltr' id='par_1_107' title="bbox 2238 4747 3852 4829">
     <span class='ocr_line' id='line_1_107' title="bbox 2238 4747 3852 4829; baseline 0.012 -30"><span class='ocrx_word' id='word_1_750' title='bbox 2238 4747 2441 4815; x_wconf 86' lang='lat' dir='ltr'><strong>latum,</strong></span> <span class='ocrx_word' id='word_1_751' title='bbox 2489 4755 2544 4802; x_wconf 89' lang='lat' dir='ltr'><strong>et</strong></span> <span class='ocrx_word' id='word_1_752' title='bbox 2598 4752 2818 4821; x_wconf 90' lang='lat' dir='ltr'><strong>proprio</strong></span> <span class='ocrx_word' id='word_1_753' title='bbox 2868 4765 3050 4809; x_wconf 86' lang='lat' dir='ltr'><strong>utatur</strong></span> <span class='ocrx_word' id='word_1_754' title='bbox 3085 4758 3278 4821; x_wconf 83' lang='lat' dir='ltr'><strong>verbo,</strong></span> <span class='ocrx_word' id='word_1_755' title='bbox 3332 4760 3398 4813; x_wconf 89' lang='lat' dir='ltr'><strong>de</strong></span> <span class='ocrx_word' id='word_1_756' title='bbox 3448 4760 3623 4829; x_wconf 86' lang='lat' dir='ltr'><strong>primo</strong></span> <span class='ocrx_word' id='word_1_757' title='bbox 3675 4772 3852 4819; x_wconf 86' lang='lat' dir='ltr'><strong>certo</strong></span> 
     </span>
    </p>
   </div>
   <div class='ocr_carea' id='block_1_108' title="bbox 2237 4843 3854 4923">
    <p class='ocr_par' dir='ltr' id='par_1_108' title="bbox 2237 4843 3854 4923">
     <span class='ocr_line' id='line_1_108' title="bbox 2237 4843 3854 4923; baseline 0.011 -29"><span class='ocrx_word' id='word_1_758' title='bbox 2237 4843 2615 4913; x_wconf 88' lang='lat' dir='ltr'><strong>accipiendum</strong></span> <span class='ocrx_word' id='word_1_759' title='bbox 2669 4856 2756 4901; x_wconf 85' lang='lat' dir='ltr'><strong>est</strong></span> <span class='ocrx_word' id='word_1_760' title='bbox 2803 4846 2972 4903; x_wconf 75' lang='lat' dir='ltr'><strong>fuisse</strong></span> <span class='ocrx_word' id='word_1_761' title='bbox 3025 4864 3302 4917; x_wconf 86' lang='lat' dir='ltr'><strong>creatum,</strong></span> <span class='ocrx_word' id='word_1_762' title='bbox 3352 4855 3552 4923; x_wconf 85' lang='lat' dir='ltr'><strong>quippe</strong></span> <span class='ocrx_word' id='word_1_763' title='bbox 3598 4870 3731 4909; x_wconf 87' lang='lat' dir='ltr'><strong>eum</strong></span> <span class='ocrx_word' id='word_1_764' title='bbox 3784 4867 3854 4912; x_wconf 86' lang='lat' dir='ltr'><strong>ut</strong></span> 
     </span>
    </p>
   </div>
   <div class='ocr_carea' id='block_1_109' title="bbox 2236 4938 3854 5018">
    <p class='ocr_par' dir='ltr' id='par_1_109' title="bbox 2236 4938 3854 5018">
     <span class='ocr_line' id='line_1_109' title="bbox 2236 4938 3854 5018; baseline 0.012 -31"><span class='ocrx_word' id='word_1_765' title='bbox 2236 4938 2450 4991; x_wconf 81' lang='lat' dir='ltr'><strong>diversa</strong></span> <span class='ocrx_word' id='word_1_766' title='bbox 2499 4940 2735 5010; x_wconf 87' lang='lat' dir='ltr'><strong>scriptor</strong></span> <span class='ocrx_word' id='word_1_767' title='bbox 2762 4958 2823 4996; x_wconf 86' lang='lat' dir='ltr'><strong>ea</strong></span> <span class='ocrx_word' id='word_1_768' title='bbox 2873 4944 3186 4999; x_wconf 78' lang='lat' dir='ltr'><strong>tradiderit.</strong></span> <span class='ocrx_word' id='word_1_769' title='bbox 3224 4944 3429 5001; x_wconf 86' lang='lat' dir='ltr'><strong>Deinde</strong></span> <span class='ocrx_word' id='word_1_770' title='bbox 3471 4950 3613 5018; x_wconf 86' lang='lat' dir='ltr'><strong>apud</strong></span> <span class='ocrx_word' id='word_1_771' title='bbox 3650 4949 3854 5006; x_wconf 86' lang='lat' dir='ltr'><strong>Lenn-</strong></span> 
     </span>
    </p>
   </div>
   <div class='ocr_carea' id='block_1_110' title="bbox 2235 5028 3855 5111">
    <p class='ocr_par' dir='ltr' id='par_1_110' title="bbox 2235 5028 3855 5111">
     <span class='ocr_line' id='line_1_110' title="bbox 2235 5028 3855 5111; baseline 0.013 -30"><span class='ocrx_word' id='word_1_772' title='bbox 2235 5028 2470 5111; x_wconf 73' lang='lat' dir='ltr'><strong>elavium</strong></span> <span class='ocrx_word' id='word_1_773' title='bbox 2492 5029 2568 5086; x_wconf 87' lang='lat' dir='ltr'><strong>De</strong></span> <span class='ocrx_word' id='word_1_774' title='bbox 2586 5032 2711 5099; x_wconf 82' lang='lat' dir='ltr'><strong>jure</strong></span> <span class='ocrx_word' id='word_1_775' title='bbox 2743 5032 3121 5097; x_wconf 60' lang='lat' dir='ltr'><strong>Graece-Rom.</strong></span> <span class='ocrx_word' id='word_1_776' title='bbox 3150 5047 3327 5093; x_wconf 66' lang='lat' dir='ltr'><strong>exstat</strong></span> <span class='ocrx_word' id='word_1_777' title='bbox 3358 5051 3521 5111; x_wconf 87' lang='lat' dir='ltr'><strong>caput</strong></span> <span class='ocrx_word' id='word_1_778' title='bbox 3554 5044 3618 5096; x_wconf 87' lang='lat' dir='ltr'><strong>de</strong></span> <span class='ocrx_word' id='word_1_779' title='bbox 3650 5054 3855 5101; x_wconf 81' lang='lat' dir='ltr'><strong>trans-</strong></span> 
     </span>
    </p>
   </div>
   <div class='ocr_carea' id='block_1_111' title="bbox 2236 5119 3855 5203">
    <p class='ocr_par' dir='ltr' id='par_1_111' title="bbox 2236 5119 3855 5203">
     <span class='ocr_line' id='line_1_111' title="bbox 2236 5119 3855 5203; baseline 0.015 -31"><span class='ocrx_word' id='word_1_780' title='bbox 2236 5119 2438 5178; x_wconf 84' lang='lat' dir='ltr'><strong>latione</strong></span> <span class='ocrx_word' id='word_1_781' title='bbox 2488 5125 2845 5181; x_wconf 84' lang='lat' dir='ltr'><strong>Orientalium</strong></span> <span class='ocrx_word' id='word_1_782' title='bbox 2905 5130 3327 5201; x_wconf 84' lang='lat' dir='ltr'><strong>episc0pornm,</strong></span> <span class='ocrx_word' id='word_1_783' title='bbox 3380 5132 3432 5185; x_wconf 90' lang='lat' dir='ltr'><strong>in</strong></span> <span class='ocrx_word' id='word_1_784' title='bbox 3480 5152 3589 5203; x_wconf 90' lang='lat' dir='ltr'><strong>quo</strong></span> <span class='ocrx_word' id='word_1_785' title='bbox 3637 5154 3855 5197; x_wconf 75' lang='lat' dir='ltr'><strong>oinnec</strong></span> 
     </span>
    </p>
   </div>
   <div class='ocr_carea' id='block_1_112' title="bbox 2236 5217 3853 5294">
    <p class='ocr_par' dir='ltr' id='par_1_112' title="bbox 2236 5217 3853 5294">
     <span class='ocr_line' id='line_1_112' title="bbox 2236 5217 3853 5294; baseline 0.012 -25"><span class='ocrx_word' id='word_1_786' title='bbox 2236 5217 2484 5272; x_wconf 87' lang='lat' dir='ltr'><strong>translati</strong></span> <span class='ocrx_word' id='word_1_787' title='bbox 2519 5220 2753 5288; x_wconf 84' lang='lat' dir='ltr'><strong>episcOpi</strong></span> <span class='ocrx_word' id='word_1_788' title='bbox 2791 5236 3206 5291; x_wconf 87' lang='lat' dir='ltr'><strong>enumerantur,</strong></span> <span class='ocrx_word' id='word_1_789' title='bbox 3235 5227 3346 5294; x_wconf 83' lang='lat' dir='ltr'><strong>jam</strong></span> <span class='ocrx_word' id='word_1_790' title='bbox 3382 5228 3503 5281; x_wconf 72' lang='lat' dir='ltr'><strong>inde</strong></span> <span class='ocrx_word' id='word_1_791' title='bbox 3536 5246 3563 5284; x_wconf 87' lang='lat' dir='ltr'><strong>a</strong></span> <span class='ocrx_word' id='word_1_792' title='bbox 3599 5230 3655 5284; x_wconf 91' lang='lat' dir='ltr'><strong>S.</strong></span> <span class='ocrx_word' id='word_1_793' title='bbox 3694 5232 3853 5292; x_wconf 81' lang='lat' dir='ltr'><strong>Gre-</strong></span> 
     </span>
    </p>
   </div>
   <div class='ocr_carea' id='block_1_113' title="bbox 2232 5309 3850 5395">
    <p class='ocr_par' dir='ltr' id='par_1_113' title="bbox 2232 5309 3850 5395">
     <span class='ocr_line' id='line_1_113' title="bbox 2232 5309 3850 5395; baseline 0.014 -33"><span class='ocrx_word' id='word_1_794' title='bbox 2232 5314 2388 5379; x_wconf 74' lang='lat' dir='ltr'><strong>gorio</strong></span> <span class='ocrx_word' id='word_1_795' title='bbox 2415 5309 2816 5380; x_wconf 79' lang='lat' dir='ltr'><strong>Nanzianzeno,</strong></span> <span class='ocrx_word' id='word_1_796' title='bbox 2838 5314 2929 5383; x_wconf 88' lang='lat' dir='ltr'><strong>qui</strong></span> <span class='ocrx_word' id='word_1_797' title='bbox 2956 5332 3017 5371; x_wconf 80' lang='lat' dir='ltr'><strong>ex</strong></span> <span class='ocrx_word' id='word_1_798' title='bbox 3048 5316 3277 5373; x_wconf 80' lang='lat' dir='ltr'><strong>Sasimis</strong></span> <span class='ocrx_word' id='word_1_799' title='bbox 3298 5317 3850 5395; x_wconf 73' lang='lat' dir='ltr'><strong>Constantinopolim</strong></span> 
     </span>
    </p>
   </div>
   <div class='ocr_carea' id='block_1_114' title="bbox 2233 5403 3852 5491">
    <p class='ocr_par' dir='ltr' id='par_1_114' title="bbox 2233 5403 3852 5491">
     <span class='ocr_line' id='line_1_114' title="bbox 2233 5403 3852 5491; baseline 0.015 -37"><span class='ocrx_word' id='word_1_800' title='bbox 2233 5403 2533 5459; x_wconf 83' lang='lat' dir='ltr'><strong>translatus</strong></span> <span class='ocrx_word' id='word_1_801' title='bbox 2578 5418 2685 5469; x_wconf 87' lang='lat' dir='ltr'><strong>est.</strong></span> <span class='ocrx_word' id='word_1_802' title='bbox 2720 5422 2892 5477; x_wconf 87' lang='lat' dir='ltr'><strong>usque</strong></span> <span class='ocrx_word' id='word_1_803' title='bbox 2919 5410 2985 5463; x_wconf 84' lang='lat' dir='ltr'><strong>ad</strong></span> <span class='ocrx_word' id='word_1_804' title='bbox 3019 5410 3340 5480; x_wconf 73' lang='lat' dir='ltr'><strong>Gregorium</strong></span> <span class='ocrx_word' id='word_1_805' title='bbox 3384 5416 3700 5485; x_wconf 72' lang='lat' dir='ltr'><strong>Asticstam,</strong></span> <span class='ocrx_word' id='word_1_806' title='bbox 3740 5426 3852 5491; x_wconf 86' lang='lat' dir='ltr'><strong>qui</strong></span> 
     </span>
    </p>
   </div>
   <div class='ocr_carea' id='block_1_115' title="bbox 2234 5491 3857 5583">
    <p class='ocr_par' dir='ltr' id='par_1_115' title="bbox 2234 5491 3857 5583">
     <span class='ocr_line' id='line_1_115' title="bbox 2234 5491 3857 5583; baseline 0.015 -38"><span class='ocrx_word' id='word_1_807' title='bbox 2234 5491 2405 5563; x_wconf 84' lang='lat' dir='ltr'><strong>ipsius</strong></span> <span class='ocrx_word' id='word_1_808' title='bbox 2451 5497 2767 5554; x_wconf 79' lang='lat' dir='ltr'><strong>scbismatis</strong></span> <span class='ocrx_word' id='word_1_809' title='bbox 2806 5498 3053 5557; x_wconf 69' lang='lat' dir='ltr'><strong>l‘lmtiani</strong></span> <span class='ocrx_word' id='word_1_810' title='bbox 3103 5520 3292 5568; x_wconf 83' lang='lat' dir='ltr'><strong>causa,</strong></span> <span class='ocrx_word' id='word_1_811' title='bbox 3343 5505 3575 5563; x_wconf 74' lang='lat' dir='ltr'><strong>Nicaeam</strong></span> <span class='ocrx_word' id='word_1_812' title='bbox 3613 5510 3685 5565; x_wconf 89' lang='lat' dir='ltr'><strong>ab</strong></span> <span class='ocrx_word' id='word_1_813' title='bbox 3718 5514 3857 5583; x_wconf 86' lang='lat' dir='ltr'><strong>ipso</strong></span> 
     </span>
    </p>
   </div>
   <div class='ocr_carea' id='block_1_116' title="bbox 2233 5584 3852 5675">
    <p class='ocr_par' dir='ltr' id='par_1_116' title="bbox 2233 5584 3852 5675">
     <span class='ocr_line' id='line_1_116' title="bbox 2233 5584 3852 5675; baseline 0.016 -37"><span class='ocrx_word' id='word_1_814' title='bbox 2233 5584 2428 5641; x_wconf 88' lang='lat' dir='ltr'><strong>Pbotio</strong></span> <span class='ocrx_word' id='word_1_815' title='bbox 2469 5592 2765 5645; x_wconf 79' lang='lat' dir='ltr'><strong>translatus</strong></span> <span class='ocrx_word' id='word_1_816' title='bbox 2798 5595 2985 5647; x_wconf 82' lang='lat' dir='ltr'><strong>eodem</strong></span> <span class='ocrx_word' id='word_1_817' title='bbox 3023 5594 3209 5650; x_wconf 88' lang='lat' dir='ltr'><strong>Niceta</strong></span> <span class='ocrx_word' id='word_1_818' title='bbox 3259 5599 3461 5655; x_wconf 82' lang='lat' dir='ltr'><strong>Davide</strong></span> <span class='ocrx_word' id='word_1_819' title='bbox 3511 5607 3852 5675; x_wconf 86' lang='lat' dir='ltr'><strong>scribente;</strong></span> 
     </span>
    </p>
   </div>
   <div class='ocr_carea' id='block_1_117' title="bbox 2232 5681 3854 5757">
    <p class='ocr_par' dir='ltr' id='par_1_117' title="bbox 2232 5681 3854 5757">
     <span class='ocr_line' id='line_1_117' title="bbox 2232 5681 3854 5757; baseline 0.014 -25"><span class='ocrx_word' id='word_1_820' title='bbox 2232 5694 2334 5734; x_wconf 90' lang='lat' dir='ltr'><strong>nec</strong></span> <span class='ocrx_word' id='word_1_821' title='bbox 2386 5681 2492 5735; x_wconf 88' lang='lat' dir='ltr'><strong>ulla</strong></span> <span class='ocrx_word' id='word_1_822' title='bbox 2546 5682 2601 5737; x_wconf 89' lang='lat' dir='ltr'><strong>in</strong></span> <span class='ocrx_word' id='word_1_823' title='bbox 2641 5700 2705 5737; x_wconf 89' lang='lat' dir='ltr'><strong>eo</strong></span> <span class='ocrx_word' id='word_1_824' title='bbox 2737 5688 2913 5755; x_wconf 85' lang='lat' dir='ltr'><strong>capite</strong></span> <span class='ocrx_word' id='word_1_825' title='bbox 2963 5689 3167 5742; x_wconf 85' lang='lat' dir='ltr'><strong>mentio</strong></span> <span class='ocrx_word' id='word_1_826' title='bbox 3221 5694 3469 5749; x_wconf 80' lang='lat' dir='ltr'><strong>translati</strong></span> <span class='ocrx_word' id='word_1_827' title='bbox 3521 5695 3854 5757; x_wconf 60' lang='lat' dir='ltr'><strong>Zachariae.</strong></span> 
     </span>
    </p>
   </div>
   <div class='ocr_carea' id='block_1_118' title="bbox 2233 5769 3857 5850">
    <p class='ocr_par' dir='ltr' id='par_1_118' title="bbox 2233 5769 3857 5850">
     <span class='ocr_line' id='line_1_118' title="bbox 2233 5769 3857 5850; baseline 0.015 -25"><span class='ocrx_word' id='word_1_828' title='bbox 2233 5769 2329 5827; x_wconf 86' lang='lat' dir='ltr'><strong>Est</strong></span> <span class='ocrx_word' id='word_1_829' title='bbox 2380 5772 2545 5844; x_wconf 80' lang='lat' dir='ltr'><strong>igitur</strong></span> <span class='ocrx_word' id='word_1_830' title='bbox 2594 5783 2705 5829; x_wconf 86' lang='lat' dir='ltr'><strong>tam</strong></span> <span class='ocrx_word' id='word_1_831' title='bbox 2757 5778 3104 5835; x_wconf 86' lang='lat' dir='ltr'><strong>manifestum</strong></span> <span class='ocrx_word' id='word_1_832' title='bbox 3154 5781 3475 5840; x_wconf 81' lang='lat' dir='ltr'><strong>Zachariam</strong></span> <span class='ocrx_word' id='word_1_833' title='bbox 3524 5787 3685 5845; x_wconf 85' lang='lat' dir='ltr'><strong>illum</strong></span> <span class='ocrx_word' id='word_1_834' title='bbox 3727 5794 3857 5850; x_wconf 83' lang='lat' dir='ltr'><strong>Co—</strong></span> 
     </span>
    </p>
   </div>
   <div class='ocr_carea' id='block_1_119' title="bbox 2236 5863 3862 5961">
    <p class='ocr_par' dir='ltr' id='par_1_119' title="bbox 2236 5863 3862 5961">
     <span class='ocr_line' id='line_1_119' title="bbox 2236 5863 3862 5961; baseline 0.018 -43"><span class='ocrx_word' id='word_1_835' title='bbox 2236 5863 2406 5939; x_wconf 88' lang='lat' dir='ltr'><strong>plmm</strong></span> <span class='ocrx_word' id='word_1_836' title='bbox 2443 5882 2550 5925; x_wconf 88' lang='lat' dir='ltr'><strong>non</strong></span> <span class='ocrx_word' id='word_1_837' title='bbox 2582 5872 2977 5944; x_wconf 79' lang='lat' dir='ltr'><strong>archiepiscopi</strong></span> <span class='ocrx_word' id='word_1_838' title='bbox 3014 5873 3258 5946; x_wconf 82' lang='lat' dir='ltr'><strong>titulum,</strong></span> <span class='ocrx_word' id='word_1_839' title='bbox 3287 5880 3384 5935; x_wconf 86' lang='lat' dir='ltr'><strong>scd</strong></span> <span class='ocrx_word' id='word_1_840' title='bbox 3417 5898 3527 5937; x_wconf 88' lang='lat' dir='ltr'><strong>rem</strong></span> <span class='ocrx_word' id='word_1_841' title='bbox 3564 5893 3618 5941; x_wconf 90' lang='lat' dir='ltr'><strong>ct</strong></span> <span class='ocrx_word' id='word_1_842' title='bbox 3652 5889 3862 5961; x_wconf 79' lang='lat' dir='ltr'><strong>digni-</strong></span> 
     </span>
    </p>
   </div>
  </div>
