4044 6284
551 399 620 462 79
1553 386 1950 450 FRANCISCI
1990 386 2253 447 SCOliSl
2299 384 2733 448 PROOEMIUM.
2777 385 2858 445 Π.
3751 375 3812 443 80

549 515 892 584 scripserunt,
947 527 1046 564 non
1075 510 1287 563 aliunde
1336 523 1492 577 quam
1540 519 1605 559 ex
1665 504 1831 571 ipsius
1882 500 2126 570 ορρνὶὺιη

548 610 759 666 dicendi
827 616 1193 673 argumentum
1253 610 1592 669 acceperunt.
1657 598 1835 665 Atque
1892 595 2008 648 hanc
2065 593 2134 646 tle

547 706 588 759 (ἶ
601 705 830 775 rcgorio.
854 703 1022 755 l‘orro
1034 699 1093 751 S.
1115 695 1424 765 llieronymi
1449 690 1486 745 ν
1498 695 1624 745 itam
1642 689 1922 745 Marianas
1949 684 1985 738 ν
1997 687 2132 740 icto-

550 799 660 852 rins
676 813 737 850 ex
759 796 930 864 ipsius
945 791 1157 860 scriptis
1178 786 1543 842 tnmnunentis
1562 780 1870 849 compilavit
1888 786 1940 833 et
1958 789 2009 832 ut
2032 792 2136 830 cat-

550 901 697 942 tcros
729 885 1064 952 antiquiores
1080 881 1351 941 omittam,
1381 889 1610 943 quorum
1633 871 1716 926 vel
1734 869 1953 938 longum
1981 876 2130 922 cata-

549 985 727 1051 iugum
769 991 987 1046 possem
1031 982 1343 1033 contexere,
1393 984 1459 1023 ex
1506 963 1902 1020 recentioribus
1936 970 2135 1015 nostra:

552 1078 676 1130 Sec.
705 1069 994 1141 Dionysius
1021 1066 1273 1120 Petavius
1313 1060 1526 1131 Synesii
1570 1056 1813 1128 episcopi
1844 1051 2136 1107 Ptolemai-

552 1172 652 1230 dis,
687 1165 842 1233 cujus
863 1178 1027 1232 opera
1057 1160 1235 1214 omnia
1256 1158 1309 1210 in
1329 1154 1506 1208 lucem
1539 1149 1815 1204 luculenta
1840 1163 1934 1201 sua
1963 1149 2132 1198 inter-

553 1261 860 1330 pretatione
896 1254 1145 1322 notisque
1177 1250 1443 1305 illustrata
1475 1243 1664 1300 Graece
1692 1239 1850 1295 simul
1882 1237 2050 1292 edidit
2082 1242 2137 1287 et

553 1325 762 1410 itatiue,
797 1348 930 1400 Vita!
979 1345 1099 1414 ejus
1145 1354 1392 1408 magnam
1442 1346 1648 1405 partem
1698 1347 1764 1387 es
1804 1330 1974 1398 ipsius
2016 1325 2134 1391 cpi-

552 1447 708 1500 stolis
757 1440 1080 1505 cmterisque
1142 1432 1399 1501 operibus
1446 1425 1769 1496 composuit.
1801 1418 2136 1490 Theophilus

555 1533 907 1604 Itaynandus,
941 1528 1124 1581 itidem
1163 1524 1291 1577 Soc.
1319 1528 1554 1581 nostrte;
1588 1515 1776 1570 Idiotte
1797 1551 1812 1573 .
1853 1509 2137 1579 scriptoris

554 1601 809 1701 piissimi,
859 1637 1019 1693 quem
1053 1618 1320 1686 integrum
1354 1623 1622 1682 postrema
1654 1605 1894 1661 editione
1939 1616 2037 1656 sua
2083 1601 2136 1652 in

555 1723 728 1776 lucem
763 1714 1006 1787 protulit,
1044 1728 1164 1766 cum
1199 1720 1358 1764 antca
1383 1706 1523 1760 bona
1555 1702 1638 1756 sui
1671 1708 1823 1767 parte
1861 1694 2140 1749 mutilatus

553 1809 990 1869 cxstarctVitam
1025 1819 1090 1859 ex
1128 1802 1371 1870 ipsisntct.
1419 1787 1981 1859 (lontetnplationilnts
2015 1798 2139 1853 pcr-

555 1905 883 1976 vcstigavit:
932 1901 1021 1969 qui
1045 1896 1258 1966 quidem
1293 1893 1375 1944 vir
1409 1889 1548 1942 nulla
1585 1885 1686 1937 alia
1726 1898 1790 1935 ex
1825 1877 2049 1933 historia
2077 1891 2141 1928 ac.

555 2013 625 2055 ne
652 1997 868 2052 nomine
919 1990 1135 2059 quidem
1169 1985 1408 2056 proprio,
1435 1980 1576 2047 quud
1612 1977 1790 2029 cctare
1833 1970 2014 2024 studio
2043 1982 2138 2020 vo.

554 2095 678 2154 luit,
711 2089 956 2157 cognitus
986 2083 1140 2136 nobis
1165 2087 1269 2134 est.
1323 2073 1523 2130 Eodem
1562 2071 1729 2136 igitur
1776 2074 1931 2134 pacto
1959 2062 2142 2116 Theo-

555 2186 788 2256 phanem
823 2181 966 2233 hunc
994 2177 1342 2237 Cerameum,
1377 2165 1652 2221 hominem
1687 2176 1818 2216 sane
1847 2170 2043 2212 novum
2075 2169 2140 2206 ex

556 2279 843 2347 ipsiusmet
877 2268 1243 2326 sermonibus,
1279 2276 1414 2331 quos
1439 2261 1491 2312 in
1532 2259 1705 2311 lucem
1751 2252 1940 2321 prodo,
1987 2247 2143 2302 nubi-

559 2333 665 2424 lem
702 2363 938 2420 conabor
968 2357 1198 2414 edicere.
1256 2354 1332 2405 Ac
1380 2351 1556 2419 primo
1596 2344 1838 2413 quidem,
1888 2333 2142 2405 quoniam

560 2461 712 2516 multi
760 2455 1001 2526 ejusdem
1035 2447 1241 2508 saeculi,
1287 2460 1350 2498 ac
1383 2443 1555 2496 ferme
1610 2437 1784 2490 artatis
1819 2430 2021 2486 ambitu
2058 2428 2142 2478 in-

557 2554 740 2621 signes
773 2514 874 2616 qua
910 2542 1127 2602 litteris,
1191 2550 1294 2605 qua
1348 2531 1634 2585 sanctitate
1678 2524 1780 2576 viri
1825 2514 2147 2586 cognomine

555 2620 874 2712 Theophani
910 2636 1236 2693 ﬂoruerunt,
1260 2639 1439 2696 operte
1466 2621 1698 2690 pretium
1767 2623 1850 2670 cst
1898 2620 2143 2665 nostrum

558 2740 713 2793 abiis
739 2734 1091 2802 distinguere,
1116 2741 1182 2779 ne
1205 2719 1499 2776 lectoribus
1517 2715 1693 2768 minus
1719 2710 1769 2760 in
1795 2706 2142 2760 historiarum

561 2841 862 2899 temporum
909 2797 1121 2877 ratione
1169 2809 1485 2869 exercitatis
1533 2802 1783 2859 conlusio
1838 2797 2141 2850 olmriatnr.

562 2887 738 2994 Atqite
771 2930 829 2972 ut
865 2931 984 2972 eam
1014 2907 1336 2982 ὁμωνυμίαν
1366 2899 1696 2968 expedit-em,
1751 2892 1988 2944 inanimo
2032 2887 2134 2941 int-

560 2986 746 3091 pulsns
803 3026 960 3073 sum,
1015 3005 1103 3060 ubi
1161 3001 1412 3069 legissem
1467 2997 1520 3046 in
1569 2988 1898 3042 lithtiothcca
1950 2986 2144 3048 magna

563 3072 781 3164 i'atrmn
815 3102 954 3156 edita
1003 3091 1240 3149 Colonia:
1279 3090 1424 3141 hunc
1467 3079 1853 3148 'l'heophanem
1907 3072 2142 3138 scripto-

563 3219 673 3256 tem
706 3196 1056 3252 homiliaruut
1079 3203 1203 3242 cum
1227 3177 1559 3248 Theophane
1581 3169 1841 3224 historico
1866 3158 2146 3218 confunti.

564 3294 694 3347 Nam
727 3303 857 3342 tom.
889 3284 981 3346 ιχ,
1013 3278 1208 3334 stt-culo
1240 3274 1422 3327 itidem
1457 3285 1509 3320 ts
1536 3305 1552 3321 .
1595 3266 1785 3329 inquo
1823 3260 1938 3311 dua'
1971 3253 2149 3307 homi-

565 3389 649 3440 lia:
680 3376 1029 3448 Theophanis
1075 3372 1233 3439 hujus
1266 3359 1510 3420 Ceratnei
1581 3372 1647 3408 cx
1690 3352 1922 3406 editione
1958 3343 2146 3400 Jacobi

561 3441 985 3533 Gri-.tsct'i,'t0tn.
1038 3461 1099 3522 Il,
1149 3459 1224 3512 [te
1249 3456 1417 3509 Cruce
1449 3445 1694 3503 translati
1727 3441 2142 3497 describuntur,

566 3573 679 3623 hinc
727 3569 778 3618 in
834 3575 1020 3616 earmn
1082 3546 1434 3617 inscriptione
1477 3543 1766 3611 leguntur;
1805 3531 2146 3600 Theophanes

565 3660 844 3715 Cerameus
882 3644 1245 3702 'l'uuromcnt'tt'
1291 3642 1342 3693 in
1373 3632 1561 3691 Sicilia
1602 3630 1871 3699 epﬁt'Opus
1901 3620 2146 3686 scripsit:

570 3747 794 3804 Annales
821 3761 852 3796 a
891 3736 1199 3795 Diocletiani
1225 3728 1539 3797 temporibus
1559 3740 1719 3790 usque
1738 3722 1804 3772 ad
1838 3712 2147 3769 Michaelem

564 3846 808 3908 imperat.
874 3834 962 3905 qui
1014 3831 1228 3883 necdum
1277 3835 1396 3876 sunt
1439 3821 1583 3874 editi.
1641 3815 1886 3869 Diversus
1936 3807 2035 3878 fuit
2079 3805 2144 3859 ab

567 3905 779 3987 auctare
819 3925 1073 3980 "lSLOI‘itt‘
1117 3917 1368 3974 tuisccllze
1422 3912 1581 3966 Pauli
1632 3905 1886 3969 Diaconi,
1939 3907 2002 3955 de
2046 3915 2147 3968 quo

564 4027 718 4094 plura
764 4020 1019 4072 habentur
1065 4014 1128 4065 ab
1188 4009 1413 4063 Henrico
1456 4002 1677 4058 Canisio
1726 4004 1980 4050 annotata
2026 3999 2151 4043 ante

568 4117 872 4185 prwdictam
889 4108 1161 4163 historiam
1186 4101 1509 4171 prwcedeute
1529 4092 1723 4150 steculo
1755 4102 1956 4144 octavo.
1997 4084 2150 4140 Scri-

567 4211 668 4279 psit
711 4215 964 4274 pi'atterea
1010 4197 1254 4251 Iwmi’ias
1296 4196 1350 4246 in
1377 4189 1645 4260 evangelia
1673 4179 2029 4238 Dominiealia
2051 4219 2068 4243 ,
2101 4186 2150 4230 et

571 4308 770 4374 aliquot
798 4301 931 4371 festa
965 4296 1125 4348 totius
1174 4290 1323 4354 anui,
1363 4302 1480 4356 qute
1509 4289 1784 4338 servantur
1811 4293 1939 4329 mss.
1979 4271 2151 4326 Vene-

571 4363 677 4463 tiis,
698 4404 747 4448 et
780 4363 890 4445 alia
921 4389 1137 4440 necdum
1160 4383 1320 4434 edita.
1345 4376 1757 4442 Distinguuntur
1779 4367 1939 4437 igitur
1963 4363 2152 4417 condi-

574 4452 719 4545 tores
747 4484 890 4538 illius
920 4475 1268 4532 Bibliodtccre
1290 4469 1494 4537 Magna:
1516 4461 1900 4532 Theophanem
1928 4452 2153 4508 histori-

573 4599 696 4639 cum
742 4579 809 4632 ab
843 4584 1064 4629 auctore
1111 4565 1362 4621 Historia:
1405 4557 1653 4613 utiscetlw
1690 4550 1836 4606 l‘auli
1890 4546 2151 4610 Diaconi;

575 4678 670 4734 sed
701 4669 901 4728 deinde
944 4680 1108 4719 ttntttn
1160 4657 1517 4722 eamdemque
1545 4647 1746 4704 faciunt
1770 4643 2152 4712 TheOphanem

575 4768 892 4824 historicum
943 4768 1104 4827 atque
1148 4750 1468 4806 Cerameum
1520 4740 1838 4809 scriptorem
1902 4733 2156 4791 homilia-

579 4881 722 4917 rum.
777 4857 896 4918 Quo
929 4851 995 4904 ad
1043 4850 1274 4918 primum
1315 4842 1526 4901 attinet,
1578 4842 1722 4889 recte
1769 4829 1980 4885 habet:
2031 4841 2153 4878 nam

578 4918 966 5021 TheOphvanen.
986 4941 1303 4996 ltislnt'it'ttm
1331 4935 1599 4987 diversum
1626 4941 1746 4981 esse
1777 4942 1807 4978 a
1834 4920 2002 4976 Paulo
2033 4918 2157 4971 Dia-

577 5060 715 5103 cono
738 5015 859 5097 sive
910 5043 1130 5089 auctore
1182 5025 1434 5081 Historiis
1473 5019 1739 5080 miscelltr,
1791 5015 1974 5069 multis
2004 5025 2156 5066 com-

579 5141 765 5211 probat
825 5130 1078 5186 Canisius
1144 5136 1289 5177 l0ttt0
1327 5119 1418 5171 illo
1463 5114 1607 5177 \‘lll,
1664 5111 1826 5165 citato
1876 5106 2158 5165 Biblioth.,

576 5197 923 5293 ostenditque
965 5216 1275 5287 impositum
1322 5209 1487 5264 fuisse
1532 5203 1807 5266 Duronio,
1858 5213 2054 5269 magno
2105 5197 2160 5249 in

582 5319 873 5378 Annalibus
905 5308 1253 5369 conserendis
1284 5306 1420 5367 viro,
1467 5299 1560 5371 qni
1594 5311 1716 5352 cum
1744 5294 1909 5347 multa
1936 5306 1995 5344 ac
2020 5302 2163 5359 sa-pe

580 5435 644 5474 ex
681 5410 846 5469 Paulo
875 5407 1114 5461 Diacono
1137 5396 1443 5456 testimonia
1476 5396 1528 5447 in
1549 5407 1644 5447 eos
1666 5387 1901 5449 confert,
1928 5385 2042 5439 vult
2071 5384 2161 5437 illa

589 5524 715 5564 esse
763 5521 826 5560 ex
865 5517 993 5557 vero
1024 5495 1352 5564 Theophane
1378 5490 1466 5556 qui
1507 5486 1646 5542 falso
1676 5481 1871 5536 Paulus
1901 5480 2166 5533 Diaconus

584 5601 911 5656 nominetur.
953 5591 1060 5647 Sed
1091 5602 1247 5644 secus
1291 5583 1472 5643 habet,
1505 5577 1676 5646 inquit
1698 5575 1968 5634 Canis'us,
2006 5586 2166 5624 Verus

582 5691 943 5758 Titt‘OpllalleS
963 5694 1149 5736 auctor
1174 5678 1412 5731 historia!
1437 5687 1542 5727 non
1574 5678 1656 5724 est
1691 5669 1778 5721 ille
1803 5665 1997 5718 Paulus
2037 5661 2166 5713 Dia-

583 5756 781 5844 eunus;
839 5790 1067 5843 namque
1121 5773 1222 5824 hoc.
1270 5781 1465 5820 nomen
1517 5761 1654 5815 falso
1710 5759 1783 5812 illi
1845 5756 2105 5810 tributum
2149 5770 2164 5806 :

587 5877 688 5930 alia
755 5882 836 5929 est
872 5870 1040 5936 I‘Jtuti,
1096 5865 1199 5922 alia
1239 5860 1582 5932 Theophanis
1632 5857 1880 5921 historia,
1929 5852 2164 5910 nondum

2232 499 2451 567 quidem
2484 499 2537 553 iu
2559 499 2732 554 lucem
2759 497 2901 552 edita
2928 513 2945 562 ;
2978 495 3219 551 sedeam
3252 493 3517 564 promittit
3538 491 3810 554 Cztuisius.

2230 602 2287 646 et
2314 591 2558 660 pluribus
2589 592 2732 646 hunc
2755 606 2998 646 errorem
3023 590 3275 660 detegere
3308 590 3483 659 pergit
3509 607 3525 651 ;
3551 589 3704 655 cujus
3734 606 3813 642 ra-

2236 684 2411 738 tiones
2431 683 2670 755 lt-gendaz
2693 683 2833 752 apud
2854 683 3050 753 ipsum,
3073 695 3245 750 neque
3265 683 3411 736 enim
3432 682 3601 736 nostri
3625 681 3812 749 negotii

2233 787 2317 832 est
2339 792 2434 832 eas
2469 777 2556 831 hic
2590 776 2864 846 prosequi.
2890 773 3042 843 Quod
3075 783 3253 830 autem
3285 774 3351 827 sd
3377 784 3618 828 nostrum
3644 773 3814 828 Then-

2233 871 2468 939 phanem
2514 879 2746 939 speetat,
2785 885 2910 923 eum
2957 882 3082 923 esse
3109 867 3332 921 omnino
3375 867 3539 921 alium
3570 885 3598 921 a
3642 866 3815 921 Τιιιιο-

2236 964 2417 1033 phaue
2451 963 2732 1029 historico,
2767 971 2916 1031 patet
2947 976 3010 1015 es
3055 961 3262 1015 ratione
3289 970 3595 1026 temporum
3627 960 3818 1029 quibus

2237 1056 2488 1109 vixerunt
2535 1056 2982 1123 St-ripseruntque
3016 1070 3028 1106 :
3059 1059 3206 1121 patet
3250 1068 3314 1108 ex
3368 1052 3576 1107 ratione
3605 1063 3726 1106 rita:
3771 1063 3821 1108 ct

2243 1148 2434 1202 mortis
2469 1146 2614 1200 illius
2643 1147 2906 1201 historici.
2934 1145 3006 1200 De
3044 1147 3146 1200 hoc
3177 1148 3321 1200 enim
3350 1147 3421 1200 ita
3451 1147 3638 1201 scribit
3665 1146 3814 1200 .loan.

2233 1238 2592 1305 Curopalates
2641 1238 2755 1307 ipso
2799 1251 2910 1291 sua:
2961 1235 3200 1291 historire
3255 1236 3432 1289 initio.
3485 1236 3818 1304 Theophanes

2234 1332 2527 1400 confessor,
2560 1340 2607 1383 et
2645 1331 2774 1400 Agri
2813 1330 2925 1383 dux
2966 1329 3093 1400 (hoc
3125 1337 3209 1383 est
3243 1329 3551 1400 ἡγούμενος
3577 1331 3819 1400 heguute-

2237 1441 2357 1488 nns,
2391 1424 2530 1490 quod
2560 1423 2699 1477 idem
2738 1437 2801 1476 ac
2837 1423 3028 1487 abbas)
3063 1422 3374 1475 accuratius
3415 1439 3446 1475 a
3477 1438 3530 1475 se
3549 1436 3818 1489 percursas

2235 1516 2521 1569 historicos
2552 1514 2715 1567 libros
2747 1515 2802 1566 in
2827 1513 3194 1582 compendium
3229 1513 3352 1565 item
3385 1515 3598 1582 redegit.
3637 1494 3819 1565 vim»:

2237 1610 2497 1680 Georgius
2551 1609 2676 1677 (fuit
2720 1608 2806 1661 hic
2844 1607 3188 1667 monachus,
3241 1604 3451 1659 Tarasii
3503 1605 3820 1674 patriarche

2239 1702 2510 1772 syncellus
2541 1741 2555 1762 ,
2611 1701 2734 1752 item
2788 1698 3106 1769 historicus)
3157 1703 3222 1750 ab
3275 1698 3398 1752 orbe
3432 1698 3645 1751 condito
3680 1697 3819 1762 facta

2236 1796 2390 1849 initio
2433 1795 2488 1848 in
2525 1803 2782 1862 tyrannos
2829 1792 3220 1846 Maximiannm
3255 1791 3473 1862 ejusque
3492 1790 3663 1858 ﬁlium
3704 1787 3819 1842 Mu-

2239 1886 2502 1940 aiminum
2531 1889 2686 1942 desiit
2725 1905 2742 1940 :
2798 1883 3139 1950 Theophanes
3199 1899 3316 1935 vero
3358 1881 3506 1935 illius
3556 1880 3688 1941 ﬁnes
3723 1881 3820 1932 sibi

2241 1981 2455 2048 proprio
2512 1981 2753 2034 instituto
2807 1978 3072 2049 principio
3138 1975 3452 2044 reliquisque
3505 1972 3821 2040 temporibus

2242 2077 2460 2128 breviter
2493 2073 2794 2140 descriptis,
2827 2089 2944 2124 cum
2980 2076 3049 2122 ad
3091 2068 3382 2135 Nicephori
3423 2069 3669 2130 imperat.
3706 2062 3823 2116 obi-

2243 2178 2352 2220 tum
2382 2169 2698 2231 prrt‘t’niaset
2723 2207 2736 2227 ,
2776 2166 2847 2218 ibi
2884 2180 2996 2216 sna!
3023 2162 3179 2228 ﬁnem
3215 2159 3513 2213 narrationi
3548 2156 3818 2222 imposuit.

2245 2261 2370 2315 lltcc
2400 2259 2779 2328 Cur-opatates,
2814 2273 2877 2309 cx
2906 2271 3013 2325 quo
3050 2255 3200 2308 vides
3233 2252 3622 2321 'l‘hc0phancm
3653 2248 3822 2302 histo-

2246 2354 2441 2415 ricmn,
2468 2352 2559 2421 qui
2602 2367 2628 2402 a
2657 2349 3004 2411 Maximiano,
3042 2346 3130 2399 ubi
3157 2346 3426 2415 Georgius
3451 2345 3609 2398 desiit
3657 2341 3820 2411 (idem

2243 2456 2325 2501 est
2354 2454 2534 2498 autem
2567 2445 2746 2497 dicere
2774 2458 2802 2493 a
2837 2439 3192 2501 Diocletiano,
3220 2448 3278 2492 ut
3313 2437 3470 2493 habet
3494 2435 3822 2489 Bibliotheca

2245 2537 2456 2606 Magna)
2488 2535 2653 2589 fuisse
2685 2535 2958 2598 abbatem,
2983 2544 3034 2584 ct
3064 2534 3128 2585 ad
3159 2532 3517 2600 Nicephorum
3542 2528 3823 2583 historiam

2245 2630 2584 2702 perduxisse.
2615 2631 2934 2684 Anastasius
2971 2624 3553 2694 B'blimbecarius,qui
3595 2624 3645 2676 in
3685 2621 3830 2675 Lati-

2246 2737 2372 2776 mtm
2421 2721 2583 2785 vertit
2633 2723 2913 2775 historiam
2964 2717 3330 2786 Theophanis,
3371 2716 3515 2769 hunc.
3547 2715 3824 2774 eumdem,

2244 2831 2407 2888 quem
2434 2815 2670 2870 diximus
2696 2830 2761 2867 ex
2784 2812 3129 2880 Cu.-ep::lata,
3156 2809 3477 2863 monachum
3503 2816 3558 2861 et
3575 2804 3825 2858 abbatem

2244 2910 2373 2981 Agri
2399 2907 2776 2973 miracttlisque
2795 2907 2996 2960 clarum.
3024 2903 3262 2958 ςνυὶιίεεε
3293 2902 3378 2956 his
3398 2899 3583 2953 verbis
3599 2897 3786 2952 scribit
3812 2914 3825 2948 :

2250 3003 2326 3056 De
2351 3004 2516 3055 altera
2559 3000 2775 3070 (nempe
2817 2996 3169 3066 Theophane)
3211 2995 3339 3061 quid
3382 2993 3578 3055 dicam,
3621 3008 3743 3044 cum
3778 3000 3826 3041 ct

2245 3095 2357 3162 eius
2392 3095 2690 3161 conscripta
2725 3089 2869 3154 Vita,
2900 3090 3130 3160 qualiter
3157 3087 3393 3142 videlicet
3424 3084 3612 3151 amplis
3649 3085 3824 3151 patri-

2246 3186 2438 3240 moniis
2492 3184 2729 3236 venditus
2801 3197 3010 3235 erucem
3087 3196 3240 3232 suam
3300 3178 3525 3241 tulerit,
3591 3176 3832 3244 qualiter

2245 3287 2452 3329 secutus
2477 3273 2743 3329 Christum
2766 3271 2968 3325 abbatis
3017 3272 3070 3323 itt
3091 3268 3411 3323 monasterio
3446 3268 3568 3336 Agri
3613 3268 3830 3336 functus

2246 3367 2435 3436 efﬁcio,
2483 3365 2765 3420 virtutibus
2812 3363 3047 3434 fulserit,
3086 3361 3358 3415 miraculis
3401 3359 3729 3419 coruscorit,
3781 3366 3833 3409 rt

2243 3459 2648 3524 circumquaque
2698 3457 2932 3524 regiones
2960 3493 2975 3518 ,
3024 3454 3106 3505 his
3158 3455 3248 3521 qui
3274 3467 3431 3520 pmpe
3480 3461 3528 3503 et
3592 3447 3674 3500 Itis
3736 3448 3830 3516 qui

2247 3547 2399 3615 longe
2425 3554 2550 3597 sunt
2579 3543 2829 3597 clament.
2867 3540 2991 3596 Haec
3037 3543 3354 3595 Anastasius
3403 3541 3470 3594 tle
3498 3537 3833 3607 Theophane

2248 3641 2527 3695 historico.
2572 3638 2786 3692 Ohizum
2831 3645 3012 3689 autem
3057 3635 3178 3702 ejus
3207 3634 3306 3686 Sub
3356 3631 3536 3686 Leone
3563 3630 3830 3693 Artneuo,

2248 3732 2604 3787 lconomacho
2629 3743 2771 3782 anno
2802 3725 2918 3794 ejus
2949 3727 3083 3795 imp.
3122 3726 3174 3790 i,
3204 3724 3273 3775 ob
3318 3723 3686 3778 defensionem
3725 3723 3831 3777 Ss.

2248 3825 2542 3894 imaginum
2598 3821 2890 3892 contigisse
2942 3830 3127 3873 narrat
3176 3817 3497 3879 Cedronus,
3537 3825 3593 3871 ct
3641 3829 3713 3870 ex
3765 3829 3835 3870 eo

2248 3915 2510 3970 llaroiiius
2537 3916 2602 3967 ad
2625 3895 2825 3967 annum
2848 3909 3050 3965 Christi
3078 3908 3205 3971 8H,
3238 3923 3302 3962 cx
3334 3921 3439 3974 quo
3463 3907 3577 3961 lucc
3604 3907 3794 3974 accipe
3817 3922 3832 3958 :

2246 4007 2374 4064 Cum
2431 4014 2604 4060 autem
2660 4000 3052 4054 Proconnesum
3095 4000 3446 4050 abduceretur
3499 3994 3837 4063 Nicephorus

2246 4101 2374 4172 (fuit
2425 4099 2512 4156 hic
2578 4094 2890 4168 patriarcha
2944 4090 3095 4146 (LP.
3122 4089 3212 4159 qui
3263 4088 3604 4144 subscribere
3664 4089 3840 4156 impio

2247 4195 2427 4250 edicto
2482 4192 2679 4246 Leonis
2737 4189 2992 4243 Armenis
3037 4197 3224 4242 contra
3264 4184 3364 4238 SS.
3405 4183 3668 4250 imagines
3728 4199 3840 4235 non

2247 4283 2506 4339 sustinuit
2528 4295 2702 4349 eaque
2734 4293 2891 4333 causa
2911 4279 2980 4331 ab
3000 4291 3065 4333 eo
3098 4276 3354 4330 multatus
3394 4274 3634 4342 exsilio),
3665 4271 3841 4328 Theo-

2247 4376 2450 4444 phanns
2474 4372 2744 4441 confessor
2769 4368 2957 4440 Magni
2988 4368 3118 4439 Agri
3163 4367 3445 4436 pra’fecttts
3471 4383 3588 4419 eum
3621 4370 3842 4436 navigio

2249 4465 2555 4538 prater-vehi
2585 4465 2765 4518 divino
2817 4461 3072 4515 instinctu
3124 4462 3372 4521 sentiens,
3423 4475 3542 4512 cunt
3584 4460 3640 4512 in
3687 4469 3846 4527 parte

2249 4557 2436 4628 praedii
2457 4557 2687 4626 quadam
2712 4556 2820 4624 ipse
2855 4561 3054 4623 ageret.
3082 4551 3267 4619 sufﬁta
3298 4560 3345 4603 et
3371 4551 3533 4604 cereis
3587 4567 3848 4620 prosecu-

2252 4658 2336 4702 tus
2361 4657 2469 4714 est,
2495 4647 2584 4700 sed
2607 4657 2652 4698 et
2690 4642 3021 4710 Nirepltorus
3062 4643 3278 4696 intentis
3315 4644 3558 4696 manibus
3603 4644 3846 4697 ricissitn

2257 4742 2622 4811 Theophanem
2674 4738 2924 4792 salutavit
2985 4737 3238 4805 flexisque
3279 4737 3493 4804 genibus
3551 4744 3666 4787 tum
3721 4752 3847 4788 eum

2254 4849 2529 4889 ueneratus
2589 4831 2849 4886 benedixit
2898 4846 2916 4883 :
2972 4845 3086 4883 cum
3128 4829 3337 4897 quidem
3377 4837 3558 4881 neuter
3609 4829 3846 4880 alterum

2255 4930 2471 4990 rideret,
2509 4926 2600 4980 sed
2639 4927 2752 4979 acie
2795 4925 2980 4976 mentis
3014 4938 3067 4975 se
3100 4931 3282 4975 mutuo
3323 4931 3587 4975 cernentes
3621 4923 3851 4990 dignum

2256 5023 2474 5075 invicem
2498 5021 2747 5072 honorem
2793 5017 3162 5071 exhibuerunt.
3210 5013 3275 5067 Et
3311 5030 3427 5067 cum
3472 5013 3692 5082 quidam
3734 5029 3852 5066 una

2260 5115 2622 5183 navigantium
2661 5123 2919 5180 quareret
2954 5123 3230 5177 quemnam
3270 5106 3512 5160 manibus
3538 5108 3616 5160 ita
3647 5108 3705 5159 in
3746 5124 3849 5160 su-

2260 5206 2417 5260 blime
2453 5205 2666 5259 elevatis
2707 5203 2990 5266 salutaret,
3037 5200 3432 5253 sanctissimum
3472 5196 3850 5268 Theophanem

2261 5302 2614 5369 confessorem
2663 5300 2970 5364 respondit:
3031 5294 3160 5365 Agri
3201 5291 3530 5361 pritfectnm,
3593 5292 3687 5360 qui
3751 5311 3854 5344 nos

2265 5394 2471 5462 facibus
2516 5403 2565 5446 et
2591 5393 2776 5461 suffita
2814 5392 3033 5459 excepit.
3086 5387 3269 5458 Neque
3308 5389 3476 5441 inulto
3511 5385 3860 5452 post‘et'itns

2265 5503 2437 5541 verant
2470 5485 2758 5555 Nicephori
2795 5483 3194 5551 prtrtlirtionetn
3243 5481 3470 5532 ostendit
3507 5493 3525 5530 :
3559 5495 3684 5531 nam
3725 5495 3864 5532 tnta:

2263 5594 2381 5630 eum
2435 5576 2616 5629 multis
2661 5575 2783 5627 aliis
2843 5571 3182 5639 Theophanes
3234 5585 3437 5640 quoque
3492 5569 3557 5622 ab
3611 5565 3864 5621 Ecclesia

2265 5670 2485 5739 ejectus.
2515 5669 2846 5739 infinitisque
2890 5675 3110 5721 vexatus
3157 5665 3348 5726 modis,
3391 5664 3710 5732 confessoris
3757 5678 3866 5717 co-

2268 5778 2450 5816 rottant
2498 5762 2810 5830 deportavit.
2863 5758 2986 5811 lian
3013 5755 3314 5819 Ccdrentts,
3367 5767 3490 5823 quin
3543 5762 3648 5808 non
3701 5753 3876 5820 potui

2270 5856 2323 5911 in
2384 5854 2686 5911 breviorem
2744 5865 3010 5908 summam
3058 5850 3345 5919 colligere;
3412 5845 3630 5903 fuerunt
3669 5857 3876 5901 autem
