4104 6290
315 311 381 375 81
1250 306 1648 368 FRANCISCI
1692 303 1960 365 SCORSI

319 425 652 489 neccharia,
703 433 759 476 ut
801 422 1006 494 liquido
1063 420 1456 490 intelligeretur
1507 417 1894 486 TheOphanetn

316 519 662 581 hislorirum,
686 517 934 570 abbatem
987 516 1142 583 Agri,
1173 512 1444 566 'enmdem
1493 524 1616 564 esse
1657 508 1747 575 qui
1796 508 1896 560 sub

319 621 504 660 Leone
527 615 764 662 Aruleno
804 606 1051 661 exsilium
1089 619 1189 677 pro
1233 617 1392 657 causa
1439 600 1541 660 SS.
1580 599 1896 669 imaginum.

320 709 377 753 et
403 699 455 750 in
487 715 554 754 eo
580 711 808 754 inertem
833 698 1084 769 oppetiit,
1102 707 1262 766 atque
1285 695 1418 749 adeo
1441 695 1598 762 longe
1623 693 1897 746 diversum

323 802 352 839 a
382 785 712 856 Theophane
749 797 940 842 nostro
963 787 1078 856 qui,
1104 786 1278 840 deleta
1314 782 1529 852 penitus
1561 779 1753 835 haresi
1791 778 1901 830 leo-

325 879 721 944 noclastarum,
754 878 1176 950 adversusiquos
1207 878 1316 947 jam
1337 877 1622 932 damnatos
1655 873 1770 942 ipse
1800 873 1900 924 ho-

321 969 530 1024 miliam
572 973 761 1027 habuit
796 1011 810 1034 ,
853 987 972 1040 qum
999 982 1084 1026 est
1119 971 1309 1024 ordine
1341 984 1409 1022 ιι
1431 1009 1447 1034 ,
1483 968 1586 1020 sub
1621 963 1819 1020 Basilio
1847 971 1901 1015 et

319 1063 537 1132 Lcmm,
573 1077 633 1124 ut
654 1072 934 1122 ostendam
981 1082 1082 1123 suo
1139 1067 1278 1132 loco,
1330 1065 1495 1129 vixit;
1553 1072 1712 1133 atque.
1767 1059 1904 1113 adeo

316 1172 478 1212 error
513 1158 564 1213 iu
599 1159 930 1216 szliutheca
973 1159 1059 1212 illa
1105 1157 1448 1227 corrigetur:
1501 1155 1799 1222 itidemque
1847 1150 1902 1203 in

318 1239 628 1302 Sebastiani
663 1251 902 1304 Curtlerii
936 1260 1126 1306 catena
1175 1247 1273 1304 SS.
1326 1248 1544 1303 Patrum
1588 1247 1642 1300 in
1680 1243 1904 1306 Lucam.

315 1343 412 1396 ubi
463 1343 850 1412 Theophanem
901 1348 1034 1398 citat
1074 1344 1262 1399 eodem
1307 1342 1485 1410 elogio
1539 1341 1652 1394 sive
1713 1336 1904 1391 inscri-

319 1438 506 1502 ptione
532 1437 812 1507 desmrpta
842 1440 908 1490 ah
931 1437 1016 1490 illa
1037 1435 1388 1498 Bibliotheca,
1410 1433 1708 1501 iisdemque
1735 1429 1903 1484 relata

323 1529 526 1582 retiis.
582 1528 699 1582 lam
752 1519 880 1584 ιρινσ
913 1529 980 1582 ab
1028 1541 1259 1596 utroque
1307 1527 1471 1582 etiam
1523 1523 1771 1579 diversus
1821 1532 1906 1575 est

317 1617 684 1688 Tincphaucs
748 1621 886 1673 alius
942 1620 1228 1688 prtefeetus
1293 1616 1605 1672 monasterii
1669 1612 1902 1684 Sigriani

318 1711 414 1779 qui
451 1721 572 1776 post
598 1711 772 1763 diruat
805 1726 900 1779 per
948 1710 1224 1765 biennium
1272 1707 1556 1762 talentum
1609 1721 1901 1769 carcerem,

313 1808 636 1873 deportatus
698 1806 750 1855 iu
808 1802 1044 1858 insulam
1101 1800 1557 1863 Samothraciam,
1617 1797 1724 1852 illic
1771 1796 1905 1852 obiit

318 1907 553 1949 mortem
612 1893 970 1950 confessionis
1021 1895 1192 1965 gloria
1241 1891 1488 1959 insignis.
1543 1890 1667 1956 Agit
1714 1890 1782 1942 de
1838 1903 1904 1940 eo

319 1982 588 2037 Batonius
607 1984 673 2037 ad
695 2001 893 2038 annum
914 1984 1116 2040 Christi
1144 1984 1247 2038 8lti
1265 1983 1625 2050 admonetque
1648 1981 1904 2035 lectorem

320 2077 391 2128 de.
430 2075 778 2130 distinctione
811 2080 1094 2146 utriusque
1123 2074 1492 2146 Theophanis,
1522 2074 1720 2146 prioris
1762 2073 1906 2127 illius

317 2169 409 2234 qui
441 2170 620 2237 primo
644 2167 860 2233 Leonis,
891 2178 946 2223 et
980 2170 1302 2238 posterioris
1331 2170 1424 2241 qui
1467 2167 1632 2223 tertio
1661 2166 1902 2236 ejusdem

317 2276 465 2314 anno
498 2261 632 2314 obiit
667 2278 761 2330 pro
792 2260 1030 2329 ejusdem
1069 2276 1246 2318 causa:
1291 2262 1591 2331 patrocinio
1623 2280 1638 2318 :
1672 2264 1764 2332 qni
1815 2275 1905 2316 se-

317 2353 533 2404 r'umltts
577 2354 737 2406 etiam
786 2352 998 2408 lsaacus
1043 2355 1218 2409 tlirtns
1255 2372 1270 2409 :
1308 2355 1494 2408 eadem
1529 2370 1654 2409 vero
1701 2354 1906 2409 ratione

316 2450 469 2506 nitet
519 2439 906 2510 Theophanem
962 2443 1104 2497 hunc
1169 2445 1430 2499 isaatium
1478 2460 1507 2498 a
1559 2457 1744 2500 nostro
1785 2460 1908 2500 e-se

315 2537 643 2591 distantem.
685 2539 902 2593 Tertius
947 2539 1304 2609 Theophanes
1364 2541 1616 2610 proprior
1660 2551 1744 2596 e~t
1791 2557 1907 2594 tero

317 2629 496 2683 nostri
530 2628 875 2699 Theophanis
903 2650 916 2685 :
945 2633 1056 2696 iile,
1090 2632 1330 2699 inquam,
1349 2632 1441 2702 qui
1473 2648 1595 2687 cum
1623 2631 1908 2687 Theodoro

315 2729 371 2768 et
399 2719 663 2784 sanguine
685 2729 738 2772 et
767 2721 960 2788 insigni
988 2722 1184 2775 virtute
1205 2736 1466 2792 germano
1497 2724 1549 2774 in
1578 2722 1908 2776 monasterio

319 2809 384 2865 Β.
422 2809 582 2863 Saba!
609 2814 901 2877 enutritus,
958 2829 1083 2867 cum
1119 2825 1304 2880 pua'ca
1338 2829 1435 2884 pro
1477 2813 1581 2870 SS.
1618 2815 1905 2883 imaginum

316 2902 472 2954 cultu
504 2903 763 2958 adversus
799 2902 1032 2957 Leoitetu
1062 2907 1354 2959 Armenum
1387 2914 1610 2961 strenue
1659 2905 1909 2961 decerta—

322 3005 426 3060 ret,
459 2997 580 3066 ejus
603 2997 759 3066 jussu
793 2998 1109 3054 verberibus
1136 3013 1310 3054 ea-sns
1339 2999 1392 3054 in
1420 2999 1676 3054 exsilium
1703 2998 1910 3067 ejertns

319 3098 438 3153 est;
470 3089 565 3142 sed
595 3104 662 3143 eo
697 3100 912 3144 tnurtuo
959 3104 1146 3146 rursns
1173 3087 1474 3157 Theophila
1517 3092 1770 3160 imperat.
1814 3106 1912 3146 ea-

321 3181 450 3236 dem
478 3181 670 3236 lueresi
704 3183 924 3238 detento
949 3191 1261 3237 constanter
1279 3185 1558 3248 resistens,
1593 3183 1912 3240 terberibus

324 3275 524 3329 iterum
558 3284 616 3328 et
653 3276 845 3329 exsilio
886 3274 1112 3332 affectus
1152 3293 1164 3330 :
1209 3277 1263 3331 in
1297 3293 1404 3346 quo
1437 3293 1560 3333 cum
1595 3277 1915 3333 Theodorus

322 3366 660 3434 t-xSpirassi-t
697 3366 752 3420 in
797 3380 1038 3430 cari-ere,
1089 3367 1472 3437 Theophanes,
1513 3383 1648 3438 pare
1693 3369 1910 3424 demum

326 3455 590 3510 ECt‘icsitn
617 3455 854 3521 reddita,
887 3455 1061 3512 factus
1095 3471 1124 3510 a
1168 3457 1226 3510 S.
1261 3456 1536 3513 Methodio
1574 3457 1766 3515 Nicaeae
1797 3473 1913 3514 me-

327 3550 629 3618 tropolita,
694 3549 746 3602 in
811 3549 892 3603 sui
967 3551 1205 3605 muneris
1269 3553 1562 3619 pastoralis
1629 3551 1912 3608 {unctione

323 3645 566 3699 excessit
621 3663 654 3696 e
709 3645 838 3696 vita.
907 3641 1030 3698 llaec
1097 3660 1161 3698 ex
1226 3643 1606 3715 Martyruiogio
1673 3645 1914 3700 Romano

325 3737 674 3807 potissimum
725 3739 990 3809 descripsi
1047 3739 1113 3791 ad
1163 3737 1507 3809 TheOpbanis
1533 3738 1733 3794 Niczeni
1783 3754 1908 3808 pro-

328 3830 564 3886 dendam
642 3829 905 3885 notitiam.
992 3830 1150 3887 Plura
1227 3831 1294 3887 de
1362 3831 1427 3886 iis
1495 3828 1597 3885 SS.
1653 3829 1912 3886 fratribus

331 3925 482 3989 alii;
545 3923 842 3992 scriptores
894 3938 1074 3978 rerum
1128 3913 1420 3978 Orientalis
1489 3923 1742 3993 imperii,
1805 3924 1908 3979 Ce-

330 4019 536 4072 drenus
590 4017 978 4086 Curepalates,
1027 4015 1304 4081 Zonaras,
1345 4017 1563 4087 Glycas,
1613 4018 1914 4085 Man-asses,

335 4107 637 4175 llenologia
679 4107 1020 4174 Cramurum,
1059 4109 1345 4172 Batonius,
1378 4126 1442 4165 ex
1499 4110 1700 4181 quibus
1751 4112 1913 4166 etiam

335 4201 614 4270 proditum
672 4210 777 4264 est,
832 4215 1017 4256 eorum
1067 4203 1340 4257 frontibus
1392 4219 1496 4257 non
1550 4203 1668 4257 sine
1723 4219 1916 4274 magno

334 4294 584 4347 cruciatu
643 4291 852 4348 iambos
904 4293 1216 4363 inscriptus,
1275 4303 1333 4348 ut
1378 4304 1632 4363 tanquam
1693 4296 1915 4350 litterati

334 4383 481 4435 servi
514 4381 967 4449 traducerentur;
996 4384 1298 4438 cruciatum
1329 4394 1489 4454 atque
1519 4384 1681 4438 etiam
1708 4386 1917 4440 iambos

338 4470 590 4526 referunt
635 4479 887 4527 auctores
924 4473 1100 4528 relati.
1145 4472 1297 4528 llnnc
1333 4475 1716 4544 Theophanem
1769 4495 1918 4532 mar-

337 4576 511 4634 tyrem
549 4571 826 4618 auctorem
879 4564 1008 4618 facit
1047 4565 1394 4634 epistularum
1440 4584 1562 4636 qua:
1594 4570 1694 4622 sub
1738 4568 1918 4624 Τιιυη-

336 4659 533 4726 phanis
575 4654 782 4710 Nicasui
823 4656 1061 4726 episropi
1103 4657 1322 4711 nomine
1362 4652 1577 4713 exsuutt
1623 4660 1917 4716 Consalvus

336 4750 520 4806 l'once
551 4750 668 4818 qui,
707 4765 799 4804 eas
833 4749 1020 4805 Latine
1047 4752 1461 4821 interpretatus,
1507 4754 1707 4809 additis
1749 4758 1914 4822 notis,

336 4845 389 4894 in
433 4845 612 4896 lucem
653 4841 843 4909 edidit,
884 4858 1021 4912 quas
1065 4860 1165 4898 nos
1196 4859 1385 4900 Omnes
1436 4848 1781 4916 perlegimus.
1835 4851 1914 4904 Ad

340 4949 451 4987 rem
513 4933 703 5005 igitur.
755 4932 887 4987 Cum
950 4936 1036 4990 hic
1097 4936 1455 5006 Theophanes
1525 4939 1583 4992 S.
1659 4939 1916 4995 Methodii

342 5037 584 5094 tempore
635 5025 851 5090 ubicrit,
890 5036 1016 5080 tunc
1051 5027 1408 5095 Theophanes
1452 5030 1769 5095 Gemmeus,
1823 5036 1915 5103 qui

343 5132 523 5185 postea
583 5114 1070 5174 Taurumenitanus
1115 5122 1406 5189 episcopus
1453 5133 1672 5180 creatus
1720 5135 1806 5178 est
1865 5128 1917 5178 in

346 5210 677 5286 monasterio
723 5209 783 5264 S.
845 5211 1112 5277 Androm,
1151 5214 1346 5279 titiam
1394 5230 1493 5269 suo
1539 5217 1660 5271 loco
1719 5219 1916 5281 dicam,

342 5302 591 5373 degebat,
618 5302 854 5357 non-ium
879 5303 944 5357 ad
971 5305 1209 5375 episc0pi
1239 5306 1491 5360 thromnn
1512 5321 1763 5372 ercetus;
1795 5325 1916 5362 nam

345 5393 410 5444 ab
431 5405 660 5446 excessu
698 5391 755 5445 ὃ.
775 5390 1051 5457 Methodii,
1067 5394 1390 5467 quicontigit
1408 5410 1551 5450 anno
1569 5411 1731 5466 supra
1749 5399 1923 5453 uelit:-

347 5483 652 5551 gentesiino
708 5483 1122 5550 quadragesimo
1172 5488 1424 5558 septimo,
1459 5504 1627 5556 uSque
1651 5492 1718 5543 ad
1745 5506 1920 5545 nona-

347 5574 632 5641 gesimum,
647 5589 757 5642 quo
771 5574 1128 5646 Theophanes
1147 5589 1332 5634 noster
1347 5590 1681 5634 senectutem
1707 5584 1920 5651 agebat.

352 5663 688 5721 intercedunt
729 5665 854 5720 anui
885 5667 1240 5737 quadraginta
1285 5679 1416 5725 tres.
1460 5670 1658 5725 Verum
1706 5689 1769 5726 ex
1824 5674 1923 5727 hac

352 5755 616 5811 subducta
667 5765 968 5816 tontnorum
1007 5758 1234 5821 ratione.
1270 5777 1374 5816 non
1427 5774 1687 5821 remittunt
1735 5761 1914 5818 ’l‘heo~

2065 297 2494 360 PROOEMIUM
2533 295 2615 356 Π.
3504 282 3576 342 8‘2

2009 413 2244 482 phanem
2306 409 2457 463 iilutn
2508 409 2601 477 qui
2643 403 2901 475 ‘prarscns
2961 401 3060 455 fuit
3118 400 3172 452 in
3231 395 3585 451 translatione

2003 503 2242 570 corporis
2272 503 2329 558 S.
2352 499 2636 570 Nicephori
2665 493 2985 568 patriarrhzc
3000 487 3585 557 Constantinopolitaui

2003 595 2144 665 quod
2186 595 2352 648 refert
2401 593 2668 646 Baruuius
2715 591 2781 644 ad
2831 603 3029 642 annuat
3080 586 3207 650 Siti,
3265 597 3364 638 nec
3411 581 3586 636 solum

2003 696 2299 756 spectator,
2335 686 2430 739 sed
2480 694 2530 739 et
2579 684 2815 751 scriptor
2863 681 2981 749 ejus
3026 676 3187 740 Vitae,
3237 685 3294 730 et
3337 673 3588 726 laudator

2004 794 2099 846 pro
2131 778 2391 833 concione
2423 778 2473 828 in
2502 790 2562 829 ea
2609 774 2906 828 :elehritate
2939 771 3060 832 fuit,
3090 768 3343 823 eumdem
3376 781 3494 818 esse
3524 778 3587 818 ac

2003 865 2392 937 Theophanem
2415 864 2732 921 Ceramcum
2767 884 2779 918 :
2817 879 2944 922 non,
2981 863 3227 931 inquam,
3269 856 3411 911 ratio
3449 865 3586 908 tem-

2005 976 2196 1029 pormn
2220 961 2421 1021 obstat,
2445 959 2537 1013 sed
2564 957 2738 1012 obstat
2760 956 2900 1024 quod
2934 956 3021 1009 itte
3047 953 3279 1021 scriptor
3303 951 3590 1020 presbyter

2006 1052 2220 1105 dicatur
2267 1049 2437 1106 fuisse
2471 1065 2500 1104 a
2552 1049 2803 1111 Baronio,
2840 1056 3022 1101 noster
3075 1044 3377 1098 monachus
3428 1051 3587 1096 antea

2005 1141 2300 1208 exstiterit,
2339 1156 2461 1195 eum
2507 1143 2795 1208 episcopus
2827 1137 2992 1192 fuerit
3025 1155 3038 1191 :
3080 1135 3221 1204 quod
3255 1149 3418 1202 supra
3453 1146 3588 1185 con-

2008 1242 2221 1285 stanter
2263 1231 2586 1300 requisitum
2629 1247 2658 1284 a
2689 1230 2898 1285 Grzeeis
2931 1228 3143 1283 ostendi
3180 1225 3207 1295 §
3246 1227 3286 1279 ll
3323 1243 3337 1278 :
3395 1223 3591 1278 deinde

2007 1340 2304 1395 cognomen
2338 1324 2435 1378 τοῦ
2462 1326 2536 1377 K5
2547 1342 2616 1396 pa.
2625 1325 2768 1393 μέρος
2805 1322 3019 1375 animm
3050 1332 3223 1389 usque
3246 1326 3431 1371 nostro
3453 1314 3587 1366 satis

2005 1432 2130 1472 eum
2161 1435 2190 1471 a
2224 1420 2416 1488 quovis
2451 1418 2558 1471 alio
2587 1417 2797 1470 videtur
2826 1417 3155 1468 distet-nere.
3183 1410 3260 1464 Ex
3290 1422 3397 1480 quo
3424 1408 3585 1462 etiam

2007 1519 2215 1564 certum
2263 1518 2349 1564 ext
2402 1508 2531 1562 mihi
2592 1506 2746 1576 plane
2803 1507 2965 1559 alium
3025 1518 3146 1558 esse
3200 1497 3586 1568 ThnOphanem

2010 1613 2256 1658 nostrum
2291 1603 2360 1656 ab
2389 1602 2482 1655 illo
2515 1602 2628 1669 qui,
2660 1611 2710 1652 ut
2744 1600 2879 1651 idem
2935 1597 3193 1650 liaronius
3236 1590 3420 1652 refert,
3458 1589 3589 1643 Vixit

2008 1702 2254 1763 tempore
2297 1693 2479 1748 Basilii
2534 1692 2897 1754 Macedonis;
2963 1689 3138 1757 regius
3189 1686 3308 1756 ejus
3359 1683 3595 1737 clericus

2009 1790 2288 1857 sapientia:
2339 1787 2558 1840 nomine
2605 1786 2778 1839 eidem
2826 1784 3041 1838 Charus
3089 1776 3400 1849 itttpcratori
3431 1819 3444 1839 ,
3499 1775 3587 1841 qui

2011 1880 2230 1936 fraudes
2260 1880 2433 1935 l’hOtii
2466 1880 2754 1947 promovit,
2779 1893 2902 1932 cum
2931 1878 3125 1930 librum
3155 1874 3220 1928 tle
3246 1870 3589 1943 imperatoris

2009 1973 2321 2042 genealogia
2373 1973 2634 2042 scriptum
2687 1971 2997 2040 imperatori
3061 1968 3322 2029 oblatum,
3385 1978 3413 2016 a
3472 1961 3587 2015 Solo

2011 2077 2192 2119 tamen
2223 2064 2416 2118 Photio
2456 2062 2676 2132 intelligi
2717 2075 2876 2130 posse
2917 2057 3171 2113 memitus
3196 2069 3296 2110 est.
3327 2050 3589 2120 Quamvis

2009 2157 2152 2210 enim
2205 2157 2530 2212 conveniant
2593 2163 2832 2221 tempora
2867 2192 2883 2217 ,
2939 2162 3116 2205 tamen
3181 2163 3302 2202 cum
3358 2147 3592 2201 clericus

2010 2252 2225 2305 dicatur
2259 2248 2346 2303 ille
2378 2249 2563 2312 fuisse,
2600 2256 2656 2302 et
2683 2247 2900 2315 quidem
2935 2243 3164 2306 aulicus,
3198 2249 3381 2295 noster
3402 2249 3588 2292 autem

2012 2347 2094 2402 νει
2133 2347 2422 2416 episcOpns
2451 2341 2944 2398 'l‘auromeuitanus
2977 2353 3042 2394 eo
3067 2348 3309 2404 tempore
3348 2334 3456 2402 jam
3487 2331 3588 2385 ini—-

2013 2439 2179 2493 tiatus
2222 2453 2342 2493 esse
2375 2435 2643 2499 debuerit,
2695 2432 2775 2487 vel
2821 2432 2996 2485 adlmc
3033 2428 3386 2485 monasticam
3423 2426 3586 2478 vitam

2013 2535 2065 2587 iu
2095 2531 2343 2587 emnohio
2377 2531 2435 2583 S.
2466 2528 2695 2583 Autlreai
2737 2529 2789 2580 in
2844 2524 3055 2589 Sicilia,
3095 2523 3210 2577 sive
3236 2521 3398 2575 etiam
3441 2519 3586 2580 alibi,

2011 2608 2132 2679 eum
2170 2642 2232 2680 ex
2270 2622 2550 2678 menaehis
2579 2621 2716 2688 apud
2747 2618 2986 2681 (Συ-διευς,
3019 2624 3074 2671 ut
3103 2628 3262 2684 supra
3308 2613 3440 2675 dixi,
3492 2613 3592 2666 eli-

2012 2727 2267 2788 gerentur
2297 2718 2556 2787 episcopi,
2588 2716 2744 2784 plane
2785 2715 2920 2771 mihi
2960 2727 3277 2782 persuasum
3311 2717 3393 2763 est
3424 2710 3588 2762 alium

2012 2828 2132 2866 esse
2147 2810 2532 2875 Theophanem
2555 2811 2702 2861 illum
2728 2808 2983 2863 clericum
3009 2806 3076 2857 ab
3097 2802 3352 2870 episeopo
3372 2799 3587 2864 Nostro;

2013 2917 2065 2960 ct
2097 2919 2231 2960 sane
2262 2903 2448 2974 pietati
2500 2919 2565 2958 ac
2596 2903 2854 2956 virtutum
2903 2895 3423 2969 perfectissitmeque
3471 2895 3590 2946 vitae

2014 2998 2191 3054 studio
2207 2998 2349 3069 quod
2367 2994 2560 3051 Noster
2595 2996 2680 3050 his
2709 2994 3049 3048 sermonibus
3072 2988 3304 3060 prmfert.
3337 2989 3590 3056 quodque

2017 3105 2116 3146 nos
2147 3089 2316 3144 fusius
2347 3086 2736 3158 caplicabimus
2767 3083 2794 3157 §
2826 3082 2943 3136 \‘ll'.
2976 3091 3030 3136 et
3059 3079 3149 3146 IX,
3175 3079 3371 3148 duplici
3420 3078 3494 3132 illi
3528 3094 3591 3134 ac

2017 3188 2240 3234 versuto
2271 3176 2486 3248 ingenio
2511 3174 2882 3241 voluntatique
2907 3170 3210 3240 decipiendi
3242 3166 3591 3236 Theophanis

2017 3270 2199 3326 clerici
2255 3275 2576 3340 repugnant.
2625 3265 2749 3320 iltec
2786 3263 2970 3330 habui,
3013 3278 3132 3333 quin
3187 3260 3381 3332 partim
3429 3261 3594 3315 certis

2018 3373 2321 3432 temporum
2346 3359 2702 3431 argumentis,
2732 3357 2928 3425 partim
2953 3353 3279 3423 coniecturis
3302 3366 3365 3408 ex
3403 3353 3589 3408 iisdem

2017 3455 2352 3526 temporibus
2374 3461 2427 3508 et
2449 3452 2644 3508 studiis
2659 3451 2776 3505 vita:
2795 3449 3097 3518 desumptis
3117 3446 3364 3502 aﬂ‘errem
3388 3445 3454 3500 de
3474 3443 3586 3499 dis-

2018 3550 2278 3605 tinctione
2309 3561 2496 3604 eorum
2518 3546 2610 3614 qui
2642 3542 2994 3612 Theophanis
3036 3539 3254 3595 nomine
3289 3539 3529 3607 insignes
3564 3556 3590 3587 ει

2018 3639 2215 3695 Nostro
2242 3637 2444 3693 diversi
2481 3635 2822 3692 existimandi
2861 3641 3004 3688 sttui.
3038 3628 3182 3685 Nihil
3221 3644 3381 3701 porro
3403 3645 3591 3683 eorum

2017 3749 2137 3805 quzc
2161 3732 2337 3790 studio
2364 3729 2604 3785 adhibito
2653 3729 2912 3798 comp-ri,
2943 3728 3144 3780 elatum
3176 3740 3300 3781 esse
3335 3725 3590 3778 lectorem

2018 3824 2183 3885 volui,
2216 3830 2466 3892 utquam
2511 3835 2640 3876 sana
2674 3828 2729 3870 et
2765 3821 2970 3888 integra
3017 3817 3120 3871 lide
3170 3815 3286 3870 hare
3328 3813 3602 3885 proferam

2018 3917 2392 3986 Coniectanea,
2425 3914 2596 3984 quiiis
2635 3912 2915 3980 intelligat,

2022 4079 2049 4151 §
2105 4078 2166 4132 Il.
2219 4076 2420 4145 Duplex
2476 4089 2661 4127 nomen
2721 4073 2952 4151 auctoris
3006 4071 3344 4125 Itontiliaruut
3384 4087 3594 4124 :unutu

2478 4159 2759 4214 cognomen
2775 4183 2791 4209 ,
2829 4145 3137 4199 CERAMEUS.

2094 4283 2324 4338 Distinxi
2363 4282 2626 4335 hactenus
2657 4279 2980 4351 ὁμωνυμίαν
3011 4278 3380 4349 TheOphanis,
3409 4279 3460 4330 in
3497 4279 3598 4334 hoc

2021 4375 2362 4447 paragrapho
2403 4373 2508 4429 erit
2541 4373 2668 4443 περὶ
2709 4371 3008 4442 διωνυμζας
3043 4386 3135 4425 seu
3171 4373 3347 4440 potius
3393 4370 3597 4423 πολυωο

2022 4469 2219 4541 νυμίσς
2262 4466 2699 4537 ceujectandum.
2734 4463 2943 4520 Etenim
2981 4463 3123 4531 quod
3162 4464 3212 4516 in
3251 4463 3433 4517 multis
3476 4462 3596 4515 aliis

2024 4573 2263 4617 \eterum
2298 4559 2516 4615 Patrum
2553 4555 2918 4612 monumentis
2952 4556 3234 4620 nsuveuit,
3267 4564 3323 4608 ut
3357 4555 3596 4623 pluribus

2021 4654 2278 4722 instripta
2315 4650 2628 4705 auctoribus
2661 4647 2850 4704 cadent
2888 4646 2953 4700 ad
2988 4658 3234 4717 posteros
3278 4649 3595 4700 transmissa

2018 4749 2153 4813 sint,
2179 4753 2236 4800 ut
2268 4743 2334 4799 de
2364 4743 2706 4798 sermonibus
2741 4738 2958 4794 Eusebii
2993 4738 3280 4802 Emissem,
3305 4747 3352 4792 el
3393 4738 3598 4791 Eur-he-

2025 4840 2111 4904 rii,
2138 4849 2194 4893 ct
2219 4837 2457 4902 Maximi,
2486 4848 2541 4891 et
2568 4834 2862 4890 Ambrosii.
2891 4833 3199 4903 Augustini,
3225 4843 3278 4887 et
3307 4832 3597 4899 Fulgentii,

2023 4935 2366 4985 adverterunt
2398 4929 2492 5001 qui
2533 4929 2584 4981 iu
2623 4928 2688 4981 iis
2721 4925 3115 4998 perlustrandis
3145 4940 3364 4993 epotam
3399 4940 3592 4992 pusw.

2025 5033 2177 5078 rultl'.
2218 5022 2512 5092 praesertim
2551 5036 2676 5071 vero
2709 5017 3170 5074 eminentiwimus
3204 5033 3387 5069 eorum
3429 5019 3595 5072 lector

2022 5125 2073 5167 ρι
2107 5130 2302 5169 censor
2336 5114 2623 5168 eardinalis
2662 5110 3017 5166 Bellarmiuus
3061 5111 3111 5162 in
3152 5125 3315 5177 opere
3356 5110 3427 5161 De
3462 5112 3596 5163 srri-

2021 5209 2253 5278 ptoribus
2281 5207 2486 5272 erdem,
2513 5207 2583 5259 ita
2615 5216 2663 5259 et
2694 5205 2744 5259 in
2776 5204 2860 5258 his
2891 5201 3127 5256 homiliis
3157 5217 3290 5269 quas
3320 5206 3509 5255 damus
3546 5205 3595 5255 in

2024 5303 2216 5355 lucem.
2245 5299 2452 5354 Eat-dent
2481 5298 2621 5352 enim
2650 5307 2701 5351 et
2723 5294 3058 5363 Theophani,
3084 5306 3137 5348 et
3162 5293 3442 5358 Gregorio,
3469 5298 3594 5361 quin

2024 5407 2078 5452 et
2108 5395 2352 5463 Philippo
2377 5403 2502 5448 sunt
2527 5391 2794 5446 attriluttze
2826 5407 2837 5440 :
2872 5403 3099 5458 quorum
3132 5389 3367 5455 priorum
3398 5407 3596 5455 ungui:-

2028 5506 2152 5545 tnen
2183 5489 2322 5542 idem
2352 5500 2622 5554 unmnque
2654 5493 2734 5537 est
2760 5481 3069 5552 Κεραμεύρ,
3102 5483 3242 5536 tettii
3277 5483 3594 5550 Κεραξιίῖης

2026 5579 2170 5650 quod
2204 5591 2508 5646 quanquam
2544 5575 2758 5629 diverso
2791 5572 3130 5636 ilequdem
3173 5579 3351 5624 tamen
3390 5589 3591 5631 coquu-

2030 5685 2150 5725 men
2196 5675 2280 5723 est
2319 5681 2511 5731 sensu;
2557 5674 2614 5719 et
2653 5663 2903 5733 Figulum
2948 5663 3135 5718 Latine
3183 5663 3592 5729 interpretatum

2033 5764 2256 5822 dicitur;
2295 5759 2388 5815 sed
2421 5757 2489 5812 de
2522 5758 2623 5813 hoc
2657 5756 2816 5811 tertio
2849 5756 2954 5810 erit
2985 5754 3142 5810 nobis
3174 5769 3352 5809 sermo
3387 5763 3596 5820 postre-
