  <div class='ocr_page' id='page_1' title='image "/cluster/home/n/w/nwhite01/storage/ocr_20150623/132/mdp.39015061535228/049.png"; bbox 0 0 4104 6290; ppageno 0'>
   <div class='ocr_carea' id='block_1_1' title="bbox 506 294 575 356">
    <p class='ocr_par' dir='ltr' id='par_1_1' title="bbox 506 294 575 356">
     <span class='ocr_line' id='line_1_1' title="bbox 506 294 575 356; baseline -0.072 0"><span class='ocrx_word' id='word_1_1' title='bbox 506 294 575 356; x_wconf 73' lang='lat'><strong>83</strong></span> 
     </span>
    </p>
   </div>
   <div class='ocr_carea' id='block_1_2' title="bbox 507 408 2086 499">
    <p class='ocr_par' dir='ltr' id='par_1_2' title="bbox 507 408 2086 499">
     <span class='ocr_line' id='line_1_2' title="bbox 507 408 2086 499; baseline 0.018 -39"><span class='ocrx_word' id='word_1_2' title='bbox 507 426 647 465; x_wconf 87' lang='lat' dir='ltr'><strong>ntus.</strong></span> <span class='ocrx_word' id='word_1_3' title='bbox 673 410 824 466; x_wconf 77' lang='lat' dir='ltr'><strong>Nunc</strong></span> <span class='ocrx_word' id='word_1_4' title='bbox 848 413 913 467; x_wconf 83' lang='lat' dir='ltr'><strong>de</strong></span> <span class='ocrx_word' id='word_1_5' title='bbox 934 413 1134 484; x_wconf 80' lang='lat' dir='ltr'><strong>duplici</strong></span> <span class='ocrx_word' id='word_1_6' title='bbox 1157 408 1503 490; x_wconf 51' lang='lat' dir='ltr'><strong>Theophanis</strong></span> <span class='ocrx_word' id='word_1_7' title='bbox 1524 433 1580 478; x_wconf 90' lang='lat' dir='ltr'><strong>et</strong></span> <span class='ocrx_word' id='word_1_8' title='bbox 1598 424 1842 499; x_wconf 87' lang='lat' dir='ltr'><strong>Gregorii</strong></span> <span class='ocrx_word' id='word_1_9' title='bbox 1864 431 2086 488; x_wconf 89' lang='lat' dir='ltr'><strong>nomine</strong></span> 
     </span>
    </p>
   </div>
   <div class='ocr_carea' id='block_1_3' title="bbox 503 504 2083 586">
    <p class='ocr_par' dir='ltr' id='par_1_3' title="bbox 503 504 2083 586">
     <span class='ocr_line' id='line_1_3' title="bbox 503 504 2083 586; baseline 0.016 -33"><span class='ocrx_word' id='word_1_10' title='bbox 503 504 834 570; x_wconf 73' lang='lat' dir='ltr'><strong>exponenda:</strong></span> <span class='ocrx_word' id='word_1_11' title='bbox 869 506 921 561; x_wconf 91' lang='lat' dir='ltr'><strong>in</strong></span> <span class='ocrx_word' id='word_1_12' title='bbox 954 509 1133 563; x_wconf 88' lang='lat' dir='ltr'><strong>medio</strong></span> <span class='ocrx_word' id='word_1_13' title='bbox 1167 511 1513 582; x_wconf 68' lang='lat' dir='ltr'><strong>conjecturte.</strong></span> <span class='ocrx_word' id='word_1_14' title='bbox 1546 514 1604 573; x_wconf 89' lang='lat' dir='ltr'><strong>in</strong></span> <span class='ocrx_word' id='word_1_15' title='bbox 1645 519 1889 586; x_wconf 80' lang='lat' dir='ltr'><strong>pluribus</strong></span> <span class='ocrx_word' id='word_1_16' title='bbox 1928 523 2083 578; x_wconf 87' lang='lat' dir='ltr'><strong>nobi-</strong></span> 
     </span>
    </p>
   </div>
   <div class='ocr_carea' id='block_1_4' title="bbox 504 594 2086 683">
    <p class='ocr_par' dir='ltr' id='par_1_4' title="bbox 504 594 2086 683">
     <span class='ocr_line' id='line_1_4' title="bbox 504 594 2086 683; baseline 0.013 -36"><span class='ocrx_word' id='word_1_17' title='bbox 504 594 724 653; x_wconf 89' lang='lat' dir='ltr'><strong>lissimis</strong></span> <span class='ocrx_word' id='word_1_18' title='bbox 756 598 1098 657; x_wconf 88' lang='lat' dir='ltr'><strong>bibliothecis</strong></span> <span class='ocrx_word' id='word_1_19' title='bbox 1125 602 1369 674; x_wconf 67' lang='lat' dir='ltr'><strong>Europm,</strong></span> <span class='ocrx_word' id='word_1_20' title='bbox 1393 607 1690 679; x_wconf 79' lang='lat' dir='ltr'><strong>Gallicana,</strong></span> <span class='ocrx_word' id='word_1_21' title='bbox 1718 611 2086 683; x_wconf 77' lang='lat' dir='ltr'><strong>Hispaniensi,</strong></span> 
     </span>
    </p>
   </div>
   <div class='ocr_carea' id='block_1_5' title="bbox 504 690 2087 763">
    <p class='ocr_par' dir='ltr' id='par_1_5' title="bbox 504 690 2087 763">
     <span class='ocr_line' id='line_1_5' title="bbox 504 690 2087 763; baseline 0.015 -23"><span class='ocrx_word' id='word_1_22' title='bbox 504 690 802 755; x_wconf 68' lang='lat' dir='ltr'><strong>praesertim</strong></span> <span class='ocrx_word' id='word_1_23' title='bbox 829 707 959 748; x_wconf 86' lang='lat' dir='ltr'><strong>vero</strong></span> <span class='ocrx_word' id='word_1_24' title='bbox 983 694 1243 751; x_wconf 66' lang='lat' dir='ltr'><strong>Vaticana</strong></span> <span class='ocrx_word' id='word_1_25' title='bbox 1275 700 1482 758; x_wconf 87' lang='lat' dir='ltr'><strong>duobus</strong></span> <span class='ocrx_word' id='word_1_26' title='bbox 1510 704 1782 761; x_wconf 89' lang='lat' dir='ltr'><strong>distinctis</strong></span> <span class='ocrx_word' id='word_1_27' title='bbox 1808 706 2087 763; x_wconf 83' lang='lat' dir='ltr'><strong>codicibus</strong></span> 
     </span>
    </p>
   </div>
   <div class='ocr_carea' id='block_1_6' title="bbox 500 782 2082 871">
    <p class='ocr_par' dir='ltr' id='par_1_6' title="bbox 500 782 2082 871">
     <span class='ocr_line' id='line_1_6' title="bbox 500 782 2082 871; baseline 0.013 -38"><span class='ocrx_word' id='word_1_28' title='bbox 500 782 555 835; x_wconf 90' lang='lat' dir='ltr'><strong>in</strong></span> <span class='ocrx_word' id='word_1_29' title='bbox 605 799 735 839; x_wconf 88' lang='lat' dir='ltr'><strong>mss.</strong></span> <span class='ocrx_word' id='word_1_30' title='bbox 779 786 983 842; x_wconf 69' lang='lat' dir='ltr'><strong>caedent</strong></span> <span class='ocrx_word' id='word_1_31' title='bbox 1032 798 1088 844; x_wconf 88' lang='lat' dir='ltr'><strong>et</strong></span> <span class='ocrx_word' id='word_1_32' title='bbox 1132 804 1389 847; x_wconf 89' lang='lat' dir='ltr'><strong>contextu</strong></span> <span class='ocrx_word' id='word_1_33' title='bbox 1439 805 1492 850; x_wconf 90' lang='lat' dir='ltr'><strong>et</strong></span> <span class='ocrx_word' id='word_1_34' title='bbox 1541 811 1768 853; x_wconf 88' lang='lat' dir='ltr'><strong>numero</strong></span> <span class='ocrx_word' id='word_1_35' title='bbox 1809 798 1920 855; x_wconf 80' lang='lat' dir='ltr'><strong>fere</strong></span> <span class='ocrx_word' id='word_1_36' title='bbox 1967 801 2082 871; x_wconf 91' lang='lat' dir='ltr'><strong>pari</strong></span> 
     </span>
    </p>
   </div>
   <div class='ocr_carea' id='block_1_7' title="bbox 501 874 2081 963">
    <p class='ocr_par' dir='ltr' id='par_1_7' title="bbox 501 874 2081 963">
     <span class='ocr_line' id='line_1_7' title="bbox 501 874 2081 963; baseline 0.012 -36"><span class='ocrx_word' id='word_1_37' title='bbox 501 874 738 933; x_wconf 74' lang='lat' dir='ltr'><strong>humilia:</strong></span> <span class='ocrx_word' id='word_1_38' title='bbox 784 880 839 937; x_wconf 87' lang='lat' dir='ltr'><strong>in</strong></span> <span class='ocrx_word' id='word_1_39' title='bbox 884 881 1060 939; x_wconf 86' lang='lat' dir='ltr'><strong>altero</strong></span> <span class='ocrx_word' id='word_1_40' title='bbox 1100 881 1483 953; x_wconf 80' lang='lat' dir='ltr'><strong>Theophanis,</strong></span> <span class='ocrx_word' id='word_1_41' title='bbox 1516 888 1572 943; x_wconf 94' lang='lat' dir='ltr'><strong>in</strong></span> <span class='ocrx_word' id='word_1_42' title='bbox 1619 886 1792 947; x_wconf 82' lang='lat' dir='ltr'><strong>altero</strong></span> <span class='ocrx_word' id='word_1_43' title='bbox 1833 889 2081 963; x_wconf 86' lang='lat' dir='ltr'><strong>Gregorii</strong></span> 
     </span>
    </p>
   </div>
   <div class='ocr_carea' id='block_1_8' title="bbox 498 972 2080 1043">
    <p class='ocr_par' dir='ltr' id='par_1_8' title="bbox 498 972 2080 1043">
     <span class='ocr_line' id='line_1_8' title="bbox 498 972 2080 1043; baseline 0.009 -20"><span class='ocrx_word' id='word_1_44' title='bbox 498 972 874 1040; x_wconf 64' lang='lat' dir='ltr'><strong>praescriptum</strong></span> <span class='ocrx_word' id='word_1_45' title='bbox 916 972 1211 1043; x_wconf 48' lang='lat' dir='ltr'><strong>proferunt</strong></span> <span class='ocrx_word' id='word_1_46' title='bbox 1250 992 1470 1035; x_wconf 83' lang='lat' dir='ltr'><strong>nomen.</strong></span> <span class='ocrx_word' id='word_1_47' title='bbox 1501 980 1608 1036; x_wconf 85' lang='lat' dir='ltr'><strong>Sed</strong></span> <span class='ocrx_word' id='word_1_48' title='bbox 1642 983 1695 1037; x_wconf 89' lang='lat' dir='ltr'><strong>itt</strong></span> <span class='ocrx_word' id='word_1_49' title='bbox 1731 982 1835 1043; x_wconf 89' lang='lat' dir='ltr'><strong>hac</strong></span> <span class='ocrx_word' id='word_1_50' title='bbox 1866 984 2080 1039; x_wconf 86' lang='lat' dir='ltr'><strong>dissen-</strong></span> 
     </span>
    </p>
   </div>
   <div class='ocr_carea' id='block_1_9' title="bbox 495 1062 2082 1141">
    <p class='ocr_par' dir='ltr' id='par_1_9' title="bbox 495 1062 2082 1141">
     <span class='ocr_line' id='line_1_9' title="bbox 495 1062 2082 1141; baseline 0.009 -24"><span class='ocrx_word' id='word_1_51' title='bbox 495 1062 649 1117; x_wconf 88' lang='lat' dir='ltr'><strong>sione</strong></span> <span class='ocrx_word' id='word_1_52' title='bbox 694 1063 829 1119; x_wconf 89' lang='lat' dir='ltr'><strong>illud</strong></span> <span class='ocrx_word' id='word_1_53' title='bbox 876 1067 1039 1123; x_wconf 87' lang='lat' dir='ltr'><strong>modo</strong></span> <span class='ocrx_word' id='word_1_54' title='bbox 1081 1071 1368 1138; x_wconf 86' lang='lat' dir='ltr'><strong>convenit,</strong></span> <span class='ocrx_word' id='word_1_55' title='bbox 1399 1073 1549 1141; x_wconf 83' lang='lat' dir='ltr'><strong>quod</strong></span> <span class='ocrx_word' id='word_1_56' title='bbox 1594 1081 1646 1131; x_wconf 90' lang='lat' dir='ltr'><strong>et</strong></span> <span class='ocrx_word' id='word_1_57' title='bbox 1689 1074 1988 1133; x_wconf 84' lang='lat' dir='ltr'><strong>Ceranteus</strong></span> <span class='ocrx_word' id='word_1_58' title='bbox 2026 1087 2082 1131; x_wconf 90' lang='lat' dir='ltr'><strong>et</strong></span> 
     </span>
    </p>
   </div>
   <div class='ocr_carea' id='block_1_10' title="bbox 494 1153 2080 1235">
    <p class='ocr_par' dir='ltr' id='par_1_10' title="bbox 494 1153 2080 1235">
     <span class='ocr_line' id='line_1_10' title="bbox 494 1153 2080 1235; baseline 0.009 -28"><span class='ocrx_word' id='word_1_59' title='bbox 494 1153 940 1225; x_wconf 75' lang='lat' dir='ltr'><strong>archiepiscopus</strong></span> <span class='ocrx_word' id='word_1_60' title='bbox 960 1158 1450 1219; x_wconf 87' lang='lat' dir='ltr'><strong>Taurotucnitattus</strong></span> <span class='ocrx_word' id='word_1_61' title='bbox 1478 1164 1632 1235; x_wconf 87' lang='lat' dir='ltr'><strong>isque</strong></span> <span class='ocrx_word' id='word_1_62' title='bbox 1661 1166 2003 1235; x_wconf 64' lang='grc' dir='ltr'><strong>σοψῦτκτος,</strong></span> <span class='ocrx_word' id='word_1_63' title='bbox 2024 1174 2080 1221; x_wconf 86' lang='lat' dir='ltr'><strong>et</strong></span> 
     </span>
    </p>
   </div>
   <div class='ocr_carea' id='block_1_11' title="bbox 495 1248 2077 1331">
    <p class='ocr_par' dir='ltr' id='par_1_11' title="bbox 495 1248 2077 1331">
     <span class='ocr_line' id='line_1_11' title="bbox 495 1248 2077 1331; baseline 0.01 -31"><span class='ocrx_word' id='word_1_64' title='bbox 495 1248 971 1320; x_wconf 71' lang='grc' dir='ltr'><strong>ῥητορικώτατος,</strong></span> <span class='ocrx_word' id='word_1_65' title='bbox 998 1256 1416 1323; x_wconf 71' lang='lat' dir='ltr'><strong>sapientissimus</strong></span> <span class='ocrx_word' id='word_1_66' title='bbox 1456 1258 1711 1315; x_wconf 80' lang='lat' dir='ltr'><strong>nimirum</strong></span> <span class='ocrx_word' id='word_1_67' title='bbox 1745 1270 1801 1314; x_wconf 92' lang='lat' dir='ltr'><strong>et</strong></span> <span class='ocrx_word' id='word_1_68' title='bbox 1826 1258 2077 1331; x_wconf 75' lang='lat' dir='ltr'><strong>eloquen—</strong></span> 
     </span>
    </p>
   </div>
   <div class='ocr_carea' id='block_1_12' title="bbox 491 1341 2075 1425">
    <p class='ocr_par' dir='ltr' id='par_1_12' title="bbox 491 1341 2075 1425">
     <span class='ocr_line' id='line_1_12' title="bbox 491 1341 2075 1425; baseline 0.009 -32"><span class='ocrx_word' id='word_1_69' title='bbox 491 1341 730 1397; x_wconf 63' lang='lat' dir='ltr'><strong>tissimus</strong></span> <span class='ocrx_word' id='word_1_70' title='bbox 765 1343 1101 1403; x_wconf 70' lang='lat' dir='ltr'><strong>inscribitur.</strong></span> <span class='ocrx_word' id='word_1_71' title='bbox 1136 1346 1292 1405; x_wconf 85' lang='lat' dir='ltr'><strong>Unde</strong></span> <span class='ocrx_word' id='word_1_72' title='bbox 1324 1357 1419 1406; x_wconf 89' lang='lat' dir='ltr'><strong>aut</strong></span> <span class='ocrx_word' id='word_1_73' title='bbox 1448 1350 1584 1408; x_wconf 88' lang='lat' dir='ltr'><strong>duos</strong></span> <span class='ocrx_word' id='word_1_74' title='bbox 1616 1352 1898 1425; x_wconf 70' lang='lat' dir='ltr'><strong>episcopos</strong></span> <span class='ocrx_word' id='word_1_75' title='bbox 1925 1349 2075 1408; x_wconf 81' lang='lat' dir='ltr'><strong>Tau-</strong></span> 
     </span>
    </p>
   </div>
   <div class='ocr_carea' id='block_1_13' title="bbox 492 1435 2076 1517">
    <p class='ocr_par' dir='ltr' id='par_1_13' title="bbox 492 1435 2076 1517">
     <span class='ocr_line' id='line_1_13' title="bbox 492 1435 2076 1517; baseline 0.009 -29"><span class='ocrx_word' id='word_1_76' title='bbox 492 1435 722 1491; x_wconf 85' lang='lat' dir='ltr'><strong>remenii</strong></span> <span class='ocrx_word' id='word_1_77' title='bbox 742 1438 933 1494; x_wconf 86' lang='lat' dir='ltr'><strong>eodem</strong></span> <span class='ocrx_word' id='word_1_78' title='bbox 961 1441 1287 1509; x_wconf 77' lang='lat' dir='ltr'><strong>cognomine</strong></span> <span class='ocrx_word' id='word_1_79' title='bbox 1310 1441 1555 1511; x_wconf 79' lang='lat' dir='ltr'><strong>affectos.</strong></span> <span class='ocrx_word' id='word_1_80' title='bbox 1579 1446 1769 1502; x_wconf 85' lang='lat' dir='ltr'><strong>eadem</strong></span> <span class='ocrx_word' id='word_1_81' title='bbox 1791 1446 2076 1517; x_wconf 72' lang='lat' dir='ltr'><strong>sapientia:</strong></span> 
     </span>
    </p>
   </div>
   <div class='ocr_carea' id='block_1_14' title="bbox 488 1528 2071 1611">
    <p class='ocr_par' dir='ltr' id='par_1_14' title="bbox 488 1528 2071 1611">
     <span class='ocr_line' id='line_1_14' title="bbox 488 1528 2071 1611; baseline 0.009 -30"><span class='ocrx_word' id='word_1_82' title='bbox 488 1539 544 1583; x_wconf 86' lang='lat' dir='ltr'><strong>et</strong></span> <span class='ocrx_word' id='word_1_83' title='bbox 565 1528 888 1598; x_wconf 64' lang='lat' dir='ltr'><strong>eloquentiae</strong></span> <span class='ocrx_word' id='word_1_84' title='bbox 919 1532 1078 1590; x_wconf 84' lang='lat' dir='ltr'><strong>laude</strong></span> <span class='ocrx_word' id='word_1_85' title='bbox 1108 1534 1347 1606; x_wconf 75' lang='lat' dir='ltr'><strong>insignes</strong></span> <span class='ocrx_word' id='word_1_86' title='bbox 1372 1538 1640 1609; x_wconf 87' lang='lat' dir='ltr'><strong>suspicari</strong></span> <span class='ocrx_word' id='word_1_87' title='bbox 1667 1539 1818 1605; x_wconf 82' lang='lat' dir='ltr'><strong>licet,</strong></span> <span class='ocrx_word' id='word_1_88' title='bbox 1842 1555 2071 1611; x_wconf 87' lang='lat' dir='ltr'><strong>quorum</strong></span> 
     </span>
    </p>
   </div>
   <div class='ocr_carea' id='block_1_15' title="bbox 486 1619 2085 1705">
    <p class='ocr_par' dir='ltr' id='par_1_15' title="bbox 486 1619 2085 1705">
     <span class='ocr_line' id='line_1_15' title="bbox 486 1619 2085 1705; baseline 0.008 -31"><span class='ocrx_word' id='word_1_89' title='bbox 486 1619 737 1679; x_wconf 83' lang='lat' dir='ltr'><strong>fortassis</strong></span> <span class='ocrx_word' id='word_1_90' title='bbox 776 1622 915 1678; x_wconf 85' lang='lat' dir='ltr'><strong>alter</strong></span> <span class='ocrx_word' id='word_1_91' title='bbox 953 1628 1022 1681; x_wconf 91' lang='lat' dir='ltr'><strong>ab</strong></span> <span class='ocrx_word' id='word_1_92' title='bbox 1064 1627 1239 1686; x_wconf 88' lang='lat' dir='ltr'><strong>altero</strong></span> <span class='ocrx_word' id='word_1_93' title='bbox 1280 1629 1533 1688; x_wconf 89' lang='lat' dir='ltr'><strong>homilias</strong></span> <span class='ocrx_word' id='word_1_94' title='bbox 1576 1632 1958 1705; x_wconf 68' lang='lat' dir='ltr'><strong>ascripserit,</strong></span> <span class='ocrx_word' id='word_1_95' title='bbox 1985 1633 2085 1690; x_wconf 78' lang='lat' dir='ltr'><strong>vel.</strong></span> 
     </span>
    </p>
   </div>
   <div class='ocr_carea' id='block_1_16' title="bbox 486 1716 2073 1785">
    <p class='ocr_par' dir='ltr' id='par_1_16' title="bbox 486 1716 2073 1785">
     <span class='ocr_line' id='line_1_16' title="bbox 486 1716 2073 1785; baseline 0.014 -22"><span class='ocrx_word' id='word_1_96' title='bbox 486 1716 616 1781; x_wconf 80' lang='lat' dir='ltr'><strong>quid</strong></span> <span class='ocrx_word' id='word_1_97' title='bbox 662 1716 807 1774; x_wconf 91' lang='lat' dir='ltr'><strong>aliud</strong></span> <span class='ocrx_word' id='word_1_98' title='bbox 852 1720 1056 1777; x_wconf 78' lang='lat' dir='ltr'><strong>certius</strong></span> <span class='ocrx_word' id='word_1_99' title='bbox 1097 1736 1130 1778; x_wconf 93' lang='lat' dir='ltr'><strong>a</strong></span> <span class='ocrx_word' id='word_1_100' title='bbox 1178 1739 1264 1781; x_wconf 84' lang='lat' dir='ltr'><strong>nte</strong></span> <span class='ocrx_word' id='word_1_101' title='bbox 1299 1734 1384 1782; x_wconf 82' lang='lat' dir='ltr'><strong>est</strong></span> <span class='ocrx_word' id='word_1_102' title='bbox 1428 1724 1782 1784; x_wconf 79' lang='lat' dir='ltr'><strong>afferendum.</strong></span> <span class='ocrx_word' id='word_1_103' title='bbox 1832 1727 1899 1784; x_wconf 85' lang='lat' dir='ltr'><strong>Et</strong></span> <span class='ocrx_word' id='word_1_104' title='bbox 1938 1743 2073 1785; x_wconf 90' lang='lat' dir='ltr'><strong>sane</strong></span> 
     </span>
    </p>
   </div>
   <div class='ocr_carea' id='block_1_17' title="bbox 487 1808 2068 1877">
    <p class='ocr_par' dir='ltr' id='par_1_17' title="bbox 487 1808 2068 1877">
     <span class='ocr_line' id='line_1_17' title="bbox 487 1808 2068 1877; baseline 0.011 -18"><span class='ocrx_word' id='word_1_105' title='bbox 487 1808 616 1862; x_wconf 92' lang='lat' dir='ltr'><strong>illud</strong></span> <span class='ocrx_word' id='word_1_106' title='bbox 667 1810 739 1864; x_wconf 90' lang='lat' dir='ltr'><strong>ita</strong></span> <span class='ocrx_word' id='word_1_107' title='bbox 787 1813 1068 1871; x_wconf 90' lang='lat' dir='ltr'><strong>censuisse</strong></span> <span class='ocrx_word' id='word_1_108' title='bbox 1116 1815 1237 1872; x_wconf 79' lang='lat' dir='ltr'><strong>vide</strong></span> <span class='ocrx_word' id='word_1_109' title='bbox 1287 1816 1351 1874; x_wconf 84' lang='lat' dir='ltr'><strong>P.</strong></span> <span class='ocrx_word' id='word_1_110' title='bbox 1423 1817 1709 1877; x_wconf 86' lang='lat' dir='ltr'><strong>Octavium</strong></span> <span class='ocrx_word' id='word_1_111' title='bbox 1769 1817 2068 1877; x_wconf 84' lang='lat' dir='ltr'><strong>Gaetannm</strong></span> 
     </span>
    </p>
   </div>
   <div class='ocr_carea' id='block_1_18' title="bbox 487 1904 2069 1987">
    <p class='ocr_par' dir='ltr' id='par_1_18' title="bbox 487 1904 2069 1987">
     <span class='ocr_line' id='line_1_18' title="bbox 487 1904 2069 1987; baseline 0.008 -32"><span class='ocrx_word' id='word_1_112' title='bbox 487 1913 601 1958; x_wconf 89' lang='lat' dir='ltr'><strong>tum</strong></span> <span class='ocrx_word' id='word_1_113' title='bbox 657 1904 710 1958; x_wconf 89' lang='lat' dir='ltr'><strong>in</strong></span> <span class='ocrx_word' id='word_1_114' title='bbox 771 1904 897 1962; x_wconf 87' lang='lat' dir='ltr'><strong>Idea</strong></span> <span class='ocrx_word' id='word_1_115' title='bbox 951 1908 1165 1977; x_wconf 88' lang='lat' dir='ltr'><strong>operis,</strong></span> <span class='ocrx_word' id='word_1_116' title='bbox 1216 1924 1380 1982; x_wconf 85' lang='lat' dir='ltr'><strong>quam</strong></span> <span class='ocrx_word' id='word_1_117' title='bbox 1438 1922 1696 1983; x_wconf 79' lang='lat' dir='ltr'><strong>tanquam</strong></span> <span class='ocrx_word' id='word_1_118' title='bbox 1758 1913 2069 1987; x_wconf 76' lang='grc' dir='ltr'><strong>πρόδρομον</strong></span> 
     </span>
    </p>
   </div>
   <div class='ocr_carea' id='block_1_19' title="bbox 482 1998 2069 2079">
    <p class='ocr_par' dir='ltr' id='par_1_19' title="bbox 482 1998 2069 2079">
     <span class='ocr_line' id='line_1_19' title="bbox 482 1998 2069 2079; baseline 0.008 -27"><span class='ocrx_word' id='word_1_119' title='bbox 482 1998 748 2067; x_wconf 69' lang='lat' dir='ltr'><strong>praemisit</strong></span> <span class='ocrx_word' id='word_1_120' title='bbox 795 1999 848 2055; x_wconf 88' lang='lat' dir='ltr'><strong>itt</strong></span> <span class='ocrx_word' id='word_1_121' title='bbox 907 2000 1119 2071; x_wconf 85' lang='lat' dir='ltr'><strong>lucem,</strong></span> <span class='ocrx_word' id='word_1_122' title='bbox 1174 2013 1289 2061; x_wconf 90' lang='lat' dir='ltr'><strong>tum</strong></span> <span class='ocrx_word' id='word_1_123' title='bbox 1346 2005 1402 2061; x_wconf 91' lang='lat' dir='ltr'><strong>in</strong></span> <span class='ocrx_word' id='word_1_124' title='bbox 1453 2006 1579 2064; x_wconf 89' lang='lat' dir='ltr'><strong>aliis</strong></span> <span class='ocrx_word' id='word_1_125' title='bbox 1625 2008 1881 2075; x_wconf 82' lang='lat' dir='ltr'><strong>schedia.</strong></span> <span class='ocrx_word' id='word_1_126' title='bbox 1928 2023 2069 2079; x_wconf 89' lang='lat' dir='ltr'><strong>quas</strong></span> 
     </span>
    </p>
   </div>
   <div class='ocr_carea' id='block_1_20' title="bbox 482 2093 2069 2173">
    <p class='ocr_par' dir='ltr' id='par_1_20' title="bbox 482 2093 2069 2173">
     <span class='ocr_line' id='line_1_20' title="bbox 482 2093 2069 2173; baseline 0.009 -28"><span class='ocrx_word' id='word_1_127' title='bbox 482 2105 617 2148; x_wconf 83' lang='lat' dir='ltr'><strong>mss.</strong></span> <span class='ocrx_word' id='word_1_128' title='bbox 665 2093 910 2165; x_wconf 83' lang='lat' dir='ltr'><strong>reliquit;</strong></span> <span class='ocrx_word' id='word_1_129' title='bbox 964 2095 1108 2152; x_wconf 88' lang='lat' dir='ltr'><strong>idem</strong></span> <span class='ocrx_word' id='word_1_130' title='bbox 1156 2098 1303 2157; x_wconf 85' lang='lat' dir='ltr'><strong>dent.</strong></span> <span class='ocrx_word' id='word_1_131' title='bbox 1344 2098 1597 2159; x_wconf 81' lang='lat' dir='ltr'><strong>Rocchus</strong></span> <span class='ocrx_word' id='word_1_132' title='bbox 1640 2101 1861 2169; x_wconf 84' lang='lat' dir='ltr'><strong>Pirrns.</strong></span> <span class='ocrx_word' id='word_1_133' title='bbox 1896 2102 2069 2173; x_wconf 86' lang='lat' dir='ltr'><strong>abbas</strong></span> 
     </span>
    </p>
   </div>
   <div class='ocr_carea' id='block_1_21' title="bbox 481 2183 2065 2263">
    <p class='ocr_par' dir='ltr' id='par_1_21' title="bbox 481 2183 2065 2263">
     <span class='ocr_line' id='line_1_21' title="bbox 481 2183 2065 2263; baseline 0.008 -24"><span class='ocrx_word' id='word_1_134' title='bbox 481 2183 731 2253; x_wconf 78' lang='lat' dir='ltr'><strong>Netinus,</strong></span> <span class='ocrx_word' id='word_1_135' title='bbox 758 2188 823 2243; x_wconf 88' lang='lat' dir='ltr'><strong>de</strong></span> <span class='ocrx_word' id='word_1_136' title='bbox 852 2203 960 2258; x_wconf 86' lang='lat' dir='ltr'><strong>quo</strong></span> <span class='ocrx_word' id='word_1_137' title='bbox 987 2204 1150 2261; x_wconf 84' lang='lat' dir='ltr'><strong>supra</strong></span> <span class='ocrx_word' id='word_1_138' title='bbox 1181 2205 1326 2263; x_wconf 62' lang='lat' dir='ltr'><strong>sape</strong></span> <span class='ocrx_word' id='word_1_139' title='bbox 1354 2194 1725 2260; x_wconf 86' lang='lat' dir='ltr'><strong>meminimus.</strong></span> <span class='ocrx_word' id='word_1_140' title='bbox 1754 2195 1810 2251; x_wconf 89' lang='lat' dir='ltr'><strong>in</strong></span> <span class='ocrx_word' id='word_1_141' title='bbox 1847 2194 2065 2252; x_wconf 72' lang='lat' dir='ltr'><strong>Nautio</strong></span> 
     </span>
    </p>
   </div>
   <div class='ocr_carea' id='block_1_22' title="bbox 480 2279 2065 2361">
    <p class='ocr_par' dir='ltr' id='par_1_22' title="bbox 480 2279 2065 2361">
     <span class='ocr_line' id='line_1_22' title="bbox 480 2279 2065 2361; baseline 0.008 -28"><span class='ocrx_word' id='word_1_142' title='bbox 480 2279 738 2336; x_wconf 69' lang='lat' dir='ltr'><strong>Ecclesia</strong></span> <span class='ocrx_word' id='word_1_143' title='bbox 772 2285 1261 2353; x_wconf 66' lang='lat' dir='ltr'><strong>Tauromenitanum,</strong></span> <span class='ocrx_word' id='word_1_144' title='bbox 1294 2286 1347 2342; x_wconf 89' lang='lat' dir='ltr'><strong>in</strong></span> <span class='ocrx_word' id='word_1_145' title='bbox 1382 2302 1489 2359; x_wconf 91' lang='lat' dir='ltr'><strong>qua</strong></span> <span class='ocrx_word' id='word_1_146' title='bbox 1524 2298 1647 2359; x_wconf 90' lang='lat' dir='ltr'><strong>post</strong></span> <span class='ocrx_word' id='word_1_147' title='bbox 1678 2287 2065 2361; x_wconf 80' lang='lat' dir='ltr'><strong>Theophanem</strong></span> 
     </span>
    </p>
   </div>
   <div class='ocr_carea' id='block_1_23' title="bbox 479 2370 2063 2447">
    <p class='ocr_par' dir='ltr' id='par_1_23' title="bbox 479 2370 2063 2447">
     <span class='ocr_line' id='line_1_23' title="bbox 479 2370 2063 2447; baseline 0.008 -20"><span class='ocrx_word' id='word_1_148' title='bbox 479 2384 736 2431; x_wconf 85' lang='lat' dir='ltr'><strong>accenset</strong></span> <span class='ocrx_word' id='word_1_149' title='bbox 783 2374 1104 2447; x_wconf 83' lang='lat' dir='ltr'><strong>Gregorium</strong></span> <span class='ocrx_word' id='word_1_150' title='bbox 1159 2377 1515 2447; x_wconf 84' lang='lat' dir='ltr'><strong>Gerameum;</strong></span> <span class='ocrx_word' id='word_1_151' title='bbox 1581 2382 1724 2438; x_wconf 88' lang='lat' dir='ltr'><strong>idem</strong></span> <span class='ocrx_word' id='word_1_152' title='bbox 1779 2392 1910 2439; x_wconf 91' lang='lat' dir='ltr'><strong>ante</strong></span> <span class='ocrx_word' id='word_1_153' title='bbox 1960 2370 2063 2440; x_wconf 80' lang='lat' dir='ltr'><strong>hos</strong></span> 
     </span>
    </p>
   </div>
   <div class='ocr_carea' id='block_1_24' title="bbox 476 2467 2059 2545">
    <p class='ocr_par' dir='ltr' id='par_1_24' title="bbox 476 2467 2059 2545">
     <span class='ocr_line' id='line_1_24' title="bbox 476 2467 2059 2545; baseline 0.006 -26"><span class='ocrx_word' id='word_1_154' title='bbox 476 2481 665 2523; x_wconf 87' lang='lat' dir='ltr'><strong>omnes</strong></span> <span class='ocrx_word' id='word_1_155' title='bbox 684 2467 952 2524; x_wconf 76' lang='lat' dir='ltr'><strong>Antonius</strong></span> <span class='ocrx_word' id='word_1_156' title='bbox 975 2468 1322 2540; x_wconf 83' lang='lat' dir='ltr'><strong>Possevinus,</strong></span> <span class='ocrx_word' id='word_1_157' title='bbox 1338 2473 1431 2543; x_wconf 89' lang='lat' dir='ltr'><strong>qui</strong></span> <span class='ocrx_word' id='word_1_158' title='bbox 1458 2474 1511 2528; x_wconf 90' lang='lat' dir='ltr'><strong>in</strong></span> <span class='ocrx_word' id='word_1_159' title='bbox 1534 2473 1712 2531; x_wconf 85' lang='lat' dir='ltr'><strong>indice</strong></span> <span class='ocrx_word' id='word_1_160' title='bbox 1732 2474 2059 2545; x_wconf 86' lang='lat' dir='ltr'><strong>scriptorum</strong></span> 
     </span>
    </p>
   </div>
   <div class='ocr_carea' id='block_1_25' title="bbox 477 2560 2057 2641">
    <p class='ocr_par' dir='ltr' id='par_1_25' title="bbox 477 2560 2057 2641">
     <span class='ocr_line' id='line_1_25' title="bbox 477 2560 2057 2641; baseline 0.008 -28"><span class='ocrx_word' id='word_1_161' title='bbox 477 2560 601 2616; x_wconf 81' lang='lat' dir='ltr'><strong>hbri</strong></span> <span class='ocrx_word' id='word_1_162' title='bbox 635 2562 728 2631; x_wconf 83' lang='lat' dir='ltr'><strong>qui</strong></span> <span class='ocrx_word' id='word_1_163' title='bbox 763 2562 1079 2620; x_wconf 73' lang='lat' dir='ltr'><strong>inscribitur</strong></span> <span class='ocrx_word' id='word_1_164' title='bbox 1113 2566 1415 2637; x_wconf 72' lang='lat' dir='ltr'><strong>Apparatus</strong></span> <span class='ocrx_word' id='word_1_165' title='bbox 1447 2583 1619 2633; x_wconf 81' lang='lat' dir='ltr'><strong>sacer,</strong></span> <span class='ocrx_word' id='word_1_166' title='bbox 1653 2567 1816 2624; x_wconf 84' lang='lat' dir='ltr'><strong>alium</strong></span> <span class='ocrx_word' id='word_1_167' title='bbox 1845 2566 2057 2641; x_wconf 85' lang='lat' dir='ltr'><strong>Grego-</strong></span> 
     </span>
    </p>
   </div>
   <div class='ocr_carea' id='block_1_26' title="bbox 474 2652 2058 2733">
    <p class='ocr_par' dir='ltr' id='par_1_26' title="bbox 474 2652 2058 2733">
     <span class='ocr_line' id='line_1_26' title="bbox 474 2652 2058 2733; baseline 0.008 -28"><span class='ocrx_word' id='word_1_168' title='bbox 474 2653 639 2718; x_wconf 83' lang='lat' dir='ltr'><strong>rium,</strong></span> <span class='ocrx_word' id='word_1_169' title='bbox 664 2652 830 2709; x_wconf 87' lang='lat' dir='ltr'><strong>alium</strong></span> <span class='ocrx_word' id='word_1_170' title='bbox 857 2653 1243 2726; x_wconf 78' lang='lat' dir='ltr'><strong>Theophanem</strong></span> <span class='ocrx_word' id='word_1_171' title='bbox 1268 2657 1562 2718; x_wconf 69' lang='lat' dir='ltr'><strong>(ieratneos</strong></span> <span class='ocrx_word' id='word_1_172' title='bbox 1586 2669 1845 2733; x_wconf 88' lang='lat' dir='ltr'><strong>utrosque</strong></span> <span class='ocrx_word' id='word_1_173' title='bbox 1869 2671 2058 2717; x_wconf 89' lang='lat' dir='ltr'><strong>aucto-</strong></span> 
     </span>
    </p>
   </div>
   <div class='ocr_carea' id='block_1_27' title="bbox 474 2746 2058 2824">
    <p class='ocr_par' dir='ltr' id='par_1_27' title="bbox 474 2746 2058 2824">
     <span class='ocr_line' id='line_1_27' title="bbox 474 2746 2058 2824; baseline 0.009 -27"><span class='ocrx_word' id='word_1_174' title='bbox 474 2760 565 2799; x_wconf 77' lang='lat' dir='ltr'><strong>t-es</strong></span> <span class='ocrx_word' id='word_1_175' title='bbox 617 2746 966 2803; x_wconf 84' lang='lat' dir='ltr'><strong>homiliarunt</strong></span> <span class='ocrx_word' id='word_1_176' title='bbox 1020 2749 1171 2805; x_wconf 86' lang='lat' dir='ltr'><strong>facit.</strong></span> <span class='ocrx_word' id='word_1_177' title='bbox 1218 2751 1326 2806; x_wconf 88' lang='lat' dir='ltr'><strong>Sed</strong></span> <span class='ocrx_word' id='word_1_178' title='bbox 1377 2752 1620 2824; x_wconf 87' lang='lat' dir='ltr'><strong>profecto</strong></span> <span class='ocrx_word' id='word_1_179' title='bbox 1665 2754 1752 2811; x_wconf 90' lang='lat' dir='ltr'><strong>his</strong></span> <span class='ocrx_word' id='word_1_180' title='bbox 1803 2756 2058 2812; x_wconf 90' lang='lat' dir='ltr'><strong>omnibus</strong></span> 
     </span>
    </p>
   </div>
   <div class='ocr_carea' id='block_1_28' title="bbox 470 2837 2057 2919">
    <p class='ocr_par' dir='ltr' id='par_1_28' title="bbox 470 2837 2057 2919">
     <span class='ocr_line' id='line_1_28' title="bbox 470 2837 2057 2919; baseline 0.008 -26"><span class='ocrx_word' id='word_1_181' title='bbox 470 2837 861 2908; x_wconf 80' lang='lat' dir='ltr'><strong>scriptoribus,</strong></span> <span class='ocrx_word' id='word_1_182' title='bbox 893 2841 999 2913; x_wconf 84' lang='lat' dir='ltr'><strong>qui</strong></span> <span class='ocrx_word' id='word_1_183' title='bbox 1027 2842 1081 2897; x_wconf 88' lang='lat' dir='ltr'><strong>itt</strong></span> <span class='ocrx_word' id='word_1_184' title='bbox 1120 2858 1286 2914; x_wconf 87' lang='lat' dir='ltr'><strong>opere</strong></span> <span class='ocrx_word' id='word_1_185' title='bbox 1325 2858 1425 2903; x_wconf 89' lang='lat' dir='ltr'><strong>suo</strong></span> <span class='ocrx_word' id='word_1_186' title='bbox 1462 2846 1676 2904; x_wconf 88' lang='lat' dir='ltr'><strong>edendo</strong></span> <span class='ocrx_word' id='word_1_187' title='bbox 1703 2855 1927 2906; x_wconf 80' lang='lat' dir='ltr'><strong>strenue</strong></span> <span class='ocrx_word' id='word_1_188' title='bbox 1955 2862 2057 2919; x_wconf 87' lang='lat' dir='ltr'><strong>pro</strong></span> 
     </span>
    </p>
   </div>
   <div class='ocr_carea' id='block_1_29' title="bbox 471 2932 2053 3014">
    <p class='ocr_par' dir='ltr' id='par_1_29' title="bbox 471 2932 2053 3014">
     <span class='ocr_line' id='line_1_29' title="bbox 471 2932 2053 3014; baseline 0.008 -28"><span class='ocrx_word' id='word_1_189' title='bbox 471 2945 535 2987; x_wconf 85' lang='lat' dir='ltr'><strong>se</strong></span> <span class='ocrx_word' id='word_1_190' title='bbox 569 2932 800 3005; x_wconf 84' lang='lat' dir='ltr'><strong>quisque</strong></span> <span class='ocrx_word' id='word_1_191' title='bbox 840 2934 1215 3003; x_wconf 80' lang='lat' dir='ltr'><strong>elaborarunt,</strong></span> <span class='ocrx_word' id='word_1_192' title='bbox 1246 2937 1364 2995; x_wconf 90' lang='lat' dir='ltr'><strong>laus</strong></span> <span class='ocrx_word' id='word_1_193' title='bbox 1401 2950 1490 2998; x_wconf 89' lang='lat' dir='ltr'><strong>est</strong></span> <span class='ocrx_word' id='word_1_194' title='bbox 1525 2956 1720 3014; x_wconf 85' lang='lat' dir='ltr'><strong>magna</strong></span> <span class='ocrx_word' id='word_1_195' title='bbox 1765 2943 2053 3000; x_wconf 83' lang='lat' dir='ltr'><strong>tribuenda</strong></span> 
     </span>
    </p>
   </div>
   <div class='ocr_carea' id='block_1_30' title="bbox 470 3024 2050 3107">
    <p class='ocr_par' dir='ltr' id='par_1_30' title="bbox 470 3024 2050 3107">
     <span class='ocr_line' id='line_1_30' title="bbox 470 3024 2050 3107; baseline 0.01 -30"><span class='ocrx_word' id='word_1_196' title='bbox 470 3024 614 3093; x_wconf 83' lang='lat' dir='ltr'><strong>quod</strong></span> <span class='ocrx_word' id='word_1_197' title='bbox 673 3037 929 3100; x_wconf 78' lang='lat' dir='ltr'><strong>egerunt,</strong></span> <span class='ocrx_word' id='word_1_198' title='bbox 976 3031 1133 3089; x_wconf 88' lang='lat' dir='ltr'><strong>venia</strong></span> <span class='ocrx_word' id='word_1_199' title='bbox 1184 3033 1363 3090; x_wconf 83' lang='lat' dir='ltr'><strong>danda</strong></span> <span class='ocrx_word' id='word_1_200' title='bbox 1421 3036 1469 3091; x_wconf 87' lang='lat' dir='ltr'><strong>si</strong></span> <span class='ocrx_word' id='word_1_201' title='bbox 1508 3029 1653 3107; x_wconf 83' lang='lat' dir='ltr'><strong>quid</strong></span> <span class='ocrx_word' id='word_1_202' title='bbox 1708 3047 2050 3093; x_wconf 82' lang='lat' dir='ltr'><strong>erraverunt.</strong></span> 
     </span>
    </p>
   </div>
   <div class='ocr_carea' id='block_1_31' title="bbox 472 3116 2053 3196">
    <p class='ocr_par' dir='ltr' id='par_1_31' title="bbox 472 3116 2053 3196">
     <span class='ocr_line' id='line_1_31' title="bbox 472 3116 2053 3196; baseline 0.011 -26"><span class='ocrx_word' id='word_1_203' title='bbox 472 3116 757 3190; x_wconf 83' lang='lat' dir='ltr'><strong>Negotium</strong></span> <span class='ocrx_word' id='word_1_204' title='bbox 790 3121 894 3176; x_wconf 88' lang='lat' dir='ltr'><strong>illis</strong></span> <span class='ocrx_word' id='word_1_205' title='bbox 924 3121 1023 3176; x_wconf 89' lang='lat' dir='ltr'><strong>fuit</strong></span> <span class='ocrx_word' id='word_1_206' title='bbox 1051 3124 1225 3181; x_wconf 89' lang='lat' dir='ltr'><strong>solum</strong></span> <span class='ocrx_word' id='word_1_207' title='bbox 1257 3125 1539 3196; x_wconf 77' lang='lat' dir='ltr'><strong>colligendi</strong></span> <span class='ocrx_word' id='word_1_208' title='bbox 1570 3129 1715 3185; x_wconf 85' lang='lat' dir='ltr'><strong>viros</strong></span> <span class='ocrx_word' id='word_1_209' title='bbox 1746 3142 1967 3196; x_wconf 81' lang='lat' dir='ltr'><strong>sanctos</strong></span> <span class='ocrx_word' id='word_1_210' title='bbox 1998 3141 2053 3186; x_wconf 88' lang='lat' dir='ltr'><strong>et</strong></span> 
     </span>
    </p>
   </div>
   <div class='ocr_carea' id='block_1_32' title="bbox 469 3211 2075 3295">
    <p class='ocr_par' dir='ltr' id='par_1_32' title="bbox 469 3211 2075 3295">
     <span class='ocr_line' id='line_1_32' title="bbox 469 3211 2075 3295; baseline 0.01 -32"><span class='ocrx_word' id='word_1_211' title='bbox 469 3211 669 3268; x_wconf 88' lang='lat' dir='ltr'><strong>virtute</strong></span> <span class='ocrx_word' id='word_1_212' title='bbox 707 3214 951 3286; x_wconf 75' lang='lat' dir='ltr'><strong>insignes</strong></span> <span class='ocrx_word' id='word_1_213' title='bbox 990 3217 1210 3280; x_wconf 59' lang='lat' dir='ltr'><strong>Siciliae.</strong></span> <span class='ocrx_word' id='word_1_214' title='bbox 1240 3230 1309 3275; x_wconf 90' lang='lat' dir='ltr'><strong>ut</strong></span> <span class='ocrx_word' id='word_1_215' title='bbox 1352 3220 1611 3289; x_wconf 88' lang='lat' dir='ltr'><strong>Caetano,</strong></span> <span class='ocrx_word' id='word_1_216' title='bbox 1641 3222 1727 3281; x_wconf 85' lang='lat' dir='ltr'><strong>vel</strong></span> <span class='ocrx_word' id='word_1_217' title='bbox 1764 3220 2075 3295; x_wconf 78' lang='lat' dir='ltr'><strong>episcopos</strong></span> 
     </span>
    </p>
   </div>
   <div class='ocr_carea' id='block_1_33' title="bbox 466 3306 2049 3387">
    <p class='ocr_par' dir='ltr' id='par_1_33' title="bbox 466 3306 2049 3387">
     <span class='ocr_line' id='line_1_33' title="bbox 466 3306 2049 3387; baseline 0.011 -30"><span class='ocrx_word' id='word_1_218' title='bbox 466 3306 710 3376; x_wconf 77' lang='lat' dir='ltr'><strong>ejusdem</strong></span> <span class='ocrx_word' id='word_1_219' title='bbox 755 3310 1068 3379; x_wconf 69' lang='lat' dir='ltr'><strong>provinchr,</strong></span> <span class='ocrx_word' id='word_1_220' title='bbox 1102 3323 1157 3367; x_wconf 89' lang='lat' dir='ltr'><strong>ut</strong></span> <span class='ocrx_word' id='word_1_221' title='bbox 1198 3312 1373 3380; x_wconf 77' lang='lat' dir='ltr'><strong>Pirro,</strong></span> <span class='ocrx_word' id='word_1_222' title='bbox 1407 3316 1491 3373; x_wconf 89' lang='lat' dir='ltr'><strong>vel</strong></span> <span class='ocrx_word' id='word_1_223' title='bbox 1533 3316 1834 3387; x_wconf 90' lang='lat' dir='ltr'><strong>scriptores</strong></span> <span class='ocrx_word' id='word_1_224' title='bbox 1868 3318 2049 3375; x_wconf 82' lang='lat' dir='ltr'><strong>eccle-</strong></span> 
     </span>
    </p>
   </div>
   <div class='ocr_carea' id='block_1_34' title="bbox 468 3400 2048 3482">
    <p class='ocr_par' dir='ltr' id='par_1_34' title="bbox 468 3400 2048 3482">
     <span class='ocr_line' id='line_1_34' title="bbox 468 3400 2048 3482; baseline 0.007 -26"><span class='ocrx_word' id='word_1_225' title='bbox 468 3400 743 3469; x_wconf 84' lang='lat' dir='ltr'><strong>siasticos,</strong></span> <span class='ocrx_word' id='word_1_226' title='bbox 770 3411 829 3457; x_wconf 93' lang='lat' dir='ltr'><strong>ut</strong></span> <span class='ocrx_word' id='word_1_227' title='bbox 872 3403 1199 3475; x_wconf 79' lang='lat' dir='ltr'><strong>Possevino;</strong></span> <span class='ocrx_word' id='word_1_228' title='bbox 1248 3407 1416 3476; x_wconf 77' lang='lat' dir='ltr'><strong>igitur</strong></span> <span class='ocrx_word' id='word_1_229' title='bbox 1459 3409 1551 3466; x_wconf 90' lang='lat' dir='ltr'><strong>ubi</strong></span> <span class='ocrx_word' id='word_1_230' title='bbox 1598 3425 1850 3482; x_wconf 85' lang='lat' dir='ltr'><strong>reperere</strong></span> <span class='ocrx_word' id='word_1_231' title='bbox 1896 3414 2048 3468; x_wconf 84' lang='lat' dir='ltr'><strong>varia</strong></span> 
     </span>
    </p>
   </div>
   <div class='ocr_carea' id='block_1_35' title="bbox 467 3495 2045 3574">
    <p class='ocr_par' dir='ltr' id='par_1_35' title="bbox 467 3495 2045 3574">
     <span class='ocr_line' id='line_1_35' title="bbox 467 3495 2045 3574; baseline 0.008 -25"><span class='ocrx_word' id='word_1_232' title='bbox 467 3495 689 3550; x_wconf 82' lang='lat' dir='ltr'><strong>nomina</strong></span> <span class='ocrx_word' id='word_1_233' title='bbox 737 3507 1072 3567; x_wconf 84' lang='lat' dir='ltr'><strong>sanctorum,</strong></span> <span class='ocrx_word' id='word_1_234' title='bbox 1112 3499 1512 3574; x_wconf 82' lang='lat' dir='ltr'><strong>episcoporum.</strong></span> <span class='ocrx_word' id='word_1_235' title='bbox 1549 3503 1900 3573; x_wconf 65' lang='lat' dir='ltr'><strong>scriptorum,</strong></span> <span class='ocrx_word' id='word_1_236' title='bbox 1937 3520 2045 3561; x_wconf 92' lang='lat' dir='ltr'><strong>non</strong></span> 
     </span>
    </p>
   </div>
   <div class='ocr_carea' id='block_1_36' title="bbox 464 3588 2046 3669">
    <p class='ocr_par' dir='ltr' id='par_1_36' title="bbox 464 3588 2046 3669">
     <span class='ocr_line' id='line_1_36' title="bbox 464 3588 2046 3669; baseline 0.008 -27"><span class='ocrx_word' id='word_1_237' title='bbox 464 3597 550 3642; x_wconf 89' lang='lat' dir='ltr'><strong>sat</strong></span> <span class='ocrx_word' id='word_1_238' title='bbox 583 3588 721 3644; x_wconf 87' lang='lat' dir='ltr'><strong>bene</strong></span> <span class='ocrx_word' id='word_1_239' title='bbox 752 3591 908 3645; x_wconf 70' lang='lat' dir='ltr'><strong>luetis</strong></span> <span class='ocrx_word' id='word_1_240' title='bbox 941 3602 997 3646; x_wconf 90' lang='lat' dir='ltr'><strong>et</strong></span> <span class='ocrx_word' id='word_1_241' title='bbox 1024 3593 1304 3663; x_wconf 84' lang='lat' dir='ltr'><strong>inspectis,</strong></span> <span class='ocrx_word' id='word_1_242' title='bbox 1336 3595 1466 3667; x_wconf 89' lang='lat' dir='ltr'><strong>quin</strong></span> <span class='ocrx_word' id='word_1_243' title='bbox 1509 3596 1618 3653; x_wconf 87' lang='lat' dir='ltr'><strong>imo</strong></span> <span class='ocrx_word' id='word_1_244' title='bbox 1658 3611 1759 3654; x_wconf 91' lang='lat' dir='ltr'><strong>nec</strong></span> <span class='ocrx_word' id='word_1_245' title='bbox 1797 3611 1829 3654; x_wconf 88' lang='lat' dir='ltr'><strong>e</strong></span> <span class='ocrx_word' id='word_1_246' title='bbox 1867 3600 2046 3669; x_wconf 87' lang='lat' dir='ltr'><strong>primo</strong></span> 
     </span>
    </p>
   </div>
   <div class='ocr_carea' id='block_1_37' title="bbox 461 3681 2043 3755">
    <p class='ocr_par' dir='ltr' id='par_1_37' title="bbox 461 3681 2043 3755">
     <span class='ocr_line' id='line_1_37' title="bbox 461 3681 2043 3755; baseline 0.01 -22"><span class='ocrx_word' id='word_1_247' title='bbox 461 3681 649 3735; x_wconf 88' lang='lat' dir='ltr'><strong>limine</strong></span> <span class='ocrx_word' id='word_1_248' title='bbox 683 3681 813 3750; x_wconf 76' lang='lat' dir='ltr'><strong>visis</strong></span> <span class='ocrx_word' id='word_1_249' title='bbox 846 3682 979 3754; x_wconf 85' lang='lat' dir='ltr'><strong>ipsis</strong></span> <span class='ocrx_word' id='word_1_250' title='bbox 1008 3686 1376 3755; x_wconf 86' lang='lat' dir='ltr'><strong>sermonibus,</strong></span> <span class='ocrx_word' id='word_1_251' title='bbox 1408 3702 1598 3746; x_wconf 85' lang='lat' dir='ltr'><strong>eorum</strong></span> <span class='ocrx_word' id='word_1_252' title='bbox 1632 3700 1885 3748; x_wconf 86' lang='lat' dir='ltr'><strong>auctores</strong></span> <span class='ocrx_word' id='word_1_253' title='bbox 1920 3702 2043 3749; x_wconf 83' lang='lat' dir='ltr'><strong>tan-</strong></span> 
     </span>
    </p>
   </div>
   <div class='ocr_carea' id='block_1_38' title="bbox 458 3774 2039 3855">
    <p class='ocr_par' dir='ltr' id='par_1_38' title="bbox 458 3774 2039 3855">
     <span class='ocr_line' id='line_1_38' title="bbox 458 3774 2039 3855; baseline 0.012 -30"><span class='ocrx_word' id='word_1_254' title='bbox 458 3787 619 3840; x_wconf 85' lang='lat' dir='ltr'><strong>quam</strong></span> <span class='ocrx_word' id='word_1_255' title='bbox 642 3774 883 3833; x_wconf 88' lang='lat' dir='ltr'><strong>diversos</strong></span> <span class='ocrx_word' id='word_1_256' title='bbox 909 3793 1140 3847; x_wconf 84' lang='lat' dir='ltr'><strong>posuere</strong></span> <span class='ocrx_word' id='word_1_257' title='bbox 1162 3797 1181 3841; x_wconf 87' lang='lat'><strong>:</strong></span> <span class='ocrx_word' id='word_1_258' title='bbox 1204 3790 1356 3839; x_wconf 84' lang='lat' dir='ltr'><strong>certo</strong></span> <span class='ocrx_word' id='word_1_259' title='bbox 1377 3782 1522 3840; x_wconf 85' lang='lat' dir='ltr'><strong>enim</strong></span> <span class='ocrx_word' id='word_1_260' title='bbox 1550 3783 1681 3840; x_wconf 86' lang='lat' dir='ltr'><strong>mihi</strong></span> <span class='ocrx_word' id='word_1_261' title='bbox 1712 3786 2039 3855; x_wconf 73' lang='lat' dir='ltr'><strong>persuadeo,</strong></span> 
     </span>
    </p>
   </div>
   <div class='ocr_carea' id='block_1_39' title="bbox 459 3872 2042 3951">
    <p class='ocr_par' dir='ltr' id='par_1_39' title="bbox 459 3872 2042 3951">
     <span class='ocr_line' id='line_1_39' title="bbox 459 3872 2042 3951; baseline 0.01 -34"><span class='ocrx_word' id='word_1_262' title='bbox 459 3881 735 3937; x_wconf 82' lang='lat' dir='ltr'><strong>nunquam</strong></span> <span class='ocrx_word' id='word_1_263' title='bbox 770 3882 885 3932; x_wconf 86' lang='lat' dir='ltr'><strong>eos.</strong></span> <span class='ocrx_word' id='word_1_264' title='bbox 918 3872 1061 3940; x_wconf 83' lang='lat' dir='ltr'><strong>quod</strong></span> <span class='ocrx_word' id='word_1_265' title='bbox 1096 3872 1336 3943; x_wconf 72' lang='lat' dir='ltr'><strong>ipsorum</strong></span> <span class='ocrx_word' id='word_1_266' title='bbox 1373 3890 1605 3933; x_wconf 81' lang='lat' dir='ltr'><strong>acumen</strong></span> <span class='ocrx_word' id='word_1_267' title='bbox 1636 3888 1743 3944; x_wconf 88' lang='lat' dir='ltr'><strong>est,</strong></span> <span class='ocrx_word' id='word_1_268' title='bbox 1770 3880 2042 3951; x_wconf 75' lang='lat' dir='ltr'><strong>judicatu-</strong></span> 
     </span>
    </p>
   </div>
   <div class='ocr_carea' id='block_1_40' title="bbox 458 3960 2040 4043">
    <p class='ocr_par' dir='ltr' id='par_1_40' title="bbox 458 3960 2040 4043">
     <span class='ocr_line' id='line_1_40' title="bbox 458 3960 2040 4043; baseline 0.014 -33"><span class='ocrx_word' id='word_1_269' title='bbox 458 3973 547 4013; x_wconf 87' lang='lat' dir='ltr'><strong>ros</strong></span> <span class='ocrx_word' id='word_1_270' title='bbox 572 3960 710 4016; x_wconf 88' lang='lat' dir='ltr'><strong>duos</strong></span> <span class='ocrx_word' id='word_1_271' title='bbox 741 3969 916 4019; x_wconf 79' lang='lat' dir='ltr'><strong>tresve</strong></span> <span class='ocrx_word' id='word_1_272' title='bbox 946 3966 1127 4035; x_wconf 89' lang='lat' dir='ltr'><strong>operis</strong></span> <span class='ocrx_word' id='word_1_273' title='bbox 1157 3967 1319 4039; x_wconf 86' lang='lat' dir='ltr'><strong>hujus</strong></span> <span class='ocrx_word' id='word_1_274' title='bbox 1351 3981 1624 4037; x_wconf 87' lang='lat' dir='ltr'><strong>auctores,</strong></span> <span class='ocrx_word' id='word_1_275' title='bbox 1653 3973 1701 4029; x_wconf 90' lang='lat' dir='ltr'><strong>si</strong></span> <span class='ocrx_word' id='word_1_276' title='bbox 1735 3974 1789 4027; x_wconf 88' lang='lat' dir='ltr'><strong>id</strong></span> <span class='ocrx_word' id='word_1_277' title='bbox 1819 3976 2040 4043; x_wconf 84' lang='lat' dir='ltr'><strong>penitus</strong></span> 
     </span>
    </p>
   </div>
   <div class='ocr_carea' id='block_1_41' title="bbox 455 4044 2037 4136">
    <p class='ocr_par' dir='ltr' id='par_1_41' title="bbox 455 4044 2037 4136">
     <span class='ocr_line' id='line_1_41' title="bbox 455 4044 2037 4136; baseline 0.013 -30"><span class='ocrx_word' id='word_1_278' title='bbox 455 4044 878 4123; x_wconf 57' lang='lat' dir='ltr'><strong>pchpexissent.</strong></span> <span class='ocrx_word' id='word_1_279' title='bbox 915 4057 1044 4114; x_wconf 75' lang='lat' dir='ltr'><strong>libi</strong></span> <span class='ocrx_word' id='word_1_280' title='bbox 1094 4072 1306 4128; x_wconf 85' lang='lat' dir='ltr'><strong>autem,</strong></span> <span class='ocrx_word' id='word_1_281' title='bbox 1340 4069 1432 4136; x_wconf 87' lang='lat' dir='ltr'><strong>qui</strong></span> <span class='ocrx_word' id='word_1_282' title='bbox 1476 4066 1530 4121; x_wconf 92' lang='lat' dir='ltr'><strong>in</strong></span> <span class='ocrx_word' id='word_1_283' title='bbox 1572 4081 1639 4123; x_wconf 91' lang='lat' dir='ltr'><strong>eo</strong></span> <span class='ocrx_word' id='word_1_284' title='bbox 1682 4067 1873 4125; x_wconf 78' lang='lat' dir='ltr'><strong>Latine</strong></span> <span class='ocrx_word' id='word_1_285' title='bbox 1911 4086 2037 4125; x_wconf 85' lang='lat' dir='ltr'><strong>ver-</strong></span> 
     </span>
    </p>
   </div>
   <div class='ocr_carea' id='block_1_42' title="bbox 454 4144 2037 4232">
    <p class='ocr_par' dir='ltr' id='par_1_42' title="bbox 454 4144 2037 4232">
     <span class='ocr_line' id='line_1_42' title="bbox 454 4144 2037 4232; baseline 0.013 -35"><span class='ocrx_word' id='word_1_286' title='bbox 454 4144 619 4200; x_wconf 76' lang='lat' dir='ltr'><strong>tendo</strong></span> <span class='ocrx_word' id='word_1_287' title='bbox 646 4148 895 4218; x_wconf 86' lang='lat' dir='ltr'><strong>notisque</strong></span> <span class='ocrx_word' id='word_1_288' title='bbox 924 4153 1249 4222; x_wconf 78' lang='lat' dir='ltr'><strong>explicando</strong></span> <span class='ocrx_word' id='word_1_289' title='bbox 1276 4156 1621 4232; x_wconf 79' lang='lat' dir='ltr'><strong>elucubratus</strong></span> <span class='ocrx_word' id='word_1_290' title='bbox 1649 4175 1789 4226; x_wconf 87' lang='lat' dir='ltr'><strong>sunt,</strong></span> <span class='ocrx_word' id='word_1_291' title='bbox 1816 4161 1907 4232; x_wconf 92' lang='lat' dir='ltr'><strong>qui</strong></span> <span class='ocrx_word' id='word_1_292' title='bbox 1942 4177 2037 4217; x_wconf 88' lang='lat' dir='ltr'><strong>eos</strong></span> 
     </span>
    </p>
   </div>
   <div class='ocr_carea' id='block_1_43' title="bbox 456 4231 2033 4325">
    <p class='ocr_par' dir='ltr' id='par_1_43' title="bbox 456 4231 2033 4325">
     <span class='ocr_line' id='line_1_43' title="bbox 456 4231 2033 4325; baseline 0.013 -36"><span class='ocrx_word' id='word_1_293' title='bbox 456 4252 741 4295; x_wconf 80' lang='lat' dir='ltr'><strong>sermones</strong></span> <span class='ocrx_word' id='word_1_294' title='bbox 767 4257 874 4298; x_wconf 91' lang='lat' dir='ltr'><strong>non</strong></span> <span class='ocrx_word' id='word_1_295' title='bbox 906 4245 971 4299; x_wconf 88' lang='lat' dir='ltr'><strong>dc</strong></span> <span class='ocrx_word' id='word_1_296' title='bbox 1001 4239 1139 4303; x_wconf 87' lang='lat' dir='ltr'><strong>facie</strong></span> <span class='ocrx_word' id='word_1_297' title='bbox 1169 4256 1376 4304; x_wconf 87' lang='lat' dir='ltr'><strong>tantum</strong></span> <span class='ocrx_word' id='word_1_298' title='bbox 1408 4231 1556 4318; x_wconf 83' lang='lat' dir='ltr'><strong>novi,</strong></span> <span class='ocrx_word' id='word_1_299' title='bbox 1584 4251 1680 4308; x_wconf 86' lang='lat' dir='ltr'><strong>sed</strong></span> <span class='ocrx_word' id='word_1_300' title='bbox 1713 4231 1859 4309; x_wconf 84' lang='lat' dir='ltr'><strong>intus</strong></span> <span class='ocrx_word' id='word_1_301' title='bbox 1883 4256 2033 4325; x_wconf 82' lang='lat' dir='ltr'><strong>peni-</strong></span> 
     </span>
    </p>
   </div>
   <div class='ocr_carea' id='block_1_44' title="bbox 453 4328 2033 4404">
    <p class='ocr_par' dir='ltr' id='par_1_44' title="bbox 453 4328 2033 4404">
     <span class='ocr_line' id='line_1_44' title="bbox 453 4328 2033 4404; baseline 0.013 -21"><span class='ocrx_word' id='word_1_302' title='bbox 453 4340 646 4399; x_wconf 79' lang='lat' dir='ltr'><strong>susque</strong></span> <span class='ocrx_word' id='word_1_303' title='bbox 682 4334 928 4403; x_wconf 86' lang='lat' dir='ltr'><strong>pernovi,</strong></span> <span class='ocrx_word' id='word_1_304' title='bbox 959 4328 1114 4404; x_wconf 79' lang='lat' dir='ltr'><strong>fides,</strong></span> <span class='ocrx_word' id='word_1_305' title='bbox 1142 4340 1332 4404; x_wconf 84' lang='lat' dir='ltr'><strong>credo.</strong></span> <span class='ocrx_word' id='word_1_306' title='bbox 1360 4342 1469 4397; x_wconf 85' lang='lat' dir='ltr'><strong>erit</strong></span> <span class='ocrx_word' id='word_1_307' title='bbox 1508 4357 1539 4398; x_wconf 93' lang='lat' dir='ltr'><strong>a</strong></span> <span class='ocrx_word' id='word_1_308' title='bbox 1584 4343 1743 4402; x_wconf 88' lang='lat' dir='ltr'><strong>bonis</strong></span> <span class='ocrx_word' id='word_1_309' title='bbox 1781 4348 2033 4403; x_wconf 86' lang='lat' dir='ltr'><strong>omnibus</strong></span> 
     </span>
    </p>
   </div>
   <div class='ocr_carea' id='block_1_45' title="bbox 455 4424 2029 4512">
    <p class='ocr_par' dir='ltr' id='par_1_45' title="bbox 455 4424 2029 4512">
     <span class='ocr_line' id='line_1_45' title="bbox 455 4424 2029 4512; baseline 0.013 -34"><span class='ocrx_word' id='word_1_310' title='bbox 455 4424 736 4493; x_wconf 83' lang='lat' dir='ltr'><strong>habenda,</strong></span> <span class='ocrx_word' id='word_1_311' title='bbox 768 4427 814 4483; x_wconf 91' lang='lat' dir='ltr'><strong>si</strong></span> <span class='ocrx_word' id='word_1_312' title='bbox 846 4432 1184 4488; x_wconf 81' lang='lat' dir='ltr'><strong>contrarium</strong></span> <span class='ocrx_word' id='word_1_313' title='bbox 1216 4443 1451 4491; x_wconf 81' lang='lat' dir='ltr'><strong>statuam</strong></span> <span class='ocrx_word' id='word_1_314' title='bbox 1484 4446 1649 4510; x_wconf 78' lang='lat' dir='ltr'><strong>atque</strong></span> <span class='ocrx_word' id='word_1_315' title='bbox 1681 4438 1757 4493; x_wconf 92' lang='lat' dir='ltr'><strong>illi</strong></span> <span class='ocrx_word' id='word_1_316' title='bbox 1791 4442 2029 4512; x_wconf 76' lang='lat' dir='ltr'><strong>set-ipse-</strong></span> 
     </span>
    </p>
   </div>
   <div class='ocr_carea' id='block_1_46' title="bbox 452 4522 2026 4597">
    <p class='ocr_par' dir='ltr' id='par_1_46' title="bbox 452 4522 2026 4597">
     <span class='ocr_line' id='line_1_46' title="bbox 452 4522 2026 4597; baseline 0.013 -28"><span class='ocrx_word' id='word_1_317' title='bbox 452 4526 578 4571; x_wconf 83' lang='lat' dir='ltr'><strong>runt</strong></span> <span class='ocrx_word' id='word_1_318' title='bbox 602 4528 657 4573; x_wconf 88' lang='lat' dir='ltr'><strong>et</strong></span> <span class='ocrx_word' id='word_1_319' title='bbox 689 4535 858 4575; x_wconf 87' lang='lat' dir='ltr'><strong>unum</strong></span> <span class='ocrx_word' id='word_1_320' title='bbox 892 4522 1253 4597; x_wconf 78' lang='lat' dir='ltr'><strong>eamdemque</strong></span> <span class='ocrx_word' id='word_1_321' title='bbox 1282 4542 1405 4585; x_wconf 89' lang='lat' dir='ltr'><strong>esse</strong></span> <span class='ocrx_word' id='word_1_322' title='bbox 1436 4540 1714 4588; x_wconf 81' lang='lat' dir='ltr'><strong>auctorem</strong></span> <span class='ocrx_word' id='word_1_323' title='bbox 1741 4531 2026 4593; x_wconf 67' lang='lat' dir='ltr'><strong>aﬁrmem.</strong></span> 
     </span>
    </p>
   </div>
   <div class='ocr_carea' id='block_1_47' title="bbox 448 4608 2031 4692">
    <p class='ocr_par' dir='ltr' id='par_1_47' title="bbox 448 4608 2031 4692">
     <span class='ocr_line' id='line_1_47' title="bbox 448 4608 2031 4692; baseline 0.015 -31"><span class='ocrx_word' id='word_1_324' title='bbox 448 4608 738 4669; x_wconf 77' lang='lat' dir='ltr'><strong>Methodus</strong></span> <span class='ocrx_word' id='word_1_325' title='bbox 758 4621 843 4668; x_wconf 89' lang='lat' dir='ltr'><strong>est</strong></span> <span class='ocrx_word' id='word_1_326' title='bbox 863 4614 917 4670; x_wconf 91' lang='lat' dir='ltr'><strong>in</strong></span> <span class='ocrx_word' id='word_1_327' title='bbox 937 4615 1191 4673; x_wconf 79' lang='lat' dir='ltr'><strong>omnibus</strong></span> <span class='ocrx_word' id='word_1_328' title='bbox 1212 4618 1427 4685; x_wconf 87' lang='lat' dir='ltr'><strong>eadem.</strong></span> <span class='ocrx_word' id='word_1_329' title='bbox 1444 4621 1619 4692; x_wconf 79' lang='lat' dir='ltr'><strong>styius</strong></span> <span class='ocrx_word' id='word_1_330' title='bbox 1640 4622 1783 4682; x_wconf 85' lang='lat' dir='ltr'><strong>idem</strong></span> <span class='ocrx_word' id='word_1_331' title='bbox 1805 4628 2031 4684; x_wconf 80' lang='lat' dir='ltr'><strong>omnino</strong></span> 
     </span>
    </p>
   </div>
   <div class='ocr_carea' id='block_1_48' title="bbox 446 4705 2024 4788">
    <p class='ocr_par' dir='ltr' id='par_1_48' title="bbox 446 4705 2024 4788">
     <span class='ocr_line' id='line_1_48' title="bbox 446 4705 2024 4788; baseline 0.015 -34"><span class='ocrx_word' id='word_1_332' title='bbox 446 4705 629 4772; x_wconf 83' lang='lat' dir='ltr'><strong>gravis</strong></span> <span class='ocrx_word' id='word_1_333' title='bbox 664 4711 722 4760; x_wconf 90' lang='lat' dir='ltr'><strong>et</strong></span> <span class='ocrx_word' id='word_1_334' title='bbox 749 4706 1049 4778; x_wconf 80' lang='lat' dir='ltr'><strong>expolitus;</strong></span> <span class='ocrx_word' id='word_1_335' title='bbox 1094 4710 1267 4779; x_wconf 85' lang='lat' dir='ltr'><strong>pietas</strong></span> <span class='ocrx_word' id='word_1_336' title='bbox 1312 4712 1366 4769; x_wconf 89' lang='lat' dir='ltr'><strong>itt</strong></span> <span class='ocrx_word' id='word_1_337' title='bbox 1404 4715 1663 4773; x_wconf 87' lang='lat' dir='ltr'><strong>omnibus</strong></span> <span class='ocrx_word' id='word_1_338' title='bbox 1696 4733 1794 4788; x_wconf 89' lang='lat' dir='ltr'><strong>par</strong></span> <span class='ocrx_word' id='word_1_339' title='bbox 1826 4720 2024 4777; x_wconf 88' lang='lat' dir='ltr'><strong>elucet.</strong></span> 
     </span>
    </p>
   </div>
   <div class='ocr_carea' id='block_1_49' title="bbox 447 4794 2029 4871">
    <p class='ocr_par' dir='ltr' id='par_1_49' title="bbox 447 4794 2029 4871">
     <span class='ocr_line' id='line_1_49' title="bbox 447 4794 2029 4871; baseline 0.013 -22"><span class='ocrx_word' id='word_1_340' title='bbox 447 4794 555 4850; x_wconf 85' lang='lat' dir='ltr'><strong>Sed</strong></span> <span class='ocrx_word' id='word_1_341' title='bbox 579 4795 811 4855; x_wconf 85' lang='lat' dir='ltr'><strong>fortasse</strong></span> <span class='ocrx_word' id='word_1_342' title='bbox 838 4801 965 4871; x_wconf 87' lang='lat' dir='ltr'><strong>quis</strong></span> <span class='ocrx_word' id='word_1_343' title='bbox 986 4812 1233 4859; x_wconf 89' lang='lat' dir='ltr'><strong>autumet</strong></span> <span class='ocrx_word' id='word_1_344' title='bbox 1256 4820 1422 4862; x_wconf 81' lang='lat' dir='ltr'><strong>unum</strong></span> <span class='ocrx_word' id='word_1_345' title='bbox 1449 4806 1520 4863; x_wconf 94' lang='lat' dir='ltr'><strong>ab</strong></span> <span class='ocrx_word' id='word_1_346' title='bbox 1540 4808 1716 4865; x_wconf 88' lang='lat' dir='ltr'><strong>altero</strong></span> <span class='ocrx_word' id='word_1_347' title='bbox 1744 4825 2029 4870; x_wconf 85' lang='lat' dir='ltr'><strong>sermones</strong></span> 
     </span>
    </p>
   </div>
   <div class='ocr_carea' id='block_1_50' title="bbox 445 4886 2028 4975">
    <p class='ocr_par' dir='ltr' id='par_1_50' title="bbox 445 4886 2028 4975">
     <span class='ocr_line' id='line_1_50' title="bbox 445 4886 2028 4975; baseline 0.014 -36"><span class='ocrx_word' id='word_1_348' title='bbox 445 4886 689 4957; x_wconf 84' lang='lat' dir='ltr'><strong>integros</strong></span> <span class='ocrx_word' id='word_1_349' title='bbox 713 4891 1073 4961; x_wconf 80' lang='lat' dir='ltr'><strong>easeripsisse</strong></span> <span class='ocrx_word' id='word_1_350' title='bbox 1103 4909 1119 4949; x_wconf 91' lang='lat'><strong>:</strong></span> <span class='ocrx_word' id='word_1_351' title='bbox 1153 4891 1258 4951; x_wconf 79' lang='lat' dir='ltr'><strong>fuit</strong></span> <span class='ocrx_word' id='word_1_352' title='bbox 1273 4897 1417 4953; x_wconf 87' lang='lat' dir='ltr'><strong>enim</strong></span> <span class='ocrx_word' id='word_1_353' title='bbox 1446 4898 1560 4956; x_wconf 66' lang='lat' dir='ltr'><strong>haec</strong></span> <span class='ocrx_word' id='word_1_354' title='bbox 1590 4901 1733 4957; x_wconf 89' lang='lat' dir='ltr'><strong>inter</strong></span> <span class='ocrx_word' id='word_1_355' title='bbox 1757 4904 2028 4975; x_wconf 84' lang='lat' dir='ltr'><strong>sequioris</strong></span> 
     </span>
    </p>
   </div>
   <div class='ocr_carea' id='block_1_51' title="bbox 442 4979 2033 5066">
    <p class='ocr_par' dir='ltr' id='par_1_51' title="bbox 442 4979 2033 5066">
     <span class='ocr_line' id='line_1_51' title="bbox 442 4979 2033 5066; baseline 0.011 -30"><span class='ocrx_word' id='word_1_356' title='bbox 442 4980 625 5036; x_wconf 56' lang='lat' dir='ltr'><strong>seculi</strong></span> <span class='ocrx_word' id='word_1_357' title='bbox 653 4979 875 5039; x_wconf 67' lang='lat' dir='ltr'><strong>Gracos</strong></span> <span class='ocrx_word' id='word_1_358' title='bbox 908 4985 1075 5041; x_wconf 87' lang='lat' dir='ltr'><strong>nimia</strong></span> <span class='ocrx_word' id='word_1_359' title='bbox 1108 4986 1327 5045; x_wconf 80' lang='lat' dir='ltr'><strong>licentia</strong></span> <span class='ocrx_word' id='word_1_360' title='bbox 1362 4999 1416 5046; x_wconf 89' lang='lat' dir='ltr'><strong>et</strong></span> <span class='ocrx_word' id='word_1_361' title='bbox 1441 4991 1803 5066; x_wconf 76' lang='grc' dir='ltr'><strong>ἀναισχυντία</strong></span> <span class='ocrx_word' id='word_1_362' title='bbox 1837 5006 2033 5053; x_wconf 77' lang='grc' dir='ltr'><strong>ιιιιιιιιι)Δ</strong></span> 
     </span>
    </p>
   </div>
   <div class='ocr_carea' id='block_1_52' title="bbox 438 5071 2023 5154">
    <p class='ocr_par' dir='ltr' id='par_1_52' title="bbox 438 5071 2023 5154">
     <span class='ocr_line' id='line_1_52' title="bbox 438 5071 2023 5154; baseline 0.013 -28"><span class='ocrx_word' id='word_1_363' title='bbox 438 5089 559 5129; x_wconf 85' lang='lat' dir='ltr'><strong>sese</strong></span> <span class='ocrx_word' id='word_1_364' title='bbox 582 5071 922 5131; x_wconf 84' lang='lat' dir='ltr'><strong>exscribendi</strong></span> <span class='ocrx_word' id='word_1_365' title='bbox 950 5085 1007 5133; x_wconf 88' lang='lat' dir='ltr'><strong>et</strong></span> <span class='ocrx_word' id='word_1_366' title='bbox 1025 5081 1375 5152; x_wconf 80' lang='lat' dir='ltr'><strong>compilandi,</strong></span> <span class='ocrx_word' id='word_1_367' title='bbox 1395 5086 1537 5154; x_wconf 88' lang='lat' dir='ltr'><strong>quod</strong></span> <span class='ocrx_word' id='word_1_368' title='bbox 1564 5088 1841 5144; x_wconf 87' lang='lat' dir='ltr'><strong>adnotavit</strong></span> <span class='ocrx_word' id='word_1_369' title='bbox 1864 5090 2023 5146; x_wconf 82' lang='lat' dir='ltr'><strong>Gret-</strong></span> 
     </span>
    </p>
   </div>
   <div class='ocr_carea' id='block_1_53' title="bbox 442 5167 2017 5251">
    <p class='ocr_par' dir='ltr' id='par_1_53' title="bbox 442 5167 2017 5251">
     <span class='ocr_line' id='line_1_53' title="bbox 442 5167 2017 5251; baseline 0.012 -29"><span class='ocrx_word' id='word_1_370' title='bbox 442 5183 594 5222; x_wconf 77' lang='lat' dir='ltr'><strong>serus</strong></span> <span class='ocrx_word' id='word_1_371' title='bbox 632 5178 763 5223; x_wconf 88' lang='lat' dir='ltr'><strong>tom.</strong></span> <span class='ocrx_word' id='word_1_372' title='bbox 798 5167 841 5223; x_wconf 93' lang='lat' dir='ltr'><strong>ll</strong></span> <span class='ocrx_word' id='word_1_373' title='bbox 870 5168 946 5225; x_wconf 77' lang='lat' dir='ltr'><strong>De</strong></span> <span class='ocrx_word' id='word_1_374' title='bbox 974 5187 1163 5240; x_wconf 72' lang='lat' dir='ltr'><strong>cruce,</strong></span> <span class='ocrx_word' id='word_1_375' title='bbox 1196 5174 1249 5231; x_wconf 91' lang='lat' dir='ltr'><strong>itt</strong></span> <span class='ocrx_word' id='word_1_376' title='bbox 1286 5179 1431 5233; x_wconf 86' lang='lat' dir='ltr'><strong>notis</strong></span> <span class='ocrx_word' id='word_1_377' title='bbox 1463 5178 1683 5251; x_wconf 85' lang='lat' dir='ltr'><strong>Georgii</strong></span> <span class='ocrx_word' id='word_1_378' title='bbox 1718 5181 2017 5242; x_wconf 88' lang='lat' dir='ltr'><strong>llamartoli</strong></span> 
     </span>
    </p>
   </div>
   <div class='ocr_carea' id='block_1_54' title="bbox 441 5261 2020 5349">
    <p class='ocr_par' dir='ltr' id='par_1_54' title="bbox 441 5261 2020 5349">
     <span class='ocr_line' id='line_1_54' title="bbox 441 5261 2020 5349; baseline 0.015 -37"><span class='ocrx_word' id='word_1_379' title='bbox 441 5261 718 5314; x_wconf 85' lang='lat' dir='ltr'><strong>nomiliatn</strong></span> <span class='ocrx_word' id='word_1_380' title='bbox 754 5283 765 5317; x_wconf 87' lang='lat'><strong>:</strong></span> <span class='ocrx_word' id='word_1_381' title='bbox 795 5261 948 5330; x_wconf 68' lang='lat' dir='ltr'><strong>hac,</strong></span> <span class='ocrx_word' id='word_1_382' title='bbox 969 5266 1214 5335; x_wconf 84' lang='lat' dir='ltr'><strong>inquam,</strong></span> <span class='ocrx_word' id='word_1_383' title='bbox 1240 5284 1359 5339; x_wconf 67' lang='lat' dir='ltr'><strong>quae</strong></span> <span class='ocrx_word' id='word_1_384' title='bbox 1384 5271 1561 5343; x_wconf 80' lang='lat' dir='ltr'><strong>quivis</strong></span> <span class='ocrx_word' id='word_1_385' title='bbox 1588 5275 1864 5345; x_wconf 78' lang='lat' dir='ltr'><strong>obiectare</strong></span> <span class='ocrx_word' id='word_1_386' title='bbox 1892 5293 2020 5349; x_wconf 79' lang='lat' dir='ltr'><strong>pos-</strong></span> 
     </span>
    </p>
   </div>
   <div class='ocr_carea' id='block_1_55' title="bbox 436 5353 2017 5443">
    <p class='ocr_par' dir='ltr' id='par_1_55' title="bbox 436 5353 2017 5443">
     <span class='ocr_line' id='line_1_55' title="bbox 436 5353 2017 5443; baseline 0.013 -36"><span class='ocrx_word' id='word_1_387' title='bbox 436 5354 507 5408; x_wconf 84' lang='lat' dir='ltr'><strong>sit</strong></span> <span class='ocrx_word' id='word_1_388' title='bbox 539 5358 673 5410; x_wconf 88' lang='lat' dir='ltr'><strong>scio.</strong></span> <span class='ocrx_word' id='word_1_389' title='bbox 707 5353 818 5412; x_wconf 80' lang='lat' dir='ltr'><strong>Sed</strong></span> <span class='ocrx_word' id='word_1_390' title='bbox 856 5356 925 5413; x_wconf 85' lang='lat' dir='ltr'><strong>de</strong></span> <span class='ocrx_word' id='word_1_391' title='bbox 962 5357 1067 5416; x_wconf 89' lang='lat' dir='ltr'><strong>hoc</strong></span> <span class='ocrx_word' id='word_1_392' title='bbox 1105 5374 1274 5429; x_wconf 85' lang='lat' dir='ltr'><strong>opere</strong></span> <span class='ocrx_word' id='word_1_393' title='bbox 1310 5364 1617 5434; x_wconf 83' lang='lat' dir='ltr'><strong>suspicetur</strong></span> <span class='ocrx_word' id='word_1_394' title='bbox 1652 5369 1704 5425; x_wconf 89' lang='lat' dir='ltr'><strong>id</strong></span> <span class='ocrx_word' id='word_1_395' title='bbox 1738 5372 1831 5443; x_wconf 86' lang='lat' dir='ltr'><strong>qui</strong></span> <span class='ocrx_word' id='word_1_396' title='bbox 1867 5371 2017 5438; x_wconf 85' lang='lat' dir='ltr'><strong>velit,</strong></span> 
     </span>
    </p>
   </div>
   <div class='ocr_carea' id='block_1_56' title="bbox 439 5444 2029 5531">
    <p class='ocr_par' dir='ltr' id='par_1_56' title="bbox 439 5444 2029 5531">
     <span class='ocr_line' id='line_1_56' title="bbox 439 5444 2029 5531; baseline 0.014 -32"><span class='ocrx_word' id='word_1_397' title='bbox 439 5459 541 5515; x_wconf 83' lang='lat' dir='ltr'><strong>ego</strong></span> <span class='ocrx_word' id='word_1_398' title='bbox 589 5444 839 5515; x_wconf 83' lang='lat' dir='ltr'><strong>equidem</strong></span> <span class='ocrx_word' id='word_1_399' title='bbox 888 5463 1167 5523; x_wconf 88' lang='lat' dir='ltr'><strong>nunquam</strong></span> <span class='ocrx_word' id='word_1_400' title='bbox 1211 5453 1439 5520; x_wconf 84' lang='lat' dir='ltr'><strong>inducar</strong></span> <span class='ocrx_word' id='word_1_401' title='bbox 1484 5469 1548 5514; x_wconf 89' lang='lat' dir='ltr'><strong>ut</strong></span> <span class='ocrx_word' id='word_1_402' title='bbox 1590 5461 1855 5531; x_wconf 88' lang='lat' dir='ltr'><strong>suspicer.</strong></span> <span class='ocrx_word' id='word_1_403' title='bbox 1888 5464 2029 5531; x_wconf 83' lang='lat' dir='ltr'><strong>Quis</strong></span> 
     </span>
    </p>
   </div>
   <div class='ocr_carea' id='block_1_57' title="bbox 431 5538 2028 5621">
    <p class='ocr_par' dir='ltr' id='par_1_57' title="bbox 431 5538 2028 5621">
     <span class='ocr_line' id='line_1_57' title="bbox 431 5538 2028 5621; baseline 0.014 -29"><span class='ocrx_word' id='word_1_404' title='bbox 431 5538 612 5606; x_wconf 84' lang='lat' dir='ltr'><strong>enim,</strong></span> <span class='ocrx_word' id='word_1_405' title='bbox 651 5538 1085 5612; x_wconf 75' lang='lat' dir='ltr'><strong>Theophanesne</strong></span> <span class='ocrx_word' id='word_1_406' title='bbox 1135 5560 1166 5601; x_wconf 92' lang='lat' dir='ltr'><strong>a</strong></span> <span class='ocrx_word' id='word_1_407' title='bbox 1219 5544 1486 5621; x_wconf 87' lang='lat' dir='ltr'><strong>Gregorio</strong></span> <span class='ocrx_word' id='word_1_408' title='bbox 1534 5566 1607 5609; x_wconf 91' lang='lat' dir='ltr'><strong>an</strong></span> <span class='ocrx_word' id='word_1_409' title='bbox 1658 5554 1747 5612; x_wconf 89' lang='lat' dir='ltr'><strong>hic</strong></span> <span class='ocrx_word' id='word_1_410' title='bbox 1796 5556 1867 5613; x_wconf 87' lang='lat' dir='ltr'><strong>ab</strong></span> <span class='ocrx_word' id='word_1_411' title='bbox 1920 5558 2028 5614; x_wconf 87' lang='lat' dir='ltr'><strong>ilio-</strong></span> 
     </span>
    </p>
   </div>
   <div class='ocr_carea' id='block_1_58' title="bbox 437 5630 2025 5724">
    <p class='ocr_par' dir='ltr' id='par_1_58' title="bbox 437 5630 2025 5724">
     <span class='ocr_line' id='line_1_58' title="bbox 437 5630 2025 5724; baseline 0.014 -38"><span class='ocrx_word' id='word_1_412' title='bbox 437 5630 671 5703; x_wconf 77' lang='lat' dir='ltr'><strong>snblegit</strong></span> <span class='ocrx_word' id='word_1_413' title='bbox 711 5632 997 5692; x_wconf 82' lang='lat' dir='ltr'><strong>bomilias?</strong></span> <span class='ocrx_word' id='word_1_414' title='bbox 1030 5639 1113 5693; x_wconf 62' lang='lat' dir='ltr'><strong>An</strong></span> <span class='ocrx_word' id='word_1_415' title='bbox 1157 5648 1387 5712; x_wconf 87' lang='lat' dir='ltr'><strong>uterque</strong></span> <span class='ocrx_word' id='word_1_416' title='bbox 1430 5642 1758 5717; x_wconf 83' lang='lat' dir='ltr'><strong>Cerameus,</strong></span> <span class='ocrx_word' id='word_1_417' title='bbox 1793 5657 2025 5724; x_wconf 89' lang='lat' dir='ltr'><strong>uterque</strong></span> 
     </span>
    </p>
   </div>
   <div class='ocr_carea' id='block_1_59' title="bbox 435 5723 2021 5811">
    <p class='ocr_par' dir='ltr' id='par_1_59' title="bbox 435 5723 2021 5811">
     <span class='ocr_line' id='line_1_59' title="bbox 435 5723 2021 5811; baseline 0.016 -35"><span class='ocrx_word' id='word_1_418' title='bbox 435 5723 878 5798; x_wconf 80' lang='lat' dir='ltr'><strong>archiepiscopus</strong></span> <span class='ocrx_word' id='word_1_419' title='bbox 897 5728 1269 5798; x_wconf 87' lang='lat' dir='ltr'><strong>&#39;l‘auromenii,</strong></span> <span class='ocrx_word' id='word_1_420' title='bbox 1294 5745 1520 5810; x_wconf 89' lang='lat' dir='ltr'><strong>uterque</strong></span> <span class='ocrx_word' id='word_1_421' title='bbox 1546 5723 2021 5811; x_wconf 77' lang='lat' dir='ltr'><strong>sapientissimus?</strong></span> 
     </span>
    </p>
   </div>
   <div class='ocr_carea' id='block_1_60' title="bbox 1488 313 2794 395">
    <p class='ocr_par' dir='ltr' id='par_1_60' title="bbox 1488 313 2794 395">
     <span class='ocr_line' id='line_1_60' title="bbox 1488 313 2794 395; baseline 0.018 -23"><span class='ocrx_word' id='word_1_422' title='bbox 1488 313 1895 378; x_wconf 72' lang='lat' dir='ltr'><strong>FRANCISGI</strong></span> <span class='ocrx_word' id='word_1_423' title='bbox 1927 318 2197 385; x_wconf 79' lang='lat' dir='ltr'><strong>SCOBSI</strong></span> <span class='ocrx_word' id='word_1_424' title='bbox 2236 325 2677 394; x_wconf 75' lang='lat' dir='ltr'><strong>PROCEMIUM</strong></span> <span class='ocrx_word' id='word_1_425' title='bbox 2708 331 2794 395; x_wconf 83' lang='lat' dir='ltr'><strong>II.</strong></span> 
     </span>
    </p>
   </div>
   <div class='ocr_carea' id='block_1_61' title="bbox 3709 344 3784 411">
    <p class='ocr_par' dir='ltr' id='par_1_61' title="bbox 3709 344 3784 411">
     <span class='ocr_line' id='line_1_61' title="bbox 3709 344 3784 411; baseline 0.08 -6"><span class='ocrx_word' id='word_1_426' title='bbox 3709 344 3784 411; x_wconf 63' lang='lat' dir='ltr'><strong>8i</strong></span> 
     </span>
    </p>
   </div>
   <div class='ocr_carea' id='block_1_62' title="bbox 2193 446 3777 523">
    <p class='ocr_par' dir='ltr' id='par_1_62' title="bbox 2193 446 3777 523">
     <span class='ocr_line' id='line_1_62' title="bbox 2193 446 3777 523; baseline 0.015 -31"><span class='ocrx_word' id='word_1_427' title='bbox 2193 448 2249 493; x_wconf 90' lang='lat' dir='ltr'><strong>et</strong></span> <span class='ocrx_word' id='word_1_428' title='bbox 2280 452 2345 495; x_wconf 86' lang='lat' dir='ltr'><strong>ex</strong></span> <span class='ocrx_word' id='word_1_429' title='bbox 2380 455 2569 500; x_wconf 91' lang='lat' dir='ltr'><strong>amore</strong></span> <span class='ocrx_word' id='word_1_430' title='bbox 2607 446 2846 517; x_wconf 86' lang='lat' dir='ltr'><strong>suscepti</strong></span> <span class='ocrx_word' id='word_1_431' title='bbox 2889 446 3072 519; x_wconf 80' lang='lat' dir='ltr'><strong>Operis</strong></span> <span class='ocrx_word' id='word_1_432' title='bbox 3110 450 3165 506; x_wconf 89' lang='lat' dir='ltr'><strong>id</strong></span> <span class='ocrx_word' id='word_1_433' title='bbox 3206 452 3436 510; x_wconf 75' lang='lat' dir='ltr'><strong>inﬁciari</strong></span> <span class='ocrx_word' id='word_1_434' title='bbox 3472 454 3777 523; x_wconf 89' lang='lat' dir='ltr'><strong>videamur,</strong></span> 
     </span>
    </p>
   </div>
   <div class='ocr_carea' id='block_1_63' title="bbox 2192 538 3779 621">
    <p class='ocr_par' dir='ltr' id='par_1_63' title="bbox 2192 538 3779 621">
     <span class='ocr_line' id='line_1_63' title="bbox 2192 538 3779 621; baseline 0.014 -35"><span class='ocrx_word' id='word_1_435' title='bbox 2192 540 2341 589; x_wconf 91' lang='lat' dir='ltr'><strong>certe</strong></span> <span class='ocrx_word' id='word_1_436' title='bbox 2382 538 2647 605; x_wconf 77' lang='lat' dir='ltr'><strong>protemia</strong></span> <span class='ocrx_word' id='word_1_437' title='bbox 2693 540 2807 610; x_wconf 77' lang='lat' dir='ltr'><strong>ipsa</strong></span> <span class='ocrx_word' id='word_1_438' title='bbox 2846 556 3078 612; x_wconf 90' lang='lat' dir='ltr'><strong>quorum</strong></span> <span class='ocrx_word' id='word_1_439' title='bbox 3122 546 3289 602; x_wconf 86' lang='lat' dir='ltr'><strong>multa</strong></span> <span class='ocrx_word' id='word_1_440' title='bbox 3334 562 3441 605; x_wconf 94' lang='lat' dir='ltr'><strong>non</strong></span> <span class='ocrx_word' id='word_1_441' title='bbox 3483 562 3550 604; x_wconf 83' lang='lat' dir='ltr'><strong>ex</strong></span> <span class='ocrx_word' id='word_1_442' title='bbox 3593 549 3779 621; x_wconf 85' lang='lat' dir='ltr'><strong>aliquo</strong></span> 
     </span>
    </p>
   </div>
   <div class='ocr_carea' id='block_1_64' title="bbox 2193 624 3777 713">
    <p class='ocr_par' dir='ltr' id='par_1_64' title="bbox 2193 624 3777 713">
     <span class='ocr_line' id='line_1_64' title="bbox 2193 624 3777 713; baseline 0.011 -35"><span class='ocrx_word' id='word_1_443' title='bbox 2193 624 2312 681; x_wconf 90' lang='lat' dir='ltr'><strong>loco</strong></span> <span class='ocrx_word' id='word_1_444' title='bbox 2344 630 2642 697; x_wconf 87' lang='lat' dir='ltr'><strong>communi,</strong></span> <span class='ocrx_word' id='word_1_445' title='bbox 2668 632 2765 687; x_wconf 90' lang='lat' dir='ltr'><strong>sed</strong></span> <span class='ocrx_word' id='word_1_446' title='bbox 2801 648 2869 690; x_wconf 82' lang='lat' dir='ltr'><strong>ex</strong></span> <span class='ocrx_word' id='word_1_447' title='bbox 2908 644 3152 704; x_wconf 88' lang='lat' dir='ltr'><strong>tempore</strong></span> <span class='ocrx_word' id='word_1_448' title='bbox 3179 646 3231 693; x_wconf 89' lang='lat' dir='ltr'><strong>et</strong></span> <span class='ocrx_word' id='word_1_449' title='bbox 3265 638 3383 694; x_wconf 90' lang='lat' dir='ltr'><strong>loco</strong></span> <span class='ocrx_word' id='word_1_450' title='bbox 3412 639 3550 710; x_wconf 88' lang='lat' dir='ltr'><strong>ipso,</strong></span> <span class='ocrx_word' id='word_1_451' title='bbox 3581 641 3634 696; x_wconf 88' lang='lat' dir='ltr'><strong>in</strong></span> <span class='ocrx_word' id='word_1_452' title='bbox 3665 656 3777 713; x_wconf 88' lang='lat' dir='ltr'><strong>quo</strong></span> 
     </span>
    </p>
   </div>
   <div class='ocr_carea' id='block_1_65' title="bbox 2191 715 3773 804">
    <p class='ocr_par' dir='ltr' id='par_1_65' title="bbox 2191 715 3773 804">
     <span class='ocr_line' id='line_1_65' title="bbox 2191 715 3773 804; baseline 0.012 -34"><span class='ocrx_word' id='word_1_453' title='bbox 2191 715 2533 788; x_wconf 86' lang='lat' dir='ltr'><strong>dicebantur,</strong></span> <span class='ocrx_word' id='word_1_454' title='bbox 2563 732 2614 777; x_wconf 89' lang='lat' dir='ltr'><strong>et</strong></span> <span class='ocrx_word' id='word_1_455' title='bbox 2649 737 2714 779; x_wconf 85' lang='lat' dir='ltr'><strong>ex</strong></span> <span class='ocrx_word' id='word_1_456' title='bbox 2745 725 2966 783; x_wconf 77' lang='lat' dir='ltr'><strong>casibus</strong></span> <span class='ocrx_word' id='word_1_457' title='bbox 2994 728 3233 787; x_wconf 90' lang='lat' dir='ltr'><strong>fortuitis</strong></span> <span class='ocrx_word' id='word_1_458' title='bbox 3262 747 3329 787; x_wconf 90' lang='lat' dir='ltr'><strong>eo</strong></span> <span class='ocrx_word' id='word_1_459' title='bbox 3360 742 3601 804; x_wconf 87' lang='lat' dir='ltr'><strong>tempore</strong></span> <span class='ocrx_word' id='word_1_460' title='bbox 3634 734 3773 791; x_wconf 79' lang='lat' dir='ltr'><strong>inci-</strong></span> 
     </span>
    </p>
   </div>
   <div class='ocr_carea' id='block_1_66' title="bbox 2191 807 3773 891">
    <p class='ocr_par' dir='ltr' id='par_1_66' title="bbox 2191 807 3773 891">
     <span class='ocr_line' id='line_1_66' title="bbox 2191 807 3773 891; baseline 0.013 -32"><span class='ocrx_word' id='word_1_461' title='bbox 2191 807 2443 867; x_wconf 83' lang='lat' dir='ltr'><strong>dentibus</strong></span> <span class='ocrx_word' id='word_1_462' title='bbox 2484 824 2721 883; x_wconf 87' lang='lat' dir='ltr'><strong>sumpta,</strong></span> <span class='ocrx_word' id='word_1_463' title='bbox 2752 824 2809 873; x_wconf 90' lang='lat' dir='ltr'><strong>et</strong></span> <span class='ocrx_word' id='word_1_464' title='bbox 2845 832 2985 888; x_wconf 89' lang='lat' dir='ltr'><strong>pene</strong></span> <span class='ocrx_word' id='word_1_465' title='bbox 3020 824 3410 891; x_wconf 79' lang='lat' dir='ltr'><strong>eatemporalia</strong></span> <span class='ocrx_word' id='word_1_466' title='bbox 3448 836 3595 890; x_wconf 82' lang='lat' dir='ltr'><strong>sunt,</strong></span> <span class='ocrx_word' id='word_1_467' title='bbox 3624 834 3679 882; x_wconf 87' lang='lat' dir='ltr'><strong>et</strong></span> <span class='ocrx_word' id='word_1_468' title='bbox 3714 836 3773 880; x_wconf 89' lang='lat' dir='ltr'><strong>ut</strong></span> 
     </span>
    </p>
   </div>
   <div class='ocr_carea' id='block_1_67' title="bbox 2189 903 3773 989">
    <p class='ocr_par' dir='ltr' id='par_1_67' title="bbox 2189 903 3773 989">
     <span class='ocr_line' id='line_1_67' title="bbox 2189 903 3773 989; baseline 0.012 -34"><span class='ocrx_word' id='word_1_469' title='bbox 2189 911 2303 958; x_wconf 88' lang='lat' dir='ltr'><strong>tum</strong></span> <span class='ocrx_word' id='word_1_470' title='bbox 2344 903 2686 976; x_wconf 87' lang='lat' dir='ltr'><strong>dicebantur,</strong></span> <span class='ocrx_word' id='word_1_471' title='bbox 2720 920 2970 981; x_wconf 87' lang='lat' dir='ltr'><strong>excepta,</strong></span> <span class='ocrx_word' id='word_1_472' title='bbox 3006 923 3061 969; x_wconf 94' lang='lat' dir='ltr'><strong>et</strong></span> <span class='ocrx_word' id='word_1_473' title='bbox 3100 914 3269 970; x_wconf 89' lang='lat' dir='ltr'><strong>multa</strong></span> <span class='ocrx_word' id='word_1_474' title='bbox 3313 916 3607 988; x_wconf 73' lang='lat' dir='ltr'><strong>singularia</strong></span> <span class='ocrx_word' id='word_1_475' title='bbox 3649 933 3773 989; x_wconf 63' lang='lat' dir='ltr'><strong>qua</strong></span> 
     </span>
    </p>
   </div>
   <div class='ocr_carea' id='block_1_68' title="bbox 2187 994 3769 1068">
    <p class='ocr_par' dir='ltr' id='par_1_68' title="bbox 2187 994 3769 1068">
     <span class='ocr_line' id='line_1_68' title="bbox 2187 994 3769 1068; baseline 0.013 -21"><span class='ocrx_word' id='word_1_476' title='bbox 2187 1002 2304 1051; x_wconf 90' lang='lat' dir='ltr'><strong>tum</strong></span> <span class='ocrx_word' id='word_1_477' title='bbox 2353 994 2409 1054; x_wconf 82' lang='lat' dir='ltr'><strong>ia</strong></span> <span class='ocrx_word' id='word_1_478' title='bbox 2453 997 2619 1068; x_wconf 86' lang='lat' dir='ltr'><strong>ipsis,</strong></span> <span class='ocrx_word' id='word_1_479' title='bbox 2650 1010 2762 1059; x_wconf 91' lang='lat' dir='ltr'><strong>tum</strong></span> <span class='ocrx_word' id='word_1_480' title='bbox 2810 1004 2955 1062; x_wconf 91' lang='lat' dir='ltr'><strong>inter</strong></span> <span class='ocrx_word' id='word_1_481' title='bbox 2999 1006 3290 1065; x_wconf 87' lang='lat' dir='ltr'><strong>dicendum</strong></span> <span class='ocrx_word' id='word_1_482' title='bbox 3337 1020 3633 1068; x_wconf 88' lang='lat' dir='ltr'><strong>occurrunt</strong></span> <span class='ocrx_word' id='word_1_483' title='bbox 3675 1012 3769 1068; x_wconf 85' lang='lat' dir='ltr'><strong>uni</strong></span> 
     </span>
    </p>
   </div>
   <div class='ocr_carea' id='block_1_69' title="bbox 2183 1087 3767 1169">
    <p class='ocr_par' dir='ltr' id='par_1_69' title="bbox 2183 1087 3767 1169">
     <span class='ocr_line' id='line_1_69' title="bbox 2183 1087 3767 1169; baseline 0.009 -26"><span class='ocrx_word' id='word_1_484' title='bbox 2183 1087 2470 1159; x_wconf 84' lang='lat' dir='ltr'><strong>eidemque</strong></span> <span class='ocrx_word' id='word_1_485' title='bbox 2501 1094 2797 1169; x_wconf 83' lang='lat' dir='ltr'><strong>contigisse</strong></span> <span class='ocrx_word' id='word_1_486' title='bbox 2831 1097 3189 1167; x_wconf 86' lang='lat' dir='ltr'><strong>credendum,</strong></span> <span class='ocrx_word' id='word_1_487' title='bbox 3216 1100 3430 1160; x_wconf 86' lang='lat' dir='ltr'><strong>duobus</strong></span> <span class='ocrx_word' id='word_1_488' title='bbox 3464 1112 3522 1157; x_wconf 90' lang='lat' dir='ltr'><strong>ut</strong></span> <span class='ocrx_word' id='word_1_489' title='bbox 3551 1104 3767 1159; x_wconf 87' lang='lat' dir='ltr'><strong>contin-</strong></span> 
     </span>
    </p>
   </div>
   <div class='ocr_carea' id='block_1_70' title="bbox 2185 1182 3766 1261">
    <p class='ocr_par' dir='ltr' id='par_1_70' title="bbox 2185 1182 3766 1261">
     <span class='ocr_line' id='line_1_70' title="bbox 2185 1182 3766 1261; baseline 0.013 -29"><span class='ocrx_word' id='word_1_490' title='bbox 2185 1189 2313 1251; x_wconf 88' lang='lat' dir='ltr'><strong>gant</strong></span> <span class='ocrx_word' id='word_1_491' title='bbox 2340 1182 2456 1240; x_wconf 86' lang='lat' dir='ltr'><strong>fieri</strong></span> <span class='ocrx_word' id='word_1_492' title='bbox 2481 1186 2706 1242; x_wconf 86' lang='lat' dir='ltr'><strong>omnino</strong></span> <span class='ocrx_word' id='word_1_493' title='bbox 2736 1201 2844 1243; x_wconf 90' lang='lat' dir='ltr'><strong>non</strong></span> <span class='ocrx_word' id='word_1_494' title='bbox 2879 1199 3079 1261; x_wconf 87' lang='lat' dir='ltr'><strong>potest,</strong></span> <span class='ocrx_word' id='word_1_495' title='bbox 3104 1204 3160 1248; x_wconf 90' lang='lat' dir='ltr'><strong>et</strong></span> <span class='ocrx_word' id='word_1_496' title='bbox 3188 1205 3368 1255; x_wconf 86' lang='lat' dir='ltr'><strong>tamen</strong></span> <span class='ocrx_word' id='word_1_497' title='bbox 3402 1210 3685 1254; x_wconf 87' lang='lat' dir='ltr'><strong>sermones</strong></span> <span class='ocrx_word' id='word_1_498' title='bbox 3712 1197 3766 1253; x_wconf 88' lang='lat' dir='ltr'><strong>hi</strong></span> 
     </span>
    </p>
   </div>
   <div class='ocr_carea' id='block_1_71' title="bbox 2186 1272 3766 1362">
    <p class='ocr_par' dir='ltr' id='par_1_71' title="bbox 2186 1272 3766 1362">
     <span class='ocr_line' id='line_1_71' title="bbox 2186 1272 3766 1362; baseline 0.015 -37"><span class='ocrx_word' id='word_1_499' title='bbox 2186 1272 2285 1327; x_wconf 90' lang='lat' dir='ltr'><strong>toti</strong></span> <span class='ocrx_word' id='word_1_500' title='bbox 2320 1289 2446 1335; x_wconf 81' lang='lat' dir='ltr'><strong>cum</strong></span> <span class='ocrx_word' id='word_1_501' title='bbox 2476 1277 2731 1337; x_wconf 88' lang='lat' dir='ltr'><strong>omnibus</strong></span> <span class='ocrx_word' id='word_1_502' title='bbox 2763 1289 2818 1337; x_wconf 87' lang='lat' dir='ltr'><strong>et</strong></span> <span class='ocrx_word' id='word_1_503' title='bbox 2848 1283 3081 1354; x_wconf 76' lang='lat' dir='ltr'><strong>singulis</strong></span> <span class='ocrx_word' id='word_1_504' title='bbox 3113 1286 3231 1343; x_wconf 89' lang='lat' dir='ltr'><strong>suis</strong></span> <span class='ocrx_word' id='word_1_505' title='bbox 3270 1287 3516 1358; x_wconf 86' lang='lat' dir='ltr'><strong>partibus</strong></span> <span class='ocrx_word' id='word_1_506' title='bbox 3550 1292 3766 1362; x_wconf 86' lang='lat' dir='ltr'><strong>utrique</strong></span> 
     </span>
    </p>
   </div>
   <div class='ocr_carea' id='block_1_72' title="bbox 2182 1367 3760 1453">
    <p class='ocr_par' dir='ltr' id='par_1_72' title="bbox 2182 1367 3760 1453">
     <span class='ocr_line' id='line_1_72' title="bbox 2182 1367 3760 1453; baseline 0.013 -33"><span class='ocrx_word' id='word_1_507' title='bbox 2182 1367 2517 1426; x_wconf 88' lang='lat' dir='ltr'><strong>tributtntur.</strong></span> <span class='ocrx_word' id='word_1_508' title='bbox 2549 1371 2791 1446; x_wconf 79' lang='lat' dir='ltr'><strong>Tangam</strong></span> <span class='ocrx_word' id='word_1_509' title='bbox 2821 1387 3141 1445; x_wconf 81' lang='lat' dir='ltr'><strong>argumenta</strong></span> <span class='ocrx_word' id='word_1_510' title='bbox 3172 1380 3352 1453; x_wconf 86' lang='lat' dir='ltr'><strong>aliqua</strong></span> <span class='ocrx_word' id='word_1_511' title='bbox 3383 1382 3518 1439; x_wconf 88' lang='lat' dir='ltr'><strong>dicis</strong></span> <span class='ocrx_word' id='word_1_512' title='bbox 3545 1398 3711 1440; x_wconf 87' lang='lat' dir='ltr'><strong>causa</strong></span> <span class='ocrx_word' id='word_1_513' title='bbox 3745 1403 3760 1441; x_wconf 90' lang='lat'>:</span> 
     </span>
    </p>
   </div>
   <div class='ocr_carea' id='block_1_73' title="bbox 2178 1460 3759 1543">
    <p class='ocr_par' dir='ltr' id='par_1_73' title="bbox 2178 1460 3759 1543">
     <span class='ocr_line' id='line_1_73' title="bbox 2178 1460 3759 1543; baseline 0.008 -24"><span class='ocrx_word' id='word_1_514' title='bbox 2178 1460 2248 1519; x_wconf 85' lang='lat' dir='ltr'><strong>de</strong></span> <span class='ocrx_word' id='word_1_515' title='bbox 2271 1465 2483 1521; x_wconf 62' lang='lat' dir='ltr'><strong>ceteris</strong></span> <span class='ocrx_word' id='word_1_516' title='bbox 2503 1479 2625 1537; x_wconf 63' lang='lat' dir='ltr'><strong>quae</strong></span> <span class='ocrx_word' id='word_1_517' title='bbox 2650 1482 2865 1538; x_wconf 87' lang='lat' dir='ltr'><strong>possem</strong></span> <span class='ocrx_word' id='word_1_518' title='bbox 2891 1469 3105 1535; x_wconf 73' lang='lat' dir='ltr'><strong>aﬂerre.</strong></span> <span class='ocrx_word' id='word_1_519' title='bbox 3131 1488 3362 1543; x_wconf 69' lang='lat' dir='ltr'><strong>quaque</strong></span> <span class='ocrx_word' id='word_1_520' title='bbox 3390 1473 3560 1532; x_wconf 84' lang='lat' dir='ltr'><strong>lector</strong></span> <span class='ocrx_word' id='word_1_521' title='bbox 3583 1477 3759 1533; x_wconf 87' lang='lat' dir='ltr'><strong>anim-</strong></span> 
     </span>
    </p>
   </div>
   <div class='ocr_carea' id='block_1_74' title="bbox 2176 1557 3756 1639">
    <p class='ocr_par' dir='ltr' id='par_1_74' title="bbox 2176 1557 3756 1639">
     <span class='ocr_line' id='line_1_74' title="bbox 2176 1557 3756 1639; baseline 0.009 -28"><span class='ocrx_word' id='word_1_522' title='bbox 2176 1557 2461 1616; x_wconf 74' lang='lat' dir='ltr'><strong>advertere</strong></span> <span class='ocrx_word' id='word_1_523' title='bbox 2498 1575 2595 1629; x_wconf 86' lang='lat' dir='ltr'><strong>per</strong></span> <span class='ocrx_word' id='word_1_524' title='bbox 2627 1576 2687 1618; x_wconf 89' lang='lat' dir='ltr'><strong>se</strong></span> <span class='ocrx_word' id='word_1_525' title='bbox 2720 1573 2929 1633; x_wconf 84' lang='lat' dir='ltr'><strong>potest,</strong></span> <span class='ocrx_word' id='word_1_526' title='bbox 2962 1565 3124 1621; x_wconf 88' lang='lat' dir='ltr'><strong>faciat</strong></span> <span class='ocrx_word' id='word_1_527' title='bbox 3154 1567 3332 1638; x_wconf 84' lang='lat' dir='ltr'><strong>quivis</strong></span> <span class='ocrx_word' id='word_1_528' title='bbox 3364 1569 3756 1639; x_wconf 78' lang='lat' dir='ltr'><strong>conjecturam.</strong></span> 
     </span>
    </p>
   </div>
   <div class='ocr_carea' id='block_1_75' title="bbox 2176 1647 3758 1727">
    <p class='ocr_par' dir='ltr' id='par_1_75' title="bbox 2176 1647 3758 1727">
     <span class='ocr_line' id='line_1_75' title="bbox 2176 1647 3758 1727; baseline 0.005 -24"><span class='ocrx_word' id='word_1_529' title='bbox 2176 1647 2237 1704; x_wconf 86' lang='lat' dir='ltr'><strong>In</strong></span> <span class='ocrx_word' id='word_1_530' title='bbox 2286 1648 2509 1707; x_wconf 89' lang='lat' dir='ltr'><strong>humilia</strong></span> <span class='ocrx_word' id='word_1_531' title='bbox 2556 1653 2624 1708; x_wconf 91' lang='lat' dir='ltr'><strong>de</strong></span> <span class='ocrx_word' id='word_1_532' title='bbox 2665 1654 2776 1710; x_wconf 85' lang='lat' dir='ltr'><strong>tilio</strong></span> <span class='ocrx_word' id='word_1_533' title='bbox 2814 1656 2988 1713; x_wconf 65' lang='lat' dir='ltr'><strong>vidua</strong></span> <span class='ocrx_word' id='word_1_534' title='bbox 3030 1658 3239 1726; x_wconf 78' lang='lat' dir='ltr'><strong>(notuit.</strong></span> <span class='ocrx_word' id='word_1_535' title='bbox 3265 1655 3341 1727; x_wconf 85' lang='lat' dir='ltr'><strong>vt)</strong></span> <span class='ocrx_word' id='word_1_536' title='bbox 3386 1668 3576 1713; x_wconf 88' lang='lat' dir='ltr'><strong>auctor</strong></span> <span class='ocrx_word' id='word_1_537' title='bbox 3612 1660 3758 1714; x_wconf 77' lang='lat' dir='ltr'><strong>aliud</strong></span> 
     </span>
    </p>
   </div>
   <div class='ocr_carea' id='block_1_76' title="bbox 2174 1740 3759 1817">
    <p class='ocr_par' dir='ltr' id='par_1_76' title="bbox 2174 1740 3759 1817">
     <span class='ocr_line' id='line_1_76' title="bbox 2174 1740 3759 1817; baseline 0.006 -22"><span class='ocrx_word' id='word_1_538' title='bbox 2174 1740 2278 1798; x_wconf 89' lang='lat' dir='ltr'><strong>sibi</strong></span> <span class='ocrx_word' id='word_1_539' title='bbox 2308 1746 2633 1815; x_wconf 70' lang='lat' dir='ltr'><strong>promntium</strong></span> <span class='ocrx_word' id='word_1_540' title='bbox 2662 1750 2997 1817; x_wconf 89' lang='lat' dir='ltr'><strong>propositum</strong></span> <span class='ocrx_word' id='word_1_541' title='bbox 3024 1747 3193 1804; x_wconf 86' lang='lat' dir='ltr'><strong>fuisse</strong></span> <span class='ocrx_word' id='word_1_542' title='bbox 3216 1748 3371 1811; x_wconf 88' lang='lat' dir='ltr'><strong>dicit.</strong></span> <span class='ocrx_word' id='word_1_543' title='bbox 3392 1749 3487 1806; x_wconf 85' lang='lat' dir='ltr'><strong>sed</strong></span> <span class='ocrx_word' id='word_1_544' title='bbox 3515 1749 3759 1817; x_wconf 81' lang='lat' dir='ltr'><strong>conjecto</strong></span> 
     </span>
    </p>
   </div>
   <div class='ocr_carea' id='block_1_77' title="bbox 2177 1834 3761 1909">
    <p class='ocr_par' dir='ltr' id='par_1_77' title="bbox 2177 1834 3761 1909">
     <span class='ocr_line' id='line_1_77' title="bbox 2177 1834 3761 1909; baseline 0.004 -20"><span class='ocrx_word' id='word_1_545' title='bbox 2177 1834 2230 1890; x_wconf 92' lang='lat' dir='ltr'><strong>in</strong></span> <span class='ocrx_word' id='word_1_546' title='bbox 2282 1845 2492 1903; x_wconf 86' lang='lat' dir='ltr'><strong>partem</strong></span> <span class='ocrx_word' id='word_1_547' title='bbox 2538 1836 2691 1896; x_wconf 86' lang='lat' dir='ltr'><strong>chori</strong></span> <span class='ocrx_word' id='word_1_548' title='bbox 2740 1840 3021 1896; x_wconf 84' lang='lat' dir='ltr'><strong>dexteram</strong></span> <span class='ocrx_word' id='word_1_549' title='bbox 3074 1840 3264 1909; x_wconf 90' lang='lat' dir='ltr'><strong>oculo,</strong></span> <span class='ocrx_word' id='word_1_550' title='bbox 3300 1850 3355 1897; x_wconf 89' lang='lat' dir='ltr'><strong>et</strong></span> <span class='ocrx_word' id='word_1_551' title='bbox 3405 1843 3533 1897; x_wconf 89' lang='lat' dir='ltr'><strong>sede</strong></span> <span class='ocrx_word' id='word_1_552' title='bbox 3578 1842 3761 1896; x_wconf 79' lang='lat' dir='ltr'><strong>fratris</strong></span> 
     </span>
    </p>
   </div>
   <div class='ocr_carea' id='block_1_78' title="bbox 2171 1928 3759 2005">
    <p class='ocr_par' dir='ltr' id='par_1_78' title="bbox 2171 1928 3759 2005">
     <span class='ocr_line' id='line_1_78' title="bbox 2171 1928 3759 2005; baseline 0.005 -21"><span class='ocrx_word' id='word_1_553' title='bbox 2171 1928 2441 1987; x_wconf 80' lang='lat' dir='ltr'><strong>demortui</strong></span> <span class='ocrx_word' id='word_1_554' title='bbox 2481 1946 2645 1989; x_wconf 83' lang='lat' dir='ltr'><strong>vacua</strong></span> <span class='ocrx_word' id='word_1_555' title='bbox 2678 1945 2993 2005; x_wconf 87' lang='lat' dir='ltr'><strong>conspecta,</strong></span> <span class='ocrx_word' id='word_1_556' title='bbox 3028 1943 3095 1993; x_wconf 86' lang='lat' dir='ltr'><strong>de</strong></span> <span class='ocrx_word' id='word_1_557' title='bbox 3133 1951 3200 1993; x_wconf 91' lang='lat' dir='ltr'><strong>eo</strong></span> <span class='ocrx_word' id='word_1_558' title='bbox 3239 1948 3293 1992; x_wconf 89' lang='lat' dir='ltr'><strong>et</strong></span> <span class='ocrx_word' id='word_1_559' title='bbox 3326 1938 3451 1992; x_wconf 68' lang='lat' dir='ltr'><strong>vitae</strong></span> <span class='ocrx_word' id='word_1_560' title='bbox 3493 1938 3759 1992; x_wconf 82' lang='lat' dir='ltr'><strong>brevitate</strong></span> 
     </span>
    </p>
   </div>
   <div class='ocr_carea' id='block_1_79' title="bbox 2170 2024 3758 2102">
    <p class='ocr_par' dir='ltr' id='par_1_79' title="bbox 2170 2024 3758 2102">
     <span class='ocr_line' id='line_1_79' title="bbox 2170 2024 3758 2102; baseline 0.003 -23"><span class='ocrx_word' id='word_1_561' title='bbox 2170 2024 2453 2081; x_wconf 78' lang='lat' dir='ltr'><strong>exordium</strong></span> <span class='ocrx_word' id='word_1_562' title='bbox 2494 2025 2703 2097; x_wconf 81' lang='lat' dir='ltr'><strong>facere,</strong></span> <span class='ocrx_word' id='word_1_563' title='bbox 2738 2036 2796 2085; x_wconf 89' lang='lat' dir='ltr'><strong>et</strong></span> <span class='ocrx_word' id='word_1_564' title='bbox 2838 2032 3003 2087; x_wconf 87' lang='lat' dir='ltr'><strong>animi</strong></span> <span class='ocrx_word' id='word_1_565' title='bbox 3045 2032 3384 2102; x_wconf 87' lang='lat' dir='ltr'><strong>propositum</strong></span> <span class='ocrx_word' id='word_1_566' title='bbox 3432 2042 3671 2100; x_wconf 88' lang='lat' dir='ltr'><strong>mutare,</strong></span> <span class='ocrx_word' id='word_1_567' title='bbox 3702 2039 3758 2085; x_wconf 88' lang='lat' dir='ltr'><strong>et</strong></span> 
     </span>
    </p>
   </div>
   <div class='ocr_carea' id='block_1_80' title="bbox 2169 2113 3756 2193">
    <p class='ocr_par' dir='ltr' id='par_1_80' title="bbox 2169 2113 3756 2193">
     <span class='ocr_line' id='line_1_80' title="bbox 2169 2113 3756 2193; baseline 0.003 -22"><span class='ocrx_word' id='word_1_568' title='bbox 2169 2115 2236 2171; x_wconf 84' lang='lat' dir='ltr'><strong>ad</strong></span> <span class='ocrx_word' id='word_1_569' title='bbox 2281 2113 2687 2189; x_wconf 78' lang='lat' dir='ltr'><strong>lacrymamlnnt</strong></span> <span class='ocrx_word' id='word_1_570' title='bbox 2726 2120 2844 2193; x_wconf 85' lang='lat' dir='ltr'><strong>cogi</strong></span> <span class='ocrx_word' id='word_1_571' title='bbox 2885 2137 2947 2179; x_wconf 87' lang='lat' dir='ltr'><strong>se</strong></span> <span class='ocrx_word' id='word_1_572' title='bbox 2987 2124 3298 2179; x_wconf 86' lang='lat' dir='ltr'><strong>confitetur.</strong></span> <span class='ocrx_word' id='word_1_573' title='bbox 3329 2122 3385 2177; x_wconf 87' lang='lat' dir='ltr'><strong>In</strong></span> <span class='ocrx_word' id='word_1_574' title='bbox 3426 2122 3645 2180; x_wconf 88' lang='lat' dir='ltr'><strong>humilia</strong></span> <span class='ocrx_word' id='word_1_575' title='bbox 3685 2121 3756 2177; x_wconf 87' lang='lat' dir='ltr'><strong>de</strong></span> 
     </span>
    </p>
   </div>
   <div class='ocr_carea' id='block_1_81' title="bbox 2170 2206 3752 2287">
    <p class='ocr_par' dir='ltr' id='par_1_81' title="bbox 2170 2206 3752 2287">
     <span class='ocr_line' id='line_1_81' title="bbox 2170 2206 3752 2287; baseline 0.003 -22"><span class='ocrx_word' id='word_1_576' title='bbox 2170 2206 2228 2265; x_wconf 82' lang='lat'><strong>8.</strong></span> <span class='ocrx_word' id='word_1_577' title='bbox 2258 2208 2545 2267; x_wconf 85' lang='lat' dir='ltr'><strong>Pancratio</strong></span> <span class='ocrx_word' id='word_1_578' title='bbox 2574 2212 2789 2284; x_wconf 75' lang='lat' dir='ltr'><strong>(homii.</strong></span> <span class='ocrx_word' id='word_1_579' title='bbox 2819 2216 2952 2284; x_wconf 75' lang='lat' dir='ltr'><strong>Lvtt)</strong></span> <span class='ocrx_word' id='word_1_580' title='bbox 2983 2232 3173 2287; x_wconf 87' lang='lat' dir='ltr'><strong>parum</strong></span> <span class='ocrx_word' id='word_1_581' title='bbox 3201 2218 3438 2273; x_wconf 87' lang='lat' dir='ltr'><strong>abfuisse</strong></span> <span class='ocrx_word' id='word_1_582' title='bbox 3466 2216 3598 2273; x_wconf 85' lang='lat' dir='ltr'><strong>dicit</strong></span> <span class='ocrx_word' id='word_1_583' title='bbox 3620 2216 3752 2287; x_wconf 90' lang='lat' dir='ltr'><strong>quin</strong></span> 
     </span>
    </p>
   </div>
   <div class='ocr_carea' id='block_1_82' title="bbox 2168 2300 3753 2372">
    <p class='ocr_par' dir='ltr' id='par_1_82' title="bbox 2168 2300 3753 2372">
     <span class='ocr_line' id='line_1_82' title="bbox 2168 2300 3753 2372; baseline 0.005 -17"><span class='ocrx_word' id='word_1_584' title='bbox 2168 2308 2293 2371; x_wconf 79' lang='lat' dir='ltr'><strong>pos:</strong></span> <span class='ocrx_word' id='word_1_585' title='bbox 2321 2300 2517 2359; x_wconf 85' lang='lat' dir='ltr'><strong>festum</strong></span> <span class='ocrx_word' id='word_1_586' title='bbox 2541 2305 2773 2372; x_wconf 76' lang='lat' dir='ltr'><strong>venerit,</strong></span> <span class='ocrx_word' id='word_1_587' title='bbox 2798 2320 2919 2362; x_wconf 88' lang='lat' dir='ltr'><strong>cum</strong></span> <span class='ocrx_word' id='word_1_588' title='bbox 2956 2310 3313 2364; x_wconf 84' lang='lat' dir='ltr'><strong>maturaverit</strong></span> <span class='ocrx_word' id='word_1_589' title='bbox 3341 2319 3524 2365; x_wconf 89' lang='lat' dir='ltr'><strong>tamen</strong></span> <span class='ocrx_word' id='word_1_590' title='bbox 3558 2309 3658 2363; x_wconf 87' lang='lat' dir='ltr'><strong>iter</strong></span> <span class='ocrx_word' id='word_1_591' title='bbox 3684 2308 3753 2363; x_wconf 88' lang='lat' dir='ltr'><strong>ad</strong></span> 
     </span>
    </p>
   </div>
   <div class='ocr_carea' id='block_1_83' title="bbox 2165 2391 3751 2470">
    <p class='ocr_par' dir='ltr' id='par_1_83' title="bbox 2165 2391 3751 2470">
     <span class='ocr_line' id='line_1_83' title="bbox 2165 2391 3751 2470; baseline 0.004 -23"><span class='ocrx_word' id='word_1_592' title='bbox 2165 2404 2289 2448; x_wconf 80' lang='lat' dir='ltr'><strong>euut</strong></span> <span class='ocrx_word' id='word_1_593' title='bbox 2313 2391 2456 2450; x_wconf 89' lang='lat' dir='ltr'><strong>diem</strong></span> <span class='ocrx_word' id='word_1_594' title='bbox 2484 2409 2607 2451; x_wconf 88' lang='lat' dir='ltr'><strong>cum</strong></span> <span class='ocrx_word' id='word_1_595' title='bbox 2637 2410 2741 2453; x_wconf 85' lang='lat' dir='ltr'><strong>suo</strong></span> <span class='ocrx_word' id='word_1_596' title='bbox 2768 2397 2964 2469; x_wconf 90' lang='lat' dir='ltr'><strong>populo</strong></span> <span class='ocrx_word' id='word_1_597' title='bbox 2991 2398 3408 2468; x_wconf 82' lang='lat' dir='ltr'><strong>celebrandum;</strong></span> <span class='ocrx_word' id='word_1_598' title='bbox 3440 2399 3536 2455; x_wconf 80' lang='lat' dir='ltr'><strong>sed</strong></span> <span class='ocrx_word' id='word_1_599' title='bbox 3558 2412 3751 2470; x_wconf 84' lang='lat' dir='ltr'><strong>quam-</strong></span> 
     </span>
    </p>
   </div>
   <div class='ocr_carea' id='block_1_84' title="bbox 2163 2485 3753 2559">
    <p class='ocr_par' dir='ltr' id='par_1_84' title="bbox 2163 2485 3753 2559">
     <span class='ocr_line' id='line_1_84' title="bbox 2163 2485 3753 2559; baseline 0.003 -18"><span class='ocrx_word' id='word_1_600' title='bbox 2163 2486 2247 2543; x_wconf 87' lang='lat' dir='ltr'><strong>vis</strong></span> <span class='ocrx_word' id='word_1_601' title='bbox 2289 2485 2467 2542; x_wconf 73' lang='lat' dir='ltr'><strong>l’essus</strong></span> <span class='ocrx_word' id='word_1_602' title='bbox 2511 2499 2568 2545; x_wconf 91' lang='lat' dir='ltr'><strong>et</strong></span> <span class='ocrx_word' id='word_1_603' title='bbox 2614 2489 2863 2546; x_wconf 90' lang='lat' dir='ltr'><strong>infirmus</strong></span> <span class='ocrx_word' id='word_1_604' title='bbox 2905 2506 2972 2547; x_wconf 89' lang='lat' dir='ltr'><strong>ex</strong></span> <span class='ocrx_word' id='word_1_605' title='bbox 3027 2492 3219 2548; x_wconf 89' lang='lat' dir='ltr'><strong>itinere</strong></span> <span class='ocrx_word' id='word_1_606' title='bbox 3261 2491 3573 2559; x_wconf 83' lang='lat' dir='ltr'><strong>advenerit,</strong></span> <span class='ocrx_word' id='word_1_607' title='bbox 3606 2490 3753 2548; x_wconf 85' lang='lat' dir='ltr'><strong>nolle</strong></span> 
     </span>
    </p>
   </div>
   <div class='ocr_carea' id='block_1_85' title="bbox 2164 2583 3749 2646">
    <p class='ocr_par' dir='ltr' id='par_1_85' title="bbox 2164 2583 3749 2646">
     <span class='ocr_line' id='line_1_85' title="bbox 2164 2583 3749 2646; baseline 0.004 -11"><span class='ocrx_word' id='word_1_608' title='bbox 2164 2590 2343 2636; x_wconf 90' lang='lat' dir='ltr'><strong>tamen</strong></span> <span class='ocrx_word' id='word_1_609' title='bbox 2393 2583 2631 2638; x_wconf 89' lang='lat' dir='ltr'><strong>sermoni</strong></span> <span class='ocrx_word' id='word_1_610' title='bbox 2681 2584 2887 2646; x_wconf 79' lang='lat' dir='ltr'><strong>deesse.</strong></span> <span class='ocrx_word' id='word_1_611' title='bbox 2925 2584 2981 2640; x_wconf 90' lang='lat' dir='ltr'><strong>In</strong></span> <span class='ocrx_word' id='word_1_612' title='bbox 3030 2585 3250 2642; x_wconf 87' lang='lat' dir='ltr'><strong>humilia</strong></span> <span class='ocrx_word' id='word_1_613' title='bbox 3302 2587 3369 2642; x_wconf 89' lang='lat' dir='ltr'><strong>de</strong></span> <span class='ocrx_word' id='word_1_614' title='bbox 3415 2586 3749 2642; x_wconf 88' lang='lat' dir='ltr'><strong>Centurione</strong></span> 
     </span>
    </p>
   </div>
   <div class='ocr_carea' id='block_1_86' title="bbox 2161 2672 3743 2749">
    <p class='ocr_par' dir='ltr' id='par_1_86' title="bbox 2161 2672 3743 2749">
     <span class='ocr_line' id='line_1_86' title="bbox 2161 2672 3743 2749; baseline 0.003 -22"><span class='ocrx_word' id='word_1_615' title='bbox 2161 2672 2375 2744; x_wconf 61' lang='lat' dir='ltr'><strong>(sentit.</strong></span> <span class='ocrx_word' id='word_1_616' title='bbox 2410 2674 2557 2746; x_wconf 69' lang='lat' dir='ltr'><strong>xciv)</strong></span> <span class='ocrx_word' id='word_1_617' title='bbox 2589 2678 2919 2733; x_wconf 88' lang='lat' dir='ltr'><strong>mentionem</strong></span> <span class='ocrx_word' id='word_1_618' title='bbox 2950 2678 3078 2733; x_wconf 84' lang='lat' dir='ltr'><strong>facit</strong></span> <span class='ocrx_word' id='word_1_619' title='bbox 3106 2680 3492 2735; x_wconf 74' lang='lat' dir='ltr'><strong>controversia:</strong></span> <span class='ocrx_word' id='word_1_620' title='bbox 3518 2678 3743 2749; x_wconf 75' lang='lat' dir='ltr'><strong>indicia-</strong></span> 
     </span>
    </p>
   </div>
   <div class='ocr_carea' id='block_1_87' title="bbox 2163 2767 3745 2837">
    <p class='ocr_par' dir='ltr' id='par_1_87' title="bbox 2163 2767 3745 2837">
     <span class='ocr_line' id='line_1_87' title="bbox 2163 2767 3745 2837; baseline 0.003 -16"><span class='ocrx_word' id='word_1_621' title='bbox 2163 2767 2277 2832; x_wconf 65' lang='grc' dir='ltr'><strong>τίω,</strong></span> <span class='ocrx_word' id='word_1_622' title='bbox 2307 2768 2425 2837; x_wconf 86' lang='lat' dir='ltr'><strong>ipso</strong></span> <span class='ocrx_word' id='word_1_623' title='bbox 2460 2767 2695 2825; x_wconf 78' lang='lat' dir='ltr'><strong>habendi</strong></span> <span class='ocrx_word' id='word_1_624' title='bbox 2732 2772 3001 2827; x_wconf 83' lang='lat' dir='ltr'><strong>sermonis</strong></span> <span class='ocrx_word' id='word_1_625' title='bbox 3036 2772 3268 2829; x_wconf 87' lang='lat' dir='ltr'><strong>articulo</strong></span> <span class='ocrx_word' id='word_1_626' title='bbox 3298 2773 3401 2829; x_wconf 89' lang='lat' dir='ltr'><strong>sibi</strong></span> <span class='ocrx_word' id='word_1_627' title='bbox 3433 2774 3647 2837; x_wconf 77' lang='lat' dir='ltr'><strong>obitum,</strong></span> <span class='ocrx_word' id='word_1_628' title='bbox 3682 2780 3745 2827; x_wconf 92' lang='lat' dir='ltr'><strong>ut</strong></span> 
     </span>
    </p>
   </div>
   <div class='ocr_carea' id='block_1_88' title="bbox 2151 2858 3740 2938">
    <p class='ocr_par' dir='ltr' id='par_1_88' title="bbox 2151 2858 3740 2938">
     <span class='ocr_line' id='line_1_88' title="bbox 2151 2858 3740 2938; baseline 0.004 -21"><span class='ocrx_word' id='word_1_629' title='bbox 2151 2858 2265 2929; x_wconf 83' lang='lat' dir='ltr'><strong>jam</strong></span> <span class='ocrx_word' id='word_1_630' title='bbox 2290 2862 2460 2919; x_wconf 85' lang='lat' dir='ltr'><strong>ferme</strong></span> <span class='ocrx_word' id='word_1_631' title='bbox 2484 2863 2680 2920; x_wconf 88' lang='lat' dir='ltr'><strong>diaboli</strong></span> <span class='ocrx_word' id='word_1_632' title='bbox 2706 2862 2897 2921; x_wconf 80' lang='lat' dir='ltr'><strong>fraude</strong></span> <span class='ocrx_word' id='word_1_633' title='bbox 2920 2876 3220 2923; x_wconf 83' lang='lat' dir='ltr'><strong>conventus</strong></span> <span class='ocrx_word' id='word_1_634' title='bbox 3243 2866 3406 2923; x_wconf 90' lang='lat' dir='ltr'><strong>fuerit</strong></span> <span class='ocrx_word' id='word_1_635' title='bbox 3428 2866 3740 2938; x_wconf 88' lang='lat' dir='ltr'><strong>impeditus.</strong></span> 
     </span>
    </p>
   </div>
   <div class='ocr_carea' id='block_1_89' title="bbox 2156 2952 3742 3027">
    <p class='ocr_par' dir='ltr' id='par_1_89' title="bbox 2156 2952 3742 3027">
     <span class='ocr_line' id='line_1_89' title="bbox 2156 2952 3742 3027; baseline 0.003 -18"><span class='ocrx_word' id='word_1_636' title='bbox 2156 2952 2215 3009; x_wconf 87' lang='lat' dir='ltr'><strong>In</strong></span> <span class='ocrx_word' id='word_1_637' title='bbox 2244 2956 2462 3012; x_wconf 83' lang='lat' dir='ltr'><strong>humilia</strong></span> <span class='ocrx_word' id='word_1_638' title='bbox 2490 2960 2557 3013; x_wconf 90' lang='lat' dir='ltr'><strong>de</strong></span> <span class='ocrx_word' id='word_1_639' title='bbox 2584 2958 2651 3013; x_wconf 81' lang='lat' dir='ltr'><strong>iis</strong></span> <span class='ocrx_word' id='word_1_640' title='bbox 2674 2958 2853 3013; x_wconf 86' lang='lat' dir='ltr'><strong>verbis</strong></span> <span class='ocrx_word' id='word_1_641' title='bbox 2882 2978 2897 3015; x_wconf 90' lang='lat'>:</span> <span class='ocrx_word' id='word_1_642' title='bbox 2922 2958 3161 3015; x_wconf 77' lang='lat' dir='ltr'><strong>Lucerna</strong></span> <span class='ocrx_word' id='word_1_643' title='bbox 3191 2962 3430 3027; x_wconf 82' lang='lat' dir='ltr'><strong>corporis</strong></span> <span class='ocrx_word' id='word_1_644' title='bbox 3458 2969 3537 3017; x_wconf 80' lang='lat' dir='ltr'><strong>es!</strong></span> <span class='ocrx_word' id='word_1_645' title='bbox 3560 2961 3742 3016; x_wconf 79' lang='lat' dir='ltr'><strong>oculus</strong></span> 
     </span>
    </p>
   </div>
   <div class='ocr_carea' id='block_1_90' title="bbox 2156 3052 3739 3127">
    <p class='ocr_par' dir='ltr' id='par_1_90' title="bbox 2156 3052 3739 3127">
     <span class='ocr_line' id='line_1_90' title="bbox 2156 3052 3739 3127; baseline 0.002 -21"><span class='ocrx_word' id='word_1_646' title='bbox 2156 3052 2368 3121; x_wconf 68' lang='lat' dir='ltr'><strong>(finiuit.</strong></span> <span class='ocrx_word' id='word_1_647' title='bbox 2421 3053 2593 3123; x_wconf 73' lang='lat' dir='ltr'><strong>ant),</strong></span> <span class='ocrx_word' id='word_1_648' title='bbox 2652 3054 2941 3110; x_wconf 88' lang='lat' dir='ltr'><strong>diaconum</strong></span> <span class='ocrx_word' id='word_1_649' title='bbox 2999 3056 3240 3127; x_wconf 75' lang='lat' dir='ltr'><strong>graviter</strong></span> <span class='ocrx_word' id='word_1_650' title='bbox 3292 3057 3542 3125; x_wconf 77' lang='lat' dir='ltr'><strong>increpat</strong></span> <span class='ocrx_word' id='word_1_651' title='bbox 3596 3058 3739 3125; x_wconf 88' lang='lat' dir='ltr'><strong>quod</strong></span> 
     </span>
    </p>
   </div>
   <div class='ocr_carea' id='block_1_91' title="bbox 2154 3147 3737 3217">
    <p class='ocr_par' dir='ltr' id='par_1_91' title="bbox 2154 3147 3737 3217">
     <span class='ocr_line' id='line_1_91' title="bbox 2154 3147 3737 3217; baseline 0.002 -17"><span class='ocrx_word' id='word_1_652' title='bbox 2154 3163 2349 3204; x_wconf 84' lang='lat' dir='ltr'><strong>somno</strong></span> <span class='ocrx_word' id='word_1_653' title='bbox 2388 3161 2449 3203; x_wconf 86' lang='lat' dir='ltr'><strong>se</strong></span> <span class='ocrx_word' id='word_1_654' title='bbox 2481 3147 2715 3217; x_wconf 89' lang='lat' dir='ltr'><strong>opprimi</strong></span> <span class='ocrx_word' id='word_1_655' title='bbox 2762 3149 2904 3204; x_wconf 88' lang='lat' dir='ltr'><strong>inter</strong></span> <span class='ocrx_word' id='word_1_656' title='bbox 2944 3165 3247 3205; x_wconf 82' lang='lat' dir='ltr'><strong>sermonem</strong></span> <span class='ocrx_word' id='word_1_657' title='bbox 3289 3151 3496 3215; x_wconf 86' lang='lat' dir='ltr'><strong>siverit,</strong></span> <span class='ocrx_word' id='word_1_658' title='bbox 3530 3159 3585 3205; x_wconf 86' lang='lat' dir='ltr'><strong>et</strong></span> <span class='ocrx_word' id='word_1_659' title='bbox 3620 3150 3737 3205; x_wconf 90' lang='lat' dir='ltr'><strong>lon-</strong></span> 
     </span>
    </p>
   </div>
   <div class='ocr_carea' id='block_1_92' title="bbox 2158 3241 3738 3311">
    <p class='ocr_par' dir='ltr' id='par_1_92' title="bbox 2158 3241 3738 3311">
     <span class='ocr_line' id='line_1_92' title="bbox 2158 3241 3738 3311; baseline 0.001 -15"><span class='ocrx_word' id='word_1_660' title='bbox 2158 3241 2363 3308; x_wconf 81' lang='lat' dir='ltr'><strong>giorem</strong></span> <span class='ocrx_word' id='word_1_661' title='bbox 2409 3242 2808 3311; x_wconf 84' lang='lat' dir='ltr'><strong>perorationem</strong></span> <span class='ocrx_word' id='word_1_662' title='bbox 2846 3258 2913 3298; x_wconf 81' lang='lat' dir='ltr'><strong>ex</strong></span> <span class='ocrx_word' id='word_1_663' title='bbox 2954 3253 3195 3311; x_wconf 89' lang='lat' dir='ltr'><strong>tempore</strong></span> <span class='ocrx_word' id='word_1_664' title='bbox 3230 3243 3299 3299; x_wconf 87' lang='lat' dir='ltr'><strong>de</strong></span> <span class='ocrx_word' id='word_1_665' title='bbox 3337 3256 3531 3299; x_wconf 89' lang='lat' dir='ltr'><strong>somno</strong></span> <span class='ocrx_word' id='word_1_666' title='bbox 3570 3242 3738 3299; x_wconf 90' lang='lat' dir='ltr'><strong>trahit</strong></span> 
     </span>
    </p>
   </div>
   <div class='ocr_carea' id='block_1_93' title="bbox 2151 3335 3732 3403">
    <p class='ocr_par' dir='ltr' id='par_1_93' title="bbox 2151 3335 3732 3403">
     <span class='ocr_line' id='line_1_93' title="bbox 2151 3335 3732 3403; baseline 0.001 -14"><span class='ocrx_word' id='word_1_667' title='bbox 2151 3349 2325 3403; x_wconf 86' lang='lat' dir='ltr'><strong>eaque</strong></span> <span class='ocrx_word' id='word_1_668' title='bbox 2364 3348 2673 3389; x_wconf 86' lang='lat' dir='ltr'><strong>sermonem</strong></span> <span class='ocrx_word' id='word_1_669' title='bbox 2718 3335 3012 3391; x_wconf 87' lang='lat' dir='ltr'><strong>concludit.</strong></span> <span class='ocrx_word' id='word_1_670' title='bbox 3047 3335 3172 3392; x_wconf 69' lang='lat' dir='ltr'><strong>llaec</strong></span> <span class='ocrx_word' id='word_1_671' title='bbox 3214 3344 3269 3392; x_wconf 86' lang='lat' dir='ltr'><strong>et</strong></span> <span class='ocrx_word' id='word_1_672' title='bbox 3307 3345 3563 3393; x_wconf 74' lang='lat' dir='ltr'><strong>sexcenta</strong></span> <span class='ocrx_word' id='word_1_673' title='bbox 3605 3336 3732 3397; x_wconf 89' lang='lat' dir='ltr'><strong>alia.</strong></span> 
     </span>
    </p>
   </div>
   <div class='ocr_carea' id='block_1_94' title="bbox 2150 3427 3732 3502">
    <p class='ocr_par' dir='ltr' id='par_1_94' title="bbox 2150 3427 3732 3502">
     <span class='ocr_line' id='line_1_94' title="bbox 2150 3427 3732 3502; baseline 0.004 -23"><span class='ocrx_word' id='word_1_674' title='bbox 2150 3442 2272 3497; x_wconf 70' lang='lat' dir='ltr'><strong>quze</strong></span> <span class='ocrx_word' id='word_1_675' title='bbox 2314 3442 2419 3482; x_wconf 91' lang='lat' dir='ltr'><strong>non</strong></span> <span class='ocrx_word' id='word_1_676' title='bbox 2465 3427 2645 3484; x_wconf 90' lang='lat' dir='ltr'><strong>solum</strong></span> <span class='ocrx_word' id='word_1_677' title='bbox 2692 3428 2746 3483; x_wconf 89' lang='lat' dir='ltr'><strong>in</strong></span> <span class='ocrx_word' id='word_1_678' title='bbox 2798 3431 3124 3501; x_wconf 70' lang='lat' dir='ltr'><strong>promutuum</strong></span> <span class='ocrx_word' id='word_1_679' title='bbox 3170 3441 3223 3487; x_wconf 91' lang='lat' dir='ltr'><strong>et</strong></span> <span class='ocrx_word' id='word_1_680' title='bbox 3265 3428 3732 3502; x_wconf 84' lang='lat' dir='ltr'><strong>perorationibus.</strong></span> 
     </span>
    </p>
   </div>
   <div class='ocr_carea' id='block_1_95' title="bbox 2149 3521 3730 3595">
    <p class='ocr_par' dir='ltr' id='par_1_95' title="bbox 2149 3521 3730 3595">
     <span class='ocr_line' id='line_1_95' title="bbox 2149 3521 3730 3595; baseline 0 -19"><span class='ocrx_word' id='word_1_681' title='bbox 2149 3522 2245 3576; x_wconf 87' lang='lat' dir='ltr'><strong>sed</strong></span> <span class='ocrx_word' id='word_1_682' title='bbox 2281 3524 2334 3575; x_wconf 89' lang='lat' dir='ltr'><strong>itt</strong></span> <span class='ocrx_word' id='word_1_683' title='bbox 2367 3521 2486 3592; x_wconf 87' lang='lat' dir='ltr'><strong>ipso</strong></span> <span class='ocrx_word' id='word_1_684' title='bbox 2516 3522 2733 3578; x_wconf 87' lang='lat' dir='ltr'><strong>dicendi</strong></span> <span class='ocrx_word' id='word_1_685' title='bbox 2770 3539 2934 3579; x_wconf 83' lang='lat' dir='ltr'><strong>cursu</strong></span> <span class='ocrx_word' id='word_1_686' title='bbox 2972 3540 3073 3595; x_wconf 90' lang='lat' dir='ltr'><strong>pro</strong></span> <span class='ocrx_word' id='word_1_687' title='bbox 3109 3541 3163 3580; x_wconf 88' lang='lat' dir='ltr'><strong>re</strong></span> <span class='ocrx_word' id='word_1_688' title='bbox 3197 3537 3318 3579; x_wconf 84' lang='lat' dir='ltr'><strong>nata</strong></span> <span class='ocrx_word' id='word_1_689' title='bbox 3362 3526 3637 3588; x_wconf 83' lang='lat' dir='ltr'><strong>dicuntur,</strong></span> <span class='ocrx_word' id='word_1_690' title='bbox 3667 3536 3730 3576; x_wconf 81' lang='lat' dir='ltr'><strong>ex</strong></span> 
     </span>
    </p>
   </div>
   <div class='ocr_carea' id='block_1_96' title="bbox 2151 3616 3731 3688">
    <p class='ocr_par' dir='ltr' id='par_1_96' title="bbox 2151 3616 3731 3688">
     <span class='ocr_line' id='line_1_96' title="bbox 2151 3616 3731 3688; baseline -0.002 -18"><span class='ocrx_word' id='word_1_691' title='bbox 2151 3626 2422 3685; x_wconf 84' lang='lat' dir='ltr'><strong>tempore.</strong></span> <span class='ocrx_word' id='word_1_692' title='bbox 2447 3616 2564 3671; x_wconf 89' lang='lat' dir='ltr'><strong>loco</strong></span> <span class='ocrx_word' id='word_1_693' title='bbox 2595 3625 2651 3671; x_wconf 89' lang='lat' dir='ltr'><strong>et</strong></span> <span class='ocrx_word' id='word_1_694' title='bbox 2679 3632 2908 3687; x_wconf 89' lang='lat' dir='ltr'><strong>persona</strong></span> <span class='ocrx_word' id='word_1_695' title='bbox 2939 3618 3257 3688; x_wconf 67' lang='lat' dir='ltr'><strong>cmterisqtte</strong></span> <span class='ocrx_word' id='word_1_696' title='bbox 3286 3616 3731 3674; x_wconf 80' lang='lat' dir='ltr'><strong>circumstantiis.</strong></span> 
     </span>
    </p>
   </div>
   <div class='ocr_carea' id='block_1_97' title="bbox 2144 3710 3729 3781">
    <p class='ocr_par' dir='ltr' id='par_1_97' title="bbox 2144 3710 3729 3781">
     <span class='ocr_line' id='line_1_97' title="bbox 2144 3710 3729 3781; baseline -0.004 -15"><span class='ocrx_word' id='word_1_697' title='bbox 2144 3712 2366 3766; x_wconf 90' lang='lat' dir='ltr'><strong>otttttino</strong></span> <span class='ocrx_word' id='word_1_698' title='bbox 2389 3712 2646 3767; x_wconf 86' lang='lat' dir='ltr'><strong>evincunt</strong></span> <span class='ocrx_word' id='word_1_699' title='bbox 2670 3726 2774 3764; x_wconf 92' lang='lat' dir='ltr'><strong>non</strong></span> <span class='ocrx_word' id='word_1_700' title='bbox 2806 3711 3043 3781; x_wconf 80' lang='lat' dir='ltr'><strong>potuisse</strong></span> <span class='ocrx_word' id='word_1_701' title='bbox 3067 3714 3166 3765; x_wconf 90' lang='lat' dir='ltr'><strong>ltos</strong></span> <span class='ocrx_word' id='word_1_702' title='bbox 3193 3725 3471 3765; x_wconf 85' lang='lat' dir='ltr'><strong>sermones</strong></span> <span class='ocrx_word' id='word_1_703' title='bbox 3496 3710 3729 3780; x_wconf 88' lang='lat' dir='ltr'><strong>plurium</strong></span> 
     </span>
    </p>
   </div>
   <div class='ocr_carea' id='block_1_98' title="bbox 2146 3802 3732 3874">
    <p class='ocr_par' dir='ltr' id='par_1_98' title="bbox 2146 3802 3732 3874">
     <span class='ocr_line' id='line_1_98' title="bbox 2146 3802 3732 3874; baseline -0.001 -15"><span class='ocrx_word' id='word_1_704' title='bbox 2146 3819 2267 3859; x_wconf 87' lang='lat' dir='ltr'><strong>esse</strong></span> <span class='ocrx_word' id='word_1_705' title='bbox 2294 3818 2416 3858; x_wconf 82' lang='lat' dir='ltr'><strong>eum</strong></span> <span class='ocrx_word' id='word_1_706' title='bbox 2446 3803 2558 3859; x_wconf 77' lang='grc' dir='ltr'><strong>τῶν</strong></span> <span class='ocrx_word' id='word_1_707' title='bbox 2588 3802 2873 3858; x_wconf 78' lang='grc' dir='ltr'><strong>ἀδυνάτων</strong></span> <span class='ocrx_word' id='word_1_708' title='bbox 2898 3805 2970 3859; x_wconf 92' lang='lat' dir='ltr'><strong>sit</strong></span> <span class='ocrx_word' id='word_1_709' title='bbox 2997 3821 3059 3858; x_wconf 88' lang='lat' dir='ltr'><strong>ea</strong></span> <span class='ocrx_word' id='word_1_710' title='bbox 3091 3820 3252 3874; x_wconf 86' lang='lat' dir='ltr'><strong>posse</strong></span> <span class='ocrx_word' id='word_1_711' title='bbox 3280 3805 3491 3861; x_wconf 90' lang='lat' dir='ltr'><strong>duobus</strong></span> <span class='ocrx_word' id='word_1_712' title='bbox 3516 3805 3732 3859; x_wconf 71' lang='lat' dir='ltr'><strong>diverso</strong></span> 
     </span>
    </p>
   </div>
   <div class='ocr_carea' id='block_1_99' title="bbox 2148 3893 3731 3965">
    <p class='ocr_par' dir='ltr' id='par_1_99' title="bbox 2148 3893 3731 3965">
     <span class='ocr_line' id='line_1_99' title="bbox 2148 3893 3731 3965; baseline 0.001 -20"><span class='ocrx_word' id='word_1_713' title='bbox 2148 3904 2390 3965; x_wconf 81' lang='lat' dir='ltr'><strong>tempore</strong></span> <span class='ocrx_word' id='word_1_714' title='bbox 2434 3893 2623 3949; x_wconf 76' lang='lat' dir='ltr'><strong>eadem</strong></span> <span class='ocrx_word' id='word_1_715' title='bbox 2664 3896 2904 3951; x_wconf 86' lang='lat' dir='ltr'><strong>evenire.</strong></span> <span class='ocrx_word' id='word_1_716' title='bbox 2938 3894 3207 3951; x_wconf 69' lang='lat' dir='ltr'><strong>Prmterea</strong></span> <span class='ocrx_word' id='word_1_717' title='bbox 3254 3911 3450 3952; x_wconf 83' lang='lat' dir='ltr'><strong>sensus</strong></span> <span class='ocrx_word' id='word_1_718' title='bbox 3487 3894 3731 3964; x_wconf 75' lang='lat' dir='ltr'><strong>explica-</strong></span> 
     </span>
    </p>
   </div>
   <div class='ocr_carea' id='block_1_100' title="bbox 2146 3986 3725 4058">
    <p class='ocr_par' dir='ltr' id='par_1_100' title="bbox 2146 3986 3725 4058">
     <span class='ocr_line' id='line_1_100' title="bbox 2146 3986 3725 4058; baseline -0.001 -18"><span class='ocrx_word' id='word_1_719' title='bbox 2146 3988 2429 4058; x_wconf 82' lang='lat' dir='ltr'><strong>tionesque</strong></span> <span class='ocrx_word' id='word_1_720' title='bbox 2472 3986 2713 4044; x_wconf 83' lang='lat' dir='ltr'><strong>aucturis</strong></span> <span class='ocrx_word' id='word_1_721' title='bbox 2754 3988 3053 4044; x_wconf 84' lang='lat' dir='ltr'><strong>conciunnt</strong></span> <span class='ocrx_word' id='word_1_722' title='bbox 3093 3988 3220 4055; x_wconf 87' lang='lat' dir='ltr'><strong>sibi,</strong></span> <span class='ocrx_word' id='word_1_723' title='bbox 3252 3998 3305 4043; x_wconf 84' lang='lat' dir='ltr'><strong>et</strong></span> <span class='ocrx_word' id='word_1_724' title='bbox 3341 3989 3485 4057; x_wconf 82' lang='lat' dir='ltr'><strong>qunti</strong></span> <span class='ocrx_word' id='word_1_725' title='bbox 3524 3987 3577 4042; x_wconf 91' lang='lat' dir='ltr'><strong>itt</strong></span> <span class='ocrx_word' id='word_1_726' title='bbox 3620 4002 3725 4041; x_wconf 89' lang='lat' dir='ltr'><strong>una</strong></span> 
     </span>
    </p>
   </div>
   <div class='ocr_carea' id='block_1_101' title="bbox 2143 4079 3726 4150">
    <p class='ocr_par' dir='ltr' id='par_1_101' title="bbox 2143 4079 3726 4150">
     <span class='ocr_line' id='line_1_101' title="bbox 2143 4079 3726 4150; baseline 0 -17"><span class='ocrx_word' id='word_1_727' title='bbox 2143 4080 2383 4145; x_wconf 86' lang='lat' dir='ltr'><strong>dictum,</strong></span> <span class='ocrx_word' id='word_1_728' title='bbox 2416 4079 2472 4134; x_wconf 88' lang='lat' dir='ltr'><strong>itt</strong></span> <span class='ocrx_word' id='word_1_729' title='bbox 2513 4079 2619 4135; x_wconf 83' lang='lat' dir='ltr'><strong>alia</strong></span> <span class='ocrx_word' id='word_1_730' title='bbox 2667 4082 2961 4149; x_wconf 78' lang='lat' dir='ltr'><strong>repetitur;</strong></span> <span class='ocrx_word' id='word_1_731' title='bbox 3007 4088 3063 4135; x_wconf 90' lang='lat' dir='ltr'><strong>et</strong></span> <span class='ocrx_word' id='word_1_732' title='bbox 3113 4080 3231 4149; x_wconf 82' lang='lat' dir='ltr'><strong>ipse</strong></span> <span class='ocrx_word' id='word_1_733' title='bbox 3274 4094 3335 4137; x_wconf 87' lang='lat' dir='ltr'><strong>se</strong></span> <span class='ocrx_word' id='word_1_734' title='bbox 3379 4079 3446 4134; x_wconf 89' lang='lat' dir='ltr'><strong>ad</strong></span> <span class='ocrx_word' id='word_1_735' title='bbox 3489 4082 3726 4150; x_wconf 88' lang='lat' dir='ltr'><strong>seipsum</strong></span> 
     </span>
    </p>
   </div>
   <div class='ocr_carea' id='block_1_102' title="bbox 2143 4174 3725 4244">
    <p class='ocr_par' dir='ltr' id='par_1_102' title="bbox 2143 4174 3725 4244">
     <span class='ocr_line' id='line_1_102' title="bbox 2143 4174 3725 4244; baseline 0 -15"><span class='ocrx_word' id='word_1_736' title='bbox 2143 4174 2328 4238; x_wconf 80' lang='lat' dir='ltr'><strong>refert.</strong></span> <span class='ocrx_word' id='word_1_737' title='bbox 2359 4188 2466 4230; x_wconf 89' lang='lat' dir='ltr'><strong>non</strong></span> <span class='ocrx_word' id='word_1_738' title='bbox 2499 4190 2626 4230; x_wconf 85' lang='lat' dir='ltr'><strong>raro</strong></span> <span class='ocrx_word' id='word_1_739' title='bbox 2650 4189 2773 4244; x_wconf 68' lang='lat' dir='ltr'><strong>quin</strong></span> <span class='ocrx_word' id='word_1_740' title='bbox 2798 4188 2897 4229; x_wconf 88' lang='lat' dir='ltr'><strong>nos</strong></span> <span class='ocrx_word' id='word_1_741' title='bbox 2928 4174 2980 4228; x_wconf 91' lang='lat' dir='ltr'><strong>itt</strong></span> <span class='ocrx_word' id='word_1_742' title='bbox 3013 4175 3154 4231; x_wconf 85' lang='lat' dir='ltr'><strong>notis</strong></span> <span class='ocrx_word' id='word_1_743' title='bbox 3180 4174 3515 4243; x_wconf 73' lang='lat' dir='ltr'><strong>singularum</strong></span> <span class='ocrx_word' id='word_1_744' title='bbox 3552 4175 3725 4229; x_wconf 82' lang='lat' dir='ltr'><strong>homi-</strong></span> 
     </span>
    </p>
   </div>
   <div class='ocr_carea' id='block_1_103' title="bbox 2145 4265 3727 4337">
    <p class='ocr_par' dir='ltr' id='par_1_103' title="bbox 2145 4265 3727 4337">
     <span class='ocr_line' id='line_1_103' title="bbox 2145 4265 3727 4337; baseline 0.002 -18"><span class='ocrx_word' id='word_1_745' title='bbox 2145 4266 2341 4321; x_wconf 78' lang='lat' dir='ltr'><strong>IIartttn</strong></span> <span class='ocrx_word' id='word_1_746' title='bbox 2376 4274 2633 4337; x_wconf 88' lang='lat' dir='ltr'><strong>tanquam</strong></span> <span class='ocrx_word' id='word_1_747' title='bbox 2666 4265 3049 4322; x_wconf 84' lang='lat' dir='ltr'><strong>concordantia</strong></span> <span class='ocrx_word' id='word_1_748' title='bbox 3089 4267 3468 4322; x_wconf 85' lang='lat' dir='ltr'><strong>aunotavimus</strong></span> <span class='ocrx_word' id='word_1_749' title='bbox 3501 4283 3517 4323; x_wconf 90' lang='lat'><strong>:</strong></span> <span class='ocrx_word' id='word_1_750' title='bbox 3553 4282 3727 4337; x_wconf 88' lang='lat' dir='ltr'><strong>eaque</strong></span> 
     </span>
    </p>
   </div>
   <div class='ocr_carea' id='block_1_104' title="bbox 2143 4358 3726 4429">
    <p class='ocr_par' dir='ltr' id='par_1_104' title="bbox 2143 4358 3726 4429">
     <span class='ocr_line' id='line_1_104' title="bbox 2143 4358 3726 4429; baseline 0.002 -16"><span class='ocrx_word' id='word_1_751' title='bbox 2143 4360 2214 4414; x_wconf 87' lang='lat' dir='ltr'><strong>ab</strong></span> <span class='ocrx_word' id='word_1_752' title='bbox 2244 4374 2352 4414; x_wconf 90' lang='lat' dir='ltr'><strong>uno</strong></span> <span class='ocrx_word' id='word_1_753' title='bbox 2379 4358 2591 4417; x_wconf 87' lang='lat' dir='ltr'><strong>artifice</strong></span> <span class='ocrx_word' id='word_1_754' title='bbox 2614 4359 2718 4416; x_wconf 87' lang='lat' dir='ltr'><strong>hoc</strong></span> <span class='ocrx_word' id='word_1_755' title='bbox 2740 4374 2878 4429; x_wconf 89' lang='lat' dir='ltr'><strong>opus</strong></span> <span class='ocrx_word' id='word_1_756' title='bbox 2905 4367 3068 4429; x_wconf 87' lang='lat' dir='ltr'><strong>atque</strong></span> <span class='ocrx_word' id='word_1_757' title='bbox 3089 4361 3158 4415; x_wconf 89' lang='lat' dir='ltr'><strong>ab</strong></span> <span class='ocrx_word' id='word_1_758' title='bbox 3182 4376 3286 4416; x_wconf 89' lang='lat' dir='ltr'><strong>una</strong></span> <span class='ocrx_word' id='word_1_759' title='bbox 3308 4358 3519 4417; x_wconf 76' lang='lat' dir='ltr'><strong>oﬂicina</strong></span> <span class='ocrx_word' id='word_1_760' title='bbox 3544 4360 3726 4417; x_wconf 83' lang='lat' dir='ltr'><strong>exisse</strong></span> 
     </span>
    </p>
   </div>
   <div class='ocr_carea' id='block_1_105' title="bbox 2141 4450 3726 4525">
    <p class='ocr_par' dir='ltr' id='par_1_105' title="bbox 2141 4450 3726 4525">
     <span class='ocr_line' id='line_1_105' title="bbox 2141 4450 3726 4525; baseline 0.001 -20"><span class='ocrx_word' id='word_1_761' title='bbox 2141 4452 2301 4522; x_wconf 88' lang='lat' dir='ltr'><strong>plane</strong></span> <span class='ocrx_word' id='word_1_762' title='bbox 2345 4450 2744 4509; x_wconf 83' lang='lat' dir='ltr'><strong>demonstrant.</strong></span> <span class='ocrx_word' id='word_1_763' title='bbox 2776 4450 2915 4509; x_wconf 87' lang='lat' dir='ltr'><strong>Cum</strong></span> <span class='ocrx_word' id='word_1_764' title='bbox 2961 4452 3126 4525; x_wconf 82' lang='lat' dir='ltr'><strong>igitur</strong></span> <span class='ocrx_word' id='word_1_765' title='bbox 3172 4454 3278 4509; x_wconf 89' lang='lat' dir='ltr'><strong>hoc</strong></span> <span class='ocrx_word' id='word_1_766' title='bbox 3321 4462 3475 4509; x_wconf 84' lang='lat' dir='ltr'><strong>certo</strong></span> <span class='ocrx_word' id='word_1_767' title='bbox 3520 4456 3726 4509; x_wconf 85' lang='lat' dir='ltr'><strong>certius</strong></span> 
     </span>
    </p>
   </div>
   <div class='ocr_carea' id='block_1_106' title="bbox 2140 4543 3725 4614">
    <p class='ocr_par' dir='ltr' id='par_1_106' title="bbox 2140 4543 3725 4614">
     <span class='ocr_line' id='line_1_106' title="bbox 2140 4543 3725 4614; baseline 0 -14"><span class='ocrx_word' id='word_1_768' title='bbox 2140 4544 2446 4614; x_wconf 86' lang='lat' dir='ltr'><strong>ponendum</strong></span> <span class='ocrx_word' id='word_1_769' title='bbox 2475 4544 2568 4610; x_wconf 91' lang='lat' dir='ltr'><strong>sit,</strong></span> <span class='ocrx_word' id='word_1_770' title='bbox 2595 4557 2793 4601; x_wconf 87' lang='lat' dir='ltr'><strong>censeo</strong></span> <span class='ocrx_word' id='word_1_771' title='bbox 2821 4545 2963 4599; x_wconf 90' lang='lat' dir='ltr'><strong>hunc</strong></span> <span class='ocrx_word' id='word_1_772' title='bbox 2987 4553 3268 4600; x_wconf 89' lang='lat' dir='ltr'><strong>auctorem</strong></span> <span class='ocrx_word' id='word_1_773' title='bbox 3296 4544 3466 4601; x_wconf 89' lang='lat' dir='ltr'><strong>fuisse</strong></span> <span class='ocrx_word' id='word_1_774' title='bbox 3487 4543 3725 4600; x_wconf 85' lang='lat' dir='ltr'><strong>binomi-</strong></span> 
     </span>
    </p>
   </div>
   <div class='ocr_carea' id='block_1_107' title="bbox 2136 4634 3720 4711">
    <p class='ocr_par' dir='ltr' id='par_1_107' title="bbox 2136 4634 3720 4711">
     <span class='ocr_line' id='line_1_107' title="bbox 2136 4634 3720 4711; baseline -0.001 -18"><span class='ocrx_word' id='word_1_775' title='bbox 2136 4652 2286 4704; x_wconf 87' lang='lat' dir='ltr'><strong>nem,</strong></span> <span class='ocrx_word' id='word_1_776' title='bbox 2306 4645 2364 4693; x_wconf 91' lang='lat' dir='ltr'><strong>et</strong></span> <span class='ocrx_word' id='word_1_777' title='bbox 2383 4638 2632 4694; x_wconf 87' lang='lat' dir='ltr'><strong>eumdem</strong></span> <span class='ocrx_word' id='word_1_778' title='bbox 2654 4635 3040 4707; x_wconf 81' lang='lat' dir='ltr'><strong>Theophanem</strong></span> <span class='ocrx_word' id='word_1_779' title='bbox 3066 4646 3121 4694; x_wconf 90' lang='lat' dir='ltr'><strong>et</strong></span> <span class='ocrx_word' id='word_1_780' title='bbox 3142 4634 3463 4711; x_wconf 88' lang='lat' dir='ltr'><strong>Gregorium</strong></span> <span class='ocrx_word' id='word_1_781' title='bbox 3488 4637 3720 4701; x_wconf 86' lang='lat' dir='ltr'><strong>dictum.</strong></span> 
     </span>
    </p>
   </div>
   <div class='ocr_carea' id='block_1_108' title="bbox 2135 4728 3716 4801">
    <p class='ocr_par' dir='ltr' id='par_1_108' title="bbox 2135 4728 3716 4801">
     <span class='ocr_line' id='line_1_108' title="bbox 2135 4728 3716 4801; baseline 0 -14"><span class='ocrx_word' id='word_1_782' title='bbox 2135 4744 2353 4801; x_wconf 86' lang='lat' dir='ltr'><strong>semper</strong></span> <span class='ocrx_word' id='word_1_783' title='bbox 2387 4744 2519 4786; x_wconf 90' lang='lat' dir='ltr'><strong>vero</strong></span> <span class='ocrx_word' id='word_1_784' title='bbox 2560 4728 2927 4795; x_wconf 82' lang='lat' dir='ltr'><strong>Cerameum,</strong></span> <span class='ocrx_word' id='word_1_785' title='bbox 2963 4729 3105 4799; x_wconf 89' lang='lat' dir='ltr'><strong>quod</strong></span> <span class='ocrx_word' id='word_1_786' title='bbox 3146 4742 3216 4785; x_wconf 80' lang='lat' dir='ltr'><strong>ea</strong></span> <span class='ocrx_word' id='word_1_787' title='bbox 3267 4742 3541 4786; x_wconf 88' lang='lat' dir='ltr'><strong>consensu</strong></span> <span class='ocrx_word' id='word_1_788' title='bbox 3583 4742 3716 4787; x_wconf 85' lang='lat' dir='ltr'><strong>mss.</strong></span> 
     </span>
    </p>
   </div>
   <div class='ocr_carea' id='block_1_109' title="bbox 2134 4823 3719 4897">
    <p class='ocr_par' dir='ltr' id='par_1_109' title="bbox 2134 4823 3719 4897">
     <span class='ocr_line' id='line_1_109' title="bbox 2134 4823 3719 4897; baseline -0.001 -14"><span class='ocrx_word' id='word_1_789' title='bbox 2134 4827 2258 4883; x_wconf 90' lang='lat' dir='ltr'><strong>eod.</strong></span> <span class='ocrx_word' id='word_1_790' title='bbox 2325 4833 2540 4883; x_wconf 88' lang='lat' dir='ltr'><strong>constat</strong></span> <span class='ocrx_word' id='word_1_791' title='bbox 2582 4823 2742 4890; x_wconf 88' lang='lat' dir='ltr'><strong>satis,</strong></span> <span class='ocrx_word' id='word_1_792' title='bbox 2771 4833 2827 4881; x_wconf 92' lang='lat' dir='ltr'><strong>et</strong></span> <span class='ocrx_word' id='word_1_793' title='bbox 2865 4825 3115 4881; x_wconf 89' lang='lat' dir='ltr'><strong>eumdem</strong></span> <span class='ocrx_word' id='word_1_794' title='bbox 3159 4839 3327 4880; x_wconf 90' lang='lat' dir='ltr'><strong>unum</strong></span> <span class='ocrx_word' id='word_1_795' title='bbox 3371 4825 3479 4881; x_wconf 89' lang='lat' dir='ltr'><strong>hoc</strong></span> <span class='ocrx_word' id='word_1_796' title='bbox 3516 4837 3719 4897; x_wconf 82' lang='lat' dir='ltr'><strong>cogno-</strong></span> 
     </span>
    </p>
   </div>
   <div class='ocr_carea' id='block_1_110' title="bbox 2135 4915 3719 4989">
    <p class='ocr_par' dir='ltr' id='par_1_110' title="bbox 2135 4915 3719 4989">
     <span class='ocr_line' id='line_1_110' title="bbox 2135 4915 3719 4989; baseline -0.001 -14"><span class='ocrx_word' id='word_1_797' title='bbox 2135 4919 2304 4985; x_wconf 82' lang='lat' dir='ltr'><strong>mine,</strong></span> <span class='ocrx_word' id='word_1_798' title='bbox 2327 4918 2423 4974; x_wconf 89' lang='lat' dir='ltr'><strong>sed</strong></span> <span class='ocrx_word' id='word_1_799' title='bbox 2447 4917 2650 4988; x_wconf 86' lang='lat' dir='ltr'><strong>duplici</strong></span> <span class='ocrx_word' id='word_1_800' title='bbox 2674 4917 2897 4974; x_wconf 87' lang='lat' dir='ltr'><strong>nomine</strong></span> <span class='ocrx_word' id='word_1_801' title='bbox 2923 4915 3392 4989; x_wconf 85' lang='lat' dir='ltr'><strong>archiepiscopum</strong></span> <span class='ocrx_word' id='word_1_802' title='bbox 3416 4915 3719 4973; x_wconf 78' lang='lat' dir='ltr'><strong>Taurome-</strong></span> 
     </span>
    </p>
   </div>
   <div class='ocr_carea' id='block_1_111' title="bbox 2133 5011 3716 5083">
    <p class='ocr_par' dir='ltr' id='par_1_111' title="bbox 2133 5011 3716 5083">
     <span class='ocr_line' id='line_1_111' title="bbox 2133 5011 3716 5083; baseline 0.001 -17"><span class='ocrx_word' id='word_1_803' title='bbox 2133 5015 2206 5067; x_wconf 87' lang='lat' dir='ltr'><strong>nii</strong></span> <span class='ocrx_word' id='word_1_804' title='bbox 2237 5013 2447 5069; x_wconf 85' lang='lat' dir='ltr'><strong>fuisse:</strong></span> <span class='ocrx_word' id='word_1_805' title='bbox 2473 5022 2529 5068; x_wconf 90' lang='lat' dir='ltr'><strong>et</strong></span> <span class='ocrx_word' id='word_1_806' title='bbox 2553 5012 2782 5068; x_wconf 87' lang='lat' dir='ltr'><strong>alterum</strong></span> <span class='ocrx_word' id='word_1_807' title='bbox 2802 5011 3017 5083; x_wconf 81' lang='lat' dir='ltr'><strong>quidem</strong></span> <span class='ocrx_word' id='word_1_808' title='bbox 3044 5027 3240 5069; x_wconf 89' lang='lat' dir='ltr'><strong>nomen</strong></span> <span class='ocrx_word' id='word_1_809' title='bbox 3263 5013 3331 5069; x_wconf 86' lang='lat' dir='ltr'><strong>ab</strong></span> <span class='ocrx_word' id='word_1_810' title='bbox 3371 5012 3716 5070; x_wconf 86' lang='lat' dir='ltr'><strong>incunabulis</strong></span> 
     </span>
    </p>
   </div>
   <div class='ocr_carea' id='block_1_112' title="bbox 2132 5104 3711 5177">
    <p class='ocr_par' dir='ltr' id='par_1_112' title="bbox 2132 5104 3711 5177">
     <span class='ocr_line' id='line_1_112' title="bbox 2132 5104 3711 5177; baseline -0.001 -15"><span class='ocrx_word' id='word_1_811' title='bbox 2132 5108 2208 5162; x_wconf 79' lang='lat' dir='ltr'><strong>illi</strong></span> <span class='ocrx_word' id='word_1_812' title='bbox 2254 5108 2516 5173; x_wconf 85' lang='lat' dir='ltr'><strong>inditum,</strong></span> <span class='ocrx_word' id='word_1_813' title='bbox 2559 5104 2793 5161; x_wconf 89' lang='lat' dir='ltr'><strong>alterum</strong></span> <span class='ocrx_word' id='word_1_814' title='bbox 2842 5115 3127 5177; x_wconf 83' lang='lat' dir='ltr'><strong>postquam</strong></span> <span class='ocrx_word' id='word_1_815' title='bbox 3176 5106 3427 5162; x_wconf 84' lang='lat' dir='ltr'><strong>monachi</strong></span> <span class='ocrx_word' id='word_1_816' title='bbox 3468 5106 3711 5163; x_wconf 87' lang='lat' dir='ltr'><strong>habitum</strong></span> 
     </span>
    </p>
   </div>
   <div class='ocr_carea' id='block_1_113' title="bbox 2131 5198 3711 5270">
    <p class='ocr_par' dir='ltr' id='par_1_113' title="bbox 2131 5198 3711 5270">
     <span class='ocr_line' id='line_1_113' title="bbox 2131 5198 3711 5270; baseline 0.001 -18"><span class='ocrx_word' id='word_1_817' title='bbox 2131 5198 2215 5254; x_wconf 87' lang='lat' dir='ltr'><strong>vci</strong></span> <span class='ocrx_word' id='word_1_818' title='bbox 2255 5198 2493 5269; x_wconf 75' lang='lat' dir='ltr'><strong>episcopi</strong></span> <span class='ocrx_word' id='word_1_819' title='bbox 2545 5212 2741 5253; x_wconf 89' lang='lat' dir='ltr'><strong>munus</strong></span> <span class='ocrx_word' id='word_1_820' title='bbox 2790 5198 3121 5266; x_wconf 85' lang='lat' dir='ltr'><strong>suscepisset</strong></span> <span class='ocrx_word' id='word_1_821' title='bbox 3164 5198 3500 5270; x_wconf 86' lang='lat' dir='ltr'><strong>impositum.</strong></span> <span class='ocrx_word' id='word_1_822' title='bbox 3539 5198 3711 5269; x_wconf 87' lang='lat' dir='ltr'><strong>Quam</strong></span> 
     </span>
    </p>
   </div>
   <div class='ocr_carea' id='block_1_114' title="bbox 2127 5291 3710 5350">
    <p class='ocr_par' dir='ltr' id='par_1_114' title="bbox 2127 5291 3710 5350">
     <span class='ocr_line' id='line_1_114' title="bbox 2127 5291 3710 5350; baseline 0.001 -5"><span class='ocrx_word' id='word_1_823' title='bbox 2127 5292 2367 5346; x_wconf 87' lang='lat' dir='ltr'><strong>nominis</strong></span> <span class='ocrx_word' id='word_1_824' title='bbox 2390 5291 2870 5346; x_wconf 82' lang='lat' dir='ltr'><strong>commutationem</strong></span> <span class='ocrx_word' id='word_1_825' title='bbox 2897 5306 3005 5345; x_wconf 87' lang='lat' dir='ltr'><strong>una</strong></span> <span class='ocrx_word' id='word_1_826' title='bbox 3032 5306 3156 5347; x_wconf 89' lang='lat' dir='ltr'><strong>cum</strong></span> <span class='ocrx_word' id='word_1_827' title='bbox 3184 5302 3390 5348; x_wconf 85' lang='lat' dir='ltr'><strong>mutato</strong></span> <span class='ocrx_word' id='word_1_828' title='bbox 3412 5295 3539 5349; x_wconf 70' lang='lat' dir='ltr'><strong>vita:</strong></span> <span class='ocrx_word' id='word_1_829' title='bbox 3562 5303 3710 5350; x_wconf 82' lang='lat' dir='ltr'><strong>statu</strong></span> 
     </span>
    </p>
   </div>
   <div class='ocr_carea' id='block_1_115' title="bbox 2131 5381 3709 5458">
    <p class='ocr_par' dir='ltr' id='par_1_115' title="bbox 2131 5381 3709 5458">
     <span class='ocr_line' id='line_1_115' title="bbox 2131 5381 3709 5458; baseline 0.003 -21"><span class='ocrx_word' id='word_1_830' title='bbox 2131 5382 2248 5439; x_wconf 85' lang='lat' dir='ltr'><strong>iieri</strong></span> <span class='ocrx_word' id='word_1_831' title='bbox 2289 5392 2602 5438; x_wconf 84' lang='lat' dir='ltr'><strong>consuetam</strong></span> <span class='ocrx_word' id='word_1_832' title='bbox 2642 5383 2785 5453; x_wconf 87' lang='lat' dir='ltr'><strong>apud</strong></span> <span class='ocrx_word' id='word_1_833' title='bbox 2822 5381 3041 5440; x_wconf 63' lang='lat' dir='ltr'><strong>Graecoe</strong></span> <span class='ocrx_word' id='word_1_834' title='bbox 3076 5399 3181 5438; x_wconf 91' lang='lat' dir='ltr'><strong>non</strong></span> <span class='ocrx_word' id='word_1_835' title='bbox 3207 5385 3389 5458; x_wconf 82' lang='lat' dir='ltr'><strong>solum</strong></span> <span class='ocrx_word' id='word_1_836' title='bbox 3423 5399 3489 5440; x_wconf 91' lang='lat' dir='ltr'><strong>ex</strong></span> <span class='ocrx_word' id='word_1_837' title='bbox 3524 5385 3709 5442; x_wconf 77' lang='lat' dir='ltr'><strong>Theo-</strong></span> 
     </span>
    </p>
   </div>
   <div class='ocr_carea' id='block_1_116' title="bbox 2129 5474 3711 5548">
    <p class='ocr_par' dir='ltr' id='par_1_116' title="bbox 2129 5474 3711 5548">
     <span class='ocr_line' id='line_1_116' title="bbox 2129 5474 3711 5548; baseline 0.003 -19"><span class='ocrx_word' id='word_1_838' title='bbox 2129 5474 2325 5546; x_wconf 84' lang='lat' dir='ltr'><strong>phanis</strong></span> <span class='ocrx_word' id='word_1_839' title='bbox 2355 5474 2526 5531; x_wconf 89' lang='lat' dir='ltr'><strong>nostri</strong></span> <span class='ocrx_word' id='word_1_840' title='bbox 2549 5475 2771 5541; x_wconf 68' lang='lat' dir='ltr'><strong>saeculo,</strong></span> <span class='ocrx_word' id='word_1_841' title='bbox 2792 5477 2885 5532; x_wconf 89' lang='lat' dir='ltr'><strong>sed</strong></span> <span class='ocrx_word' id='word_1_842' title='bbox 2917 5478 2996 5532; x_wconf 85' lang='lat' dir='ltr'><strong>vel</strong></span> <span class='ocrx_word' id='word_1_843' title='bbox 3027 5479 3078 5531; x_wconf 91' lang='lat' dir='ltr'><strong>in</strong></span> <span class='ocrx_word' id='word_1_844' title='bbox 3106 5478 3503 5548; x_wconf 82' lang='lat' dir='ltr'><strong>antiquissimis</strong></span> <span class='ocrx_word' id='word_1_845' title='bbox 3532 5477 3711 5534; x_wconf 83' lang='lat' dir='ltr'><strong>Patri-</strong></span> 
     </span>
    </p>
   </div>
   <div class='ocr_carea' id='block_1_117' title="bbox 2126 5566 3709 5639">
    <p class='ocr_par' dir='ltr' id='par_1_117' title="bbox 2126 5566 3709 5639">
     <span class='ocr_line' id='line_1_117' title="bbox 2126 5566 3709 5639; baseline 0.003 -17"><span class='ocrx_word' id='word_1_846' title='bbox 2126 5566 2230 5622; x_wconf 90' lang='lat' dir='ltr'><strong>bus</strong></span> <span class='ocrx_word' id='word_1_847' title='bbox 2258 5566 2565 5636; x_wconf 84' lang='lat' dir='ltr'><strong>exemplum</strong></span> <span class='ocrx_word' id='word_1_848' title='bbox 2600 5568 2882 5624; x_wconf 86' lang='lat' dir='ltr'><strong>habemus.</strong></span> <span class='ocrx_word' id='word_1_849' title='bbox 2914 5569 2975 5626; x_wconf 91' lang='lat' dir='ltr'><strong>S.</strong></span> <span class='ocrx_word' id='word_1_850' title='bbox 3005 5567 3304 5639; x_wconf 79' lang='lat' dir='ltr'><strong>Gregorius</strong></span> <span class='ocrx_word' id='word_1_851' title='bbox 3336 5568 3709 5627; x_wconf 58' lang='lat' dir='ltr'><strong>Nemore:</strong></span> 
     </span>
    </p>
   </div>
   <div class='ocr_carea' id='block_1_118' title="bbox 2120 5659 3704 5734">
    <p class='ocr_par' dir='ltr' id='par_1_118' title="bbox 2120 5659 3704 5734">
     <span class='ocr_line' id='line_1_118' title="bbox 2120 5659 3704 5734; baseline 0.004 -20"><span class='ocrx_word' id='word_1_852' title='bbox 2120 5660 2428 5730; x_wconf 86' lang='lat' dir='ltr'><strong>episcopus,</strong></span> <span class='ocrx_word' id='word_1_853' title='bbox 2458 5660 2546 5716; x_wconf 90' lang='lat' dir='ltr'><strong>cui</strong></span> <span class='ocrx_word' id='word_1_854' title='bbox 2592 5659 3026 5734; x_wconf 77' lang='grc' dir='ltr'><strong>Θαυματουργός</strong></span> <span class='ocrx_word' id='word_1_855' title='bbox 3073 5678 3375 5733; x_wconf 85' lang='lat' dir='ltr'><strong>cognomen</strong></span> <span class='ocrx_word' id='word_1_856' title='bbox 3411 5663 3482 5721; x_wconf 89' lang='lat' dir='ltr'><strong>ab</strong></span> <span class='ocrx_word' id='word_1_857' title='bbox 3527 5663 3704 5721; x_wconf 82' lang='lat' dir='ltr'><strong>admi-</strong></span> 
     </span>
    </p>
   </div>
   <div class='ocr_carea' id='block_1_119' title="bbox 2120 5750 3700 5830">
    <p class='ocr_par' dir='ltr' id='par_1_119' title="bbox 2120 5750 3700 5830">
     <span class='ocr_line' id='line_1_119' title="bbox 2120 5750 3700 5830; baseline 0.007 -24"><span class='ocrx_word' id='word_1_858' title='bbox 2120 5750 2305 5807; x_wconf 88' lang='lat' dir='ltr'><strong>randis</strong></span> <span class='ocrx_word' id='word_1_859' title='bbox 2327 5751 2582 5822; x_wconf 88' lang='lat' dir='ltr'><strong>operibus</strong></span> <span class='ocrx_word' id='word_1_860' title='bbox 2611 5753 2810 5809; x_wconf 87' lang='lat' dir='ltr'><strong>factum</strong></span> <span class='ocrx_word' id='word_1_861' title='bbox 2836 5764 2943 5818; x_wconf 88' lang='lat' dir='ltr'><strong>est,</strong></span> <span class='ocrx_word' id='word_1_862' title='bbox 2966 5754 3280 5814; x_wconf 84' lang='lat' dir='ltr'><strong>Theodorus</strong></span> <span class='ocrx_word' id='word_1_863' title='bbox 3309 5767 3489 5825; x_wconf 86' lang='lat' dir='ltr'><strong>antea,</strong></span> <span class='ocrx_word' id='word_1_864' title='bbox 3514 5771 3700 5830; x_wconf 85' lang='lat' dir='ltr'><strong>postea</strong></span> 
     </span>
    </p>
   </div>
   <div class='ocr_carea' id='block_1_120' title="bbox 432 5824 3712 5920">
    <p class='ocr_par' dir='ltr' id='par_1_120' title="bbox 432 5824 3712 5920">
     <span class='ocr_line' id='line_1_120' title="bbox 432 5824 3712 5920; baseline 0.012 -50"><span class='ocrx_word' id='word_1_865' title='bbox 432 5825 486 5872; x_wconf 81' lang='lat' dir='ltr'><strong>et</strong></span> <span class='ocrx_word' id='word_1_866' title='bbox 521 5829 701 5879; x_wconf 83' lang='lat' dir='ltr'><strong>tamen</strong></span> <span class='ocrx_word' id='word_1_867' title='bbox 724 5835 874 5910; x_wconf 73' lang='lat' dir='ltr'><strong>unus</strong></span> <span class='ocrx_word' id='word_1_868' title='bbox 905 5825 973 5882; x_wconf 79' lang='lat' dir='ltr'><strong>ait</strong></span> <span class='ocrx_word' id='word_1_869' title='bbox 1009 5824 1418 5920; x_wconf 24' lang='lat' dir='ltr'><strong>alteronfuratus</strong></span> <span class='ocrx_word' id='word_1_870' title='bbox 1447 5832 1567 5892; x_wconf 83' lang='lat' dir='ltr'><strong>est?</strong></span> <span class='ocrx_word' id='word_1_871' title='bbox 1604 5831 1711 5893; x_wconf 85' lang='lat' dir='ltr'><strong>Sed</strong></span> <span class='ocrx_word' id='word_1_872' title='bbox 1744 5850 1813 5892; x_wconf 91' lang='lat' dir='ltr'><strong>ne</strong></span> <span class='ocrx_word' id='word_1_873' title='bbox 1842 5838 2014 5909; x_wconf 86' lang='lat' dir='ltr'><strong>gratis</strong></span> <span class='ocrx_word' id='word_1_874' title='bbox 2117 5841 2411 5917; x_wconf 84' lang='lat' dir='ltr'><strong>Gregorius</strong></span> <span class='ocrx_word' id='word_1_875' title='bbox 2440 5854 2523 5903; x_wconf 89' lang='lat' dir='ltr'><strong>est</strong></span> <span class='ocrx_word' id='word_1_876' title='bbox 2550 5846 2878 5919; x_wconf 84' lang='lat' dir='ltr'><strong>appellatus;</strong></span> <span class='ocrx_word' id='word_1_877' title='bbox 2908 5850 3052 5919; x_wconf 87' lang='lat' dir='ltr'><strong>quod</strong></span> <span class='ocrx_word' id='word_1_878' title='bbox 3082 5857 3349 5908; x_wconf 84' lang='lat' dir='ltr'><strong>testantur</strong></span> <span class='ocrx_word' id='word_1_879' title='bbox 3369 5824 3559 5910; x_wconf 79' lang='lat' dir='ltr'><strong>omnes</strong></span> <span class='ocrx_word' id='word_1_880' title='bbox 3588 5852 3712 5911; x_wconf 83' lang='lat' dir='ltr'><strong>fere</strong></span> 
     </span>
    </p>
   </div>
  </div>
