4104 6290
596 324 663 385 87
1581 339 1979 411 FllANCISCI
2022 353 2289 417 SCOllSI
2332 359 2761 430 PROlEMIUM
2816 369 2897 431 Π.

600 455 698 509 ρης
734 460 1069 514 zeugnomen
1100 466 1225 507 vero
1256 455 1347 507 :35
1392 459 1717 531 Κεραμὶτου
1767 464 2017 535 Philippo
2080 471 2173 523 ad-

597 536 785 602 ditntn,
816 543 957 607 quod
1002 545 1142 599 idem
1189 563 1245 602 re
1302 560 1354 604 et
1404 568 1567 608 sensu
1626 567 1792 610 estne
1839 560 2168 631 Κεραμέως,

597 638 659 679 ut-
712 643 873 698 Supra
928 634 1104 704 a’tigi.
1158 639 1210 691 in
1261 641 1569 706 opinionem
1633 663 1719 701 tne
1764 650 1983 705 adducit
2028 653 2171 706 hunc.

596 716 898 789 l'hilippum
924 728 1207 799 excudent
1241 727 1406 785 fuisse
1438 737 1599 789 domo
1630 752 1692 789 ac
1748 749 1904 805 gente
1954 756 2018 793 ac
2078 756 2168 794 no-

592 822 760 865 strum
790 812 1170 885 Theophanem
1198 820 1486 891 Κεραμέα.
1510 822 1644 880 Nam
1679 844 1748 883 uo
1772 844 1873 882 neu
1909 832 2010 886 hoc
2040 847 2168 888 esse

598 903 812 958 t'amili;e
846 908 1174 976 probabilius
1210 914 1337 966 mihi
1362 914 1568 968 videtur
1588 931 1748 986 quam
1773 918 1958 988 patria:
1985 938 1997 973 :
2025 924 2168 990 quod

599 997 752 1052 video
786 1001 1065 1056 nonnullis
1099 1004 1291 1061 amicis
1327 1009 1463 1064 meis
1497 1011 1723 1066 crmlitis
1773 1030 1838 1070 ac
1892 1015 2162 1070 nobilibus

540 1093 544 1096 ’
597 1092 730 1145 viris
764 1091 1165 1149 Panormitanis
1198 1096 1408 1164 placere
1443 1116 1457 1152 :
1493 1099 1689 1155 vellent
1713 1104 1857 1156 enim
1893 1106 1942 1159 hi
1989 1103 2167 1160 Theo-

591 1183 819 1251 phanem
847 1186 1164 1242 Ceramenm
1199 1190 1399 1244 dictum
1429 1192 1498 1246 ab
1553 1194 1753 1263 oppido
1798 1200 1945 1266 quod
2002 1201 2158 1255 hodie

587 1277 835 1333 Ccramis
866 1279 919 1332 iu
951 1279 1132 1334 Sicilia
1163 1283 1303 1339 hami
1345 1284 1499 1353 longe
1529 1284 1744 1356 Troyna
1790 1287 1843 1342 in
1889 1290 2027 1344 valle
2062 1291 2167 1345 lio-

594 1371 726 1424 miui
747 1371 913 1424 situm
934 1372 1162 1427 dicitur:
1191 1375 1256 1428 de
1278 1388 1387 1443 quo
1422 1374 1669 1432 Fazcllus
1701 1394 1866 1434 untnn
1902 1384 2162 1438 verbum:

590 1478 651 1514 ac
698 1476 895 1516 nomen
956 1465 1151 1531 solum,
1195 1467 1326 1520 nihil
1376 1478 1635 1538 praeterea
1685 1471 1951 1539 prodidit;
2002 1490 2066 1527 ne
2113 1476 2163 1527 in

589 1571 776 1609 eorum
806 1557 1114 1625 opinionem
1155 1561 1411 1615 accedam
1466 1570 1574 1616 tres
1617 1562 1829 1618 obstant
1874 1567 2113 1621 rationes
2147 1586 2161 1622 :

592 1648 763 1714 prima
798 1650 941 1716 quod
965 1650 1083 1719 ejus
1121 1650 1293 1719 patria
1349 1652 1453 1707 alia
1488 1668 1610 1709 esse
1639 1654 1910 1727 colligitur
1955 1672 2020 1711 ex
2082 1659 2165 1712 his

590 1755 710 1809 qua:
748 1741 924 1794 dicam
974 1742 1323 1813 §sequenti;
1381 1747 1617 1801 secunda
1660 1748 1788 1817 quia
1843 1751 1910 1805 de
1960 1752 2161 1821 oppido

588 1834 800 1889 (-lerami
832 1834 1033 1889 nullam
1060 1836 1215 1892 video
1273 1840 1326 1892 in
1370 1838 1728 1909 scriptoribus
1792 1842 2161 1899 Sieiliensium

588 1940 766 1978 rerum
800 1925 913 1980 fieri
946 1927 1269 1982 mentionem
1291 1938 1418 1984 ante
1469 1931 1811 1988 millesimum
1856 1949 1885 1988 a
1943 1934 2162 1990 Christo

589 2027 732 2084 nato,
766 2021 907 2074 unde
932 2019 1277 2091 Theophanis
1300 2030 1563 2094 tempore,
1579 2025 1680 2080 hoc
1704 2035 1789 2081 est
1819 2036 1943 2081 ante
1965 2028 2161 2082 Sarra-

585 2126 841 2165 cenorum
872 2111 1228 2178 dominatum,
1266 2123 1445 2170 utrum
1481 2118 1753 2172 exstiterit
1786 2132 1976 2187 necne,
2016 2121 2161 2174 διητ-

587 2204 722 2257 mari
770 2220 877 2259 non
910 2214 1119 2275 potest;
1156 2208 1312 2260 tertia
1340 2222 1405 2262 ex
1433 2207 1548 2277 ipso
1575 2209 1828 2281 loquendi
1875 2228 2012 2267 usu:
2056 2229 2165 2267 non

584 2296 729 2349 enim
752 2298 823 2351 ita
842 2307 1065 2353 vocatur
1081 2296 1437 2368 Theophanes
1456 2302 1772 2372 Κεραμεὺς,
1807 2313 1863 2358 ut
1884 2305 2164 2369 Διονύσιος

595 2384 1077 2457 Ἁλικαρνασσεὺς,
1100 2390 1510 2462 eluito-immo;
1524 2393 1866 2464 Χαιρωνεύς,
1889 2396 2164 2461 absolute,

583 2479 745 2535 sicuti
774 2481 825 2535 in
850 2483 1261 2548 cognominibus
1276 2499 1340 2537 ex
1365 2486 1536 2554 patria
1556 2488 1788 2557 sumptis
1813 2489 1955 2554 loqui
1990 2488 2165 2545 Graeci

580 2584 1001 2638 consueverunt,
1023 2575 1115 2629 sed
1155 2575 1515 2645 'l'heOphancs
1555 2579 1755 2633 dicitur
1802 2595 2166 2650 cnguuntento

577 2664 894 2735 Κεραμεὺς,
935 2666 1090 2735 quasi
1137 2665 1225 2721 illa
1277 2683 1406 2723 toce
1472 2671 1720 2737 apposita
1794 2686 2159 2741 cognomento,

581 2756 823 2824 signetur
843 2773 1039 2812 nomen
1069 2759 1265 2828 gentis.
1299 2760 1380 2816 vel
1409 2760 1650 2827 familiae,
1714 2766 2040 2820 excludatur
2071 2783 2163 2834 pa-

582 2848 734 2913 triai;
769 2863 928 2904 nemo
964 2852 1108 2905 enim
1167 2853 1405 2908 dixerit:
1450 2852 1775 2913 Plutarchus
1807 2872 2167 2925 cognomento

576 2940 922 2997 Clueroncus.
961 2941 1149 2999 Restat
1180 2945 1343 3013 igitur
1375 2956 1454 3013 ut,
1499 2948 1546 3003 si
1600 2947 1815 3004 familia:
1861 2953 1940 3006 vel
1990 2954 2167 3022 gentis

581 3048 776 3090 nomen
813 3036 992 3107 :quod
1021 3051 1087 3091 eo
1120 3038 1253 3092 mihi
1287 3036 1378 3093 llet
1417 3040 1754 3107 probabilius
1817 3045 1956 3110 qtnnl
2017 3061 2164 3097 mm-

580 3130 738 3185 nullis
781 3133 993 3201 reperio
1023 3130 1076 3186 in
1132 3148 1267 3189 mss.
1312 3136 1696 3200 tnoumnentis,
1737 3152 1857 3207 quae
1913 3138 1964 3192 in
2007 3140 2169 3193 variis

580 3214 920 3278 bibliothecis
938 3236 1046 3277 asst
1066 3231 1309 3289 rvantnr,
1331 3238 1558 3291 quorum
1579 3226 1807 3279 indicem
1841 3226 2166 3282 lucttlentunt

581 3312 840 3369 describit
868 3314 923 3367 in
952 3317 1217 3380 Apparatu
1237 3329 1389 3369 sacro
1417 3326 1544 3370 tom.
1564 3315 1634 3370 il.
1658 3314 1720 3375 P.
1743 3319 2010 3372 Antonim
2041 3320 2173 3376 Ροε-

578 3408 825 3472 seviuus,
867 3408 918 3459 in
970 3405 1294 3460 biblimheca
1315 3407 1599 3464 Viennensi
1632 3409 1837 3465 servari
1897 3416 2169 3479 cujusdam

577 3500 1017 3556 JoattisCeramei
1037 3500 1323 3556 conciones
1336 3509 1391 3556 et
1411 3502 1660 3557 bomilias
1682 3504 1734 3557 in
1756 3514 1986 3575 quatuor
2002 3507 2173 3562 Evan-

584 3592 754 3662 gelica
791 3608 807 3658 ;
861 3603 913 3645 ct
945 3594 1133 3648 eodem
1166 3604 1310 3650 tonio
1342 3595 1393 3649 in
1420 3610 1555 3650 mss.
1598 3598 2012 3669 Constantitwp.
2087 3599 2173 3654 Bi-

582 3680 775 3741 bliorb.
812 3686 1096 3754 Nicephori
1140 3698 1497 3757 cognomento
1529 3688 1722 3760 Figuli,
1759 3691 1873 3746 sive
1895 3692 2165 3762 Ceramei,

580 3778 969 3849 explicationes
1020 3786 1075 3833 et
1126 3793 1409 3835 sermones
1447 3780 1499 3836 in
1556 3793 1962 3839 sacrosanctum
1994 3786 2173 3841 Evan-

584 3870 809 3941 gelium.
831 3870 976 3927 Sane
999 3881 1417 3937 ctignotnentum
1447 3871 1642 3944 Figuli.
1661 3877 1801 3944 quin!
1825 3876 1964 3931 idem
1994 3878 2172 3949 signat

585 3983 647 4021 ac
661 3963 1250 4032 Grzecuchreameut,
1284 3965 1451 4023 fuisse
1474 3965 1729 4024 Romanae
1757 3970 1992 4041 antiqua
2015 3972 2171 4028 latiti-

589 4061 674 4115 lite
702 4070 849 4130 patet
875 4075 941 4113 ex
978 4055 1192 4128 Nigidio
1220 4056 1406 4130 Figulo
1461 4059 1683 4115 homine
1707 4063 2040 4133 temporibus
2078 4065 2172 4121 Ci-

589 4151 802 4207 ceronis
834 4149 1213 4206 litteratiSsimi
1240 4153 1307 4206 ad
1340 4166 1498 4220 quem
1538 4163 1665 4207 sunt
1688 4151 1966 4211 Ciceronis
1998 4158 2165 4227 ipsius

587 4243 849 4311 epistolae.
891 4242 973 4296 Au
1005 4242 1075 4297 ab
1105 4242 1208 4300 hoc
1241 4243 1507 4314 originem
1537 4243 1753 4300 duxerit
1813 4246 2014 4302 familia
2061 4265 2164 4305 no-

586 4336 686 4391 stri
711 4336 957 4392 Ceramei
987 4337 1121 4393 nihil
1140 4338 1313 4392 habeo
1327 4339 1469 4407 quod
1502 4337 1786 4406 allirmem,
1820 4355 1995 4411 neque
2019 4343 2163 4413 quod

587 4442 817 4495 negent;
875 4442 1183 4498 quanquam
1235 4426 1308 4482 ita
1354 4428 1568 4495 placere
1623 4428 1779 4485 video
1848 4433 2163 4491 doctissimo

590 4516 1120 4575 honiiniPJacobo
1146 4516 1435 4572 Sirmoudo
1491 4520 1544 4572 in
1604 4517 1828 4587 epistola
1872 4536 2032 4589 quam
2096 4526 2163 4579 ad

592 4626 682 4665 me
738 4610 806 4664 de
848 4610 952 4664 hac
1012 4625 1072 4665 re
1099 4608 1377 4665 consultus
1460 4609 1760 4677 rescripsit.
1835 4610 2164 4671 Existimarc

590 4701 715 4769 quis
752 4702 924 4769 possit
948 4699 1047 4754 hoc
1094 4713 1391 4769 cognomen
1422 4711 1489 4753 ex
1540 4713 1728 4754 eorum
1783 4715 1908 4758 esse
1962 4721 2162 4773 genere

594 4792 795 4861 quibus
830 4791 1008 4847 alit-eti
1035 4800 1162 4845 sunt
1184 4790 1335 4844 multi
1387 4790 1507 4859 eius
1551 4792 1735 4846 saculi
1794 4792 1875 4846 vel
1924 4793 2162 4863 episcopi

594 4886 684 4940 vel
716 4886 1030 4953 Scriptores,
1065 4884 1135 4936 ita
1163 4882 1374 4939 scilicet
1402 4898 1484 4937 νο(
1499 4883 1582 4937 ari
1630 4882 2012 4953 Tbe0phauem
2064 4887 2167 4941 Ce-

595 4993 839 5033 ramenm
878 4976 999 5044 quis
1031 4975 1224 5030 dixerit
1261 4974 1417 5029 sicuti
1453 4975 1762 5044 Dionysium
1812 4977 2079 5047 Exiguum
2109 4990 2167 5034 et

598 5068 816 5123 Petrum
860 5067 1156 5120 Sardorum
1195 5066 1532 5133 episeopuzn,
1584 5078 1939 5136 Cognomento
1995 5068 2160 5123 Miu-

600 5177 739 5225 rnm,
768 5158 1027 5224 legimus;
1054 5160 1119 5211 de
1149 5170 1255 5226 quo
1290 5155 1551 5211 Baruuius
1584 5172 1727 5210 anno
1773 5157 1972 5213 Christi
2032 5159 2162 5227 857,

600 5250 689 5316 qui
751 5249 1117 5301 rutmniuzsler
1170 5261 1289 5298 rtttu
1361 5246 1584 5313 Eulapio
1628 5248 1879 5315 Apamea:
1910 5250 2166 5321 epismpo

602 5344 707 5391 snit
742 5342 788 5390 in
844 5339 1015 5391 Phr-lii
1071 5339 1400 5405 initiatione;
1443 5340 1605 5394 sicuti
1652 5341 1812 5393 etiam
1848 5340 2165 5398 Zachariam

601 5432 845 5499 ejusdem
872 5432 1143 5495 litt-tionis,
1176 5431 1269 5501 qui
1307 5430 1517 5500 Caplla:
1555 5443 1637 5486 est
1671 5446 2029 5502 cognomento
2058 5437 2168 5493 dic-

608 5537 693 5580 tus
722 5543 735 5577 ε
766 5540 883 5592 qua:
912 5524 979 5577 ab
1018 5523 1197 5594 aliqua
1238 5524 1547 5577 conditione
1592 5525 1875 5586 natalium,
1944 5526 2163 5582 habitu-

604 5632 713 5687 que
737 5618 979 5686 corporis
1016 5614 1097 5671 vel
1129 5615 1294 5671 animi
1324 5617 1430 5678 sui,
1464 5618 1542 5670 vel
1598 5632 1841 5681 suormn,
1900 5622 2168 5689 apposita,

609 5712 693 5766 Vel
723 5710 973 5765 etianth
996 5709 1322 5764 demissionc
1360 5717 1413 5761 ct
1445 5708 1757 5762 inductione
1804 5708 1992 5765 volunt
2054 5713 2167 5767 aria

614 5802 784 5861 animi
834 5801 1007 5858 ascita
1054 5813 1173 5856 esse
1200 5798 1366 5854 videri
1436 5808 1679 5868 possunt,
1712 5814 1775 5853 ca
1818 5802 2023 5856 ratione
2065 5816 2170 5871 qua

3789 384 3859 450 88

2281 478 2419 542 apud
2450 476 2721 538 Romanos
2761 484 3021 543 Lentulus
3053 488 3327 559 Spentbir,
3364 494 3600 552 Licinius
3631 497 3854 567 Calvus,

2274 568 2531 628 Aﬁmilius
2566 573 2781 641 Paulus,
2818 577 3101 637 Cornelius
3137 586 3319 653 Scipio
3366 588 3569 655 dictus,
3619 591 3689 645 de
3732 596 3847 659 qui-

2273 655 2374 709 bus
2403 663 2818 725 cognominibas
2853 682 3150 739 eui-nmque
3183 674 3394 746 origine
3436 677 3646 748 longius
3674 655 3851 737 dis-sev

2274 747 2340 802 rit
2383 748 2637 821 Sigonius
2675 755 2813 810 libro
2843 758 2913 813 De
2944 759 3099 828 factis
3140 747 3552 834 consularibus;
3581 774 3847 837 opusculo

2277 841 2348 896 De
2371 849 2665 903 nominibus
2691 848 3046 907 Romanorum
3080 858 3340 926 singulari
3373 881 3385 913 :
3418 863 3512 916 sed
3557 866 3657 918 hoc
3709 868 3850 919 divi-

2273 949 2404 989 nare
2435 935 2578 1001 nolo,
2611 954 2731 992 cum
2760 942 3031 998 aliirtnare
3080 949 3159 1000 vel
3200 951 3513 1017 conjectare
3565 970 3670 1009 non
3716 971 3844 1024 pos-

2271 1026 2396 1079 sim.
2443 1026 2571 1081 Illud
2605 1045 2734 1100 ergo
2765 1050 2825 1087 ex
2862 1045 2970 1089 tcta
3008 1037 3108 1092 hac
3163 1042 3539 1097 dissertatione
3588 1053 3846 1114 tanquam

2270 1126 2475 1170 certum
2525 1122 2791 1178 coniicio:
2840 1126 2941 1181 hoc
2988 1143 3121 1195 opus
3182 1130 3339 1184 unius
3393 1147 3518 1186 esse
3578 1138 3841 1202 aut-toris,

2270 1223 2501 1279 eumque
2529 1213 2849 1271 Ceramenm
2893 1222 3356 1291 archiepiscopum
3422 1224 3841 1282 'I‘anromenita.

2271 1314 2421 1363 num,
2480 1302 2590 1370 jam
2638 1304 3035 1375 Tittlopilitlleln,
3094 1313 3205 1381 jam
3249 1315 3566 1384 Gregorium
3624 1324 3839 1387 proprie

2272 1403 2499 1463 utroque
2523 1398 2740 1453 nomine
2774 1400 2998 1455 inscribi
3027 1404 3268 1471 solitum,
3301 1412 3442 1477 quod
3476 1424 3542 1464 ex
3590 1410 3694 1463 title
3727 1427 3845 1464 om-

2272 1487 2419 1539 nium
2449 1503 2579 1543 mss.
2605 1499 2659 1544 ut
2687 1494 2845 1547 modo
2879 1496 3012 1558 dixi,
3049 1511 3145 1567 pro
3164 1509 3444 1567 comperto
3485 1502 3793 1557 habendum
3822 1522 3838 1567 ;

2272 1580 2613 1636 retinendum
2635 1599 2764 1638 vero
2785 1596 2841 1641 et
2859 1590 3238 1645 celebrandum
3261 1595 3447 1649 censui
3471 1596 3642 1666 magis
3666 1598 3844 1651 Theo-

2267 1672 2459 1740 phanis
2486 1691 2700 1742 nomen,
2729 1681 2872 1749 quod
2920 1698 2951 1737 a
2992 1685 3353 1755 scriptoribus
3406 1691 3634 1759 optimae
3698 1702 3844 1745 notzc

2266 1768 2451 1834 quia!
2499 1768 2586 1823 his
2636 1773 2979 1828 sermonibus
3020 1790 3304 1846 sumpsere
3359 1780 3693 1849 testimonia,
3760 1781 3844 1835 vei

2263 1872 2357 1915 eos
2398 1862 2635 1932 integros
2664 1866 2941 1936 impressis
2972 1868 3122 1927 libris
3146 1874 3263 1930 suis
3295 1873 3667 1941 inseruerunt,
3707 1875 3824 1931 celo

2266 1952 2478 2009 bratqu
2507 1959 2677 2026 magis
2702 1975 2765 2015 ac
2786 1961 3059 2034 vulgatum
3086 1974 3189 2021 est.

2507 2048 2534 2120 §
2562 2048 2847 2108 lilJ’alria
2871 2064 2923 2110 et
2946 2057 3192 2111 educatio
3222 2057 3578 2123 TlteOpItanis.

2344 2137 2447 2194 Ubi
2485 2151 2667 2206 natus,
2702 2145 2791 2198 ubi
2833 2148 3102 2200 educatus
3158 2147 3515 2217 Theophanes
3554 2148 3718 2203 fuerit
3774 2164 3838 2202 ex

2268 2230 2437 2297 ipsius
2466 2234 2643 2289 verbis
2665 2244 2720 2288 et
2744 2236 3088 2293 confessione
3119 2239 3320 2307 liquido
3338 2249 3633 2304 constaret,
3685 2242 3729 2294 si
3781 2242 3848 2293 de

2266 2320 2454 2378 Sancti
2479 2328 2707 2380 Andreae
2737 2330 2961 2397 templo,
2995 2329 3047 2383 in
3075 2344 3182 2399 quo
3214 2331 3492 2385 homiliam
3542 2330 3680 2386 festo
3724 2331 3849 2399 ejus

2265 2414 2812 2486 diebabuitﬂtomll.
2860 2420 2964 2489 ι),
3040 2419 3272 2490 liqueret
3337 2422 3494 2478 satis.
3570 2423 3848 2479 Ponamus

2268 2512 2431 2583 igitur
2458 2514 2545 2569 hic
2576 2517 2750 2585 primo
2784 2531 2903 2585 qua:
2932 2516 3046 2586 ipse
3074 2519 3125 2571 in
3160 2518 3425 2587 protentio
3467 2520 3609 2574 illius
3667 2522 3846 2575 homi-

2267 2603 2353 2659 lize
2403 2606 2607 2675 prodit,
2647 2618 2704 2662 ut
2761 2625 2826 2663 ex
2852 2625 2915 2663 eo
2952 2619 3211 2681 tanquam
3258 2615 3412 2665 ﬁrmo
3468 2610 3736 2682 principio
3784 2628 3847 2666 ac

2266 2689 2635 2759 funnlamento:
2659 2700 3013 2752 commentari
3057 2708 3110 2753 et
3148 2699 3403 2767 colligere
3454 2702 3573 2770 ejus
3615 2704 3844 2770 patriam

2268 2778 2757 2854 cdncationemque
2823 2788 3108 2854 possimus.
3172 2788 3263 2843 Sic
3321 2790 3486 2858 igitur
3546 2792 3843 2858 loquitur:

2273 2873 2555 2930 llodierna'
2581 2879 3085 2951 celebritatisjsermo
3112 2885 3295 2937 veteris
3321 2885 3482 2937 debiti
3505 2888 3722 2949 solutio,
3743 2902 3848 2941 non

2268 2970 2543 3035 sapientia!
2565 2972 2807 3040 quautam
2833 2979 3108 3030 ostentatio
3142 2977 3289 3031 nobis
3322 2980 3423 3032 erit
3456 2996 3477 3037 :
3510 2995 3671 3051 neque
3706 2980 3845 3033 enim

2267 3065 2369 3117 huc
2387 3062 2497 3116 veni
2529 3072 2583 3116 ut
2618 3075 2837 3119 ornatus
2857 3064 3153 3137 eloquentia
3182 3084 3294 3123 mea
3314 3070 3851 3141 corupicrrer,mqne

2269 3164 2323 3208 ut
2346 3155 2537 3223 lingua:
2563 3156 2732 3224 lepore
2760 3169 2804 3209 et
2830 3171 3019 3226 pompa
3068 3159 3322 3211 orationis
3362 3158 3609 3211 honorent
3658 3160 3849 3226 patria:

2269 3261 2567 3313 aucuparer
2599 3262 2615 3301 :
2647 3248 2817 3309 vatius
2854 3250 2989 3301 enim
3021 3264 3211 3312 meum,
3236 3265 3556 3320 quwcnnque
3608 3250 3703 3303 illa
3752 3252 3842 3313 sit,

2269 3336 2651 3406 pltilOtOpltiattt
2677 3337 2935 3391 occultam
2966 3339 3147 3393 haberi
3178 3341 3351 3405 velim,
3401 3354 3456 3394 ut
3511 3342 3688 3395 inanis
3731 3342 3847 3410 glo-

2270 3430 2366 3483 rite
2384 3430 2572 3498 ﬂatum
2606 3431 2897 3500 effugiam:
2930 3432 3020 3485 sed
3040 3433 3290 3500 quoniam
3328 3450 3482 3487 sacra
3542 3434 3656 3486 lucc
3709 3435 3847 3488 t‘lfdtl

2272 3523 2494 3589 apostoli
2530 3524 2871 3588 primovocoti
2896 3541 2975 3577 me
2999 3525 3158 3577 veluti
3190 3527 3371 3579 nutrix
3394 3541 3617 3590 puerum
3647 3525 3843 3578 educa-

2270 3616 2365 3676 vit,
2402 3623 2450 3667 et
2496 3616 2791 3682 primarum
2838 3615 3231 3670 institutionum
3281 3633 3565 3670 mammam
3617 3618 3846 3687 prcbuit

2270 3723 2644 3777 sacrarumque
2668 3708 2961 3762 litterarum
2988 3709 3287 3764 doctrinam
3311 3710 3467 3779 quasi
3503 3710 3588 3765 lac
3619 3712 3849 3764 instilla-

2271 3796 2342 3849 vit
2365 3795 2705 3867 (intercidant
2757 3797 2960 3863 aliqua,
2994 3811 3113 3865 qu:e
3144 3801 3341 3851 nonad
3370 3800 3508 3867 rem)
3535 3800 3677 3867 quod
3721 3799 3849 3852 reti-

2269 3899 2428 3951 quum
2449 3891 2525 3937 est
2554 3883 2677 3936 huic
2702 3883 2938 3937 eccleu'w
2970 3884 3124 3953 quasi
3156 3883 3333 3937 altrici
3357 3883 3691 3938 educationis
3733 3900 3849 3952 pre-

2270 3976 2401 4029 tium
2422 3974 2679 4045 persolvo,
2734 3976 2951 4043 etquod
2983 3975 3038 4028 in
3068 3974 3356 4043 proverbii:
3392 3986 3496 4042 eat,
3523 3978 3688 4046 legent
3745 3974 3849 4030 Pe-

2269 4072 2527 4142 largicam
2562 4068 2751 4134 impleo
2782 4084 2801 4122 :
2831 4078 2881 4123 et
2903 4085 3009 4124 una
3038 4068 3320 4133 tobiscum,
3364 4088 3394 4123 ο
3426 4081 3588 4126 cattus
3624 4070 3735 4125 Deo
3761 4071 3849 4124 di-

2270 4164 2569 4228 lectissime,
2598 4162 2899 4217 concelebra
2926 4163 3205 4218 solemnem
3236 4165 3374 4217 hunc
3426 4165 3589 4228 diem,
3641 4175 3692 4218 et
3752 4181 3846 4232 po-

2268 4258 2429 4311 triam
2479 4256 2696 4311 charum
2756 4254 2928 4310 solum
2962 4258 3243 4322 aspicient,
3277 4266 3387 4311 tam
3440 4257 3684 4326 religiose
3727 4274 3851 4311 aan-

2268 4359 2472 4403 ctorum
2530 4348 2836 4401 memoriam
2904 4348 3271 4407 celebrantem,
3302 4347 3493 4414 e,7eror
3554 4348 3751 4416 gaudio
3795 4357 3847 4399 et

2267 4442 2493 4496 exuuio.
2535 4440 2660 4496 llzec
2688 4441 3048 4509 The0phanes
3082 4440 3136 4493 iu
3164 4439 3383 4495 homilia
3416 4440 3481 4493 de
3509 4439 3569 4493 S.
3600 4440 3839 4494 Audrea.

2269 4533 2329 4589 Si
2368 4533 2491 4603 quis
2513 4532 2679 4604 igitur
2705 4532 2955 4588 ostendat
2984 4528 3127 4601 quod
3160 4529 3289 4585 illud
3324 4530 3580 4599 templum
3616 4532 3679 4587 D.
3736 4533 3849 4585 An-

2272 4627 2414 4681 drea:
2435 4626 2525 4681 ubi
2546 4638 2854 4679 sermonem
2886 4624 2952 4677 ad
2987 4624 3134 4678 cives
3163 4621 3393 4677 faciebat
3415 4637 3567 4686 suos,
3587 4626 3701 4692 iam
3747 4638 3841 4693 pa-

2273 4720 2430 4774 triam
2457 4718 2782 4774 ostenderit.
2812 4716 2919 4771 Sed
2950 4718 3074 4785 quis
3113 4718 3165 4770 in
3215 4716 3342 4770 illud
3401 4715 3626 4784 digitum
3678 4717 3851 4785 possit

2274 4813 2580 4875 intendere,
2615 4826 2678 4864 ac
2718 4819 2867 4864 certo
2906 4812 3302 4869 detnonstrare,
3329 4808 3455 4877 quis
3484 4821 3549 4863 ex
3574 4818 3721 4861 tanta
3753 4824 3852 4861 an-

2272 4902 2544 4972 tiquitate,
2576 4911 2697 4969 post
2728 4908 2805 4955 tot
2836 4908 3215 4968 tempestatum
3247 4901 3411 4964 vices,
3444 4907 3564 4969 post
3593 4899 3849 4954 Sarrace-

2274 5009 2464 5051 norunt
2488 4995 2696 5049 cladem
2726 4993 3242 5060 demolitionemque
3265 4990 3584 5059 templorum
3629 4999 3689 5044 et
3746 5003 3849 5059 op-

2274 5087 2521 5156 pidorum
2556 5085 2725 5152 possit
2750 5080 2975 5137 eruere?
3001 5083 3105 5137 Sed
3131 5082 3348 5153 agejam
3380 5080 3561 5136 amato
3587 5097 3695 5135 non
3728 5081 3851 5137 Del-

2278 5178 2458 5248 phico,
2490 5176 2606 5241 sed,
2644 5184 2702 5228 ut
2724 5189 2902 5242 spero,
2930 5174 3138 5229 caelesti
3172 5189 3286 5227 rem
3321 5172 3647 5227 divincmus.
3704 5173 3851 5239 Qua-

2280 5281 2402 5325 tuor
2436 5284 2561 5323 vero
2593 5270 2735 5322 unde
2772 5277 2880 5322 tota
2954 5268 3296 5323 ratiocinatio
3353 5268 3572 5337 pendet,
3619 5275 3850 5337 antepo—

2282 5364 2453 5415 tn-nda
2481 5372 2599 5415 sunt
2628 5379 2639 5413 ε
2670 5361 2924 5430 primum,
2956 5360 3128 5412 locum
3167 5361 3255 5414 ubi
3315 5377 3495 5415 sermo
3552 5361 3854 5414 hebebatur

2280 5458 2449 5512 fuisse
2508 5457 2803 5510 nativitatis
2837 5466 2891 5509 et
2940 5454 3275 5509 educationis
3319 5452 3494 5509 locum
3556 5455 3701 5523 quod
3762 5469 3855 5522 per

2280 5565 2337 5601 se
2401 5557 2583 5615 patet;
2636 5546 2889 5610 alterum,
2944 5544 3123 5598 dedita
3188 5523 3353 5613 opera
3414 5544 3625 5598 venisse
3674 5546 3851 5601 Theo--

2280 5642 2507 5708 phanem
2572 5638 2636 5691 ad
2700 5653 2822 5692 eum
2895 5652 2992 5691 suo
3049 5649 3299 5692 sermone
3361 5637 3849 5697 eobonestandum.

2278 5728 2420 5799 qttod
2464 5728 2626 5782 etiam
2652 5742 2718 5782 ex
2756 5728 2884 5796 ipsis
2926 5724 3107 5780 verbis
3147 5741 3252 5790 non
3303 5728 3534 5782 obscure
3598 5727 3850 5795 intelligi-

2278 5832 2388 5879 tur.
2427 5830 2668 5881 teruuni.
2698 5819 2857 5876 talem
2890 5818 3058 5875 fuisse
3079 5819 3256 5877 locum
3294 5818 3346 5873 in
3399 5832 3505 5887 quo
3552 5834 3655 5874 non
3709 5834 3845 5879 sent-
