4104 6290
287 376 359 441 89
1269 377 1671 438 FRANCISCI
1715 375 1970 438 SCOiiSl
2018 377 2445 440 PiiOﬂEMlUM
2503 377 2588 440 ll.
3478 379 3549 438 90

288 509 387 564 per
419 495 610 561 degere
657 509 720 547 ac
779 493 1130 547 sermocinari
1184 501 1522 554 consuesset,
1570 492 1669 544 hoc
1716 491 1861 542 cnim

288 587 540 642 videntur
577 587 804 650 innuero
838 585 925 638 illa
979 586 1137 638 verba
1177 602 1192 638 :
1232 584 1409 652 Neque
1439 585 1574 638 enim
1603 583 1702 635 huc
1727 581 1865 644 ueni,

289 688 354 731 ut
385 688 604 731 ornatus
631 677 927 747 eloquentia
958 677 1312 745 conspicerer:
1353 676 1566 742 signum
1608 676 1751 728 cnim
1786 681 1869 725 est

288 781 391 822 eos
416 769 691 821 auditores
709 784 814 820 non
840 768 1134 822 admiratus
1157 776 1281 821 ante
1314 767 1677 835 eloquentiam
1700 761 1868 817 fuisse

295 857 679 929 Thcophauis;
730 870 1007 928 quartum,
1061 875 1184 912 cum
1236 866 1529 926 antequam
1585 856 1870 924 episcopus

293 963 648 1006 consecratus
729 951 953 1015 ftiirSQl,
1027 951 1379 1004 ttzoztastiezim
1463 949 1625 1003 vitam
1704 947 1869 1002 fuisse

291 1044 598 1116 professum
635 1063 647 1098 :
686 1044 785 1098 hoc
813 1055 1146 1112 posti-eumut
1179 1058 1283 1096 non
1345 1057 1407 1096 ex
1456 1041 1720 1109 prooemio
1774 1043 1870 1092 ho-

293 1137 481 1202 tnilim,
519 1147 578 1191 ut
607 1137 709 1190 tria
745 1120 1121 1192 antecedentia
1154 1136 1503 1203 colliguntur,
1543 1135 1636 1186 sed
1687 1140 1870 1184 osten-

289 1231 447 1285 ditur
476 1248 540 1285 ex
577 1231 965 1285 consuetudine
987 1228 1287 1283 Orientalis
1311 1226 1584 1289 Ecclesiae,
1649 1225 1702 1277 in
1759 1227 1866 1291 una

289 1337 363 1378 cx
399 1323 682 1377 monachis
732 1322 970 1392 episcopi
1025 1320 1182 1392 deligi
1234 1328 1658 1374 consueverunt.
1713 1314 1868 1382 Quod

291 1432 463 1486 supra
527 1415 632 1487 §ll
680 1416 892 1470 ostendi
954 1415 1236 1483 ipsiusmet
1291 1412 1468 1467 Photii
1559 1412 1867 1480 pscudopa-

293 1509 840 1580 triarclneo-xcmplo,
875 1509 1015 1578 quod
1046 1507 1208 1561 ctiam
1236 1503 1478 1567 ostendit
1531 1502 1873 1572 apertissime

291 1602 552 1660 Nicolaus
581 1618 713 1674 papa
747 1600 766 1655 l
799 1604 851 1657 in
889 1602 1114 1670 epistola
1151 1602 1217 1654 ad
1261 1596 1605 1653 llincmarum
1657 1593 1869 1650 Gallia-

293 1712 421 1752 rum
452 1697 782 1768 episcopum,
819 1695 906 1749 uhi
960 1694 1211 1750 refellens
1251 1691 1574 1747 calumniam
1624 1688 1695 1744 ab
1756 1687 1874 1759 ipso

295 1791 498 1847 Photio
545 1786 754 1844 Latinis
810 1786 1143 1855 impositam;
1196 1787 1337 1854 quod
1381 1784 1666 1844 diaconus,
1708 1791 1870 1835 antc-

296 1893 464 1946 quam
504 1877 787 1950 presbyter
808 1886 950 1931 esset
994 1875 1302 1940 ordinatus,
1342 1872 1410 1927 ad
1459 1871 1698 1942 episcopi
1754 1887 1873 1926 mn-

299 1987 408 2026 nus
429 1979 856 2040 promoveretur.
882 1967 962 2024 sic
1016 1968 1094 2022 ait
1123 1985 1138 2022 :
1170 1964 1238 2020 Et
1271 1968 1398 2037 quia
1445 1966 1697 2019 diaconus
1762 1979 1866 2017 non

296 2074 513 2134 sumpto
543 2063 931 2134 presbyteratus
959 2061 1141 2131 ofﬁcio
1172 2059 1314 2127 apud
1349 2073 1441 2114 nos
1483 2058 1755 2126 episcopus
1784 2072 1876 2110 or-

296 2159 543 2223 dinatur,
595 2171 714 2210 cunt
738 2156 834 2224 ipsi
883 2155 1044 2208 etiam
1109 2152 1261 2208 illum
1312 2167 1464 2217 quem
1512 2151 1872 2221 potriarcltam

296 2262 461 2301 suum
523 2245 818 2309 nominant,
869 2261 901 2298 α
968 2242 1106 2297 laico
1162 2239 1334 2295 subito
1385 2247 1771 2303 consecratum,
1824 2248 1876 2292 et

297 2335 654 2402 monachum]
679 2332 876 2400 factum
936 2330 1080 2385 saltu
1130 2327 1201 2384 ad
1281 2327 1612 2397 episcopatus
1680 2325 1875 2395 apicem

296 2427 570 2497 imperiali
589 2427 766 2497 fauore
787 2435 838 2480 et
859 2423 1077 2480 brachio
1103 2421 1380 2491 prouehere
1420 2421 1635 2474 minime
1683 2417 1877 2487 formi-

298 2520 509 2575 darint.
563 2519 698 2586 Quid
752 2529 935 2575 autem
969 2530 1194 2573 necesse
1244 2523 1363 2570 erat
1416 2529 1540 2569 eum
1596 2516 1879 2568 attendere

300 2614 478 2681 prius,
500 2623 555 2668 et
578 2611 900 2668 monachum
931 2609 1168 2673 initiare,
1198 2609 1298 2664 nisi
1333 2616 1392 2663 ut
1417 2607 1583 2662 etiam
1636 2607 1689 2661 in
1728 2613 1877 2660 tanta

299 2704 655 2772 perversioue
684 2714 740 2760 et
766 2702 1026 2759 violentia
1061 2701 1210 2766 iacti,
1233 2698 1568 2758 consuetudo
1593 2713 1700 2754 non
1745 2713 1883 2768 pra:-

301 2797 718 2861 termitteretur,
749 2803 804 2851 et
825 2809 892 2850 ne
918 2792 1199 2865 illegitimc
1237 2790 1416 2848 factus
1445 2790 1744 2846 videretur.
1772 2787 1879 2843 Sed

300 2899 506 2962 pra-ter
532 2890 673 2945 hanc
700 2885 1147 2945 consuetudinem
1197 2885 1371 2941 habeo
1418 2883 1583 2939 etiam
1638 2881 1691 2938 in
1741 2880 1880 2937 meis

305 2981 676 3038 monumentis
712 2995 740 3034 a
763 2978 827 3037 P.
858 2977 1085 3037 Octavio
1112 2977 1352 3035 Caetauo
1395 2975 1638 3032 collectis
1679 2973 1882 3043 episto-

306 3078 416 3130 lam
472 3074 642 3146 ipsius
712 3072 891 3128 Photli
945 3071 1168 3128 missam
1222 3067 1539 3136 Theophani
1613 3066 1882 3120 monacho

305 3168 494 3224 Graece
515 3166 793 3238 scriptam.
826 3180 991 3221 manu
1024 3161 1088 3219 P.
1110 3161 1297 3219 Jacobi
1325 3158 1623 3226 Sirmundi,
1671 3165 1724 3213 ct
1779 3155 1885 3213 La-

311 3263 422 3318 tine
450 3262 520 3315 ab
548 3259 736 3314 eodem
766 3257 1054 3323 redditam,
1099 3255 1504 3324 deprompta-ii,
1554 3260 1615 3307 ut
1672 3248 1882 3322 judico.

305 3369 376 3409 es
412 3350 738 3406 bibliotheca
762 3347 1057 3405 cardinalis
1074 3346 1376 3408 Columnae,
1405 3359 1527 3414 qua
1574 3342 1676 3398 fuit
1721 3350 1885 3396 antea

307 3438 610 3496 cardinalis
642 3437 848 3504 Sirleti,
870 3453 1012 3496 nunc
1042 3437 1240 3494 dicitur
1266 3436 1421 3492 ducis
1451 3435 1719 3502 Altemps,
1742 3434 1886 3487 unde

310 3534 516 3589 multas
539 3531 800 3588 Baronius
822 3531 967 3586 eruit
998 3539 1054 3587 et
1093 3531 1149 3584 in
1202 3543 1330 3586 suos
1373 3526 1606 3581 Antiates
1659 3524 1888 3580 contulit

310 3641 453 3698 quas
490 3639 614 3680 cum
673 3624 856 3679 multis
908 3622 1029 3678 aliis
1082 3622 1134 3676 in
1183 3635 1248 3676 ea
1299 3618 1625 3674 bibliotheca
1666 3628 1883 3670 exstare

309 3718 546 3774 adirmat
572 3727 679 3771 tom
705 3715 773 3771 Χ.
805 3713 937 3769 Eam
961 3714 1125 3786 igitur
1155 3711 1410 3783 quoniam
1439 3718 1492 3765 et
1516 3707 1582 3765 ad
1604 3708 1752 3761 hanc
1777 3707 1890 3762 dis-

309 3811 649 3883 putationem
690 3810 927 3864 masime
960 3806 1109 3872 iacit,
1134 3814 1190 3861 et
1216 3805 1285 3860 ad
1319 3802 1486 3857 multa
1516 3801 1620 3855 alia
1656 3809 1742 3856 est
1792 3815 1886 3854 ac-

311 3905 658 3962 commodata
687 3903 754 3959 de
785 3903 984 3972 quibus
1023 3898 1518 3966 dicam,integram
1566 3892 1755 3948 Graece
1810 3893 1890 3944 si-

314 4000 429 4055 mul
472 4009 524 4052 et
572 3997 763 4052 Latine
803 3995 1129 4050 describam.
1177 3991 1430 4061 Θεοφάνη
1484 3986 1793 4059 μονάζοντι.
1831 3986 1892 4039 Εἰ

315 4092 402 4144 col.
458 4089 614 4158 φίλον
678 4089 741 4142 ab
790 4087 931 4158 πρὸς
975 4083 1138 4156 ἡμῶν
1188 4082 1298 4136 τῶν
1349 4078 1586 4134 εὐτελῶν
1636 4078 1891 4149 γράμμα,

314 4203 370 4238 κ.
407 4201 458 4239 τ.
500 4182 556 4234 λ.
600 4178 898 4250 Theophani
927 4174 1202 4231 monacho.
1251 4191 1270 4224 ι
1329 4173 1389 4228 Si
1456 4179 1508 4224 te
1569 4167 1895 4229 humilitatis

317 4283 519 4330 nostra?
544 4271 835 4334 delectant,
877 4286 897 4320 ι
939 4277 1046 4322 etc.
1082 4265 1212 4320 Vide
1260 4265 1395 4317 inter
1426 4261 1678 4331 epistolas
1719 4257 1896 4313 Photii

315 4365 412 4418 sub
441 4379 588 4417 nunt.
618 4359 747 4427 202,
784 4363 1009 4427 Operam
1059 4356 1221 4425 ipsius
1259 4352 1436 4407 Plautii
1492 4349 1735 4405 editionis
1791 4363 1893 4402 no-

315 4469 448 4515 stra:
478 4467 607 4516 tom.
634 4451 719 4520 11,
745 4449 1064 4521 Patrologite
1081 4444 1234 4512 CCII,
1257 4447 1360 4501 col.
1390 4445 1521 4512 9‘23.
1549 4441 1895 4498 Ευιτ.ῐ’λτι.

387 4545 713 4619 Theophani
747 4554 934 4601 nostro
962 4543 1178 4597 missam
1211 4538 1354 4592 hanc
1387 4535 1668 4605 epistolam
1728 4534 1896 4588 multa

319 4643 589 4706 suadent;
638 4636 822 4693 Sicilia
862 4635 973 4706 ipsa
1009 4631 1163 4700 cujus
1188 4630 1246 4684 iit
1276 4628 1478 4684 mentio
1512 4629 1563 4682 in
1620 4628 1734 4697 ipsa
1779 4625 1899 4693 cpi-

320 4735 498 4800 stola;
525 4742 582 4788 et
600 4733 742 4803 quod
761 4745 885 4787 cum
914 4727 1020 4784 illis
1043 4741 1151 4782 una
1187 4725 1515 4794 reperiatur,
1544 4735 1664 4791 qua:
1685 4733 1740 4776 et
1760 4717 1900 4776 Gre~

322 4828 478 4901 gorio
525 4825 872 4896 Syracusano
924 4822 1202 4890 episcopo,
1254 4826 1313 4874 et
1345 4814 1643 4887 Euthymio
1679 4812 1900 4870 Catanat

324 4918 682 4990 metropolitani
716 4926 772 4974 et
801 4913 983 4969 liarco
1004 4911 1191 4968 Siculo
1231 4907 1446 4978 scriptae
1485 4915 1637 4971 sunt,
1671 4914 1726 4960 et
1754 4913 1894 4959 tem-

322 5016 475 5083 poris
508 5011 651 5067 ratio
696 5024 858 5081 quam
892 5006 1029 5062 inira
1073 5001 1328 5060 subtilius
1384 4997 1709 5071 supputaho.
1762 4993 1896 5051 Nam

324 5105 506 5160 Photii
541 5109 784 5171 tempore
820 5097 1114 5154 Zacharias
1133 5105 1250 5151 erat
1279 5093 1565 5163 episcopus
1595 5089 1900 5146 Taurome-

327 5198 401 5253 nii
432 5196 735 5263 eodemque
769 5207 879 5262 quo
906 5187 1203 5260 Gregorius
1236 5185 1464 5244 Asbesta
1508 5184 1900 5254 Syracusarum

327 5297 380 5344 et
402 5282 726 5354 Euthymius
753 5283 989 5336 Catanzu.
1032 5279 1146 5335 lloc
1202 5278 1368 5349 igitur
1421 5285 1662 5344 tempore
1719 5271 1902 5327 Theo-

330 5382 563 5448 phanem
588 5375 766 5429 adhuc.
792 5373 1144 5428 monasticam
1171 5373 1347 5442 egisse
1373 5369 1561 5430 vitam,
1599 5383 1663 5423 ex
1701 5381 1807 5437 qua
1834 5365 1901 5420 ad

329 5467 571 5540 episcopi
611 5465 928 5537 dignitatem
962 5472 1204 5528 evectus,
1235 5471 1292 5518 ct
1335 5459 1617 5517 Zacharite
1677 5472 1899 5513 succes-

332 5578 421 5619 sor
475 5561 665 5624 fuerit,
727 5557 963 5612 maxime
1022 5557 1290 5627 congruit,
1349 5563 1459 5610 tum
1516 5553 1793 5624 sapientia:
1837 5566 1903 5606 ac

334 5652 591 5710 doctrina:
613 5648 730 5703 laus
753 5645 854 5716 ipsi
891 5645 1093 5702 tributa
1128 5661 1157 5700 a
1208 5644 1420 5709 Pbotio,
1469 5660 1586 5712 qua
1639 5643 1804 5698 etiam
1848 5643 1902 5696 in

335 5739 786 5810 inscriptionibus
840 5735 1001 5808 hujus
1058 5738 1239 5807 operis
1295 5745 1605 5792 cooSIantcr
1653 5735 1899 5806 legitur:

337 5844 447 5890 tum
483 5835 670 5889 datum
696 5830 972 5902 negotium
997 5829 1316 5900 coargucudi
1349 5828 1485 5898 eius,
1516 5827 1604 5897 qui
1648 5828 1896 5882 haeresim

1975 489 2385 555 disseminabat,
2412 507 2532 544 cum
2568 491 2765 543 diceret
2793 487 3064 541 Christum
3100 501 3204 540 non
3258 503 3377 544 esst:
3424 492 3546 558 piu-

1973 579 2204 649 gendnm
2234 590 2288 632 ct
2318 578 2634 644 inimagiue
2685 579 3045 642 adorandum,
3104 579 3248 646 quod
3292 578 3542 648 pit-tatem

1972 684 2027 730 et
2049 672 2222 726 zelum
2247 673 2456 728 tuenda?
2493 672 2613 726 lidci
2643 671 2696 724 in
2719 669 3049 738 Theophane
3078 669 3242 725 etiam
3273 679 3384 724 tum
3425 687 3547 725 mo-

1976 764 2150 815 nacho
2191 767 2486 826 Spectatam
2541 758 2822 812 indicant:
2875 757 3013 819 hzcc,
3062 759 3308 826 inquam,
3359 760 3543 814 omnia

1976 855 2075 924 ipsi
2119 854 2342 908 missam
2403 853 2542 908 hanc
2581 851 2862 921 cpistolam
2914 850 3140 906 omnino
3182 861 3389 904 certum
3431 853 3547 906 cili—

1973 947 2142 1004 cinnt.
2183 945 2277 1000 llis
2306 945 2470 1015 igitur
2507 944 2728 1016 putatis,
2756 944 2820 997 ad
2847 959 2958 999 rem
3014 943 3344 1014 prepositam
3389 960 3548 1000 accc-

1974 1040 2186 1091 damus.
2231 1037 2344 1090 Duo
2381 1021 2437 1090 S.
2475 1037 2703 1090 Andron:
2727 1035 2926 1104 templa
2966 1050 3030 1090 ac
3059 1036 3387 1090 monasteria
3417 1043 3546 1092 sunt

1975 1133 2041 1185 de
2069 1144 2301 1198 quorum
2336 1130 2598 1184 alterutro
2627 1128 2775 1197 loqui
2798 1129 2852 1181 in
2901 1128 3124 1183 homilia
3181 1109 3540 1198 The0phanes

1977 1226 2146 1292 possit
2181 1223 2454 1291 :primum
2490 1223 2618 1277 illud
2641 1224 2709 1274 de
2742 1237 2849 1292 quo
2913 1221 2972 1276 S.
3035 1221 3329 1293 Gregorius
3382 1223 3542 1291 epist.

1981 1316 2049 1369 57
2083 1315 2195 1370 iud.
2225 1332 2305 1380 XI,
2326 1303 2430 1372 'lih.
2459 1324 2520 1377 ll,
2551 1317 2617 1369 ad
2650 1314 3017 1368 Secundiuum
3063 1313 3405 1370 Taurcmonii
3434 1316 3549 1385 cpi-

1977 1423 2200 1477 smpum
2222 1408 2409 1462 scribit
2440 1409 2523 1462 his
2541 1408 2724 1462 verbis
2759 1425 2772 1462 :
2815 1407 3026 1462 Pridem
3056 1409 3420 1477 pm'cepitmts,
3475 1419 3533 1462 ut

1976 1503 2041 1554 de
2066 1503 2379 1556 monasterio
2408 1499 2464 1556 S.
2500 1501 2744 1565 Andrcm,
2777 1501 2918 1570 quod
2946 1511 3018 1556 est
3057 1517 3212 1568 super
3247 1499 3545 1563 ﬂosculim,

1978 1590 2337 1658 baptisterium
2378 1600 2589 1657 propter
2635 1589 3012 1644 monachorum
3070 1590 3405 1644 insolentiam
3455 1592 3535 1642 de-

1976 1683 2168 1738 buisset
2201 1682 2424 1752 auferri,
2449 1691 2605 1752 atque
2633 1685 2687 1735 in
2707 1683 2884 1735 eodem
2910 1682 3046 1748 μοιοο
3081 1698 3183 1750 quo
3205 1681 3371 1750 {antes
3402 1689 3544 1740 sunt.

1978 1774 2148 1829 altare
2175 1774 2410 1843 fundari.
2445 1772 2569 1828 llaec
2599 1772 2655 1828 S.
2693 1773 2991 1842 Gregorius
3029 1789 3043 1827 :
3102 1787 3166 1828 ex
3215 1788 3324 1841 quo
3381 1771 3550 1824 halica

1978 1868 2413 1935 antiquissimum
2449 1865 2751 1920 cmooliium
2780 1873 2834 1919 et
2886 1864 3143 1933 templum
3188 1863 3250 1919 S.
3297 1862 3546 1926 Androm,

1979 1961 2259 2029 etquidem
2287 1958 2758 2014 Tauromenitantc
2788 1957 3039 2013 diwccsis
3066 1967 3188 2012 ante
3216 1956 3304 2012 Sa
3323 1973 3549 2012 raccno-

1979 2067 2099 2106 rum
2149 2052 2528 2120 irruptioncm.
2584 2049 2854 2121 Oppidum
2910 2059 3091 2105 autem
3127 2048 3381 2104 Mascalis
3437 2065 3545 2104 non

1979 2144 2138 2214 longe
2172 2145 2326 2200 abest
2360 2160 2391 2200 a
2423 2143 2807 2203 Tauromenio.
2839 2158 3094 2212 passuum
3148 2143 3356 2198 scilicet
3423 2153 3549 2196 octo

1979 2242 2197 2299 millia:
2243 2256 2366 2296 nam
2424 2250 2480 2297 et
2526 2255 2657 2314 ager
2696 2239 2965 2305 ﬂosculis,
3012 2239 3103 2310 qui
3157 2248 3210 2295 et
3269 2239 3430 2296 hodie
3465 2237 3550 2294 sic

1981 2333 2310 2400 nominatur,
2339 2332 2798 2388 Tauromenitano
2833 2347 2966 2401 agro
2996 2330 3226 2387 conﬁnis
3281 2338 3384 2384 cst.
3411 2329 3549 2385 Illud

1980 2433 2160 2477 autem
2185 2424 2446 2492 oppidum
2480 2422 2692 2494 regium
2717 2405 2857 2482 crat.
2893 2433 2948 2478 et
2986 2437 3158 2491 usque
3201 2419 3269 2475 ad
3305 2427 3549 2488 tempora

1982 2514 2246 2568 Fridet-ici
2269 2515 2520 2579 secundi,
2551 2513 2752 2572 Siciliae
2795 2512 2958 2580 τοιῇδ,
2993 2513 3059 2566 ad
3093 2527 3295 2565 annum
3342 2510 3553 2565 scilicet

1983 2602 2122 2659 1296
2152 2604 2327 2669 stetit,
2359 2618 2466 2672 quo
2497 2611 2760 2672 regnante
2805 2617 2834 2656 a
2899 2601 3138 2668 Βοιωτία
3187 2599 3382 2654 Lauria
3432 2614 3556 2667 per-

1981 2698 2167 2761 duelli,
2187 2696 2546 2751 inductoilluc
2570 2695 2808 2750 exercitu
2829 2694 3106 2749 incensum
3130 2691 3251 2747 fuit.
3290 2691 3395 2747 Sed
3423 2703 3556 2746 vero

1983 2790 2181 2845 demde
2212 2787 2271 2843 S.
2306 2788 2535 2844 Andrec
2551 2789 2616 2840 ad
2655 2786 2920 2842 Mascalas
2945 2793 3127 2840 exstat
3188 2787 3352 2837 etiam
3402 2797 3555 2836 men-

1985 2883 2059 2936 tio
2093 2881 2230 2948 apud
2265 2881 2513 2936 eumdem
2543 2878 2808 2935 Thomam
2847 2876 3119 2934 Faaellum
3152 2894 3168 2931 :
3212 2890 3330 2929 cam
3388 2874 3558 2944 siqni-

1983 2973 2105 3030 dem
2131 2984 2368 3029 erectam
2400 2988 2429 3026 a
2459 2970 2665 3028 Joanne
2695 2971 2841 3036 Dive,
2869 2983 3064 3040 coque.
3106 2977 3163 3023 ut
3204 2974 3409 3037 pestem
3467 2964 3558 3020 Si-

1984 3068 2108 3121 cilia
2140 3077 2247 3121 tota
2275 3076 2612 3135 grassantem
2638 3064 2891 3119 eraderet
2917 3060 3248 3132 confugisse,
3283 3069 3337 3113 et
3372 3067 3550 3112 tamen

1986 3161 2182 3216 ibidem
2214 3175 2242 3214 a
2269 3169 2466 3221 morte.
2504 3173 2623 3229 qum
2654 3157 2896 3221 fugacem
2961 3153 3302 3224 persequitur
3352 3150 3552 3212 virum,

1986 3269 2108 3310 cum
2133 3267 2448 3321 oppressam
2488 3250 2679 3307 scribit
2710 3249 2802 3302 lih.
2837 3263 2916 3309 ιι,
2957 3260 3080 3315 cap.
3131 3245 3199 3311 5;
3249 3243 3386 3313 quo-l
3440 3243 3557 3296 hac

1986 3347 2176 3402 eadem
2217 3358 2337 3413 qua:
2365 3353 2605 3411 tempore
2649 3340 2708 3395 S.
2764 3335 3009 3405 Gregorii
3054 3343 3322 3391 steterat:
3359 3333 3554 3385 iterum

1987 3447 2166 3494 erecta
2195 3453 2223 3490 a
2263 3434 2469 3491 Joanne
2497 3433 2640 3498 Diue,
2661 3446 2782 3502 quae
2809 3446 2840 3484 a
2868 3427 3182 3483 Sarraceuis
3223 3423 3387 3478 {inerit
3412 3422 3562 3491 deje-

1988 3539 2074 3585 cta
2101 3526 2408 3584 verosimilc
2440 3525 2608 3581 videri
2657 3530 2861 3597 potest.
2891 3519 3018 3575 Mihi
3050 3519 3212 3588 igitur
3262 3517 3378 3571 hac
3429 3529 3562 3569 con-

1983 3622 2191 3690 jeetura
2250 3620 2315 3672 ad
2369 3617 2650 3672 veritatem
2717 3614 2963 3682 proxime
3023 3609 3237 3665 videtur
3277 3603 3560 3667 accedere,

1992 3712 2374 3782 Theophanem
2407 3715 2647 3762 nostrum
2670 3705 2724 3760 in
2747 3720 2814 3761 eo
2838 3703 3166 3761 monasterio
3194 3698 3253 3754 S.
3308 3698 3560 3758 Antlrca'.

1991 3808 2060 3862 de
2080 3821 2186 3875 quo
2213 3804 2271 3859 S.
2306 3801 2602 3870 Grcgtirins
2631 3802 2699 3855 ad
2733 3797 3100 3853 Secundiuum
3135 3794 3347 3856 scribit,
3396 3791 3564 3845 fuisse

1990 3900 2319 3966 educatum;
2345 3897 2398 3952 in
2430 3910 2496 3950 co
2525 3893 2740 3948 litteras
2766 3904 2951 3947 sacras
2975 3904 3006 3944 a
3031 3902 3160 3943 sene
3184 3884 3297 3949 illo,
3344 3883 3414 3937 dc
3457 3895 3565 3948 quo

1995 3991 2256 4057 loquitur,
2310 3997 2537 4054 puerum
2591 3979 2881 4045 didicisse;
2944 3974 3322 4048 progrediente
3372 3969 3565 4024 deinde

1998 4092 2261 4152 tcmpore,
2290 4093 2413 4133 cum
2448 4077 2562 4145 jam
2610 4069 2957 4126 Tauromenii
3007 4068 3296 4138 cpiscopus
3344 4073 3563 4119 creatus

1993 4189 2160 4238 esset.
2191 4178 2256 4230 ad
2297 4176 2348 4228 id
2379 4173 2637 4240 templum
2668 4169 2755 4223 die
2779 4166 2835 4224 S.
2870 4166 3096 4222 Androm
3120 4177 3277 4219 sacro
3299 4177 3394 4216 sua
3423 4174 3565 4232 prm-

1995 4270 2169 4325 sentia
2198 4284 2261 4322 ac
2293 4279 2546 4320 sermone
2579 4258 2970 4321 decorandum,
3003 4272 3129 4313 cum
3165 4270 3279 4312 sua
3311 4254 3566 4307 tlimccsis

1997 4375 2162 4425 eset,
2191 4377 2290 4416 nec
2318 4370 2426 4416 tam
2457 4357 2614 4427 longe
2641 4371 2671 4409 ιι
2712 4349 3077 4408 Tauromenio
3098 4347 3329 4410 abesset,
3357 4359 3423 4399 co
3445 4356 3560 4399 stu-

1997 4456 2085 4510 dio
2117 4453 2291 4510 altrici
2329 4447 2520 4521 patria:
2544 4445 2700 4516 pretii
2758 4438 3086 4511 rependendi
3135 4452 3195 4495 se
3247 4432 3563 4493 contulisse.

1999 4546 2240 4601 Alterum
2281 4540 2340 4597 S.
2386 4539 2616 4594 Andreae
2644 4533 2900 4602 templum
2943 4544 3041 4586 seu
3091 4529 3271 4599 potius
3310 4525 3562 4588 amicula,

1997 4651 2158 4709 quam
2191 4634 2407 4689 trahere
2425 4629 2490 4685 ad
2514 4627 2882 4698 conjecturam
2910 4621 3207 4694 possimus,
3238 4627 3324 4675 eat
3357 4615 3570 4671 Tauro-

1999 4707 2380 4795 menii;cu]us
2399 4736 2498 4791 ego
2529 4717 2735 4775 visendi
2758 4729 2920 4772 causa
2987 4712 3193 4769 nullam
3244 4710 3404 4765 aliam
3468 4707 3570 4762 ha-

2000 4817 2133 4873 bens
2175 4812 2386 4870 itineris
2434 4809 2693 4876 faciundi,
2743 4822 2811 4863 eo
2866 4821 2953 4860 me
2990 4801 3222 4867 contuli.
3269 4815 3330 4856 ut
3373 4799 3442 4854 dc
3469 4798 3574 4854 hoc

2002 4905 2224 4976 templo,
2273 4905 2418 4960 unde
2480 4903 2653 4973 patria
2705 4897 3062 4967 Theophanis
3103 4891 3313 4951 ostendi
3367 4899 3573 4960 posset,

2001 4998 2135 5054 certi
2162 4997 2361 5067 aliquid
2400 4992 2642 5051 nancisci
2675 5003 2913 5060 possem.
2971 4985 3152 5042 Situm
3199 4991 3286 5039 est
3332 4982 3464 5035 illud
3518 4978 3573 5034 in

2004 5088 2147 5145 edita
2196 5101 2332 5158 rupe
2386 5100 2509 5154 qua:
2563 5096 2726 5152 supra
2768 5090 2918 5134 mare
2945 5074 3107 5131 altius
3127 5070 3387 5141 assurgit,
3417 5067 3577 5123 undi-

2003 5194 2217 5249 quisque
2245 5178 2471 5249 praecisa
2501 5174 2785 5237 lateribus,
2833 5181 2890 5225 et
2937 5182 3062 5224 cum
3113 5161 3576 5220 Tauromenitana

2004 5269 2124 5323 solo
2155 5266 2222 5322 ad
2253 5281 2504 5323 occasum
2542 5261 2836 5318 continenti
2875 5263 3104 5329 angusta
3134 5253 3324 5308 setnita
3391 5249 3574 5302 adhte-
3606 5325 3608 5327 p

2005 5375 2163 5424 rens;
2191 5368 2353 5427 atque
2383 5355 2449 5411 ab
2479 5355 2706 5424 ipsumet
2734 5352 2849 5407 aede
2872 5343 3296 5421 promontorium
3328 5339 3391 5395 S.
3462 5337 3576 5392 Διι-

2004 5451 2146 5504 drete
2174 5449 2495 5518 appellatur,
2549 5448 2619 5501 ab
2640 5443 2837 5514 oppido
2867 5449 2925 5498 ιιι
2947 5453 3089 5495 nunc
3139 5451 3226 5492 res
3265 5441 3413 5497 sunt,
3466 5431 3575 5484 duo

2005 5539 2255 5594 milliaria
2276 5536 2547 5592 dissitum.
2573 5535 2629 5590 Si
2653 5546 2772 5588 eam
2795 5531 2966 5586 aedem
2996 5525 3400 5596 contempleris,
3465 5535 3572 5574 non

2006 5628 2341 5686 monasterio
2367 5626 2676 5697 adiunctam
2706 5621 2967 5692 suspicari
3013 5618 3222 5690 possis;
3278 5627 3454 5669 tamen
3522 5622 3576 5667 et

2009 5736 2132 5778 area
2160 5735 2326 5788 capax
2352 5729 2436 5773 est
2471 5716 2684 5774 aedilicii
2716 5713 2973 5779 cmuohii,
3005 5723 3061 5770 et
3111 5713 3261 5766 locus
3305 5711 3578 5770 desertus,

2013 5824 2066 5871 ct
2093 5813 2162 5870 ab
2191 5813 2468 5869 hominum
2513 5824 2737 5866 accessu
2755 5816 2995 5866 semetus
3020 5804 3248 5872 videtur,
3282 5799 3406 5856 vitae
3458 5813 3575 5853 mo-
