4104 6290
535 365 598 430 91
1510 366 1919 429 FRANCISCI
1954 361 2225 426 SCORSI
2259 362 2694 427 PROOEMIUM
2735 366 2821 429 II.
3736 358 3810 421 92

535 484 755 538 nastictc
783 490 839 537 ct
865 478 1312 551 contemplationi
1368 482 1561 537 deditze
1612 483 1748 538 satis
1815 495 2119 537 accommo-

531 575 656 629 dus.
698 574 925 629 Exstant
957 581 1011 627 et
1042 581 1168 627 ante
1190 573 1360 630 aedem
1403 574 1581 629 adhuc
1643 572 1861 629 aedilicii
1921 572 2124 630 veteris

535 680 923 735 murorumque
939 666 1163 738 vestigia
1183 678 1203 725 :
1224 682 1451 736 quorum
1469 667 1648 737 aliqua
1666 666 1962 723 eminentia
1981 667 2120 736 solo,

535 761 836 827 aliquorum
860 757 1214 815 fundamenta
1242 759 1346 829 ipsi
1373 760 1492 816 solo
1524 768 1733 829 aequata
1772 765 2062 815 cernttntu'
2103 775 2121 816 :

534 863 795 924 praterea
824 852 1090 909 columnae
1118 860 1352 921 Quatuor
1395 854 1622 924 palmari
1675 853 1959 909 altitudine
2019 852 2123 908 sibi

537 943 1059 1013 invioem'quadrato
1089 944 1259 1000 latere
1296 944 1715 1016 respondentia.
1764 944 1871 1001 Sed
1939 953 2123 999 tamen

541 1034 1159 1115 cujusmodimdiliclum
1210 1034 1394 1099 fuerit,
1445 1051 1607 1091 nemo
1653 1045 1737 1093 est
1794 1036 1884 1107 qui
1922 1036 2123 1092 tradat.

540 1127 715 1184 Possit
737 1127 861 1199 quis
892 1131 1145 1198 augurari
1180 1129 1253 1185 ibi
1282 1128 1455 1186 fuisse
1492 1129 1886 1185 monasterium
1918 1127 1981 1185 S.
2007 1128 2123 1183 Au-

539 1218 685 1275 drca:
711 1218 911 1289 templo
941 1219 1312 1288 coniunctum,
1353 1222 1497 1292 quod
1518 1236 1615 1292 per
1643 1237 1707 1277 ea
1741 1232 1981 1289 tempora
2006 1236 2126 1275 am-

540 1310 682 1379 plius
702 1307 984 1379 aliquanto
1008 1309 1191 1368 fuerit.
1212 1310 1527 1369 Concursus
1543 1330 1675 1371 sane
1698 1315 1877 1386 pepuli
1898 1329 1962 1371 eo
1998 1315 2119 1382 loci,

542 1404 839 1472 praesertim
873 1403 1013 1459 festo
1043 1405 1103 1460 S.
1141 1405 1371 1461 Andreas
1391 1406 1502 1474 die,
1529 1422 1557 1460 a
1594 1411 1790 1479 populo
1827 1406 2128 1464 Taurome-

544 1496 731 1552 uitano
764 1498 877 1553 fieri
898 1506 1217 1561 consuetus,
1243 1497 1475 1555 suadere
1496 1510 1677 1569 posset
1700 1517 1823 1555 eum
1849 1518 1878 1556 a
1932 1503 2127 1571 priscis

547 1588 656 1644 illis
690 1590 1025 1658 temporibus
1059 1587 1228 1651 fuisse
1253 1591 1566 1659 deductum,
1602 1594 1801 1663 quibus
1832 1593 2124 1667 Theopha-

550 1682 944 1751 nes'gloriatur
972 1684 1165 1753 patria
1204 1700 1316 1739 suae
1357 1685 1613 1755 populum
1671 1688 1725 1743 in
1786 1686 2130 1746 celebrandis

543 1782 854 1829 sanctorum
880 1773 1032 1829 festis
1057 1790 1177 1831 esse
1212 1774 1590 1846 frequentem;
1632 1778 1727 1834 sed
1778 1779 1882 1839 hoc
1947 1780 2131 1836 hario-

543 1865 649 1920 lari
679 1874 766 1921 est
792 1866 975 1936 potius
1001 1880 1164 1936 quam
1191 1868 1376 1938 aliquo
1398 1882 1553 1924 certo
1603 1869 1959 1926 fundamento
1990 1886 2127 1927 con-

540 1958 773 2028 jectare.
804 1959 974 2031 Igitur
997 1973 1123 2015 cum
1156 1960 1337 2028 templi
1371 1960 1721 2017 Mascalensis
1773 1962 2003 2018 habeam
2060 1980 2128 2020 ex

543 2054 706 2125 epist.
737 2051 797 2109 8.
833 2052 1081 2122 Gregorii
1112 2052 1221 2121 iam
1250 2054 1419 2123 relata
1442 2054 1879 2124 fundamentum,
1909 2059 1978 2112 ad
2019 2060 2133 2128 pri-

548 2161 690 2200 mam
734 2142 1104 2213 conjecturam
1159 2146 1332 2217 magis
1378 2146 1611 2205 Inclinat
1660 2150 1897 2208 animus.
1956 2151 2132 2220 Atque

548 2238 681 2297 hinc
701 2238 921 2308 colligo,
966 2234 1314 2309 Theophanis
1342 2243 1577 2314 patriam
1608 2243 1692 2297 vel
1742 2243 1992 2301 Mascalis
2037 2260 2135 2315 op-

548 2331 759 2400 pidum.
798 2331 881 2385 vel
917 2331 1262 2389 Tanromeuii
1300 2333 1490 2391 fuisse.
1523 2334 1585 2390 Et
1617 2336 1841 2407 quidem
1892 2339 1995 2394 hoc
2042 2353 2133 2394 se.

546 2427 785 2480 cumtum
821 2427 998 2493 potius
1020 2426 1299 2496 opinarer.
1322 2426 1433 2486 Nec
1464 2429 1610 2485 enim
1647 2432 1872 2501 impedit
1918 2447 1986 2488 eo
2045 2433 2135 2489 die

545 2532 872 2575 concursum
910 2521 1166 2579 factuma
1194 2523 1394 2595 populo
1440 2522 1909 2591 Tauromenitana
1958 2526 2014 2581 in
2077 2526 2131 2582 id

548 2610 607 2667 S.
643 2612 875 2670 Andreae
907 2617 1192 2683 templum,
1216 2630 1388 2687 eoque
1416 2620 1592 2689 etiam,
1614 2621 1936 2677 convenisse
1958 2620 2136 2677 Theo-

547 2706 927 2778 phanem.su:e
943 2708 995 2765 in
1027 2710 1082 2763 id
1114 2709 1329 2781 pietatis
1349 2725 1502 2783 ergo.
1530 2712 1666 2767 Cum
1682 2713 1826 2769 enim
1844 2730 2004 2786 supra
2024 2715 2137 2770 Ila-

551 2799 729 2857 scalas
756 2799 809 2855 id
840 2816 1005 2858 essea
1030 2801 1094 2857 D.
1117 2802 1382 2875 Gregorio
1413 2806 1646 2874 dicatur,
1672 2810 1980 2865 certeinter
2024 2810 2137 2865 Ila-

551 2894 741 2951 scalim
760 2904 816 2951 et
846 2894 1266 2955 Tauromenium
1298 2898 1460 2953 situm
1494 2898 1666 2957 fuisse
1689 2901 1846 2957 facile
1878 2912 1963 2958 est
1985 2902 2134 2972 judi-

549 3002 699 3055 care,
732 2990 977 3059 adeoque
1001 3004 1109 3046 non
1146 2997 1257 3046 tam
1288 2991 1444 3063 longe
1473 3008 1503 3047 a
1562 2992 1937 3051 Tauromenio
1989 2997 2137 3067 posi-

551 3090 663 3137 tum
696 3095 859 3151 quam
895 3081 1072 3150 ipsum
1096 3080 1349 3138 Mascalis
1375 3086 1629 3155 oppidum
1656 3099 1797 3146 erat.

713 3174 743 3249 ς
771 3174 859 3231 IV.
901 3176 1167 3231 Saeculum
1199 3193 1301 3248 quo
1332 3176 1670 3249 Theophanes
1699 3184 1966 3252 ﬂoruerit.

590 3312 593 3315 γ
624 3271 742 3328 Non
776 3283 862 3329 est
889 3288 955 3328 ex
986 3274 1242 3328 omnibus
1274 3288 1397 3344 qua:
1422 3276 1473 3329 in
1520 3277 1604 3331 his
1630 3282 1911 3345 prooemiis
1954 3283 2139 3353 dispu-

553 3375 760 3431 tantur,
792 3379 880 3421 res
917 3380 1024 3419 una
1057 3365 1260 3422 certior
1309 3376 1366 3422 et
1416 3368 1634 3439 clarior,
1668 3387 1830 3441 quam
1881 3374 2138 3429 saeculum

551 3473 662 3527 quo
688 3457 777 3513 hte
827 3464 1019 3511 auctor
1049 3457 1381 3526 exstisterit;
1443 3474 1566 3514 nam
1606 3471 1663 3516 et
1714 3462 1767 3515 iu
1821 3462 1936 3532 ipsa
1958 3466 2140 3521 saeculi

554 3547 913 3612 obscuritate,
970 3544 1064 3602 ille
1118 3555 1378 3616 tanquam
1431 3548 1613 3603 lumen
1663 3551 1879 3619 aliquod
1930 3556 2143 3610 ca'teris

556 3638 844 3695 exstinctis
898 3637 1094 3695 elucet.
1137 3638 1246 3694 Nec
1283 3654 1414 3695 vero
1473 3642 1528 3695 in
1583 3643 1685 3697 hoc
1739 3648 2004 3714 protentio
2056 3659 2145 3703 est

561 3732 694 3787 mihi
720 3731 949 3800 alicujus
978 3732 1263 3802 scriptoris
1294 3746 1473 3790 secus
1521 3736 1808 3793 sentientis
1846 3742 2145 3796 auctoritas

558 3824 847 3880 refellenda
880 3827 975 3881 sed
1005 3823 1321 3880 aﬂirmanda
1380 3827 1669 3883 multorum
1714 3841 1860 3885 recte
1899 3833 2143 3888 sentien-

559 3917 714 3972 tium.
756 3916 891 3973 Nam
920 3914 1155 3973 lacubus
1179 3916 1509 3987 lGretserus,
1554 3934 1671 3976 suc.
1704 3919 1852 3988 Iesu,
1894 3924 1961 3977 de
1997 3924 2144 3980 litte-

558 4008 703 4063 rarla
752 4008 1118 4079 universaque
1161 4023 1221 4063 re
1270 4008 1582 4066 Christiana
1630 4014 1835 4080 Optime
1894 4015 2143 4079 meritus,

561 4111 693 4157 tom.
720 4098 764 4156 ll
796 4099 871 4156 De
895 4116 1071 4166 cruce,
1109 4102 1163 4155 in
1203 4103 1350 4157 notis
1377 4104 1446 4156 ad
1476 4104 1613 4157 duas
1655 4104 1935 4160 orationes
1962 4108 2147 4163 Thro-

559 4193 755 4261 phanis
782 4192 1057 4260 Ceramei,
1084 4202 1276 4249 censet
1304 4208 1431 4249 eum
1453 4192 1705 4250 floruisse
1754 4212 1863 4266 quo
1902 4208 2145 4268 tempore

560 4288 746 4343 Sicilia
785 4287 1024 4343 nondum
1083 4294 1193 4342 tota
1246 4300 1275 4339 a
1326 4286 1618 4344 Saracenis
1669 4300 1816 4345 esset
1867 4293 2143 4348 subacta:

558 4379 703 4449 quod
730 4387 816 4435 est
844 4380 988 4434 circa
1021 4393 1221 4433 annum
1252 4377 1381 4438 900.
1428 4389 1607 4445 motus
1639 4393 1702 4433 ea
1753 4383 1964 4437 ratione
2002 4385 2143 4453 quod

558 4483 661 4525 suo
722 4468 887 4525 linem
951 4467 1219 4524 craticula
1261 4470 1515 4526 secundae
1560 4471 1635 4526 De
1690 4489 1846 4526 cruce
1899 4474 2147 4544 imploret

558 4568 749 4616 auctor
779 4573 938 4630 opem
967 4567 1023 4614 et
1051 4561 1309 4616 virtutem
1350 4562 1693 4631 imperatoris
1724 4574 1914 4619 contra
1952 4566 2149 4636 impios

558 4651 893 4717 lsmaelitas;
944 4652 1097 4717 quod
1141 4652 1283 4723 idem
1343 4651 1477 4710 facit
1529 4653 1585 4708 in
1624 4665 1763 4709 orat.
1796 4655 1874 4709 De
1920 4658 2147 4712 aduentu

560 4746 795 4814 Spiritus
828 4746 1019 4811 uncti,
1047 4746 1103 4798 iu
1131 4744 1461 4815 apostrOpba
1481 4746 1735 4814 adipsum
1757 4747 1814 4801 S.
1842 4746 2104 4816 Spiritum
2131 4766 2145 4803 :

558 4839 658 4895 Pio
689 4851 869 4894 nostra
894 4839 1225 4907 imperatori,
1256 4850 1616 4909 propugnator
1646 4842 1717 4893 sis
1748 4850 1934 4895 contra
1959 4843 2146 4909 impios

564 4936 709 5002 Agor
731 4932 901 5001 filios!
932 4935 1050 4998 eius
1092 4934 1372 4999 imperium
1418 4935 1473 4986 in
1515 4948 1643 5002 pace
1675 4944 1723 4989 et
1766 4936 2148 5006 tranquillitate

563 5042 813 5079 conserva
840 5024 863 5079 .'
887 5023 1082 5079 Creteri
1111 5022 1204 5095 qui
1232 5024 1285 5078 in
1316 5024 1455 5091 idem
1483 5025 1741 5079 sarculum
1760 5025 2145 5097 Theophanem

566 5118 872 5186 coniecere,
900 5117 968 5171 ab
991 5114 1129 5186 ipso,
1150 5116 1334 5181 credo,
1358 5130 1640 5187 sumpsere
1677 5118 1957 5176 Gretseru.
2015 5118 2147 5176 Nam

572 5212 625 5265 in
658 5209 999 5267 Bibliotheca
1024 5207 1244 5265 Patrum
1270 5224 1464 5280 magna
1479 5209 1735 5271 ,Coloniae
1762 5212 1927 5275 edita.
1956 5212 2009 5267 in
2040 5228 2147 5283 qua

569 5304 689 5359 diue
717 5299 821 5358 illae
846 5302 1126 5359 orationes
1168 5301 1237 5357 de
1266 5317 1427 5359 cruce
1456 5312 1730 5371 ponuntur
1788 5318 1906 5374 qua:
1963 5315 2093 5360 sunt
2120 5320 2148 5359 a

569 5396 829 5453 Gretsero
850 5395 1029 5459 editae,
1062 5405 1381 5451 recensetur
1402 5396 1492 5452 hic
1512 5403 1705 5453 auctor
1738 5412 1865 5452 cum
1894 5396 2148 5453 Patribus

571 5486 752 5543 saeculi
780 5485 931 5542 noni.
954 5484 1130 5556 Atque
1160 5489 1301 5542 inter
1324 5486 1566 5556 ejusdem
1593 5487 1772 5544 saeculi
1804 5488 1997 5543 Patres
2020 5504 2147 5542 eum

572 5588 898 5633 annumerat
948 5578 1264 5636 Dominieus
1314 5578 1575 5643 Gravius,
1624 5580 1833 5634 ordinis
1884 5579 2154 5633 Praedica-

574 5680 774 5737 torum,
802 5671 856 5724 in
880 5670 1020 5727 libro
1046 5670 1443 5727 Catholicartmt
1482 5672 1936 5742 prmeriptionum
1972 5674 2156 5728 adver-

576 5782 667 5820 sus
717 5765 996 5821 hereticos
1055 5767 1223 5822 nostri
1288 5770 1574 5837 temporis,
1651 5767 1741 5823 ubi
1818 5770 2152 5838 singulorum

579 5858 899 5919 suillorum
937 5858 1311 5916 recen:ionem
1354 5858 1576 5915 Patrum
1617 5857 1767 5915 facit.
1807 5858 1959 5915 Dom.
2010 5859 2152 5915 Roc-

2228 476 2368 533 chus
2426 479 2619 539 Pirrus
2672 482 2726 539 in
2757 479 2963 537 Notitia
3012 479 3269 538 Ecclesia:
3313 478 3809 537 Tauromenitanae.

2224 573 2474 641 quamvis
2503 588 2609 630 non
2632 586 2786 630 certo
2811 573 2979 630 statui
3008 589 3214 630 annum
3260 587 3424 645 posse
3478 570 3646 637 dicat,
3699 585 3809 644 quo

2225 672 2419 722 auctor
2440 666 2529 724 hic
2553 666 2855 737 scripserit,
2876 676 3060 721 tamen
3089 674 3210 735 post
3233 680 3434 718 annum
3482 662 3587 719 842
3611 661 3811 719 vixisse

2230 769 2487 831 tanquam
2523 763 2890 819 necessarium
2937 760 3146 831 colligit
3185 774 3252 817 ex
3286 757 3507 815 homilia
3552 757 3700 814 dicta
3749 757 3805 810 in

2228 851 2366 907 festo
2393 852 2483 908 die
2509 852 2868 909 restitutionis
2914 851 3015 908 SS.
3047 852 3370 920 imaginum,
3399 865 3519 922 qua
3547 848 3808 905 solemnis

2229 945 2489 999 memoria
2523 946 2768 1002 instituta
2816 956 2905 1002 est
2937 959 3082 1001 armo
3123 945 3287 1000 dicto.
3325 943 3506 1007 Atque
3559 942 3680 999 hac
3725 951 3812 998 est

2226 1047 2515 1093 auctorum
2543 1039 2639 1109 qui
2688 1047 2817 1095 ante
2859 1053 2945 1093 me
2987 1039 3260 1109 scripsere
3303 1037 3572 1093 sententia
3599 1054 3615 1099 ;
3645 1049 3808 1105 quam

2226 1147 2351 1201 ego,
2384 1144 2439 1186 ut
2477 1131 2606 1197 disi,
2645 1147 2751 1187 non
2778 1141 2887 1186 tam
2921 1146 3140 1201 sequor,
3181 1145 3343 1202 quam
3379 1145 3559 1185 veram
3590 1145 3715 1185 esse
3743 1143 3812 1184 ea

2229 1225 2350 1280 aliis
2377 1223 2726 1279 homiliarum
2752 1223 2909 1288 locis,
2947 1239 3069 1292 qua:
3099 1223 3175 1279 illi
3214 1240 3319 1279 non
3345 1222 3809 1291 legerc,,demon-

2228 1325 2363 1379 strn,
2391 1323 2447 1369 et
2474 1328 2586 1369 rem
2620 1314 2673 1367 in
2705 1323 2994 1381 angustum
3038 1315 3208 1383 magis
3246 1314 3460 1367 deduco
3489 1321 3814 1380 certumque

2230 1404 2454 1475 desiguo
2486 1417 2716 1475 tempus.
2766 1403 2833 1459 Et
2877 1418 3012 1459 sane
3063 1405 3197 1457 duos
3226 1418 3492 1459 annorum
3548 1401 3817 1457 intercur-

2231 1502 2464 1556 rentium
2490 1500 2759 1557 constituo
2790 1499 3072 1561 terminos,
3095 1500 3235 1552 intra
3264 1512 3397 1565 quos
3424 1497 3816 1567 Theophanem

2231 1590 2435 1646 vixisse
2484 1600 2691 1647 certum
2743 1591 2969 1646 omnino
3029 1605 3249 1645 censeo.
3302 1590 3523 1645 Primus
3592 1597 3679 1649 est
3726 1589 3820 1643 ille

2229 1699 2397 1752 supra
2440 1692 2662 1739 notatus
2713 1698 2889 1739 annus
2938 1683 3044 1739 ΜΞ
3103 1693 3425 1751 argumento
3464 1680 3575 1750 jam
3629 1681 3817 1748 dicto;

2231 1778 2369 1833 alter
2400 1785 2484 1832 est
2512 1792 2689 1833 anuus
2717 1792 2824 1845 quo
2858 1789 3078 1846 captum
3110 1792 3138 1828 a
3167 1773 3495 1830 Sarracenis
3519 1771 3820 1828 Taurome-

2233 1870 2382 1924 nium
2444 1867 2568 1933 fuit,
2620 1868 2764 1937 quod
2815 1868 2918 1923 sub
2972 1865 3171 1922 Leonis
3229 1864 3462 1936 imperio
3521 1863 3821 1934 contigisse

2207 1956 2395 2016 'tradit
2442 1960 2660 2031 optima:
2709 1959 2832 2016 fidei
2884 1968 3077 2014 auctor
3106 1959 3156 2012 in
3203 1957 3396 2027 primis
3426 1956 3823 2012 Constantinus

2231 2055 2773 2127 Porphyrogenneta.
2808 2054 3007 2112 Leonis
3032 2054 3201 2125 ipsius
3243 2053 3410 2116 illius,
3443 2050 3536 2106 lib.
3569 2067 3608 2106 ll
3638 2050 3821 2106 That.

2235 2149 2444 2219 imperii
2476 2148 2692 2205 Orient.
2733 2162 2895 2218 quem
2942 2147 3119 2203 locum
3156 2161 3317 2214 supra
3364 2145 3592 2200 relatum
3643 2144 3824 2199 recole

2234 2244 2263 2317 ς
2300 2243 2586 2301 ΙΡι-οωιη.
2615 2261 2653 2300 l.
2688 2242 3055 2300 Consentium
3103 2240 3346 2297 Joannes
3381 2238 3736 2310 Curopaiates
3768 2247 3825 2293 et

2233 2351 2300 2393 ex
2330 2351 2396 2393 eo
2423 2336 2663 2392 Thomas
2695 2334 2969 2400 Fazellus,
3012 2346 3067 2390 et
3107 2334 3268 2389 Dom.
3309 2331 3565 2388 Bocchus
3609 2330 3821 2387 Pinus.

2235 2431 2414 2499 Quoto
2462 2444 2593 2485 vero
2640 2427 2835 2484 Leonis
2874 2428 3142 2497 sapientis
3206 2441 3355 2481 anno
3398 2423 3825 2480 Tauromenium

2235 2533 2451 2593 captum
2470 2539 2499 2577 a
2526 2520 2841 2577 Sarraccois
2869 2520 2941 2573 sit
2957 2527 3291 2590 compertum
3318 2515 3489 2573 habeo
3506 2530 3572 2573 es
3597 2515 3825 2571 historia

2236 2633 2397 2686 quam
2433 2616 2500 2671 de
2532 2614 2796 2684 Procopio
2824 2612 3080 2685 episcopo
3111 2622 3169 2667 et
3204 2611 3367 2668 sociis
3427 2610 3483 2665 in
3537 2624 3825 2680 expugna-

2239 2710 2387 2765 tione
2415 2707 2760 2765 Tauromenli
2799 2706 3147 2762 ab‘bostlbus
3192 2705 3300 2760 illis
3342 2703 3667 2761 Christianae
3700 2700 3825 2758 ﬁdei

2240 2801 2635 2859 humanissime
2684 2800 2968 2855 trucidatis
3021 2799 3243 2869 scripsit
3275 2795 3515 2853 Joannes
3562 2796 3828 2851 diaconus

2239 2897 2499 2954 Ecclesiae
2560 2893 3015 2964 metropolitano),
3061 2892 3350 2948 occasione
3404 2905 3565 2959 quam
3623 2890 3824 2944 dicam.

2248 2990 2484 3060 Scripsit
2512 2989 2561 3044 is
2594 2988 2835 3043 libellum
2874 2986 2940 3042 de
2966 2984 3352 3040 Translatione
3385 2982 3444 3039 S.
3482 2980 3726 3039 Severini
3757 2998 3825 3039 ex

2238 3084 2465 3141 castello
2492 3079 2770 3146 Luculano
2800 3080 2854 3134 in
2908 3078 3094 3134 urbem
3144 3076 3443 3145 Neapolim,
3483 3091 3609 3146 quae
3642 3086 3830 3131 trans-

2242 3178 2371 3233 latio
2418 3176 2559 3231 facta
2607 3184 2692 3230 est
2740 3171 2990 3228 Brachiui
3054 3171 3167 3241 (alii
3216 3169 3487 3239 Abragam
3525 3169 3827 3232 nominant.

2240 3273 2336 3329 sed
2374 3287 2440 3328 ex
2492 3272 2594 3326 hoc
2643 3268 2777 3323 illud
2806 3264 3164 3337 com-ptum).
3199 3263 3625 3319 Sarracenorum
3659 3262 3827 3334 regis,

2244 3376 2413 3431 metu,
2445 3364 2560 3433 qui,
2594 3370 2812 3431 recepta
2840 3361 3119 3415 Psnormo
3134 3369 3401 3429 captoque
3429 3356 3829 3423 Tauromenio,

2246 3460 2297 3513 in
2326 3458 2638 3513 Calabriam
2687 3454 2988 3510 transmisit
3020 3453 3345 3518 exercitum,
3380 3453 3658 3523 regionem
3704 3465 3830 3506 eam

2243 3565 2462 3607 omnem
2499 3550 2733 3605 Romam
2758 3563 2929 3617 usque
2957 3562 3305 3603 excursnrus.
3346 3546 3613 3603 Prasmisit
3658 3544 3832 3615 igitur

2242 3645 2480 3715 scriptor
2539 3643 2997 3715 expugnationem
3043 3640 3393 3695 Tauromenii
3470 3638 3649 3695 libello
3703 3654 3829 3703 suo,

2242 3740 2555 3808 crdemqne
2597 3737 2794 3791 factam
2844 3734 3095 3805 Prompii
3147 3734 3421 3805 episcopi.
3452 3735 3519 3789 de
3566 3750 3673 3804 qua
3729 3748 3834 3790 nos

2244 3832 2407 3887 etiam
2453 3845 2619 3900 supra
2667 3828 2907 3884 Procrin.
2971 3828 3025 3889 I.
3075 3825 3104 3900 δ
3144 3826 3518 3883 2.llistoriam
3571 3844 3638 3883 es
3696 3842 3832 3884 mss.

2246 3924 2578 3980 membranis
2612 3922 2926 3976 monasterii
2963 3918 3066 3975 SS.
3121 3919 3370 3975 Severini
3398 3928 3454 3974 et
3501 3919 3699 3984 Sassii,
3733 3934 3835 3976 or-

2245 4018 2389 4071 dinis
2411 4017 2469 4070 S.
2500 4014 2883 4079 Beucdicli,in
2920 4014 3058 4068 urbe
3101 4010 3322 4083 Neapoli
3366 4014 3699 4084 exscriptam
3734 4030 3834 4070 no-

2244 4109 2387 4177 cepit
2438 4106 2509 4160 ab
2566 4104 2899 4159 amicissimo
2946 4116 3046 4158 suo
3102 4100 3364 4160 Octavius
3424 4104 3720 4170 Caetanns,
3774 4107 3830 4161 in

2245 4193 2969 4267 canquirendishuiusmodi
3026 4209 3205 4249 rerum
3257 4193 3603 4251 Sicilensium
3638 4211 3831 4250 monu-

2252 4292 2453 4344 mentis
2496 4288 2966 4358 diligentissimus,
3006 4294 3060 4338 et
3108 4302 3216 4355 qua
3245 4294 3368 4341 erat
3402 4288 3728 4344 auctoritate
3771 4299 3830 4345 ct

2247 4383 2503 4437 comitate
2533 4384 2674 4450 apud
2712 4381 2915 4435 amicos
2940 4380 3368 4441 ellicacissimus.
3395 4383 3474 4436 Ad
3506 4398 3641 4436 rem.
3672 4382 3835 4438 Notas

2248 4475 2341 4529 hic
2393 4474 2629 4543 scriptor
2682 4470 2922 4527 Joannes
2979 4485 3182 4527 annum
3249 4474 3461 4539 imperil
3518 4476 3717 4531 Leonis
3775 4490 3834 4531 et

2248 4565 2542 4622 Alexandri
2594 4562 2786 4619 XXIV.
2839 4564 2949 4619 Leo
2992 4573 3177 4630 autem
3218 4579 3250 4617 a
3283 4564 3443 4621 Patre
3492 4564 3691 4621 Basilio
3735 4584 3833 4638 per

2248 4658 2309 4714 S.
2375 4656 2638 4727 lgnatium
2694 4654 3061 4725 patriarchatn
3110 4668 3404 4710 coronatus
3461 4668 3548 4711 est
3601 4659 3830 4715 solemni

2248 4750 2732 4821 Thcophaniorum
2790 4747 2912 4813 die,
2977 4761 3129 4801 anno
3180 4747 3351 4816 ipsius
3408 4748 3590 4803 Basilii
3651 4754 3833 4815 tertio,

2247 4842 2455 4899 Christi
2483 4841 2608 4899 870.
2638 4839 2937 4906 eodemque
2963 4830 3272 4895 Alexander
3314 4839 3452 4893 alter
3482 4840 3835 4905 liliusallzesar

2248 4946 2488 4993 creatus.
2518 4932 2671 5002 ρυεά
2708 4930 2949 5001 prodidit
2996 4931 3321 4989 Anastasius
3363 4932 3830 5000 Bibliothecarius,

2251 5028 2345 5099 qui
2373 5027 2422 5082 ei
2480 5024 2817 5081 coronationi
2866 5023 3133 5086 interfuit,
3167 5024 3554 5094 consentitth
3592 5027 3834 5099 Curopa-

2252 5122 2407 5187 lates,
2438 5128 2501 5179 et
2524 5135 2592 5174 ex
2644 5118 2710 5172 iis
2743 5116 3006 5170 Baronius
3049 5129 3195 5171 anno
3229 5118 3375 5173 dicto
3406 5133 3424 5173 :
3460 5128 3514 5174 et
3562 5118 3835 5181 Caetanus

2249 5218 2360 5285 lam
2392 5214 2594 5269 citatus
2615 5209 2805 5265 eodem
2850 5209 3014 5263 modo
3061 5218 3332 5275 numerat,
3367 5211 3669 5284 probatque
3699 5215 3836 5271 υιιο-

2257 5311 2371 5364 rius
2426 5320 2494 5361 ex
2532 5303 2653 5359 Vita
2711 5301 2773 5356 S.
2828 5299 2958 5357 Elia
2992 5299 3285 5371 Ennensis,
3334 5320 3497 5373 quem
3549 5306 3651 5364 hoc
3694 5324 3837 5366 anno

2255 5403 2459 5458 obiisse
2487 5402 2697 5457 statuit.
2726 5398 2803 5453 Ex
2838 5398 2943 5453 hoc
2974 5398 3136 5467 igitur
3161 5410 3303 5451 anno
3327 5397 3462 5453 inita
3489 5398 3697 5455 ratione
3717 5400 3834 5456 emo

2255 5495 2401 5549 citur
2448 5490 2863 5560 expugnationis
2911 5486 3259 5543 Tauromenii
3311 5502 3487 5541 annus
3529 5488 3658 5545 893.
3704 5489 3837 5545 Cum

2258 5583 2425 5655 igitur
2475 5583 2578 5635 hoc
2627 5593 2767 5634 anno
2816 5576 3115 5647 Procopius
3160 5584 3306 5633 esset
3359 5578 3646 5648 episcopus
3687 5580 3839 5650 (quot

2260 5690 2390 5727 vero
2417 5672 2505 5727 hic
2534 5672 2691 5725 annis
2734 5666 2941 5722 rexerit
2984 5666 3498 5721 Tauromenitanam
3550 5667 3835 5723 ecclesiam

2261 5767 2582 5831 nescimus),
2633 5775 2778 5816 anno
2828 5758 3111 5814 minimum
3156 5776 3263 5815 uno
3322 5759 3557 5816 alterove
3617 5777 3839 5831 princes-

2264 5859 2403 5915 sisse
2426 5856 2812 5923 Theophanem
2841 5854 3100 5924 oportuit,
3147 5868 3335 5911 rursus
3368 5868 3489 5910 cum
3545 5852 3839 5910 Zacharias
