4104 6290
171 371 243 438 93
1131 358 1538 428 FRANCISCI
1576 351 1846 421 SCORSI
1886 347 2331 416 PROOEMIUM
2371 343 2460 425 ΙΙ.
3377 334 3453 400 οι

170 483 422 556 ejusdem
475 479 743 538 Ecclesia
786 480 1078 553 episcopus
1122 477 1433 551 reperiatur
1460 488 1634 548 usque
1689 472 1757 528 ad

169 577 360 635 Basilii
386 591 598 632 annum
628 576 682 639 t.
714 589 823 646 quo
846 572 1120 631 celebrata
1147 578 1236 629 est
1269 570 1508 643 synodus
1534 583 1660 636 vm,
1702 565 1757 621 in

171 686 281 742 qua
297 670 654 742 impmnitens
677 668 768 726 ille
783 667 1064 740 depositus
1089 665 1388 739 itidemque
1402 665 1587 721 ceteri
1610 661 1764 719 schi-

173 762 389 821 smatici
437 777 563 818 cum
604 759 801 818 Photlo
840 768 1214 824 contumaces,
1265 767 1327 815 ut
1362 756 1529 814 etiam
1592 767 1758 824 supra

170 856 555 920 disseruimus,
586 865 641 912 et
667 863 818 912 certo
845 861 1080 916 constat.
1119 851 1392 910 constabit
1413 849 1580 908 etiam
1613 849 1756 904 intra

170 949 368 1008 horum
414 962 683 1005 annorum
712 947 975 1004 ambitum
1005 944 1397 1016 Theophanem
1442 943 1759 1016 episcopum

170 1041 426 1099 ﬂoruisse
473 1040 848 1108 Tauromenii,
883 1039 1142 1097 nimirum
1187 1038 1257 1096 ab
1300 1053 1443 1094 anno
1479 1035 1666 1094 Basilii
1699 1035 1758 1105 5,

171 1151 348 1208 usque
399 1136 468 1193 ad
523 1137 724 1195 Leonis
749 1151 952 1195 annum
988 1135 1092 1204 i6;
1123 1134 1270 1193 ultra
1321 1133 1571 1205 citraque
1617 1145 1760 1203 quos

171 1233 312 1293 lines
335 1231 522 1301 egredi
569 1240 628 1290 et
670 1231 890 1305 evagari
931 1231 1092 1290 latius
1122 1243 1230 1287 non
1285 1227 1452 1286 licere
1483 1226 1640 1284 nobis
1693 1225 1760 1281 li-

170 1335 325 1400 quet.
378 1325 488 1385 Sed
537 1325 653 1398 iam
705 1327 849 1384 hanc
887 1326 1158 1387 rationem
1223 1324 1488 1398 temporis
1518 1337 1586 1378 ex
1639 1320 1764 1378 aliis

171 1422 366 1480 multis
393 1419 635 1488 indiciis,
671 1435 737 1478 ex
768 1420 1015 1490 ipsismet
1036 1417 1277 1478 homiliis
1309 1429 1609 1490 earumque
1630 1430 1761 1484 pro-

167 1517 358 1574 oemiis
388 1516 640 1575 deductis
665 1515 880 1586 planius
925 1514 1099 1574 multo
1126 1513 1586 1572 demonstremus.
1622 1511 1760 1568 Nam

169 1620 380 1682 prater
406 1625 471 1668 ea
507 1610 626 1668 loca
656 1612 768 1682 jam
799 1610 1053 1682 superius
1075 1606 1390 1674 relatu..ubi
1426 1613 1615 1663 contra
1653 1604 1762 1666 im-

167 1706 294 1772 pios
348 1705 646 1762 ismaelitas
682 1705 940 1761 virtutem
1002 1701 1321 1773 imperatori
1367 1697 1693 1771 deprecatur
1729 1714 1761 1764 ιι

168 1798 287 1855 Deo
319 1799 549 1870 (certum
575 1808 663 1861 est
687 1803 866 1854 autem
903 1795 1210 1869 legentibus
1231 1793 1533 1866 lhistorias,
1574 1791 1760 1850 Basilii

168 1902 226 1948 et
260 1890 477 1957 Leonis
515 1899 762 1960 tempore
804 1904 929 1948 cum
956 1886 1278 1947 Sarracenis
1322 1890 1378 1947 in
1424 1886 1609 1947 Sicilia
1635 1900 1763 1947 esse

169 1998 505 2056 magnopere
534 1981 946 2055 conﬂictatum),
969 1989 1055 2040 est
1077 1983 1244 2041 etiam
1265 1982 1420 2042 locus
1445 1980 1674 2054 insignis
1694 1995 1760 2037 ex

165 2079 327 2136 hom.
368 2078 448 2134 De
480 2079 740 2150 parabole
765 2095 928 2137 om
960 2078 1174 2152 (homil.
1212 2077 1360 2152 xm),
1388 2077 1444 2134 in
1477 2089 1586 2150 qua
1633 2088 1761 2135 cum.

163 2174 236 2227 (⁸⁸
277 2173 579 2244 εεηιὶιίδιιε
627 2182 834 2244 ageret,
863 2174 957 2247 qui
1010 2182 1140 2231 ante
1185 2172 1540 2246 praedicatum
1584 2168 1763 2225 Evan-

164 2268 374 2340 getinm
405 2269 654 2341 corporis
690 2269 1056 2340 voluptatibus
1101 2269 1285 2328 cuncti
1327 2267 1553 2340 penitus
1592 2264 1760 2324 dediti

163 2361 482 2432 exentplum
515 2363 682 2418 etiam
713 2378 742 2416 a
773 2361 1097 2419 Sarracenis
1130 2361 1369 2428 adducit,
1385 2359 1604 2422 ὁποίους
1620 2357 1764 2431 ὁρῶ-

166 2470 274 2523 μεν
295 2453 430 2518 τοὺς
453 2453 690 2526 ὁμόρους
727 2455 858 2526 ἡμῖν
882 2454 1187 2525 ἀπογόνους
1214 2453 1311 2510 τοῦ
1350 2450 1596 2527 Tagae).
1626 2453 1677 2508 οι
1702 2449 1760 2506 δὲ

163 2545 422 2617 Octavio;
438 2545 610 2612 ἄλλας
629 2545 745 2601 ἀντ’
769 2544 946 2603 ἄλλων
967 2549 1234 2616 γυναῖκας
1259 2545 1605 2620 ἀμείϐονται,
1627 2553 1760 2613 σω..

165 2638 477 2706 eujusmodi
510 2641 744 2695 videmus
784 2641 880 2696 Iros
913 2638 1169 2711 ﬁnitimos
1203 2639 1452 2696 ismaelis
1496 2647 1759 2711 posteros,

164 2734 260 2801 qui
282 2731 434 2788 alias
481 2733 771 2789 identidem
817 2733 941 2790 aliis
969 2741 1346 2812 permittentes
1387 2747 1600 2798 nores,
1649 2741 1760 2787 ete.

167 2827 306 2882 Cum
345 2825 613 2882 finitimos
646 2824 944 2884 lsmaelitas
965 2826 1118 2894 dicit,
1157 2835 1372 2896 oportet
1400 2838 1497 2882 eos
1521 2824 1760 2880 nondum

170 2919 533 2976 Tauromenii
579 2918 774 2986 tuisse.
818 2919 914 2976 sed
947 2919 1000 2976 in
1049 2918 1250 2988 oppido
1295 2918 1479 2991 aliquo
1503 2915 1593 2974 vel
1632 2931 1762 2973 arce

171 3014 244 3069 ibi
277 3013 482 3070 vicina.
515 3011 702 3082 Neque
730 3026 860 3069 vero
889 3011 1182 3068 verisimile
1211 3021 1296 3068 est
1328 3010 1572 3082 potuisse
1616 3008 1764 3066 chri-

169 3107 368 3163 stiana
413 3104 692 3176 religionis
730 3103 931 3161 cultum
969 3105 1044 3161 ita
1088 3105 1286 3162 ﬂorere
1327 3105 1385 3160 in
1447 3104 1583 3160 urbe
1645 3100 1762 3173 iam

171 3201 278 3258 sub
304 3200 600 3272 tyrannide
633 3199 1084 3265 [Sarracenorum
1127 3211 1388 3270 oppressa
1441 3214 1458 3254 :
1507 3196 1656 3268 atqui
1706 3194 1760 3252 in

169 3297 258 3353 his
311 3295 559 3352 horniliis
602 3292 862 3365 frequens
896 3293 955 3349 llt
1000 3291 1208 3350 mentio
1257 3291 1640 3350 celebritatum
1707 3297 1766 3346 et

165 3393 392 3449 dierum
420 3389 686 3448 festorum
716 3389 776 3448 S.
823 3391 1120 3459 Pancratii,
1156 3388 1216 3448 S.
1264 3388 1519 3464 Philippi.
1551 3387 1611 3447 8.
1645 3390 1764 3445 An-

163 3487 344 3554 dreae,
373 3486 435 3544 S.
476 3484 746 3557 Onuphrii
771 3493 828 3542 et
876 3486 1108 3541 aliorum
1139 3483 1195 3540 in
1233 3483 1440 3556 quibus
1476 3483 1596 3555 ipse
1645 3495 1766 3538 ser-

160 3595 373 3638 mones
431 3580 500 3639 ad
556 3578 814 3651 populum
877 3578 1092 3636 habuit.
1157 3574 1431 3635 Praeterea
1485 3578 1541 3634 in
1609 3575 1761 3634 hom.

166 3673 241 3729 De
273 3671 386 3730 SS.
414 3670 669 3741 apostolis
697 3667 854 3726 Petro
877 3679 927 3725 et
955 3668 1128 3726 Paulo
1155 3668 1369 3740 (homil.
1406 3670 1522 3737 LV).
1562 3671 1616 3725 in
1642 3669 1763 3740 ipso

161 3762 451 3836 prooemio
482 3762 770 3836 magniﬁce
794 3769 1027 3819 exornat
1062 3761 1327 3832 templum
1366 3761 1648 3818 conditum
1692 3761 1763 3817 ab

161 3859 515 3928 imperatore
539 3855 594 3910 in
620 3853 850 3926 palatio,
869 3853 1178 3926 Συνήδομαί
1202 3870 1311 3922 σοι,
1346 3852 1524 3920 πόλις,
1557 3853 1651 3908 καί
1682 3869 1766 3908 σοι

163 3951 281 4005 θεῖε
314 3946 437 4003 τῶν
464 3945 787 4018 ἀνακτόρων
827 3947 944 4002 val.
988 3944 1247 4001 Gratulor
1297 3943 1415 4011 tibi,
1441 3944 1672 4008 ‘cieitas.
1713 3951 1765 3998 et

163 4039 264 4094 tibi
295 4054 521 4095 sacrum
548 4035 607 4090 in
636 4032 841 4103 palatio
875 4032 1124 4102 templum
1154 4040 1403 4090 erectum.
1433 4029 1548 4089 Hoc
1581 4039 1764 4089 autem

165 4133 305 4188 illud
339 4146 468 4188 esse
499 4130 647 4202 quod
673 4144 703 4183 ο
736 4127 939 4185 Basilio
986 4124 1283 4184 lacedone
1328 4126 1612 4181 conditum
1646 4138 1766 4180 ma-

166 4225 634 4296 gniﬁcentissime
685 4220 1158 4293 Constantinopoli
1206 4220 1286 4294 (ε)
1347 4218 1554 4276 indicat
1603 4214 1763 4275 Joan.

165 4318 540 4389 Curopalates
574 4316 662 4375 his
698 4315 902 4382 verbis.
925 4329 1108 4380 nemo,
1143 4313 1332 4382 credo,
1365 4313 1470 4368 ibit
1493 4311 1708 4369 inficias
1738 4331 1754 4369 τ

167 4413 292 4470 Alia
327 4411 502 4466 multa
527 4424 683 4466 sacra
723 4407 920 4479 temple
961 4407 1018 4463 in
1062 4406 1265 4477 palatio
1305 4404 1626 4467 cdiﬁeanda
1665 4421 1759 4460 eu-

166 4507 303 4562 raeit
339 4506 392 4559 in
419 4517 607 4557 nomen
641 4499 778 4556 Elite
790 4498 1076 4570 propheta,
1103 4506 1157 4554 et
1173 4499 1421 4569 martyris
1454 4495 1760 4566 Clementis,

169 4606 216 4651 et
242 4593 552 4650 Salratoris
581 4589 783 4654 Christi
837 4598 890 4645 et
918 4590 1146 4655 apostoli
1176 4584 1349 4655 Petri,
1400 4597 1453 4645 et
1495 4588 1763 4659 Principis

170 4690 384 4744 ιιὶιὶιίω
399 4707 422 4754 ;
451 4700 675 4757 quorum
701 4683 1147 4754 pulchritudinem
1169 4683 1461 4751 exprimere
1480 4698 1544 4740 ne
1560 4685 1766 4755 poetica

171 4784 388 4852 quidem
446 4777 613 4850 possit
655 4776 1125 4847 magniloquentia.
1172 4775 1279 4844 Qui
1337 4785 1525 4833 autem
1575 4776 1768 4850 legerit

175 4870 511 4942 proemium
534 4869 683 4925 illius
716 4867 953 4924 humilia!
981 4883 1147 4940 quam
1179 4868 1444 4942 graphice
1495 4869 1626 4928 illud
1670 4885 1766 4927 eo—

177 4975 339 5021 uatus
393 4962 474 5021 sit
517 4961 853 5026 describere,
901 4969 957 5017 et
1007 4977 1276 5020 exornare
1321 4963 1636 5035 eloquentia
1665 4977 1769 5020 sue

177 5056 555 5128 Theophanes
583 5057 744 5127 plane
788 5056 1154 5125 perspexerit.
1201 5055 1322 5112 iam
1368 5054 1770 5113 Constantino-

177 5150 285 5222 poli
311 5148 608 5205 nonnullas
624 5164 691 5204 ex
720 5148 806 5204 his
827 5147 1066 5204 homiliis
1083 5147 1296 5205 habitas
1318 5150 1599 5206 ostendam
1628 5147 1773 5207 inira

178 5240 276 5311 55,
295 5239 430 5312 quid
450 5237 672 5310 quodin
696 5238 782 5294 his
798 5237 1040 5294 homillis
1061 5237 1289 5294 inﬁrma:
1299 5239 1478 5296 aetatis
1493 5253 1608 5296 sua
1625 5254 1774 5296 men-

1855 463 2193 524 Concludam
2224 462 2373 519 hunc
2398 465 2816 531 paragrapuum
2851 459 3179 528 argumento
3222 445 3455 522 palmari

1859 557 2115 631 quodque
2136 569 2250 613 rem
2273 565 2494 610 omnem
2540 547 2832 607 evidenter
2867 545 3096 605 evincit.
3126 543 3459 617 Thopbanes

1859 651 1976 720 ipse
1990 647 2243 720 quamvis
2282 659 2391 701 non
2421 641 2690 708 nominet,
2716 637 2984 698 describit
3009 647 3189 695 tamen
3218 638 3456 708 impera-

1860 755 2009 802 tores
2061 757 2162 815 pro
2197 738 2396 810 quibus
2437 739 2493 794 tu
2556 733 2866 808 perorando
2912 730 3243 804 precabatur
3282 729 3456 786 Deum

1861 837 1919 893 in
1956 837 2106 893 hom.
2133 833 2353 905 quidem
2381 830 2459 887 De
2488 828 2655 886 rantis
2675 827 2981 899 palmarum
3004 821 3220 896 (homil.
3253 818 3409 891 xxvr)
3437 837 3454 877 :

1871 923 2347 1002 Ἐπευχόμενοιτδ
2371 919 2779 996 θεοφρούρητου
2812 917 3017 992 κράτος
3059 907 3157 973 τοῦ
3193 911 3458 976 εὑσεδοῦς

1861 1023 2131 1097 βασιλέως
2156 1020 2318 1095 ἡμῶν
2343 1021 2460 1086 τοῖς
2484 1017 2621 1083 υἱοῖς
2640 1014 2810 1073 αὑτοῦ
2826 1013 3110 1082 διαμένειν
3128 1009 3455 1073 ἀσάλευτον.

1861 1117 2221 1184 εντεῑυεσθαι,
2252 1114 2352 1172 καὶ
2373 1109 2797 1170 κατευοδοῦσθαι
2819 1107 2928 1166 ὕπο
2953 1104 3093 1164 Θεοῦ
3122 1103 3221 1162 τοῦ
3243 1101 3458 1175 κοσμή-

1862 1228 2059 1280 σαντος
2120 1210 2314 1267 τοῦτον
2370 1206 2538 1281 σοφίᾳ
2593 1203 2691 1260 καὶ
2744 1200 2960 1275 ἀνδρίᾳ,
3022 1196 3122 1257 utsi
3183 1194 3452 1270 βασιλικῷ

1861 1309 2182 1383 διαδήματι.
2219 1305 2352 1376 Qua
2387 1305 2470 1360 sic
2500 1316 2602 1361 nos
2648 1300 2936 1358 vertimus.
2997 1296 3226 1356 Oremus
3265 1295 3456 1362 etiam,

1861 1415 1919 1462 ut
1967 1402 2200 1475 piissimi
2255 1398 2593 1472 imperatoris
2645 1394 2818 1453 nostri
2872 1391 3153 1462 imperium
3206 1388 3457 1446 diuinitus

1862 1496 2186 1555 custoditum
2203 1493 2335 1567 filiis
2347 1494 2509 1550 etiam
2519 1491 2635 1563 ejus
2650 1496 2960 1560 permaneat
2979 1486 3346 1541 inconcussum
3361 1499 3382 1549 ;
3397 1489 3458 1538 ut

1862 1589 2123 1659 intendat,
2147 1598 2198 1646 et
2215 1602 2462 1658 prospere
2492 1585 2591 1641 Dei
2627 1583 2794 1639 ductu
2844 1579 3118 1650 procedat,
3162 1577 3254 1649 qui
3316 1577 3458 1631 hunc

1864 1683 2146 1754 sapientia,
2188 1690 2240 1738 et
2272 1680 2611 1754 fortitudine,
2657 1684 2712 1731 et
2761 1671 3106 1743 imperatorio
3153 1669 3454 1725 diademate

1862 1777 2163 1839 exornavit.
2183 1772 2318 1830 Etin
2341 1773 2491 1828 hum.
2515 1768 2590 1825 De
2605 1765 2706 1825 SS.
2732 1764 2990 1837 apostolis
3010 1760 3225 1834 (homil.
3249 1758 3448 1832 sum):

1875 1869 2266 1932 ’Δδιαλείπτως
2308 1865 2594 1938 εὐχόμενοι
2628 1865 2688 1916 ευ
2722 1859 2945 1922 πολλοῖς
2987 1857 3130 1912 ἑτῶν
3177 1853 3455 1928 περιόδοις

1862 1964 1929 2021 sb
1976 1962 2179 2035 κράτος
2225 1955 2684 2031 διαφυλάττεσθαι
2733 1953 2832 2009 τοῦ
2876 1948 3138 2015 εὐσεϐοῦς
3187 1945 3454 2022 βασιλέως

1861 2054 2046 2128 ἡμῶν,
2072 2055 2150 2122 ὡς
2177 2051 2433 2124 εὐσεϐείᾳ
2459 2048 2562 2118 τῆς
2606 2047 2784 2121 ἀρχῆς
2821 2043 3018 2100 ῑοῦνων
3062 2041 3193 2106 τοὺς
3235 2040 3456 2106 οἴακας,

1863 2148 1960 2206 καὶ
2011 2145 2194 2219 λόγοις
2247 2142 2476 2214 κοσμῶν
2533 2140 2596 2196 εδ
2641 2138 2905 2210 διάδημα,
2968 2137 3070 2193 ttat
3123 2132 3459 2206 χρηστότητι

1863 2245 2084 2316 τρόπων
2130 2238 2512 2310 κοσμούμενος
2557 2232 2622 2300 ιε
2676 2232 2882 2304 ἀρετῆς
2915 2228 3145 2300 γνήσιον
3197 2225 3317 2298 ιχει
3360 2223 3458 2279 seu

1863 2335 2106 2392 luatvov.
2167 2331 2284 2389 Hoc
2339 2337 2424 2386 est
2463 2347 2479 2385 :
2552 2325 2623 2384 Et
2661 2327 2778 2384 sine
2830 2321 3231 2382 intermissione
3290 2316 3456 2373 Deum

1863 2445 2096 2494 oremus,
2129 2433 2187 2482 ut
2206 2441 2301 2497 per
2328 2423 2498 2479 multa
2515 2435 2780 2477 annorum
2803 2416 2984 2488 spatia
3029 2411 3120 2482 pia
3141 2407 3457 2481 imperatori

1863 2529 2046 2578 nostro
2073 2526 2344 2576 conseruet
2371 2515 2691 2587 potentiam,
2713 2512 2807 2584 qui
2843 2509 2974 2568 dum
3007 2505 3221 2564 alterum
3245 2501 3457 2574 imperii

1862 2631 1955 2686 per
1985 2615 2231 2684 pietatem
2255 2609 2467 2684 dirigit.
2491 2616 2543 2664 et
2564 2622 2685 2663 eum
2709 2619 2918 2661 morum
2948 2600 3216 2670 probitate
3232 2605 3457 2653 ornatus

1864 2707 1976 2776 ipse
1993 2706 2087 2769 sit,
2121 2713 2232 2760 tum
2265 2703 2427 2771 etiam
2446 2701 2696 2755 diadema
2720 2695 2982 2752 doctrinis
3000 2697 3250 2754 exornat.
3279 2701 3457 2745 rem

1864 2798 2250 2870 ingenuumque
2277 2792 2476 2851 obtinet
2516 2789 2755 2847 tandem.
2796 2785 2936 2856 Quis
2980 2790 3161 2841 autem
3205 2786 3316 2846 est,
3350 2777 3461 2834 ob-

1863 2901 2046 2952 secro,
2076 2886 2220 2942 alius
2267 2884 2359 2941 hic
2403 2882 2704 2951 imperator
2747 2879 2842 2950 qui
2895 2874 3166 2949 sapientia
3203 2878 3456 2932 ornatus.

1864 2985 1923 3035 et
1971 2977 2224 3044 diadema
2275 2974 2526 3031 doctrina
2581 2970 2890 3036 exornavit.
2943 2966 3048 3024 nisi
3091 2964 3226 3031 Leo.
3265 2960 3456 3019 Basilii

1865 3065 2180 3124 Macedonis
2227 3064 2392 3128 ﬁlius,
2421 3061 2518 3133 qui
2548 3059 2781 3132 Sapiens
2827 3071 2926 3114 seu
2977 3054 3345 3122 Philosophus
3385 3051 3455 3106 ah

1864 3162 2124 3221 omnibus
2176 3156 2540 3230 scriptoribus
2598 3150 3026 3225 cognominatus
3073 3157 3159 3220 est
3216 3155 3272 3203 et
3312 3145 3459 3201 inter

1864 3255 2161 3328 scriptores
2205 3249 2610 3310 ecclesiasticos
2640 3253 2960 3303 recensetnr
2986 3241 3092 3317 (ι).
3126 3238 3332 3298 lentio
3366 3237 3458 3293 in-

1863 3360 2032 3417 super
2064 3343 2304 3401 ﬁliorum
2332 3337 2706 3414 imperatoris,
2749 3348 2873 3409 qua:
2926 3333 2988 3391 iit
3039 3347 3073 3389 a
3119 3328 3459 3400 Theophane

1862 3437 2232 3509 conjecturam
2264 3432 2421 3490 valde
2468 3431 2796 3489 corroborat
2825 3446 2842 3486 :
2874 3426 3073 3486 habuit
3122 3423 3270 3482 enim
3301 3420 3461 3478 Basi-

1866 3527 1976 3592 lius
2023 3527 2244 3597 quidem
2286 3522 2528 3580 Leonem
2574 3521 2724 3578 hunc
2770 3528 2829 3578 et
2884 3517 3278 3581 Alexandrum,
3337 3513 3456 3571 Leo

1865 3619 2308 3678 Constantinum.
2336 3615 2460 3672 Alia
2487 3629 2557 3671 ex
2595 3612 2833 3670 Baronio
2872 3612 2981 3668 huc
3033 3609 3312 3666 ascribere
3363 3621 3460 3664 stt--

1865 3711 2156 3786 persedeo,
2185 3725 2253 3766 ne
2270 3707 2392 3782 plus
2411 3708 2548 3764 satis
2567 3706 2622 3762 in
2656 3707 2760 3761 hoc
2783 3702 3123 3776 paragrapho
3141 3712 3460 3758 excurram.

1874 3804 2111 3861 Notatur
2149 3811 2331 3858 tamen
2367 3798 2585 3854 interim
2611 3811 2680 3853 ex
2716 3795 3049 3852 Beilarmino
3088 3793 3142 3850 id
3166 3790 3314 3864 quod
3343 3805 3460 3846 ma.

1866 3896 2018 3951 xime
2067 3894 2135 3949 ad
2158 3888 2694 3949 commendationem
2729 3886 2903 3943 nostri
2934 3880 3290 3956 Theophanis
3317 3896 3452 3938 con-

1867 3985 2066 4042 ducit:
2102 3987 2336 4054 primum
2383 3980 2717 4038 illustratum
2750 3992 2781 4032 a
2821 3975 3004 4036 L‘eone
3057 3975 3319 4033 smculum
3353 3974 3426 4028 oh

1865 4091 2124 4142 scurum;
2149 4075 2255 4132 hoc
2282 4082 2366 4134 est
2392 4073 2447 4129 in
2477 4088 2588 4144 quo
2609 4069 2834 4141 penuria
2855 4069 3142 4125 doctorum
3164 4065 3452 4123 hominum

1868 4182 1926 4228 et
1961 4170 2290 4245 scriptorum
2319 4169 2445 4228 iuit.
2478 4165 2636 4224 Unde
2663 4164 2830 4222 etiam
2856 4163 3220 4237 Theophanes
3261 4159 3463 4217 merito

1867 4263 1959 4320 tax
1993 4263 2142 4322 illius
2193 4261 2402 4327 saeculi,
2435 4271 2497 4316 ut
2547 4259 2757 4315 dictum
2801 4268 2887 4316 est
2915 4272 2948 4313 a
3007 4272 3095 4313 me
3146 4269 3337 4327 supra,
3383 4251 3465 4318 sit

1859 4356 2260 4414 existimandus
2279 4369 2457 4426 eoque
2478 4353 2641 4410 etiam
2661 4350 2945 4408 nomineiu
2963 4349 3141 4421 pretio
3159 4346 3462 4409 habendus,

1865 4449 1896 4525 ς
1958 4447 2027 4532 νε
2075 4447 2215 4532 ον’-ς.
2257 4447 2454 4532 tacula
2501 4444 2692 4532 riserit
2749 4441 2995 4532 §p.meon-
3038 4439 3462 4532 Melap‘hrastezs.

1935 4509 2113 4590 eujusﬁ
2148 4516 2494 4588 Theophanes
2559 4509 2834 4570 sententiis
2894 4511 3067 4566 utitur
3161 4511 3229 4564 ab
3294 4509 3464 4571 ipsius

1937 4587 2267 4659 Theophanis
2301 4596 2460 4644 artato
2484 4587 2781 4658 afﬁrmatur
2812 4581 2910 4654 (e).

1939 4678 1997 4737 Si
2026 4681 2115 4739 cui
2140 4681 2209 4736 de
2251 4677 2546 4751 Symeonis
2584 4676 2967 4746 letaphrastte
2991 4676 3118 4730 ’τενο
3144 4671 3324 4729 adhuc
3353 4686 3464 4729 non

1864 4781 2012 4831 esset
2039 4781 2402 4843 compertum,
2434 4770 2520 4826 hic
2543 4767 2787 4841 proiecto
2825 4767 2895 4826 de
2919 4765 3268 4835 Theophanis
3289 4763 3463 4820 nostri

1866 4868 2102 4934 saeculo,
2143 4864 2287 4936 quod
2333 4878 2368 4921 a
2407 4861 2564 4919 nobis
2597 4869 2683 4919 est
2718 4860 3109 4922 constitutum,
3159 4856 3458 4911 etiamnqu

1868 4958 2142 5021 dubitare,
2176 4965 2508 5023 omnemque
2530 4950 2971 5008 dissertatiouem
3012 4961 3178 5016 supra
3215 4953 3458 5000 contex-

1873 5059 1981 5107 tam
2030 5046 2281 5104 rel‘ellere
2331 5052 2388 5099 et
2444 5041 2710 5099 subruere
2758 5043 2953 5098 merito
2991 5033 3183 5108 possit.
3250 5031 3464 5088 Laudat

1872 5156 1995 5197 eum
2028 5149 2310 5195 auctorem
2339 5135 2700 5205 Theophanes
2731 5131 2890 5188 modo
2927 5129 3266 5191 describens,
3299 5124 3466 5181 modo

1874 5247 2072 5289 nomen
2124 5227 2442 5299 indigitans.
2502 5228 2556 5282 in
2618 5226 2766 5280 hum.
2809 5223 2885 5278 De
2939 5220 3149 5276 Lazaro
3208 5220 3462 5274 suscitaio

178 5307 388 5388 tionem
421 5307 646 5394 ia‘cit,et
675 5338 922 5391 excusat.
954 5330 1570 5402 quominuslongiorem
1597 5331 1776 5402 possit
1875 5324 2083 5386 (homil.
2104 5337 2207 5380 xxv
2213 5331 2329 5394 μοι
2354 5321 2408 5375 in
2429 5327 2682 5389 quartum
2705 5315 3024 5371 hiatutinum
3047 5310 3254 5383 (homil.
3280 5325 3346 5364 xx
3358 5307 3460 5380 xi),

178 5421 388 5476 habere
417 5431 731 5476 sermonem
749 5436 767 5487 ;
787 5419 932 5488 quod
946 5420 1165 5488 signum
1193 5429 1279 5478 est
1306 5418 1508 5477 Leonis
1531 5431 1765 5490 tempore

1877 5416 2091 5472 Γλυκὺν
2142 5413 2540 5487 μεταφράσεων
2585 5407 2911 5480 συγγραφια
2956 5415 3147 5470 vocat;
3212 5404 3264 5457 in
3311 5402 3461 5457 bom.

192 5509 290 5568 tum
321 5511 494 5568 fuisse
513 5510 1020 5585 septuageuarium,
1038 5512 1123 5569 vel
1150 5512 1316 5568 etiam
1341 5511 1774 5586 octogenarium.

1882 5509 1939 5566 in
1961 5508 2208 5582 quintum
2236 5507 2422 5563 itidem
2446 5504 2769 5561 Matutinum
2795 5499 3004 5570 (homil.
3025 5494 3222 5564 ιίιιιι),
3246 5492 3463 5560 Συμεώ-

244 5695 325 5770 (μ)
351 5691 446 5767 ilia
481 5690 776 5743 adversatur
800 5690 1026 5754 ejusdem
1062 5689 1280 5742 humilia
1320 5686 1581 5799 inscripto
1620 5685 1672 5737 in
1720 5688 1897 5741 codice
1931 5687 2408 5751 liatriteusl,quem
2437 5695 2535 5736 non
2560 5683 2684 5733 vidit
2706 5679 2762 5732 Ρ.
2788 5679 3035 5734 Stemus:
3073 5676 3274 5742 Ἐλέχθη
3316 5673 3366 5726 ἐν
3388 5672 3461 5737 ταῖν

244 5777 284 5799 κ
309 5773 385 5799 τω
411 5756 461 5799 ἐν
477 5753 702 5799 talentm
720 5753 1071 5799 ΠΔΝΟΡΜΟΥ
1099 5758 1158 5799 τῇ
1184 5754 1325 5799 tumin
1348 5768 1445 5799 των
1495 5751 1614 5799 view
1645 5750 1951 5799 ἀποστόλων.
1985 5749 2105 5799 Vide
2135 5763 2303 5799 supra.
2323 5746 2417 5799 uol.
2447 5745 2527 5798 26.
2553 5744 2693 5799 Eutr.
2723 5741 2877 5795 Pera.

720 5753 1071 5816 ΠΔΝΟΡΜΟΥ
1099 5758 1158 5816 τῇ
1184 5754 1325 5816 lapsi
1348 5754 1445 5816 sint

1495 5751 1614 5815 vim
1645 5750 1951 5815 ἀποσιερλων.
1985 5749 2105 5804 Vide
2135 5741 2303 5815 sup-r5,
2323 5746 2417 5800 uol.
2447 5745 2527 5798 26.
2553 5744 2693 5799 Eutr.
2723 5741 2877 5795 Pera.

1099 5758 1158 5816 τι

892 5827 1015 5866 nera
1038 5817 1219 5866 omnia.
1252 5811 1508 5866 Petroloat

246 5810 324 5943 (ιζ
354 5810 539 5887 ιςοοίε
567 5810 824 5883 Sapientis
846 5814 1015 5887 Opera
1038 5810 1219 5875 omnia,
1242 5810 1576 5876 "Petrologiar,
1602 5817 1723 5863 tom.
1745 5810 1894 5868 CVII.

249 5885 301 5943 te
366 5878 488 5932 Vide
516 5877 761 5932 lenitum
785 5875 1025 5929 volumini
1051 5876 1328 5940 praeﬁxum.
1355 5870 1494 5927 Eutr.
1520 5875 1674 5926 Pars.

366 5877 488 5932 Vide
516 5870 761 5932 lenitum
785 5870 1025 5929 volu'm'iul
1051 5870 1328 5940 praeﬁxum.
1355 5870 1494 5927 Eotf.
1520 5870 1674 5926 rm.
