4104 6290
228 377 299 440 97
1213 367 1613 431 FHANCISCI
1659 367 1922 427 SCORSI
1973 369 2408 430 PliDlEMlUM
2457 370 2533 430 ll.
3427 371 3499 432 98

217 487 391 544 fuerit
440 486 638 558 (neque
674 485 841 549 enim,
879 484 1061 546 credo,
1114 499 1178 538 cx
1227 483 1482 553 operibus
1535 480 1692 534 l‘sclli
1734 479 1811 548 ju-

221 581 398 636 uioris
425 581 476 634 id
508 593 745 648 unquam
782 579 1034 634 05tcntlet
1066 576 1323 640 Vossius;
1352 590 1480 629 nam
1515 572 1808 631 attulisset.

219 675 263 729 si
323 673 624 737 habuisset)
680 683 735 727 et
782 673 828 727 si
875 671 1045 740 igitur
1095 685 1182 724 res
1237 669 1469 738 pendeat
1527 666 1706 721 adhuc
1756 667 1809 718 in

217 776 566 835 :equamento
597 774 649 820 et
701 764 900 834 dignus
941 764 1030 818 hic
1066 762 1284 818 vindice
1325 762 1581 815 videatur
1613 761 1807 821 nodus,

218 859 431 913 accedit
458 860 568 928 jaut
603 859 746 914 velut
780 859 888 911 ἀπὸ
914 857 1163 928 μηχανῆς
1195 855 1225 908 ὁ
1261 854 1416 918 Θεὸς,
1447 851 1809 920 leeOphancs

221 951 332 1010 hic.
383 951 474 1019 qui
508 949 745 1004 Baroniu
775 962 827 1004 et
863 948 1190 1003 Bellarmino
1224 947 1374 1002 litem
1423 943 1715 1013 atljutlicvl.
1754 951 1807 995 οι

215 1055 408 1095 eorum
453 1042 660 1110 judicio
714 1050 924 1096 tantum
970 1039 1224 1107 ponderis
1273 1039 1456 1103 addat,
1506 1044 1567 1090 ut
1608 1035 1676 1090 de
1719 1049 1804 1096 eo,

220 1134 412 1200 reique
443 1133 674 1187 veritate
696 1132 809 1203 jam
844 1147 949 1186 non
983 1131 1056 1185 sit
1085 1129 1318 1198 amplius
1351 1128 1622 1197 integrum
1651 1125 1804 1179 dubi--

221 1231 362 1278 tare.
391 1223 527 1276 Cum
563 1224 709 1277 enim
750 1223 1027 1290 superiore
1070 1220 1096 1291 ς
1135 1219 1223 1274 lV'.
1257 1220 1596 1288 apertissime
1623 1227 1808 1271 osten-

220 1327 340 1364 sum
367 1313 460 1376 sit,
492 1311 878 1378 Theophanem
915 1311 1059 1365 hunc
1089 1311 1410 1364 Ceramenm
1442 1307 1807 1375 archiepisco-

222 1420 348 1472 pum
391 1401 906 1457 Tauromenitanutu
955 1401 1204 1456 ﬂoruisse
1243 1399 1341 1454 sub
1382 1398 1583 1451 Basilio
1623 1396 1801 1450 Mace-

218 1498 382 1558 done.
416 1506 470 1550 et
505 1495 688 1549 Leone
719 1495 836 1564 ejus
877 1493 988 1547 lilio
1012 1496 1104 1563 qui
1137 1508 1261 1548 cum
1294 1491 1458 1546 Patre
1490 1492 1655 1560 cmpit
1700 1492 1803 1544 im-

220 1603 438 1656 perare,
469 1597 528 1641 ut
559 1586 693 1651 dixi,
718 1601 861 1640 anno
889 1585 1019 1652 870,
1055 1585 1369 1655 planissime
1395 1585 1558 1638 etiam
1589 1589 1802 1637 constet

222 1678 549 1750 Symeonem
587 1678 1006 1746 Metaphrastem
1030 1689 1158 1733 ante
1187 1694 1310 1731 eum
1336 1677 1624 1739 claruisse.
1648 1678 1802 1731 adeo-

221 1786 330 1839 que
366 1771 679 1825 Michaelcm
717 1771 953 1825 Pscilum
976 1771 1093 1840 ejus
1120 1770 1504 1826 encomiastem
1535 1769 1804 1840 antiquio-

220 1876 338 1912 rem
387 1860 534 1911 illum
586 1857 771 1924 fuisse,
817 1875 922 1913 non
967 1858 1260 1926 juniorem,
1316 1860 1393 1913 uti
1442 1858 1705 1912 Baronius
1749 1867 1803 1912 et

219 1949 583 2005 Bellarminus
629 1951 919 2018 ca-terique
969 1950 1266 2004 doctissimi
1315 1951 1610 2020 scriptores
1653 1948 1802 2017 judi-

217 2051 437 2095 t-arunt.
472 2039 578 2096 Nec
602 2041 712 2109 jam
747 2043 905 2097 video
939 2057 1046 2108 qua
1093 2042 1305 2096 ratione
1339 2057 1445 2095 non
1480 2042 1640 2096 modo
1668 2049 1803 2096 teta-

222 2147 334 2189 tcm
383 2133 730 2205 Theophanis
782 2137 836 2189 in
871 2135 1096 2190 dubium
1139 2136 1402 2199 revocari,
1448 2134 1541 2191 sed
1587 2148 1649 2188 ea
1688 2132 1802 2202 jam

221 2229 361 2282 satis
386 2242 657 2296 superque
688 2226 976 2292 afﬁrmata,
1007 2243 1110 2298 qua
1140 2229 1349 2282 ratione
1371 2228 1541 2297 possit
1570 2226 1803 2297 ampl’us

219 2322 290 2374 de
338 2321 455 2390 ipsa
491 2319 870 2390 Metaphrasta:
907 2332 1071 2376 mtate
1116 2321 1465 2375 controverti.
1508 2317 1624 2372 Jam
1655 2320 1800 2373 enim

221 2430 284 2468 ex
321 2414 443 2468 luce
475 2429 635 2482 quam
677 2413 991 2483 TheOphani
1032 2414 1244 2480 damus,
1278 2415 1360 2467 {ax
1395 2414 1578 2467 itidem
1616 2415 1799 2466 eadem

223 2521 390 2576 opera
424 2507 644 2574 pt‘a‘lala
681 2507 892 2562 ridetur
923 2508 974 2560 in
1009 2514 1154 2560 tanta
1182 2505 1512 2560 obseuritate
1544 2503 1798 2573 Symconi

221 2597 622 2666 “emptu-asta}.
657 2595 839 2666 Neque
876 2611 1005 2650 vero
1034 2595 1258 2651 Gilberti
1293 2594 1625 2651 Genebrardi
1661 2596 1802 2666 judi-

218 2691 365 2741 cium
416 2688 467 2742 in
515 2703 611 2744 sua
657 2688 1017 2758 (llirouologia
1056 2701 1270 2742 morere
1317 2687 1426 2758 jam
1479 2688 1672 2756 debet;
1707 2689 1798 2757 qui

217 2781 366 2833 circa
411 2795 613 2835 annum
655 2781 780 2847 700,
816 2782 928 2834 \‘ttlt
965 2781 1162 2834 vixisse
1186 2780 1640 2850 Metaphrastem:
1675 2796 1798 2833 nam

220 2873 324 2927 hoc
374 2872 558 2926 itidem
605 2873 865 2939 judicium
918 2875 1085 2943 ipsius
1117 2884 1238 2941 est;
1288 2890 1460 2944 ncque
1490 2876 1654 2927 ullum
1682 2874 1800 2945 ejus

222 2964 300 3018 rei
366 2976 745 3033 argumentum
813 2964 1009 3032 affert;
1091 2967 1232 3036 quod
1297 2976 1472 3021 tamen
1532 2966 1796 3034 judicium

218 3055 412 3107 eodem
473 3054 738 3111 refellitur
793 3059 952 3113 modo
1006 3075 1111 3129 quo
1164 3057 1338 3114 Vossii
1399 3061 1567 3116 multo
1621 3063 1799 3114 minus

225 3148 543 3216 llospiniani
586 3151 732 3204 illius
788 3150 1095 3206 Calvioistae
1137 3151 1428 3206 convitium
1503 3152 1684 3222 potius
1736 3167 1800 3207 ac

223 3239 476 3294 delirium
524 3241 578 3293 in
623 3239 1067 3311 Metaphrastem,
1114 3259 1274 3314 quam
1319 3260 1505 3298 sanum
1536 3244 1796 3313 judicium

218 3335 405 3386 valere
436 3334 614 3398 debet,
650 3335 742 3403 qui
790 3336 938 3388 illum
985 3337 1150 3390 raise
1186 3336 1456 3392 lririalem
1487 3333 1799 3392 Constanti-

222 3426 407 3495 nopoli
467 3426 573 3479 lmli
649 3425 1002 3497 magistrum,
1070 3429 1476 3484 mendaciorum
1545 3429 1799 3499 legendas

225 3519 540 3585 scripsisse,
589 3533 689 3572 nec
741 3519 971 3589 amplius
1023 3521 1090 3572 ab
1143 3521 1269 3576 hinc
1316 3521 1560 3577 ducentis
1614 3522 1795 3591 viginti

220 3612 388 3664 annis
420 3609 658 3665 vixisse:
694 3625 816 3666 eum
859 3613 1004 3664 enim
1039 3615 1171 3665 satis
1212 3614 1486 3681 redarguit
1524 3624 1578 3669 et
1609 3614 1798 3669 irridet

214 3700 514 3755 Gretscrus
559 3701 816 3769 opusculo
863 3701 1031 3768 dicto,
1077 3703 1312 3759 maxime
1352 3720 1420 3760 ex
1464 3721 1529 3760 eo
1570 3707 1708 3776 quod
1743 3707 1796 3760 in

215 3793 458 3847 concilio
485 3790 796 3849 Florentino
822 3809 958 3850 sess.
982 3812 1079 3862 νει,
1113 3797 1194 3852 bis
1225 3813 1419 3870 magno
1441 3813 1563 3853 cum
1593 3798 1798 3857 honore

214 3884 472 3938 laudetur
503 3885 737 3956 Symeon
783 3886 1196 3957 Hetaphrastes.
1243 3889 1333 3943 Sic
1370 3891 1512 3943 enim
1552 3891 1800 3944 Andreas

214 3975 390 4029 l'hodi
437 3978 635 4043 pmori
676 3975 894 4034 Gnaeos
923 3979 1243 4050 alloquens:
1290 3979 1356 4034 In
1396 3982 1583 4048 primis
1635 3982 1798 4052 igitur

215 4066 453 4137 Symeon
475 4066 861 4135 Metaphrastes
882 4073 1065 4126 testi-2's
1088 4074 1140 4126 in
1168 4073 1414 4128 Ecclesiis
1436 4075 1796 4129 celeberrimus

213 4159 473 4223 art-edat;
522 4169 578 4213 et
623 4173 760 4217 sese.
805 4161 992 4218 eadem
1025 4163 1164 4217 idem
1202 4180 1214 4218 :
1253 4161 1478 4233 chatur
1509 4164 1601 4220 ille
1633 4167 1722 4235 qui
1762 4183 1794 4220 a

212 4251 358 4305 rabie
400 4252 639 4320 quotidie
685 4253 879 4322 legitur
927 4259 982 4309 in
1025 4252 1298 4322 Ecclesiis,
1340 4255 1564 4326 ngeatt
1618 4256 1791 4311 Meta-

211 4345 483 4404 plarastes.
533 4343 708 4398 Locus
746 4355 926 4401 autem
975 4346 1234 4417 legendus
1287 4359 1405 4403 erat
1454 4365 1522 4404 ex
1560 4349 1680 4405 Vita
1729 4348 1788 4404 S.

215 4434 462 4506 ltionysii
488 4433 846 4506 Areopagum,
886 4437 941 4490 in
974 4453 1081 4506 quo
1113 4438 1500 4507 Metapbrastcs
1529 4437 1790 4510 Spiritqu

210 4536 466 4580 sanctum
514 4541 581 4581 cx
627 4525 788 4583 Patre
832 4538 883 4584 et
939 4524 1080 4582 Filio
1120 4530 1413 4598 procedere
1461 4541 1646 4600 aperte
1694 4531 1790 4585 ait.

211 4621 489 4673 l‘razterea
539 4616 806 4690 Josephus
849 4618 1218 4676 Methonensis
1267 4623 1552 4693 episcopus
1602 4635 1793 4679 contra

213 4712 446 4765 Marium
490 4712 846 4780 Epltesinum,
877 4713 1100 4785 Symeon
1139 4732 1305 4771 novas
1349 4715 1658 4786 Theologus,
1706 4719 1797 4787 qui

209 4816 256 4856 τοι
307 4803 723 4873 Μριαριιναεωε.
770 4807 850 4862 Ex
904 4808 1100 4877 quibus
1149 4809 1566 4864 auctoritatibus
1621 4810 1796 4875 arguit

213 4895 614 4965 tlospiniauum
673 4895 1006 4963 Gretserus,
1064 4903 1206 4972 quod
1267 4902 1358 4974 qui
1418 4903 1470 4956 in
1536 4899 1795 4959 Ecclesiis

216 4989 536 5046 Gnecorum
568 4990 952 5048 celeberrimus
995 4990 1179 5056 fuerit,
1218 5001 1272 5049 et
1312 5005 1520 5048 tantum
1571 4995 1796 5050 auctori-

216 5082 342 5137 tatis
367 5092 588 5148 nactus,
617 5097 722 5136 non
751 5084 983 5153 potuerit
1009 5098 1130 5139 esse
1159 5084 1581 5156 Iudimagistere
1609 5087 1791 5153 trivio,

215 5190 388 5244 neque
431 5188 568 5229 vero
611 5175 855 5230 ducentis
887 5183 1016 5232 ante
1044 5176 1204 5232 annis
1249 5178 1484 5244 vixisse;
1514 5193 1675 5248 quam
1706 5179 1792 5233 illa

213 5269 417 5322 diceret
474 5265 870 5336 ﬂospinianus,
916 5282 1038 5322 eum
1087 5268 1375 5325 concilium
1425 5269 1792 5325 Florentinum

213 5359 546 5413 celebratum
570 5356 640 5411 sit
663 5372 806 5411 anno
840 5357 993 5423 M39,
1019 5360 1122 5416 hoc
1137 5354 1220 5415 est
1237 5363 1363 5416 ante
1382 5375 1555 5416 annos
1576 5373 1791 5417 centum

213 5451 489 5520 octoginta
524 5460 660 5516 tres,
707 5451 951 5522 adeoque
985 5451 1302 5508 incredibile
1343 5453 1591 5510 videatur
1625 5452 1793 5510 Meta-

218 5543 490 5608 pbrastem
523 5550 636 5597 tam
664 5558 928 5614 nuperum
960 5555 1160 5599 tantam
1179 5547 1558 5602 auctoritatem
1583 5546 1795 5604 tantillo

219 5647 454 5706 tempore
475 5635 768 5706 acquirere
790 5639 1049 5707 potuisse.
1077 5647 1135 5690 ut
1166 5652 1226 5693 ea
1256 5637 1459 5696 Grzrcis
1482 5641 1535 5695 in
1562 5641 1793 5698 concilio

1918 485 2257 536 t‘ﬂt'lllthiiit‘O
2283 498 2383 535 una
2415 498 2536 537 cum
2569 479 2798 536 velut‘itis
2831 479 3083 535 l’atribus
3111 491 3493 552 opponet-clm.

1919 572 2058 643 chc
2088 576 2237 640 p’nra
2265 581 2454 627 contra
2484 573 2872 642 lluspinianum
2909 575 3048 642 apud
3080 573 3255 643 ipsum
3287 572 3498 628 Gretse-

1918 680 2057 717 rum.
2092 663 2278 732 Neque
2304 666 2469 718 alium
2501 662 2619 732 lego
2643 664 2734 732 qui
2758 672 2943 717 contra
2974 672 3183 717 multem
3213 663 3500 734 Sytttcmtis

1919 776 1946 806 τι
1977 758 2398 825 ιιυιιὶε,ι›(,εἰιειιι
2427 755 2726 825 scripserit.
2749 755 2880 808 Nam
2907 755 3050 823 quod
3074 756 3150 810 ait
3179 753 3497 810 Theodorus

1917 844 2168 899 llalsamo
2195 849 2247 898 in
2281 861 2404 904 can.
2434 845 2524 910 65,
2554 845 2745 916 synodi
2770 843 2966 909 ΤΙ-1111..
2992 845 3079 898 ubi
3108 844 3176 898 tie
3204 859 3495 898 secernen-

1915 939 1999 990 dis
2037 937 2281 990 historiis
2309 947 2361 990 ct
2392 940 2528 991 actis
2571 945 2880 990 sanctorum
2919 935 3248 1006 apocryphis
3290 950 3319 988 a
3353 934 3495 990 νει-ἒξ

1913 1027 2222 1082 decernitur
2249 1046 2262 1079 ε
2297 1028 2472 1095 Χάρις
2495 1027 2678 1080 τοίνυν
2701 1025 2779 1095 τῷ
2806 1027 3087 1098 μακαρίτῃ
3115 1027 3492 1096 Μεταςραστῇ

1910 1119 1990 1190 τῷ
2046 1120 2113 1173 τὰ
2167 1120 2481 1191 μαρτυρικὰ
2529 1118 2664 1173 ὡσεὶ
2711 1118 2816 1188 τῆς
2867 1118 3133 1189 ἀληθείας
3191 1118 3495 1189 σκάμματα

1911 1211 2122 1274 πολλοῖς
2141 1213 2345 1274 πόνοις.
2371 1214 2466 1265 καὶ
2495 1210 2685 1282 ἱδρῶσι
2715 1209 3194 1278 κατακαλλύνοντι,
3217 1211 3294 1271 si;
3324 1209 3496 1280 ὕμνον

1909 1304 2072 1366 Θεοῦ,
2103 1305 2197 1357 καὶ
2233 1303 2394 1368 δόξαν
2436 1302 2798 1369 αἰωνιζουσαν
2828 1303 2941 1357 τῶν
2972 1302 3144 1371 ἁγίων
3177 1301 3490 1373 μαρτύρων.

1909 1396 2095 1450 Gratia
2142 1397 2317 1466 itaque
2365 1394 2433 1449 Β.
2483 1394 2862 1464 Betaphrasta:
2906 1396 3179 1460 habenda,
3228 1393 3367 1462 quod
3410 1409 3493 1448 res

1906 1495 2198 1557 martyrum
2234 1498 2489 1558 tanquam
2529 1489 2764 1542 veritatis
2794 1486 2967 1558 fossas
2994 1503 3098 1540 non
3130 1486 3241 1542 sine
3272 1482 3475 1539 labori-

1909 1581 2005 1635 bus
2037 1591 2086 1634 et
2111 1580 2394 1635 sudoribus
2429 1579 2732 1652 repurgauit
2762 1588 2811 1633 et
2847 1579 3128 1633 exornavit
3153 1576 3224 1631 ad
3250 1576 3347 1630 Dei
3371 1578 3492 1631 latt-

1910 1672 2030 1726 dem
2085 1679 2136 1726 et
2189 1669 2295 1726 SS.
2351 1680 2649 1740 martyrum
2700 1685 2975 1738 perennem
3029 1669 3278 1739 gloriam.
3339 1666 3494 1734 Hoc,

1913 1765 2158 1829 inquam.
2192 1770 2392 1816 nostra:
2413 1760 2527 1830 jam
2556 1760 2842 1815 illustrataa
2865 1761 3148 1815 sententia:
3172 1773 3280 1814 non
3305 1757 3492 1823 oﬂleit,

1911 1857 2158 1921 quamvis
2193 1854 2280 1908 Itic
2312 1853 2464 1908 locus
2489 1853 2732 1923 obiectus
2772 1851 2902 1906 mihi
2933 1851 3006 1907 sit
3035 1852 3090 1906 in
3116 1851 3343 1920 epistola
3378 1849 3491 1919 pri-

1913 1956 2036 1999 rata
2078 1944 2149 1998 ab
2177 1945 2396 1998 homine
2425 1943 2741 1998 doctissimo
2781 1942 3073 1997 Societatis
3110 1953 3332 2008 nostra,
3365 1956 3490 1996 cum

1910 2039 1978 2092 de
2026 2038 2127 2091 hac
2163 2051 2221 2090 re
2266 2052 2360 2107 per
2410 2035 2620 2090 litteras
2666 2035 3107 2103 disputaremus;
3147 2033 3236 2089 cui
3283 2034 3497 2087 videtur

1911 2129 2161 2182 Balsama
2193 2129 2259 2182 de
2291 2125 2654 2196 Metaphraste
2687 2135 2745 2179 ut
2777 2139 2983 2194 nupero
3028 2126 3294 2193 scriptore
3323 2124 3490 2193 loqui.

1912 2223 2143 2290 Scripsit
2171 2231 2350 2276 autem
2379 2220 2628 2275 Balsamo
2647 2219 2733 2273 ille
2759 2217 3140 2274 scltismaticus
3159 2226 3214 2271 et
3237 2215 3497 2271 Romanae

1911 2314 1996 2370 inf
2027 2332 2154 2370 usus
2183 2316 2441 2371 Ecclesim
2479 2313 2695 2386 Georg‘i
2741 2312 3003 2384 Xipbilini
3038 2313 3358 2381 patriarcha:
3383 2311 3490 2367 (2P.

1911 2417 2181 2477 tempore,
2231 2409 2318 2462 cui
2365 2408 2632 2463 dedicavit
2661 2422 2797 2475 opus
2843 2422 3021 2472 suum,
3055 2405 3147 2474 qui
3184 2402 3492 2475 Xipltilitms

1911 2514 2052 2552 anno
2109 2498 2239 2554 H91
2291 2501 2481 2554 sedere
2533 2499 2698 2565 etrapit
2740 2515 2754 2551 :
2794 2496 2881 2551 illa
2926 2497 3071 2550 enim
3119 2495 3307 2558 verba,
3359 2496 3491 2566 quid

1909 2591 2087 2644 obstat
2114 2591 2401 2660 quominus
2445 2593 2513 2645 de
2556 2590 2943 2662 Metaphraste,
2977 2590 3188 2647 etiamsi
3237 2591 3494 2646 trecentis

1911 2683 2032 2753 plus
2078 2694 2204 2738 ante
2249 2684 2409 2738 annis
2456 2684 2673 2748 vixerit,
2729 2683 3127 2754 intelligamus?
3165 2683 3303 2750 Quid
3346 2685 3491 2738 enim

1911 2775 2054 2829 aliud
2109 2775 2340 2828 intendit
2394 2773 2642 2830 Balsamo
2669 2790 2830 2845 quam
2865 2790 3003 2845 opus
3033 2775 3179 2828 illius
3216 2788 3492 2828 commen-

1908 2867 2062 2930 dare,
2111 2867 2202 2935 qui
2254 2875 2568 2920 sanctorum
2603 2874 2722 2922 acta
2768 2880 2799 2920 a
2842 2864 3037 2921 fabulis
3086 2869 3153 2921 ad
3209 2867 3488 2922 veritatem

1912 2956 2190 3012 traduxit?
2238 2957 2402 3027 bujus
2452 2969 2629 3012 autem
2681 2959 2757 3015 rei
2812 2962 3196 3028 sempiternam
3255 2971 3376 3012 esse
3432 2968 3490 3012 et

1904 3059 2145 3111 manere,
2181 3046 2378 3101 nedum
2408 3056 2527 3114 post
2562 3055 2836 3102 trecentos
2861 3060 3030 3100 annos
3057 3046 3283 3116 gratiam
3315 3045 3484 3102 Meta-

1901 3139 2140 3207 phrastae
2171 3139 2369 3209 perire.
2401 3134 2486 3192 fas
2512 3148 2616 3194 est.

1903 3274 1933 3349 ἓ
1977 3276 2064 3332 Ἣ.
2089 3305 2159 3317 --
2190 3270 2504 3349 Explicuit"
2536 3273 2811 3349 511909:le
2841 3271 3073 3327 hostilia:
3109 3270 3266 3327 dicta:
3299 3271 3486 3327 Domi-

2394 3346 2517 3395 ttica
2542 3343 2628 3397 die
2656 3340 2995 3397 Palinurum.

1912 3457 2140 3528 Ἐλὲχοη
2171 3458 2229 3511 δὲ
2260 3455 2494 3528 ἐνώπιον
2521 3455 2614 3508 τοῦ
2643 3456 2812 3528 pars;
2840 3453 3048 3528 ΔῬέτου
3081 3454 3487 3528 (α),Αειᾼεοηβι·τ

1972 3523 2148 3651 mutuli
2177 3527 2345 3597 magis
2372 3528 2515 3580 dicta
2541 3523 2798 3581 sententia
2817 3524 2881 3580 de
2907 3523 3232 3593 Theophanis
3248 3524 3489 3582 (ἔω-αι)ιεὶ

1969 3615 2103 3654 mea
2135 3617 2183 3653 υ.

1972 3717 2074 3774 'l'ot
2116 3715 2434 3781 luminibus,
2468 3730 2587 3783 qua:
2627 3714 2693 3770 ad
2730 3713 3126 3771 ostendendum
3162 3728 3273 3782 quo
3299 3711 3483 3768 Theo-

1900 3811 2106 3880 phanes
2129 3825 2246 3863 atro
2271 3806 2576 3875 scripserit,
2609 3805 2884 3876 aﬂ’ulgcnt.
2920 3805 3073 3860 nobis
3103 3820 3240 3859 umts
3273 3803 3484 3859 videtur

1899 3903 2184 3956 obstruere
2232 3899 2436 3968 paries,
2475 3906 2530 3953 et
2558 3898 2716 3954 oculo
2751 3898 2928 3952 minus
2957 3897 3025 3950 ad
3053 3896 3484 3965 perspiciendum

1899 4005 2060 4049 acqu
2089 3993 2368 4046 nllunvlere
2411 3989 2685 4047 tenebras.
2717 3986 2823 4044 Ubi
2862 3989 3009 4044 enim
3053 3988 3105 4042 in
3144 3986 3366 4041 humilia
3407 3987 3484 4042 De

1900 4087 2062 4140 ramis
2090 4082 2408 4138 Palmarum
2432 4080 2641 4153 (bomil.
2667 4083 2818 4151 xxvr)
2843 4079 3108 4150 adjectam
3126 4079 3270 4134 illam
3299 4079 3487 4148 legerit

1899 4185 2105 4240 nolam,
2142 4173 2299 4228 Dicta
2336 4187 2455 4228 vero
2489 4181 2566 4227 est
2599 4189 2776 4226 coram
2827 4187 2944 4242 rege
2978 4172 3124 4241 Rogo
3166 4171 3268 4244 (sic
3296 4171 3484 4228 Gneca

1903 4267 1955 4320 in
1991 4265 2346 4334 inscriptione
2388 4261 2664 4333 praemissa
2710 4273 2930 4329 sonant,
2971 4274 3031 4319 nt
3060 4263 3227 4320 semel
3257 4264 3481 4336 dicant),

1898 4355 2117 4425 Rogcrii
2155 4356 2297 4425 regis
2336 4363 2599 4422 tempore,
2637 4353 2729 4424 qui
2761 4368 2790 4407 ε
2824 4351 3211 4409 Nortltmannis
3253 4355 3480 4424 primus,

1900 4447 2128 4505 devictis
2186 4447 2461 4516 pulsisque
2501 4443 2865 4511 Sarraeenis,
2921 4446 2974 4499 in
3028 4445 3213 4503 Sicilia
3272 4448 3477 4514 regium

1901 4555 2095 4595 nomen
2159 4546 2214 4594 et
2261 4552 2518 4594 coronam
2571 4537 2673 4591 sibi
2735 4537 3026 4607 imposuit,
3079 4539 3276 4593 dictam
3336 4539 3479 4592 illam

1897 4630 2369 4694 existimabitpet
2410 4643 2509 4699 pro
2560 4627 2847 4696 Ῥογερίου
2884 4627 3187 4698 compendii
3246 4643 3409 4683 causa
3450 4647 3479 4682 a

1897 4725 2162 4792 scriptore
2220 4720 2502 4791 positum,
2552 4717 2770 4786 'Péyou.
2831 4716 2899 4772 Et
2944 4717 3173 4787 ingenue
3230 4718 3480 4788 equidem

1900 4815 2097 4880 fateor,
2157 4811 2303 4867 illam
2360 4809 2768 4880 inscriptionem
2824 4808 2958 4863 mihi
3020 4823 3269 4878 magnum
3328 4809 3482 4863 initio

1903 4905 2116 4962 dedisse
2165 4903 2477 4974 negotium;
2524 4913 2578 4958 et
2619 4903 2685 4958 de
2725 4900 3076 4972 Theophanis
3112 4900 3310 4955 steculo
3342 4916 3480 4968 pra»

1897 5009 2112 5069 ceptam
2177 4996 2491 5068 opinionem
2562 5010 2668 5049 non
2729 4993 2999 5050 exemisse
3067 4994 3314 5062 quidem,
3387 4995 3480 5047 sed

1909 5091 2310 5153 inobscurasse,
2348 5088 2605 5157 auxitque
2635 5088 2772 5142 hanc
2806 5085 3201 5141 dubitationem
3243 5086 3483 5140 auctori-

1905 5192 1988 5237 tas
2031 5180 2094 5236 P.
2143 5181 2334 5237 Jacobi
2382 5180 2690 5246 Sirmundi,
2738 5177 3043 5241 eruditione
3080 5177 3310 5248 insignis
3356 5178 3478 5239 viri,

1901 5277 1992 5345 qui
2023 5273 2321 5332 sciscitanti
2362 5274 2494 5329 mihi
2539 5287 2634 5342 per
2665 5271 2948 5341 epistolam
3000 5269 3275 5340 reSpondit
3319 5269 3391 5323 ita
3423 5283 3481 5323 se

1907 5365 2088 5436 legere
2132 5374 2186 5420 et
2214 5364 2438 5420 omnino
2473 5361 2784 5417 verosimile
2815 5359 2983 5413 videri
3025 5358 3344 5414 Cerameum
3373 5358 3480 5414 lto.

1900 5475 1982 5530 get
1999 5458 2036 5512 ii
2080 5465 2322 5526 tempore
2364 5454 2628 5511 ﬂoruisse.
2675 5453 2782 5508 Sed
2829 5451 2972 5507 enim
3012 5451 3225 5507 tandem
3263 5466 3324 5508 re
3350 5466 3482 5506 exa-

1908 5551 2073 5616 gitata
2106 5549 2192 5605 diu
2238 5549 2586 5617 studioseque
2613 5546 2880 5611 discussa,
2922 5544 3107 5601 clavus
3142 5545 3232 5600 hic
3258 5545 3349 5616 qui
3385 5543 3477 5600 ditt

1900 5642 2106 5697 inlisus
2134 5639 2311 5708 hmsit,
2340 5650 2393 5695 et
2417 5640 2548 5695 mihi
2578 5649 2631 5694 et
2660 5637 2719 5695 Ρ.
2751 5638 3045 5697 δίαιιιυηιιο
3075 5653 3169 5709 per
3190 5649 3479 5711 sequentes

278 5775 344 5834 (ιι)
376 5774 492 5823 Γοά.
523 5770 732 5846 hia-irit"
783 5785 932 5846 qizetn
961 5773 1015 5823 Ρ.
1040 5774 1260 5846 βοοκ-ειη
1301 5789 1396 5823 non
1423 5777 1540 5846 vidit
1568 5778 1798 5846 τ-ξομέλὶα

1932 5780 2018 5837 τήν
2063 5779 2346 5844 Βαῖοφὸρον.
2372 5779 2574 5842 Ἐλέχθη
2618 5783 2665 5829 ἐν
2693 5786 2751 5845 τῇ
2793 5780 3108 5846 ΠᾹΧΟΡΜῼ
3134 5783 3200 5838 εἷς
3222 5783 3308 5840 τὴν
3333 5781 3474 5838 λιτὴν

220 5851 442 5898 πεισθείη
465 5838 554 5886 τοῦ
582 5840 743 5898 amo;
778 5838 847 5885 tLl.
874 5837 1014 5886 Joan.
1040 5838 1254 5890 ἴτω-ιο.
1288 5850 1434 5898 supra
1460 5840 1554 5889 col.
1581 5837 1818 5893 SOCEoI-r.
1848 5843 2001 5892 Ριτιι.
