4104 6290
628 378 701 443 99
1630 380 2036 443 FBANCISCI
2075 380 2342 443 SCOllSI
2381 382 2825 447 PROGSMIUM
2859 384 2939 446 ll.

630 490 894 565 epistolas
921 489 1031 548 alio
1057 500 1315 549 extrusus
1348 498 1434 549 est
1463 491 1659 559 clavo;
1689 491 1784 547 sed
1806 490 1921 563 jam
1946 506 2057 547 rem
2086 507 2216 563 pro-

626 588 749 657 pius
802 585 1187 657 disquiramus.
1241 582 1531 642 Enimvero
1578 587 1626 643 si
1678 600 1786 642 non
1852 584 2044 655 Ῥόγου
2076 622 2095 651 ,
2158 594 2217 642 ut

629 688 810 737 exstat
870 679 929 736 in
994 678 1269 749 plerisque
1337 693 1471 735 mss.
1548 678 2046 744 bibliothecarum,
2120 678 2216 734 sed

637 768 923 842 Ῥογερῐου
972 768 1245 841 integrum
1291 784 1489 827 nomen
1534 772 1908 843 prescriptum
1951 779 2097 829 esset
2119 771 2217 829 hoc

630 861 817 931 miliae,
851 877 963 921 non
983 864 1183 932 statim,
1197 877 1227 918 e
1248 864 1517 946 sententia
1538 862 1826 936 dejicercr,
1851 864 1947 920 sed
1970 878 2215 921 errorem

624 957 857 1030 alicujus
895 956 1215 1029 posterioris
1247 955 1350 1011 aevi
1383 954 1599 1013 librarii
1633 971 1942 1024 censerem,
1973 957 2069 1028 qui
2092 972 2214 1013 cum

624 1049 833 1107 videret
852 1052 913 1106 in
943 1050 1213 1121 prooemio
1239 1048 1475 1105 homilic
1507 1047 1837 1106 mentionem
1855 1048 1975 1106 ﬁeri
1996 1049 2092 1105 τοῦ
2113 1048 2215 1121 βα.-

625 1143 824 1209 σιλιως
861 1152 917 1200 et
961 1152 1244 1199 auctorem
1294 1145 1353 1199 in
1399 1141 1589 1199 Sicilia
1630 1156 1915 1201 sermones
1954 1144 2216 1203 habuisse

623 1237 814 1303 sciret,
855 1251 966 1293 non
1006 1234 1176 1291 alium
1214 1251 1381 1307 quam
1416 1234 1713 1309 Bogerium
1761 1251 1885 1294 esse
1917 1236 2072 1294 illum
2119 1236 2216 1294 τδν

623 1330 883 1403 βασιλέα,
940 1345 1115 1403 regem
1175 1327 1340 1385 facile
1391 1330 1573 1401 potuit
1634 1329 1893 1402 opinari;
1942 1340 1999 1388 et
2048 1330 2215 1387 sicuti

626 1422 874 1481 assolent
909 1420 1080 1479 facile
1116 1422 1501 1493 pronuntiare,
1544 1424 1637 1495 qui
1671 1438 1846 1495 pauca
1886 1424 2211 1496 respiciunt,

623 1516 679 1573 id
710 1527 971 1586 tanquam
1012 1526 1228 1573 certum
1253 1516 1557 1573 ascribere.
1581 1516 1701 1585 Qua
1741 1519 1955 1575 ratione
1992 1532 2211 1590 possem

623 1609 773 1666 illam
829 1608 1244 1681 inscriptionem
1297 1609 1375 1665 uti
1421 1610 1665 1682 spuriam
1704 1619 1761 1667 et
1806 1611 2211 1688 supposititiam

624 1703 857 1776 rejicere
904 1719 971 1761 ac
1014 1702 1462 1776 parvipendere:
1505 1706 1813 1778 praesertim
1844 1720 1968 1762 cum
2005 1719 2115 1761 non
2154 1705 2210 1761 in

620 1798 879 1855 omnibus
935 1799 1162 1855 omnino
1194 1798 1479 1856 codicibus
1537 1812 1675 1855 mss.
1724 1798 1961 1871 legatur,
2015 1797 2112 1853 sed
2168 1811 2200 1853 a

620 1890 842 1947 duobus
871 1888 1174 1946 Gallicanis
1217 1889 1383 1955 absit,
1414 1889 1494 1947 uti
1536 1889 1760 1959 scripsit
1802 1889 1870 1945 ad
1906 1902 1994 1946 me
2026 1890 2088 1945 P.
2117 1884 2213 1945 Ja-

619 1981 794 2037 cobus
835 1979 1167 2039 Sirmundus
1207 1980 1280 2039 de
1321 1996 1434 2054 quo
1479 1982 1644 2053 paulo
1673 1998 1841 2054 supra
1873 1984 2209 2041 mentionem

624 2076 749 2130 feci.
781 2074 888 2132 Sed
912 2075 1215 2147 recipiatur
1233 2090 1370 2132 sane
1395 2082 1455 2130 ut
1477 2075 1729 2147 antiqua,
1763 2077 2209 2148 quandoquidem

627 2171 682 2222 in
718 2170 973 2239 plurimis
997 2186 1159 2239 mss.,
1196 2168 1483 2227 Vaticanis
1502 2169 1744 2236 duobus,
1772 2170 2058 2228 Gatlicano
2079 2185 2209 2241 uno,

622 2263 897 2320 Escuriali
938 2278 1050 2322 uno
1091 2280 1111 2319 :
1156 2272 1214 2321 et
1275 2262 1436 2321 iidem
1477 2262 1723 2321 debitam
1774 2280 1911 2325 mss.
1941 2266 2109 2320 etiam
2152 2265 2213 2321 in

619 2357 837 2413 caeteris
867 2356 1035 2415 rebus
1068 2356 1259 2414 haberi
1283 2356 1503 2429 postulo
1538 2374 1557 2413 :
1587 2341 1685 2413 sed
1706 2358 1783 2412 ita
1807 2356 2102 2427 recipiatur
2132 2358 2212 2414 uti

622 2450 833 2521 scripta
870 2460 981 2517 est,
1041 2448 1233 2521 Ῥόγου
1283 2466 1393 2507 non
1439 2449 1747 2521 Ῥοτιρῐου.
1778 2448 2000 2519 Quanto
2027 2460 2208 2508 autem

622 2540 809 2599 minus
838 2540 1060 2607 valebit,
1107 2549 1170 2598 ut
1215 2556 1305 2599 me
1335 2541 1403 2600 de
1435 2543 1707 2601 sententia
1752 2542 2009 2601 deturbet
2031 2541 2210 2615 Rogus

622 2630 717 2688 ille
747 2648 847 2691 rex
888 2634 1183 2700 barbarus,
1230 2641 1287 2691 et
1334 2649 1568 2707 prorsus
1602 2636 1941 2708 incognitus.
1988 2652 2091 2694 nec
2139 2639 2209 2693 ab

626 2722 744 2779 ullo
794 2724 1131 2795 scriptorum
1181 2724 1439 2792 traditus,
1490 2737 1617 2780 cum
1656 2740 1727 2780 ne
1762 2724 2031 2795 liogerius
2069 2725 2207 2796 ipse.

624 2816 708 2873 uti
730 2815 867 2885 dixi,
898 2817 1127 2882 valeret,
1156 2818 1459 2886 prasertim
1493 2831 1621 2874 cum
1650 2816 1805 2873 nulla
1846 2816 2050 2873 alicubi
2091 2830 2211 2873 cer-

620 2920 784 2965 natur
828 2911 1043 2981 atljecta
1077 2910 1279 2968 lineola
1302 2926 1426 2982 quae
1460 2912 1848 2983 compendium
1880 2910 1964 2967 vel
2009 2910 2205 2967 cil'ram

621 3000 802 3071 signet
846 3015 995 3067 esse,
1042 3002 1126 3057 sic
1183 3001 1375 3073 Ῥόγου
1429 3016 1529 3073 pro
1576 3001 1885 3076 Ῥογερίου.
1938 3001 2048 3059 Sed
2088 3001 2205 3073 jam

622 3091 771 3148 illam
838 3092 1209 3150 convellamus
1266 3110 1298 3150 a
1356 3094 1736 3153 fundamentis
1798 3102 1858 3154 et
1920 3095 2207 3152 machinas

622 3184 1036 3242 admoveamus.
1092 3185 1341 3243 Primum
1412 3197 1800 3260 argumentum
1861 3194 1946 3244 est
1986 3186 2210 3243 ratioci-

625 3279 777 3335 natio
836 3278 1168 3350 paragrapbi
1222 3279 1569 3352 superioris,
1624 3294 1747 3351 quae
1793 3278 1932 3336 satis
1994 3280 2211 3335 videtur

619 3371 902 3428 evidenter
962 3371 1299 3430 concludere
1364 3370 1759 3445 Theophanem
1817 3387 1967 3429 nono
2034 3386 2208 3443 eoque

618 3460 859 3521 obscuro
888 3464 1092 3522 vixisse
1112 3465 1314 3522 secqu
1344 3465 1450 3522 sub
1482 3465 1688 3523 Basilio
1706 3475 1761 3522 et
1785 3464 1969 3523 Leone
1996 3466 2205 3536 impp.;

620 3558 918 3612 secundum
971 3566 1060 3613 est
1107 3556 1227 3627 ipsa
1266 3557 1667 3631 archiepiscopi
1729 3557 2081 3616 Tauromenii
2123 3557 2211 3613 di-

617 3646 821 3718 gnitas,
871 3660 979 3717 qua
1016 3657 1139 3702 erat
1183 3656 1416 3704 ornatus
1465 3660 1662 3705 auctor
1714 3649 1825 3717 hic,
1896 3662 1954 3707 et
2013 3631 2210 3705 auctor

620 3754 963 3797 sermonum.
1013 3754 1122 3810 quo
1154 3748 1399 3813 tempore
1433 3754 1543 3797 eos
1585 3744 1651 3797 ad
1687 3742 1945 3812 populum
1966 3752 2023 3800 et
2051 3743 2208 3813 prin-

621 3833 795 3903 cipem
842 3831 1103 3889 habebat.
1165 3833 1268 3890 Ubi
1310 3847 1440 3890 vero
1493 3833 1711 3907 Rogerii
1760 3836 1905 3909 regis
1965 3846 2210 3908 tempore

621 3923 1150 3982 Tauromenitanum
1208 3924 1529 3997 episcOpum
1584 3926 1856 3995 floruisse,
1895 3927 1981 3985 vel
2038 3929 2206 3984 etiam

623 4015 795 4075 fuisse
843 4018 899 4074 in
951 4017 1139 4074 Sicilia
1172 4019 1296 4090 quis
1332 4019 1554 4086 dixerit,
1583 4019 1670 4077 vel
1704 4020 1928 4086 lectum,
1958 4021 2045 4077 vel
2097 4030 2213 4077 tra-

623 4110 821 4179 ditum,
867 4110 1030 4169 modo
1070 4112 1422 4169 historiarum
1467 4113 1725 4181 lectione,
1789 4129 1856 4171 ac
1900 4114 2207 4185 praesertim

623 4202 996 4261 Siciliensiu'm
1050 4219 1235 4262 rerum
1304 4205 1585 4276 paululum
1625 4206 1702 4264 sit
1755 4205 2039 4264 imbutus?
2085 4206 2208 4265 Una

622 4296 697 4354 sit
743 4297 879 4353 satis
932 4295 1001 4353 ad
1051 4312 1176 4353 eum
1236 4298 1547 4368 negandum
1599 4302 1905 4358 auctoritas
1959 4301 2208 4359 Gaufridi

622 4387 929 4446 Malaterrte
972 4391 1251 4459 monachi,
1303 4391 1506 4447 oculati
1547 4393 1705 4451 testis
1750 4408 1942 4450 eorum
1995 4410 2116 4466 qua:
2149 4396 2209 4452 in

624 4482 813 4537 Sicilia
873 4497 903 4535 a
928 4479 1323 4539 Northmannis
1375 4490 1529 4555 gesta
1564 4494 1716 4555 sunt,
1752 4485 1956 4558 quique
1987 4486 2209 4545 Ilatbil-

622 4575 730 4643 dis,
781 4573 1002 4647 Rogerii
1057 4577 1286 4641 sororis,
1318 4576 1474 4645 jussu
1506 4592 1693 4635 earum
1750 4578 1995 4637 confecit
2038 4582 2213 4638 histo-

622 4668 789 4737 riam,
843 4682 965 4739 quai
1008 4677 1210 4739 exstat,
1267 4670 1388 4749 rudi
1439 4669 1782 4742 barbaroque
1819 4673 1967 4744 stylo
2008 4687 2207 4730 eorum

621 4759 783 4831 plane
847 4769 1154 4830 temporum
1227 4764 1454 4834 scripta,
1508 4772 1568 4841 et
1626 4764 1891 4837 impressa
1950 4775 2084 4825 tom.
2137 4765 2210 4824 Ill

624 4850 900 4921 llispauite
938 4853 1229 4912 “lustrata
1262 4854 1364 4926 (a).
1398 4855 1543 4919 Dus.
1579 4856 1775 4928 inquit,
1800 4856 2061 4914 Robertus
2115 4876 2209 4916 co-

623 4960 831 5015 mesque
886 4941 1148 5017 Rogerins
1203 4947 1381 5012 adepti
1428 4946 1755 5005 Panormus
1772 4950 2047 5006 ecclesiam
2071 4968 2201 5008 san-

619 5036 873 5092 ctissima
921 5035 1019 5089 Dei
1067 5033 1351 5091 Genitricis
1379 5034 1593 5105 Harite,
1626 5054 1747 5111 qua
1792 5042 2087 5112 antiquitas
2120 5059 2211 5098 ar-

621 5126 1041 5196 chiepiscopatus
1064 5125 1265 5195 fuerat,
1314 5132 1407 5181 sed
1429 5139 1555 5183 tunc
1582 5130 1647 5183 ab
1680 5132 1858 5199 impiis
1887 5129 2205 5188 Sarracenis

632 5220 830 5276 uiolata
890 5219 1145 5288 templum
1193 5222 1587 5291 superstitionis
1630 5238 1815 5279 eorum
1871 5223 2021 5293 facta
2071 5236 2209 5292 erat,

624 5324 749 5364 cunt
802 5325 997 5379 magna
1029 5311 1303 5366 ductione
1355 5314 1755 5368 reconciliatam
1788 5316 1911 5370 dote
1946 5326 1998 5371 et
2045 5333 2215 5373 orna-

625 5409 819 5463 mentis
862 5408 1239 5465 ecclesiastieis
1273 5421 1493 5481 augent.
1538 5413 1992 5483 Archiepiscopus,
2014 5416 2105 5486 qui
2144 5416 2209 5469 ab

624 5497 801 5571 impiis
866 5501 1101 5572 dejectus
1129 5503 1186 5557 in
1240 5518 1473 5574 paupere
1519 5504 1741 5560 ecclesia
1785 5504 1977 5561 Sancti
2004 5506 2213 5577 Cyriaci

630 5591 868 5660 quamvis
898 5592 1142 5659 timidus,
1181 5596 1395 5651 natione
1410 5592 1649 5661 (ἔπειτα,
1667 5597 1869 5651 cultum
1888 5596 2212 5653 Christiana:

634 5684 901 5755 religionis
957 5702 1057 5757 pro
1106 5704 1259 5757 posse
1280 5692 1689 5761 exsequebatur,
1718 5703 2017 5746 revocantes
2053 5694 2209 5747 resti-

3801 382 3905 445 100

2318 505 2497 552 tuunt.
2531 493 2657 551 llaec
2686 493 2998 550 Malaterra.
3048 491 3149 562 Qui
3189 508 3323 550 sane
3366 509 3489 551 cum
3527 503 3637 551 tam
3671 494 3879 567 dilige"

2319 593 2422 649 ter,
2456 599 2645 640 eorum
2674 596 2975 655 temporum
3005 576 3475 649 factn'describat,
3522 586 3567 642 si
3604 587 3728 655 quis
3757 586 3903 641 alius

2317 676 2386 731 ab
2432 676 2521 732 illa
2572 679 2730 734 clads
2761 676 3047 734 incolumis
3085 678 3352 734 evasisset
3372 678 3685 749 episcopus,
3706 678 3902 733 dicere

2314 779 2465 827 certe
2515 784 2625 825 non
2676 767 2993 835 omisisset;
3042 768 3380 824 meminisset
3411 769 3578 822 etiam
3613 766 3733 835 ejus
3751 764 3905 821 Tho-

2318 878 2438 920 mas
2473 860 2744 929 Fazellus,
2781 862 3062 936 studiosus
3110 863 3346 932 scriptor
3412 876 3592 916 rerum
3634 859 3904 916 Sicilien-

2315 956 2504 1013 sium:
2558 956 2691 1028 quin
2766 956 2933 1012 etiam
2964 954 3120 1011 Dom.
3181 951 3435 1010 Bocchus
3489 951 3701 1019 Pirrus,
3741 950 3908 1024 cujus

2314 1049 2419 1106 hoc
2456 1049 2631 1119 ipsum
2685 1047 2788 1104 fuit
2831 1046 3141 1106 inslitutum
3186 1046 3520 1118 perscrutari
3550 1056 3604 1102 et
3632 1046 3687 1100 in
3717 1045 3900 1101 lucem

2312 1141 2546 1212 prodere
2600 1140 2853 1196 notitiam
2884 1139 3261 1212 episcoporum
3289 1140 3533 1195 omnium
3564 1148 3904 1207 temporum,

2315 1234 2607 1305 omnisque
2656 1233 2880 1301 Sicilia,
2939 1235 2987 1290 si
3051 1233 3270 1305 aliquod
3321 1233 3390 1288 de
3427 1232 3903 1289 Tauromenitana

2312 1327 2571 1399 episcopo
2602 1328 2671 1384 ad
2726 1328 2947 1401 Rogerii
2992 1331 3135 1401 regis
3185 1337 3431 1399 tempora
3466 1328 3767 1398 superstite
3796 1326 3904 1383 ali-

2312 1421 2441 1478 cubi
2496 1421 2759 1493 scriptum
2810 1434 2935 1477 esse
2995 1421 3311 1491 reperisset,
3346 1420 3679 1491 evulgasset.
3721 1418 3901 1489 Cujus

2311 1530 2413 1589 ego
2475 1530 2598 1572 cum
2631 1515 2960 1573 sententiam
2995 1515 3064 1571 de
3110 1516 3212 1571 hac
3245 1530 3325 1577 re,
3356 1524 3553 1585 praeter
3581 1527 3702 1569 eam
3730 1526 3903 1581 quam

2310 1610 2379 1666 de
2424 1608 2630 1679 scripto
2692 1607 3013 1681 protulerat,
3056 1606 3183 1665 viva
3230 1621 3363 1662 voce
3416 1620 3718 1679 rogassem,
3745 1619 3902 1659 som-

2313 1700 2467 1756 niare
2533 1712 2657 1753 esse
2712 1698 3015 1767 respondit,
3086 1698 3192 1753 hoc
3256 1695 3493 1767 Opinari.
3563 1695 3634 1750 At
3690 1695 3906 1751 dixerit

2278 1836 2287 1842 .
2310 1794 2508 1867 aliquis
2530 1811 2546 1847 :
2568 1792 2625 1849 Si
2654 1800 2936 1866 superstes
2962 1805 3065 1848 non
3098 1789 3205 1846 fuit
3229 1792 3518 1861 episcopus
3543 1787 3901 1844 Tauromenii

2310 1890 2378 1946 ad
2423 1899 2696 1960 receptam
2753 1903 2786 1945 a
2840 1888 3131 1946 Saracenis
3193 1885 3466 1951 Siciliam,
3521 1883 3897 1955 redintegrari

2308 1985 2462 2037 certe
2497 1979 2676 2052 potuit
2716 1986 2778 2035 ut
2819 1980 3003 2035 caeteri
3057 1976 3127 2033 ab
3152 1977 3268 2047 ipso
3298 1973 3532 2046 Rogerio
3564 1973 3771 2029 comite
3794 1982 3897 2026 aut

2311 2088 2481 2148 rege:
2533 2083 2590 2130 et
2646 2074 2753 2130 hoc
2796 2086 2983 2143 quato
3035 2071 3179 2127 unde
3238 2069 3492 2125 habeant.
3554 2065 3691 2123 Nam
3747 2079 3894 2139 quas

2309 2170 2688 2239 episcoporum
2741 2167 2901 2223 sedes
2964 2166 3049 2220 vel
3084 2163 3423 2221 restituerint
3457 2162 3542 2217 vel
3593 2162 3903 2217 constitue-

2310 2260 2424 2316 rint
2471 2260 2741 2316 ltobertus
2778 2258 2911 2325 dux,
2970 2272 3033 2314 ac
3099 2255 3367 2329 Rugerius
3425 2269 3610 2311 comes
3659 2263 3718 2310 et
3776 2269 3899 2321 rex,

2310 2351 2586 2422 proditum
2634 2351 2865 2423 legimus
2905 2350 2976 2407 ab
3043 2350 3160 2423 ipso
3217 2348 3505 2412 Gaufrido.
3564 2347 3897 2415 Maurolico,

2310 2444 2546 2502 Fazellio
2584 2456 2642 2502 et
2672 2446 2794 2502 aliis
2832 2444 3198 2517 scriptoribus
3250 2462 3265 2501 :
3332 2459 3459 2500 nam
3490 2442 3901 2500 Panormitanm

2311 2539 2571 2598 Ecclesiae
2593 2554 2622 2595 a
2646 2537 3038 2596 Northmanuis
3072 2536 3339 2594 fratribus
3354 2536 3706 2592 Nicodamum
3731 2550 3898 2593 suum

2311 2635 2419 2707 (sio
2444 2634 2589 2691 enim
2632 2633 2964 2704 appellatum
3005 2633 3236 2702 legimus
3261 2647 3385 2688 eum
3419 2631 3896 2703 archiepiscopum

2311 2728 2382 2783 de
2435 2741 2545 2798 quo
2578 2740 2745 2797 supra
2781 2723 3078 2781 Gauiridus
3144 2739 3254 2780 non
3298 2738 3562 2795 expresso
3630 2725 3897 2793 nomine)

2314 2835 2508 2891 magna
2576 2833 2701 2874 cum
2757 2817 2938 2889 populi
2995 2815 3361 2887 gratulatione
3411 2816 3769 2873 restitutum:
3832 2819 3900 2873 ab

2313 2914 2433 2985 ipso
2460 2925 2592 2968 vero
2643 2910 2878 2981 Rogerio
2925 2910 3124 2965 comite
3159 2907 3465 2981 Troynensi
3493 2906 3755 2966 Ecclesia
3777 2907 3893 2965 Ro~

2313 3008 2529 3064 bertum
2562 3004 2903 3075 prafectum,
2947 3018 3108 3073 quem
3157 3009 3281 3071 post
3326 3000 3614 3056 Menanam
3647 3008 3901 3058 transtu-

2313 3097 2423 3162 lit;
2482 3096 2855 3166 Agrigentina
2906 3093 3231 3159 Gerardum,
3281 3107 3483 3164 genere
3536 3092 3899 3166 Allobroges.

2310 3190 2635 3247 Mazarienzi
2702 3187 3093 3260 'Stephanum,
3156 3185 3652 3259 Rotomagensem;
3729 3185 3898 3243 Cata-

2312 3283 2805 3355 nensiAngerium,
2843 3281 3205 3351 Syracusana
3227 3280 3590 3351 Stephanum.
3622 3280 3900 3339 Melitensi

2310 3377 2655 3435 Gaufridum.
2719 3376 2979 3447 Reliquos
3030 3377 3258 3432 thronos
3293 3391 3323 3431 a
3381 3375 3734 3444 sequentibus
3809 3389 3902 3432 re-

2312 3474 2470 3544 gibus
2511 3484 2724 3529 erectos
2766 3486 2891 3528 esse
2945 3470 3178 3533 scimus.
3208 3470 3679 3540 Cephaludensem
3708 3485 3740 3523 a
3792 3469 3903 3526 Ro-

2311 3568 2460 3638 gerio
2481 3580 2626 3637 rege,
2645 3565 2841 3621 Montis
2863 3563 3131 3637 Regalis}
3161 3562 3438 3618 Willelmo
3468 3561 3532 3630 ll,
3576 3559 3900 3619 Pactensem

2310 3658 2475 3716 etiam
2529 3658 2698 3713 multo
2758 3666 2899 3727 post,
2938 3655 3203 3737 Bonifacii
3266 3652 3381 3710 Vill
3421 3664 3688 3723 tempore,
3733 3664 3903 3725 atque

2310 3754 2476 3809 etiam
2533 3751 2887 3821 Liparensem
2935 3758 3180 3806 creatos.
3209 3749 3387 3819 Atque
3416 3748 3473 3804 hi
3508 3745 3691 3803 throni
3720 3761 3903 3819 usque

2311 3845 2380 3900 ad
2445 3858 2685 3915 praesens
2754 3851 2969 3914 tempus
3022 3841 3080 3898 in
3125 3841 3312 3901 Sicilia
3365 3847 3608 3896 manent.
3656 3839 3810 3911 Ergo
3857 3838 3901 3895 si

2311 3935 2808 3994 Tauromenitanus
2835 3939 3171 3993 instauratus
3192 3950 3224 3991 a
3256 3933 3493 4007 Rogerio
3521 3948 3648 4003 rege
3672 3930 3901 3999 fuisset,

2312 4031 2366 4087 id
2424 4028 2624 4101 aliquis
2679 4030 2919 4100 scriptor
2970 4029 3254 4085 memoria:
3293 4026 3651 4099 prodidisset.
3716 4026 3815 4083 Vel
3852 4027 3899 4083 si

2312 4122 2437 4194 quis
2482 4122 2537 4179 id
2597 4123 2953 4192 pertinaciter
3007 4124 3324 4188 contendat,
3396 4119 3562 4177 debet
3608 4122 3901 4176 ostendere

2314 4229 2424 4285 quo
2468 4223 2731 4286 tempore,
2765 4230 2874 4285 qua
2916 4229 3102 4281 causa,
3134 4228 3243 4285 quo
3264 4227 3398 4269 casu
3432 4212 3724 4283 episcopus
3757 4213 3901 4266 Tau-

2312 4304 2543 4361 romenii
2598 4320 2719 4362 esse
2749 4304 3020 4362 desierit:
3070 4305 3261 4377 dequo
3295 4306 3500 4360 mirum
3536 4304 3681 4373 apud
3704 4316 3898 4359 omnes

2315 4396 2614 4454 silentium.
2669 4396 2972 4455 Fatendum
3030 4399 3198 4470 igitur
3252 4407 3358 4463 est,
3393 4412 3503 4453 una
3548 4408 3677 4453 cum
3733 4396 3900 4454 libero

2317 4498 2426 4545 tate
2461 4500 2517 4547 et
2572 4488 2805 4563 imperio
2860 4490 2917 4546 in
2982 4488 3758 4553 Sicilia-orientalicecidisse,
3795 4502 3895 4545 nec

2312 4595 2555 4654 unquam
2601 4592 2868 4641 erectum.
2936 4580 3093 4640 Unde
3151 4582 3274 4638 luce
3328 4580 3631 4639 meridiana
3691 4582 3896 4639 clarius

2311 4684 2398 4732 cst
2460 4672 2848 4745 Theophanem
2892 4676 3363 4747 archiepiscopum
3428 4673 3532 4731 sub
3583 4673 3789 4732 Basilio
3845 4680 3899 4729 et

2313 4766 2495 4824 Mone
2536 4765 2902 4826 Tauromenio
2952 4777 3009 4826 et
3056 4775 3338 4839 postremo
3392 4769 3702 4840 proximum
3747 4782 3890 4839 pra:-

2313 4864 2525 4935 fuisse;
2561 4876 2617 4924 et
2662 4867 2985 4937 perturbato
3032 4867 3261 4925 exsinde
3296 4865 3502 4924 Sicilia
3554 4876 3701 4925 statu
3723 4870 3893 4927 nemi-

2314 4974 2440 5013 nem
2498 4966 2760 5030 prteterea
2778 4974 2955 5030 usque
3007 4960 3076 5016 ad
3114 4961 3231 5017 hate
3281 4944 3523 5029 tempora
3578 4961 3753 5019 fuisse
3780 4960 3894 5019 sul-

2313 5051 2540 5108 fectum.
2593 5052 2769 5124 Pergo
2808 5056 2875 5111 ad
2930 5055 3151 5109 tertium
3200 5064 3610 5125 argumentum,
3637 5059 3894 5128 quamvis

2310 5142 2422 5211 jam
2463 5145 2629 5201 dictis
2687 5154 2981 5204 contentus
3002 5146 3184 5216 quivis
3221 5162 3345 5205 esse
3391 5156 3599 5219 posset.
3628 5147 3733 5216 Qui
3759 5163 3889 5205 con-

2318 5238 2468 5293 venit
2509 5235 2795 5306 inscriptio
2848 5237 2946 5293 τοῦ
3001 5239 3175 5312 sum
3248 5254 3372 5297 cum
3416 5239 3487 5297 iis
3517 5254 3641 5311 qua:
3700 5242 3757 5295 in
3784 5241 3894 5312 ipsa

2315 5329 2538 5384 bomilia
2590 5330 2870 5398 dicuntur,
2950 5330 3008 5387 in
3063 5345 3170 5402 qua
3232 5331 3489 5405 βασιλεὺς
3542 5333 3891 5405 appellatur:

2313 5423 2467 5490 cujus
2519 5424 2828 5491 praesentia,
2876 5439 3037 5494 quam
3084 5441 3249 5494 uuae,
3282 5426 3481 5498 inquit,
3516 5429 3675 5482 timeo
3704 5436 3757 5483 et
3774 5442 3897 5483 cou-

2314 5516 2555 5570 tremisco
2611 5522 2806 5572 sudore
2846 5531 3113 5587 aspersus,
3178 5534 3368 5588 pavore
3408 5529 3718 5590 occupatus,
3762 5535 3896 5575 reae-

2313 5608 2489 5662 rentia
2545 5607 2813 5674 detentus,
2859 5622 3080 5681 psseutc
3121 5614 3327 5677 anima.
3362 5623 3581 5669 nutante
3632 5623 3825 5679 tuente,
3850 5620 3893 5666 et

2318 5697 2661 5757 subsultante
2696 5702 2878 5771 corde,
2900 5703 3189 5763 intercluso
3214 5708 3376 5764 etiam
3405 5707 3546 5764 cocis
3570 5723 3722 5775 sono,
3761 5704 3894 5779 quod

694 5870 770 5939 ta)
803 5869 1112 5943 Patrologite
1130 5868 1334 5948 Latine,
1356 5881 1477 5932 tum.
1498 5874 1704 5934 CXLIX.
1732 5877 1891 5931 Locus
1910 5877 2092 5933 citatus
2112 5885 2280 5935 exstat
2300 5885 2397 5936 col.
2424 5884 2563 5936 uss.
