4044 6284
241 416 327 479 ὶῦῗι

247 535 337 601 jam
365 534 413 582 in
454 529 580 597 ipso
623 527 867 583 concilio
920 525 1150 594 depositi
1179 535 1230 580 et
1260 523 1616 589 exauctorati,
1657 521 1824 577 fuisse

256 630 606 689 nihrogatum.
665 622 710 674 Α
764 636 874 688 quu
938 627 1114 673 autem
1173 633 1292 672 eam
1364 609 1822 672 consecrationem

252 715 522 784 acceperit,
556 730 586 767 a
634 713 892 783 pontitice
949 709 1207 774 Romano,
1248 724 1275 762 a
1309 724 1415 776 quo
1469 705 1666 762 Sicilia:
1707 706 1823 775 cpi-

249 809 381 875 scopi
431 807 501 861 ab
550 805 712 860 initio
754 801 1026 868 Ecclesim,
1076 813 1259 870 utpote
1329 801 1584 856 Romanm
1622 799 1825 855 dioece-

246 902 335 964 εἰς,
390 899 636 953 ordinari
712 904 1127 956 consueverant,
1194 909 1260 947 an
1324 893 1454 958 CP.,
1506 893 1719 947 videtur
1774 894 1826 944 in

251 989 459 1047 dubium
516 989 762 1045 revocari
800 1003 957 1057 posse
989 987 1055 1040 ab
1085 985 1150 1040 iis
1189 988 1278 1054 qui
1311 985 1364 1038 in
1410 987 1626 1054 antiqua
1660 984 1829 1038 histo-

257 1085 326 1134 ria
365 1097 429 1136 ac
497 1080 807 1149 prmsertim
859 1078 974 1146 ejus
1033 1077 1292 1147 temporis
1354 1077 1721 1131 monumentis
1775 1085 1832 1131 et

257 1175 463 1244 synodis
500 1170 662 1226 (ΞΡοΙί
703 1169 991 1224 celebratis
1043 1167 1244 1220 versati
1296 1165 1514 1220 fuerint.
1587 1163 1721 1219 Nam
1773 1174 1832 1218 ut

250 1271 309 1319 ab
355 1275 554 1319 octava
604 1263 802 1318 ordine
860 1271 1189 1330 prrcpostero
1237 1260 1443 1324 ordiar,
1497 1261 1550 1314 in
1609 1273 1673 1314 ea
1729 1259 1831 1313 Za-

247 1357 459 1411 charias
497 1353 990 1411 Tauromenitanus
1034 1352 1325 1422 episcopus
1379 1365 1406 1403 a
1461 1350 1519 1406 S.
1561 1351 1831 1408 Methodio

245 1447 553 1518 patriarcha
600 1445 732 1512 CP.,
779 1445 866 1500 cui
913 1445 1084 1515 cjecto
1125 1442 1335 1499 Joanne
1383 1443 1740 1499 lconomacho
1772 1445 1829 1498 S.

242 1541 480 1611 lgnatitts
525 1537 808 1596 successit.
859 1545 1041 1607 aperte
1099 1537 1298 1590 dicitur
1339 1532 1695 1606 χειροτονίαν,
1732 1536 1835 1590 hoc

238 1645 315 1688 est
366 1631 850 1693 consecrationem,
911 1629 1206 1700 accepisse.
1266 1627 1471 1685 Locum
1517 1644 1583 1685 ex
1629 1639 1739 1684 aet.
1773 1644 1832 1684 ιιι

240 1725 405 1792 ipsius
489 1721 683 1794 synodi
739 1720 897 1777 retuli
961 1720 1232 1777 Prooemio
1284 1720 1344 1786 ι,
1413 1719 1442 1792 ς
1492 1735 1566 1776 tv.
1628 1719 1682 1775 ln
1745 1735 1838 1776 se-

245 1819 405 1888 ptima
463 1832 600 1872 vero
658 1815 1013 1885 subiectionis
1072 1815 1314 1884 ejusdem
1391 1813 1628 1884 episcopi
1691 1813 1840 1868 Tau-

247 1910 574 1965 romenitani
629 1908 955 1980 patriarcha:
986 1907 1094 1964 ΟΡ.
1127 1909 1330 1963 iudicio
1376 1918 1460 1963 est
1512 1905 1838 1975 subscriptio

244 2004 500 2070 Joannis,
535 2006 588 2058 in
634 2018 737 2074 qua
787 2003 1153 2072 patriarcbam
1202 2017 1362 2058 suum
1407 1998 1712 2066 Tarasium,
1745 1998 1836 2066 qui

249 2115 303 2152 eo
342 2110 599 2167 tempore
630 2098 838 2168 synodo
890 2103 1137 2164 praeerat,
1170 2095 1254 2150 his
1291 2096 1467 2149 verbis
1513 2093 1838 2163 profitetur:

250 2189 474 2244 Joannes
516 2190 888 2243 sanctissimus
947 2189 1218 2256 episcopus
1252 2185 1617 2242 Tauromenite
1663 2187 1839 2241 dixit:

248 2282 364 2338 Cum
402 2284 578 2338 veluti
617 2283 826 2336 divinus
874 2280 1202 2335 orthodoxia:
1235 2281 1489 2335 terminus
1521 2280 1621 2332 sint
1652 2278 1841 2334 littera:

239 2393 347 2443 qua
374 2378 442 2429 ab
478 2375 724 2426 Adriano
757 2390 898 2441 pupa
927 2373 1147 2427 senioris
1183 2369 1363 2428 Roma’
1385 2373 1456 2425 ad
1487 2372 1600 2439 pios
1627 2381 1839 2425 nostros

237 2465 590 2530 imperatores
644 2476 840 2514 necnon
882 2461 950 2514 ad
1005 2459 1285 2515 Tarasium
1361 2462 1704 2516 uniuersalem
1747 2477 1840 2529 pa-

236 2559 539 2610 rtiare/iam
579 2565 824 2609 nostrum
878 2556 1052 2609 missae
1097 2565 1242 2621 sunt,
1271 2558 1346 2609 ita
1377 2557 1626 2624 proﬁteor
1672 2557 1840 2610 susci—

235 2651 374 2714 piens
407 2661 607 2700 sacras
639 2646 840 2706 iconas,
871 2653 978 2697 etc.
1013 2643 1169 2698 Vides
1193 2655 1250 2698 ut
1281 2647 1634 2714 imperatores
1662 2643 1838 2700 etCP.

237 2737 620 2806 patriarcham
682 2748 838 2788 suum
908 2734 1161 2803 appellet.
1225 2733 1592 2807 Similiterque
1654 2750 1844 2791 omnes

237 2829 477 2899 episcopi
536 2823 743 2878 Sicilia
774 2824 864 2892 qui
915 2823 968 2879 in
1005 2839 1069 2878 ea
1118 2825 1432 2880 interfuisse
1486 2826 1752 2896 leguntur,
1785 2825 1840 2880 in

250 2925 429 2989 quod.
473 2932 539 2978 et
572 2929 690 2974 aet.
743 2919 1112 2974 subscribtmt.
1145 2918 1222 2972 Ex
1259 2932 1365 2987 quo
1414 2917 1612 2972 indicio
1646 2917 1844 2973 fatetur

262 3016 408 3067 etiam
446 3016 606 3070 dom.
659 3011 910 3066 Bocchus
959 3008 1097 3064 Pirri
1157 3009 1209 3064 in
1257 3008 1386 3064 Not.
1437 3008 1584 3064 Eccl.
1628 3007 1842 3081 ενι-αι’..

268 3113 392 3156 tnui.
415 3106 498 3170 ιιι,
541 3107 666 3176 jam
715 3118 813 3174 per
866 3103 980 3158 haec
1015 3111 1258 3173 tempora
1312 3102 1595 3172 episcopos
1645 3101 1845 3157 Sicilia:

238 3195 371 3262 ,CP.
409 3200 512 3252 sedi
564 3196 805 3263 cmpisse
850 3195 1147 3249 adhaerere.
1204 3191 1407 3248 Deinde
1460 3196 1624 3249 etiam
1671 3208 1736 3246 ex
1779 3209 1845 3249 eo

272 3286 474 3340 videtur
502 3289 548 3342 id
578 3286 807 3358 colligi,
848 3285 991 3354 quod
1050 3283 1304 3341 Nicolaus
1336 3284 1376 3350 Ι,
1413 3285 1566 3356 epist.
1617 3284 1670 3351 9,
1707 3287 1844 3341 Gre-

259 3376 392 3440 gorii
443 3373 780 3447 Syracusani
835 3371 1092 3427 antistitis
1151 3373 1430 3426 audaciam
1483 3373 1537 3425 in
1582 3374 1844 3440 judicium

252 3476 422 3534 vocet,
473 3469 625 3537 quod
677 3467 732 3520 in
783 3464 1071 3535 lgnatium,
1116 3479 1273 3518 suum
1315 3464 1564 3519 videlicet
1613 3464 1847 3532 patriar-

249 3558 428 3622 cham,
466 3555 774 3626 impietatis
803 3553 982 3624 jacula
1037 3555 1392 3610 exercuisset.
1449 3551 1588 3606 Tum
1646 3569 1711 3608 ex
1749 3556 1847 3607 da—

253 3649 529 3703 mnatione
577 3647 822 3712 ejusdem
853 3645 1098 3716 Gregorii
1128 3656 1181 3700 et
1211 3647 1473 3701 sententia
1512 3646 1616 3700 lata
1656 3662 1751 3715 per
1789 3646 1848 3702 S.

258 3737 521 3805 lgnatium
579 3737 988 3807 patriarcham;
1041 3751 1202 3806 quam
1241 3737 1340 3790 nisi
1387 3721 1705 3806 potestatem
1755 3738 1853 3792 ali-

259 3843 410 3893 quam
467 3837 624 3883 certe
657 3830 725 3881 ad
757 3827 961 3898 primas
1014 3843 1207 3884 causas
1259 3829 1556 3893 habuisset,
1617 3830 1849 3884 laturum

261 3934 534 3989 nunquam
578 3920 748 3973 fuisse
797 3924 1128 3974 censendum
1157 3930 1240 3974 est
1267 3939 1279 3974 :
1306 3937 1616 3991 quanquam
1647 3933 1703 3977 ut
1734 3933 1849 3977 rata

262 4012 554 4068 haberetur
604 4013 670 4067 ad
719 4011 956 4068 Leonem
1003 4012 1067 4067 Ill
1111 4015 1417 4082 pontificem
1467 4016 1616 4069 tnissi
1657 4016 1850 4083 legati;

260 4114 314 4154 et
339 4115 560 4169 cetera,
594 4114 754 4172 prout
777 4105 827 4157 iu
857 4104 1083 4158 historia
1112 4114 1168 4160 et
1196 4108 1402 4174 synodo
1426 4107 1690 4161 habentur
1717 4122 1853 4174 per-

265 4207 378 4249 acta
425 4209 556 4250 sunt
605 4196 710 4249 rite
755 4207 917 4266 atque
951 4196 1210 4266 legitime.
1241 4197 1316 4250 Ex
1351 4213 1456 4268 quo
1483 4201 1854 4255 eminentissi-

265 4302 385 4338 mus
421 4287 716 4341 cardinalis
768 4285 1032 4342 Baronius
1062 4288 1128 4343 de
1157 4289 1258 4344 hoc
1277 4288 1399 4358 jure
1425 4306 1454 4342 a
1481 4289 1587 4346 ΕΡ.
1621 4294 1857 4361 patriar-

265 4381 367 4430 alia
409 4381 460 4433 in
497 4380 696 4433 Sicilire
727 4379 1005 4434 Ecclesias
1061 4382 1330 4437 vindicato
1394 4383 1477 4438 sic
1542 4386 1735 4438 scribit
1788 4387 1855 4441 ad

262 4488 468 4529 annum
504 4474 610 4530 εει
641 4493 656 4531 :
689 4475 904 4528 Audisti
957 4474 1232 4544 synodalia
1263 4484 1406 4537 acta,
1441 4478 1729 4531 sententias
1763 4495 1859 4544 pa-

267 4569 626 4621 triarcharum
654 4609 669 4632 ,
714 4569 928 4637 judicia
965 4569 1279 4634 episcapalia
1332 4570 1620 4638 indiguisse
1662 4573 1856 4639 con/ir-

263 4659 503 4711 matione
541 4661 726 4726 primm
760 4659 899 4712 sedis
953 4659 1234 4725 pontiﬁcis.
1275 4661 1427 4726 Quod
1459 4675 1638 4717 autent
1672 4661 1857 4718 Sicilia

266 4747 440 4800 nasuta
472 4750 570 4802 sub
588 4749 808 4815 juribus
847 4748 1022 4801 adhuc
1049 4759 1184 4803 esset
1224 4748 1455 4804 Orientis
1500 4753 1856 4821 imperatoris,

268 4845 503 4900 Quamvis
561 4853 815 4909 occupata
863 4850 998 4894 esset
1025 4858 1054 4892 a
1086 4837 1391 4906 Saracenis,
1434 4845 1631 4911 primas
1667 4861 1857 4902 causas

283 4941 614 4994 Occupat-emt
669 4930 765 4984 sibi
816 4929 930 4986 ΟΡ.
991 4932 1284 4998 episcopus,
1325 4933 1401 4986 ita
1443 4943 1612 4988 tamen
1658 4947 1712 4989 ut
1761 4954 1860 4993 sua

293 5029 393 5070 seta
448 5022 859 5092 conﬁrmatione
929 5024 1159 5090 indigere
1207 5026 1510 5091 apostolica:
1561 5031 1700 5081 sedis
1757 5048 1859 5084 non

291 5104 557 5170 ignoraret.
599 5111 873 5168 llacteuus
922 5112 1205 5178 Baroiiins,
1260 5101 1507 5184 idemque
1552 5121 1740 5174 scribit
1764 5121 1860 5176 Jao

279 5207 437 5257 conus
497 5205 811 5260 Gordonius
862 5205 919 5260 in
973 5204 1178 5260 Chron.
1223 5207 1291 5260 ad
1338 5221 1538 5262 annum
1587 5216 1858 5278 eumdem,

266 5290 462 5350 citatus
511 5296 582 5350 ab
629 5295 852 5352 Octavio
911 5293 1150 5350 Caetano
1194 5299 1246 5352 in
1290 5295 1536 5370 lsagoges
1593 5318 1711 5372 cap.
1767 5304 1858 5372 58,

262 5394 318 5435 et
363 5389 586 5443 tandem
644 5387 992 5443 manifestum
1034 5388 1084 5441 id
1114 5387 1228 5443 fieri
1291 5391 1498 5446 videtur
1543 5409 1606 5449 ex
1653 5396 1859 5452 novella

261 5487 441 5531 consist.
478 5477 682 5533 Leonis
733 5490 1097 5550 cognomento
1145 5478 1440 5550 Sapientis,
1475 5486 1630 5553 cujus
1670 5489 1864 5545 inscri-

263 5571 380 5633 ptio
432 5572 508 5625 ita
565 5585 627 5626 se
658 5572 857 5625 habet:
895 5570 962 5622 Ἥ
1000 5575 1253 5638 γεγονυῖα
1314 5575 1658 5642 Διατύπωσις
1712 5583 1865 5651 παρὰ

259 5660 357 5709 τοῦ
393 5661 669 5730 genium;
711 5661 944 5721 Λέοντος
993 5661 1085 5713 τοῦ
1121 5661 1317 5731 Σοφοῦ,
1355 5666 1502 5731 ὅπως
1545 5670 1731 5739 ἔχουσι
1769 5675 1865 5728 τά·

265 5751 398 5815 ξεως
445 5755 501 5805 οἱ
555 5753 735 5822 Θρόνοι
791 5754 904 5807 τῶν
978 5753 1316 5823 Ἐκκλησιῶν
1353 5759 1728 5832 ὑποκειμένων
1787 5768 1864 5837 τῷ

269 5846 586 5918 τετράρχῃ
622 5847 720 5917 τῆς
740 5848 1389 5914 Κωνσταντινουπόλεως.
1421 5851 1700 5921 Dispositio
1715 5858 1860 5929 [aeta

591 5947 860 6008 ΡΑτιιοι..
912 5943 1032 6006 Gn-
1077 5945 1370 6010 CXXXII.

1227 408 1628 471 Fl‘tANClSCI
1669 406 1935 467 SCORSI
1977 407 2406 467 PROOEMIUM
2439 406 2513 465 ll.

3413 395 3512 459 106

1935 538 2028 589 per
2061 523 2422 590 imperatore»:
2461 520 2677 574 Leonem
2727 519 3047 585 Sapienlrnt,
3099 533 3243 584 quem
3281 515 3513 570 ordinem

1927 617 2150 669 habeant
2191 617 2365 668 throni
2424 614 2776 667 Erclesinrum
2838 611 3158 678 patri/troiae
3199 608 3310 663 CP.
3342 609 3516 676 subje-

1927 716 2156 759 cturum.
2194 704 2250 757 In
2284 714 2528 760 extremo
2560 719 2687 760 vero
2719 714 2841 774 post
2894 703 3261 757 l't'CCllSlOllC‘ln
3302 701 3514 755 illarum

1927 799 2294 853 subduuturol
2318 799 2762 863 ἀπηππασοὲντες
2793 800 2852 851 ἐκ
2877 799 2977 869 τῆς
3025 796 3346 867 Ῥωμαῖκῆς
3389 797 3520 849 διοι-

1927 893 2163 962 κήσεως,
2207 895 2302 948 καὶ
2341 891 2438 944 νῦν
2484 891 2765 955 τελοῦντες
2815 891 2921 944 sua
2971 892 3063 944 τὸν
3121 889 3311 962 ὒρόνον
3362 890 3512 941 Κων-

1930 983 2426 1048 σταντινουπὸ).εως
2490 984 2919 1054 “praemii-sat,
2951 985 3046 1036 καὶ
3105 983 3155 1036 οἱ
3212 983 3304 1035 ὑπ’
3339 981 3517 1035 αὐτῶν

1931 1074 2244 1139 ἐπίσκοποι,
2272 1074 2440 1129 avulsi
2469 1093 2502 1129 a
2533 1074 2772 1130 Romana
2822 1073 3030 1129 dim-eri
3058 1085 3106 1129 ct
3139 1072 3247 1128 ΕΡ.
3297 1072 3521 1142 subjecti

1932 1166 2144 1222 throno.
2174 1169 2374 1224 Deinde
2406 1182 2781 1235 numerantur,
2811 1170 3202 1241 Syrarusanus,
3231 1168 3522 1224 Thessalo-

1930 1260 2167 1316 nicensis
2196 1270 2251 1316 ct
2296 1261 2387 1317 alii
2438 1261 2796 1336 metropolitze
2855 1262 3137 1317 nonnulli:
3174 1263 3519 1334 Syracusano

1931 1349 2293 1420 subjiciuntur
2346 1350 2861 1418 Tauromenitanus,
2917 1350 3304 1417 Messaniensis,
3361 1352 3522 1421 Agri-

1934 1447 2206 1512 gentinus,
2236 1453 2292 1499 et
2334 1444 2423 1498 alii
2461 1444 2717 1514 deinceps
2750 1453 3016 1515 quotquot
3051 1453 3208 1500 crant
3239 1455 3350 1498 tum
3385 1443 3526 1499 Sici-

1935 1536 2018 1592 lia:
2070 1539 2331 1609 episc0pi.
2382 1536 2508 1593 llatc
2559 1547 2685 1592 sunt
2737 1539 3042 1592 testimonia
3090 1554 3154 1593 ex
3209 1539 3432 1608 synodis
3467 1546 3523 1592 et

1934 1628 2160 1683 historia
2229 1629 2345 1697 ejus
2396 1628 2494 1683 aevi
2550 1629 2864 1698 deprompta
2939 1643 3059 1697 qum
3104 1628 3378 1698 subjectas
3430 1644 3526 1698 per

1935 1727 2176 1780 eamdem
2218 1733 2591 1794 tempestatem
2653 1723 2923 1780 Ecclesias
2963 1724 3163 1780 Sicilia:
3202 1724 3525 1794 patriarcha:

1934 1818 2039 1874 GP.
2075 1820 2282 1890 possint
2323 1820 2456 1873 satis
2485 1820 2877 1873 demonstrare.
2926 1817 3079 1873 Unde
3110 1826 3165 1872 et
3188 1818 3377 1872 eodetu
3403 1818 3525 1884 jure

1937 1908 2324 1980 Theotihanem
2365 1919 2606 1966 nostrum
2637 1926 2664 1962 a
2699 1909 2757 1964 S.
2788 1908 3015 1982 lgnatio,
3051 1908 3360 1979 patriarcha
3393 1907 3523 1975 ΟΡ..

1939 2003 2142 2057 sedatis
2170 2003 2282 2073 jam
2319 2019 2414 2073 per
2447 2003 2712 2074 synodum
2747 2018 2841 2057 \‘lll
2874 2002 3015 2057 illius
3053 2001 3306 2057 Ecclesia:
3333 2000 3525 2065 turbis,

1939 2095 2252 2151 ordinatum
2292 2097 2542 2164 augurari
2565 2097 2688 2165 quis
2717 2095 2906 2165 possit.
2923 2094 3074 2163 Quod
3094 2096 3136 2148 si
3166 2096 3290 2162 quis
3314 2095 3529 2164 epinari

1941 2188 2089 2253 velit,
2127 2189 2326 2242 nullam
2358 2200 2505 2242 certe
2533 2172 2716 2242 notam
2747 2186 3060 2243 schismatis
3082 2185 3400 2257 Theophani
3433 2202 3526 2240 no-

1940 2288 2056 2334 stro
2080 2279 2416 2348 imposuerit,
2445 2293 2566 2334 cum
2600 2294 2699 2339 nec
2725 2294 2752 2332 a
2777 2278 2968 2334 Photio
2991 2279 3526 2349 pseudopatriarcha,

1941 2371 2250 2438 scitistnatis
2301 2378 2547 2436 auclore,
2597 2369 2691 2425 sed
2717 2385 2746 2424 a
2777 2369 2836 2424 S.
2863 2369 3072 2436 lgnatio
3114 2370 3352 2440 legitimo
3392 2381 3446 2422 et
3473 2371 3526 2422 in

1941 2477 2092 2517 suam
2147 2463 2330 2517 sedem
2384 2463 2636 2516 restituto
2696 2474 3077 2517 consecratum
3126 2464 3304 2526 dicat;
3357 2477 3532 2532 neque

1942 2556 2010 2609 ab
2059 2554 2158 2608 hoc
2189 2553 2250 2608 S.
2289 2553 2598 2623 patriarcha
2641 2553 2694 2608 id
2739 2553 3039 2624 illegitime,
3083 2565 3142 2608 et
3180 2559 3301 2610 sine
3347 2557 3528 2628 aliqua

1943 2657 2207 2717 potestate
2255 2646 2446 2700 saltem
2485 2646 2745 2716 peculiari
2777 2647 2878 2701 sibi
2915 2647 3176 2717 permissa
3205 2665 3236 2703 a
3265 2651 3394 2704 sede
3423 2649 3530 2703 ιιο.

1944 2751 2124 2790 mana.
2171 2733 2304 2790 Nam
2357 2750 2452 2804 per
2501 2736 2865 2798 occasionem,
2911 2737 3057 2806 quod
3111 2737 3180 2792 ibi
3229 2751 3533 2796 moraretur

1945 2823 2299 2894 TheOphanes
2335 2841 2398 2880 ex
2442 2826 2878 2895 peregrinatione
2929 2835 3182 2896 suscepta
3219 2826 3532 2902 Hierosoly-

1946 2934 2109 2984 mam,
2147 2919 2213 2972 de
2243 2932 2350 2985 qua
2394 2918 2634 2972 dicemus
2665 2915 2692 2989 ε
2718 2919 2987 2987 sequenti,
3022 2921 3102 2974 vel
3136 2921 3236 2974 alia
3277 2921 3451 2990 potuit
3480 2924 3534 2977 id

1946 3011 2060 3067 fieri
2110 3011 2369 3082 legitime,
2407 3019 2463 3064 ut
2505 3010 2635 3064 disi.
2679 3010 2784 3064 Sed
2833 3022 3010 3066 tamen
3066 3014 3280 3082 quando
3328 3015 3428 3069 boc
3462 3029 3531 3072 es

1946 3104 2254 3174 conjectura
2282 3114 2337 3157 et
2383 3102 2792 3158 ratiocinatione
2848 3106 3081 3173 quadam
3137 3107 3369 3176 gratuita
3406 3108 3532 3177 quis

1947 3194 2200 3266 augurari
2246 3195 2438 3264 possit,
2464 3209 2570 3249 non
2605 3205 2754 3250 certo
2782 3207 3104 3266 argumento
3148 3200 3529 3273 comprobare,

1947 3285 2109 3341 liceat
2136 3284 2316 3356 patius
2342 3285 2675 3342 contrarium
2701 3289 2977 3356 augurari,
3004 3295 3058 3340 et
3082 3303 3206 3342 eum
3232 3304 3261 3342 a
3288 3288 3532 3348 Romano

1948 3379 2206 3448 pontilice
2256 3379 2433 3448 potius
2460 3394 2623 3447 quam
2663 3393 2694 3432 a
2734 3381 3040 3449 patriarcha
3069 3380 3175 3437 ΟΡ.
3210 3382 3376 3439 fuisse
3405 3399 3535 3440 con-

1949 3481 2221 3526 secratum
2245 3489 2260 3539 ;
2296 3473 2437 3541 quod
2465 3485 2528 3527 es
2559 3470 2687 3526 mihi
2714 3472 2875 3527 liceat
2903 3471 2966 3526 de
2993 3471 3324 3544 Theophane
3351 3489 3537 3532 nostro

1951 3562 2248 3628 prmsertim
2289 3563 2526 3627 credere,
2568 3565 2714 3633 quod
2763 3575 2888 3618 eum
2949 3564 3156 3618 videam
3204 3566 3258 3619 iu
3303 3570 3387 3623 his
3423 3570 3538 3624 suis

1950 3656 2312 3721 sermonibus,
2357 3655 2423 3710 ad
2473 3656 2730 3726 populum
2773 3664 2831 3714 et
2872 3672 3086 3729 gregem
3137 3675 3292 3716 suum
3336 3663 3536 3720 habitis

1952 3744 2020 3799 de
2048 3745 2110 3800 S.
2136 3744 2283 3800 Petri
2317 3754 2370 3801 et
2401 3760 2784 3803 successorum
2817 3748 2934 3816 ejus
2964 3753 3196 3820 primatu
3230 3756 3453 3824 optime,
3483 3768 3539 3811 ct

1953 3845 2010 3889 ut
2065 3837 2388 3894 catholicum
2443 3839 2762 3908 scriptorem
2816 3839 2995 3908 decet,
3054 3847 3279 3910 sentire,
3332 3856 3386 3902 et
3429 3846 3538 3904 fre-

1952 3936 2184 3998 quenter
2213 3928 2383 3996 illum,
2409 3933 2704 4001 prmsertim
2740 3948 2868 3989 vero
2899 3935 3119 3991 ltomilia
3154 3936 3230 3991 De
3258 3936 3353 3993 SS.
3380 3938 3539 3994 Petro

1951 4027 2002 4072 et
2051 4017 2244 4084 Paulo,
2297 4024 2612 4079 contestari.
2663 4023 2740 4079 Ex
2791 4042 2895 4097 qua
2948 4029 3111 4082 etiam
3168 4032 3536 4086 testimonium

1954 4110 2180 4178 protulit
2226 4110 2485 4168 adversus
2515 4112 3005 4185 Magdeburgenses
3050 4127 3337 4174 novatores
3367 4121 3541 4175 Fran-

1953 4199 2133 4254 ciscus
2187 4197 2507 4268 Turrianus,
2553 4214 2611 4256 ut
2658 4205 2711 4259 iu
2761 4207 2951 4278 elogiis
3002 4209 3069 4262 ad
3123 4209 3282 4262 linem
3342 4211 3536 4268 borum

1955 4291 2350 4348 Proremiorum
2401 4298 2612 4365 positis,
2646 4310 2700 4353 et
2730 4299 2857 4354 alibi
2898 4301 3079 4356 videre
3105 4312 3202 4357 est.
3239 4302 3441 4360 Deinde
3472 4309 3540 4363 de

1957 4388 2207 4441 universa
2245 4387 2514 4443 Siciliensi
2551 4390 2792 4445 Ecrlesia
2843 4394 2970 4447 illud
3003 4404 3060 4448 nt
3099 4408 3306 4451 certum
3356 4401 3541 4468 explu-

1959 4485 2244 4544 ratumque
2299 4479 2598 4544 aﬂirmabo,
2654 4497 2773 4537 eam
2831 4487 3072 4554 pontilici
3137 4487 3383 4542 Romano
3432 4508 3538 4546 non

1957 4567 2133 4622 solum
2196 4583 2302 4638 qua
2348 4570 2584 4638 pontifex
2617 4583 2700 4628 est
2726 4585 2778 4626 et
2801 4579 3123 4634 universalis
3170 4583 3416 4648 antistes,
3445 4588 3541 4642 sed

1958 4657 2122 4711 etiam
2179 4661 2435 4727 peculiari
2487 4664 2632 4733 jure,
2680 4682 2783 4736 qua
2842 4670 3150 4738 patriarcha
3206 4672 3540 4742 Occidentis,

1960 4751 2183 4814 Siciliae,
2239 4768 2358 4819 qua:
2398 4757 2465 4807 ad
2515 4756 2862 4812 Occidentem
2931 4764 3182 4831 pertinet,
3245 4764 3540 4824 Ecclesium

1961 4843 2034 4896 illi
2085 4844 2390 4899 immediate
2446 4846 2614 4902 fuisse
2675 4851 2994 4920 subjectum,
3035 4868 3218 4924 utpote
3262 4875 3381 4928 qua:
3416 4875 3445 4914 a
3481 4864 3538 4917 S.

1962 4937 2122 4992 Petro
2173 4937 2333 4992 fuerit
2387 4941 2651 4996 inszituta.
2697 4944 2768 4998 De
2796 4959 2902 5012 quo
2933 4947 3052 5000 vide
3082 4948 3405 5005 luculentam
3439 4955 3545 5007 ἀίει

1961 5031 2309 5083 sertationem
2345 5027 2529 5084 Jacobi
2569 5032 2842 5087 Sirmundi
2881 5037 2932 5090 in
2970 5037 3304 5108 Protreptico
3355 5052 3542 5097 centra

1962 5120 2214 5177 Salinasii
2267 5120 2691 5192 Eucharisticon,
2725 5131 2789 5180 de
2818 5129 3199 5185 suburbicariis
3242 5136 3541 5201 regionibus

1961 5214 2059 5268 lib.
2089 5229 2149 5276 ιι.
2181 5231 2300 5286 cap.
2333 5215 2418 5270 t0.
2455 5217 2607 5284 Quod
2646 5217 2988 5275 manifestum
3022 5237 3144 5279 esse
3175 5225 3249 5279 ait
3277 5226 3540 5282 Innocen-

1965 5308 2071 5361 tius
2118 5305 2134 5359 Ι
2190 5321 2342 5378 poni.
2397 5309 2462 5362 ad
2519 5310 2844 5366 Decennium
2897 5316 3293 5372 seribeus:1n
3339 5337 3541 5374 omnem

1965 5398 2206 5466 Italiam,
2237 5402 2459 5466 Gallias,
2504 5401 2808 5471 Hispanias,
2845 5406 3082 5476 AfricIim
3107 5422 3259 5479 atque
3299 5412 3410 5467 Sici
3434 5415 3539 5466 ium

1963 5494 2267 5563 insulasque
2293 5497 2660 5564 interfecentes
2692 5497 2893 5550 nu'luin
2928 5501 3216 5556 instituisse
3252 5505 3536 5566 Ecclesias,

1963 5587 2066 5639 nisi
2101 5603 2188 5639 eos
2217 5604 2348 5655 quos
2397 5589 2710 5642 venerabilis
2767 5588 2960 5644 Petrus
2992 5596 3259 5662 apostolus
3287 5605 3376 5646 aut
3424 5595 3538 5662 ejus

1961 5696 2282 5734 successores
2324 5684 2686 5735 constituerint
2734 5687 3048 5740 sacerdotes.
3091 5686 3193 5741 Sed
3227 5705 3323 5755 ego
3355 5699 3532 5740 artum

1965 5787 2202 5842 agerem,
2235 5783 2288 5826 et
2319 5772 2552 5827 fabulam
2593 5784 2951 5841 recantarem,
2985 5777 3026 5829 si
3058 5779 3158 5830 hoc
3187 5786 3240 5831 et
3265 5779 3386 5829 aliis
3417 5790 3537 5826 cer-

1971 5867 2192 5923 tiSsimis
2225 5869 2556 5935 argumentis
2587 5869 2926 5925 ostenderem
2974 5868 3306 5924 Siciliensem
3349 5865 3536 5921 Ecclcv

3123 5964 3160 6025 4
