4044 6284
545 378 642 439 107

542 497 679 547 aiam
735 492 937 563 pontiﬁi
960 495 1005 547 is
1040 493 1268 547 Romani
1305 490 1605 554 dioecesim,
1642 490 1723 544 vel
1755 504 1783 541 a
1816 489 1989 559 prima
2016 500 2112 540 sua

541 588 749 655 origine
777 588 1073 652 exstitisse,
1104 589 1170 641 ab
1211 600 1385 655 coque
1427 582 1863 639 consectationes
1911 582 2121 649 episco-

543 695 756 748 porum,
788 688 842 735 et
880 692 1075 735 cratera
1106 680 1226 749 jura
1264 678 1535 747 accepisse
1572 691 1585 729 :
1624 690 1747 730 cum
1779 685 1972 744 praeter
2010 670 2125 725 Sir-

542 771 798 825 mundum
819 770 931 838 jam
965 773 1209 836 citatum,
1248 773 1314 825 ile
1343 785 1411 826 eo
1438 777 1600 836 agant
1643 767 1900 824 Octavius
1927 766 2120 820 (laeta-

541 878 643 915 nns
676 863 725 915 in
761 862 1000 934 Isagogc,
1053 878 1171 933 cap.
1209 864 1321 933 jam
1356 863 1537 922 citato.
1568 869 1624 916 et
1668 861 1815 916 dotn.
1872 858 2122 913 Bocchus

540 954 678 1010 Pirri
719 957 769 1011 in
804 958 1045 1026 pluribus
1095 957 1311 1013 Notitite
1361 956 1517 1019 locis,
1552 955 1790 1024 satisque
1836 953 2118 1022 probatum

541 1049 608 1103 ab
641 1051 705 1103 iis
733 1050 826 1116 sit,
859 1065 922 1105 es
953 1049 1135 1103 utnltis
1164 1050 1407 1118 epistolis
1443 1047 1640 1102 Leonis
1673 1062 1824 1117 papa:
1859 1046 1876 1102 I
1906 1055 1957 1101 et
1989 1044 2123 1100 Grc-

539 1143 675 1211 gorii
720 1141 914 1212 Magni.
951 1142 1055 1198 Sed
1085 1151 1368 1213 postquam
1400 1149 1611 1211 recepta
1636 1156 1663 1194 a
1691 1138 1881 1197 Gothis
1913 1139 2118 1204 Sicilia,

536 1238 679 1305 quod
711 1236 809 1289 luit
833 1235 932 1290 sub
957 1234 1255 1291 Justiniani
1298 1236 1547 1306 imperio,
1576 1236 1642 1290 ad
1670 1233 1911 1291 Orientis
1947 1235 2122 1303 impe-

537 1331 678 1384 rium
714 1330 763 1383 in
794 1330 1009 1399 politica
1056 1330 1527 1386 administratione
1575 1329 1854 1398 pertinuit,
1888 1342 2090 1397 praeser

538 1423 632 1476 tim
668 1438 797 1479 vero
827 1438 894 1479 ex
927 1435 1170 1492 tempore
1218 1424 1406 1494 synodi
1447 1438 1535 1489 ru,
1574 1438 1734 1493 quam
1769 1436 1933 1492 supra
1974 1433 2120 1477 retu—

538 1515 721 1578 limus.
772 1526 827 1571 ct
878 1517 1113 1570 maxime
1161 1531 1290 1571 vero
1324 1515 1427 1570 sub
1478 1516 1705 1585 imperio
1750 1515 2029 1570 Michaelis
2068 1525 2120 1569 et

537 1609 712 1665 Photii
764 1609 1310 1678 pseudopatriarcbze,
1344 1625 1442 1678 per
1473 1609 1817 1665 occasionem
1868 1609 2121 1679 potentia:

536 1704 924 1773 imperatorum
952 1714 1005 1756 et
1030 1704 1359 1773 synodorum
1409 1719 1529 1773 qua:
1578 1705 1648 1757 ibi
1681 1704 2119 1770 celebrabantur,

535 1795 794 1861 paulatim
823 1793 931 1851 (ΣΡ.
956 1795 1241 1865 episcopus
1272 1797 1436 1852 etiam
1468 1794 1893 1852 ecclesiasticam
1919 1794 2121 1853 Sicilize

532 1885 978 1957 gubernationem
1030 1886 1099 1941 ad
1130 1902 1190 1942 se
1224 1889 1542 1957 pertrahere
1595 1889 1779 1958 coepit.
1831 1887 2117 1959 Nunquam

533 1984 717 2031 tamen
743 1978 796 2030 in
827 1978 1135 2034 universam
1152 1980 1352 2034 Sicilia:
1377 1979 1672 2037 Erclesiam
1707 1982 2009 2052 legitimum
2030 1983 2120 2053 jus

533 2069 891 2137 acquisivlssc
923 2072 1135 2127 ostendi
1174 2081 1355 2141 potest
1388 2090 1400 2124 :
1435 2073 1531 2128 scd
1556 2085 1741 2129 contra
1776 2075 1955 2144 potius
1999 2090 2118 2129 eam

537 2170 865 2233 potestatem
898 2162 998 2217 sibi
1033 2178 1343 2234 usurpasse,
1382 2166 1651 2221 renitente
1676 2163 1921 2220 Romano
1949 2167 2092 2234 ponti

538 2257 643 2311 ﬁce
668 2256 977 2311 ostenditur
992 2271 1057 2311 ex
1079 2258 1243 2327 epist.
1266 2257 1487 2312 Adriani
1506 2257 1524 2312 I
1552 2260 1617 2314 ad
1639 2258 2048 2315 Constantinum
2069 2268 2121 2313 et

535 2350 769 2415 Ircnem,
804 2351 907 2404 sub
949 2349 1146 2419 quibus
1202 2354 1439 2422 synodus
1483 2351 1575 2405 illa
1603 2367 1675 2405 vn
1706 2360 1891 2406 contra
1931 2352 2119 2407 Icono-

536 2440 778 2506 machus,
818 2450 876 2495 ut
899 2440 1032 2507 disi,
1089 2450 1307 2511 peracta
1360 2451 1478 2508 est;
1515 2441 1567 2497 in
1606 2456 1712 2513 qua
1751 2442 1989 2509 pontifex
2024 2458 2120 2512 ρον

534 2535 719 2602 stulat,
754 2547 809 2588 ut
834 2538 1252 2591 consecrationes
1299 2538 1661 2606 episcoporum
1689 2546 1739 2590 et
1771 2536 2123 2606 archiepisco-

538 2645 726 2697 porum
756 2630 889 2682 sicut
926 2627 1135 2683 olitana
1185 2637 1388 2684 constat
1418 2628 1636 2683 traditio
1671 2639 1867 2683 nostra:
1889 2630 2123 2684 diter-esis

538 2721 846 2773 sxsistentes
890 2720 1098 2787 penitus
1146 2722 1398 2775 canonice
1429 2720 1488 2775 S.
1524 2718 1590 2774 Η.
1625 2720 1690 2774 Ε.
1730 2732 1922 2775 nostra:
1974 2723 2127 2776 resti-

536 2821 794 2877 tuantur;
824 2820 881 2865 et
912 2826 978 2865 ex
1008 2810 1174 2881 epist.
1208 2810 1413 2867 Nicolai
1438 2812 1459 2867 I
1489 2812 1555 2866 ad
1585 2810 1900 2868 Slichaelem
1952 2811 2124 2883 impe-

538 2916 775 2958 ratorem
803 2904 915 2970 jam
969 2904 1170 2959 dictum
1201 2920 1215 2957 ε
1256 2903 1531 2969 Volumus,
1572 2918 1621 2958 ut
1656 2908 1987 2961 consecratio
2017 2906 2125 2977 Sy-

534 3010 796 3051 racusano
857 2996 1109 3064 episcopo
1153 3007 1330 3051 nostra
1380 3014 1409 3050 a
1455 2997 1577 3053 sede
1643 2998 2013 3065 impendatur,
2068 3009 2121 3053 nt

539 3089 756 3141 traditio
787 3088 850 3141 ab
881 3087 1129 3158 apostolis
1162 3088 1407 3143 instituta
1437 3090 1739 3144 nullatenus
1779 3096 1961 3146 castris
1992 3104 2121 3145 tern-

532 3182 749 3248 puribus
806 3182 1059 3247 violetur;
1091 3189 1146 3237 et
1182 3182 1577 3251 posterioribus
1620 3183 1783 3238 etiam
1819 3185 2031 3240 saeculis
2055 3200 2117 3237 ex

537 3270 768 3340 epistola
803 3272 1095 3330 Alexandri
1125 3272 1189 3328 III
1221 3277 1286 3329 ad
1317 3274 1644 3330 Willelmum
1684 3274 1886 3331 Sicilia:
1917 3292 2119 3348 regem,

533 3367 629 3432 qui
664 3380 692 3417 a
728 3364 985 3434 pontiﬁce
1020 3365 1393 3429 contenderat,
1432 3381 1498 3420 ne
1523 3365 1813 3421 Gualtcrus
1842 3365 2122 3421 Panormi-

541 3463 702 3511 tanus
754 3456 1191 3527 archiepiscopus
1245 3454 1471 3510 Romam
1503 3457 1656 3511 adire
1698 3459 2124 3516 consecrationis

540 3561 707 3602 causa
765 3547 1201 3616 compelleretur,
1244 3547 1337 3603 sed
1383 3561 1501 3603 eam
1536 3548 1605 3601 ah
1653 3549 1825 3604 tribus
1863 3550 1931 3604 de
1975 3566 2125 3606 more

541 3639 809 3709 episcopis
866 3640 1115 3695 Panormi
1178 3641 1473 3709 reciperet;
1531 3642 1687 3711 cujus
1748 3643 1995 3713 petitioni
2050 3646 2123 3700 ita

544 3730 795 3785 rescribit
830 3729 1137 3786 Alexander
1166 3746 1181 3785 :
1216 3729 1355 3784 Licet
1384 3731 1442 3785 in
1486 3733 1739 3787 memoria
1798 3746 1981 3788 nostra
2021 3751 2125 3790 non

540 3824 803 3885 exsistat,
860 3829 916 3872 ut
976 3822 1165 3891 aliquis
1228 3824 1673 3889 pratdccsssorum
1725 3828 1935 3896 prmfati
1979 3828 2129 3883 elcrti

544 3910 806 3965 (λεωπετίί
858 3928 1089 3981 unquam
1135 3914 1293 3981 fuerit
1339 3915 1441 3968 nisi
1485 3932 1518 3968 α
1571 3913 1811 3971 Romano
1881 3918 2129 3987 pontiﬁce

544 4013 898 4067 consecratus,
953 4004 1347 4058 considerantes
1382 4016 1578 4070 tamen,
1631 4015 1760 4071 etc.,
1793 4009 2127 4065 concedimus

546 4098 867 4161 consecrari,
902 4096 975 4147 ita
1008 4105 1180 4146 tamen
1221 4096 1361 4165 quod
1390 4097 1486 4150 hoc
1535 4112 1639 4151 non
1667 4100 1850 4152 debeat
1883 4101 1938 4153 in
1961 4112 2130 4170 poste-

550 4201 665 4237 rutu
696 4186 747 4235 in
780 4184 1069 4251 exemplum
1108 4185 1331 4238 assumi.
1383 4184 1507 4241 Iltec
1532 4184 1856 4252 Alexander,
1887 4190 1976 4259 qui
2005 4204 2127 4246 cum

550 4279 616 4332 de
648 4277 1028 4331 Pauormztana
1083 4277 1322 4332 Ecclesia
1374 4287 1601 4334 testetur
1644 4279 1847 4335 nullum
1880 4282 2130 4353 superio-

554 4385 672 4423 rum
703 4369 823 4437 ejus
875 4369 1176 4423 antistitum
1208 4370 1276 4423 ab
1323 4369 1431 4425 alio
1464 4384 1683 4439 quama
1717 4370 1959 4433 Ro‘tuano
1999 4389 2131 4444 pon-

551 4459 698 4514 tilice
728 4459 891 4516 fuisse
927 4460 1218 4524 initiatum,
1251 4460 1320 4515 de
1346 4460 1470 4516 aliis
1493 4463 1656 4517 etiam
1692 4461 1893 4521 Sicilia:
1923 4465 2131 4535 episco-

553 4551 635 4620 pis
664 4551 715 4604 id
747 4552 902 4606 nobis
936 4550 1207 4618 conjicere
1230 4551 1385 4605 liceat
1411 4569 1427 4618 ;
1462 4563 1624 4624 atque
1653 4556 1787 4610 adeo
1808 4571 1910 4611 non
1941 4572 2130 4613 omnes

557 4643 877 4712 patriarcha:
922 4640 1028 4695 CP.
1060 4643 1355 4713 subjectos,
1396 4653 1452 4698 ιιι
1480 4659 1543 4697 es
1575 4645 1667 4699 illa
1705 4645 1901 4703 Leonis
1950 4650 2131 4719 dispo-

554 4738 752 4790 sitione
777 4734 973 4803 aliquis
1017 4736 1385 4804 argumentari
1416 4738 1605 4806 possit,
1647 4752 1823 4809 neque
1840 4726 2039 4796 omnes
2062 4743 2130 4797 ab

559 4845 625 4884 eo
651 4828 1113 4883 censecrationem
1142 4830 1438 4898 accepisse.
1469 4828 1581 4884 Nec
1603 4831 1782 4887 obstat
1812 4836 1955 4902 quod
1987 4833 2133 4903 lcga-

560 4937 702 4985 mus,
755 4922 1070 4976 Zachariam
1101 4941 1130 4977 a
1166 4924 1223 4977 S.
1258 4924 1530 4979 Methodio
1564 4941 1683 4979 eam
1731 4930 2027 4998 accepisse,
2075 4938 2134 4981 ut

556 5030 719 5085 supra
768 5016 876 5069 dixi
918 5031 981 5069 ex
1017 5031 1137 5085 syn.
1188 5030 1305 5079 vm,
1341 5026 1449 5070 act.
1482 5014 1537 5081 ὅ,
1578 5016 1722 5084 quod
1769 5033 1901 5073 sane
1946 5020 2131 5089 negari

561 5122 666 5162 non
717 5118 929 5177 potest:
964 5124 1087 5161 naut
1125 5107 1251 5163 illud
1282 5122 1347 5161 ex
1380 5107 1557 5179 aliqua
1609 5109 1864 5177 peculiari
1910 5125 2136 5167 conces-

557 5202 709 5255 sione
740 5208 802 5255 et'
821 5199 1101 5270 privilegio
1134 5198 1334 5257 factum
1367 5200 1545 5255 dicere
1573 5214 1881 5270 possumus.
1911 5199 2135 5258 Postre-

560 5307 705 5348 mum
758 5295 879 5348 diro
913 5310 1019 5349 non
1056 5308 1214 5361 posse
1254 5292 1383 5347 mihi
1437 5294 1750 5364 persuaderi
1786 5294 1927 5348 illam
1979 5295 2132 5349 avul.

556 5386 764 5441 sionem
812 5386 1111 5442 Siciliensis
1146 5386 1425 5452 Ecclesiae,
1473 5403 1594 5458 qua:
1626 5388 1823 5443 dicitur
1866 5388 2004 5443 facta
2034 5392 2136 5445 sub

560 5478 762 5545 Leone,
787 5480 855 5533 ab
883 5495 948 5536 eo
978 5478 1093 5540 ﬁeri
1141 5481 1413 5549 potuisse;
1449 5492 1571 5535 nam
1601 5496 1667 5537 eo
1696 5484 1997 5551 imperante
2021 5482 2134 5552 jam

561 5573 741 5627 omnis
799 5572 983 5628 Sicilia
1020 5589 1047 5626 a
1081 5573 1370 5629 Saracenis
1424 5574 1602 5629 fuerat
1648 5586 1930 5643 occupata,
1995 5576 2137 5647 quod

558 5680 625 5720 ex
660 5667 1001 5737 chronologis
1030 5668 1217 5736 liquet,
1251 5665 1511 5732 Baronlo,
1545 5668 1895 5737 Curopalata,
1925 5668 2139 5723 Fazello

563 5768 822 5824 nostrate,
844 5770 898 5815 et
914 5760 1055 5827 aliis,
1072 5772 1123 5815 et
1143 5763 1341 5814 diserte
1358 5758 1747 5818 Constantinus
1769 5760 2143 5830 I’orphyroge-

562 5860 685 5905 ueta
724 5851 876 5924 itnp.,
902 5851 1094 5913 Leonis
1119 5853 1282 5923 ipsius
1306 5852 1467 5918 ﬁlius,
1494 5853 1586 5908 lib.
1607 5870 1667 5919 tt,
1691 5852 1959 5919 Datame,
1985 5854 2037 5907 in
2062 5854 2143 5907 Si-

1535 370 1938 436 FIIANCISCI
1988 367 2253 428 SCORSI
2299 370 2728 433 PROOEMIUM
2770 371 2850 432 II.
3653 376 3734 437 lilii

2228 485 2364 538 cilia;
2388 489 2579 552 thom.,
2602 502 2758 559 quem
2782 487 2955 541 locum
2980 485 3263 543 retulimus
3286 486 3506 543 Pratum.
3532 489 3604 561 ις
3626 509 3654 553 ι,
3675 497 3745 562 qui
3954 486 3955 567 ἦ

2224 581 2397 647 captis
2423 582 2636 636 caeteris
2669 580 2893 635 urbibus
2916 579 3219 649 Syracusas
3248 582 3348 633 sub
3374 580 3554 636 Basilio
3589 580 3753 638 Leuius
3956 580 3957 589 “

2225 683 2400 741 patre,
2426 672 2851 729 Tauromenium
2869 673 2970 729 sub
2991 671 3171 728 Leone
3193 685 3415 743 parente
3431 688 3517 728 suo
3532 690 3755 746 expugna.
3834 692 3837 693 ν

2228 775 2335 821 tum
2370 766 2533 822 fuisse
2575 775 2825 821 testatur.
2872 765 3042 835 Igitur
3061 766 3170 835 jam
3209 778 3318 821 tum
3347 768 3538 823 ditionc
3576 770 3761 836 politica

2226 860 2503 916 desierant
2536 860 2722 924 etiam,
2758 860 2840 913 vel
2872 862 3050 927 potius
3080 860 3351 915 deturbati
3382 860 3546 915 throni
3572 860 3761 916 fuerant

2225 953 2624 1023 episcoporum.
2669 952 3007 1005 Crediderim
3064 952 3243 1022 p0tius
3279 953 3332 1007 in
3366 967 3425 1008 ea
3465 952 3654 1008 novella
3681 969 3763 1009 so-

2225 1047 2335 1100 lum
2376 1045 2724 1100 constitutam
2758 1058 2880 1099 esse
2907 1059 3098 1098 novam
3150 1046 3542 1114 episcoporum,
3577 1046 3660 1115 qui
3689 1060 3768 1115 pa-

2226 1140 2473 1195 triarehac
2521 1137 2625 1191 CI’.
2662 1136 2889 1204 subjecti
2944 1148 3118 1200 erant,
3157 1138 3554 1207 dispositionem
3600 1150 3651 1193 et
3690 1153 3769 1190 or-

2225 1232 2404 1287 dinem
2461 1247 2570 1301 quo
2628 1246 2767 1285 unus
2819 1230 2973 1284 alteri
3038 1235 3369 1300 praecelleret
3420 1234 3471 1287 in
3521 1246 3771 1287 Consensu.

2225 1326 2493 1382 Cancrum
2530 1325 2674 1377 illam
2706 1324 3040 1378 avulsionem
3080 1324 3277 1379 factam
3309 1334 3541 1392 tempore
3569 1323 3773 1379 Michae-

2226 1418 2289 1474 lis
2325 1420 2454 1488 imp.
2504 1425 2557 1471 et
2597 1417 2910 1472 schismatis
2962 1417 3243 1476 Photiani.
3280 1420 3397 1486 qui,
3446 1426 3499 1471 ut
3543 1416 3780 1485 Gregorio

2224 1512 2464 1567 Asbesue
2504 1511 2845 1581 Syracusano
2897 1514 3122 1580 gratiam
3184 1509 3431 1576 referret,
3462 1510 3578 1580 ejus
3609 1507 3777 1563 Eccle-

2224 1607 2362 1661 siam
2414 1601 2750 1675 metropolim
2817 1617 3027 1667 creare,
3082 1604 3246 1673 eique
3294 1615 3516 1658 ceteras
3555 1600 3785 1657 Sicilien-

2225 1710 2314 1752 ses
2362 1694 2631 1763 subjicere
2681 1709 2785 1762 qua
2833 1693 2959 1763 jure
3011 1708 3227 1764 quaque
3285 1694 3478 1763 injuria
3535 1693 3693 1747 voluit
3740 1698 3785 1746 ct

2225 1801 2450 1845 conatus
2480 1804 2561 1845 est
2595 1788 2941 1859 imperatoria
2995 1788 3170 1843 fretus
3209 1788 3495 1857 potentia;
3534 1788 3616 1839 cui
3647 1784 3790 1841 etiam

2225 1887 2347 1955 plus
2394 1886 2529 1937 satis
2572 1883 2624 1938 in
2678 1899 2859 1936 rerum
2912 1881 3415 1937 ecclesiasticarum
3465 1877 3792 1948 dispositione

2225 1976 2537 2030 tribuerunt
2576 1974 2751 2032 Gncci
2785 1992 2800 2030 :
2831 1976 2973 2045 quod
3010 1976 3257 2042 queritur
3293 1971 3586 2030 Gretserus
3627 1978 3799 2025 uester

2225 2073 2277 2127 in
2306 2071 2572 2127 Codinum
2611 2070 2681 2123 Dc
2709 2069 2904 2141 ofﬁciis
2935 2069 3074 2125 autc
3105 2068 3413 2133 Constant,
3433 2069 3671 2136 adeoque
3703 2078 3791 2134 po~

2225 2164 2334 2218 tius
2359 2164 2412 2215 in
2442 2164 2845 2217 contentionem
2873 2161 3190 2234 quamdam,
3219 2175 3385 2231 quam
3414 2160 3471 2217 in
3502 2156 3804 2231 possessio-

2227 2272 2347 2311 nem
2368 2256 2473 2312 CP.
2506 2264 2646 2326 patr.
2668 2253 2867 2309 Sicilia:
2891 2254 3063 2311 fuisse
3090 2254 3381 2309 deductam
3414 2251 3806 2315 Ecclesiam,eo

2225 2350 2620 2419 prepontotlum
2690 2350 2847 2403 modo
2909 2364 3021 2419 quo
3072 2349 3139 2402 de
3196 2346 3485 2416 Bnlgarica
3546 2344 3810 2415 provincia

2226 2456 2416 2497 recens
2440 2441 2506 2494 ad
2541 2440 2697 2496 lldem
2752 2454 3012 2496 conversa
3044 2454 3141 2509 per
3166 2439 3363 2494 eadem
3420 2446 3665 2507 tempora
3716 2431 3812 2487 Ba-

2225 2532 2331 2587 silii
2387 2532 2519 2602 imp.
2571 2544 2687 2586 orta
2739 2529 3112 2587 controversia
3162 2537 3249 2585 est
3296 2529 3451 2586 inter
3526 2526 3816 2599 μυῖαι-ιιι.

2227 2628 2493 2696 Ignatium
2526 2635 2582 2682 et
2616 2626 2925 2694 pontiﬁcem
2965 2624 3291 2690 Romanum,
3312 2622 3625 2693 praesertim
3653 2618 3813 2673 Joan-

2228 2732 2350 2774 nem
2386 2714 2521 2782 VIII,
2554 2723 2614 2769 ut
2651 2714 2957 2786 legentibus
3013 2714 3291 2768 historiam
3320 2712 3574 2783 ejusdem
3600 2708 3693 2765 reri
3720 2719 3814 2761 tto-

2229 2825 2339 2868 tum
2388 2820 2493 2868 est.
2543 2808 2651 2865 Sed
2700 2808 2815 2864 haec
2858 2822 2976 2878 quas
3021 2806 3349 2862 obscuriora
3401 2815 3549 2864 sunt.
3599 2812 3752 2869 quam
3780 2811 3807 2849 a

2226 2905 2383 2962 nobis
2436 2903 2518 2957 vel
2548 2917 2581 2958 a
2627 2900 2878 2970 qu0piam
2910 2915 2976 2955 ex
3008 2897 3128 2953 luce
3174 2896 3415 2954 aliarum
3474 2893 3819 2953 historiarum

2227 2999 2516 3059 illuminari
2541 3004 2596 3057 et
2613 2997 2907 3068 disceptari
2936 2996 3172 3066 possint,
3203 3002 3497 3065 utcunque
3516 2988 3827 3047 existimata

2226 3095 2357 3157 sint,
2405 3091 2547 3148 haud
2578 3091 2629 3145 in
2660 3104 2857 3161 magno
2895 3100 3114 3157 ponant,
3175 3088 3341 3143 modo
3403 3085 3543 3140 illud
3596 3087 3833 3143 constet,

2226 3186 2371 3259 quod
2431 3187 2688 3241 omnibus
2750 3197 3071 3254 persuasum
3132 3182 3314 3245 velint,
3362 3190 3422 3237 et
3457 3179 3675 3248 Optima
3735 3174 3840 3229 [ldo

2229 3286 2486 3350 praestare
2519 3290 2762 3346 possunt,
2821 3270 3024 3327 nullum
3053 3272 3109 3326 in
3141 3270 3228 3327 his
3260 3270 3519 3325 homiliis
3578 3275 3839 3339 appatere

2227 3374 2536 3430 schismatis
2569 3372 2729 3428 ullius
2765 3369 3076 3439 vestigium,
3123 3367 3267 3435 quod
3308 3364 3525 3418 attinet
3554 3362 3629 3415 ad
3666 3358 3835 3427 Suhjc-

2227 3470 2461 3525 ctionem
2516 3466 2580 3520 ad
2632 3464 2927 3520 Rontanam
2958 3462 3169 3525 sedem,
3214 3456 3310 3513 sed
3349 3458 3556 3527 potius
3611 3454 3834 3525 plurius

2229 3577 2483 3633 expressa
2556 3570 2867 3631 argumenta
2934 3552 3331 3611 communionis
3386 3550 3465 3606 ad
3517 3549 3733 3612 illam,
3803 3549 3849 3596 ut

2228 3670 2391 3727 supra
2421 3656 2582 3709 etiam
2616 3652 2751 3716 dixi,
2788 3652 3031 3721 adeoque
3086 3645 3229 3715 quod
3262 3646 3327 3699 ad
3366 3646 3527 3699 hanc
3569 3658 3698 3697 rem
3736 3638 3853 3696 altl-

2231 3758 2342 3812 net,
2392 3760 2483 3799 eas
2516 3740 2778 3799 inoll'enso
2815 3742 2947 3811 pede
2995 3739 3092 3806 legi
3129 3752 3309 3807 posse.
3366 3734 3586 3807 Neque
3628 3750 3772 3788 vero
3803 3742 3863 3783 ex

2232 3838 2318 3895 illa
2373 3836 2622 3908 epistola,
2679 3851 2839 3903 quam
2895 3848 3056 3899 supra
3090 3846 3156 3886 ex
3205 3830 3555 3900 conjectura
3588 3843 3622 3881 a
3672 3823 3863 3880 Photio

2236 3932 2457 3987 missam
2494 3928 2810 3998 Theophani
2850 3929 3117 3979 monacho
3150 3923 3335 3985 retuli,
3386 3924 3631 3993 aliquid
3683 3920 3879 3977 adver-

2234 4040 2332 4079 sus
2366 4020 2773 4090 'I‘heOphanem,
2823 4018 2972 4086 qnasi
2998 4015 3281 4070 conscium
3322 4015 3695 4071 schiswatis
3739 4012 3853 4067 Pho

2237 4115 2389 4179 tiani,
2422 4112 2646 4182 ejusque
2695 4110 2925 4180 partium
2965 4106 3266 4161 studiosum
3295 4106 3438 4161 elici
3470 4116 3717 4176 potest;
3756 4102 3888 4159 nilil

2234 4205 2377 4260 enim
2418 4203 2472 4258 in
2516 4217 2580 4258 ea
2629 4200 2802 4272 agitur
2847 4198 2989 4268 quod
3042 4198 3107 4251 ad
3165 4195 3514 4265 huiusmodi
3574 4196 3886 4251 factionem

2235 4304 2444 4368 spectet
2474 4315 2488 4350 :
2519 4293 2569 4349 id
2599 4294 2738 4362 quod
2779 4304 2957 4346 tamen
2996 4291 3047 4343 in
3081 4289 3202 4343 aliis
3241 4288 3532 4357 epistolis
3569 4292 3649 4344 ad
3681 4287 3902 4356 Euthy-

2240 4389 2403 4445 mium
2432 4398 2489 4443 et
2531 4386 2852 4453 Gregorium
2889 4384 2973 4453 agi
3010 4383 3253 4437 videtur:
3284 4381 3398 4435 sed
3452 4384 3664 4438 solum
3702 4384 3779 4437 de
3808 4380 3902 4433 dc-

2239 4481 2482 4537 l'ensione
2515 4478 2783 4549 dogmatis
2838 4474 3157 4543 pertinentis
3189 4473 3254 4527 ad
3296 4487 3532 4530 sacras
3587 4475 3910 4545 imagines.

2236 4583 2293 4629 et
2322 4572 2589 4643 pratcipue
2616 4586 2683 4622 an
2711 4569 2961 4623 Christus
2993 4574 3137 4621 esset
3167 4563 3625 4636 depingeudus,
3666 4577 3733 4621 ut
3764 4566 3915 4620 clare

2237 4681 2357 4721 eam
2395 4662 2589 4733 legenti
2623 4672 2877 4715 constare
2930 4667 3143 4727 potest:
3180 4655 3399 4711 deinde
3433 4675 3638 4715 neruo
3670 4659 3926 4715 animia-

2239 4758 2377 4812 rita
2420 4754 2613 4811 Photio
2648 4753 2757 4824 jam
2816 4752 3283 4807 excommunicato
3340 4757 3410 4803 et
3467 4749 3733 4819 deiecto
3804 4764 3926 4804 eam

2237 4847 2520 4919 epistolam
2572 4846 2791 4901 missam
2827 4862 2839 4898 :
2870 4842 2963 4896 sed
2996 4842 3173 4911 potius
3221 4840 3678 4909 probabiliore
3750 4844 3943 4910 conje-

2238 4947 2389 4991 ctura
2428 4935 2688 4997 censebit,
2727 4949 2849 4987 cum
2896 4930 3208 4999 Theophani
3251 4928 3473 4987 adhuc
3518 4937 3937 4991 monasticam

2238 5031 2403 5085 vitam
2439 5029 2619 5099 agenti
2648 5030 2716 5083 sit
2763 5026 2989 5095 scripta,
3022 5040 3086 5079 eo
3120 5030 3388 5091 tempore
3466 5028 3798 5099 scriptam
3838 5041 3949 5097 quo

2240 5120 2416 5176 Pbotii
2446 5136 2605 5174 causa
2639 5121 2875 5173 nonduin
2908 5118 3042 5170 bene
3075 5123 3373 5185 perspecta
3431 5121 3892 5192 dasnnataque
3922 5134 3953 5169 Α

2238 5215 2365 5269 sede
2408 5211 2654 5267 Romana
2684 5220 2736 5263 et
2781 5216 2965 5278 postea
2993 5224 3019 5259 a
3054 5206 3256 5276 synodo
3300 5219 3432 5263 vut
3483 5211 3763 5270 fuisset.
3821 5212 3965 5270 Post

2240 5306 2381 5361 hanc
2440 5312 2617 5358 autem
2683 5301 2972 5371 synodum,
3015 5308 3067 5353 et
3120 5301 3544 5367 compositum
3633 5321 3756 5375 per
3836 5317 3965 5360 eam

2241 5398 2502 5461 schisma,
2554 5394 2868 5461 redditaque
2916 5390 3167 5446 Ecclesia:
3211 5387 3543 5450 Orientali
3607 5398 3980 5472 tranquilli-

2244 5499 2376 5556 tate,
2438 5488 2820 5559 Theophanem
2877 5486 2943 5539 ad
2993 5482 3428 5556 archiepisCOpi
3504 5492 3752 5547 sedc...
3798 5493 3985 5547 fuisse

2244 5586 2576 5655 promotum,
2609 5590 2666 5633 ut
2692 5579 2848 5633 initio
2879 5577 2992 5632 dixi
3029 5577 3157 5630 mihi
3185 5586 3442 5633 certum
3503 5596 3831 5655 apparet.

2320 5712 2350 5785 §
2390 5710 2526 5767 VIII.
2565 5708 3021 5779 Peregrinationes
3066 5724 3097 5760 a
3137 5706 3507 5771 Tltwphane
3569 5727 3920 5784 suscepta.

2324 5849 2610 5919 Reliquum
2641 5847 2752 5918 jam
2785 5855 2885 5912 est,
2923 5855 2978 5899 ut
3008 5859 3126 5915 qua:
3154 5841 3222 5898 de
3251 5843 3477 5903 rebus
3526 5851 4014 5918 a'TIteuplmne
