4104 6290
563 296 655 365 ιιι

558 421 763 469 luteum
798 424 849 468 et
879 413 1053 467 virum
1102 413 1301 468 bonum
1334 412 1602 482 quoddam
1641 412 1869 477 diﬁerat,
1918 421 1971 465 et
2018 411 2133 463 alite

557 513 697 567 alios
723 511 951 582 propriae
984 511 1207 565 virtutes
1250 510 1381 573 sint,
1417 511 1466 563 in
1517 524 1620 561 una
1670 516 1851 561 tamen
1901 518 2130 575 persona

554 621 647 660 eas
679 604 919 673 copulari
965 619 1172 657 summa
1223 605 1289 656 sit
1335 602 1469 655 laus.
1520 603 1598 656 Ac
1642 602 1873 671 primum
1917 598 2129 666 quidem

556 699 810 754 instantia
842 698 928 752 illa
962 697 1271 766 quotidiana
1319 707 1371 750 ct
1417 695 1721 750 Sollicitudo
1757 694 1999 746 omnium
2035 688 2131 741 Ec-

556 792 864 851 clesiarttm,
913 805 1076 860 quam
1133 789 1269 842 inter
1304 804 1427 841 suos
1472 801 1698 852 angores
1732 784 1947 847 l‘aulus,
1983 797 2133 835 com-

560 884 739 937 munis
774 884 1013 950 gentium
1048 882 1257 944 doctor,
1285 887 1639 944 annumerat;
1672 877 1821 930 zelus
1864 884 1917 929 et
1947 874 2128 935 ardor,

555 993 688 1045 quo,
715 990 835 1030 cum
866 974 1322 1027 scandalizaretur
1343 972 1638 1040 quispiam,
1667 968 1954 1033 urebatur;
1980 980 2134 1019 amor

556 1070 609 1123 in
645 1083 793 1131 suos,
826 1082 958 1140 quos
984 1066 1177 1119 ﬁliolus
1200 1064 1539 1135 appellabat,
1566 1062 1814 1129 gaudium
1848 1074 1969 1111 cum
1998 1059 2133 1111 bene

558 1165 944 1233 procederent,
1000 1175 1134 1229 quos
1189 1161 1411 1214 eosdem
1466 1158 1719 1223 gaudium
1769 1164 1823 1208 et
1876 1168 2130 1208 coronant

552 1272 705 1311 suam
756 1255 1018 1320 vocabat;
1049 1253 1203 1307 dolor
1233 1266 1354 1305 cum
1389 1266 1416 1303 a
1452 1256 1599 1304 recta
1638 1247 1878 1302 veritatis
1910 1258 1961 1299 et
2013 1245 2132 1298 ﬁdei

556 1349 639 1400 via
674 1346 1031 1410 oberrabant;
1062 1346 1322 1399 severitas
1350 1352 1405 1397 et
1430 1340 1722 1396 acrimonia
1754 1340 1805 1392 in
1836 1337 2132 1407 reprelien-

557 1442 754 1505 dcndo,
791 1440 931 1493 unde
964 1436 1205 1506 epistola:
1245 1434 1365 1505 ejus
1416 1432 1619 1502 graves’
1651 1440 1706 1485 et
1750 1444 1982 1495 severae;
2014 1441 2135 1496 per.

556 1535 864 1593 secutiones
904 1533 1137 1601 denique
1170 1544 1303 1599 quas
1348 1528 1660 1598 complures
1703 1530 2133 1588 commemorat;

555 1645 642 1690 ea.
681 1628 925 1696 inquam,
958 1640 1084 1690 erga
1116 1622 1330 1676 unicam
1360 1634 1513 1673 suam
1542 1617 1837 1673 Ecclesium
1873 1615 1927 1668 in
1955 1612 2130 1667 Theo-

558 1724 733 1792 phane
790 1720 956 1773 fuisse
1009 1732 1114 1771 non
1168 1715 1418 1770 obscuris
1470 1711 1684 1767 indit-iis
1732 1707 2130 1774 intelliguntur.

556 1812 815 1867 lnstautia
864 1812 1006 1862 enim
1051 1817 1105 1861 et
1150 1806 1442 1863 assiduitas
1475 1796 1923 1857 subministrandi
1969 1797 2131 1851 divini

559 1907 729 1968 verbi,
779 1903 1111 1971 cogendique
1158 1900 1223 1955 ad
1270 1898 1517 1971 synasim
1554 1892 1732 1964 populi
1769 1892 1874 1957 sui,
1909 1900 2135 1960 apparet

557 2016 620 2055 ex
662 1997 922 2071 prooemio
967 1998 1110 2049 ItOlll.
1151 1993 1223 2047 De
1262 1991 1568 2045 centurione
1612 1985 1822 2055 (lioniil.
1860 1982 2007 2053 ut),
2042 1981 2132 2036 ubi

557 2094 717 2148 bonis
773 2089 1029 2160 operibus
1080 2085 1351 2143 diabolum
1407 2098 1591 2137 moras
1636 2090 1690 2134 et
1749 2077 2131 2147 impedimenta

559 2186 794 2254 obiicere
848 2184 946 2246 ait,
1007 2179 1153 2250 quod
1202 2177 1381 2233 oblata
1430 2173 1672 2243 iudiciali
1725 2168 2130 2232 controversia,

560 2293 669 2347 quo
696 2285 938 2344 tempore
973 2287 1149 2326 sermo
1185 2266 1462 2325 habendus
1489 2276 1655 2327 esset,
1679 2263 1788 2331 jam
1820 2276 1987 2331 prope
2015 2258 2135 2327 ejus

558 2367 848 2421 ademisset
901 2360 1358 2432 opportunitatem
1402 2357 1518 2411 :de
1567 2370 1675 2423 quo
1723 2368 1781 2409 se
1837 2351 2131 2409 sollicitum

556 2459 725 2513 fuisse
754 2456 1011 2518 ostendit,
1045 2462 1209 2521 atque
1243 2463 1354 2504 rem
1393 2447 1695 2516 expedisse,
1743 2459 1811 2497 ne
1854 2442 2021 2498 verbo
2052 2441 2135 2495 di-

555 2552 684 2606 vino
714 2550 944 2602 deesset.
982 2541 1048 2597 Et
1077 2541 1265 2597 eadem
1302 2537 1523 2593 ltomilia
1557 2537 1659 2591 sub
1692 2536 1851 2588 ﬁnem
1886 2538 2135 2598 excusat,

558 2642 702 2715 quod
738 2637 939 2707 aliquid
968 2638 1022 2691 in
1049 2631 1367 2704 explicando
1411 2630 1693 2699 superiore
1726 2635 1875 2682 textu
1911 2634 2135 2695 praster-

557 2735 793 2799 miserit,
827 2746 891 2785 eo
918 2730 1057 2798 quod
1101 2726 1295 2780 mentis
1333 2723 1560 2779 attentio
1590 2735 1769 2776 rerum
1801 2716 2133 2773 ecclesiasti-

556 2844 743 2887 carum
793 2822 1158 2881 sollicitudiue
1220 2819 1323 2873 sibi
1379 2816 1778 2886 impediretur:
1812 2822 1866 2867 et
1913 2811 2131 2866 homitia

562 2924 634 2978 De
680 2929 863 2975 sancto
906 2914 1191 2969 Paucratio
1222 2910 1435 2981 (Itomil.
1469 2907 1626 2978 Lvn).
1656 2906 1745 2962 ubi
1778 2904 2025 2975 quamvis
2065 2918 2131 2956 ex

557 3016 752 3071 itinere
781 3010 955 3065 lessus
984 3015 1130 3061 esset
1169 3019 1236 3059 ac
1285 3002 1510 3065 fractus,
1551 3014 1617 3054 ne
1666 3007 1843 3053 tamen
1894 2993 2131 3051 sermoni

558 3110 789 3167 deesset,
821 3100 1119 3158 inﬁrmitati
1156 3096 1403 3167 corporis
1450 3094 1555 3146 vim
1606 3106 1666 3146 se
1717 3090 1897 3145 facere
1942 3088 2079 3142 velle
2115 3104 2129 3139 :

555 3213 783 3268 eamque
810 3208 1081 3262 nunquam
1110 3197 1318 3244 tantum
1346 3186 1549 3250 valere,
1576 3194 1633 3237 ut
1658 3197 1820 3252 opera
1849 3181 2133 3235 cbaritatis

559 3291 839 3353 itnnediat,
860 3294 1129 3352 oportere.
1158 3279 1421 3335 Praeclara
1445 3286 1573 3333 sunt
1593 3277 1753 3329 etiam
1784 3275 1849 3327 ad
1879 3273 1929 3326 id
1954 3281 2137 3327 osten-

559 3384 789 3437 dendum
840 3378 929 3430 illa
980 3390 1098 3442 qua:
1146 3371 1280 3425 dicit
1314 3371 1462 3425 hom.
1512 3366 1590 3422 De
1638 3365 1892 3420 Passione
1922 3363 2132 3431 (liomil.

558 3474 750 3543 xxvii).
783 3469 915 3524 Cum
947 3468 1090 3520 enim
1120 3474 1263 3519 esset
1295 3460 1520 3547 pOpulus
1554 3458 1831 3514 nocturnis
1863 3456 2058 3524 vigiliis
2084 3464 2138 3508 et

557 3566 749 3621 olllciis
781 3562 1131 3626 defatigatus,
1161 3570 1230 3609 ne
1278 3554 1534 3608 molestus
1578 3558 1633 3603 et
1681 3549 1860 3616 gravis
1888 3546 2135 3599 addendo

562 3670 669 3711 tant
699 3658 856 3723 10!th
883 3662 1136 3704 sermone
1157 3648 1453 3710 videretur,
1479 3645 1561 3697 liis
1588 3658 1647 3697 se
1670 3643 1845 3695 verbis
1869 3652 2093 3693 excusat
2119 3655 2133 3691 :

573 3755 759 3807 Verum
805 3747 1053 3817 ignoscite
1103 3741 1249 3802 mihi,
1283 3738 1407 3807 quia
1457 3744 1628 3790 vestro
1673 3734 1865 3788 satiari
1898 3730 2135 3799 profectu

560 3863 660 3900 non
686 3858 911 3910 possunt,
938 3848 985 3891 et
1009 3852 1112 3905 quo
1132 3834 1249 3902 plus
1277 3830 1413 3884 lucri
1438 3830 1672 3897 faciatis,
1702 3827 1932 3877 studium
1958 3824 2138 3875 mentis

558 3936 830 3989 int‘endite.
859 3929 965 3983 Nic
999 3938 1331 3996 postremum
1365 3920 1489 3974 illud
1521 3922 1589 3973 sit
1619 3915 1905 3986 pastoralis
1933 3913 2135 3967 sollici—

561 4026 764 4082 tudinis
795 4028 1197 4089 argumentum,
1230 4013 1369 4082 quod
1407 4026 1528 4064 cum
1574 4009 1820 4062 inﬁrmus
1849 4016 1981 4058 esset
2019 4018 2137 4056 enr-

560 4134 689 4189 porc
737 4128 789 4171 et
824 4128 1013 4170 senex.
1051 4126 1158 4165 non
1209 4115 1390 4161 tamen
1439 4105 1507 4158 ab
1556 4101 1730 4157 ollicio
1781 4096 2133 4151 ιόιιςίυιιηιιιιί

559 4186 866 4264 desisteret.
913 4203 977 4257 Et
1021 4202 1067 4255 si
1106 4201 1287 4269 igitur,
1333 4197 1527 4264 inquit,
1561 4195 1613 4246 in
1642 4191 1787 4246 lium.
1829 4188 1904 4242 Ile
1934 4186 2135 4240 sanctis

560 4301 916 4372 imaginibus,
974 4294 1207 4361 cat-poris
1264 4287 1601 4343 imbecillitas
1667 4300 1773 4337 non
1830 4281 2132 4352 permittat.

562 4409 815 4467 quantum
854 4388 983 4444 satis
1016 4396 1113 4449 est,
1148 4383 1401 4437 sermonis
1447 4379 1611 4448 oﬂicio
1658 4375 1893 4444 deluugi,
1929 4374 2134 4426 modica

561 4504 735 4541 tamen
789 4485 957 4537 dicere
1003 4496 1102 4533 non
1139 4476 1367 4545 pigebit;
1412 4488 1474 4526 ne
1515 4472 1563 4524 si
1609 4474 1821 4522 omnino
1864 4468 2136 4526 sileamus,

562 4579 821 4635 iniustitia
855 4573 1145 4643 afﬁciamus
1174 4583 1259 4622 eos
1296 4567 1384 4635 qui
1418 4571 1782 4618 conrenerunt.
1817 4559 1882 4611 Et
1917 4556 2135 4611 humilia

562 4678 615 4727 in
664 4670 873 4724 tertium
917 4662 1235 4720 llatutinum
1273 4656 1482 4729 (homil.
1532 4650 1687 4720 xxx),
1722 4652 1794 4703 ita
1843 4662 1901 4701 se
1950 4648 2138 4700 morbo

563 4765 834 4819 laborasse
878 4754 1168 4827 signiﬁcat,
1202 4761 1259 4805 ut
1290 4758 1515 4805 coactus
1547 4747 1616 4798 sit
1650 4744 1887 4795 latiorem
1920 4737 2135 4792 dicendi

565 4855 943 4913 intermittere,
992 4846 1058 4900 ad
1105 4858 1264 4914 quem
1313 4851 1493 4894 tamen
1546 4835 1759 4889 rediens
1793 4832 1869 4885 sic
1914 4831 2033 4884 ait:
2068 4830 2139 4881 At

564 4963 683 5002 vero
712 4940 891 4997 mentis
920 4946 1110 4991 nostra:
1139 4944 1340 4987 torrens
1368 4926 1599 4981 humoris
1624 4938 1804 4990 expers
1831 4930 1880 4975 et
1904 4920 2138 4973 exsicca-

567 5050 650 5092 tus
683 5033 947 5103 praterito
989 5041 1117 5081 sane
1160 5033 1387 5090 tempore
1431 5017 1521 5070 diu
1569 5012 1839 5074 conticuit,
1879 5008 2140 5064 laboranti

567 5126 773 5195 corpori
800 5137 993 5176 morem
1015 5133 1217 5189 gerens,
1242 5129 1375 5167 nunc
1395 5127 1513 5165 vero
1531 5107 1944 5176 evangelicamm
1966 5102 2139 5156 consi-

566 5219 899 5273 derationum
962 5212 1099 5281 {ante
1149 5207 1436 5277 irrigatus,
1507 5215 1687 5254 carum
1740 5196 2139 5265 explicationem

567 5310 833 5381 effundere
880 5309 1145 5373 proyerat.
1195 5299 1301 5352 Sed
1351 5295 1483 5349 nihil
1536 5292 1706 5361 magis
1756 5292 1857 5343 ltoc
1904 5290 2139 5342 studium

570 5379 794 5451 docendi
831 5392 1009 5463 populi
1039 5399 1091 5444 ct
1111 5388 1431 5441 cltaritatem
1464 5383 1517 5437 itt
1549 5397 1672 5435 eum
1700 5379 1956 5443 declarat,
1977 5393 2139 5446 quant

569 5486 886 5557 prowmium
917 5480 1145 5536 homilia:
1187 5479 1237 5532 in
1274 5475 1651 5529 da'moniacum
1678 5468 1949 5523 habentem
1979 5470 2142 5536 legio-

570 5593 683 5631 nem
739 5573 948 5644 (lioniil.
992 5572 1089 5639 Ix).
1142 5568 1232 5621 Sic
1282 5566 1426 5619 enim
1482 5558 1960 5629 iucipit:Coltibet
2016 5557 2140 5608 milii

570 5671 801 5733 linquam
830 5667 1042 5717 adversa
1070 5661 1301 5730 carparis
1326 5655 1588 5719 valetudo,
1612 5652 1700 5706 sed
1731 5652 1962 5704 eamdem
1992 5650 2144 5701 solvit

574 5758 890 5813 desiderium
930 5751 1261 5824 perfectionis
1297 5749 1577 5810 Ecclesia;
1608 5745 1817 5797 dolores
1864 5742 2015 5795 silere
2053 5756 2139 5793 co-

1538 295 1938 355 FIIANCISCI
1990 292 2251 353 SliOllSl
2294 294 2725 356 ΡΗΟΠΞΜΙΠΜ
2768 296 2844 356 ll.

3719 294 3814 357 112

2233 419 2382 477 gunt‘,
2418 428 2567 463 amor
2597 412 2783 464 suadet
2824 417 2879 463 ut
2914 410 3135 481 loquar;
3169 416 3217 462 et
3249 410 3375 462 mihi
3404 408 3611 477 quidem
3654 411 3814 461 morbi

2230 501 2521 554 consolatio
2552 512 2623 554 est
2659 501 2915 555 vobiscum
2963 502 3198 566 conferre
3234 515 3509 553 sermones.
3560 498 3704 551 Talis
3745 508 3816 551 est

2228 586 2431 638 sincera
2468 588 2735 653 Charitas;
2763 605 2883 659 qua’
2913 592 3241 641 extrinsecus
3284 590 3552 647 arci/unt,
3584 596 3815 640 eontem-

2230 680 2339 742 nit;
2370 680 2423 733 id
2459 697 2573 734 vero
2603 685 2740 751 quod
2770 694 2980 735 antu-tur
3012 686 3239 741 in’ncns.
3270 682 3583 734 delectatur.
3626 678 3814 731 Verum

2229 775 2442 840 quando
2470 776 2539 828 ad
2570 780 2864 829 satietatem
2899 777 3109 846 obsequi
3141 776 3399 827 desiderio
3443 791 3543 826 non
3589 774 3730 834 licet,
3765 784 3819 825 et

2230 873 2424 918 caetera
2454 866 2715 935 legantur.
2753 866 2805 920 lu
2842 870 3061 921 ltontilia
3105 867 3177 920 De
3206 870 3457 931 parabala
3485 870 3666 921 det-em
3706 866 3820 917 mil—

2226 956 2359 1011 lium
2406 960 2729 1013 talentorum
2781 960 2990 1029 (liomil.
3031 966 3090 1027 tt)
3127 960 3368 1013 allectum
3403 960 3558 1013 senio
3598 968 3814 1013 aetatem

2231 1048 2429 1114 innuit,
2483 1050 2670 1105 dicens
2719 1050 2852 1103 :lta
2905 1067 3030 1104 sane
3077 1061 3123 1104 et
3157 1067 3249 1119 ego
3299 1062 3521 1104 uestrum
3560 1053 3613 1103 in
3667 1053 3820 1102 rebus

2228 1140 2415 1192 divinis
2444 1158 2770 1211 progressum
2798 1142 3044 1209 coniicio,
3069 1142 3219 1194 clatri
3251 1142 3538 1206 auditores,
3571 1142 3713 1210 quod
3739 1157 3821 1193 me

2228 1232 2300 1284 ad
2340 1232 2546 1287 labores
2581 1234 2815 1301 corporis
2859 1236 3032 1286 minus
3078 1244 3257 1299 aptum
3289 1250 3477 1301 easque
3523 1238 3822 1287 detrectan-

2229 1330 2332 1375 tem
2369 1338 2664 1390 prompum
2700 1323 2864 1375 animi
2907 1324 3063 1376 reslri
3109 1324 3337 1377 studium
3382 1324 3581 1376 excitat
3620 1323 3691 1375 ad
3732 1325 3823 1374 do-

2232 1417 2477 1469 cendum.
2515 1416 2631 1470 Jam
2684 1432 2816 1471 vero
2865 1417 3040 1470 zelum
3091 1428 3145 1471 et
3193 1416 3440 1471 ardorem
3491 1416 3698 1480 animi,
3752 1429 3819 1470 ne

2227 1511 2751 1575 scandalizarcntur,
2776 1520 2830 1563 et
2854 1526 3070 1565 errores
3100 1511 3244 1565 circa
3269 1526 3453 1565 veram
3482 1508 3609 1564 ﬁdei
3642 1509 3817 1562 Evan-

2229 1600 2464 1668 geliique
2506 1600 2808 1654 doctrinam
2853 1600 3154 1679 haurirent,
3197 1601 3436 1655 Ostendit
3486 1602 3713 1655 ltotnilia
3748 1601 3818 1653 De

2229 1690 2449 1746 muliere
2497 1708 2657 1745 curua
2699 1691 2916 1756 (ltomil.
2965 1693 3085 1762 xu),
3136 1694 3224 1747 ubi
3282 1692 3420 1748 lucis
3467 1694 3734 1747 inertibm
3764 1700 3817 1745 et

2227 1786 2674 1840 causnmentibns
2702 1801 2860 1856 apum
2886 1788 3120 1849 labores,
3149 1788 3340 1843 deinde
3367 1803 3555 1842 earum
3580 1788 3815 1841 adventu

2233 1892 2638 1946 congressuque
2671 1878 2997 1947 fugientibus
3020 1891 3297 1949 comparat
3331 1881 3609 1950 improbos
3642 1881 3818 1933 timui.

2233 1985 2330 2024 nes
2383 1981 2436 2024 et
2470 1972 2761 2026 seditiosos
2810 1973 2861 2025 in
2918 1970 3174 2025 Ecclesia.
3228 1973 3375 2026 Tales
3427 1985 3575 2038 sunt,
3623 1974 3811 2040 inquit,

2227 2063 2535 2115 comedones
2571 2074 2901 2133 raptoresque
2928 2065 2981 2117 in
3006 2063 3277 2130 Ecclesia;
3316 2067 3690 2119 discessionem
3722 2082 3817 2119 uo—

2225 2166 2390 2206 stram
2422 2154 2736 2209 observant:
2764 2157 2885 2209 inple
2930 2160 3122 2224 impetu
3158 2158 3296 2224 [acto
3332 2157 3529 2210 damna
3569 2158 3819 2211 ecclesia-

2226 2247 2370 2299 sticis
2404 2247 2551 2327 rebus
2585 2249 2868 2316 important
2886 2264 2908 2312 ;
2936 2260 2988 2301 at
3033 2266 3149 2302 itero
3193 2250 3386 2317 linguis
3413 2260 3611 2303 nostra’
3650 2252 3814 2302 aciem

2225 2343 2663 2409 pertimescentes.
2695 2352 2878 2394 coacta
2902 2342 3242 2409 factiosorum
3280 2358 3441 2393 ntanu
3479 2358 3573 2407 per
3595 2342 3814 2395 insidias

2227 2450 2320 2487 nos
2350 2450 2651 2503 oppugnare
2673 2448 2967 2499 conantur;
3004 2436 3158 2488 modo
3194 2435 3247 2487 in
3290 2435 3415 2487 aula
3451 2435 3668 2500 Caiplttc
3692 2452 3813 2488 con-

2226 2523 2407 2578 cilium
2442 2523 2714 2594 facientcr,
2751 2526 2904 2578 modo
2936 2527 2988 2579 in
3038 2526 3387 2579 Pi'trcursoris
3430 2528 3665 2580 oratorio
3697 2541 3815 2578 cou-

2228 2615 2503 2668 stituentes
2528 2615 2819 2681 improbum
2864 2615 3300 2677 conciliabulum,
3342 2626 3388 2667 et
3415 2631 3482 2667 ex
3513 2600 3813 2683 baptisteria

2227 2704 2543 2758 insidiarum
2582 2706 2969 2768 receptaculum
3002 2703 3276 2774 facientes.
3305 2700 3474 2771 Cujus
3506 2703 3581 2754 rei
3612 2696 3815 2755 causa?

2232 2793 2301 2849 Ut
2331 2793 2621 2859 expellatur
2648 2792 2806 2845 Isaac
2836 2802 2884 2845 et
2932 2792 3129 2845 lsmael
3160 2794 3556 2844 introducatur.
3576 2788 3705 2844 'Sed
3735 2786 3810 2839 illi

2224 2887 2433 2959 quidem
2472 2886 2703 2955 (agrum,
2737 2893 2795 2937 ut
2822 2886 3028 2945 videtis,
3049 2901 3165 2938 cum
3190 2888 3461 2937 custodias
3484 2884 3810 2937 animaduer-

2229 2987 2366 3040 tunt,
2381 2987 2429 3031 et
2448 2976 2809 3029 imbecilliores
2825 2991 2891 3028 ex
2907 2976 3083 3028 ovibus
3102 2985 3415 3037 avertentes,
3441 2992 3598 3029 aures
3623 2976 3691 3028 ad
3713 2991 3811 3027 ser-

2229 3084 2428 3121 monem
2470 3067 2671 3136 aspidis
2693 3068 2862 3119 instar
2879 3066 3183 3119 occludunt.
3214 3064 3324 3119 Nos
3349 3083 3495 3129 vero,
3521 3083 3550 3120 ο
3571 3066 3692 3120 (ιιινί
3715 3064 3809 3119 mei

2228 3170 2408 3223 catus,
2421 3174 2598 3213 eorum
2612 3159 2855 3227 impetum
2872 3158 3208 3222 declinantes,
3226 3170 3329 3211 etc.
3348 3157 3625 3227 Exscripsi
3649 3168 3804 3212 totum

2230 3251 2374 3305 hunc
2403 3250 2607 3315 locum,
2632 3250 2759 3319 quia
2786 3250 3025 3302 continet
3046 3248 3273 3301 illustria
3301 3250 3553 3319 exempla
3580 3262 3686 3301 tum
3713 3244 3799 3299 zeli

2230 3340 2297 3396 de
2328 3356 2435 3409 quo
2464 3341 2721 3401 diximus,
2758 3354 2825 3393 ne
2870 3348 3242 3393 averterentur
3280 3355 3309 3391 a
3354 3350 3505 3394 recta
3552 3342 3633 3393 via
3662 3350 3792 3395 oves.

2233 3443 2343 3489 tum
2374 3432 2492 3502 ejus
2522 3434 2572 3486 in
2599 3429 2939 3503 obiurgando
2971 3432 3301 3496 acrimonia,
3341 3442 3452 3485 tttm
3488 3435 3649 3488 etiam
3676 3425 3788 3481 insi-

2229 3528 2441 3579 diarum
2488 3535 2543 3579 et
2588 3526 3007 3593 persecutionis,
3041 3539 3159 3593 quae
3206 3522 3360 3575 initio
3407 3521 3791 3593 proposuimus.

2231 3622 2367 3686 Quid
2394 3621 2535 3673 enim
2565 3626 2647 3673 est
2677 3618 2886 3680 conari,
2916 3627 2971 3669 ut
3001 3616 3301 3685 expellatur
3347 3616 3503 3672 lsaac
3536 3628 3584 3671 et
3620 3608 3797 3667 lunari

2232 3712 2625 3775 introducatur,
2669 3709 2771 3762 nisi
2824 3709 3022 3763 bonum
3073 3718 3124 3761 et
3160 3706 3457 3777 legitimum
3502 3708 3799 3776 episcopum

2230 3813 2283 3857 et
2314 3812 2579 3873 pastorem
2615 3803 2679 3856 de
2714 3815 2807 3855 sua
2842 3798 3079 3854 Ecclesia
3110 3799 3422 3860 extrudere,
3474 3807 3528 3853 et
3575 3804 3793 3864 perver-

2231 3914 2348 3951 sum
2402 3897 2845 3965 illegitimumque
2891 3894 3205 3949 intrudere?
3247 3894 3377 3962 quid
3430 3908 3499 3947 ex
3552 3890 3650 3942 hoc
3697 3879 3796 3937 nisi

2234 3992 2404 4056 pictas
2435 3986 2665 4055 etsi-lus
2696 3984 2817 4039 boni
2852 3984 3085 4055 pastoris
3116 3981 3408 4052 colligitur,
3448 3977 3593 4033 unde
3621 3970 3796 4026 odium

2233 4082 2339 4135 sibi
2378 4082 2515 4150 apud
2563 4080 2757 4148 impios
2802 4093 2864 4130 ac
2913 4075 3252 4129 facinorosos
3285 4067 3590 4124 conﬂabat?
3615 4063 3801 4138 Ouum

2227 4177 2387 4239 enim,
2424 4174 2596 4241 inquit
2630 4170 2940 4238 Apostolus,
2968 4167 3057 4237 qui
3093 4165 3269 4218 uolunt
3298 4164 3378 4229 pie
3412 4164 3601 4220 uiuere,
3632 4167 3801 4226 perse-

2231 4268 2491 4319 cutionem
2516 4264 2798 4332 patientur.
2836 4260 2896 4311 l'lt
2930 4261 2980 4311 in
3028 4259 3130 4309 alio
3151 4254 3446 4321 exemplari
3486 4251 3697 4320 legitur,
3728 4238 3795 4293 Ut

2228 4357 2396 4411 Jacob
2423 4356 2717 4423 expellatur
2741 4361 2790 4405 et
2843 4349 2989 4401 Esau
3026 4347 3426 4407 intrarlui'atur;
3471 4339 3611 4409 quod
3662 4337 3794 4386 idem

2230 4449 2520 4520 signiﬁcat,
2558 4444 2785 4498 electum
2813 4441 3015 4494 scilicet
3042 4454 3069 4490 a
3106 4439 3209 4487 υιιο
3240 4444 3508 4504 pastorem
3536 4436 3590 4483 et
3618 4436 3799 4493 repro-

2232 4518 2356 4597 btitn
2403 4539 2705 4594 exclusum.
2757 4533 2828 4586 Ex
2863 4533 3022 4597 huius
3068 4528 3252 4581 itidem
3290 4524 3527 4577 humilia:
3568 4518 3672 4571 line
3709 4525 3796 4564 εο-

2232 4632 2509 4702 gnoscitur
2530 4629 2672 4683 zelus
2693 4627 2744 4679 in
2770 4626 2912 4678 vitiis
2944 4618 3433 4691 reprehendendis,
3457 4627 3579 4670 cum
3609 4606 3801 4661 acriter

2235 4723 2718 4779 inveltiiurcontra
2756 4716 3022 4784 periuros.
3055 4713 3333 4776 Quousque
3357 4706 3587 4763 tandem,
3611 4691 3796 4762 inquit.

2233 4817 2302 4869 ad
2342 4811 2727 4873 contentiones,
2772 4819 2818 4861 et
2862 4807 3030 4867 rixas,
3080 4781 3799 4869 etperjuriaincumbentm?

2238 4908 2321 4961 Me
2349 4906 2557 4974 quidem
2590 4904 2773 4954 horror
2804 4910 2851 4952 et
2909 4906 3102 4949 tremor
3144 4892 3337 4946 ini-adit
3389 4887 3795 4944 considerantem

2233 5014 2391 5069 quant
2430 4994 2609 5050 crebra
2655 4995 2710 5045 in
2744 4990 3097 5044 tribunalibus
3137 4989 3447 5055 juramenta
3495 4979 3648 5049 ﬁant,
3693 4980 3793 5021 NC-

2235 5061 2382 5144 ldem
2415 5087 2644 5142 habetur
2674 5098 2740 5139 ex
2794 5083 2937 5135 hom.
2973 5095 3139 5133 unt:
3178 5076 3376 5145 Aliqui,
3405 5071 3589 5141 inquit,
3627 5061 3797 5125 (Λύκτ-

2234 5182 2534 5254 gationibus
2553 5176 2729 5245 puncti
2756 5174 3077 5226 hortationes
3104 5169 3334 5239 fugiunt,
3382 5162 3531 5229 quasi
3569 5146 3794 5228 [νεηειίτί

2237 5278 2495 5335 medicos;
2538 5280 2590 5325 et
2642 5282 2707 5320 ex
2750 5268 2895 5318 Imm.
2943 5277 3067 5323 λιν,
3127 5259 3201 5311 De
3245 5258 3405 5310 dit-ite
3448 5248 3794 5313 interrogante

2240 5369 2543 5428 Dominum,
2572 5362 2713 5413 idem
2750 5357 3019 5425 colligitur
3046 5352 3197 5405 zelus
3229 5360 3281 5403 et
3316 5350 3394 5403 vis
3428 5348 3479 5399 in
3512 5341 3791 5428 objurgati-

2239 5463 2322 5515 dis
2353 5455 2632 5524 improbis.
2664 5452 2797 5505 Cum
2825 5462 2966 5501 enim
2990 5460 3083 5499 eos
3105 5441 3404 5497 vulturibus
3433 5446 3485 5492 et
3515 5418 3790 5524 scarabais

2238 5555 2440 5611 similes
2476 5551 2709 5612 fecisset,
2744 5546 2833 5615 qui
2864 5550 3183 5596 aversantur
3209 5552 3353 5593 sanae
3387 5514 3787 5615 doctrinzodo'

2234 5661 2346 5705 rcs,
2381 5642 2535 5696 sicuti
2582 5638 2845 5692 columbis
2888 5650 2950 5688 ac
2983 5632 3282 5686 turturibus
3330 5627 3496 5680 bonos
3529 5613 3614 5685 qui
3638 5607 3788 5705 PM"

2241 5740 2404 5793 odore
2428 5732 2656 5805 gaudent
2686 5742 2735 5781 et
2765 5728 2903 5781 \ires
2931 5732 3173 5787 sumunt,
3195 5721 3267 5775 ita
3297 5709 3590 5784 subjungit:
