4104 6290
530 401 633 471 115

522 522 726 578 rideam
763 540 785 580 :
815 524 910 580 sed
977 526 1138 581 ct’am
1206 536 1406 584 interna
1460 528 1736 601 Sapientia
1788 530 2092 588 Pharisms

526 616 953 685 reprehendens,
986 615 1259 684 Quomodo
1291 636 1381 675 eos
1439 624 1657 691 potestis
1712 621 1849 677 bona
1917 621 2089 691 loqui.

520 724 639 765 cum
669 711 783 766 sizis
804 712 978 767 mali!
1023 712 1196 769 Ilomo
1223 714 1287 771 de
1318 717 1451 772 bono
1494 716 1741 772 thesauro
1782 716 1959 774 cordis
2008 721 2093 774 sui

518 807 722 878 profert
753 807 911 873 bona,
942 818 991 863 et
1028 810 1201 866 malus
1242 811 1396 866 homo
1428 812 1494 867 de
1526 810 1668 867 ntalo
1690 813 1937 869 thesauro
1968 827 2091 882 pro-

521 898 625 968 fert
666 900 810 955 mala
835 917 858 967 ;
903 916 969 956 ea:
1002 903 1334 957 abundantia
1360 903 1500 958 enim
1534 907 1709 958 cordis
1738 920 1797 959 os
1835 905 2092 975 loquitur.

521 991 677 1058 Quod
711 994 783 1048 ita
814 1008 845 1049 a
877 993 1098 1051 Christo
1128 995 1335 1052 dictum
1365 996 1653 1067 accipitur,
1681 1009 1740 1051 ut
1772 997 2093 1068 plerumque

522 1086 595 1137 ita
630 1088 952 1154 usuveniat;
986 1100 1039 1144 et
1072 1088 1404 1158 experientia
1438 1088 1649 1157 doceat,
1678 1105 1783 1146 non
1810 1102 1965 1160 posse
1983 1098 2093 1145 tam

519 1182 609 1235 diu
640 1182 878 1253 aliquem
906 1183 976 1237 ita
1002 1186 1207 1239 vultum
1237 1192 1291 1238 et
1316 1185 1622 1240 orationem
1657 1182 1882 1255 (lingere,
1905 1191 2091 1240 utnon

519 1278 575 1331 in
612 1276 794 1347 aliquo
835 1278 1051 1332 obtecta
1115 1270 1320 1332 malitia
1375 1277 1835 1349 deprehendatur.
1882 1287 1944 1334 ut
1986 1291 2091 1334 non

518 1378 785 1422 Venenum
822 1368 1043 1423 tandem
1078 1367 1132 1422 in
1180 1369 1291 1423 imo
1322 1368 1569 1424 residens
1612 1377 1849 1425 evomat.
1901 1363 2092 1440 itaque

518 1475 643 1516 cum
675 1459 732 1517 in
765 1460 851 1518 his
896 1460 1245 1518 sermonibus
1278 1459 1625 1533 Theophanis
1654 1462 1904 1519 Ccramei
1956 1463 2093 1521 nihil

518 1553 671 1611 illum
698 1568 863 1629 agere
901 1552 1072 1622 aliud,
1102 1555 1237 1611 nihil
1267 1555 1493 1612 studere
1526 1557 1760 1625 videam,
1790 1568 1956 1627 quam
1993 1570 2092 1612 an-

517 1646 733 1701 tlitores
776 1660 906 1702 suos
932 1645 1001 1701 ad
1034 1645 1290 1701 virtutem
1340 1644 1639 1703 informare
1675 1657 1733 1703 et
1763 1646 2092 1713 incendere;

518 1748 643 1796 eum
696 1752 916 1793 onmem
957 1736 1378 1809 explicationem
1413 1737 1689 1808 Evangelii
1728 1737 1796 1794 ad
1836 1722 2093 1794 virtuium

519 1831 967 1888 exercitationem
1020 1832 1421 1903 utilitatemque
1448 1831 1756 1888 auditorum
1812 1833 1882 1887 de
1926 1831 2090 1887 indu-

522 1928 661 1983 stria
690 1926 937 1984 conferat
956 1939 1013 1985 et
1043 1928 1435 1992 accommodet,
1466 1926 1707 1994 nihilque
1730 1926 1802 1981 sit
1835 1924 2095 1981 doctrina

522 2020 746 2075 moralis
770 2020 913 2090 quod
950 2033 1056 2076 non
1099 2032 1400 2076 consonum
1442 2018 1704 2072 doctrinm
1743 2014 2094 2084 moribusque

516 2122 835 2169 sanctorum
865 2111 1111 2180 Palmm,
1140 2110 1275 2168 nihil
1297 2110 1444 2182 quod
1472 2124 1579 2167 non
1592 2112 1767 2166 solum
1785 2106 1911 2163 vitia
1942 2109 2094 2163 dam-

517 2214 610 2262 net
635 2204 1005 2276 virtutemque
1053 2202 1426 2271 commendet,
1473 2204 1571 2259 sed
1616 2201 1782 2256 etiam
1817 2215 2090 2256 summum

515 2300 774 2372 perlecta
798 2297 1019 2353 virtutis
1045 2297 1253 2368 apicem
1285 2303 1521 2368 spectet,
1555 2298 1719 2366 idque
1745 2308 1942 2367 magno
1965 2303 2089 2345 cum

518 2389 680 2445 animi
706 2388 907 2454 studio,
938 2402 1098 2444 sensu
1129 2397 1297 2458 atque
1322 2389 1514 2443 ardore
1535 2388 1733 2457 Impius
1762 2398 1819 2442 et
1854 2380 2092 2452 graviter

517 2479 842 2537 inculcatum
893 2481 1345 2545 animadvertam,
1395 2479 1619 2536 credere
1669 2478 1801 2535 mihi
1852 2473 2092 2549 proiecto

512 2571 663 2634 licet.
697 2585 796 2628 eas
815 2571 869 2627 in
898 2586 956 2629 se
978 2574 1291 2629 exercuisse
1332 2574 1583 2637 virtutes,
1633 2578 1692 2627 et
1718 2567 1911 2627 iecisse
1941 2569 2093 2641 prius

514 2679 680 2735 quam
730 2664 1025 2734 docuisse;
1078 2675 1135 2722 et
1177 2676 1301 2722 cam
1335 2680 1527 2723 omnes
1566 2662 1802 2723 homiiim
1834 2664 2092 2736 pietatem

516 2756 982 2827 sanctitatemque
1031 2754 1403 2812 Christianam
1430 2765 1487 2813 et
1513 2754 1821 2825 religiosam
1858 2754 2090 2825 spirent,

513 2846 662 2918 pium
697 2847 878 2903 itidem
912 2862 977 2904 ac
1006 2847 1315 2918 religiosum
1347 2860 1469 2902 eum
1516 2844 1686 2902 fuisse
1718 2846 1921 2900 virum.
1979 2842 2091 2899 Sed

512 2949 637 2994 eam
685 2939 756 2995 de
802 2940 950 2995 omni
1002 2938 1495 3011 virtutumgenere
1546 2935 1603 2992 id
1660 2933 1775 2992 lieri
1825 2934 2090 3004 judicium

512 3019 696 3100 liceat,
728 3040 876 3090 certe
904 3030 972 3087 de
995 3029 1318 3097 humilitate,
1343 3042 1463 3101 qtue
1491 3028 1727 3085 maxime
1755 3033 1837 3081 est
1868 3042 2090 3099 χριστο-

514 3122 779 3196 μεμητος,
807 3133 867 3179 ιιι
890 3123 1133 3180 auctoris
1158 3122 1322 3180 etiam
1352 3122 1515 3177 verbo
1543 3132 1686 3185 utar,
1714 3120 1782 3175 de
1807 3128 2091 3188 contemp-

516 3216 661 3272 tione
688 3216 1022 3286 voluptatum
1057 3216 1323 3287 corporis,
1356 3213 1528 3286 deque
1556 3227 1768 3268 summa
1804 3214 2089 3281 perturba-

514 3312 717 3365 tionum
748 3310 912 3366 animi
945 3308 1193 3377 victoria,
1222 3321 1383 3379 quam
1414 3304 1885 3363 mortiﬁcationem
1917 3305 2088 3361 sancti

513 3407 728 3468 vocant,
756 3411 814 3458 et
847 3399 1208 3474 Theophanes
1249 3400 1326 3457 uti
1368 3398 1637 3457 Climacus
1680 3397 1948 3453 ἀπάθειαν
1981 3409 2088 3451 nan

516 3502 624 3549 uno
650 3493 769 3551 loco
789 3495 1045 3565 appellat,
1070 3494 1307 3551 maxima
1336 3500 1556 3549 exstant
1577 3490 1805 3559 judicia.
1838 3487 1996 3544 liom.
2025 3490 2091 3543 de

511 3583 740 3643 Zacbaa
775 3584 1006 3658 (honnil.
1032 3588 1130 3658 xv)
1165 3586 1246 3643 sic
1287 3583 1632 3641 commendat
1673 3580 2032 3639 humilitatem
2069 3599 2084 3636 :

511 3676 763 3747 Ζωβίας,
811 3682 1070 3753 festinans
1114 3679 1384 3737 descende.
1432 3678 1732 3751 Anagogico
1787 3692 1940 3732 sensu
1993 3689 2086 3729 nos

511 3771 660 3824 docet
710 3768 959 3824 Christus
1012 3768 1216 3823 nullunt
1269 3766 1421 3822 aliud
1467 3767 1633 3835 magis
1687 3765 1928 3820 idoneum
1978 3778 2088 3818 esse

510 3862 794 3932 pcnitendi
835 3862 1186 3932 principium,
1218 3877 1377 3931 quam
1416 3860 1742 3914 descensum.
1789 3856 1916 3913 Haec
1957 3870 2088 3911 vero

508 3963 595 4013 est
634 3955 670 4027 ἡ
706 3954 957 4026 μακαρία
982 3952 1334 4018 ταπείνωσις,
1377 3952 1532 4006 beata
1572 3950 1668 4007 illa
1698 3950 1993 4013 humilitas,
2022 3964 2087 4003 es

511 4054 730 4107 aduerso
758 4050 960 4106 diaboli
987 4050 1249 4120 superbia
1286 4048 1549 4117 opposita.
1606 4043 1693 4101 Vis
1730 4044 2084 4117 pamitentiarn

512 4143 778 4210 auspicari
805 4157 827 4198 .'
851 4143 1250 4213 {unda-sentum
1278 4150 1327 4194 et
1365 4139 1730 4193 inconcussam
1771 4135 2087 4207 pcnitcntiar

510 4238 677 4294 basim
712 4252 846 4305 pone
873 4235 1248 4291 humilitatem.
1278 4226 1564 4299 Deacende,
1593 4238 1652 4286 ut
1681 4229 1944 4287 attollaris
1982 4229 2086 4284 air-

510 4340 680 4383 tutunt
705 4330 807 4384 alis
835 4330 1060 4386 levatus.
1086 4325 1342 4384 Ean-dem
1379 4324 1701 4381 humilitatis
1737 4323 2077 4379 commenda-

510 4418 715 4473 tionem
744 4431 810 4473 ac
835 4416 1207 4472 celsitudinem
1247 4413 1412 4471 habes
1443 4413 1589 4470 hom.
1618 4414 1680 4467 de
1710 4410 2003 4468 Publicauo
2028 4420 2079 4468 et

510 4507 787 4564 Pharisaei
842 4508 1028 4580 (hom.
1079 4505 1227 4577 xvi).
1280 4505 1456 4577 Atque
1520 4504 1604 4561 his
1666 4502 1884 4573 quidem
1952 4503 2084 4559 locis

512 4602 749 4658 maxime
781 4602 923 4659 hanc
968 4600 1221 4655 virtutem
1266 4597 1491 4665 extollit,
1524 4598 1578 4653 in
1618 4596 1740 4651 aliis
1778 4609 1905 4649 vero
1931 4594 1998 4650 de
2026 4607 2085 4648 se

510 4695 624 4763 ipse
664 4692 1057 4749 demississime
1102 4689 1362 4761 loquitur.
1392 4687 1548 4745 "om.
1578 4691 1643 4743 de
1670 4684 2084 4759 Arcltisynagogi

508 4788 628 4856 [ilia
670 4796 723 4841 et
770 4782 1192 4840 Haemorrhois“
1240 4782 1449 4851 (homll.
1502 4781 1580 4853 x),
1625 4794 1747 4835 cum
1799 4776 2083 4835 historiam

510 4879 797 4951 allegorica
843 4892 1004 4935 sensu
1047 4874 1393 4948 explicasset,
1436 4874 1506 4931 ad
1552 4873 1900 4943 tropologiam
1947 4886 2083 4928 con-

509 4982 728 5029 vertens
755 4969 1052 5026 orationem
1083 4986 1098 5024 :
1124 4966 1231 5025 Sed
1252 4967 1381 5039 quid
1422 4968 1573 5030 abeo.
1604 4965 1798 5036 inquit,
1818 4965 1888 5019 ad
1926 4980 2083 5019 voca-

512 5067 704 5122 tionstn
744 5065 1071 5122 ethnicorum
1112 5076 1162 5120 et
1204 5064 1455 5135 reliquias
1494 5060 1737 5128 lsraelis,
1766 5073 1816 5119 et
1864 5072 2084 5118 externa

512 5160 952 5231 circumspiciens,
982 5174 1067 5215 nte
1096 5160 1271 5230 ipsum
1308 5176 1411 5214 non
1456 5159 1601 5216 uideo
1638 5156 1740 5211 hac
1782 5158 2087 5212 narratione

510 5252 871 5320 descriptum!
898 5252 1129 5323 Agedum
1161 5257 1215 5307 in
1246 5251 1468 5307 historia
1501 5260 1750 5321 tanquam
1789 5249 1845 5303 in
1878 5250 2085 5320 speculo

512 5345 737 5417 ﬁgamus
763 5342 931 5399 aciein
961 5344 1168 5413 mentis,
1189 5351 1239 5398 et
1288 5341 1641 5413 unusquisque
1666 5352 1900 5397 nostrum
1933 5343 2085 5397 mise-

515 5452 631 5489 ram
675 5438 867 5492 anima:
899 5451 1009 5491 sua
1048 5436 1400 5489 conditionem
1440 5435 1841 5499 animadvertat,
1880 5441 1986 5487 etc.
2020 5433 2085 5489 Et

517 5525 740 5582 humilia
785 5528 851 5580 de
890 5541 951 5581 eo
990 5526 1081 5597 qni
1121 5526 1309 5579 incidit
1352 5524 1410 5577 in
1450 5525 1679 5578 latrones
1730 5522 1938 5595 (homil.
1985 5526 2080 5581 xtl:

519 5618 675 5675 Felix
706 5621 868 5692 igitur
898 5621 986 5674 ille
1016 5618 1201 5673 doctor
1227 5619 1318 5689 qui
1352 5619 1603 5673 doctrinas
1641 5620 1887 5673 denarios
1916 5619 2087 5672 adon-

516 5713 675 5779 gebit,
705 5712 956 5767 nimirum
984 5728 1100 5767 cuiu
1130 5711 1282 5767 reluti
1304 5712 1368 5767 de
1394 5726 1447 5767 re
1468 5725 1563 5765 sua
1588 5710 1872 5767 domestica
1897 5725 2083 5766 sanum

1490 413 1889 479 FRANCISCI
1927 414 2193 483 SCORSI
2232 419 2665 488 PROOEMIUM
2704 425 2787 489 Π.

3664 430 3765 493 116

2196 539 2403 591 uerbum
2434 550 2481 591 et
2520 541 2677 594 vitam
2707 541 2858 595 verba
2893 550 3292 597 consentaneum
3321 541 3648 607 impenderit,
3682 545 3768 597 in-

2196 627 2368 696 felices
2412 646 2532 686 sero
2578 647 2757 687 omnes
2800 649 2862 686 ac
2894 634 3241 700 miserabiles,
3278 634 3437 704 juxta
3482 644 3640 704 atque
3675 652 3771 709 ego

2193 736 2344 782 sum.
2394 726 2483 792 qui
2534 724 2762 779 inaniter
2806 727 2860 780 in
2907 742 3029 781 aere
3070 733 3445 798 perstrepattes
3492 730 3645 800 quasi
3692 746 3767 782 res

2194 828 2388 868 sonans
2435 824 2530 869 aut
2579 817 2874 888 cymbalum
2925 821 3153 875 tinniens
3207 820 3482 875 dimidium
3531 819 3767 889 efﬁriunt

2194 905 2359 971 operis
2404 905 2547 971 boni,
2587 920 2634 961 et
2677 910 2791 978 ejus
2830 912 2969 980 quod
3015 914 3351 980 praestantius
3396 921 3494 972 est,
3533 921 3767 981 expertes

2195 1008 2425 1056 manent.
2464 996 2671 1055 Similia
2723 1004 2882 1058 habet
2931 1003 3076 1058 hom.
3112 1008 3177 1060 de
3227 1006 3290 1061 S.
3336 1005 3583 1075 Philippo
3629 1007 3771 1074 (lic-

2194 1089 2307 1146 mil.
2358 1095 2561 1160 xttx):
2607 1091 2863 1164 Equidem
2906 1113 3001 1166 ego
3028 1108 3263 1165 cuperem
3321 1098 3391 1150 ad
3446 1097 3767 1151 hortandum

2193 1181 2352 1235 vitam
2396 1194 2520 1237 ante
2562 1199 2716 1250 quain
2763 1186 2915 1240 verba
2966 1202 3289 1255 proponere;
3335 1188 3418 1242 ltic
3454 1188 3590 1240 enim
3631 1191 3769 1241 esset

2194 1277 2368 1344 aptior
2406 1277 2626 1333 ducendi
2658 1281 2861 1343 modus,
2896 1283 2941 1336 si
2971 1284 3137 1337 verbis
3182 1283 3285 1336 vita
3312 1282 3643 1342 concineret;
3673 1279 3766 1333 sed

2192 1371 2435 1439 quoniam
2467 1370 2626 1425 vitam
2653 1371 2893 1426 omnibus
2923 1384 3252 1442 peccatorum
3283 1376 3504 1427 oraculis
3529 1378 3765 1424 notatam

2191 1460 2451 1530 prafero,
2497 1480 2562 1518 ne
2607 1465 2783 1519 uidear
2833 1474 3004 1520 tamen
3054 1464 3176 1520 ltuic
3222 1465 3513 1520 celebritati
3559 1463 3768 1518 inutilis

2191 1553 2471 1624 exstitisse,
2494 1570 2591 1625 age
2606 1559 2723 1626 jam
2750 1557 2995 1626 Apostolo
3020 1561 3354 1628 deprecatore
3380 1560 3629 1627 conﬁsus,
3655 1565 3763 1612 etc.

2196 1643 2271 1701 Ex
2308 1647 2392 1703 his
2420 1660 2554 1703 sane
2584 1649 2784 1717 verbis,
2812 1650 2977 1705 etiam
3024 1666 3130 1706 non
3165 1652 3623 1707 animadvertente
3658 1664 3767 1715 uie,

2197 1740 2562 1810 unusquisque
2604 1740 2793 1806 lector,
2842 1744 2946 1798 nisi
2991 1743 3390 1801 simulationem
3436 1744 3764 1799 venditatio.

2192 1846 2422 1903 nemque
2454 1835 2691 1899 virtutis.
2722 1844 2782 1890 ut
2814 1838 2879 1892 de
2911 1836 3248 1908 philosophis
3284 1837 3477 1906 priscis
3509 1834 3764 1891 arbitrari

2191 1924 2340 1990 velit,
2387 1936 2592 1997 quanta
2641 1928 2868 1985 dicentis
2912 1931 2984 1986 sit
3028 1929 3219 1995 virtus,
3244 1942 3444 1999 quanta
3487 1929 3766 1984 humilitas

2192 2028 2480 2090 agnoscat;
2509 2029 2564 2075 et
2594 2020 2720 2076 illud
2758 2023 3052 2090 prcsertim
3082 2038 3190 2095 quo
3220 2023 3288 2079 de
3316 2022 3543 2093 agimus.
3576 2022 3763 2079 dueto-

2191 2128 2301 2168 rem
2327 2112 2525 2167 bonum
2547 2125 2670 2168 cum
2693 2124 2826 2169 sano
2845 2115 3008 2171 verbo
3028 2116 3192 2171 vitam
3216 2114 3543 2185 conjungere
3567 2112 3762 2167 bonum

2188 2214 2472 2272 oportere;
2505 2204 2649 2276 quod
2678 2219 2802 2260 cum
2834 2207 2905 2261 ita
2932 2207 3121 2263 doceat
3152 2221 3216 2263 ac
3242 2205 3461 2267 sentiat.
3496 2202 3571 2259 ita
3598 2200 3766 2259 etiam

2190 2310 2250 2351 re
2290 2296 2407 2367 ipsa
2442 2311 2565 2353 eum
2593 2298 2913 2367 praestitisse
2940 2306 3362 2354 consentaneum
3390 2306 3474 2352 cst
3498 2293 3764 2365 judicare;

2187 2384 2305 2442 lam
2338 2387 2482 2443 hom.
2520 2388 2585 2443 de
2613 2379 2865 2444 Zacclueo
2898 2389 2973 2444 ita
3013 2389 3253 2460 loquitur
3282 2388 3458 2459 (hom.
3501 2387 3593 2457 xv)
3637 2404 3651 2442 :
3696 2382 3765 2441 Et

2188 2479 2431 2536 altiorem
2459 2495 2585 2537 sane
2609 2483 2957 2553 anagogicunt
2992 2498 3197 2537 sensum
3233 2480 3557 2551 perscrutari
3584 2488 3768 2546 potue-

2190 2583 2313 2628 ruut
2344 2574 2382 2628 ii
2415 2574 2507 2646 qui
2550 2574 2745 2630 mundo
2788 2586 2909 2630 sunt
2955 2577 3133 2641 corde,
3175 2575 3362 2645 quibus
3406 2572 3467 2627 ob
3516 2572 3767 2626 virtutum

2190 2667 2395 2735 copiam
2426 2683 2461 2723 a
2494 2667 2672 2723 diuino
2704 2667 2910 2737 Spiritu
2956 2684 3098 2724 mens
3143 2666 3463 2721 illustratur.
3503 2661 3612 2719 Nos
3646 2679 3766 2720 vero

2189 2768 2518 2828 peccatorum
2569 2759 2682 2814 luta
2724 2761 3066 2827 inltarentes,
3112 2775 3203 2829 per
3250 2758 3537 2823 mediocres
3584 2772 3767 2811 sensus

2191 2851 2564 2923 ingredientur.
2594 2854 2768 2923 Atque
2801 2853 2915 2908 haec
2950 2851 3269 2907 humilitatis
3299 2854 3624 2905 documenta
3659 2848 3767 2903 sint

2190 2945 2339 3002 satis.
2370 2943 2446 3002 De
2470 2946 2781 3019 passionum
2810 2960 2939 2999 vero
2962 2944 3371 3000 mortificatione
3394 2943 3468 2997 uti
3497 2943 3766 3013 ioqua'ut',

2195 3051 2297 3092 non
2323 3046 2406 3093 est
2439 3053 2577 3093 unus
2618 3038 2786 3093 locus.
2818 3034 2937 3092 Huc
2978 3035 3184 3101 adesto,
3234 3035 3410 3106 inquit
3438 3035 3585 3088 hom.
3615 3036 3679 3087 de
3707 3049 3767 3087 eo

2189 3130 2279 3198 qui
2319 3129 2539 3185 habebat
2598 3128 2852 3200 legionem
2910 3131 3206 3185 damnatum
3247 3126 3458 3199 (homil.
3487 3125 3585 3197 ιι),
3612 3134 3767 3196 quot-

2188 3233 2312 3291 quot
2347 3232 2595 3293 tauquam
2626 3239 2659 3274 a
2689 3221 3008 3276 dtemonibus
3039 3221 3115 3275 sic
3144 3236 3177 3274 a
3220 3217 3555 3289 passionibus
3587 3228 3766 3287 tyran-

2192 3314 2309 3366 nico
2344 3315 2628 3380 premimur
2658 3312 2965 3375 dominatu;
2996 3320 3043 3365 et
3085 3312 3221 3364 hanc
3260 3309 3537 3364 historiam
3569 3308 3637 3362 ad
3669 3322 3759 3359 nos

2190 3404 2327 3472 ipsos
2355 3403 2800 3459 accommodemus
2830 3421 2849 3461 :
2878 3419 2988 3456 rere
3013 3403 3149 3456 enim
3178 3418 3208 3453 a
3241 3402 3440 3470 legione
3466 3399 3750 3452 dwmonun

2187 3497 2503 3565 possidetur,
2532 3495 2621 3568 qui
2661 3503 2992 3566 peccatorum
3028 3494 3365 3549 multitudine
3407 3491 3675 3561 premitur,
3698 3495 3749 3541 et

2191 3600 2379 3646 caetera
2419 3588 2661 3660 legantur
2688 3587 2743 3644 in
2771 3588 2965 3657 quibus
3011 3586 3433 3656 uniuscujusque
3474 3580 3755 3653 passionis,

2187 3680 2489 3754 przesertitn
2516 3693 2643 3736 vero
2674 3678 2787 3743 ira}.
2823 3678 3217 3734 deformitatem
3254 3677 3487 3731 maxime
3519 3671 3759 3743 depingit

2186 3786 2243 3831 et
2268 3773 2582 3829 detestatur.
2608 3771 2725 3827 Alia
2751 3771 2915 3825 etiam
2945 3769 3206 3824 virtutum
3238 3767 3461 3823 aliarum
3492 3766 3685 3821 indicia
3713 3763 3759 3820 si

2189 3882 2296 3923 non
2340 3880 2619 3935 expressa,
2665 3874 2812 3920 certe
2856 3861 3174 3918 adumbrata
3217 3858 3393 3931 quivis
3434 3858 3599 3913 etiam
3646 3858 3762 3911 sine

2188 3976 2306 4017 mea
2336 3960 2437 4016 hac
2476 3957 2882 4014 enumeratione
2915 3956 3331 4019 animadvertat,
3377 3967 3496 4025 qua:
3542 3951 3759 4022 quidem

2187 4052 2256 4109 iis
2292 4051 2573 4121 praditum
2608 4048 2773 4119 hujus
2807 4056 3082 4104 auctorem
3118 4047 3294 4118 operis
3329 4044 3590 4100 indicant.
3624 4044 3759 4099 illud

2188 4160 2316 4201 vero
2344 4145 2514 4201 solum
2543 4144 2609 4200 ad
2640 4144 2755 4198 haec
2785 4152 2967 4197 nostra
3003 4140 3355 4212 conjectanea
3388 4136 3758 4210 consignanda

2187 4238 2343 4292 nobis
2381 4236 2549 4301 deest,
2598 4250 2743 4291 mors
2786 4236 2907 4290 vitae
2950 4234 3319 4303 doctrinaque
3360 4243 3758 4296 consentanea,

2189 4330 2257 4386 de
2283 4344 2390 4399 qua
2421 4330 2677 4397 quoniam
2712 4326 2766 4381 in
2804 4324 3113 4396 perturbata
3150 4324 3236 4378 illa
3272 4323 3459 4377 incidit
3496 4332 3759 4390 tempora,

2188 4422 2321 4477 certi
2355 4420 2625 4490 quidpiam
2661 4433 2726 4475 ex
2759 4418 3001 4474 historiis
3034 4417 3116 4473 vel
3152 4415 3528 4471 traditionibus
3561 4414 3760 4469 habere

2184 4522 2292 4567 non
2325 4510 2620 4580 potuimus.
2650 4509 2714 4565 Et
2743 4511 2868 4580 quid
2900 4509 3092 4565 mirum
3129 4507 3233 4563 hoc
3263 4506 3453 4563 deesse
3489 4505 3539 4561 in
3574 4516 3762 4560 nostro

2183 4601 2536 4671 ‘l‘heOphane,
2580 4617 2700 4657 cum
2751 4600 2865 4670 eius
2913 4602 3037 4657 vitae
3082 4610 3410 4671 postremam
3460 4607 3671 4669 partem
3706 4608 3764 4651 et

2186 4699 2412 4753 mortem
2461 4697 2749 4752 obscurum
2799 4691 3072 4764 exceperit
3121 4693 3398 4754 saeculum,
3448 4698 3508 4743 ut
3548 4689 3659 4759 jam
3702 4690 3755 4742 in

2185 4788 2448 4858 prooemio
2477 4787 2543 4843 ad
2572 4787 2800 4843 lectores
2826 4783 3102 4849 admonui,
3129 4798 3239 4852 quo
3266 4782 3465 4840 seculo
3496 4795 3667 4852 usque
3689 4781 3757 4835 ad

2182 4877 2515 4934 Clementem
2550 4875 2592 4930 ll
2626 4886 2777 4946 pont.
2820 4876 2980 4929 etiam
3024 4882 3171 4945 gesta
3221 4870 3528 4941 pontiﬁcum
3574 4870 3626 4923 in
3656 4867 3760 4923 ob-

2186 4984 2347 5028 scuro
2369 4969 2686 5039 incertoque
2710 4976 2856 5031 sunt,
2883 4979 3005 5022 cum
3037 4974 3351 5035 perpetuum
3382 4976 3488 5019 non
3523 4960 3759 5017 habeant

2186 5062 2529 5133 scriptorem,
2561 5071 2614 5116 et
2645 5057 2901 5127 majorem
2932 5072 3152 5112 suorum
3184 5057 3505 5123 scriptorum
3545 5062 3756 5121 partem

2184 5150 2489 5217 amiserint,
2512 5161 2753 5221 tempora
2776 5152 2911 5205 adeo
2933 5148 3163 5204 obscura
3186 5156 3240 5200 et
3266 5146 3469 5200 incerta
3498 5142 3757 5209 habeant,

2185 5256 2247 5304 ut
2278 5259 2451 5316 neque
2483 5259 2592 5314 quo
2630 5256 2893 5315 tempore,
2926 5256 3098 5311 neque
3128 5254 3238 5311 quo
3273 5238 3415 5303 loco,
3448 5251 3620 5308 neque
3650 5252 3758 5307 quo

2187 5342 2377 5396 ordine
2403 5340 2582 5407 aliqua
2611 5338 2977 5395 Romanorum
3008 5333 3321 5405 pontiﬁcum
3352 5334 3566 5388 nomina
3604 5345 3760 5402 repe-

2191 5432 2401 5489 riuntur
2432 5433 2564 5489 satis
2607 5431 2810 5501 liqueat
2843 5447 2857 5485 :
2890 5427 3034 5502 quod
3080 5426 3322 5498 deplorat
3354 5424 3673 5481 Ciacconius
3702 5426 3755 5478 in

2198 5524 2332 5581 Vitis
2375 5526 2686 5595 pontiﬁcum
2747 5523 2997 5579 editionis
3052 5534 3336 5595 postremm
3383 5521 3436 5576 in
3486 5518 3605 5573 Vita
3658 5518 3754 5574 Ni-

2186 5617 2322 5673 colai
2352 5617 2393 5683 l,
2417 5617 2505 5687 qui
2531 5632 2595 5672 eo
2620 5626 2861 5689 tempore
2886 5614 3071 5672 Romae
3098 5614 3238 5672 sedit
3262 5628 3372 5684 quo
3398 5611 3756 5683 Theophanes

2190 5720 2374 5767 uester
2412 5708 2642 5766 vivebat.
