4044 6284
267 274 341 338 lii
1258 273 1656 344 FRANCISCI
1699 279 1886 342 SCOR

2005 275 2437 340 PROOEMIUM
2478 275 2602 341 III.

3447 269 3548 339 118

1161 681 1946 800 PRO(EMIUM
2036 678 2696 796 TERTIUM

1680 930 2155 996 ΕΙΣΑῙὋΙἹΚΟΝ.

279 1102 729 1166 ΟΟΧΤΙΝΕΝΒ
790 1105 894 1166 EA
948 1101 1133 1179 QUIE
1174 1103 1282 1164 AD
1340 1099 1875 1163 SCRIPTIONEM
1956 1097 2350 1162 AUCTORIS
2388 1099 2496 1163 ET
2537 1094 3068 1162 INTERI’RETIS
3114 1091 3559 1160 SPECTANT.

1865 1262 1945 1275 ﬁ

265 1401 293 1470 ς
320 1398 355 1454 1.
395 1397 682 1455 Doctrina
702 1398 945 1455 utilitas:
967 1399 1235 1456 metirodus
1259 1408 1306 1453 et
1332 1398 1606 1453 character
1628 1397 1861 1453 dicmdi.

1963 1410 2058 1451 eos
2085 1395 2272 1452 Patres
2312 1392 2442 1450 noni
2477 1391 2663 1448 saculi
2693 1402 3013 1453 annumerat
3049 1388 3367 1445 Dominirns
3396 1385 3544 1443 lira-

335 1489 393 1542 111
421 1488 632 1556 quavis
671 1488 922 1544 oratione
961 1489 1069 1543 duo
1102 1491 1282 1544 inesse
1318 1498 1371 1542 et
1397 1489 1676 1542 observari
1711 1491 1872 1544 docet
1972 1489 2093 1542 vina
2125 1497 2259 1544 tom.
2279 1487 2347 1544 Ill
2370 1483 2774 1544 Catholicarum
2800 1482 3281 1552 Pricscriptiouum
3311 1480 3563 1536 adversus

272 1578 356 1632 111.
391 1578 544 1648 Περι
581 1576 698 1648 τῆς
730 1579 1054 1646 ποιητικῆς
1096 1580 1554 1652 ,111ε11111ι118.τὴν
1587 1579 1855 1643 διάνοιαν,

272 1674 362 1723 xz".
410 1667 476 1725 τὸ
508 1667 667 1742 ἦθος.
735 1671 797 1727 Et
826 1676 1040 1742 quidem
1068 1668 1198 1745 ἦθος
1226 1675 1296 1727 ita
1328 1673 1537 1736 dellu‘t,
1608 1674 1676 1727 ⁸⁵0
1726 1672 1879 1742 δηλοῖ

274 1763 366 1832 τὴν
383 1764 721 1835 προατρεσιν
749 1765 1004 1832 ὀποῖἀζτις
1036 1767 1092 1818 ὲν
1118 1759 1202 1829 οἷς
1226 1765 1327 1819 οὐκ
1349 1765 1465 1820 ἔστι
1491 1762 1653 1836 δῆλον
1677 1762 1710 1837 ἢ
1741 1782 1875 1835 προ-

273 1855 541 1921 αιρεῖται,
565 1852 600 1924 ἧ
639 1853 832 1924 φεύγει
857 1857 885 1908 ὁ
910 1856 1107 1924 λέγων.
1140 1857 1340 1928 Διόπερ
1372 1856 1474 1911 οὐκ
1496 1857 1714 1926 ἔχουσιν
1736 1853 1870 1928 ἦθος

274 1944 403 2000 ἔνιοι
463 1945 581 2001 τῶν
645 1946 823 2017 λόγων
848 1964 864 1980 ο
909 1948 1025 2005 Hos
1055 1959 1152 2013 est,
1189 1950 1280 2017 qui
1301 1951 1534 2004 ostendit
1566 1949 1873 2005 electionem

280 2042 378 2091 sine
411 2039 673 2108 ulcerum
705 2041 876 2092 animi
902 2041 1075 2109 qualis
1102 2043 1192 2103 sit,
1219 2041 1273 2094 in
1313 2041 1382 2094 iis
1416 2040 1570 2095 rebus
1597 2041 1660 2094 de
1685 2041 1874 2108 quibus

284 2144 377 2184 111111
417 2139 501 2185 est
546 2129 922 2200 manifestum,
962 2148 1032 2186 an
1079 2149 1142 2186 ea
1190 2144 1562 2202 prosequa'ur,
1594 2148 1666 2186 an
1708 2131 1881 2203 fugiat

277 2228 359 2295 qui
403 2227 561 2281 dicit.
623 2225 776 2282 Unde
826 2229 1127 2299 aliquorum
1176 2231 1446 2284 orationes
1495 2242 1719 2286 utut-alte
1775 2247 1878 2286 non

277 2329 397 2374 sunt
428 2336 449 2384 ;
476 2320 733 2373 Διάνοιαν
771 2335 901 2375 τοῖο
942 2321 1056 2375 ita:
1109 2319 1200 2374 'Ev
1240 2316 1321 2385 οἷς
1368 2320 1786 2377 cnnamum:
1827 2340 1882 2377 τι

277 2408 350 2478 ὧς
412 2413 598 2477 ἔστιν,
641 2414 676 2485 ἢ
710 2409 792 2477 ὡς’
841 2415 943 2469 οὐκ
992 2413 1231 2485 (anxii
1281 2415 1514 2471 καθόλου
1547 2432 1600 2471 τι
1638 2417 1879 2485 ἀπεφαί-

277 2518 459 2561 νονται
489 2520 508 2536 ⁸
553 2499 836 2562 Sententia
889 2522 1006 2560 rem
1056 2517 1169 2569 est,
1218 2506 1274 2561 iu
1334 2502 1529 2579 quibus
1597 2508 1891 2563 ostendunt-

285 2599 592 2669 qlidriam,
625 2598 770 2669 qnad
793 2598 884 2666 sit,
917 2600 998 2654 rel
1023 2617 1126 2654 uou
1157 2599 1224 2654 sit
1247 2638 1262 2662 ,
1291 2600 1369 2655 uel
1398 2600 1640 2656 universe
1674 2601 1878 2672 aliquid

280 2692 567 2760 deﬁniunt.
625 2690 761 2747 Cum
818 2692 985 2762 igitur
1045 2693 1330 2762 superiore
1371 2691 1879 2763 Ρωσριιι1οηηιοτοε

284 2785 511 2840 dit-cutis
560 2799 632 2838 ex
705 2781 989 2852 ipsiusmet
1047 2784 1295 2837 oratione
1354 2784 1614 2854 capiscati
1665 2784 1876 2849 simus,

297 2888 726 2932 cuttntitaneum
764 2881 885 2942 est,
921 2883 985 2932 ut
1033 2874 1134 2931 hoc
1179 2876 1482 2946 praesertim
1534 2878 1875 2948 paragrapho

289 2972 399 3040 quid
441 2973 566 3040 ipse
599 2970 839 3034 sentiat,
868 2969 972 3024 hoc
1002 2979 1086 3025 est
1126 2971 1426 3025 doctrinam
1447 3009 1464 3035 ,
1491 2969 1723 3040 qundam
1747 2985 1876 3039 syn-

295 3066 395 3129 opai
453 3076 862 3134 proponamus.
897 3061 978 3116 Ae
1025 3063 1260 3132 primum
1295 3062 1511 3130 quidem
1547 3061 1674 3116 illud
1707 3077 1870 3130 gene-

298 3157 444 3210 ηιὶι
493 3157 685 3210 11111111
713 3194 729 3220 ,
765 3155 1222 3225 ejusdoctrinam
1278 3165 1440 3223 atque
1483 3155 1784 3209 sententias
1813 3164 1871 3208 ιιι

297 3249 349 3302 111
396 3248 654 3318 plurimis
703 3264 830 3302 cum
891 3257 1131 3303 veterum
1181 3246 1400 3301 I’atrnm
1449 3256 1873 3316 sanctorumque

286 3339 442 3394 dictis
494 3338 869 3409 sensibnsque
919 3349 1254 3408 congruere;
1289 3352 1494 3406 eosque
1536 3339 1650 3408 ipse
1694 3353 1752 3394 se
1782 3353 1872 3394 se-

281 3433 416 3486 ctari
460 3433 802 3502 protitetur;
829 3443 885 3487 et
917 3434 1240 3503 quandoque
1272 3432 1487 3503 quidem
1529 3433 1748 3503 proprio
1781 3448 1874 3489 eos

272 3524 513 3591 appellat
559 3525 804 3588 nomine,
824 3524 1113 3594 aliquando
1134 3524 1871 3585 describitantonomastiee:

270 3616 411 3670 duos
458 3616 520 3670 in
573 3615 769 3686 primis
813 3613 1152 3688 Gregorius,
1205 3616 1605 3673 Nasiansenum
1655 3627 1708 3673 et
1742 3617 1876 3688 hys-

275 3722 473 3761 scunm
498 3747 516 3771 ,
549 3717 666 3762 tum
696 3700 981 3782 Cyrillum,
1002 3709 1283 3776 Basiliam,
1309 3709 1370 3764 8.
1404 3707 1695 3766 Maximum
1728 3725 1876 3764 mar-

277 3807 502 3869 tyrem;
559 3815 796 3870 quorum
850 3817 958 3858 non
1027 3805 1186 3857 nzodo
1228 3801 1589 3875 Theophanes
1637 3805 1874 3859 auctori-

282 3892 493 3944 tatibus
543 3890 740 3955 utitur,
771 3891 868 3947 scd
913 3908 1103 3949 versus
1134 3895 1302 3948 etiam
1351 3904 1404 3949 et
1441 3894 1588 3949 locos
1635 3893 1877 3964 integros

276 3978 568 4045 decerpit;
616 3981 762 4050 quod
815 3990 871 4034 et
920 3980 1259 4052 antiquiores
1312 3981 1430 4050 ipso
1473 3984 1790 4054 scriptores,
1821 3995 1876 4040 et

279 4072 618 4136 posteriores
676 4070 960 4128 factitasse
987 4073 1374 4142 comperimus.
1415 4074 1476 4131 S.
1511 4074 1878 4133 Damascenus

283 4157 338 4212 in
376 4159 535 4216 lihris
590 4161 668 4217 De
717 4163 1016 4219 orthodoxa
1049 4166 1195 4236 ﬁde,
1241 4175 1298 4221 ct
1347 4167 1611 4238 reliquis,
1654 4169 1821 4225 multa
1847 4186 1877 4224 a

283 4247 514 4318 Basilio,
554 4253 828 4325 Gregorio
874 4255 1221 4315 Nazianzeno
1265 4260 1495 4331 aliisque
1520 4262 1761 4333 ejusdem
1788 4278 1873 4317 or-

281 4344 434 4398 dinis
491 4346 748 4402 Pntrihus
791 4347 1020 4406 libenter
1073 4360 1370 4420 corrogat,
1417 4361 1579 4422 atque
1637 4354 1878 4424 integros

293 4449 445 4505 sa'pe
501 4451 681 4494 textus
743 4448 800 4496 et
853 4452 996 4498 totas
1043 4444 1209 4500 etiam
1263 4445 1513 4513 periodos
1576 4456 1877 4502 mutuatur.

276 4527 426 4596 Quid
466 4536 531 4589 de
551 4534 982 4609 Tlteophylacto,
1011 4538 1328 4615 Enthymiu,
1355 4542 1695 4599 (licumenio
1721 4545 1877 4600 dixe-

279 4624 413 4692 rim,
453 4630 544 4697 qui
579 4627 645 4684 8.
679 4629 1057 4702 Citrysostomi
1113 4648 1220 4688 non
1269 4635 1428 4688 modo
1459 4645 1515 4688 ttt
1551 4645 1877 4698 sectatores,

289 4720 391 4770 sed
425 4721 590 4776 etiam
642 4725 1030 4788 epitomatorcs
1061 4726 1175 4780 noti
1211 4736 1374 4793 sunt;
1420 4741 1650 4796 quorum
1697 4735 1874 4782 tamen

290 4806 342 4862 in
372 4809 418 4866 S
469 4811 814 4882 Scripturam
843 4819 1237 4874 commentaria
1283 4820 1335 4873 in
1368 4823 1543 4888 pretio
1589 4821 1873 4876 habentur.

287 4895 524 4959 Sanctus
553 4907 900 4971 Ambrosius,
936 4918 990 4962 nt
1026 4909 1094 4965 de
1137 4907 1350 4964 Latinis
1395 4911 1602 4981 aliquid
1637 4921 1876 4994 tangant,

299 5001 349 5041 ut
397 5005 588 5048 auctor
634 5008 720 5051 est
757 4996 950 5052 Sistns
981 4996 1238 5053 Senensis
1262 5037 1278 5059 ,
1309 5013 1474 5067 opera
1521 5016 1616 5053 sua
1656 5017 1723 5054 ex
1755 5001 1877 5057 Ori-

297 5094 463 5146 gene.
498 5085 706 5142 Basilio
749 5087 981 5155 aliisque
1017 5087 1223 5144 Grtecis
1251 5089 1508 5146 Patribus
1543 5093 1876 5160 compilavit.

299 5170 633 5236 Venerabilis
665 5182 811 5235 Beda
855 5196 924 5236 ex
979 5180 1038 5236 S.
1068 5183 1356 5252 Augustini
1403 5184 1562 5239 dictis
1606 5184 1769 5240 etiam
1816 5185 1881 5240 li-

303 5264 428 5323 bros
475 5272 748 5341 implevit.
787 5271 967 5340 Atque
993 5272 1049 5326 hi
1080 5273 1296 5341 quidem
1345 5275 1664 5342 posterioris
1693 5275 1876 5330 saaculi

300 5349 482 5416 Patres
531 5363 783 5433 priorum
828 5363 1130 5420 imitatores
1170 5363 1272 5420 hoc
1314 5364 1432 5436 ipso
1465 5367 1606 5437 quod
1643 5377 1875 5423 veterem

307 5448 605 5508 doctrinam
644 5454 930 5508 subsecuti
977 5461 1125 5520 sunt,
1148 5455 1274 5523 jure
1308 5455 1618 5524 laudantur;
1669 5473 1793 5513 nam
1824 5468 1878 5512 et

313 5538 418 5596 illis
458 5546 814 5603 subscribere
843 5543 945 5616 ipsi
976 5547 1075 5602 visi
1110 5556 1239 5604 sunt
1263 5588 1280 5612 ,
1327 5558 1382 5604 et
1412 5549 1654 5620 pluribus
1681 5549 1877 5606 111111111-

306 5633 406 5702 siis
433 5638 736 5695 doctrinam
772 5637 1100 5695 catholicam
1145 5639 1467 5710 approbare.
1499 5641 1619 5710 Quo
1657 5643 1878 5700 nomine

305 5737 356 5777 et
393 5730 594 5798 quidem
630 5730 841 5788 merito
868 5729 1028 5788 etiam
1052 5729 1441 5803 Theophanem
1464 5743 1707 5791 nostrum
1738 5735 1878 5792 inter

1975 1583 2144 1636 nostri
2173 1581 2420 1652 temporis
2448 1580 2744 1643 hereticos,
2783 1593 2842 1649 p.
2877 1577 2929 1641 1,
2960 1578 3051 1649 qui
3083 1592 3149 1632 ex
3179 1593 3316 1630 auro
3348 1586 3565 1644 aposto‘

1979 1672 2201 1726 licoruut
2237 1668 2460 1726 Patrum
2509 1679 2658 1724 scuta
2691 1684 2857 1722 aurea
2897 1667 3230 1734 fabricarum
3260 1675 3309 1720 et
3353 1669 3407 1719 in
3437 1675 3567 1719 temo

1980 1766 2125 1834 plum
2165 1764 2376 1819 Domini
2412 1763 2736 1826 intulerunt,
2770 1772 2827 1815 ut
2872 1763 2925 1814 111
2964 1777 3026 1814 ea
3059 1760 3206 1815 mille
3236 1761 3405 1831 clypei
3433 1775 3565 1831 peu-

1981 1859 2163 1913 dereut
2189 1900 2204 1925 ,
2253 1858 2424 1913 omnis
2456 1865 2734 1910 armatura
2783 1854 3027 1924 fortium.
3062 1853 3169 1909 Sed
3205 1865 3266 1910 ut
3309 1853 3484 1924 aliqua
3513 1854 3567 1905 in

1989 1964 2200 2003 summa
2237 1948 2631 2018 perstringam,
2681 1945 2822 2002 nulla
2874 1945 2988 2002 fere
3037 1958 3118 2001 est
3153 1962 3221 2001 es
3276 1945 3561 2001 duodecim

1989 2041 2098 2096 illis
2148 2040 2433 2096 catholicis
2478 2038 2840 2104 seritatibus,
2887 2053 3026 2110 quas
3076 2041 3336 2093 atlversns
3383 2036 3566 2093 Cuivi-

1992 2134 2164 2188 nistas
2192 2148 2259 2189 es
2306 2133 2592 2204 Scriptura
2625 2139 2680 2187 et
2729 2128 2833 2187 SS.
2882 2130 3178 2196 I‘atrihus,
3225 2141 3280 2185 et
3330 2130 3570 2200 antiquis

1994 2225 2359 2296 scriptoribus
2389 2226 2674 2280 conllrmat
2699 2221 3036 2287 Gualterius,
3062 2221 3337 2278 societatis
3367 2231 3571 2276 nostra

1993 2319 2231 2388 scriptor
2262 2316 2683 2382 eruditissimus,
2718 2315 2775 2371 in
2809 2331 2906 2373 sua
2930 2313 3313 2385 Chronologia,
3336 2328 3566 2384 quorum

1987 2407 2302 2464 testimonia
2335 2406 2404 2462 ab
2432 2405 2539 2462 hoc
2577 2403 2915 2476 Theophane
2947 2407 3056 2474 peti
3103 2422 3210 2461 non
3243 2405 3483 2474 possint,
3514 2409 3573 2456 et

1989 2500 2044 2554 in
2095 2515 2254 2556 suum
2299 2499 2557 2556 amentum
2590 2498 2812 2567 conjici.
2860 2496 2936 2555 De
2988 2506 3336 2553 sacrosancto
3389 2495 3569 2552 missa

1997 2592 2267 2647 sacriﬁcio
2286 2632 2300 2654 .
2334 2593 2400 2648 de
2428 2591 2636 2648 honore
2664 2601 2718 2648 et
2751 2589 3096 2646 invocatione
3123 2598 3437 2644 sanctorum
3457 2625 3475 2652 ,
3500 2586 3570 2642 de

1993 2685 2314 2740 adnratione
2341 2683 2640 2755 imaginum
2663 2725 2680 2748 ,
2711 2697 2775 2739 ac
2817 2683 3090 2754 praecipue
3132 2693 3335 2738 sanctte
3365 2680 3569 2742 crucis,

1984 2778 2052 2830 de
2080 2778 2253 2833 libero
2278 2779 2532 2838 arbitrio,
2559 2779 2624 2832 de
2668 2777 2774 2834 llde
2807 2792 2929 2831 cum
2976 2776 3131 2830 bonis
3151 2775 3413 2845 θρα-111111
3438 2788 3572 2827 ωηο

1977 2867 2560 2942 jungenda,deiisdem
2587 2870 2866 2940 operibus,
2898 2883 3019 2940 quae
3048 2868 3414 2939 gratiadivina
3432 2867 3566 2924 sult-

1987 2965 2113 3017 nixa
2163 2963 2332 3017 vitam
2379 2972 2760 3033 promerentur
2804 2973 3063 3019 aeternam
3089 3003 3105 3028 ,
3133 2961 3200 3016 de
3225 2959 3436 3033 jejunio
3469 2976 3564 3016 ec-

1981 3057 2313 3123 clesiastico,
2356 3055 2658 3128 praesertim
2705 3056 2766 3112 S.
2797 3055 3258 3126 Quadragesimat.
3291 3055 3358 3111 de
3386 3054 3568 3124 11ωηὶ-

1981 3153 2163 3207 tentite
2185 3160 2551 3215 sacramento,
2568 3159 2622 3205 et
2643 3147 2988 3205 confessione
3008 3145 3296 3202 auriculari
3316 3187 3333 3208 ,
3362 3143 3572 3202 (1111⁵11-

1979 3254 2122 3297 mattt
2147 3242 2205 3298 S.
2220 3241 2363 3299 Petri
2385 3250 2438 3298 et
2459 3241 2717 3297 Romanae
2739 3239 3013 3300 Ecclesiae.
3033 3241 3097 3296 de
3112 3238 3358 3308 ejusdem
3381 3248 3570 3294 aucto-

1978 3337 2141 3392 ritate
2185 3338 2239 3393 in
2286 3338 2401 3393 suis
2431 3337 2821 3401 decisionibus,
2853 3338 2920 3390 dc
2961 3336 3066 3399 his,
3097 3337 3333 3401 inquam,
3374 3334 3428 3388 iu
3459 3334 3563 3388 hoc

1975 3444 2142 3500 opere
2170 3430 2254 3484 vel
2312 3433 2552 3498 integras
2600 3429 2854 3486 Irotnilias
2883 3429 3048 3483 habes
3075 3467 3090 3489 ,
3135 3436 3191 3481 ut
3220 3429 3286 3482 de
3312 3425 3368 3481 S.
3397 3424 3571 3483 Crura

1980 3523 2203 3594 (homil.
2259 3523 2359 3594 tv),
2412 3533 2471 3578 et
2531 3520 2636 3578 SS.
2691 3521 3018 3594 Imaginibus
3068 3520 3279 3591 (homil.
3320 3523 3436 3592 xx),
3485 3525 3570 3581 vel

1977 3619 2204 3673 illustria
2232 3619 2348 3674 loca
2381 3618 2483 3688 pro
2509 3632 2567 3672 re
2603 3628 2765 3684 nata;
2797 3617 3134 3687 plut-imaque
3165 3615 3233 3672 de
3263 3627 3561 3688 postremo,

1977 3709 2234 3763 nimirum
2266 3709 2334 3762 de
2365 3710 2601 3778 primatu
2634 3707 2692 3763 S.
2725 3707 2891 3770 l’etri,
2940 3723 3004 3761 ac
3049 3709 3352 3774 praesertim
3384 3706 3560 3760 homi-

1976 3801 2103 3853 liam
2145 3805 2208 3855 de
2254 3798 2354 3857 SS.
2391 3799 2551 3854 Petro
2589 3811 2635 3853 st
2663 3798 2833 3854 Putth
2899 3794 3110 3869 (hoinil.
3146 3798 3266 3869 ιν),
3300 3814 3421 3868 qua:
3469 3814 3572 3853 nos

1977 3891 2287 3946 testimonia
2347 3891 2460 3945 suis
2507 3889 2640 3946 locis
2691 3889 2878 3944 Omnia
2936 3890 3294 3944 observamus
3341 3900 3396 3943 et
3442 3888 3564 3942 illu-

1951 3984 2236 4041 stramus.
2273 3983 2536 4041 Preterea
2568 3981 2826 4038 adversus
2873 3983 3212 4053 antiquiores
3254 3982 3564 4037 haereticos.

1975 4078 2184 4140 Arium,
2214 4074 2609 4138 Macedoniam,
2637 4074 2986 4137 Eunomiutn,
3029 4072 3364 4140 Nestorium,
3394 4073 3566 4148 Euty-

1975 4170 2186 4225 chetetn
2215 4169 2440 4239 ejusque
2465 4177 2764 4223 sectatores
2784 4167 3106 4236 Aeephalos,
3136 4177 3192 4222 et
3237 4167 3525 4222 Armenios
3549 4185 3565 4229 ;

1978 4262 2280 4331 prmsertitn
2347 4275 2479 4316 vero
2532 4259 2798 4315 adversus
2851 4258 3238 4330 impiissimum
3287 4256 3560 4314 lulianum

1986 4354 2303 4425 Apostatam
2357 4354 2519 4409 etiam
2597 4353 2922 4409 nominatim
2976 4368 3118 4422 sape
3183 4353 3461 4409 invehitur
3509 4365 3562 4406 et

1991 4448 2138 4503 acuit
2170 4447 2389 4517 stylum,
2417 4461 2716 4515 eorumque
2746 4444 2988 4501 cenl'odit
3019 4459 3257 4504 errores,
3283 4455 3338 4499 et
3365 4444 3570 4502 doctri-

1991 4555 2115 4593 nam
2147 4537 2477 4594 catholicam
2520 4545 2854 4592 contutatnr.
2905 4536 3056 4601 Quod
3106 4547 3285 4592 autem
3329 4536 3394 4588 ad
3427 4535 3567 4592 duos

1984 4631 2296 4687 Graecorum
2367 4644 2583 4686 errores
2633 4629 2745 4701 jam
2827 4629 2880 4684 in
2952 4628 3187 4685 concilio
3250 4628 3568 4685 Florentino

1986 4724 2270 4779 damnatos
2314 4723 2381 4779 de
2435 4723 2783 4791 processione
2829 4719 3064 4791 Spiritus
3109 4722 3278 4777 sancti
3325 4737 3354 4776 a
3405 4720 3568 4778 Patre

1984 4824 2038 4869 et
2070 4814 2225 4878 Filio,
2269 4823 2324 4869 et
2356 4814 2423 4871 de
2457 4816 2760 4868 animorum
2794 4825 2920 4869 ante
2949 4815 3088 4870 diem
3111 4815 3299 4883 iudicii
3327 4814 3557 4871 beatitu-

1990 4906 2138 4970 dine,
2175 4906 2305 4962 nihil
2349 4917 2434 4961 est
2482 4906 2535 4960 in
2585 4905 2671 4960 his
2722 4905 2960 4960 homilits
3017 4905 3362 4974 Theophanis
3421 4911 3565 4975 quod

1989 5000 2109 5053 illos
2151 5000 2439 5056 manifeste
2468 5001 2783 5063 contineat,
2815 5015 2991 5070 neque
3032 5001 3173 5068 quod
3226 5001 3292 5053 ad
3335 5001 3567 5060 tuendos

1988 5105 2203 5146 errores
2241 5090 2359 5146 illos
2383 5091 2575 5146 deduci
2609 5101 2794 5160 aperte
2837 5092 3045 5160 possit:
3076 5092 3207 5160 quin
3243 5092 3406 5148 etiam
3438 5105 3568 5150 sunt

1987 5182 2130 5237 dicta
2166 5181 2426 5236 nonnulla
2461 5196 2525 5237 es
2565 5183 2759 5238 uuihns
2801 5182 3069 5238 catholica
3090 5183 3337 5253 dogmata
3367 5185 3568 5239 contir-

1987 5274 2125 5328 tuari
2162 5275 2403 5342 possint,
2437 5273 2582 5342 quod
2627 5289 2728 5329 nos
2773 5273 2990 5342 longius
3044 5275 3477 5330 dentonstratnus
3510 5279 3563 5330 in

1991 5369 2135 5422 notis
2159 5366 2223 5420 ad
2254 5366 2494 5421 illa‘loea
2547 5366 2600 5420 in
2647 5366 2843 5436 quibus
2893 5366 3105 5434 aliquod
3138 5367 3280 5420 circa
3322 5368 3435 5421 hate
3468 5372 3565 5420 du-

1997 5459 2140 5514 bium
2168 5475 2235 5514 ex
2286 5461 2445 5514 modo
2491 5457 2739 5528 loquendi
2790 5459 3134 5527 Theophanis
3165 5474 3258 5527 pro
3286 5457 3391 5512 illis
3423 5468 3561 5513 tctu-

1989 5551 2246 5620 porihus,
2284 5550 2481 5619 quibus
2527 5551 2705 5605 adhuc
2759 5551 2974 5605 detinita
3024 5561 3077 5604 et
3127 5549 3390 5616 explicata
3452 5565 3558 5603 non

1986 5654 2162 5708 erant,
2188 5643 2352 5712 possit
2372 5657 2677 5698 occurrere.
2711 5642 2826 5697 Jan-
2854 5642 2995 5712 quod
3025 5643 3090 5697 ad
3110 5643 3342 5710 privatos
3364 5654 3554 5693 sensus

1989 5735 2043 5790 in
2094 5733 2416 5805 explicando
2447 5731 2738 5805 Evangelia
2779 5742 2983 5803 spectat
3011 5770 3025 5797 ,
3061 5739 3185 5786 sunt
3233 5727 3302 5779 illi
3335 5727 3550 5795 quidem
