4104 6290
528 570 830 623 eruuntur,
886 581 1024 633 quos
1072 574 1136 625 ad
1188 578 1555 639 infurmandos
1611 591 1948 657 potissimum
2001 600 2102 665 piis

531 652 774 709 tnorihns
800 666 854 711 et
879 656 1188 721 Christiana
1217 671 1547 737 perfectione
1584 681 1856 741 auditores
1888 701 2102 743 accom-

528 742 732 799 modat.
788 747 962 805 Erunt
1014 756 1175 823 igitur
1212 762 1263 816 hi
1310 776 1363 818 et
1405 770 1579 824 sacris
1626 777 2098 837 concinnatoribus

517 833 697 902 utiles,
732 852 869 907 quos
904 844 1130 904 afferant
1161 856 1225 907 ad
1261 859 1534 926 populum,
1574 874 1625 917 et
1655 868 1875 935 privatzc
1901 875 2096 943 cuique

516 927 785 994 Spirituali
814 938 1008 993 anima:
1039 945 1253 999 utilitati
1291 958 1705 1013 acroinmodati.
1739 960 1795 1014 Si
1833 968 1921 1032 qui
1961 983 2091 1023 vero

516 1019 629 1087 (qui
663 1024 879 1090 quidem
916 1033 1203 1091 admodum
1233 1043 1385 1107 pauci
1419 1052 1567 1117 sunt)
1600 1052 1903 1122 singulares
1932 1059 2089 1128 hujus

514 1118 757 1173 auctoris
791 1136 984 1179 sensus
1012 1131 1312 1189 admirandi
1364 1142 1540 1206 potius
1572 1159 1731 1212 quam
1765 1151 2083 1220 recipiendi,

507 1217 560 1261 et
590 1211 642 1265 in
701 1215 973 1283 publicum
1028 1239 1132 1279 non
1185 1229 1455 1289 referendi
1512 1239 1812 1311 videantur,
1864 1264 1891 1300 a
1929 1251 2085 1304 nobis

506 1300 560 1354 in
617 1305 761 1361 notis
815 1314 1341 1387 animadvertuntur,
1396 1336 1452 1379 ut
1503 1346 1569 1384 ne
1621 1342 1823 1392 temere
1868 1349 1921 1395 et
1968 1343 2083 1397 sine

505 1394 714 1450 delectu
748 1400 814 1454 iis
847 1406 1114 1475 quispiam
1154 1422 1358 1469 utatur.
1395 1417 1761 1482 Concionandi
1795 1432 2080 1489 methodus

504 1485 621 1540 haec
652 1501 735 1543 est
763 1491 836 1545 illi
873 1492 1157 1556 fatniliaris
1184 1512 1540 1574 :procnmium
1578 1516 1741 1573 breve
1771 1527 2073 1594 praemittit,

497 1583 725 1645 petitum
758 1588 841 1641 vel
878 1590 947 1643 ab
980 1592 1095 1660 ipso
1127 1614 1446 1668 argumento
1485 1618 1541 1662 et
1569 1616 1874 1685 evangelica
1904 1621 2075 1676 histo-

500 1673 615 1729 ria:
651 1677 731 1730 vel
766 1681 908 1750 quod
948 1700 1055 1740 non
1095 1704 1236 1753 raro,
1270 1710 1295 1747 a
1326 1695 1466 1764 loco,
1503 1709 1764 1772 tempore,
1797 1715 2079 1771 etentihns

495 1766 1087 1848 circuntstantihnsque
1139 1787 1337 1855 rebus;
1392 1804 1447 1845 et
1496 1810 1665 1865 usque
1710 1803 1843 1856 adeo
1889 1816 1973 1860 est
2003 1807 2076 1861 illi

494 1857 791 1926 legitimum
844 1871 919 1923 uti
961 1879 1225 1941 prooemio
1254 1919 1267 1945 ,
1317 1894 1375 1937 ut
1424 1886 1476 1940 in
1524 1857 1743 1947 homilia
1776 1895 1841 1948 de
1888 1896 2077 1954 Sama-

498 1953 681 2011 ritana
735 1956 947 2029 (hetnil.
1004 1978 1274 2040 xxxviii),
1325 1992 1445 2031 eum
1510 1995 1704 2050 praeter
1752 2004 1955 2044 morem
2006 1995 2074 2049 ah

500 2045 618 2113 ipsa
651 2064 706 2102 re
734 2060 790 2105 ct
817 2051 1044 2111 historia
1081 2062 1241 2117 vellet
1285 2045 1875 2147 ordiri,'pr:eoccnpet
1920 2083 2073 2137 audi-

496 2149 673 2193 torum
726 2149 1186 2213 exspectationem
1239 2166 1293 2210 et
1354 2160 1804 2234 ἀπροοιμιάστως
1855 2187 2071 2232 moneat

488 2230 594 2285 sibi
632 2233 1022 2305 incipiendum.
1064 2243 1268 2303 Deinde
1298 2230 1543 2311 recitatis
1584 2262 1845 2330 evangelii
1885 2280 1951 2321 eo
1984 2268 2071 2323 die

488 2327 727 2395 praelecti
780 2334 969 2402 primis
998 2341 1213 2407 verbis,
1246 2360 1407 2413 quain
1435 2362 1556 2404 cum
1601 2353 1762 2409 rebus
1792 2372 1819 2409 a
1851 2357 2068 2416 Christo

484 2429 613 2473 ante
656 2425 823 2491 gestis
849 2438 905 2481 et
955 2436 1223 2490 enarratis
1274 2440 1342 2495 ah
1372 2444 1717 2516 evangelistis
1760 2463 1823 2504 ea
1871 2468 2070 2510 conse-

482 2513 761 2571 cutionem
790 2517 1071 2591 habeant,
1107 2529 1292 2599 utique
1324 2513 1634 2594 cohereant
1656 2579 1672 2606 ,
1707 2546 1863 2611 quasi
1892 2547 2065 2603 altero

484 2608 712 2662 exordio
733 2649 746 2675 ,
777 2613 859 2666 vel
890 2617 1067 2684 potius
1095 2625 1433 2692 expositione
1475 2634 1786 2689 summatim
1830 2653 1972 2710 stepe
1997 2642 2067 2698 ob

480 2699 667 2759 oculos
698 2708 847 2773 ponit
875 2726 890 2775 ;
926 2716 1040 2766 tum
1074 2715 1140 2767 ad
1180 2716 1292 2784 ipsa
1322 2720 1485 2778 verba
1532 2727 1863 2787 enticleanda
1908 2750 2063 2793 acce-

479 2791 595 2858 dit,
639 2798 871 2866 quibus,
910 2816 969 2858 ut
1013 2806 1162 2873 dixi,
1218 2810 1439 2870 litterali
1490 2826 1545 2873 et
1592 2820 1851 2880 historico
1898 2840 2058 2884 sensu

486 2886 755 2955 explicato
787 2892 1018 2953 libenter
1049 2902 1113 2955 ad
1149 2906 1406 2975 mysticus
1436 2919 1488 2965 et
1515 2914 1747 2971 morales
1774 2918 2051 2989 dilabitur,

477 2991 682 3055 eosque
709 2994 763 3039 et
812 2986 865 3040 in
896 2987 1015 3057 ipso
1048 2991 1278 3050 decursu
1324 3001 1593 3059 sermonis
1627 3010 1964 3081 perspergit,
2000 3025 2055 3069 et

476 3075 782 3137 praesertim
823 3078 877 3134 in
919 3087 1228 3151 perorando
1278 3099 1444 3147 totam
1492 3093 1774 3154 historiam
1817 3116 2053 3177 evange-

473 3163 636 3220 licatu
675 3182 771 3224 seu
820 3172 986 3230 vitam
1024 3177 1170 3235 illius
1214 3185 1390 3239 sancti
1445 3186 1595 3257 cujus
1630 3189 1768 3248 festo
1796 3195 1880 3250 die
1910 3198 2055 3253 dicta

472 3257 721 3325 humilia,
762 3268 951 3335 paucis
979 3269 1103 3326 item
1136 3279 1485 3343 perstrictam
1520 3284 1588 3337 ad
1615 3286 1926 3359 allegoriam
1959 3306 2053 3348 seu

472 3353 831 3425 tropologiam
880 3363 1156 3419 subtiliter
1205 3385 1309 3423 non
1345 3372 1524 3430 minus
1551 3393 1711 3447 quam
1745 3381 1967 3449 utiliter,
2001 3395 2057 3441 et

475 3445 563 3512 pie
595 3446 753 3517 juxta
809 3463 974 3525 atque
1022 3457 1301 3528 ingeniose
1351 3445 1652 3527 transfert:
1686 3473 1738 3527 in
1770 3491 1879 3545 quo
1924 3445 2058 3533 nihil

474 3536 618 3594 aliud
648 3545 984 3613 propositum
1015 3549 1215 3619 habet,
1245 3570 1408 3624 quam
1449 3560 1643 3629 juvare
1670 3576 1723 3621 et
1770 3568 2058 3627 instituere

461 4203 623 4254 quam
676 4205 869 4263 sponte
921 4210 1045 4253 nata
1090 4207 1351 4262 censebit.
1406 4209 1513 4266 Sed
1570 4215 1833 4281 ejusmodi
1880 4225 2049 4281 multa

462 4292 682 4348 quoque
713 4282 766 4335 in
804 4282 925 4339 aliis
952 4284 1203 4348 Patribus
1253 4306 1365 4351 tum
1410 4297 1646 4369 Grtecis,
1683 4317 1795 4365 tum
1838 4311 2047 4372 Latinis

461 4369 886 4439 deprehenderit
921 4382 1011 4449 qui
1042 4383 1233 4454 legerit
1253 4404 1268 4456 ;
1318 4405 1439 4461 qua:
1463 4410 1593 4453 sane
1624 4414 1730 4456 non
1774 4418 1895 4461 cunt
1932 4421 2047 4464 sto-

462 4465 659 4520 macho
694 4469 1012 4538 rejicicnda,
1044 4479 1142 4532 sed
1172 4495 1293 4535 cum
1341 4501 1406 4540 eo
1439 4489 1655 4557 pietatis
1688 4511 1849 4552 sensu
1904 4502 2044 4556 reci-

462 4556 654 4622 piendo
718 4577 839 4617 cum
891 4580 998 4636 quo
1046 4570 1227 4638 dicta,
1280 4585 1337 4632 et
1386 4581 1461 4634 uti
1519 4598 1547 4636 a
1611 4586 1696 4654 pia
1752 4605 1932 4649 mente
1978 4610 2041 4651 ac

462 4660 682 4717 pectore
749 4657 959 4713 eo-lcsti
999 4663 1278 4733 sapientiae
1308 4670 1514 4728 imbuto
1542 4677 1781 4746 profecta
1808 4722 1824 4747 ,
1877 4700 2039 4743 vene-

464 4746 635 4799 randa
676 4759 822 4801 sunt.
867 4750 1055 4824 Neque
1095 4771 1223 4812 vero
1266 4764 1493 4831 sapienti
1546 4783 1610 4825 ac
1648 4772 1798 4841 justo
1858 4793 2040 4834 rerum

461 4837 804 4905 astimatori,
843 4860 965 4911 quae
998 4850 1064 4900 ah
1098 4852 1339 4923 antiquis
1369 4854 1621 4915 Pati-ibus
1649 4837 1848 4922 tradita
1892 4881 2039 4936 sunt,

469 4941 594 4979 cum
635 4934 873 4989 nondum
909 4936 1214 4998 Christiana
1265 4947 1509 5004 doctrina
1556 4968 1623 5009 eo
1669 4958 2039 5029 amplitudinis

464 5018 847 5097 claritatisque
894 5044 1254 5104 processerat,
1282 5055 1346 5095 ea
1394 5059 1459 5098 ex
1506 5059 1687 5102 nostro
1728 5066 1843 5105 mvo
1871 5055 2040 5109 dime-

461 5114 639 5170 tienda
687 5137 699 5173 :
740 5135 844 5190 quo
874 5140 1041 5182 aureo
1069 5146 1198 5186 sane
1254 5136 1495 5193 videmus
1545 5144 1810 5210 explicata
1858 5153 2037 5207 omnia

457 5215 515 5259 et
549 5207 815 5266 illustrata
838 5254 854 5279 ,
888 5230 1010 5271 cum
1045 5230 1097 5275 ct
1152 5224 1203 5277 in
1246 5227 1601 5286 scholasticas
1641 5235 2039 5305 disputationes

460 5301 693 5358 deducta
725 5344 740 5370 ,
792 5317 845 5361 et
888 5315 1194 5382 exagitata,
1231 5328 1285 5372 ct
1338 5321 1389 5374 in
1440 5326 1613 5379 sacris
1658 5332 2034 5398 concionihus,

459 5406 687 5458 quarunt
716 5396 1029 5458 Christiano
1061 5409 1253 5477 pepulo
1289 5415 1456 5469 ntulto
1501 5420 1671 5487 major
1706 5438 1850 5479 nunc
1878 5429 2034 5496 copia

460 5491 561 5543 est,
597 5488 909 5558 pervulgata
957 5502 1009 5548 et
1032 5496 1315 5557 decantata
1348 5504 1492 5568 sint,
1539 5518 1667 5565 tunc
1711 5526 1868 5569 erant
1923 5517 2031 5585 ple-

458 5588 639 5644 ra-qne
663 5580 933 5651 injmajore
961 5591 1130 5655 pretio
1157 5602 1208 5645 ct
1238 5597 1388 5664 quasi
1409 5602 1704 5669 peregrina:
1732 5610 2031 5676 sententiae,

463 5683 581 5733 mne
628 5686 770 5728 nunc
806 5678 945 5731 domi
980 5694 1316 5749 nascuntur,
1352 5701 1406 5742 et
1450 5692 1771 5752 assiduitate
1804 5699 1917 5768 ipsa
1951 5704 2033 5758 di-

460 5763 611 5817 cendi
652 5781 756 5823 non
791 5772 922 5827 tanti
971 5786 1115 5830 sunt.
1152 5776 1255 5834 Sed
1289 5780 1360 5835 illi
1412 5786 1562 5841 rudia
1596 5787 1946 5851 fundamenta
1980 5807 2033 5855 et

3707 338 3801 401 li’O

2219 422 2409 474 rudera
2440 421 2554 493 ipsa
2578 424 2849 493 jeccrunt,
2887 448 2984 485 no,-
3032 452 3195 505 snper
3224 454 3284 493 ea
3316 444 3605 511 quadratos
3638 464 3795 517 cxpo.

2213 509 2450 581 litosque
2502 517 2747 586 lapides,
2805 525 3092 582 Corinthia
3151 530 3409 601 loniaqne
3476 553 3792 597 ornamenta

2210 608 2610 679 coronidesque
2662 615 3145 675 eawrliticavitnus.
3185 620 3238 677 ld
3288 624 3452 680 etiam
3508 644 3576 682 ex
3628 630 3791 685 ferina

2206 705 2261 749 et
2289 697 2615 759 charactere
2643 706 2854 761 dicendi
2883 709 3120 778 judicari
3149 725 3344 782 potest,
3373 735 3533 786 quam
3568 723 3792 792 Simplex

2202 787 2295 843 ille
2340 792 2635 864 nativoque
2672 799 2855 855 colore
2902 802 3153 873 cultuque
3207 807 3443 876 decens,
3475 830 3637 882 quam
3688 834 3790 871 non

2203 880 2414 937 lucatns
2483 895 2536 940 et
2590 889 2931 957 phaleratus.
2983 897 3091 953 Sed
3146 900 3297 955 illum
3354 906 3404 956 it:
3445 906 3790 976 i'IheOphane

2201 989 2406 1028 morem
2455 981 2741 1049 antiquum
2790 985 2915 1039 licet
2971 992 3418 1049 animadvertere.
3472 995 3653 1053 Genus
3704 1002 3783 1053 di—

2196 1065 2351 1117 cendi
2386 1066 2438 1120 in
2472 1068 2571 1124 hoc
2599 1082 2815 1129 oratore
2851 1077 3111 1147 liquidunt
3144 1093 3225 1138 est
3261 1096 3316 1138 et
3338 1100 3544 1154 [sponte
3579 1090 3784 1157 fusum,

2202 1163 2256 1209 et
2290 1171 2411 1210 cum
2445 1159 2669 1218 lenitate
2694 1167 2925 1233 quadam
2959 1173 3211 1240 mquabili
3243 1176 3539 1245 proﬂuens,
3565 1185 3788 1238 omnino

2192 1249 2349 1315 quale
2412 1252 2863 1324 ἀπροοιμιάστως
2894 1263 3069 1317 decet.
3127 1264 3267 1321 Sunt
3315 1272 3458 1325 enim
3510 1274 3591 1327 ha:
3634 1276 3788 1330 dida-

2186 1346 2341 1400 cticae
2397 1363 2534 1418 quas
2565 1352 2630 1405 ad
2678 1353 2979 1411 ducendum
3011 1369 3063 1413 et
3103 1362 3476 1419 instruendum
3526 1372 3784 1439 populum

2192 1432 2368 1489 bonus
2414 1451 2478 1491 ac
2541 1440 2659 1508 pius
2700 1445 2990 1516 episcopus
3038 1450 3266 1521 habuit,
3314 1471 3420 1511 non
3469 1466 3652 1514 tamen
3688 1478 3783 1531 pec

2184 1524 2401 1582 destres
2450 1539 2503 1584 et
2544 1531 2815 1601 indocue,
2855 1554 2953 1593 nec
2985 1542 3298 1600 dissolutae:
3340 1561 3439 1603 nec
3471 1552 3619 1605 enim
3658 1569 3780 1621 gra-

2186 1618 2390 1685 vitate,
2456 1625 2825 1682 concinnitate
2874 1646 3255 1706 coneentuque
3310 1656 3778 1711 numcrorum,et

2185 1712 2417 1769 modicis
2478 1720 2738 1776 oratoriis
2787 1723 3061 1783 coloribus
3130 1741 3354 1796 carent,
3404 1739 3499 1790 sed
3558 1746 3679 1806 qua:
3725 1739 3777 1793 in

2185 1818 2419 1876 corpore
2457 1809 2600 1865 bene
2626 1828 2656 1868 a
2699 1824 2893 1870 natura
2939 1822 3240 1878 constituto
3274 1822 3461 1879 innata
3488 1867 3504 1891 ,
3555 1844 3663 1885 non
3694 1832 3778 1885 in-

2180 1900 2380 1967 ducta,
2439 1917 2610 1959 succo
2662 1910 3033 1982 sanguineque
3096 1915 3212 1984 ipso
3272 1919 3639 1985 exsistet-tia,
3673 1939 3773 1977 non

2180 1996 2452 2051 accercita
2481 2007 2575 2052 aut
2615 2000 2913 2058 adventitia
2942 2020 3068 2062 esse
3103 2008 3409 2065 videantur.
3442 2011 3559 2068 Nec
3588 2014 3773 2084 ﬁguris

2178 2099 2270 2139 seu
2304 2087 2598 2146 lumittlbus
2619 2109 2800 2149 rerum
2829 2108 2996 2153 caret.
3024 2099 3199 2157 Habet
3228 2103 3519 2175 aliquando
3540 2109 3767 2180 σωροὺς,

2175 2181 2421 2236 cumulos
2451 2184 2741 2240 verborum
2790 2196 2844 2243 et
2882 2204 3089 2248 rerum.
3133 2194 3565 2266 Παρονομασίας
3604 2211 3770 2267 amat,

2173 2279 2225 2323 et
2267 2270 2541 2339 ἰσόκωλα,
2577 2291 2630 2331 et
2668 2278 3051 2348 ὁμοιοτέλευτα
3076 2324 3091 2350 ,
3130 2295 3186 2341 et
3224 2289 3616 2357 ὁμοιόπτωτα,
3648 2308 3767 2361 quae

2174 2379 2202 2413 a
2243 2362 2451 2420 Latinis
2508 2367 2694 2437 figura:
2749 2374 3043 2443 dicuntur,
3084 2379 3496 2449 aliiterationcs,
3542 2387 3771 2438 membra

2169 2454 2371 2520 paria,
2431 2456 2677 2512 similiter
2715 2464 3009 2520 desinentia
3074 2470 3423 2541 similiterque
3480 2475 3769 2538 cadentia;

2171 2545 2268 2599 sed
2312 2546 2459 2600 nulla
2510 2564 2568 2605 re
2614 2553 2788 2622 magis
2835 2556 3095 2613 delectari
3134 2561 3351 2617 videtur
3383 2580 3548 2633 quam
3580 2568 3769 2621 simili-

2170 2633 2357 2689 tudine
2379 2677 2393 2702 ,
2426 2639 2569 2706 quod
2611 2646 2921 2699 ornamenti
2953 2661 3127 2717 genus
3179 2652 3379 2720 ingenii
3426 2664 3513 2710 est
3534 2696 3549 2718 ,
3582 2665 3636 2711 et
3664 2657 3767 2709 uti-

2167 2724 2340 2781 litatis
2377 2729 2443 2783 ad
2492 2742 2711 2801 captum
2770 2736 2922 2793 rudis
2970 2740 3142 2810 plebis
3190 2745 3426 2801 eximite.
3462 2746 3766 2821 Pcrspergit

2166 2821 2330 2874 etiam
2358 2823 2525 2889 sales,
2570 2828 2665 2881 sed
2694 2845 2817 2884 cum
2846 2832 2957 2887 sale
2984 2848 3052 2888 ex
3088 2835 3334 2893 historiis
3369 2849 3656 2911 veterum,
3697 2858 3761 2897 ex

2166 2911 2366 2973 tabulis
2397 2927 2452 2972 et
2494 2924 2785 2977 sententiis
2829 2938 3118 2993 poetarum
3164 2946 3449 2988 sacrorum
3498 2947 3551 2990 et
3582 2936 3760 3005 profa-

2158 3020 2375 3074 norum,
2419 3024 2486 3065 ex
2534 3012 2829 3081 dialectico,
2862 3019 3017 3087 item,
3046 3022 3433 3081 mathematica
3459 3069 3476 3094 ,
3526 3029 3758 3098 philoso~

2158 3100 2320 3167 phico
2357 3102 2771 3176 theologicoqne
2818 3123 2960 3179 penu
3023 3128 3129 3168 non
3194 3132 3397 3185 paucas
3443 3122 3753 3187 doctrinas;

2163 3192 2235 3244 ita
2276 3201 2334 3246 ut
2361 3193 2445 3249 his
2472 3199 2726 3256 onmibus
2763 3202 2971 3261 artibus
3000 3215 3053 3262 et
3090 3208 3357 3265 doctrinis
3380 3252 3397 3278 ,
3425 3225 3480 3268 et
3534 3216 3755 3271 lectiOne

2163 3289 2493 3353 scriptorum
2541 3301 2786 3348 veterum
2840 3296 3139 3355 instructus
3183 3306 3433 3374 apprime
3466 3308 3751 3364 videatur:

2160 3390 2222 3431 ea
2264 3389 2445 3436 tamen
2500 3398 2566 3439 ac
2596 3388 2896 3454 prtesertim
2949 3392 3227 3450 doctrinas
3256 3407 3524 3456 externas
3547 3441 3563 3467 ,
3595 3412 3649 3458 et
3674 3418 3752 3457 co-

2174 3473 2315 3530 lores
2350 3483 2625 3537 oratorios
2652 3497 2751 3551 pro
2779 3500 2838 3539 re
2865 3502 2931 3541 ac
2968 3499 3210 3558 tempore
3244 3491 3484 3561 adhibet,
3532 3511 3632 3553 nec
3651 3498 3751 3552 sine

2161 3574 2610 3643 praemunitione,
2694 3578 2855 3650 idque
2901 3598 3000 3654 pro
3044 3596 3317 3656 potestate
3367 3592 3561 3659 potius
3605 3610 3751 3663 quant

2161 3677 2261 3730 pro
2310 3665 2587 3737 voluptate
2647 3687 2710 3726 ac
2761 3677 3039 3745 vanitate;
3078 3694 3179 3735 nec
3232 3696 3295 3737 ea
3354 3692 3467 3738 toto
3526 3688 3748 3759 tltytaco,

2164 3763 2221 3807 ut
2283 3757 2524 3827 dicitur,
2578 3760 2891 3833 ell‘undere,
2962 3770 3056 3823 sed
3121 3788 3284 3841 parca
3345 3790 3509 3832 manu
3565 3794 3747 3847 prose-

2165 3849 2375 3905 minare
2416 3854 2649 3911 videtur.
2694 3856 2813 3914 Non
2864 3872 3068 3918 temere
3104 3865 3270 3934 igitur
3315 3870 3630 3938 σοφώτατος
3656 3873 3746 3926 καὶ

2166 3940 2608 4012 ρητορικώτατος
2638 3963 2672 4004 a
2713 3952 2847 4017 suis,
2878 3955 2968 4023 qui
2992 3970 3275 4015 sermones
3308 3960 3454 4029 ejus,
3483 3975 3541 4019 ut
3574 3976 3743 4034 poste-

2170 4032 2319 4087 ritati
2391 4038 2705 4107 traderent,
2759 4044 3202 4117 descripserunt,
3254 4067 3463 4123 suoque
3509 4058 3741 4113 auctoris

2167 4125 2387 4180 nomine
2455 4129 2887 4202 inscripserunt,
2951 4139 3254 4208 appellatus
3322 4153 3427 4200 est.
3486 4147 3740 4204 Claudant

2159 4215 2417 4273 brcvihus
2454 4230 2624 4277 totam
2676 4223 2818 4279 hanc
2861 4227 3302 4287 tlissertationem
3328 4276 3343 4300 ,
3389 4246 3445 4292 et
3480 4238 3741 4309 judicium

2158 4327 2342 4368 meum
2396 4316 2571 4371 tribus
2626 4320 2812 4376 verhis
2874 4324 3183 4393 explicabo.
3238 4324 3383 4383 Visa:
3434 4341 3558 4387 sunt
3613 4332 3739 4386 mihi

2155 4406 2395 4460 homilite
2460 4408 2622 4478 hujus
2670 4409 2923 4471 Ceramei
2988 4413 3436 4479 Tauromenitani
3503 4424 3737 4496 episcopi

2153 4497 2257 4567 piat
2311 4538 2327 4564 ε
2396 4500 2569 4557 docta:
2629 4514 2685 4557 ct
2751 4504 3073 4577 elegantes,
3140 4523 3305 4583 atque
3368 4517 3507 4571 adeo
3569 4517 3739 4587 dignae

2150 4607 2272 4661 qua:
2309 4595 2376 4648 ad
2426 4610 2721 4653 commune
2774 4604 3124 4659 commodum
3182 4616 3235 4661 et
3287 4609 3641 4677 proferantur
3687 4619 3740 4665 et

2148 4687 2517 4758 perlegantur.

2148 4845 2177 4919 ᾗ
2214 4844 2279 4901 ll.
2314 4847 2475 4903 Ratio
2510 4870 2633 4927 mss.
2674 4858 2825 4910 codd.
2858 4875 2923 4912 ex
2949 4864 3145 4927 quibus
3173 4876 3339 4920 erntw
3372 4869 3599 4925 humilia:
3630 4886 3650 4924 :
3681 4876 3729 4923 et

2371 4924 2612 4978 nonnulli
2644 4943 2827 4982 earum
2858 4924 3153 4999 superiores
3185 4936 3516 5009 interpretes.

2220 5056 2287 5112 Ut
2312 5074 2421 5128 qua
2449 5060 2551 5115 ηδε
2572 5077 2636 5117 ex
2668 5080 2802 5120 mss.
2842 5066 2942 5123 has
2974 5069 3227 5128 homilias
3251 5076 3480 5143 publica:
3506 5072 3723 5131 utilitati

2143 5146 2403 5218 legendas
2446 5152 2734 5222 ediderim,
2768 5172 3108 5229 compertum
3140 5165 3231 5229 sit,
3265 5176 3320 5223 et
3348 5183 3458 5237 quo
3485 5167 3723 5237 exemplo

2157 5240 2445 5301 doctorum
2497 5247 2775 5305 hominum
2811 5253 2861 5306 id
2898 5256 3237 5323 perfecerim,
3284 5260 3426 5331 quod
3475 5262 3545 5315 illi
3574 5261 3719 5315 inre-

2141 5344 2381 5404 ptarunl,
2434 5341 2712 5409 expediam
2746 5345 3107 5403 breviterhoc
3155 5355 3466 5420 protentio:
3499 5365 3607 5409 tum
3654 5353 3717 5406 de

2142 5444 2297 5493 mss.,
2332 5440 2443 5483 tum
2473 5432 2541 5486 de
2569 5434 2633 5487 iis
2659 5435 2748 5505 qui
2779 5449 2906 5490 ante
2936 5456 3021 5493 nte
3051 5441 3263 5512 aliquas
3298 5461 3361 5499 cx
3397 5448 3477 5502 his
3511 5459 3713 5501 sermo-

2142 5519 2299 5575 nibus
2322 5521 2508 5577 Latine
2533 5526 2787 5595 preloque
2811 5544 3097 5600 expressas
3117 5536 3461 5605 evulgarunt.
3483 5538 3709 5594 Primam

2143 5613 2269 5670 huic
2303 5613 2618 5685 Theophani
2667 5619 2838 5675 lucent
2872 5626 3069 5689 attulit,
3104 5638 3360 5697 quantum
3393 5648 3491 5701 ego
3524 5629 3711 5698 pntat's

2141 5703 2391 5761 onmibus
2446 5723 2773 5777 cognoscere
2820 5716 2987 5783 potui,
3043 5716 3371 5777 Franciscus
3421 5722 3705 5777 Turrianus

2138 5815 2167 5857 e
2190 5802 2448 5862 societate
2473 5803 2621 5863 Jcsu.
2646 5806 2745 5863 llic
2768 5810 2825 5867 in
2869 5825 2968 5868 sua
3007 5812 3329 5885 hoplotheca
3357 5833 3460 5875 ms.
3482 5814 3704 5873 codicem
