4104 6290
283 324 386 394 191

288 447 488 500 harum
518 446 863 503 homiliarum
899 449 1245 522 Theophanis
1278 457 1524 512 Ceramei
1563 463 1771 529 habuit,
1803 479 1868 517 ex

288 554 401 607 qua
455 543 816 596 testimooium
869 546 1094 613 protulit
1144 559 1336 602 contra
1382 550 1870 624 Magdeburgenses

291 631 700 688 Centuriatores
727 634 793 689 de
822 637 1056 700 primattt
1089 640 1146 694 ὃ.
1178 640 1320 696 Petri
1357 643 1700 714 Romanique
1738 664 1872 718 pon-

286 723 470 777 titieis.
531 723 606 778 Ex
668 729 768 781 hac
823 729 1010 782 eadem
1082 733 1399 801 hoplotheca
1468 736 1746 793 hemiliam
1806 744 1870 795 de

277 810 389 867 SS.
433 815 754 884 imaginibus
788 832 1066 887 acceptam
1106 833 1236 882 tom.
1282 824 1354 877 lx
1395 828 1682 884 Annalium
1726 830 1868 885 iuse-

278 905 397 955 ruit
422 906 717 960 cardinalis
747 908 1029 977 Baronius,
1067 913 1134 967 ab
1169 915 1281 983 ipso
1318 915 1592 973 Tun-iano
1619 911 1864 977 Latinam

284 996 508 1063 iactam,
534 1010 588 1054 et
616 1016 647 1054 a
672 1001 876 1058 Jacoho
917 1004 1212 1064 Sirmuudo
1255 1011 1458 1081 aliquot
1501 1015 1635 1070 locis
1690 1017 1867 1088 p'erl'e-

285 1097 472 1157 ctaru;
500 1092 654 1158 cujus
685 1095 871 1150 itidem
892 1101 1252 1157 testimonium
1281 1104 1547 1172 integrum
1567 1107 1866 1165 referemus

281 1195 391 1236 suo
418 1182 556 1241 loco.
606 1184 781 1250 Quam
817 1189 1062 1244 eamdem
1112 1194 1388 1250 homiliam
1420 1195 1657 1255 Jacobus
1700 1199 1864 1255 Gre!-

277 1285 437 1326 serus
466 1285 599 1328 tom.
656 1273 698 1328 ll
732 1276 804 1331 De
833 1295 986 1332 cruce
1014 1283 1264 1337 secunda:
1285 1285 1561 1351 editionis,
1589 1300 1649 1343 ut
1675 1303 1862 1347 aucta-

277 1367 423 1418 rium
451 1366 661 1421 addidit
690 1381 813 1437 post
843 1369 1120 1426 homiliam
1152 1373 1407 1432 Germani
1441 1382 1783 1450 patriarchas,
1808 1395 1862 1439 et

276 1458 425 1511 unde
467 1473 586 1511 eam
636 1459 912 1527 habuerit,
957 1474 1012 1519 et
1059 1481 1164 1536 qua
1212 1472 1538 1528 auctoritate
1583 1487 1862 1545 permotus

272 1547 535 1616 ediderit,
571 1550 656 1605 bis
693 1553 874 1607 verbis
911 1563 1140 1612 testatur
1163 1559 1228 1613 ad
1261 1576 1371 1616 rem
1411 1565 1649 1620 maxime
1688 1570 1859 1638 perti-

270 1642 533 1697 nentibus
562 1661 576 1696 :
604 1641 755 1698 Inter
783 1647 918 1701 alias
942 1650 1161 1704 scherlas
1190 1653 1463 1711 litterario:
1491 1662 1859 1728 suppellectilis

271 1729 558 1786 Επιηεὶκὶ
604 1733 876 1803 Turriani,
923 1757 1052 1806 quas
1083 1755 1206 1796 ante
1248 1746 1446 1816 aliquot
1479 1766 1648 1805 annos
1680 1755 1749 1806 ad
1779 1771 1860 1810 me

268 1825 419 1878 misit
444 1821 510 1878 Β.
546 1825 609 1879 Ρ.
639 1827 900 1882 Antonius
946 1829 1280 1900 Passerinus,
1308 1839 1474 1904 reperi
1508 1843 1646 1895 Itane
1687 1844 1854 1896 hami.

264 1917 402 1968 (iam
429 1934 459 1969 a
497 1915 759 1972 Turriuno
791 1937 1014 1981 versam.
1044 1934 1094 1976 et
1136 1928 1356 1995 propria
1386 1946 1547 1984 manu
1582 1936 1855 2003 scriptam,

265 2023 430 2077 quam
461 2011 660 2063 diutius
692 2011 856 2065 latere
904 2013 1071 2082 nolui,
1120 2027 1229 2070 tum
1273 2033 1486 2089 propter
1532 2021 1856 2080 Turriannrn

274 2101 828 2158 uirum-doctissimum
855 2115 964 2160 tant
981 2118 1193 2178 propter
1207 2125 1567 2182 argumentum
1582 2118 1720 2187 quod
1737 2133 1853 2172 cunt

272 2192 489 2246 [tonsilia
539 2190 790 2250 Germani
842 2215 1061 2267 prorsus
1107 2204 1386 2258 concinens
1447 2207 1636 2260 merito
1684 2209 1854 2263 eidem

269 2287 588 2342 aranectitar.
622 2287 747 2343 litec
777 2288 1098 2359 Gretserus;
1131 2309 1200 2349 ex
1241 2296 1441 2366 quibus
1484 2298 1634 2353 vides
1666 2301 1854 2369 quanti

263 2378 391 2433 hac
438 2381 662 2449 antiqua
715 2381 814 2437 SS.
854 2381 1076 2440 Patrum
1114 2398 1464 2444 monumenta
1511 2406 1542 2445 a
1570 2390 1852 2447 litteratis-

258 2472 426 2528 simis
461 2474 591 2529 viris
619 2473 978 2531 astimentur.
1020 2477 1168 2533 Idem
1219 2476 1508 2535 Gretscrus
1536 2492 1668 2538 tom.
1699 2483 1743 2539 ll
1775 2483 1854 2541 De

259 2579 424 2618 cruce
470 2564 606 2619 duas
657 2565 908 2621 homilias
970 2565 1321 2639 TheOphanis
1369 2569 1614 2628 Ceramei
1662 2572 1852 2632 Graece

256 2654 431 2710 simul
461 2661 516 2707 et
545 2653 737 2713 Latine
763 2671 831 2710 ex
861 2673 959 2712 sua
994 2660 1446 2728 interpretatione
1477 2663 1664 2720 edidit.
1701 2666 1854 2722 Unde

255 2760 358 2802 eas
407 2745 666 2801 habuerit
713 2763 818 2804 non
868 2759 1120 2805 testatum
1173 2753 1386 2822 reliquit
1433 2755 1489 2809 in
1540 2757 1704 2822 notis,
1755 2760 1849 2816 sed

262 2837 520 2907 equidem
555 2852 620 2894 ex
655 2841 840 2896 codice
868 2838 1134 2914 Margunii
1163 2859 1382 2911 censeo,
1410 2847 1567 2917 cujus
1595 2849 1668 2904 ibi
1700 2865 1852 2906 men-

265 2934 469 2986 tionem
513 2931 646 2987 facit
675 2949 742 2989 ex
776 2937 1064 2991 occasione
1096 2937 1343 2993 locorum
1388 2952 1767 3012 corruptorum
1793 2955 1846 3000 et

259 3029 334 3078 ab
379 3038 447 3079 eo
491 3025 922 3081 emendaturum.
973 3026 1091 3082 Jam
1143 3043 1272 3087 vero
1304 3045 1373 3088 ex
1419 3033 1567 3090 notis
1605 3036 1844 3104 ejusdem

259 3111 506 3168 Cratseri
539 3115 811 3186 intelliges
845 3117 943 3172 bas
978 3119 1226 3174 homilias
1261 3137 1394 3177 mss.
1427 3126 1636 3180 servari
1671 3123 1845 3183 Veneo

267 3208 384 3262 tiis.
429 3205 516 3263 Sic
558 3208 704 3263 enim
768 3210 884 3278 ipse
909 3227 926 3264 :
951 3210 1026 3266 De
1074 3210 1380 3282 Theophane
1438 3215 1689 3272 Cerameo
1738 3220 1850 3274 lucc

262 3296 512 3369 Epitonu
552 3299 892 3356 Bibliotheca:
940 3300 1283 3361 Gesneriaute
1331 3322 1352 3361 :
1397 3304 1709 3383 Θεοφάνους
1752 3311 1848 3366 τοῦ

256 3391 572 3466 Κεραμέως
614 3393 824 3464 ὁμιλίαι
866 3395 946 3458 είς
995 3393 1309 3465 Εὐαγγέλισ.
1353 3399 1464 3454 τῶν
1508 3402 1845 3474 Κυριακῶν,

249 3488 470 3550 aculei;
517 3487 670 3550 τινὰς
721 3487 940 3556 ἑορτάς.
981 3486 1374 3558 Mauuscriptus
1411 3493 1543 3548 liber
1593 3493 1843 3553 Venetiis.

250 3579 412 3633 Idem
441 3578 672 3633 habetur
697 3577 750 3632 in
781 3576 1114 3635 Bibliotheca
1140 3580 1241 3635 SS.
1266 3581 1482 3638 Patrum
1514 3585 1712 3642 seculo
1757 3603 1843 3655 tx;

243 3669 354 3726 sed
401 3684 526 3724 cum
564 3670 700 3738 apud
737 3685 825 3726 me
872 3670 1156 3743 Epitomen
1185 3673 1577 3731 Gesnerianam
1611 3693 1714 3733 non
1747 3680 1846 3735 ha-

247 3767 470 3828 berem,
496 3763 740 3819 consului
768 3779 887 3818 eam
916 3780 1038 3836 qua:
1067 3766 1298 3821 habetur
1322 3768 1375 3821 in
1404 3769 1653 3826 biblioth.
1684 3771 1839 3828 Dom.

243 3854 449 3910 Aloisii
489 3852 564 3907 La
601 3852 822 3920 Farina,
846 3856 1068 3911 baronis
1111 3858 1526 3927 Aspri-Montis,
1555 3869 1610 3915 et
1644 3876 1845 3932 genere

247 3955 311 3998 ct
342 3947 527 3999 studio
550 3945 874 4001 eruditionis
903 3947 1120 4014 nobilis,
1143 3950 1208 4004 de
1231 3951 1386 4020 cujus
1409 3951 1580 4009 fratre
1606 3953 1670 4008 Ι).
1699 3953 1843 4009 Mar-

248 4037 370 4090 tino
402 4051 566 4102 supra
605 4039 828 4094 memini
855 4039 1092 4097 Promm.
1123 4039 1170 4096 Ι.
1197 4039 1393 4113 Reperi
1444 4054 1628 4100 autem
1677 4047 1729 4101 in
1777 4063 1840 4102 ea

245 4129 495 4196 epitome
546 4146 657 4186 non
698 4135 873 4187 solum
921 4133 1105 4189 Graeca
1160 4137 1324 4191 verba
1378 4152 1501 4208 qua:
1550 4139 1840 4198 Gretserus

250 4221 493 4277 ﬁdeliter
539 4223 742 4290 retulit,
773 4227 868 4280 sed
899 4235 952 4280 et
980 4227 1144 4281 aliam
1175 4236 1376 4296 notam,
1405 4245 1473 4285 ex
1500 4247 1602 4301 qua
1631 4231 1838 4289 Gesne-

250 4331 348 4371 rus
395 4316 588 4373 eodem
637 4332 821 4373 errore
869 4333 976 4389 quo
1025 4321 1245 4386 ueteri,
1306 4321 1375 4378 de
1426 4325 1622 4393 quibus
1672 4340 1835 4397 supra

249 4409 496 4464 Procrin.
519 4409 591 4475 ll,
616 4419 869 4481 tanquam
902 4412 1143 4468 diversos
1171 4414 1324 4483 ponit
1360 4415 1744 4487 Theophanem
1787 4426 1844 4474 et

249 4499 608 4569 Gregorium,
645 4501 836 4556 ambos
884 4501 1199 4569 Cerameos,
1254 4507 1444 4564 ambos
1493 4506 1840 4566 Tauromeuii

249 4590 725 4661 archiepiscOpos;
758 4593 854 4647 sed
883 4593 1026 4648 hunc
1071 4608 1257 4650 eorum
1286 4598 1376 4668 qui
1425 4608 1553 4654 ante
1583 4616 1670 4656 me
1696 4603 1836 4658 scri-

250 4698 432 4753 psere,
464 4700 707 4739 errorem
751 4684 864 4754 jam
909 4687 1086 4743 detexi
1118 4701 1346 4759 promm.
1390 4690 1480 4747 illo
1501 4691 1568 4760 ll,
1603 4692 1632 4765 ς
1660 4708 1716 4748 ιι.
1748 4695 1842 4752 Sic

255 4778 417 4845 igitur
448 4777 732 4834 Gesnerus
763 4796 779 4833 :
811 4779 1052 4850 Gregorii
1095 4781 1555 4840 Tauromenitanae
1587 4787 1838 4845 Ecclesia

263 4867 632 4937 errltiepiscopi
678 4866 996 4936 Siciliensis,
1044 4870 1283 4929 (Σινωπιιεὶ
1328 4876 1478 4945 dicti,
1518 4877 1751 4936 homilite
1779 4883 1836 4937 in

266 4956 567 5030 Evangelia,
599 4971 648 5014 et
676 4964 801 5016 alia:
829 4965 1212 5036 quinquaginta
1244 4979 1438 5036 septem
1468 4973 1841 5042 manuscripts!

260 5058 458 5106 Instant
510 5056 567 5108 in
606 5052 845 5110 biblioth.
882 5055 1084 5112 Italian
1133 5057 1243 5115 llas
1286 5061 1535 5118 homilias
1578 5061 1839 5135 Gregorio

259 5141 549 5215 inscriptas
578 5147 797 5202 easdem
828 5164 948 5205 esse
988 5159 1151 5220 atque
1191 5151 1292 5206 bas
1333 5168 1469 5217 quas
1511 5168 1611 5210 nos
1645 5155 1836 5212 damus

254 5237 358 5292 sub
393 5238 616 5293 nomine
654 5237 1024 5310 Theophanis,
1069 5241 1182 5312 jam
1225 5253 1504 5300 ostensum
1546 5256 1632 5302 est
1671 5262 1834 5317 supra

254 5329 529 5386 Prommio
577 5331 658 5400 ll,
709 5330 738 5405 §
791 5348 854 5388 tt.
907 5335 1085 5405 Atque
1136 5336 1331 5390 harum
1384 5336 1833 5396 bibliothecarum

255 5421 622 5491 cognitionem
670 5437 738 5478 ex
783 5424 1056 5493 impressis
1106 5427 1373 5484 hactenus
1419 5427 1573 5485 libris
1625 5431 1834 5502 accepi.

254 5515 373 5573 iam
399 5531 533 5575 vero
559 5533 656 5575 eas
681 5520 845 5574 etiam
889 5521 1160 5576 asservari
1189 5521 1242 5576 in
1274 5522 1448 5578 tribus
1489 5522 1675 5579 Galliae
1703 5526 1838 5581 iusi-

258 5608 452 5678 gnibus
479 5607 843 5674 bibliothecis,
867 5611 1084 5680 scripsit
1111 5612 1176 5667 ad
1207 5627 1291 5668 me
1315 5611 1383 5668 de
1407 5612 1511 5669 hac
1537 5630 1595 5670 re
1617 5624 1837 5684 rogatus

316 5791 389 5854 κα)
423 5789 609 5844 Nullibi
632 5797 798 5844 tamen
820 5799 1086 5856 comparet.
1112 5791 1182 5846 Cf.
1213 5807 1359 5859 supra
1389 5794 1485 5847 col.
1513 5793 1593 5847 il.
1615 5792 1756 5845 Enn.
1778 5793 1929 5845 Pan.

1299 326 1697 405 cometam
1740 347 2000 409 sconsx
2046 352 2478 417 rnomnwu
2519 356 2632 420 nt.

3457 363 3557 429 122

1974 467 2034 520 Ρ.
2080 465 2313 524 Iacobus
2359 473 2709 537 Sirmundus,
2753 488 2866 532 soc.
2901 473 3053 542 Iesu,
3093 485 3148 533 et
3185 491 3251 534 ex
3299 482 3553 538 omnibus

1972 559 2238 616 indiculos
2291 580 2452 618 manu
2487 580 2581 620 soa
2615 566 2848 634 scriptos
2886 568 3078 623 itidem
3117 573 3438 639 transmisit,
3485 590 3554 631 ex

1969 652 2168 720 quibus
2201 655 2551 723 intelligerent
2586 674 2836 726 quaenam
2886 660 3016 713 mihi
3065 660 3335 728 deessent,
3367 679 3433 718 ex
3467 664 3555 717 iii-

1971 743 2237 801 blimheca
2273 746 2554 816 Regia,ex
2595 766 2655 804 ea
2696 766 2814 820 qua:
2859 749 3290 806 Folientinorum
3337 754 3392 807 S.
3424 753 3556 809 Ber-

1970 840 2121 892 nardi
2155 841 2568 906 monachorum,
2597 852 2651 898 et
2681 859 2747 899 ex
2783 859 2844 900 ea
2876 862 2994 915 quae
3025 857 3107 901 est
3138 847 3348 916 collegii
3377 849 3554 903 socie-

1970 932 2096 985 tatis
2144 929 2270 986 Jesu
2324 934 2686 1000 Parisiensis,
2751 953 2872 1007 quae
2919 938 3046 990 olim
3111 937 3212 992 fuit
3259 940 3552 994 cardinalis

1966 1019 2179 1075 Joiosaa.
2241 1023 2508 1079 Praeterea
2567 1027 2619 1080 iu
2674 1025 2836 1097 Regia
2897 1027 3156 1084 Biblioth.
3214 1029 3440 1099 llispan.
3497 1032 3549 1084 in

1968 1114 2301 1166 monasterio
2348 1110 2409 1168 S.
2444 1111 2721 1169 Laurentii
2767 1117 2913 1186 quod
2951 1115 3284 1171 Escurialem
3338 1130 3549 1186 vocant,

1964 1201 2271 1274 Γρηγορίου
2303 1204 2609 1260 ἐπισκόπου
2643 1207 2743 1277 τῆς
2785 1208 3038 1272 Σικελίας
3067 1210 3280 1279 ὁμιλίαι
3313 1212 3422 1265 ἀπὸ
3454 1212 3550 1266 τοῦ

1965 1295 2368 1366 ἀρχιτελὼνου,
2400 1308 2455 1354 et
2494 1299 2544 1352 iu
2578 1299 2686 1354 alio
2720 1300 2907 1354 codice
2946 1317 2961 1353 :
3007 1299 3252 1370 Ὀμιλίαι
3287 1302 3383 1356 τοῦ
3425 1303 3548 1357 ὅλου

1963 1386 2237 1442 ἐνιαυτοῦ.
2271 1387 2510 1460 Gregorii
2552 1391 2714 1458 episc.
2757 1390 2955 1446 Sicilia:
2989 1393 3223 1447 Itomilite
3250 1411 3284 1448 ιι
3314 1394 3550 1464 principe

1960 1479 2361 1549 publicanorum
2409 1482 2691 1545 inchoata,
2735 1482 2964 1537 homilite
3013 1484 3173 1537 totius
3204 1487 3353 1540 anni.
3399 1485 3546 1552 Quas

1961 1588 2096 1628 sane
2128 1577 2343 1627 easdem
2379 1587 2501 1629 esse
2535 1586 2694 1644 atque
2730 1574 2832 1630 has
2861 1591 2999 1645 quas
3032 1576 3349 1644 cvuigamus
3384 1576 3544 1632 iidem

1962 1663 2090 1719 fecit
2121 1665 2183 1720 0.
2228 1662 2504 1720 Marianos
2535 1663 2925 1735 Vulguaruera,
2959 1665 3398 1733 Panormilanus,
3431 1684 3541 1724 nou

1964 1754 2132 1826 magis
2160 1770 2357 1824 genere
2382 1771 2541 1825 quam
2568 1755 2870 1810 litterarum
2897 1754 3212 1812 Graecarum
3238 1758 3545 1813 eruditione

1959 1847 2176 1915 clarus;
2228 1846 2316 1901 cui
2367 1845 2579 1901 Μειιίτίιί
2632 1847 2685 1901 in
2735 1848 2885 1916 regia
2934 1846 3164 1918 Philippi
3214 1845 3282 1902 iV
3325 1849 3542 1919 degenti

1961 1943 2234 2010 negotium
2270 1939 2325 1994 iu
2361 1940 2465 1995 hac
2497 1954 2553 1994 re
2588 1938 2853 1993 litteraria
2885 1938 3031 2003 dedi,
3061 1948 3118 1993 ut
3146 1939 3214 1994 de
3255 1939 3341 1995 bis
3371 1941 3542 1996 homi-

1962 2030 2049 2084 liis
2081 2030 2258 2099 deque
2288 2040 2511 2086 auctore
2553 2036 2928 2100 cognosceret,
2961 2039 3016 2085 et
3041 2045 3108 2085 cx
3147 2033 3322 2086 indice
3354 2047 3542 2087 earum

1958 2137 2092 2192 quas
2125 2123 2267 2194 apud
2303 2137 2388 2178 me
2421 2122 2713 2188 habebam,
2743 2124 2810 2177 ad
2847 2122 3020 2192 ipsum
3058 2121 3377 2177 transmisso
3404 2137 3539 2177 con-

1958 2217 2125 2271 ferret
2161 2225 2503 2285 argumenta,
2543 2215 2950 2283 inscriptiones,
2983 2225 3036 2269 et
3072 2215 3244 2285 prima
3278 2214 3541 2283 cujusque

1958 2313 2154 2374 verba;
2199 2307 2398 2380 quibus
2435 2308 2650 2364 collatis
2688 2309 2906 2362 easdem
2944 2323 3066 2362 esse
3100 2307 3368 2374 camperit
3405 2322 3544 2374 quas

1955 2404 2094 2472 apud
2140 2416 2227 2456 me
2262 2414 2384 2457 esse
2423 2400 2781 2473 intelligebat.
2832 2401 3008 2471 Atque
3035 2399 3222 2455 eadem
3259 2397 3314 2454 in
3348 2397 3543 2454 biblio-

1956 2495 2116 2550 theca
2170 2495 2238 2549 ad
2287 2494 2531 2550 codicem
2586 2493 2903 2564 adjunctum
2959 2492 3165 2562 reperit
3215 2491 3540 2561 opusculum

1952 2588 2230 2660 singulare
2259 2587 2553 2659 quoddam,
2584 2587 2729 2656 quod
2765 2588 2818 2640 iu
2849 2585 2974 2639 aliis
3011 2583 3352 2640 bibliothecis
3385 2599 3538 2652 repe~

1953 2680 2050 2736 riri
2078 2680 2315 2736 nondum
2348 2679 2558 2748 accepi,
2591 2676 2820 2744 Λεξικδν
2844 2676 2954 2730 τῶν
2981 2674 3216 2747 ὁμιλιῶν
3244 2678 3360 2731 sive
3383 2674 3542 2733 Glos-

1952 2773 2157 2828 sarium
2212 2785 2405 2827 vocum
2456 2768 2813 2841 singularium
2852 2779 2908 2823 et
2948 2766 3245 2822 diliieilium
3295 2769 3538 2824 auctoris

1952 2879 2076 2921 cum
2121 2879 2308 2919 earnm
2344 2862 2744 2931 explicatione;
2776 2860 2934 2927 cujus
2966 2873 3068 2931 ego
3110 2859 3265 2913 leaici
3312 2873 3538 2929 apogra-

1953 2954 2140 3021 phmn,
2185 2964 2332 3015 cum,
2370 2947 2611 3002 adhibita
2646 2946 2936 3001 multorum
2985 2948 3288 3001 amicormn
3329 2956 3384 3002 et
3442 2947 3537 3002 lit-

1951 3050 2249 3096 teratorum
2293 3038 2578 3093 hominum
2631 3037 3011 3107 ope,taudem
3066 3036 3342 3107 diligentia
3395 3036 3538 3094 Lau-

1949 3135 2110 3189 rentii
2155 3131 2377 3197 Cocchi,
2411 3131 2512 3186 viri
2545 3131 2743 3186 eruditi
2773 3139 2830 3186 et
2867 3131 2922 3185 in
2967 3140 3234 3202 apparatu
3282 3129 3536 3187 Historia:

1950 3224 2010 3279 S.
2049 3222 2304 3279 Demetrii
2345 3223 2603 3292 martyris
2647 3221 3058 3291 studiosissimi,
3098 3233 3293 3278 nactus
3333 3237 3534 3288 essem,

1951 3316 2016 3372 ad
2052 3316 2259 3372 calcem
2298 3314 2460 3386 hujus
2492 3317 2672 3387 operis
2701 3315 3118 3386 imprimendum
3148 3317 3332 3371 curavi
3367 3315 3444 3389 (a)
3479 3323 3536 3370 ut

1947 3419 2192 3466 exstaret
2241 3411 2407 3465 etiam
2448 3409 2552 3465 hoc
2588 3410 2954 3467 testimonium
2985 3419 3043 3466 et
3067 3410 3353 3481 vestigium
3396 3409 3536 3466 anti-

1950 3503 2195 3574 quitatis.
2226 3501 2333 3561 Sed
2377 3502 2444 3558 de
2468 3517 2533 3558 eo
2561 3503 2712 3574 plora
2765 3502 2855 3559 illo
2905 3502 2958 3558 io
3003 3503 3144 3559 loco.
3179 3501 3236 3558 In
3277 3500 3535 3558 Vaticana

1947 3593 2283 3649 Bibliotheca
2342 3593 2450 3648 duo
2494 3601 2623 3647 sunt
2673 3593 2890 3649 codices
2933 3593 3128 3649 harum
3183 3593 3534 3648 homiliarum

1946 3688 2144 3756 quibus
2193 3683 2400 3740 indices
2433 3683 2503 3739 ad
2546 3700 2631 3740 me
2669 3695 2780 3742 tres
2809 3701 2916 3756 qua
2949 3685 3159 3752 Graece,
3198 3702 3305 3760 qua
3341 3685 3534 3742 Latine

1947 3779 2268 3844 amicorum,
2303 3791 2366 3832 ac
2401 3778 2706 3848 praesertim
2741 3779 2887 3834 dom.
2921 3777 3264 3835 Constantini
3305 3779 3530 3836 Caetani

1946 3868 2180 3934 abbatis,
2206 3883 2370 3938 opera
2401 3869 2811 3940 diligentissime
2833 3871 3150 3943 perscripti,
3187 3879 3312 3928 sunt
3343 3873 3531 3940 missi;

1947 3956 2002 4010 in
2030 3955 2205 4011 altero
2228 3958 2414 4014 codice
2438 3958 2641 4014 eaedem
2671 3956 2910 4014 humilia:
2938 3961 3158 4016 nomine
3184 3960 3534 4029 TheOphanis

1943 4048 2224 4112 Geramei,
2271 4047 2322 4102 in
2371 4048 2540 4103 altero
2567 4048 2834 4121 _Gregorii
2895 4050 3271 4118 continentur;
3331 4051 3534 4109 inscri-

1943 4142 2157 4212 ptiones
2205 4152 2335 4198 sunt
2389 4141 2694 4213 lmjusmodi
2731 4161 2746 4198 :
2792 4141 2845 4198 in
2895 4159 3006 4199 uno
3051 4143 3171 4200 cod.
3197 4143 3530 4215 Θεοφάνους,

1943 4234 2040 4288 τοῦ
2088 4233 2322 4305 ἐπίκλην
2363 4235 2713 4306 Κεραμέως,
2761 4238 3195 4310 ἀρχιεπισκὸπου
3245 4239 3532 4310 Ταυρομε-

1945 4329 2097 4392 velas:
2141 4328 2243 4397 τῆς
2279 4327 2552 4392 Σικελίας,
2603 4329 2813 4399 ὁμιλίαι
2859 4331 2913 4385 ai
2963 4333 3228 4402 κυριακαὶ
3268 4332 3363 4384 τοῦ
3406 4331 3531 4385 ὅλου

1944 4422 2178 4491 χρόνους
2225 4421 2278 4474 in
2309 4423 2527 4476 altero:
2564 4421 2671 4474 Τοῦ
2718 4423 3166 4494 μακαριωτάτου,
3211 4424 3530 4493 σοφωτάτου

1941 4530 2003 4568 τε
2044 4514 2142 4568 καὶ
2206 4513 2649 4585 ῥητορικωτάτου
2688 4517 2882 4588 κυρίου
2924 4517 3231 4589 Γρηγορίου
3274 4519 3531 4588 ἁρχιεπι-

1944 4603 2148 4657 atomo
2202 4603 2609 4673 Ταυρομενείας
2651 4604 2752 4675 τῆς
2801 4605 3056 4672 Σικελίας
3084 4649 3098 4672 ,
3154 4606 3249 4661 τοῦ
3299 4607 3533 4679 ἐπίκλην

1944 4693 2275 4767 Κεραμέως.
2313 4692 2446 4760 Quze
2480 4698 2585 4750 duo
2625 4698 2870 4762 nomina,
2915 4697 3211 4770 Gregorius
3251 4710 3306 4753 et
3345 4698 3531 4754 Theo-

1942 4789 2172 4860 phanes,
2204 4789 2366 4844 unius
2406 4802 2529 4846 esse
2561 4790 2800 4845 auctoris
2847 4801 3015 4860 patet.
3051 4791 3180 4846 lude
3222 4802 3530 4863 sequuntur

1942 4879 2181 4936 homilim
2231 4879 2442 4947 ordine,
2504 4879 2562 4935 in
2620 4879 2775 4950 cujus
2839 4879 2990 4936 calce
3056 4880 3371 4953 designatus
3425 4897 3530 4934 an-

1943 4987 2045 5027 nus
2100 4971 2279 5039 1448,
2347 4974 2490 5028 unde
2547 4973 2845 5042 antiquitas
2912 4972 3120 5028 codicis
3188 4973 3528 5042 intelligitur.

1941 5062 2238 5123 Postremo.
2258 5062 2320 5118 P.
2369 5062 2632 5120 Octavius
2677 5063 2972 5131 Caetanus,
3025 5078 3141 5121 soc.
3180 5061 3331 5129 Jesu,
3370 5064 3529 5134 cujus

1941 5156 2123 5213 studio
2166 5171 2230 5211 ac
2265 5155 2437 5213 labori
2485 5156 2591 5212 hoc
2637 5166 2882 5212 nostrum
2929 5171 3064 5226 opus
3111 5167 3393 5227 acceptum
3442 5167 3527 5213 est

1941 5247 2310 5313 referendum,
2333 5261 2454 5301 cum
2477 5236 2597 5316 qua:
2618 5247 2684 5301 ad
2710 5246 3045 5302 condendam
3066 5256 3123 5302 et
3147 5246 3522 5302 illustrandam

1942 5346 2256 5394 sanctorum
2292 5335 2601 5392 Siculorum
2637 5337 2917 5392 historiam
2946 5335 3190 5392 lacerent
3217 5337 3523 5407 diligentis-

1939 5432 2077 5485 sime
2123 5430 2459 5499 perquireret
2502 5438 2557 5483 et
2596 5439 2903 5500 appararet,
2934 5428 3129 5484 barum
3164 5429 3516 5485 homiliarum

1938 5521 2266 5592 exemplaria
2338 5522 2692 5578 describenda
2762 5524 2990 5578 curavit.
3060 5522 3127 5578 Et
3178 5523 3396 5593 quidem
3448 5537 3520 5578 ex

1940 5613 2147 5672 duobus
2179 5614 2478 5684 codicibus,
2513 5623 2572 5673 ut
2609 5614 2724 5688 ipse
2757 5616 2811 5672 in
2860 5616 3185 5675 adversariis
3217 5617 3520 5687 suis,'quas
