4104 6290
592 298 693 363 123

591 410 731 482 apud
780 425 867 465 me
911 424 1198 473 conservo,
1236 418 1490 465 testatum
1539 409 1780 477 reliquit,
1816 407 1991 463 altero
2022 404 2179 461 Vati-

590 519 751 569 cuno,
783 502 950 559 altero
985 500 1179 557 Meletii
1215 500 1568 556 Atheniensis
1607 500 1862 556 monachi
1898 516 1964 555 ex
1998 510 2181 554 monte

595 598 822 663 Sancto,
850 594 1055 652 familia
1088 594 1145 650 S.
1176 593 1383 659 Basilii,
1412 594 1502 665 qui
1532 610 1598 650 ex
1626 593 1847 650 Oriente
1875 593 2179 648 Messanam

593 692 851 762 appulsus
904 690 1085 760 ibique
1135 687 1372 745 emnobii
1425 688 1485 743 S.
1534 687 1846 743 Catharinm
1898 685 2184 756 prafectus

593 786 793 841 librum
832 784 1020 839 harum
1055 781 1398 839 homiliarum
1436 796 1597 836 manu
1628 792 1916 837 exaratum
1951 780 2024 835 illi
2060 796 2185 852 per-

595 880 828 949 benigne
874 877 1333 941 communicavit;
1370 877 1422 929 in
1458 892 1525 931 eo
1557 892 1687 931 vero
1731 878 1912 946 plures
1947 876 2185 932 humilia:

600 982 710 1026 lttttt
741 969 1111 1043 Theophanis,
1143 979 1259 1023 tum
1292 968 1528 1040 Philippi
1556 967 1847 1025 Cet'atttitae
1877 969 2186 1024 ﬂaminibus

603 1062 877 1134 inscriptae
930 1064 1370 1126 continebantur,
1418 1063 1483 1117 de
1535 1076 1641 1132 qua
1697 1072 1877 1116 tamen
1926 1062 2188 1116 varietate

599 1157 877 1209 nominum
908 1155 1265 1222 disceptatum
1289 1169 1318 1209 a
1344 1156 1498 1210 nobis
1519 1169 1586 1209 ac
1605 1154 1890 1210 definitum
1914 1163 1998 1210 est
2019 1168 2187 1225 supra

597 1246 839 1303 Prom-nt.
865 1247 933 1307 ll,
959 1246 986 1319 §
1013 1262 1082 1315 tt;
1112 1257 1164 1301 ct
1185 1249 1404 1319 quidem
1443 1250 1641 1307 librum
1670 1249 1819 1304 illutn
1844 1246 2186 1303 Meletianum

599 1353 664 1391 ts
696 1336 1034 1409 autographo
1069 1338 1235 1392 fuisse
1267 1338 1600 1407 exscriptum
1623 1378 1638 1403 ,
1670 1339 1813 1409 quod
1845 1336 1973 1392 olim
2007 1351 2188 1393 asser-

599 1428 830 1483 Vabatur
874 1429 926 1480 iu
958 1430 1294 1484 monasterio
1324 1428 1428 1483 SS.
1472 1431 1615 1484 Petri
1648 1439 1705 1484 et
1732 1427 1888 1485 Pauli
1922 1436 1990 1483 de
2022 1427 2188 1493 itala;

600 1519 698 1575 sed
732 1530 913 1574 tamen
960 1519 1013 1575 id
1062 1518 1458 1591 antographum
1510 1521 1672 1577 hodie
1710 1536 1820 1575 non
1868 1532 2106 1589 exstare.
2136 1519 2192 1576 id

603 1612 995 1668 monasterium
1043 1611 1443 1668 Basilianorum
1486 1622 1574 1669 est
1614 1616 1756 1669 inter
1802 1612 2109 1670 Messanam
2140 1621 2196 1668 et

602 1703 1025 1762 Tauromenium
1078 1708 1243 1761 situm
1288 1725 1303 1761 :
1346 1707 1410 1761 ad
1460 1707 1605 1778 quod
1655 1718 1866 1763 certum
1918 1708 2192 1761 hominem

603 1799 753 1863 misi,
800 1801 891 1871 qui
940 1800 1006 1855 de
1040 1815 1108 1856 eo
1151 1801 1466 1872 diligentius
1520 1803 1772 1856 notitiam
1820 1802 2060 1872 aliquam
2094 1814 2194 1856 seu

605 1894 957 1948 traditionem
987 1894 1321 1964 exquireret,
1349 1910 1451 1950 nee
1483 1896 1778 1963 quidquam
1813 1909 1842 1947 a
1871 1894 2059 1964 paucis
2091 1891 2196 1947 illis

607 1984 892 2042 monachis
921 1987 1011 2055 qui
1050 1988 1123 2042 ibi
1162 1988 1346 2044 vivunt
1386 1989 1515 2043 sciri
1562 1988 1757 2057 potuit.
1796 1986 2061 2043 liomilias
2097 2000 2195 2039 au-

607 2088 714 2133 tem
746 2077 812 2134 de
860 2078 1280 2144 Ilesurrectione,
1314 2088 1370 2138 et
1400 2080 1534 2135 alias
1566 2079 1747 2152 plures
1775 2080 1842 2135 de
1884 2080 2089 2135 sanctis
2129 2093 2196 2133 ex

610 2167 871 2227 Vaticano
906 2172 1095 2227 codice
1128 2170 1241 2242 jam
1282 2182 1409 2227 ante
1456 2172 1762 2241 descriptas
1814 2180 1868 2226 et
1911 2172 1962 2225 in
2004 2171 2196 2225 eodem

557 2334 559 2336 η
607 2261 777 2320 fuisse
812 2263 973 2329 libro,
1009 2266 1103 2322 sed
1147 2282 1253 2320 non
1292 2266 1415 2321 inde
1460 2266 1842 2336 transcriptas,
1893 2281 1960 2321 ne
2004 2278 2198 2330 snper-

608 2370 907 2411 v:tcaueum
952 2371 1111 2428 opus,
1158 2368 1210 2413 et
1265 2359 1510 2428 impensa
1566 2360 1736 2415 ﬂeret.
1778 2354 1980 2411 Horum
2036 2356 2201 2427 igitur

610 2450 1002 2520 exemplarium
1033 2451 1261 2507 alterum
1291 2452 1379 2507 hic
1411 2451 1661 2507 Panormi
1694 2452 1945 2508 relictura
1972 2458 2025 2504 et
2058 2450 2201 2505 inter

610 2544 878 2614 reliquam
936 2544 1259 2599 litterariam
1314 2545 1739 2615 suppellectilem
1774 2546 1828 2599 in
1866 2556 2042 2599 morte
2093 2554 2201 2596 tra-

611 2635 781 2691 ditum
809 2637 912 2693 sibi
941 2635 999 2691 P.
1026 2637 1282 2692 Alronsus
1306 2638 1583 2695 Caetanus
1607 2639 1722 2710 ejus
1754 2636 1922 2694 frater
1948 2647 2203 2708 SpeClttliB

623 2731 903 2801 religionis
950 2734 1052 2795 vir,
1087 2742 1141 2788 et
1184 2733 1403 2799 pietatis
1433 2748 1498 2788 ac
1530 2734 1693 2789 studii
1726 2733 1778 2788 in
1810 2743 2030 2789 sanctos
2062 2732 2205 2788 viros

614 2826 814 2882 Siciliae
862 2825 1059 2890 heres,
1110 2826 1176 2881 ad
1225 2840 1311 2881 me
1362 2827 1555 2882 detulit
1604 2843 1619 2884 :
1668 2827 1905 2883 viderem
1952 2843 2018 2881 an
2066 2826 2207 2883 foret

612 2935 791 2987 aperte
828 2919 1063 2990 pretium
1090 2919 1381 2976 Latinitate
1415 2935 1480 2975 ac
1511 2921 1630 2976 luce
1657 2921 1895 2987 donare;
1926 2928 1982 2975 et
2016 2922 2061 2975 si
2086 2931 2206 2974 tan-

610 3021 725 3067 tum
747 3012 1009 3074 laborem,
1036 3021 1135 3069 ete
1162 3013 1375 3069 diurnis
1411 3012 1551 3069 meis
1566 3014 2018 3085 occupationibus
2042 3013 2204 3084 spatii

611 3118 828 3169 possem
883 3104 1220 3176 impendere,
1262 3104 1538 3175 negotium
1592 3106 1951 3176 susciperem.
1996 3103 2207 3160 Placuit

616 3197 960 3252 subscesivas
1017 3197 1206 3253 saltem
1268 3197 1431 3253 horas
1486 3214 1551 3253 ex
1604 3199 1922 3269 quotidiano
1976 3213 2206 3253 munere

615 3304 898 3361 pensttque
929 3290 1211 3346 suil'urari.
1255 3291 1496 3347 Alterum
1527 3307 1655 3347 vero
1687 3291 1828 3345 idetn
1857 3291 1922 3347 Β.
1952 3290 2013 3346 Ρ.
2045 3290 2206 3345 Octa—

618 3383 762 3449 vius,
794 3393 850 3437 ut
880 3384 973 3455 qui
1007 3384 1241 3439 maxime
1272 3393 1520 3453 cuperet,
1550 3394 1604 3439 et
1639 3399 1806 3439 unum
1844 3384 1947 3441 hoc
1981 3385 2210 3452 agitaret

614 3476 822 3542 animo,
872 3489 929 3531 ιη
969 3477 1054 3532 ha:
1103 3476 1343 3533 humilia:
1397 3479 1615 3533 tandem
1657 3478 1833 3533 lucem
1882 3477 2207 3547 aspicerent,

616 3584 740 3635 qua!
787 3570 888 3626 sibi
943 3570 1063 3628 luce
1102 3571 1438 3642 dignissimae
1491 3570 1837 3637 videbantur,
1902 3569 2046 3625 unde
2100 3584 2209 3626 non

617 3678 844 3733 parvum
873 3666 1172 3723 Siciliensis
1199 3665 1441 3721 Ecclesia
1470 3665 1813 3733 splendorem
1842 3673 1989 3721 esset
2017 3678 2209 3734 accep—

622 3767 781 3818 tura,
832 3757 980 3813 misit
1027 3757 1080 3811 itt
1129 3758 1332 3814 Gallias
1384 3757 1450 3813 ad
1503 3755 1763 3815 Jacohum
1819 3754 2209 3823 Sirtnundum,

620 3865 736 3906 sou.
761 3847 911 3917 Jesu,
934 3851 1091 3922 cujus
1113 3868 1278 3923 opera
1303 3852 1469 3905 tnttlta
1491 3862 1652 3919 atque
1674 3851 1934 3919 praeclara
1960 3851 2012 3904 in
2037 3850 2209 3907 lucem

624 3940 854 4009 prolata,
888 3951 1124 4010 quantus
1160 3942 1240 3994 \‘ir
1280 3943 1371 4005 sit,
1416 3942 1533 3996 sine
1577 3955 1691 3994 mea
1727 3941 1978 3995 oratione
2021 3955 2118 4009 per
2151 3955 2210 3993 se

624 4034 882 4104 quamvis
925 4036 1086 4090 tacita
1132 4034 1446 4105 pradicant.
1478 4048 1589 4103 quo
1633 4031 1816 4086 [totum
1850 4030 1909 4086 Ρ.
1957 4032 2213 4089 Octavius

630 4128 808 4183 fuerat
852 4128 1193 4188 inutiliariter
1241 4142 1392 4188 usus,
1442 4136 1501 4181 ttt
1548 4127 1629 4181 vel
1668 4126 1783 4196 ipse
1827 4133 2086 4187 νυιιετει.
2131 4127 2213 4180 vel

628 4221 885 4277 vertenda
918 4221 1109 4277 Latine
1132 4230 1368 4276 curaret.
1398 4220 1446 4275 ls
1474 4220 1720 4287 lampada
1749 4218 1977 4273 tradidit
2003 4217 2063 4273 P.
2090 4216 2216 4273 Dio-

628 4316 787 4387 nysio
828 4314 1070 4379 Petavio,
1106 4314 1387 4370 societatis
1410 4321 1628 4375 nostrae,
1650 4314 1742 4382 qui
1771 4328 1884 4367 rem
1907 4328 2213 4382 aggressus,

629 4408 885 4476 primaut,
914 4408 991 4469 si;
1017 4404 1116 4477 τὴν
1141 4404 1316 4477 ἀρχὴν
1336 4405 1435 4474 τῆς
1476 4403 1754 4468 Ἰ·.δὶκτου,
1780 4402 2026 4459 Latinam
2055 4405 2211 4470 fecit;

630 4512 814 4572 postea
841 4502 1001 4556 ta'dio
1029 4502 1221 4567 victus,
1254 4509 1347 4554 aut
1375 4500 1579 4555 codicis
1607 4514 1768 4569 quem
1801 4498 1993 4553 habuit
2021 4500 2219 4556 obscu-

630 4590 812 4657 ritate,
842 4608 869 4643 a
901 4600 1081 4659 empto
1126 4588 1354 4651 destitit,
1384 4594 1439 4642 et
1482 4588 1583 4643 sibi
1615 4600 1899 4641 externum
1940 4587 2217 4644 hominem

630 4685 946 4753 subrogavit
971 4683 1063 4753 qui
1094 4697 1198 4736 non
1230 4683 1386 4735 modo
1416 4696 1530 4733 rent
1556 4695 1664 4734 non
1690 4690 1778 4735 est
1798 4694 1979 4745 orsus,
2004 4682 2099 4736 sed
2128 4681 2216 4734 vix

632 4780 847 4833 tandem
898 4778 1027 4832 illud
1066 4777 1344 4847 esetnplar
1387 4775 1643 4830 restituit.
1677 4774 1785 4832 Sed
1831 4774 1893 4829 ι».
1931 4774 2219 4846 Dionysius

634 4884 702 4924 ne
738 4869 1043 4922 lucubratio
1069 4883 1164 4920 sua
1210 4867 1300 4921 illi
1352 4869 1575 4937 periret,
1612 4865 1890 4919 hotniliatn
1922 4865 2068 4920 illun
2116 4867 2221 4921 sub

635 4961 858 5016 nomine
896 4959 1141 5029 Gregorii
1179 4958 1352 5015 edidit
1395 4957 1581 5013 Cratee
1614 4967 1668 5012 et
1717 4956 1906 5013 Latine
1952 4972 2059 5012 una
2093 4971 2220 5013 cum

636 5052 864 5107 historia
912 5051 1200 5121 Niet-pltori
1244 5050 1568 5122 patriarchae
1596 5049 2220 5119 Constantinopolitani;

634 5161 760 5217 qua:
798 5146 1017 5215 quidem
1066 5147 1136 5197 ita
1169 5160 1229 5203 se
1257 5144 1460 5200 habere
1501 5154 1613 5198 tum
1642 5146 1708 5200 ad
1737 5160 1823 5198 tne
1861 5145 2079 5213 scripsit
2106 5145 2224 5213 epi-

639 5240 779 5297 Stola
813 5254 911 5296 sua
950 5238 1007 5294 Ρ.
1044 5238 1390 5301 Sirmundus,
1426 5246 1542 5292 tum
1572 5238 1687 5309 ipse
1715 5238 1779 5296 P.
1815 5236 2101 5310 Dionysius
2133 5239 2224 5294 lit-

643 5338 778 5393 teris
806 5345 861 5391 et
898 5336 1170 5390 memoria:
1209 5334 1444 5405 prodidit
1476 5335 1526 5388 in
1557 5349 1655 5389 suo
1689 5334 1779 5387 illo
1814 5334 2014 5398 libello,
2049 5336 2137 5390 ubi
2171 5336 2223 5391 in

643 5430 785 5486 uotis
806 5428 1204 5498 chronologicis
1225 5443 1347 5483 cum
1367 5429 1431 5483 de
1449 5427 1743 5483 indictione
1767 5430 1897 5500 agit.
1918 5429 1994 5481 sic
2014 5429 2224 5485 scribit;

643 5524 800 5591 Quod
837 5526 1119 5594 posterius,
1155 5531 1211 5576 ut
1241 5521 1377 5578 alios
1412 5524 1673 5587 omittam,
1716 5521 1999 5592 Gregorius
2043 5524 2226 5593 Κερα-

647 5619 807 5689 pain,
859 5615 1341 5673 Tauromenitana"
1387 5614 1832 5683 archiepiscopus,
1882 5615 2078 5668 iudicat
2132 5616 2229 5666 Ιιο-

646 5711 797 5764 milia
832 5714 913 5773 sic
960 5710 1058 5780 τὴν
1115 5710 1292 5779 ἀρχὴν
1329 5707 1428 5775 τῆς
1477 5706 1757 5770 Ἰνδξκτου,
1801 5705 1918 5775 ἦτοι
1958 5705 2052 5757 τοῦ
2107 5704 2230 5757 νέου

650 5803 841 5873 ετους,
870 5820 1028 5876 quam
1076 5821 1168 5860 nos
1221 5819 1325 5858 una
1373 5818 1489 5856 cum
1541 5800 1662 5855 aliis
1713 5798 1952 5869 pluribus
2001 5795 2233 5867 ejusdem

1555 291 1958 356 FRANCISCI
2001 283 2272 352 SCORSI
2314 286 2750 351 PROtEMlUM
2790 289 2907 351 Ili.
3798 291 3886 358 125.

2286 405 2557 472 scriptoris
2583 409 2812 460 nondum
2837 406 3095 476 evulgatis
3121 407 3417 475 accepimus
3441 426 3477 462 α
3503 406 3575 462 R.
3601 406 3673 463 1³.
3697 408 3889 464 Jacoba

2285 494 2598 557 Sirmundo,
2645 499 2751 552 viro
2797 501 3120 568 pererudito,
3152 500 3244 570 qui
3272 502 3395 568 quin
3450 501 3649 555 crebra
3684 518 3715 555 a
3752 503 3889 557 nobis

2283 603 2466 640 eorum
2510 590 2787 643 editionem
2835 590 3068 659 ﬂagitat,
3099 599 3155 643 ut
3196 593 3244 645 ei
3276 591 3462 659 aliqua
3522 609 3595 646 επ
3631 603 3787 659 parte
3815 610 3897 646 sa-

2288 680 2476 750 tisﬁat,
2502 682 2634 735 t-elut
2660 686 2917 750 specimen
2944 684 3208 751 quoddam
3235 685 3602 739 indictionum
3627 688 3897 741 occasione

2285 774 2657 843 prmuisimus.
2701 773 2826 829 llatc
2868 774 3186 847 Dionysius.
3237 774 3349 849 Ego
3395 778 3581 849 igitur
3625 794 3772 848 opus
3809 796 3898 848 ag-

2288 881 2536 937 gressus,
2564 884 2685 923 cum
2716 869 2882 923 unico
2910 869 3003 924 illo
3031 885 3153 925 meo
3181 872 3488 940 exemplari
3530 888 3648 927 non
3683 887 3899 943 possem

2286 975 2409 1016 esse.
2438 971 2752 1027 contentus,
2790 979 2894 1020 nec
2937 965 3072 1020 satis
3109 963 3406 1020 lectoribus
3438 980 3560 1020 uno
3607 967 3707 1021 illo
3751 968 3901 1021 testi-

2290 1056 2477 1113 monio
2532 1056 2651 1113 lidei
2722 1073 2820 1112 nec
2874 1058 3216 1113 auctoritatis
3272 1058 3428 1129 operi
3488 1058 3684 1115 facere
3747 1075 3899 1129 posse

2290 1151 2571 1216 viderem,
2622 1149 2690 1205 ad
2736 1161 2943 1204 certam
2993 1151 3447 1223 exploratamque
3495 1151 3572 1207 de
3624 1152 3695 1207 iis
3744 1153 3899 1207 tidem

2293 1244 2597 1299 habendam
2634 1243 2876 1299 animum
2905 1244 3107 1315 adjeci.
3142 1244 3205 1299 Et
3238 1245 3482 1315 primum
3520 1247 3755 1303 easdem
3789 1247 3841 1304 ill
3878 1264 3901 1303 s

2290 1350 2414 1390 esse
2458 1332 2714 1389 homilias
2743 1349 2865 1404 qua:
2902 1333 3253 1405 Theophanis
3281 1336 3567 1401 Geramei,
3603 1337 3901 1392 Taurome-

2293 1429 2464 1483 nitaui
2499 1430 2781 1495 antistitis,
2810 1442 2839 1481 a
2871 1427 3172 1496 majoribus
3214 1438 3397 1484 essent
3429 1429 3610 1485 dictae
3645 1442 3902 1500 recepta:-

2293 1537 2430 1590 que.
2483 1522 2724 1592 comperi
2771 1537 2838 1577 ex
2890 1523 3006 1592 ipsa
3055 1522 3453 1590 inscriptione,
3506 1524 3783 1579 nintirtnn
3827 1526 3901 1588 εἰς

2292 1615 2361 1669 τὰ
2393 1615 2691 1685 εὐαγγέλια
2726 1616 3005 1687 Κυριακὰ.
3042 1616 3137 1670 καὶ
3178 1618 3374 1689 ἑορτὰς
3410 1617 3517 1672 τοῦ
3560 1618 3694 1671 ὅλου
3728 1620 3901 1673 ἐνιαυ-

2294 1710 2406 1765 τοῦ.
2428 1710 2580 1778 Quod
2601 1724 2733 1768 sane
2751 1719 3047 1767 constatex
3064 1713 3314 1767 omnibus
3337 1713 3683 1769 testimoniis
3701 1728 3824 1784 qua:
3841 1714 3902 1769 de

2297 1803 2400 1859 huc
2428 1814 2652 1859 auctore
2679 1818 2967 1875 congeram
3003 1803 3166 1859 infra.
3204 1804 3407 1861 Deinde
3440 1819 3577 1861 cum
3620 1806 3899 1876 impressis

2297 1900 2441 1969 apud
2476 1899 2817 1965 Grelserum,
2855 1898 3177 1964 Baronintn,
3210 1900 3544 1972 Dionysium
3584 1918 3742 1957 meas
3773 1917 3896 1955 mss.

2297 1993 2525 2059 contuli,
2568 2002 2624 2047 et
2664 1993 2886 2063 quidem
2919 2004 3180 2048 constare
3211 2008 3409 2050 sensus
3441 2003 3501 2048 et
3538 1996 3715 2052 verba
3761 1994 3893 2058 vidi;

2298 2087 2549 2156 quamvis
2586 2084 2794 2157 aliquot
2840 2085 3146 2157 fragmenta
3195 2087 3279 2141 vel
3323 2091 3379 2144 in
3422 2102 3558 2143 areo
3597 2087 3893 2159 exemplari

2298 2178 2387 2231 vel
2439 2178 2493 2232 in
2544 2178 2828 2247 impressis
2879 2180 3173 2246 deessent,
3228 2181 3375 2251 quod
3428 2180 3771 2252 scriptorum
3823 2181 3894 2235 vel

2299 2270 2458 2340 culpa
2487 2270 2569 2327 vel
2598 2286 2784 2327 errore
2820 2270 3021 2326 factum
3055 2286 3179 2329 esse
3215 2273 3461 2343 potuisse
3498 2274 3895 2329 animadverte.

2300 2362 2462 2430 bam;
2495 2372 2554 2419 et
2586 2379 2651 2421 ex
2686 2365 2900 2421 duabus
2941 2380 3106 2421 unam
3150 2366 3423 2440 integram
3463 2382 3636 2437 tuisse
3674 2366 3896 2431 restituit

2301 2456 2370 2515 de
2427 2455 2649 2528 reliquis
2697 2474 2822 2513 vero
2872 2460 3136 2515 continuo
3190 2461 3406 2518 litteras
3461 2462 3535 2518 ad
3588 2463 3802 2518 amicos
3848 2470 3894 2513 et

2302 2548 2551 2604 eruditos
2587 2548 2709 2604 misi
2747 2548 2998 2617 Romam,
3030 2552 3085 2607 in
3117 2550 3345 2615 Gallias,
3379 2554 3437 2607 in
3476 2552 3817 2624 Hispaniam,
3846 2551 3890 2604 in

2302 2638 2694 2709 Germaniam,
2753 2652 2852 2709 ut,
2908 2643 3206 2714 exploratis
3258 2645 3652 2710 bibliothecis,
3707 2649 3773 2699 de
3822 2643 3893 2696 his

2306 2732 2551 2789 homiliis
2576 2749 2662 2790 me
2683 2736 2970 2791 certiorem
3000 2736 3269 2792 tacerent.
3295 2733 3360 2790 Et
3387 2738 3618 2809 quidem
3648 2753 3711 2791 es
3738 2736 3887 2791 Gallia

2306 2823 2369 2882 P.
2391 2825 2715 2884 Sirmundus
2736 2842 2845 2884 non
2868 2826 3030 2884 modo
3051 2828 3255 2885 indices
3272 2844 3336 2885 ex
3360 2831 3542 2887 tribus
3565 2828 3887 2886 bibliothecis

2308 2933 2446 2989 quas
2487 2918 2622 2987 dixi,
2654 2920 2748 2976 sed
2774 2931 2829 2977 et
2857 2934 3022 2977 unam
3071 2935 3238 2976 manu
3276 2936 3373 2977 sua
3416 2922 3807 2992 transcriptam
3837 2921 3888 2972 de

2307 3004 2411 3067 SS.
2461 3012 2715 3081 apostolis
2761 3010 2921 3068 Petro
2952 3022 3001 3067 et
3034 3009 3233 3077 Paulo,
3278 3023 3333 3067 et
3380 3015 3599 3083 aliquot
3646 3010 3882 3081 protentis

2310 3104 2523 3159 illarum
2558 3121 2677 3174 qua:
2721 3106 2860 3161 mihi
2902 3114 3039 3162 tunc
3069 3108 3295 3163 deerant
3329 3107 3414 3161 vel
3464 3109 3681 3164 incerta
3714 3116 3881 3161 erant:

2311 3212 2375 3253 ac
2403 3210 2661 3269 praeterea
2692 3215 2816 3271 qua:
2840 3200 3157 3258 humanitas
3183 3204 3237 3256 in
3265 3211 3418 3257 tanto
3452 3204 3576 3256 viro
3595 3212 3653 3257 ct
3675 3202 3879 3257 studium

2310 3291 2628 3359 perficiendi
2661 3291 2841 3361 cperis
2878 3292 3077 3358 inerat,
3121 3292 3306 3347 studio
3334 3307 3398 3348 ac
3430 3292 3717 3365 diligentia
3747 3303 3879 3344 ret-u-

2309 3383 2525 3453 peravit
2554 3384 2832 3454 exemplar
2858 3384 2990 3440 illud
3016 3385 3159 3455 quod
3188 3385 3299 3454 jam
3331 3386 3604 3443 amissum
3631 3382 3871 3440 existinm-

2314 3474 2492 3539 batur,
2521 3482 2578 3530 et
2604 3474 2670 3529 ad
2704 3488 2791 3530 me
2826 3476 3134 3533 transmisit
3157 3490 3224 3533 ex
3252 3474 3429 3532 Gallia
3474 3477 3756 3531 incolume.
3780 3468 3875 3522 ilec

2310 3567 2564 3636 quamvis
2592 3565 2793 3621 nullum
2826 3564 3107 3634 praeferret
3138 3570 3375 3623 auctoris
3403 3569 3655 3635 titulum,
3680 3566 3878 3621 fortasse

2311 3659 2444 3731 quia
2468 3658 2640 3729 prima
2664 3660 2873 3730 pagella
2897 3658 2953 3715 in
2979 3661 3179 3721 multas
3204 3675 3399 3717 manus
3420 3673 3478 3718 et
3503 3664 3623 3719 loca
3651 3656 3880 3715 translata

2314 3767 2383 3809 ac
2412 3754 2609 3808 detrita
2637 3752 2942 3819 interierat,
2973 3763 3155 3810 tamen
3185 3755 3391 3811 contuli
3420 3771 3553 3813 cum
3582 3768 3700 3809 meo
3721 3739 3880 3807 exent-

2315 3846 2476 3918 plari,
2506 3855 2567 3900 ut
2597 3860 2720 3901 cum
2764 3847 2986 3904 easdem
3032 3861 3155 3905 esse
3191 3848 3447 3904 homilias
3496 3846 3882 3919 comperissem.

2315 3940 2673 3995 conﬁrmatus
2708 3940 2878 4009 magis
2907 3940 2960 3994 in
3005 3940 3109 3997 iide
3148 3942 3546 4009 exetnplarium
3579 3954 3697 3998 sum
3727 3954 3742 3991 :
3772 3934 3882 4003 quin

2314 4044 2369 4088 et
2397 4034 2639 4089 lucratus
2664 4050 2727 4089 ex
2755 4048 2822 4088 eo
2854 4032 3055 4089 multas
3085 4033 3335 4089 homilias
3363 4051 3486 4105 quae
3519 4036 3573 4091 in
3607 4048 3723 4088 tneo
3745 4029 3882 4083 dees-

2316 4138 2461 4194 sent,
2505 4136 2560 4181 et
2600 4126 2713 4181 loca
2763 4127 2996 4195 plurima
3044 4142 3168 4197 qua:
3218 4128 3270 4182 in
3326 4144 3447 4184 meo
3499 4128 3683 4185 itidem
3727 4126 3883 4177 essent

2317 4220 2613 4284 intercisa,
2668 4220 3009 4290 depravata,
3066 4221 3358 4276 obscurata
3422 4236 3585 4290 posse
3637 4213 3883 4287 suppleri.

2318 4311 2639 4377 emendari,
2697 4312 2961 4369 illustrari
3000 4312 3105 4367 vidi
3147 4324 3249 4369 τοι
3300 4329 3422 4370 cum
3475 4315 3529 4369 in
3578 4313 3671 4369 illo
3717 4317 3883 4367 scus"s

2317 4414 2503 4463 essent
2548 4404 2744 4475 integri
2787 4405 2959 4475 magis
2999 4415 3054 4459 et
3094 4406 3237 4474 plent
3267 4420 3431 4475 quam
3463 4408 3518 4461 in
3547 4418 3687 4468 meo,
3720 4402 3769 4454 in
3799 4398 3883 4450 hoc

2319 4509 2502 4555 autem
2543 4499 2814 4568 scriptura
2855 4497 2970 4567 ipsa
3002 4498 3118 4551 sive
3146 4497 3540 4567 orthographia
3576 4490 3885 4551 emendatior

2319 4596 2376 4655 et
2406 4586 2610 4641 clarior
2636 4600 2798 4654 quam
2831 4584 2885 4639 in
2920 4584 3034 4651 illo,
3066 4600 3130 4640 ex
3166 4594 3400 4655 utroque
3437 4586 3581 4658 quod
3618 4591 3732 4637 erat
3763 4578 3885 4631 lace-

2320 4694 2439 4734 rum
2478 4676 2836 4747 mutilumqtte
2864 4676 3026 4731 refeci
3074 4686 3239 4747 atque
3269 4681 3493 4744 sanavi,
3535 4675 3676 4748 quod
3718 4672 3883 4738 depra-

2322 4783 2505 4826 vatum
2552 4772 2791 4837 correxi,
2846 4772 2990 4839 quod
3044 4772 3340 4825 obscurum
3396 4769 3696 4828 illustravi;
3742 4770 3881 4826 atque

2322 4866 2395 4919 ita
2466 4866 2708 4933 integras
2776 4861 3155 4933 perfectasque
3214 4862 3471 4919 homilias
3526 4852 3881 4916 describendas

2322 4956 2668 5028 edendasque
2696 4957 2908 5012 curavi.
2943 4954 3170 5011 Addidit
3205 4966 3465 5025 praaterca
3497 4954 3556 5010 P.
3587 4944 3877 5028 Szrmundus

2323 5051 2681 5118 exscripsisse
2703 5065 2761 5106 se
2783 5048 2970 5104 Romae
2990 5064 3056 5104 ex
3082 5050 3308 5118 antiquo
3334 5046 3626 5117 exemplari
3655 5026 3876 5097 undeciui

2326 5143 2577 5198 homilias
2606 5144 2687 5207 εἰς
2714 5144 2784 5195 τὰ
2813 5142 3038 5205 tatem,
3071 5157 3209 5211 quas
3240 5140 3462 5199 easdem
3505 5141 3660 5197 etiam
3702 5122 3874 5197 reperit

2330 5237 2439 5292 Deo
2471 5215 2621 5305 operi
2674 5236 2978 5302 aspirante,
3016 5234 3070 5288 in
3122 5235 3492 5289 monumentis
3524 5247 3552 5286 a
3588 5230 3644 5284 P.
3679 5217 3875 5279 Octavio

2329 5331 2533 5389 relictis
2557 5339 2609 5387 et
2636 5331 2766 5384 mihi
2800 5329 3037 5385 traditis.
3068 5326 3142 5381 Ex
3176 5327 3373 5395 quibus
3402 5325 3607 5384 collatis
3633 5333 3742 5377 cum
3770 5310 3872 5406 aliis

2331 5422 2555 5477 tetidem
2606 5421 2712 5476 mei
2761 5418 3093 5487 exemplaris
3143 5433 3245 5474 non
3294 5433 3481 5487 parum
3528 5413 3656 5470 lucis
3682 5420 3740 5461 at:
3769 5400 3869 5456 ﬁdei

2332 5512 2538 5583 accepi.
2596 5511 2765 5565 Roma
2827 5526 2935 5565 non
2994 5511 3168 5564 solum
3228 5508 3610 5565 conferendum
3672 5494 3867 5589 imiimi."

2334 5616 2774 5677 argumentorum
2807 5617 2861 5660 et
2904 5606 3300 5674 principiorum
3346 5606 3555 5664 curavi,
3584 5594 3669 5653 sed
3694 5594 3869 5646 exsert-

2334 5702 2537 5755 bendas
2583 5698 2748 5753 etiam
2802 5697 3086 5766 plurimas.
3141 5706 3252 5749 tum
3304 5711 3443 5765 quas
3487 5705 3587 5747 non
3626 5683 3860 5740 itabch'":

2344 5803 2457 5849 tum
2510 5807 2698 5849 earum
2761 5805 2898 5863 quas
2962 5788 3241 5846 haberem.
3294 5787 3361 5843 Et
3411 5784 3619 5860 quidem
3666 5776 3782 5832 duas
3820 5774 3865 5816 ct
