4044 6284
265 392 337 466 liii
1233 392 1638 461 FRANCISCI
1674 388 1942 454 SCORSI
1980 388 2417 458 PROiEMlUM
2449 395 2565 461 ΙΙΙ.

278 517 418 587 vitiati
447 514 715 590 integras
762 515 987 589 accepi;
1035 515 1232 588 quibus
1275 516 1319 571 si
1365 512 1532 569 addas
1575 505 1828 564 undecim

283 622 339 684 αις
354 615 409 670 τὰ
434 614 648 670 tuens
674 623 733 671 et
767 612 910 671 alias
936 625 1038 669 nou
1066 623 1264 680 paucas
1292 609 1358 667 de
1382 603 1607 670 sanctis,
1635 602 1682 660 si
1714 614 1823 656 non

278 725 452 776 canes,
493 718 652 765 certe
687 707 982 765 maximam
1023 712 1226 775 partem
1256 699 1599 758 honiiiiarum
1621 710 1653 751 ο
1681 691 1835 749 Vati-

272 822 381 862 cana
442 803 780 862 bibliotheca
846 801 1191 871 depromptae
1256 793 1432 866 possis
1491 798 1831 862 agnoscere;

272 903 451 974 quibus
485 914 610 954 cum
656 895 989 956 conveniunt
1025 907 1103 950 ea
1132 903 1253 961 quae
1285 889 1336 943 in
1376 896 1610 955 utroque
1649 894 1837 938 exem-

280 996 398 1065 plari
428 1005 536 1051 tum
568 991 990 1054 Panormitam,
1021 996 1130 1042 tum
1166 981 1446 1040 Gallicano
1473 977 1576 1049 (sic
1603 988 1667 1032 ea
1702 983 1836 1026 voco

279 1086 624 1161 distinguendi
689 1084 908 1158 gratia),
970 1083 1036 1139 de
1091 1079 1308 1137 caeteris
1371 1074 1514 1132 idem
1567 1069 1834 1142 iudicium

273 1185 498 1256 prudens
542 1181 728 1238 facere
774 1180 985 1249 possis;
1024 1185 1079 1234 et
1115 1187 1309 1230 omnes
1351 1168 1575 1243 perinde
1610 1165 1836 1230 habere,

269 1293 328 1334 ac
349 1277 393 1331 si
419 1289 616 1332 omnes
635 1273 857 1328 omnino
884 1270 1092 1326 collatae
1118 1266 1366 1329 fuissent,
1394 1273 1537 1320 etes
1563 1256 1836 1317 Vaticana:

263 1369 608 1428 bibliotheca
646 1364 752 1422 lide
777 1379 807 1421 a
837 1379 922 1420 me
956 1363 1230 1418 traductas
1271 1356 1684 1430 publicamque
1708 1365 1836 1406 ceu-

257 1477 401 1521 sere.
427 1459 568 1516 illud
593 1458 760 1515 etiam
792 1455 1088 1512 monuerim
1114 1451 1181 1508 ad
1209 1446 1637 1508 coniirmaudam
1671 1442 1836 1512 huius

253 1557 438 1627 operis
487 1553 673 1615 iidem,
733 1565 836 1608 una
880 1557 1107 1622 eaeepta
1152 1543 1393 1608 bomilia,
1445 1541 1510 1595 de
1541 1537 1782 1610 iegisperi
1806 1551 1837 1590 ο

256 1654 622 1722 interrogante
659 1646 941 1704 Dominum
974 1635 1186 1719 (homil.
1230 1639 1333 1712 xi),
1361 1637 1604 1708 reliquas
1644 1643 1838 1688 omnes

257 1759 322 1801 ea
354 1743 571 1801 duobus
607 1742 895 1812 tribusque
927 1733 1332 1809 exemplaribus
1365 1733 1508 1790 inter
1536 1744 1594 1786 se
1621 1726 1837 1784 collatis

257 1853 288 1895 ε
315 1853 405 1894 me
436 1835 690 1908 proferri.
723 1833 874 1904 Quod
915 1834 969 1890 iu
1013 1831 1345 1901 singularum
1393 1827 1539 1884 notis
1583 1819 1838 1880 animad-

257 1943 470 1990 vertam
496 1949 515 2002 ;
550 1932 637 1987 ubi
671 1929 881 1987 etiamsi
914 1927 1042 2001 quid
1074 1925 1231 1982 lectio
1257 1921 1450 1987 variet,
1482 1919 1529 1978 si
1559 1919 1688 1991 quid
1718 1929 1834 1973 mea

259 2030 579 2101 conjectura
615 2034 922 2084 correctum
960 2025 1376 2089 restitutumque
1408 2018 1502 2085 sit,
1532 2014 1578 2071 si
1610 2011 1739 2086 quid
1772 2024 1837 2070 ex

260 2122 521 2179 omnibus
573 2117 899 2176 lectionibus
953 2118 1156 2172 rectius
1219 2112 1470 2167 videatur
1515 2117 1569 2166 et
1619 2103 1836 2173 verius,

263 2218 400 2290 quod
443 2226 632 2274 tamen
667 2214 740 2270 sit
770 2209 1002 2282 alicuius
1042 2204 1321 2272 momenti,
1360 2198 1680 2263 admonebo.

694 2326 725 2403 ς
761 2327 847 2386 ili.
883 2326 1027 2386 Ordo
1059 2322 1421 2382 homiiiarsm.

327 2451 445 2508 Non
477 2458 568 2507 est
599 2446 706 2502 alia
740 2445 911 2503 series
951 2443 1140 2499 harum
1176 2438 1547 2508 bomiiiarum,
1581 2448 1744 2510 quam
1773 2447 1841 2490 ea

261 2559 364 2616 qua
401 2549 543 2601 sunt
589 2537 870 2612 evangelia
913 2552 1010 2612 per
1046 2537 1162 2594 dies
1214 2531 1520 2592 Domiuicos
1568 2529 1843 2599 lestosque

260 2645 578 2695 sanctorum
607 2647 704 2703 per
725 2646 924 2687 annum
945 2628 1261 2690 Graecorum
1297 2627 1403 2683 ritu
1443 2623 1668 2696 digesta.
1696 2620 1844 2679 Cou-

261 2738 366 2788 stat
392 2739 580 2786 autem
623 2741 730 2781 non
765 2723 938 2781 solum
971 2725 1036 2780 tat
1068 2721 1164 2776 τοῦ
1190 2713 1709 2792 Εὐαγτιλισταρεου,
1741 2715 1843 2772 hoc

270 2836 360 2890 est,
388 2825 539 2882 libro
571 2835 688 2894 quo
725 2817 995 2887 evangelia
1039 2814 1304 2885 descripta
1336 2820 1465 2868 sunt
1500 2811 1554 2866 in
1587 2807 1845 2876 Liturgiis

280 2917 570 2983 recitanda,
606 2929 709 2970 nec
743 2927 812 2970 es
835 2910 1055 2968 sicaris
1075 2907 1271 2973 solum,
1325 2906 1378 2963 in
1422 2905 1619 2976 quibus
1656 2913 1845 2974 preces

273 3017 324 3066 et
346 3007 524 3081 hymni
551 3009 872 3062 sanctorum
895 3013 993 3073 per
1015 3011 1228 3054 menses
1257 2992 1524 3068 dispositi,
1561 2991 1656 3049 sed
1679 2990 1844 3047 etiam

276 3117 337 3158 es
380 3109 571 3158 nostro
606 3093 944 3164 Theophane
1002 3091 1054 3148 lu
1108 3087 1327 3147 humilia
1382 3085 1539 3156 cujus
1584 3083 1844 3140 initium:

291 3189 606 3262 ἐπιιὴπιρ
661 3183 840 3258 ἀρχὴν
890 3181 1103 3256 εἰλήφει
1133 3183 1375 3255 σήμερον
1408 3176 1615 3248 (homil.
1640 3172 1719 3242 vl,
1736 3185 1846 3246 quo

281 3283 454 3339 ordine
482 3278 780 3351 evangelia
812 3275 1106 3332 distributa
1136 3274 1269 3329 sint.
1294 3270 1555 3326 lncboant
1581 3267 1727 3325 enim
1749 3280 1848 3320 an-

271 3394 393 3434 num
417 3372 866 3435 ecclesiasticum
896 3385 924 3424 ει
956 3367 1295 3442 Septembri;
1332 3374 1388 3420 et
1420 3359 1698 3421 Dominira
1726 3367 1847 3430 post

263 3467 672 3528 Exaltationem
725 3476 927 3523 sanctae
955 3462 1136 3520 crucis
1181 3475 1248 3519 es
1283 3459 1342 3516 S.
1376 3457 1514 3514 Luca
1548 3455 1726 3526 legere
1760 3453 1847 3508 in-

264 3565 493 3634 cipiunt,
533 3575 714 3629 usque
736 3558 804 3614 ad
832 3554 1346 3628 Quadragesimam:
1376 3565 1484 3622 quo
1513 3557 1754 3618 tempore
1773 3559 1840 3600 ex

264 3654 445 3715 Ιποο
466 3666 649 3728 usque
679 3650 746 3708 ad
771 3648 1013 3710 Pascha;
1039 3647 1167 3702 hinc
1187 3658 1357 3714 usque
1387 3642 1454 3698 ad
1484 3640 1843 3698 Pentecosten

268 3764 328 3806 ea
382 3747 603 3806 Joanne
628 3759 646 3800 ι
676 3742 876 3799 exinde
903 3752 967 3796 es
999 3735 1057 3794 S.
1087 3734 1361 3800 ﬂattbmo,
1393 3747 1499 3804 quo
1526 3731 1713 3786 orbem
1745 3743 1847 3784 an-

265 3854 429 3896 nuum
480 3834 751 3896 claudunt
784 3833 836 3888 in
885 3830 1149 3902 Augusto.
1194 3826 1348 3897 Quod
1377 3825 1548 3883 etiam
1580 3823 1634 3879 in
1663 3820 1849 3880 codice

269 3936 538 3994 Vaticano
564 3941 694 4006 post
722 3928 1003 3988 homiliam
1040 3925 1115 3983 De
1144 3935 1327 3981 sancto
1356 3921 1570 3978 Joanne
1598 3917 1848 3994 Baptista

271 4028 485 4100 (bomll.
515 4025 637 4096 ιιι)
656 4034 778 4096 qua
799 4020 1008 4094 incipit,
1033 4017 1226 4082 Καλῶς
1262 4014 1643 4100 ὶφὴρμοσιν-ιιι
1671 4011 1844 4079 τάξις,

273 4097 600 4176 adnotatum
635 4125 720 4173 est
756 4113 842 4172 bis
867 4112 1067 4178 verbis,
1088 4111 1292 4167 ’ἰστέον
1328 4109 1412 4163 ὅτι
1438 4107 1546 4173 ῑως
1569 4097 1674 4161 ὧδε
1708 4103 1850 4175 πλη-

267 4212 537 4286 ροῠτιιτδ
560 4208 888 4283 μηνολόγιον
912 4205 1017 4263 ἀπὸ
1031 4203 1127 4260 τοῦ
1146 4198 1524 4272 Σεπτεμϐρίου
1546 4197 1850 4272 ἀρχόμνον

263 4308 427 4362 elevet
466 4305 567 4360 καὶ
612 4303 677 4357 τὸ
731 4301 886 4363 τέλος
929 4298 1022 4354 τοῦ
1072 4295 1386 4368 Αὐγούστου
1445 4291 1846 4364 τελειούμινον.

268 4396 584 4460 Sciendum,
613 4397 758 4464 quod
787 4393 874 4448 (tie
894 4391 1084 4447 desinit
1122 4388 1472 4460 aetiologian
1497 4402 1531 4440 ιι
1558 4382 1849 4457 Septembri

264 4493 524 4562 incipiens
559 4497 612 4547 et
666 4489 723 4541 in
773 4485 879 4555 ﬁse
921 4483 1149 4554 Augusti
1183 4480 1519 4552 completam.
1548 4477 1729 4550 Atque
1761 4475 1850 4532 liic

262 4586 403 4641 Ordo
435 4584 764 4651 plerumque
795 4586 1006 4633 constat
1033 4575 1086 4629 in
1109 4574 1361 4630 omnibus
1397 4570 1680 4628 codicibus
1711 4583 1845 4626 mss.

263 4678 355 4744 qui
403 4682 599 4732 omnes
634 4670 898 4740 incipiunt
942 4668 1008 4721 ab
1036 4666 1256 4723 bomilia
1290 4665 1374 4729 ei;
1420 4663 1522 4735 τὴν
1562 4662 1846 4728 ’1νδιιιτον,

267 4767 386 4839 ἦτοι
422 4765 606 4840 ἀρχὴν
636 4761 732 4817 se?)
755 4763 879 4818 νέου
917 4760 1097 4825 ἔτους,
1135 4773 1255 4830 quae
1281 4768 1367 4816 est
1392 4757 1464 4814 de
1494 4770 1683 4814 mense
1710 4754 1848 4824 Sep-

275 4861 491 4923 tembri,
539 4867 599 4915 et
637 4855 913 4917 desinunt,
968 4851 1111 4924 quod
1163 4853 1231 4908 ad
1276 4849 1557 4920 evangelia
1607 4848 1851 4921 κυριαιά

284 4953 466 5008 minet
486 4990 507 5017 ,
559 4950 613 5005 iu
646 4960 766 5004 eam
801 4956 925 5011 quae
952 4952 1038 4998 est
1061 4942 1128 4996 de
1151 4940 1310 4996 ditiis
1345 4940 1708 5009 interrogant:
1738 4935 1848 4990 Do-

284 5042 472 5098 Iiaut
512 5037 726 5113 (bomil.
755 5033 921 5108 sev);
948 5031 1094 5107 quod
1132 5047 1261 5090 vero
1300 5033 1368 5088 ad
1414 5031 1583 5099 testa,
1625 5029 1681 5085 in
1724 5043 1845 5086 eam

279 5147 390 5203 qu
425 5143 512 5194 est
538 5135 604 5190 de
631 5129 696 5192 8.
724 5128 956 5187 Joannis
983 5126 1238 5200 Baptista
1261 5124 1612 5184 decoll'atione
1633 5124 1844 5196 (iiomii.

281 5230 408 5296 ιιι),
444 5228 501 5284 ιιι
537 5225 697 5299 etijus
728 5222 994 5296 tirocinio
1027 5222 1144 5294 ipse
1183 5220 1544 5290 Theophanes
1584 5217 1714 5275 illud
1745 5214 1848 5274 ad-

282 5322 457 5389 vertit,
495 5327 644 5377 recte
673 5317 732 5374 in
764 5317 884 5388 ipso
914 5313 972 5372 8.
1000 5313 1342 5372 Praecursore
1377 5311 1513 5368 iiuiri
1546 5324 1770 5377 annum,
1794 5315 1849 5364 ct

277 5411 469 5469 exinde
512 5423 717 5468 novum
771 5406 1040 5475 inchoari,
1094 5407 1240 5478 quod
1284 5406 1400 5477 ipse
1443 5402 1608 5460 fuerit
1637 5403 1849 5459 medius

275 5500 417 5561 inter
461 5513 702 5562 veterem
750 5499 924 5570 legem
956 5509 1014 5555 et
1053 5514 1271 5557 novam.
1310 5494 1464 5554 Hunc
1491 5497 1736 5553 ordinem
1766 5496 1844 5551 rio

280 5604 496 5672 tutaque
517 5594 933 5671 evangeliorum
960 5595 1123 5652 etiam
1149 5596 1387 5652 retinere
1419 5594 1472 5649 in
1506 5599 1692 5647 nostro
1711 5589 1848 5646 libro

277 5691 448 5751 visura
490 5707 741 5767 equum,
796 5687 1053 5746 nimirum
1110 5697 1170 5744 ut
1216 5686 1527 5760 antiquitati
1576 5684 1754 5742 Patris
1796 5690 1850 5741 et

275 5783 506 5840 codicum
541 5779 865 5840 auctoritati
902 5789 958 5833 et
990 5776 1179 5836 Graeco
1203 5776 1371 5834 veteri
1408 5775 1534 5831 ritui
1568 5774 1718 5833 locus
1750 5777 1847 5830 da-

277 5885 419 5933 retur
435 5894 584 5939 sane.
607 5875 752 5935 Nam
775 5871 992 5930 etiamsi
1025 5873 1090 5930 ad
1113 5871 1371 5930 Romana
1391 5867 1645 5927 Ecclesiae
1677 5871 1838 5928 ritum

3411 391 3513 457 126

1935 509 2368 584 positionemquo
2428 511 2834 586 evangeliorum
2881 513 2934 569 in
2991 526 3056 570 ea
3114 511 3369 567 usitatam
3417 526 3513 565 cas

1939 605 2196 661 ordinare
2231 605 2613 674 voluissemus,
2644 621 2743 664 nec
2761 621 2953 664 omnes
2980 619 3261 664 sermones
3285 604 3508 674 explere

1938 698 2248 754 Dominicos
2273 698 2547 770 festosque
2576 700 2875 770 potuissent
2904 699 3043 766 dies,
3065 707 3122 753 et
3144 697 3334 766 aliqua:
3354 702 3509 750 extra

1937 791 2246 850 Dominicas
2264 789 2541 864 festosque
2561 791 2746 864 vagari
2767 789 3102 847 debuissent.
3124 787 3197 845 Ut
3218 787 3360 843 enim
3383 802 3507 842 cum

1936 893 2125 940 nostro
2175 883 2284 939 ritu
2340 885 2668 940 conveniant
2721 882 2926 953 aliqua,
2985 881 3134 951 plura
3181 879 3510 945 discrepent,

1937 987 2119 1033 tamen
2151 989 2328 1049 neque
2367 976 2600 1031 multum
2627 977 2895 1031 interesse
2921 976 2990 1031 ad
3015 974 3303 1028 utilitatem
3340 971 3512 1025 Ιι-ειοο

1937 1085 2054 1129 rum
2084 1071 2254 1128 visum
2307 1078 2394 1126 est
2442 1082 2610 1125 suone
2659 1083 2727 1124 an
2768 1077 2954 1125 nostro
2990 1067 3392 1122 collocarentur
3416 1078 3513 1117 or-

1937 1164 2083 1232 dine,
2143 1178 2266 1219 cum
2333 1161 2471 1218 satis
2526 1161 2576 1217 ei
2632 1157 2944 1214 consultum
2990 1166 3132 1212 esset
3185 1156 3229 1211 si
3279 1154 3511 1210 indicem

1935 1256 2266 1330 peculiarem
2292 1254 2694 1327 evangeliorum
2721 1252 2981 1308 Romana
3021 1248 3276 1306 Ecclesiae
3307 1245 3515 1302 descri-

1938 1348 2213 1413 lieremns,
2264 1350 2318 1401 ιιι
2369 1346 2567 1416 quibus
2611 1345 2769 1411 hujus
2814 1341 2989 1397 Patris
3032 1339 3305 1412 expositio
3345 1336 3515 1407 possit

1938 1438 2147 1496 haberi.
2204 1435 2584 1494 Verumtamen
2633 1436 2796 1492 etiam
2841 1435 3103 1503 optimum
3147 1430 3294 1488 factu
3340 1429 3511 1484 visum

1935 1541 2038 1597 est,
2081 1540 2140 1587 ut
2168 1530 2422 1587 iiomilias
2447 1530 2500 1585 in
2532 1526 2808 1599 evangelia
2840 1522 3191 1581 Dominicalia
3233 1521 3516 1590 disiunge-

1935 1641 2118 1682 remus
2159 1621 2229 1680 ab
2280 1624 2347 1681 iis
2387 1637 2506 1695 quae
2541 1631 2670 1679 sunt
2749 1622 2802 1676 in
2854 1616 2994 1676 festa
3081 1627 3420 1676 sanctorum,
3460 1621 3519 1668 ut

1937 1728 2292 1788 utrarumque
2355 1714 2648 1771 ἀκολουθία
2702 1711 3040 1767 commodior
3097 1721 3153 1765 et
3209 1704 3510 1764 evidentior
3602 1696 3606 1703 ’

1937 1817 2103 1867 esset.
2161 1808 2480 1880 Quanquam
2515 1804 2661 1862 enim
2704 1802 2939 1858 liomiliae
2976 1802 3028 1857 in
3071 1797 3350 1870 evangelia
3380 1809 3510 1853 san-

1939 1914 2153 1963 ctorum
2191 1903 2303 1960 sint
2343 1896 2643 1969 interiecta
2677 1894 2973 1952 Dominicis
3018 1891 3248 1960 diebus,
3299 1901 3516 1944 servato

1939 1999 2129 2056 eodem
2154 1995 2282 2052 anni
2311 1994 2569 2057 decursu,
2604 1998 2783 2046 tamen
2811 1988 3021 2044 variant
3049 1984 3276 2042 miriﬁce
3302 1982 3517 2037 codices

1941 2093 1996 2148 in
2029 2090 2115 2148 his
2142 2089 2282 2146 inter
2307 2099 2367 2144 se
2390 2082 2731 2149 ordinandis,
2756 2089 2816 2136 ut
2849 2079 2902 2136 in
2937 2078 3058 2134 aliis
3095 2075 3198 2133 alia
3224 2072 3514 2146 praecedat,

1942 2184 2054 2243 alia
2088 2183 2471 2252 subsequatur.
2503 2175 2686 2247 Quare
2715 2189 2836 2232 cum
2862 2187 3036 2242 neque
3061 2181 3248 2227 certus
3270 2182 3334 2223 ex
3367 2164 3520 2222 codi-

1942 2281 2100 2337 cibus
2132 2275 2293 2334 ststui
2327 2272 2500 2345 possit
2532 2269 2688 2335 ordo,
2732 2280 2831 2324 nec
2874 2274 3025 2322 esset
3077 2261 3263 2330 religio
3303 2259 3518 2315 illormn

1939 2371 2192 2431 deserere
2220 2364 2568 2433 ἀκολουθίαν,
2600 2363 2759 2418 modo
2787 2357 3067 2415 cemiuoda
3094 2355 3271 2425 aliqua
3299 2361 3355 2408 et
3378 2367 3515 2406 con-

1938 2473 2205 2525 sentanea
2236 2461 2634 2522 institueretur,
2661 2455 2730 2511 ab
2759 2451 2948 2508 alteris
2975 2449 3178 2504 alteros
3207 2445 3522 2515 discerpere

1941 2558 2113 2616 satius
2159 2553 2446 2618 desimus.
2491 2559 2548 2607 et
2589 2546 2741 2620 quasi
2785 2541 3080 2600 secundum
3113 2550 3317 2594 tomum
3344 2545 3400 2592 et
3425 2549 3524 2589 no-

1943 2662 2070 2704 vum
2101 2645 2315 2703 initium
2347 2638 2527 2700 iacere
2560 2639 2629 2694 ab
2668 2632 2890 2692 humilia
2934 2631 3000 2686 de
3035 2639 3223 2686 sancto
3258 2625 3523 2682 Demetrio

1942 2739 2158 2812 (bomil.
2187 2737 2358 2808 aut).
2385 2734 2709 2806 Quanquam
2737 2727 2826 2783 illa
2858 2741 2981 2799 qua:
3008 2733 3094 2780 est
3131 2724 3187 2778 in
3221 2720 3353 2776 anui
3372 2718 3523 2784 prin-

1943 2809 2162 2906 cipium.
2215 2845 2339 2888 cum
2392 2829 2465 2884 sit
2507 2835 2674 2900 caput
2717 2840 2824 2881 non
2867 2822 3044 2879 solum
3093 2809 3524 2906 festorumuscd

1942 2902 2107 2986 etiam
2141 2922 2570 2986 Dominicarum,
2591 2916 2952 2987 stabilemque
2980 2914 3164 2969 sedem
3188 2908 3246 2963 in
3263 2902 3522 2962 omnibus

1943 3017 2224 3077 codicibus
2253 3014 2472 3081 habeat,
2510 3012 2691 3087 primo
2736 3007 2922 3066 itidem
2967 3005 3090 3062 loco
3125 2999 3431 3074 posuimus.
3461 3002 3522 3050 ut

1942 3113 2184 3172 omnium
2229 3111 2459 3167 chorum
2505 3108 2758 3172 duceret;
2802 3108 3066 3176 prmterea
3111 3092 3392 3152 liomiliam
3425 3102 3524 3145 seu

1943 3205 2124 3279 potius
2143 3203 2448 3262 orationem
2464 3201 2520 3258 its
2548 3197 2933 3256 Exaitaiionem
2953 3200 3151 3249 sancta
3172 3185 3212 3242 C
3219 3184 3358 3279 ruris
3401 3192 3528 3279 quas

1943 3273 2078 3355 sane
2099 3295 2167 3352 de
2187 3294 2331 3352 l‘csto
2355 3301 2458 3359 est,
2476 3305 2599 3347 cum
2620 3298 2828 3347 certam
2859 3284 3042 3341 itidem
3063 3279 3306 3336 videatur
3329 3273 3528 3328 habere

1944 3387 2132 3448 sedem
2170 3387 2224 3443 in
2282 3382 2563 3441 codicibus
2595 3381 2849 3438 omnibus
2884 3387 3003 3448 post
3035 3370 3366 3429 Dominicam
3392 3383 3531 3441 prc-

1947 3482 2228 3537 cedentem
2257 3467 2385 3534 'boc
2438 3475 2658 3541 frstum,
2716 3479 2774 3528 et
2825 3484 2937 3542 quo
2979 3467 3153 3524 ambae
3183 3463 3419 3521 humilia:
3459 3463 3529 3517 ad

1949 3571 2008 3629 S.
2045 3584 2266 3627 crucem
2295 3566 2628 3641 pertinentes
2662 3549 2731 3621 se
2775 3561 3008 3618 invicem
3041 3563 3528 3628 consequerentur,

1947 3679 2068 3722 eam
2120 3677 2242 3732 qua
2274 3662 2340 3720 de
2387 3658 2530 3717 festo
2574 3667 2660 3714 est
2688 3652 3049 3712 sdncxuimus
3087 3651 3137 3706 ei
3177 3664 3299 3722 qua
3327 3656 3413 3704 est
3459 3646 3530 3701 de

1952 3756 2269 3824 Dominica;
2325 3751 2566 3822 reliquas
2612 3761 2805 3804 oiuucs
2845 3743 3224 3816 scposnimus,
3288 3746 3346 3794 ut
3392 3736 3525 3792 disi.

1949 3846 2198 3907 llnmilis:
2228 3847 2312 3912 sic
2329 3843 2399 3900 τὰ
2423 3840 2646 3907 tuom,
2678 3838 2783 3895 hoc
2804 3844 2916 3901 est,
2961 3835 3017 3891 in
3036 3831 3279 3888 undecim
3304 3827 3527 3883 niatuti-

1947 3940 2094 3997 aatia
2124 3934 2424 4009 evangelia,
2470 3930 2719 4004 quamvis
2767 3927 2913 3984 inter
2955 3921 3320 3982 Dominicaics
3341 3933 3530 3977 recen-

1946 4032 2054 4091 seri
2087 4029 2334 4102 possint,
2391 4036 2575 4084 tamen
2623 4032 2911 4096 postrema:
2960 4018 3204 4076 omnium
3254 4014 3311 4072 in
3365 4015 3527 4072 codd.

1949 4123 2348 4181 describuntur.
2377 4117 2447 4176 iis
2481 4124 2707 4172 utuntur
2735 4109 2910 4172 Grch
2939 4125 3046 4168 nou
3084 4110 3139 4164 in
3169 4105 3434 4178 Liter-gis,
3465 4115 3528 4160 ut

1947 4215 2192 4282 emeris,
2223 4213 2318 4271 sed
2355 4211 2410 4268 in
2441 4209 2641 4267 ﬁdit-io
2687 4205 2994 4268 matutino,
3046 4203 3150 4259 hoc
3201 4203 3426 4263 ordine,
3465 4207 3528 4252 ut

1947 4306 2189 4377 singulas
2215 4302 2444 4374 singulis
2487 4297 2788 4358 Dominicis
2828 4297 3088 4362 recitent,
3141 4292 3465 4362 incipientes
3495 4304 3526 4342 ει

1951 4399 2129 4473 primo
2161 4410 2335 4469 usque
2385 4395 2455 4452 ad
2501 4392 2848 4449 undecimum
2889 4403 2907 4444 ι
2946 4385 3146 4458 quibus
3196 4383 3427 4452 expletis
3473 4381 3528 4437 in

1951 4497 2137 4553 orbem
2167 4494 2418 4559 redeunt,
2450 4499 2615 4556 atque
2658 4489 2729 4543 ita
2765 4498 3091 4557 unoquoque
3128 4479 3408 4536 Dominico
3443 4478 3530 4531 die

1953 4605 2117 4645 unum
2157 4601 2227 4643 ex
2274 4582 2358 4642 his
2408 4582 2704 4654 evangeliis
2737 4580 2943 4652 legunt,
2990 4587 3149 4650 prout
3193 4573 3404 4631 incidit.
3439 4570 3531 4626 Eat

1954 4683 2120 4757 igitur
2153 4679 2388 4738 bomiiia:
2423 4693 2547 4736 cum
2594 4689 2762 4731 unum
2796 4673 3116 4729 contineant
3148 4676 3528 4736 argumentum

1953 4756 2396 4834 Resurrectionis
2429 4769 2676 4832 Citristi,-
2708 4774 2830 4836 post
2867 4763 3144 4820 ltomiliam
3176 4761 3242 4816 de
3267 4756 3535 4814 Passion:

1950 4867 2225 4927 collocare
2265 4864 2438 4920 visum
2496 4870 2579 4917 est
2612 4868 2860 4926 rectum,
2916 4857 3018 4913 bac
3061 4855 3175 4923 ipsa
3214 4853 3280 4908 de
3326 4865 3526 4916 causa,

1953 4960 2080 5033 quia
2107 4958 2174 5015 de
2197 4952 2616 5012 Resurrcctione
2646 4960 2810 5015 sunt;
2841 4960 2977 5018 quas
3010 4945 3206 5002 deimie
3245 4943 3530 4999 commode

1952 5031 2367 5123 consequuntur
2397 5042 2632 5100 homilia:
2659 5041 2723 5097 de
2756 5038 3081 5096 Ascensione
3134 5045 3191 5094 et
3237 5037 3302 5090 de
3337 5031 3531 5089 Pente-

1950 5155 2116 5211 coste,
2147 5153 2457 5215 quanquam
2498 5136 2639 5191 inter
2665 5133 2766 5190 bas
2801 5139 2856 5188 et
2886 5146 2979 5188 eas
3025 5132 3090 5186 de
3129 5126 3529 5185 Resurrectione

1954 5233 2288 5290 intercurrat
2341 5224 2563 5284 bomilia
2615 5225 2681 5280 de
2731 5220 3111 5286 Samaritana,
3166 5233 3288 5290 quae
3332 5228 3414 5274 cst
3458 5230 3528 5273 ex

1953 5321 2243 5397 Evangelio
2297 5319 2362 5376 S.
2404 5315 2650 5380 Joannis,
2702 5323 2758 5371 et
2816 5312 3091 5368 Dominica
3145 5320 3268 5379 post
3315 5308 3526 5366 Pascha

1953 5416 2173 5489 legitur.
2233 5409 2312 5466 Ad
2365 5409 2500 5473 lucc,
2551 5404 2769 5462 bouiilia
2826 5407 2892 5461 de
2950 5403 3264 5462 Ascensiene
3312 5400 3526 5453 Domini

1954 5506 2096 5563 idem
2148 5503 2312 5559 liabet
2358 5497 2696 5570 evangelium
2745 5502 2908 5566 atque
2947 5505 3013 5549 ea
3057 5504 3176 5560 qme
3226 5489 3280 5541 in
3318 5497 3523 5539 sextans

1953 5593 2300 5655 matutinum,
2328 5602 2450 5657 quae
2482 5597 2646 5640 causa
2679 5592 2764 5638 est
2801 5597 2901 5637 cur
2932 5596 2963 5636 ιι
3005 5591 3229 5633 numero
3268 5574 3521 5628 undecim

1954 5687 2009 5743 In
2031 5685 2298 5740 mitiorum
2312 5678 2432 5736 haec
2451 5676 2612 5741 absit,
2639 5682 2849 5731 servata
2875 5681 3055 5727 tamen
3087 5670 3140 5723 in
3164 5660 3521 5735 sequentibus

1953 5775 2163 5834 numeri
2195 5772 2435 5834 ratione;
2470 5778 2525 5823 at
2555 5767 2679 5836 quia
2709 5763 2798 5819 ilia
2829 5758 3152 5834 promouiqu
3175 5752 3419 5811 continet
3449 5753 3520 5805 de

1956 5868 2097 5927 testo
2121 5865 2210 5924 die
2239 5859 2605 5927 Ascensiouis,
2636 5854 2828 5913 eodem
2862 5850 3050 5911 ordine
3082 5841 3391 5907 collocanda
3410 5838 3524 5895 tuis
