4104 6290
646 384 745 449 ῙΞἹ

644 511 751 562 quo
779 493 1039 549 Ascensio
1066 492 1325 562 prietedit
1356 490 1736 547 l‘cntet‘usten.
1785 492 1919 547 lllnd
1949 502 2220 562 postremo

646 588 698 640 in
729 588 829 641 hoc
864 586 1201 654 paragrapho
1244 582 1579 637 admonitum
1617 583 1869 636 lectorem
1901 584 2082 648 velim,
2123 598 2223 637 ne-

642 693 746 745 que
771 693 961 731 omnes
995 677 1243 729 homilias
1269 690 1404 743 quas
1442 675 1711 729 edidimus
1754 676 1904 743 (sunt
1933 688 2109 729 autem
2138 677 2221 731 ha:

641 785 775 836 quas
807 783 904 836 pro
943 768 1124 822 studio
1163 766 1551 835 diligentiaque
1587 779 1765 819 nosmt
1801 777 1855 821 et
1907 766 2219 833 adiumento

640 862 940 914 amicorum
972 860 1147 913 adhuc
1177 858 1444 921 adhibito,
1478 860 1713 927 reperire
1738 860 2007 925 potuimus
2042 861 2095 913 iu
2134 860 2215 913 bi-

641 952 961 1013 bliothecis,
1016 952 1299 1019 seXaginta
1349 948 1485 1021 duae)
1535 949 1950 1006 Dominicalium
2003 949 2215 1004 dierum
2268 995 2277 1007 ,

642 1058 925 1096 numerum
952 1052 1006 1095 et
1028 1043 1203 1095 locum
1227 1042 1466 1109 capiere,
1485 1041 1643 1094 siculi
1679 1056 1852 1108 neque
1872 1050 2213 1104 sanctorum;

639 1135 732 1189 sed
762 1135 959 1188 multas
991 1135 1181 1187 deesse
1222 1130 1568 1187 manifestum
1611 1142 1713 1186 est.
1774 1132 1836 1185 Et
1869 1133 2084 1199 quidem
2114 1133 2213 1185 ho-

641 1228 802 1281 milia:
845 1229 895 1281 in
941 1226 997 1281 ὃ.
1031 1226 1188 1281 Lucze
1227 1226 1504 1293 evangelia
1546 1228 1794 1278 videntur
1834 1244 1955 1280 esse
2002 1227 2213 1282 ca-teris

640 1318 844 1386 plures,
877 1333 1181 1387 quanquam
1215 1317 1438 1371 humilia
1471 1320 1522 1370 in
1553 1318 1842 1370 secundam
1881 1318 2210 1372 Dotninit-am

636 1424 757 1477 qua:
801 1419 905 1469 est,
955 1407 1147 1470 Καθὼς
1178 1400 1361 1460 θέλετε
1399 1409 1485 1461 ira
1514 1407 1740 1460 ποιῶσιν
1774 1410 1926 1478 ἡμῖν,
1963 1421 2092 1473 etc.,
2144 1424 2209 1463 ex

635 1517 756 1569 cap.
791 1517 841 1555 vt
880 1500 939 1554 S.
975 1500 1133 1554 Luca:
1165 1510 1224 1555 ut
1258 1502 1474 1568 ponitur
1522 1502 1574 1555 in
1615 1501 2061 1570 Evangelistario,
2095 1502 2214 1555 sine

636 1595 795 1647 dubio
821 1597 989 1649 deest.
1035 1595 1095 1649 Et
1128 1610 1196 1649 ne
1232 1597 1296 1649 tle
1328 1595 1552 1665 singulis
1579 1610 1801 1649 examen
1833 1595 2094 1650 habeatur
2118 1596 2213 1651 atl-

635 1685 919 1751 amussim,
953 1686 1096 1754 quod
1134 1687 1354 1755 longum
1376 1695 1539 1749 esset,
1571 1700 1746 1755 neque
1778 1688 1910 1739 tanti
1935 1699 2212 1752 est,certe

635 1776 685 1828 in
721 1777 960 1831 homiliis
990 1793 1057 1831 ex
1104 1776 1164 1831 S.
1205 1775 1437 1842 Joanne,
1469 1794 1586 1847 qua:
1619 1789 1739 1847 post
1774 1775 1976 1833 Pascha
2018 1779 2210 1849 legun-

634 1878 741 1930 tur,
779 1868 957 1923 solum
993 1884 1057 1922 ea
1093 1878 1342 1937 superest
1376 1885 1498 1937 quae
1543 1880 1629 1923 est
1665 1870 1728 1924 de
1756 1868 2125 1937 Samaritana,
2155 1880 2210 1927 et

629 1974 693 2012 es
726 1959 964 2015 homiliis
990 1961 1043 2014 in
1077 1961 1358 2031 evangelia
1392 1960 1451 2017 S.
1481 1959 1742 2027 Matthxi,
1770 1978 1891 2033 qua:
1922 1974 2040 2033 post
2070 1963 2207 2019 Pett-

633 2063 873 2109 teeosten
924 2054 1107 2124 plures
1158 2067 1319 2118 sunt,
1376 2070 1563 2125 pauca:
1629 2056 1918 2110 admodum
1968 2066 2203 2112 exstant.

632 2145 932 2201 Factumne
968 2147 1019 2201 id
1066 2148 1138 2202 sit
1180 2150 1309 2218 quia
1348 2148 1511 2203 dicta:
1542 2162 1645 2203 non
1690 2157 1815 2202 sunt
1864 2148 1951 2203 vel
1990 2159 2206 2216 propter

634 2238 841 2291 astatis
870 2239 1100 2305 calores,
1134 2240 1215 2295 vel
1247 2250 1467 2311 propter
1500 2240 1798 2295 absentiam
1833 2241 2105 2309 episeopi:
2136 2257 2204 2297 an

628 2328 757 2394 quia
811 2329 971 2383 dicta:
1016 2330 1229 2396 quidem
1263 2367 1281 2393 ,
1349 2346 1456 2385 non
1536 2340 1712 2384 mitten
1769 2332 2085 2401 exscriptte,
2123 2332 2206 2387 vel

627 2418 914 2489 cxst-riptte
961 2419 1242 2490 proiecto,
1308 2422 1402 2476 sed
1453 2421 1795 2491 interierint,
1850 2422 1935 2480 vel
2001 2424 2206 2479 lateant

628 2512 806 2563 adhuc
838 2512 889 2563 in
923 2513 1099 2580 aliqua
1135 2512 1460 2569 bibliotheca
1496 2529 1672 2585 neque
1707 2517 1774 2569 ad
1804 2527 2046 2570 nostram
2080 2532 2205 2586 per-

626 2601 878 2653 vcnetint
908 2604 1178 2664 notitiam,
1220 2617 1325 2658 nan
1370 2604 1543 2659 habeo
1592 2618 1800 2661 certum
1830 2608 1970 2678 quod
2002 2609 2201 2663 dicam.

628 2692 895 2748 llomilias
934 2698 986 2749 in
1028 2696 1108 2748 ιιι..
1149 2699 1331 2760 verba,
1366 2696 1601 2753 Lucerna
1633 2703 1869 2767 corporis
1895 2712 1973 2757 est
2020 2706 2203 2761 oculus

625 2786 762 2839 etin
800 2787 1003 2855 reliqua
1048 2789 1280 2857 ejusdem
1310 2789 1586 2860 corrugelii,
1636 2793 1689 2845 in
1726 2791 2033 2849 Dominicas
2079 2805 2201 2865 post

626 2875 982 2933 l’eatceOsten
1019 2880 1293 2950 conjicere
1324 2882 1497 2935 visum
1528 2890 1611 2936 est
1648 2897 1770 2934 eum
1809 2881 1918 2937 sint
1946 2898 2009 2937 ex
2036 2899 2201 2939 evan-

625 2971 765 3039 gelio
806 2969 868 3024 S.
901 2970 1157 3034 blatthtei,
1199 2972 1299 3028 etsi
1337 2973 1390 3026 in
1431 2971 1611 3027 multis
1650 2972 1811 3029 codd.
1862 2976 2203 3043 reperiantur

626 3060 769 3114 inter
796 3076 893 3115 eas
923 3077 1041 3131 qua:
1070 3074 1195 3117 sunt
1225 3063 1279 3117 in
1310 3060 1372 3118 D.
1400 3061 1626 3117 Lucam.
1660 3065 1789 3129 Sed,
1826 3074 1883 3118 ut
1909 3065 2041 3132 dixi,
2078 3080 2199 3120 cum

624 3162 841 3207 constet
866 3154 1000 3207 ordo
1046 3153 1173 3207 anni
1220 3168 1329 3221 quo
1373 3155 1735 3223 disponuntur
1759 3158 2060 3227 evangelia,
2096 3174 2200 3213 non

627 3252 808 3297 tanien
839 3244 1171 3314 singulorum
1202 3245 1443 3310 Εὑταξία
1471 3246 1524 3301 in
1560 3247 1719 3301 codd.
1745 3257 1967 3316 apparet
1994 3266 2008 3303 :
2038 3264 2205 3319 quare

626 3344 774 3388 recta
811 3336 1019 3390 ratione
1049 3335 1383 3406 arbitrioque
1414 3348 1599 3392 nostro
1630 3339 1711 3391 usi
1744 3354 1964 3405 sumus;
2004 3341 2104 3394 nisi
2131 3342 2201 3405 si,

624 3427 768 3493 quod
795 3437 973 3482 tamen
1000 3443 1086 3482 me
1121 3428 1271 3493 latet,
1316 3429 1460 3496 quod
1490 3430 1542 3483 in
1588 3430 1901 3485 Graecorum
1934 3431 2037 3485 ritu
2071 3448 2205 3486 usu-

621 3531 730 3585 que
777 3517 846 3571 sit
902 3518 1133 3585 positum
1186 3518 1620 3589 μυστικώτερον.
1646 3518 1797 3585 Quod
1844 3528 2024 3577 tamen
2072 3524 2202 3577 mihi

627 3607 872 3676 religioni
905 3625 1010 3661 non
1042 3607 1202 3673 duco,
1232 3624 1380 3673 cum,
1411 3618 1469 3663 ut
1500 3610 1637 3673 dixi,
1682 3612 1817 3666 ordo
1852 3612 1941 3668 hic
1992 3628 2097 3669 non
2133 3616 2206 3670 sit

624 3714 690 3752 ex
727 3699 886 3755 rebus
918 3702 1097 3769 tnagni
1132 3703 1410 3760 momenti.
1446 3702 1692 3757 doctrina
1740 3705 1912 3758 solum
1960 3716 2015 3761 et
2042 3722 2205 3762 evan-

627 3787 887 3854 gt'lturlllll
947 3789 1238 3858 explicatio
1294 3791 1413 3845 usui
1471 3791 1542 3846 sit
1592 3803 1645 3845 et
1699 3795 1875 3865 magni
1934 3794 2201 3850 facienda.

624 3877 908 3932 lltnniliatn
962 3880 1041 3945 εις
1093 3880 1185 3935 τὸν
1240 3886 1545 3953 γενόμενον
1592 3885 1805 3955 αὐχμὸν
1850 3902 1973 3942 eum
2032 3902 2205 3957 neque

626 3974 793 4039 diem,
829 3990 1009 4043 neque
1036 3986 1248 4045 tempus
1271 3979 1397 4031 anni
1425 3988 1631 4033 certum
1664 3979 1883 4042 habeat,
1916 3980 1967 4033 in
1993 3993 2205 4049 posue-

629 4080 775 4117 mum
824 4066 1132 4131 redegimus
1187 4068 1384 4133 locum,
1426 4078 1480 4123 ct
1524 4071 1703 4138 potius
1749 4080 1903 4124 extra
1956 4073 2201 4125 ordinem

623 4168 786 4221 quam
832 4156 882 4209 in
914 4158 1104 4211 ordine
1156 4161 1517 4227 reposuimus.
1551 4161 1725 4229 Atque
1773 4162 1886 4216 inec
1932 4172 2205 4231 utcunque

627 4248 694 4298 de
728 4248 869 4300 serie
900 4248 1246 4303 homiliarum
1284 4252 1537 4318 prtedictu
1576 4250 1708 4315 sint,
1760 4266 1919 4319 quam
1951 4262 2111 4321 prout
2149 4252 2203 4308 in

629 4348 815 4391 nostro
842 4338 945 4393 hoe
971 4339 1110 4395 libro
1137 4355 1198 4396 se
1233 4340 1451 4407 habeat,
1480 4342 1829 4412 subjiciemus
1855 4346 1926 4400 ob
1956 4344 2164 4402 oculos.

1010 4475 1040 4547 §
1081 4475 1171 4532 lY.
1209 4475 1369 4533 Ratio
1408 4479 1821 4547 interpretandi.

698 4607 870 4675 Quam
904 4607 1122 4665 dillieile
1152 4621 1209 4667 et
1245 4627 1531 4681 operosum
1569 4616 1839 4685 negotium
1874 4617 1947 4672 sit
1984 4633 2051 4672 ex
2098 4635 2203 4674 una

624 4698 809 4769 lingua
842 4701 894 4754 in
928 4702 1088 4756 aliam
1126 4713 1368 4757 veterum
1420 4708 1621 4773 scripta
1663 4709 1963 4775 traducere,
2005 4711 2051 4765 is
2085 4726 2204 4764 om-

627 4792 779 4845 nimn
817 4793 1020 4862 optime
1053 4796 1202 4849 n0vit
1228 4797 1315 4864 qui
1350 4796 1655 4863 huiusmodi
1693 4802 1967 4869 negotium
2007 4812 2204 4857 tractat

626 4883 815 4938 ethoc
845 4901 1032 4939 saxum
1076 4899 1271 4953 versat.
1308 4886 1383 4941 Ex
1425 4889 1622 4957 quibus
1666 4893 1916 4945 munibus
1964 4894 2203 4948 luculen-

626 4976 871 5030 tissimus
913 4978 1063 5032 testis
1096 4979 1187 5040 sit,
1233 4989 1418 5047 utpote
1460 4980 1848 5038 scientissimus
1900 4986 2202 5053 linguarum

624 5068 901 5134 nuntium,
931 5068 1307 5141 Hieronymus,
1343 5074 1435 5141 qui
1464 5082 1517 5127 et
1548 5090 1611 5128 ex
1642 5071 1867 5127 Hebra'o
1890 5090 2043 5129 sacra
2089 5093 2204 5129 mo-

628 5172 918 5226 numenta,
972 5170 1026 5215 et
1073 5178 1139 5217 ex
1192 5163 1380 5217 Graeco
1437 5166 1663 5217 aliorum
1721 5167 1883 5221 multa
1942 5168 2200 5222 traduxit.

633 5250 849 5320 Di/ﬁcile
898 5263 1011 5317 est,
1065 5254 1238 5321 inquit
1276 5255 1364 5309 ille
1397 5256 1449 5307 in
1516 5254 1837 5310 Pro-latione
1883 5258 1947 5309 ad
1982 5257 2200 5311 Eusebii

629 5343 961 5409 Chronicon,
993 5347 1195 5399 alienas
1227 5348 1432 5399 litteras
1462 5348 1835 5415 insequentem,
1881 5365 1982 5402 non
2009 5349 2205 5403 alicubi

631 5439 901 5502 excidere;
931 5452 977 5492 et
997 5444 1249 5505 arduum,
1270 5456 1321 5495 ut
1348 5459 1463 5507 Qltﬂ’
1490 5443 1543 5495 in
1571 5444 1678 5495 alia
1706 5444 1887 5509 lingua
1915 5444 2039 5496 bene
2059 5444 2206 5495 dicta

631 5543 777 5593 sunt,
819 5534 1057 5585 eumdem
1106 5531 1342 5586 decorem
1389 5535 1440 5587 in
1487 5533 1836 5587 tran‘latione
1880 5543 2203 5587 conservent.

637 5620 678 5673 S
699 5622 1004 5691 gniﬁcntum
1034 5634 1111 5677 est
1146 5625 1345 5691 aliquid
1379 5626 1532 5676 unius
1565 5626 1703 5677 verbi
1734 5628 2076 5692 proprietate,
2104 5644 2207 5679 non

632 5713 799 5765 ltabeo
838 5730 1003 5765 meum
1037 5718 1176 5783 quod
1207 5716 1258 5767 icl
1290 5716 1513 5782 e/ferat;
1579 5725 1625 5767 et
1659 5720 1778 5767 dum
1802 5735 1979 5785 qna'ro
2002 5719 2209 5785 explere

636 5808 969 5873 sententiam,
1002 5806 1155 5878 longo
1189 5808 1388 5862 ambitu
1424 5811 1508 5863 vix
1547 5811 1710 5864 breuis
1754 5812 1846 5864 ria:
1888 5813 2053 5877 spatia
2086 5827 2207 5866 conc

1610 375 2006 440 FRANCISCI
2046 378 2309 439 SCOilSl
2347 376 2772 437 l'liUtEMIUM
2816 378 2925 440 lll.
3783 376 3859 437 1'23

2324 504 2495 541 sunto.
2525 493 2789 542 Accedunt
2830 490 3231 559 Ityperbutorum
3269 488 3569 555 anfractus,
3624 486 3862 542 dissimili-

2321 580 2531 632 tutlines
2550 596 2789 642 casuum,
2812 586 3085 635 varietates
3103 583 3391 650 ﬁgurarum
3411 598 3429 645 ;
3450 583 3616 646 ipsum
3635 593 3863 649 postremo

2321 688 2495 734 suum,
2541 681 2611 736 et,
2659 680 2715 724 ut
2763 674 2838 723 ita
2874 674 3067 737 dicam,
3113 673 3447 726 vernaculum
3481 674 3672 741 lingua:
3708 690 3865 741 genus.

2323 762 2383 817 Si
2410 765 2479 816 ad
2529 765 2735 818 uerbum
2782 766 3117 830 interpretor,
3174 767 3397 816 absurde
3442 775 3686 825 resonat;
3730 764 3771 815 si
3815 764 3865 815 ob

2321 854 2678 906 necessitatem
2710 855 2913 921 aliquid
2948 857 3000 907 in
3031 855 3215 907 ordine
3242 855 3316 908 rel
3356 856 3407 907 in
3454 871 3691 908 sermone
3718 868 3869 906 mum-

2320 960 2460 1005 rcro,
2502 945 2567 997 ab
2618 948 2913 1015 interpretis
2964 948 3178 999 videbor
3222 947 3387 1016 σωκ-ἕο
3433 948 3720 999 recessisse.
3765 944 3868 997 ΙΙηξυ

2318 1035 2376 1089 S.
2420 1037 2804 1109 Hieronymus,
2837 1043 3032 1108 quibus
3062 1039 3195 1093 nihil
3227 1049 3401 1108 potest
3430 1039 3639 1107 planius
3668 1038 3743 1091 vel
3774 1038 3867 1103 ple-

2318 1130 2439 1181 nius
2465 1129 2533 1183 dc
2562 1129 2950 1199 interpretandi
2989 1129 3387 1184 dillicultatibus
3412 1131 3555 1194 dici;
3604 1129 3730 1198 quin
3768 1129 3867 1196 ipse

2317 1218 2526 1276 Tullius
2549 1224 2829 1290 eloquendi
2858 1224 3268 1284 disertissimus,
3296 1223 3379 1276 cui
3400 1225 3591 1275 mirmn
3617 1230 3697 1275 est
3723 1224 3865 1275 verba

2316 1315 2504 1367 deesse
2552 1314 2791 1383 potuisse
2822 1332 2837 1368 :
2869 1332 2990 1369 cum
3026 1318 3140 1385 ipse
3167 1316 3209 1367 si
3246 1318 3368 1385 quis
3406 1314 3546 1369 alius
3580 1330 3865 1367 sermonem

2314 1408 2546 1475 patrium
2580 1409 2854 1473 ditavmit,
2900 1423 3080 1463 nonne
3106 1410 3263 1479 inops
3297 1423 3417 1463 esse
3450 1408 3555 1461 sibi
3587 1408 3790 1461 videtur
3822 1408 3865 1459 in

2312 1500 2665 1566 exprimenda
2703 1500 2751 1554 vi
2785 1511 2838 1553 et
2881 1503 3100 1569 energia
3144 1500 3452 1554 Graecarum
3486 1499 3715 1554 vocum?
3753 1498 3865 1552 Nam

2313 1604 2434 1656 qua:
2470 1591 2637 1645 Stoici
2671 1593 3001 1663 προηγμένα
3032 1602 3086 1647 et
3128 1592 3595 1667 ἀποπροηγμένα,
3660 1592 3766 1646 haec
3794 1590 3867 1643 ille

2311 1680 2599 1749 aliquando
2614 1693 2902 1753 prwgntata
2924 1692 2977 1738 et
2995 1696 3412 1755 apoprregmata,
3434 1684 3727 1753 aliquando
3747 1698 3869 1751 prtu-

2310 1772 2482 1837 posita
2507 1773 2586 1826 vel
2610 1778 2880 1844 pt'wcipua
2903 1786 2956 1829 et
2993 1776 3205 1845 rejecta,
3238 1791 3627 1846 nonnunquam
3651 1788 3867 1845 promota

2309 1872 2361 1917 et
2393 1874 2590 1920 remota
2623 1868 2806 1933 vertit;
2840 1879 2900 1922 ut
2926 1870 3081 1923 initio
3110 1870 3201 1923 lib.
3236 1887 3293 1925 ιιι
3325 1868 3399 1923 De
3425 1869 3622 1938 ﬁnibus
3654 1869 3749 1923 sub
3774 1870 3867 1922 {Za-

2315 1955 2460 2008 tonis
2484 1970 2711 2023 persona
2735 1973 2748 2011 :
2775 1957 3031 2027 Equidem
3052 1959 3191 2014 soleo
3213 1962 3391 2020 etiam,
3407 1960 3547 2031 quod
3573 1977 3673 2012 uno
3693 1958 3864 2022 Cra-ci,

2309 2046 2356 2097 si
2386 2045 2545 2100 aliter
2570 2064 2674 2102 non
2700 2065 2934 2119 pessum,
2964 2053 3099 2105 idem
3132 2053 3370 2121 pluribus
3404 2052 3576 2106 verbis
3600 2065 3866 2121 exponere;

2308 2145 2355 2189 et
2388 2147 2560 2191 tamen
2581 2152 2707 2207 puto
2731 2140 2945 2195 concedi
2963 2145 3113 2196 nobis
3144 2153 3405 2213 oportere,
3435 2154 3489 2197 ut
3525 2141 3706 2197 Graeco
3736 2141 3869 2197 verbo

2309 2238 2543 2291 utamur,
2588 2233 2637 2285 si
2662 2233 2872 2302 quando
2898 2235 3072 2289 minus
3099 2247 3341 2290 occurrat
3381 2236 3653 2301 Latinum,
3698 2254 3756 2289 ne
3788 2238 3868 2287 ttat:

2306 2321 2563 2390 ephippiis
2592 2334 2644 2376 et
2674 2326 3038 2393 αεναιομΙιογὲι
3076 2326 3254 2396 potius
3297 2345 3455 2399 quam
3497 2328 3800 2397 purgatcui:
3827 2336 3868 2377 et

2306 2414 2716 2484 apopra'gntenis
2762 2418 3098 2483 concedatur,
3154 2435 3454 2489 quanquam
3510 2419 3619 2472 licet:
3668 2419 3859 2487 quidem

2306 2507 2593 2575 prteposita
2632 2516 2771 2562 recte
2797 2517 2847 2561 et
2892 2509 3090 2575 reiecta
3134 2507 3311 2563 dicere
3353 2508 3554 2564 licebit.
3615 2510 3678 2562 Et
3727 2508 3868 2576 paulo

2306 2606 2427 2667 post
2478 2598 2769 2673 ill.00tl8|ll
2806 2599 2944 2653 libro
2979 2599 3047 2655 de
3099 2599 3291 2654 iisdem
3342 2600 3591 2669 loqui-ns,
3643 2598 3742 2653 Sed
3786 2615 3862 2659 ea,

2305 2692 2504 2763 inquit,
2543 2712 2661 2763 qua:
2707 2698 2993 2748 secundum
3045 2696 3219 2749 locant
3252 2697 3486 2750 obtinent
3541 2695 3865 2767 προηγμένα.

2304 2786 2361 2840 id
2386 2796 2461 2839 est
2493 2788 2754 2856 producta
2789 2788 3150 2849 nominantur,
3181 2804 3297 2857 qua
3326 2788 3404 2842 vel
3438 2790 3516 2843 ita
3549 2789 3862 2858 appellemus,

2305 2878 2361 2932 id
2384 2878 2485 2933 erit
2516 2879 2727 2933 verbum
2754 2895 2780 2932 ε
2819 2880 2995 2945 verbo,
3050 2880 3126 2933 cel
3157 2891 3403 2951 promota
3445 2892 3496 2935 et
3532 2890 3752 2945 remota,
3800 2879 3878 2932 vel'

2305 2976 2363 3021 ut
2392 2968 2594 3021 dudum
2631 2968 2896 3032 diximus,
2941 2971 3251 3037 prtBDOsiltt,
3298 2969 3377 3024 vel
3403 2972 3674 3041 praecipua
3704 2981 3747 3025 et
3786 2969 3863 3023 illa

2308 3060 2529 3130 reiecta.
2592 3058 2718 3114 llaec
2785 3059 3016 3116 Tullius.
3085 3062 3214 3126 Quae
3266 3062 3499 3116 duorum
3556 3073 3863 3115 summorum

2307 3153 2546 3207 virorum
2578 3155 2884 3207 testimonia
2924 3168 2989 3208 eo
3030 3156 3329 3224 producere
3371 3156 3544 3221 volui,
3590 3156 3713 3209 utsi
3744 3154 3861 3208 idem

2308 3244 2440 3297 mihi
2497 3245 2550 3297 in
2607 3245 2708 3299 hac
2759 3247 3203 3315 interpretatione
3262 3249 3547 3303 condenda
3602 3246 3859 3317 contigisse

2309 3333 2506 3403 fatear,
2556 3338 2675 3391 sine
2717 3340 2920 3404 pudore
2967 3338 3211 3394 conﬁteri
3257 3355 3495 3409 possem.
3548 3343 3720 3409 Quare
3752 3350 3849 3391 cum

2306 3440 2481 3481 essent
2518 3430 2660 3483 inter
2696 3429 2814 3483 illos
2848 3431 2979 3485 duos
3017 3432 3211 3487 modos
3257 3447 3351 3487 seu
3384 3434 3569 3502 patius
3623 3434 3740 3487 littes
3772 3442 3849 3481 et-

2310 3529 2511 3575 tremos
2550 3521 2894 3583 interclusus.
2934 3524 2987 3579 in
3036 3541 3261 3595 quorum
3290 3526 3616 3583 alterutrum
3651 3530 3691 3582 si
3718 3518 3852 3579 decli-

2309 3628 2516 3679 narem,
2548 3615 2601 3668 in
2636 3614 2823 3669 vitium
2852 3616 3206 3686 impingerem
3233 3633 3251 3671 :
3282 3618 3544 3671 nimirum
3578 3630 3635 3674 ut
3662 3617 3737 3671 vel
3761 3625 3860 3666 ver-

2306 3704 2433 3759 bum
2489 3720 2552 3759 ex
2595 3706 2759 3761 verbo
2816 3708 3098 3763 redderem
3134 3706 3346 3772 Grates,
3399 3707 3581 3765 Latini
3627 3704 3861 3764 sermonis

2309 3794 2505 3850 decore
2542 3796 2886 3865 posthabito;
2953 3797 3036 3851 Vel
3080 3812 3299 3853 sensum
3345 3798 3523 3854 solum
3567 3808 3859 3868 spectarem.

2307 3885 2448 3940 nulla
2485 3886 2801 3942 Grzecarutn
2855 3902 3051 3943 vacum
3109 3888 3288 3944 habita
3347 3891 3599 3955 ratione,
3658 3899 3864 3958 quorum

2305 3977 2629 4033 alterutrum
2668 3978 2885 4035 facilius
2922 3992 2976 4035 et
3009 3980 3301 4049 proclivius
3340 3981 3586 4038 l‘utitrum
3618 3991 3751 4045 erat,
3786 3992 3863 4032 sc.

2305 4082 2464 4126 cutus
2508 4088 2629 4129 sum
2680 4073 2787 4128 tale
2838 4082 3351 4142 temperamentum,
3387 4086 3447 4130 ut
3492 4091 3597 4133 nec
3642 4076 3773 4131 facta
3807 4068 3864 4124 ad

2308 4163 2531 4217 verbum
2584 4166 2842 4221 evaderet
2888 4166 3067 4234 inepta
3123 4166 3442 4234 translatio;
3476 4178 3533 4222 et
3581 4181 3751 4223 tamen
3801 4162 3863 4215 ita

2306 4268 2505 4310 sensus
2537 4253 2725 4309 Latina
2760 4256 2942 4323 phrasi
2970 4271 3063 4310 seu
3112 4257 3297 4327 potius
3341 4260 3712 4328 complexione
3745 4268 3863 4308 con-

2308 4358 2601 4413 verterem,
2634 4358 2691 4400 ut
2721 4349 2901 4402 verbis
2931 4348 3096 4402 etiam
3127 4349 3354 4417 singulis
3391 4352 3571 4419 quoad
3627 4350 3739 4420 ejus
3763 4342 3862 4400 lleri

2308 4449 2513 4510 posset,
2543 4440 2707 4494 verba
2744 4441 3153 4509 responderent.
3193 4440 3251 4495 In
3286 4456 3393 4511 quo
3417 4444 3667 4512 equidem
3692 4438 3863 4493 elabo-

2307 4544 2458 4583 resse
2496 4531 2624 4585 mihi
2658 4532 2877 4595 videor;
2923 4542 3104 4585 utrum
3137 4530 3238 4585 sim
3287 4546 3575 4587 assecutus
3616 4530 3702 4585 alii
3729 4524 3864 4598 judi-

2308 4632 2456 4675 cent.
2492 4622 2626 4675 lllud
2661 4620 2909 4690 proiecto
2940 4638 3123 4677 verum
3165 4622 3393 4677 dixerint
3430 4623 3714 4678 nonnullas
3752 4632 3865 4672 seu-

2311 4715 2530 4779 tentias,
2554 4718 2598 4767 si
2632 4730 2750 4769 meo
2775 4716 2957 4778 modo,
2975 4727 3027 4768 et
3060 4731 3228 4778 more,
3249 4724 3303 4770 ct
3328 4730 3393 4768 eo
3414 4716 3680 4770 sermonis
3706 4706 3863 4764 Latini

2310 4806 2471 4877 stylo,
2510 4807 2593 4859 cui
2626 4820 2743 4859 sum
2778 4817 3055 4867 assuetus,
3078 4807 3356 4875 explicare
3385 4805 3647 4869 licuisset,
3669 4804 3867 4871 elegan-

2309 4899 2418 4951 tius
2458 4908 2513 4951 et
2564 4898 2884 4951 concinnius
2937 4912 3030 4951 eas
3068 4896 3245 4951 eﬂerri
3289 4898 3567 4967 potuisse;
3614 4898 3705 4952 sed
3751 4890 3865 4960 quia

2310 4988 2626 5055 interpretis
2654 4984 2832 5041 ollicio
2885 4986 3099 5055 ﬁdeque
3138 4988 3411 5056 obligatus
3458 4988 3589 5040 mihi
3639 4984 3863 5037 videbar,

2308 5093 2404 5132 eas
2439 5092 2544 5130 non
2596 5087 2656 5130 ut
2701 5076 3012 5139 voluissem,
3064 5079 3157 5131 sed
3204 5088 3265 5131 ut
3309 5078 3614 5131 debuissem
3659 5070 3865 5126 Latinas

2311 5169 2524 5224 fecisse.
2562 5168 2704 5235 Quin
2745 5170 2912 5224 etiam
2948 5169 3076 5221 illud
3110 5182 3333 5223 servare
3364 5168 3531 5232 volui,
3570 5176 3627 5220 ut
3661 5163 3768 5218 lucc
3794 5160 3865 5211 in—

2315 5264 2679 5327 terprctatio,
2736 5261 3175 5331 quandoquidem
3236 5276 3298 5314 ea
3361 5274 3558 5314 usuros
3604 5255 3863 5311 crederm“

2314 5355 2479 5407 etiam
2518 5369 2617 5421 pro
2674 5363 2927 5424 suggestu
2970 5368 3159 5407 sacros
3213 5361 3496 5415 oratores,
3550 5363 3652 5402 non
3706 5346 3773 5397 ita
3814 5338 3862 5391 in

2314 5445 2591 5498 Ciceronis
2626 5455 2807 5514 partes
2865 5446 3144 5507 transiret,
3180 5453 3295 5498 uta
3331 5442 3590 5511 religione
3632 5432 3860 5492 discede-

2317 5544 2425 5596 ιρις
2462 5546 2513 5589 et
2537 5538 2662 5591 dmn
2697 5537 2857 5590 nimis
2887 5537 3055 5590 videri
3084 5538 3241 5605 cupio
3262 5535 3669 5593 Ciceronianus,
3700 5525 3861 5579 mith

2314 5629 2659 5683 Christianus
2678 5630 2915 5685 viderer.
2937 5630 2991 5685 Si
3019 5628 3184 5685 dictio
3211 5628 3427 5698 aliquod
3452 5617 3858 5680 ecclesiasticum

2316 5729 2550 5789 saperet,
2585 5720 2634 5774 id
2668 5722 2795 5775 mihi
2831 5721 2971 5775 laudi
3011 5723 3189 5792 potius
3230 5736 3389 5789 quam
3436 5720 3566 5774 vitio
3610 5709 3860 5802 ascribctt‘

2320 5814 2446 5868 dum
2484 5812 2635 5869 duxi.
2665 5812 2851 5885 Itaque
2880 5831 3001 5869 cum
3034 5813 3218 5867 multis
3245 5811 3343 5867 SS.
3376 5810 3624 5867 Pati-ibus
3648 5801 3858 5860 Latinis,
