4104 6290
232 307 316 376 161
1578 305 1913 368 HOMILIA
1951 307 2030 368 ll.

3351 308 3453 373 162

218 416 627 490 πλασιασθείσης
654 418 755 490 τῆς
783 417 970 487 ἑξάδος
1001 416 1112 471 τῶν
1145 414 1395 482 ἐντολῶν,
1421 414 1498 480 ὡς
1517 417 1772 485 γενέσθαι

1879 433 1997 472 rum
2026 417 2333 474 columnam
2370 418 2777 489 pervenerimus
2813 418 2876 474 “.
2908 417 3064 486 Quod
3124 419 3170 474 si
3223 422 3452 478 virtutes

213 512 273 564 τὰ
297 509 349 576 ἐξ
377 509 668 581 τριάκοντα
693 509 777 575 ἐξα
815 510 1042 562 κάκεῖσε
1064 509 1196 579 γὰρ,
1214 502 1390 576 οἶμαι,
1421 507 1471 560 εί
1501 506 1645 561 κατά
1671 507 1770 575 τὴν

216 601 431 672 ἱστορίαν
449 605 478 656 6
505 602 598 657 τοῦ
634 604 877 674 μεγάλου
897 602 1124 672 Συμεὼν
1152 601 1365 664 στύλος,
1393 601 1560 671 μέχρι
1583 597 1771 652 τοσού-

215 711 297 748 του
320 692 583 763 ἀνύψωτο,
612 696 727 748 ἀλλ’
745 695 938 768 ἐπειδὴ
955 696 984 747 6
1014 693 1249 766 ἀριθμὸς
1269 687 1427 757 οὗτος
1449 690 1546 745 καὶ
1572 691 1771 754 κύκλος

216 787 334 852 ἐστὶ,
362 787 453 840 καὶ
483 787 774 857 τρίγωνος,
802 790 898 842 καὶ
925 787 1293 858 τετράγωνος,
1318 785 1414 840 καὶ
1438 787 1538 858 τῆς
1569 784 1772 856 ἀρετῆς

214 877 296 930 τοῦ
321 877 505 950 ἀνδρὸς
524 881 790 951 ἐσήμαινε
810 878 1039 946 τέλειον,
1066 879 1214 940 ὅπως
1239 894 1299 930 τε
1323 879 1520 946 πάγιος
1540 871 1610 947 ἦν
1634 877 1772 946 πρὸς

213 969 298 1038 τὴν
324 970 395 1035 είς
422 971 522 1039 τὴν
550 971 743 1042 τριάδα
771 969 1080 1034 εὐσέϐειαν,
1129 970 1224 1022 καὶ
1260 971 1412 1033 ὅπως
1457 966 1535 1039 τῷ
1583 966 1772 1038 κύκλῳ

214 1059 308 1111 stin
333 1061 539 1130 ἀρετῶν
570 1062 943 1129 ἐστεφάνωτο.
975 1061 1072 1113 ’Δν
1107 1054 1202 1113 οὖν
1231 1057 1516 1123 τοιαύταις
1563 1057 1773 1129 χρησά-

215 1166 348 1221 μενοι
381 1151 683 1207 ἀναϐάσεσι
718 1154 856 1225 πρὸς
885 1157 945 1206 τὸ
981 1153 1118 1224 ὕψος
1150 1152 1302 1206 τουτὶ
1337 1151 1771 1222 ἀναδράμωμεν,

214 1243 433 1308 καὶτοὺς
467 1245 792 1310 ἐπιϐούλους
841 1251 940 1318 τῆς
969 1248 1131 1318 ἡμῶν
1180 1245 1458 1316 σωτηρίας
1493 1241 1771 1312 φυγαδεύ-

211 1352 376 1407 σωμεν
407 1337 697 1409 δαίμονας,
753 1340 852 1394 καὶ
894 1339 972 1405 ὡς
998 1339 1312 1412 βαρϐάρους
1353 1340 1422 1393 τὰ
1448 1336 1772 1408 ἐνοχλοῦντα

211 1426 328 1497 ἡμῖν
350 1429 492 1500 πάθη
523 1431 883 1501 πραΰνωμεν,
915 1433 1012 1484 καὶ
1042 1431 1230 1500 σφίσιν
1276 1431 1485 1493 αὐτοῖς,
1516 1429 1614 1483 καὶ
1641 1425 1776 1480 πολ-

207 1521 306 1586 λοῖς
336 1523 514 1588 ἄλλοις
562 1527 809 1598 σωτῆρες
863 1525 1126 1596 ἐσόμεθα,
1183 1527 1280 1581 καὶ
1312 1526 1422 1580 τῶν
1446 1526 1767 1595 ἀκηράτων,

207 1616 292 1668 καὶ
312 1616 542 1671 αίωνίων
564 1618 787 1688 ἀγαθῶν
816 1620 1205 1690 ἀπολαύσομεν
1250 1621 1309 1673 ἐν
1343 1617 1564 1690 Χριστῷ
1592 1615 1769 1689 Ἰησοῦ

203 1709 276 1780 τῷ
305 1710 491 1782 Κυρίῳ
520 1711 698 1781 ἡμῶν,
730 1704 774 1779 ᾧ
800 1713 832 1783 ἡ
859 1710 986 1777 δάξι
1014 1713 1095 1776 είς
1126 1712 1352 1775 αίῶνας.
1379 1711 1579 1782 ’Δμήν.

1877 522 2092 565 nostras
2119 510 2284 565 veluti
2313 511 2533 574 minam,
2567 520 2659 564 aut
2722 510 2980 565 talentum
3025 528 3120 580 per
3167 528 3329 581 opera
3374 517 3452 568 le.-

1878 602 2119 657 nerando
2146 602 2560 666 cumulabiinus,
2593 611 2721 657 tunc
2742 601 2960 656 demum
2992 619 3023 656 a
3072 606 3226 659 nobis
3286 608 3452 659 virtu-

1876 703 1989 746 tum
2021 693 2169 749 orbis
2199 692 2291 748 ille
2317 693 2707 762 complebitur;
2733 708 2796 747 ac
2838 695 3086 749 senarius
3150 708 3450 766 prtecepto-

1875 799 1997 839 rum
2020 799 2279 839 numerus
2310 785 2364 838 in
2389 798 2448 839 se
2477 787 2592 856 ipso
2619 784 3006 854 multiplicatus
3052 788 3118 840 ad
3147 803 3241 843 sex
3270 801 3320 844 et
3348 791 3450 844 iri-

1875 877 2026 948 ginta
2062 879 2406 948 perducetur.
2441 876 2696 932 Eamdem
2722 879 2869 931 enim
2930 880 3112 947 magni
3181 882 3452 938 Simeouis

1882 969 2118 1027 arbitror
2144 969 2314 1024 fuisse
2345 971 2608 1026 rationem
2642 986 2656 1023 :
2692 971 2847 1038 cujus
2873 971 3150 1035 columna,
3218 973 3318 1028 etsi
3366 991 3450 1029 se.

1873 1063 2109 1118 cundum
2148 1064 2434 1118 historiam
2474 1078 2539 1117 eo
2604 1065 2838 1118 creverit
2887 1065 3208 1131 altitudinis,
3260 1077 3320 1121 ut
3368 1068 3450 1121 di-

1876 1167 2029 1213 ctum
2086 1167 2192 1223 est,
2247 1165 2424 1210 tamen
2469 1157 2720 1226 quoniam
2779 1173 3036 1212 numerus
3069 1161 3154 1212 liic
3187 1168 3240 1213 et
3284 1161 3456 1216 cireu-

1874 1249 1983 1304 lum
2016 1248 2150 1319 (35),
2180 1260 2231 1305 et
2256 1250 2549 1320 trigonum,
2581 1259 2633 1304 et
2683 1259 3023 1321 tetragonum
3085 1251 3264 1318 cilicii,
3325 1270 3453 1321 per-

1873 1339 2073 1397 fectam
2104 1343 2269 1397 etiam
2309 1344 2444 1396 tanti
2497 1344 2595 1396 viri
2640 1343 2897 1397 virtutem
2940 1347 3231 1413 expressit.
3290 1354 3454 1414 atque

1875 1433 2076 1489 iudicio
2127 1433 2223 1486 luit
2284 1449 2407 1489 cum
2456 1435 2508 1488 in
2564 1434 2920 1489 sanctissima:
2971 1433 3254 1492 Trinitatis
3308 1436 3453 1490 cultu

1873 1525 2042 1581 fuisse
2097 1535 2460 1591 constantem,
2512 1537 2567 1581 et
2625 1527 2886 1581 virtutum
2941 1531 3182 1582 omnium
3249 1527 3455 1582 circulo

1871 1617 2026 1688 quasi
2069 1632 2269 1673 corona
2302 1619 2632 1674 redimitum.
2661 1619 2718 1674 Si
2746 1621 2908 1691 igitur
2935 1630 2988 1676 et
3007 1637 3104 1674 nos
3129 1622 3315 1677 iisdem
3342 1621 3453 1676 uti-

1874 1727 1999 1766 mur
2024 1712 2279 1782 gradibus
2311 1726 2488 1783 eoque
2518 1712 2858 1769 celsitudinis
2894 1714 3062 1769 attolli
3091 1714 3452 1777 studebimus.

205 1801 247 1871 εἰ
275 1801 539 1859 daemones
578 1804 822 1861 infensos
896 1816 1100 1861 nostra:
1135 1808 1296 1860 saluti
1364 1807 1753 1877 l‘ugaverimua,
1802 1809 1850 1864 si
1883 1810 2318 1879 perturbationes
2361 1810 2523 1865 animi
2577 1812 2878 1866 molestiam
2929 1812 3084 1867 nobis
3133 1812 3455 1867 exhibentes

206 1904 442 1965 tanquam
484 1896 754 1952 Barbaros
806 1899 1141 1965 leuierimus,
1198 1915 1320 1954 cum
1383 1901 1506 1954 aliis
1552 1901 1755 1968 multis,
1798 1911 1913 1957 tum
1953 1903 2111 1960 nobis
2163 1905 2296 1973 ipsis
2354 1902 2512 1959 saluti
2574 1903 2778 1960 erimus
2813 1920 2829 1960 :
2861 1914 3026 1974 atque
3083 1905 3154 1958 ita
3202 1905 3454 1958 incorru-

204 1988 298 2059 ptis
317 1989 421 2047 illis
468 1990 924 2061 sempiternisque
942 1990 1290 2062 perlruemur
1325 1992 1485 2051 bonis
1527 1993 1578 2049 in
1605 1993 1824 2051 Christo
1860 1995 1986 2054 Jesu
2024 1997 2248 2054 Domino
2273 2008 2484 2065 nostro,
2513 1997 2601 2054 cui
2635 1997 2806 2070 gloria
2866 1997 2923 2054 in
2969 1997 3165 2054 saecula
3218 1997 3454 2055 saeculo-

201 2098 333 2138 rum.
356 2087 557 2145 Amen.

789 2227 1034 2283 ΟΜΙΛΙΑ
1066 2224 1142 2282 B'.

258 2341 387 2408 Περὶ
419 2341 537 2409 τῆς
564 2341 916 2412 παραϐολῆς
935 2342 1056 2398 τῶν
1093 2344 1324 2412 μυρίων
1356 2343 1693 2401 ταλάντων.

260 2455 319 2508 Οί
352 2457 732 2528 παιδοτρίϐαι,
780 2458 877 2512 καὶ
929 2458 1040 2511 τῶν
1096 2460 1235 2513 νέων
1268 2458 1601 2526 διδάσκαλοι,
1644 2460 1768 2514 τότε

201 2547 320 2618 πρὸς
345 2549 592 2602 ἐπίδοσιν
626 2550 736 2604 τῶν
767 2551 1114 2622 μαθημάτων
1163 2549 1343 2604 ἵεσθαι
1374 2553 1772 2623 τεκμαίρονται

197 2639 260 2693 τά
289 2642 578 2712 μειράκια,
608 2644 740 2697 ὅταν
765 2644 964 2699 ἑκόντα
1001 2643 1140 2715 πρὸς
1175 2644 1237 2698 τὸ
1263 2644 1640 2699 διδασκαλεῖον
1671 2644 1772 2699 θα·

202 2736 407 2806 μίζωσι,
464 2740 609 2810 μήτε
654 2737 755 2810 τὴν
782 2738 1017 2810 ἀπειλὴν
1042 2737 1153 2793 τῶν
1185 2739 1588 2810 μυσταγωγῶν,
1629 2741 1770 2812 μήτε

196 2829 286 2890 τὰς
335 2830 611 2899 μάστιγας
654 2829 776 2883 τῶν
809 2831 1180 2901 παιδαγωγῶν
1233 2833 1602 2903 ἀναμένοντα,
1655 2832 1774 2885 ἀλλ’

197 2919 452 2992 ἐιδελεχῇ.
483 2924 583 2976 καὶ
611 2922 733 2993 μετ’
756 2923 1022 2989 ἐπείξεως
1048 2923 1312 2978 ποιοῦντα
1338 2926 1436 2996 τὴν
1454 2925 1562 2978 τῶν
1590 2924 1772 2996 μαθη-

200 3013 371 3082 μάτων
393 3015 698 3086 ἀνάληψιν.
741 3013 930 3081 Οὖτως
978 3015 1091 3085 ἐγὼ
1136 3017 1236 3086 τὴν
1284 3016 1428 3071 κατὰ
1454 3015 1590 3070 Θεὸν
1619 3015 1774 3087 ὑμῶν

198 3109 467 3174 προκοπὴν
493 3107 904 3179 τεκμαίρομαι,
937 3109 1094 3177 φίλον
1136 3109 1533 3180 ἀκροατήριον,
1567 3107 1652 3161 ὃτι
1703 3123 1773 3178 με

201 3200 643 3274 καὶάπειρηχὸτα
673 3201 939 3264 πολλάκις
971 3201 1107 3272 πρὸς
1137 3204 1267 3265 τοὺς
1309 3201 1508 3265 πόνους
1535 3201 1632 3256 τοῦ
1665 3199 1776 3255 σώ-

201 3306 373 3356 ματος,
411 3294 669 3365 διανιστᾷ
705 3294 843 3364 πρὸς
886 3293 987 3364 τὴν
1014 3294 1371 3349 διδασκαλίαν
1421 3294 1484 3348 τὸ
1508 3295 1775 3364 ὑμέτερον

199 3384 484 3454 πρόθυμον.
547 3386 691 3455 Φέρε
740 3381 834 3439 οῦν
892 3385 994 3456 τῆς
1038 3385 1488 3456 ἀναγνωσθείσης
1533 3387 1776 3458 σήμερον

199 3472 336 3538 θείας
362 3477 693 3548 παραϐολῆς
716 3477 828 3531 τῶν
854 3477 1213 3549 προπυλαίων
1260 3477 1652 3550 ἐπιτυγχάνειν
1676 3480 1778 3548 ἀρ·-

2467 2230 2758 2289 llOMlLlA
2794 2228 2858 2287 Il.

2079 2348 2153 2401 De
2187 2347 2444 2418 μαι-σίτοιο
2470 2349 2643 2402 decem
2681 2346 2904 2401 millium
2929 2344 3273 2403 talentorum.

1941 2461 2256 2519 Pwdotribte
2301 2477 2702 2534 puerorumque
2731 2463 2972 2534 magistri
2997 2474 3122 2520 tunc
3147 2479 3243 2521 eos
3288 2463 3342 2520 in
3373 2465 3459 2521 di-

1873 2557 2123 2627 sciplinis
2147 2556 2444 2627 profecisse
2475 2556 2802 2626 conjiciunt,
2831 2573 2954 2612 cum
2994 2559 3223 2614 libenter
3253 2559 3322 2614 ad
3378 2559 3458 2614 Iu-

1873 2652 2000 2706 dum
2036 2652 2328 2711 ventitant.
2355 2661 2411 2707 et
2439 2665 2615 2721 neque
2658 2651 3033 2707 institutorum
3096 2652 3300 2718 minas,
3352 2668 3454 2707 nec

1874 2743 2102 2798 verbera
2128 2742 2539 2813 padagogorum
2570 2751 2924 2812 exspectant;
2977 2744 3071 2798 sed
3103 2743 3224 2799 sine
3277 2745 3454 2801 inter-

1874 2837 2136 2894 missione
2179 2844 2341 2906 atque
2393 2837 2560 2890 etiam
2622 2850 2749 2891 cum
2803 2834 3157 2891 festinatione
3210 2837 3455 2893 recolunt

1875 2929 2210 3000 disciplinas.
2248 2927 2328 2984 ita
2369 2943 2500 2982 sane
2521 2936 2576 2983 et
2597 2941 2700 2999 ego
2734 2937 2977 2984 vestrum
3033 2929 3084 2982 in
3121 2929 3283 2983 rebus
3314 2930 3456 2982 divi-

1876 3019 1962 3074 nis
1988 3031 2335 3087 progressum
2364 3018 2618 3085 conjicio,
2655 3017 2805 3072 chari
2840 3018 3145 3082 auditores.
3185 3018 3329 3087 quod
3368 3033 3457 3075 me

1876 3111 1942 3165 ad
1992 3108 2206 3164 labores
2235 3108 2479 3177 corporis
2513 3108 2692 3162 minus
2759 3117 2972 3176 aptum,
3025 3123 3226 3176 c0sque
3273 3108 3454 3163 detre-

1879 3210 2145 3269 ctantem,
2174 3211 2483 3272 promptum
2513 3201 2680 3256 animi
2710 3202 2875 3256 vestri
2899 3203 3137 3257 studium
3159 3203 3363 3257 excitat
3385 3204 3453 3256 ad

1876 3292 2176 3348 docendum
2212 3289 2346 3363 (36).
2386 3293 2497 3361 Age
2527 3293 2691 3363 igitur
2720 3292 2987 3361 prrelectae
3046 3291 3209 3348 hodie
3258 3294 3455 3348 divinae

1876 3383 2226 3456 parabolaes
2250 3384 2628 3453 aggrediamur
2654 3383 2815 3438 limen
2854 3383 3147 3453 attingere;
3207 3387 3454 3453 proposi-

1879 3483 1990 3528 tum
2015 3476 2160 3530 enim
2198 3473 2354 3528 nobis
2383 3481 2469 3535 est
2498 3473 2566 3529 ad
2587 3473 2968 3543 explicandum
3003 3476 3200 3528 divina:
3241 3476 3296 3530 in
3352 3476 3456 3529 lio-

199 3565 426 3636 ξώμεθα.
459 3570 764 3642 Πρὸκειται
789 3570 899 3641 γάρ
929 3573 1062 3642 ἡμῖν
1093 3571 1174 3633 είς
1196 3569 1459 3642 ἐξήγησιν
1493 3575 1525 3642 η
1559 3572 1658 3639 τῆς
1679 3571 1774 3625 τοῦ

1880 3567 2052 3620 mines
2102 3564 2452 3634 benignitatis
2516 3564 2986 3621 evidentissimum
3047 3573 3451 3634 argumentum.

197 3658 324 3711 Θεοῦ
389 3661 812 3731 φιλανθρωπίας
863 3660 1244 3730 ἐναργεστὰτη
1306 3661 1619 3728 ἀπόδειξις·
1679 3665 1777 3716 καὶ

200 3749 506 3821 προτίθησιν
537 3754 675 3822 ἡμῖν
704 3753 737 3821 ἡ
772 3750 866 3808 τοῦ
899 3751 1036 3805 Θεοῦ
1069 3752 1232 3820 σοφία
1259 3751 1615 3815 διδασκαλίας
1640 3769 1780 3822 κρα-

198 3840 328 3910 τῆρα
356 3843 431 3914 τῷ
452 3844 584 3914 οτνῳ
604 3843 705 3913 τῆς
738 3843 972 3912 θεωρίας
994 3884 1009 3906 ,
1057 3841 1116 3895 τὸ
1140 3842 1240 3912 τῆς
1278 3841 1597 3912 παραϐολῆς
1625 3839 1777 3912 ὕδωρ

201 3932 470 4002 κεράσασα
506 3934 600 3987 ἵνα
634 3934 771 4002 μήτε
821 3935 969 4001 μόνῳ
1003 3929 1080 4000 τῷ
1101 3929 1386 3999 πλάσματι
1418 3929 1778 3998 προσέχοντες

201 4023 344 4077 οὐδέν
396 4040 450 4077 τι
490 4024 878 4094 κερδὰνωμεν,
939 4024 1080 4094 μήτε
1105 4024 1292 4092 γυμνῇ
1338 4023 1405 4092 τῇ
1442 4020 1669 4093 θεωρίᾳ,
1701 4020 1779 4085 ὡς

200 4117 411 4190 ἀκράτῳ
435 4118 569 4190 οἴνῳ
604 4118 694 4171 τὸν
726 4117 854 4170 νοῦν
897 4113 1305 4186 μεθυσκώμεθα
1325 4129 1342 4145 ’
1368 4113 1508 4169 ἀλλὰ
1526 4112 1608 4177 τίς
1629 4115 1658 4167 ὁ
1676 4113 1778 4186 τῆς

203 4211 512 4281 παραϐολῆς
541 4211 727 4277 λόγος,
764 4207 1118 4278 ἀκούσωμεν.

263 4295 425 4353 Εἶπεν
441 4302 469 4352 6
498 4299 707 4369 Κύριος
726 4300 830 4368 τὴν
852 4295 1171 4369 παραϐολὴν
1192 4294 1399 4368 ταύτην
1416 4311 1432 4326 ·
1462 4312 1483 4347 ι
1504 4291 1778 4366 Ὠμοιὼοη

200 4392 232 4461 ἡ
261 4391 504 4462 βασιλεία
537 4393 652 4446 τῶν
684 4389 936 4461 οὐρανῶν
985 4388 1260 4461 ἀνθρώπῳ
1292 4387 1524 4461 βασιλεῖ,
1555 4385 1617 4450 ὃς
1649 4385 1784 4457 ἠθέ-

202 4482 322 4552 λησε
359 4486 598 4556 συνᾶραι
633 4483 794 4553 λόγον
838 4481 978 4552 μετά
1000 4481 1110 4536 τῶν
1153 4479 1358 4534 δούλων
1385 4477 1574 4535 αὐτοῦ.
1612 4495 1632 4528 ι
1675 4477 1782 4547 Ζη-

203 4575 383 4640 τητίον
440 4575 576 4646 ἡμῖν
633 4572 688 4626 τί
743 4572 945 4643 δήποτε
1008 4569 1334 4643 βουλόμενος
1390 4573 1418 4624 6
1452 4570 1648 4642 Σωτὴρ
1673 4569 1777 4624 οὐκ

203 4667 663 4737 ἀπαρακάλυπτον
692 4665 878 4736 τίθησι
908 4666 1010 4736 τῆς
1037 4662 1394 4729 διδασκαλίας
1417 4665 1477 4717 τὸ
1503 4652 1777 4735 βούλημα,

205 4757 329 4810 ἀλλὰ
363 4756 756 4830 παραϐολικῶς
802 4757 873 4810 τά
909 4755 1083 4810 πολλὰ
1125 4754 1460 4824 διαλίγεται.
1501 4755 1781 4826 Προσήκει

205 4849 372 4906 τοίνυν
404 4855 572 4921 νοεῖν,
601 4851 676 4914 ὡς
699 4855 812 4914 τοῖς
845 4852 1016 4920 ἱεροῖς
1067 4851 1349 4920 φοιτηταῖς
1389 4848 1640 4920 φανερῶς
1661 4847 1782 4901 δια-

1877 3659 2115 3728 Apponit
2130 3662 2332 3727 quippe
2363 3655 2520 3711 nobis
2537 3657 2721 3711 divina
2752 3657 3021 3724 sapientia
3045 3656 3307 3710 doctrina:
3330 3671 3455 3710 cra-

1880 3762 2075 3812 terem,
2102 3749 2158 3802 iu
2190 3764 2300 3818 quo
2334 3763 2455 3802 cum
2479 3761 2618 3816 aqua
2648 3748 2920 3815 parabolae
2946 3748 3126 3799 viuum
3182 3745 3456 3816 allegoria:

1880 3850 2237 3910 temperatum
2261 3849 2346 3894 est
2381 3857 2399 3896 :
2431 3850 2490 3893 ut
2516 3853 2692 3909 neque
2730 3837 2776 3894 si
2807 3840 2862 3894 in
2910 3839 3089 3893 solum
3139 3837 3455 3908 ﬁgmentum

1880 3946 2116 3988 mentem
2156 3933 2531 4002 adjecerimus,
2564 3931 2701 3985 nihil
2758 3930 2884 3986 inde
2918 3930 3198 3999 capiamus
3241 3930 3453 3984 emolu-

1878 4026 2070 4090 menti,
2121 4038 2300 4096 neque
2354 4027 2494 4079 nuda
2571 4024 2947 4094 speculatione
3015 4021 3179 4075 veluti
3232 4036 3455 4077 meraco

1883 4117 2249 4176 inebriemur:
2282 4118 2380 4173 sed
2407 4131 2529 4186 quae
2555 4117 2826 4189 parabolae
2860 4119 2999 4171 ratio
3028 4117 3119 4185 sit,
3151 4118 3458 4174 audiamus.

1955 4295 2101 4350 Dixit
2121 4292 2279 4350 Jesus
2314 4294 2628 4364 parabohin
2669 4295 2811 4350 banc
2844 4311 2859 4349 :
2897 4313 2918 4346 ι
2967 4295 3342 4354 Assimilatum
3372 4304 3460 4352 est

1882 4404 2108 4463 regnum
2139 4387 2399 4444 caelorum
2424 4388 2628 4444 homini
2657 4390 2795 4459 regi,
2824 4389 2915 4461 qui
2974 4389 3146 4444 voluit
3185 4389 3450 4444 rationein

1881 4494 2086 4554 ponere
2136 4491 2261 4534 cum
2287 4477 2460 4531 servis
2489 4476 2606 4532 suis
2634 4476 2679 4509 "
2711 4493 2733 4530 ι
2764 4475 3123 4544 Quaerendum
3154 4477 3310 4532 nobis
3352 4489 3460 4545 est,

1881 4570 2012 4642 quid
2062 4570 2154 4632 sit,
2193 4567 2337 4639 quod
2381 4565 2632 4621 Salvator
2683 4581 2793 4621 non
2843 4567 3157 4622 enucleatas
3208 4571 3463 4638 proponit

1883 4673 2076 4716 sensus
2097 4659 2360 4714 doctrinae
2387 4670 2519 4718 sua.
2541 4657 2636 4711 sed
2661 4671 2760 4726 per
2796 4657 3087 4726 parabolas
3137 4659 3458 4728 plerumque

1883 4754 2161 4807 dissertat.
2196 4748 2426 4820 Oportet
2497 4747 2664 4818 igitur
2734 4747 3043 4817 intelligere
3101 4759 3286 4820 aperte
3331 4765 3458 4806 eum

1883 4861 2009 4900 eum
2029 4845 2310 4912 discipulis
2337 4841 2718 4906 sermocinari,
2751 4856 2855 4898 nec
2885 4844 2962 4895 uti
2992 4844 3265 4912 parabolae
3305 4844 3459 4899 simi~

207 4941 410 5013 λέγεται
467 4919 716 5009 σπανίως
772 4943 853 5016 τῷ
900 4919 1260 5014 παραϐολικῷ
1311 4941 1443 4997 εἴδει
1469 4919 1775 5012 χρώμενος.

1884 4936 2108 4991 litudiue
2136 4935 2373 4991 solitum.
2400 4933 2505 4988 Sed
2534 4936 2792 5002 quoniam
2814 4948 2936 4988 cuin
2966 4934 3070 4988 illis
3098 4935 3250 4990 stulti
3294 4935 3460 4990 etiam

220 5034 364 5090 Ἐπεὶ
391 5036 451 5092 δέ
475 5039 571 5094 καὶ
603 5035 786 5091 σκαιοί
808 5051 956 5100 τινες
988 5035 1399 5106 συνηγείροντο,
1436 5033 1639 5104 ἥκιστα
1678 5034 1780 5104 μέν

278 5174 318 5208 ⁸⁸
348 5173 539 5232 Hattli.
580 5189 710 5238 xxv,
744 5174 832 5230 15.
913 5173 955 5209 "
988 5172 1180 5231 Iattb.
1207 5188 1360 5241 avni,
1387 5171 1478 5228 25.

1886 5031 2385 5105 congregabantur,
2417 5026 2509 5099 qui
2536 5025 2677 5086 nihil
2706 5037 2865 5086 erant
2896 5027 3148 5086 utilitatis
3175 5029 3302 5086 inde
3323 5029 3465 5087 rela-

1437 5287 1762 5352 Fraucisci
1793 5286 2004 5351 Scorsi
2033 5294 2222 5350 notio.

283 5410 388 5481 (35)
423 5410 720 5466 Circnlum.
769 5410 845 5468 De
883 5410 968 5464 liis
1006 5422 1382 5481 numerarunt
1415 5407 1604 5481 ﬁguris
1636 5407 1779 5481 alios

217 5481 310 5534 erit
333 5477 539 5538 dicendi
564 5484 718 5536 locus
747 5485 814 5535 ad
844 5481 992 5537 hom.
1025 5480 1116 5544 ει.
1144 5495 1302 5549 quem
1334 5477 1481 5535 vide.
1513 5477 1697 5546 Neque
1720 5479 1776 5532 in

223 5550 348 5622 hanc
378 5555 555 5607 omnia
587 5553 926 5622 congerenda
958 5561 1102 5605 sunt.

288 5621 390 5691 (54)
425 5625 502 5675 Αιι
536 5616 848 5691 docendum.
884 5621 1116 5676 Secutus
1157 5633 1280 5674 sum
1313 5617 1600 5691 lectionem
1641 5616 1777 5672 Cod.

223 5685 440 5761 G.‘::pc;
471 5694 571 5763 τὴν
617 5690 990 5763 διδασκαλίαν.
1032 5705 1151 5756 quae
1203 5693 1315 5742 visa
1360 5698 1442 5742 est
1484 5689 1781 5763 aptior,_ut

227 5764 379 5816 cuivis
402 5761 760 5817 consideranti
784 5762 1068 5827 videbitur,
1097 5775 1257 5829 quam
1274 5774 1359 5824 ea,
1380 5773 1540 5827 quam
1560 5761 1781 5813 exhibet

1875 5407 1997 5464 cod.
2035 5407 2099 5460 Ρ.
2149 5406 2285 5478 πρὸς
2311 5405 2374 5460 τὸ
2393 5400 2903 5478 διδασκαλεῖον.ᾉίι
2924 5400 3072 5478 enim
3105 5397 3464 5478 Tlieolihanes

1875 5492 1936 5534 se
1972 5471 2221 5547 quamvis
2243 5478 2309 5530 ad
2347 5477 2562 5547 labores
2591 5473 3044 5547 corporisriniuus
3069 5479 3280 5547 aptum,
3311 5471 3464 5547 esci-

1878 5541 2192 5603 tari'tainen
2223 5561 2252 5598 a
2278 5546 2458 5600 studio
2481 5559 2702 5599 suorum
2735 5545 3040 5597 auditorum
3063 5546 3129 5594 ad
3157 5541 3459 5595 habendam

1879 5617 2243 5673 hortationem
2285 5616 2403 5670 sive
2442 5616 2756 5669 tradendam
2792 5613 3128 5680 dot-trinam;
3176 5621 3463 5680 utrumque

1879 5693 2024 5744 enini
2056 5689 2192 5744 valet
2223 5686 2256 5756 ὴ
2289 5684 2634 5739 διδασκαλία.
