4092 6296
315 337 413 404 169

1690 341 2014 404 HOMIle
2062 339 2145 402 lI.

3473 339 3576 404 170

308 455 504 518 παντὸς
529 457 618 508 το)
647 456 844 527 χρέους
889 457 1104 528 δέχε·.αι
1148 457 1248 530 τὴν
1295 456 1664 529 συγχώρησιν.
1723 457 1887 529 Ὁρᾷς

1995 467 2145 511 mero
2177 461 2515 518 censeretur,
2542 469 2593 508 .n
2627 453 2913 523 pristinam
2939 453 3108 524 gratis
3136 453 3373 512 restituit
3417 461 3576 513 nobi-

305 551 605 618 οίκτιρμων
651 554 880 620 ἄπειρον
906 551 1144 619 πέλαγος
1170 569 1183 581 ι
1221 568 1306 614 τις
1347 548 1491 603 οὕτω
1522 549 1885 614 νωθέστατος,

306 638 401 695 καὶ
437 643 579 709 πέρα
617 641 713 696 τοῦ
745 643 986 709 δέοντος,
1023 643 1097 708 ὠς
1129 643 1205 714 μὴ
1246 643 1383 715 πρὸς
1413 641 1660 696 τοιοῦτον
1685 641 1890 694 Δεσπό-

304 749 405 802 την
427 732 659 803 δραμεῖν
687 736 1000 804 κραιπνοῖς,
1031 734 1057 786 ὂ
1080 732 1318 802 λέγεται,
1348 734 1464 796 τοῖς
1498 730 1762 797 ποοὶ,κᾶν
1785 749 1887 801 μυ-

307 825 451 895 ρίαις
505 826 722 897 κηλξσιν
767 827 1058 897 ἁμαρτιῶν
1095 826 1498 890 καταστίζοιτο,
1529 824 1635 877 κᾶν
1671 823 1888 886 πολλοῖς

304 916 589 982 ταλάντοις
617 918 908 988 ἁμαρτιῶν
934 919 1261 988 βαρύνοιτος
1290 918 1581 988 Θαρσεῖτε,
1617 919 1731 971 ὅσοι
1761 917 1886 970 κατ’

303 1010 402 1080 ἐμὲ
434 1010 682 1082 ῥᾴθυμον
715 1011 864 1083 ζωὴν
916 1011 1206 1068 ἐδιώσατε.
1247 1012 1428 1065 Μόνον
1465 1013 1540 1081 μὴ
1578 1009 1668 1062 τὸν
1693 1009 1890 1080 ἀχάρι-

305 1121 426 1158 στον
449 1105 641 1160 τοῦτον
675 1105 954 1175 δραπέτην
989 1103 1354 1177 ζηλώσωμεν,
1400 1103 1458 1167 ὃς
1491 1101 1669 1173 τυχὼν
1697 1102 1888 1155 τοσού-

303 1215 396 1249 του
446 1200 642 1269 χρέους
680 1200 929 1270 ἀφέσεως
964 1201 1020 1254 ἐν
1072 1199 1232 1263 ἰδίαις
1264 1199 1562 1270 ἀφραδίαις
1598 1197 1697 1269 τὴν
1726 1197 1889 1269 χάριν

303 1289 608 1348 ἀπώλεσεν.

1991 546 2224 601 litatem.
2263 544 2330 598 Et
2366 544 2453 599 hic
2475 545 2660 599 itidem
2682 560 2873 601 servus
2891 546 3205 615 patientiam
3235 550 3392 604 modo
3418 565 3574 621 roga-

1989 644 2163 706 verat,
2205 647 2259 693 et
2285 639 2447 691 totius
2469 636 2634 692 debiti
2660 637 3037 694 remissionem
3099 641 3351 696 obtinuit.
3406 641 3572 699 Vides

1987 729 2401 784 miserationem
2432 729 2654 800 pelagus
2686 730 3070 786 inexhaustum
3101 750 3115 785 :
3149 734 3270 802 quis
3319 743 3426 788 tant
3482 750 3574 790 se-

1987 824 2126 893 gnis,
2157 830 2211 879 et
2239 822 2377 878 ultra
2408 837 2572 892 quam
2600 834 2850 894 oporteat
2891 826 3134 889 timidus,
3162 828 3253 898 qui
3295 829 3361 882 ad
3413 828 3576 884 talem

1987 915 2280 972 Dominum
2319 916 2596 973 velocibus
2642 916 2778 990 (ΔΟ),
2815 928 2875 972 ιιι
2909 919 3131 989 dicitur,
3185 922 3412 992 pedibus
3468 940 3577 978 non

1987 1018 2259 1076 accurrat,
2300 1008 2514 1066 etiarnsi
2547 1012 2731 1066 decem
2782 1011 3021 1068 millibus
3056 1024 3402 1082 peccatorum
3437 1015 3581 1070 notis

1995 1101 2233 1168 inustus,
2272 1112 2329 1157 et
2353 1101 2542 1157 multis
2594 1103 2756 1156 etiam
2813 1104 3079 1158 scelerum
3134 1105 3461 1174 ponderibus
3510 1108 3583 1162 sit

1991 1195 2325 1264 oppressus‘l
2363 1192 2633 1249 Conlidite
2657 1203 2927 1263 quntquot
2950 1195 3113 1250 sicuti
3165 1205 3222 1250 et
3270 1211 3369 1268 ego
3407 1196 3585 1252 disso-

1989 1290 2156 1345 lutam
2197 1290 2366 1345 vitam
2402 1289 2612 1371 egistis.
2653 1287 2812 1345 Modo
2843 1289 3116 1360 ingratum
3155 1290 3301 1347 hunc
3357 1307 3577 1346 servum

300 1399 368 1437 ne
434 1385 728 1453 imitemur,
765 1387 858 1456 qui
928 1395 1038 1440 tam
1085 1387 1308 1458 grandis
1358 1385 1600 1457 pecunia:
1661 1385 1853 1440 debitm
1894 1383 2212 1439 remissione
2277 1393 2518 1454 accepta,
2551 1385 2620 1436 ob
2690 1393 2960 1439 suatnmet
3021 1383 3310 1439 stultitiam
3348 1384 3581 1454 gratiam

299 1475 558 1546 perdidit.

375 1591 392 1623 ι
424 1571 700 1636 Ἐξελθὼν
745 1577 773 1627 ό
801 1573 987 1638 δοῦλος
1017 1576 1226 1638 ἐκεῖνος
1289 1568 1449 1645 εὗρεν
1505 1572 1603 1638 ἕνα
1634 1571 1741 1624 τῶν
1768 1587 1895 1622 συν-

295 1665 503 1720 δούλων
551 1665 738 1732 αὑτοῦ,
800 1666 857 1730 ὃς
887 1664 1122 1736 ὤφειλεν
1163 1666 1315 1737 αὐτῷ
1369 1667 1567 1721 ἑκατὸν
1615 1663 1890 1736 δηνάρια’

2076 1584 2095 1619 ι
2154 1567 2417 1637 Egressus
2465 1577 2643 1623 autem
2688 1585 2880 1623 servus
2921 1569 3008 1624 ille
3057 1571 3262 1626 invenit
3299 1586 3464 1628 unum
3511 1574 3582 1629 dc

1995 1662 2274 1716 conservis
2307 1661 2419 1715 suis
2439 1702 2454 1728 ,
2483 1663 2574 1732 qui
2608 1662 2839 1717 debebat
2864 1663 2914 1717 ei
2943 1672 3164 1717 centum
3195 1663 3448 1719 denarios
3477 1682 3492 1718 :
3525 1675 3582 1720 et

296 1762 390 1812 καὶ
429 1762 719 1831 κρατήσας
754 1760 919 1813 αὑτὸν
959 1759 1154 1829 ἐπνιγε
1185 1759 1394 1830 λέγων·
1447 1759 1671 1823 Ἀπόδος
1696 1775 1789 1828 μοι
1840 1758 1890 1810 εί

1997 1762 2186 1807 tenens
2223 1752 2520 1808 suffoeabat
2553 1769 2675 1808 eum
2710 1755 2918 1818 dicens,
2950 1753 3137 1812 Redde
3166 1758 3309 1828 quod
3335 1758 3521 1815 debes.
3556 1778 3576 1813 ι

293 1869 345 1905 τι
372 1851 635 1921 ὀφείλεις.
673 1871 691 1903 ι
729 1853 857 1907 Δέον
888 1853 1201 1923 παρασχεῖν
1231 1851 1312 1923 τῷ
1333 1849 1613 1923 ὁμοδούλῳ
1648 1847 1885 1922 μερικῆς

294 1948 544 2018 χάριτος,
569 1943 638 2020 ἦς
662 1949 871 2012 ἐκεῖνος
891 1948 972 2010 είς
1003 1947 1167 2018 κόρον
1191 1946 1501 2017 ἁπήλαυσε,
1528 1946 1649 1999 δέον
1682 1943 1887 2014 εὐγνώ-

295 2057 434 2111 μονα
475 2039 736 2108 γενέσθαι
766 2039 900 2110 πρὸς
931 2039 1024 2092 τὸν
1070 2039 1380 2109 ὁμόδουλον,
1415 2038 1447 2110 ἢ
1494 2037 1764 2108 όμότυχον
1795 2053 1810 2066 ’
1857 2037 1886 2090 ὁ

291 2131 369 2197 δὲ,
413 2132 563 2186 κατὰ
587 2133 646 2186 τδ
669 2130 986 2202 λεγόμενον,
1018 2131 1113 2202 ἄμ*
1145 2131 1396 2201 ἠλέηται,
1430 2130 1523 2184 καὶ
1549 2128 1815 2200 τέθνηκεν
1849 2129 1882 2198 ὴ

293 2227 453 2298 χάρις
485 2243 503 2257 ο
533 2228 655 2282 κατ’
685 2226 857 2297 αὐτὴν
887 2226 995 2296 γὰρ
1031 2229 1132 2298 τὴν
1157 2224 1308 2298 ὥραν
1338 2229 1366 2280 ό
1399 2226 1636 2288 δείλαιος
1659 2223 1752 2278 τὸν
1792 2224 1889 2278 αύ-

293 2317 382 2371 τὸν
409 2313 590 2388 ἦγχεν
646 2317 936 2389 ὑπόχρεων
987 2316 1246 2386 οὐδεμίαν
1273 2318 1458 2372 ἄνεσιν
1487 2314 1883 2388 παρεχόμενος,

295 2408 474 2462 καίτοι
509 2409 610 2462 καὶ
653 2411 681 2461 ὁ
715 2409 1001 2472 σύνδουλος
1028 2412 1139 2471 τοῖς
1167 2408 1350 2470 αὐτοῖς
1377 2409 1655 2479 ἐχρήσατο
1681 2406 1883 2474 λόγοις,

295 2495 374 2564 οἷς
408 2501 578 2566 αὐτὸς
609 2501 746 2572 πρὸς
794 2502 886 2555 τὸν
920 2500 1146 2571 βασιλέα
1203 2502 1509 2574 ἐχρήσατο·
1538 2501 1652 2556 ἀλλ’
1694 2501 1755 2555 ού
1786 2501 1884 2571 τῆς

299 2593 418 2665 ἴσης
464 2592 667 2664 ἐκείνῳ
720 2590 990 2663 τετύχηκε
1027 2593 1275 2662 χάριτος,
1329 2591 1520 2662 ἐπειδὴ
1554 2593 1652 2662 οὐχ
1683 2591 1887 2661 ὁμοίων

296 2687 603 2758 ἀμφότεροι
634 2685 955 2740 δανειστῶν.
987 2684 1182 2748 Καλῶς
1220 2686 1276 2739 δὲ
1305 2686 1331 2738 ὁ
1366 2686 1527 2754 λόγος
1577 2686 1885 2758 προσέθηκε

296 2777 393 2832 καὶ
416 2779 477 2832 τὸ
507 2776 800 2846 Ἐξελθὼν,
825 2779 1132 2849 ἐμφαίνων,
1158 2779 1233 2842 ὡς
1273 2779 1499 2850 ὲξῆλθεν
1531 2777 1639 2832 ἀπὸ
1671 2778 1883 2833 δικαίου

297 2869 392 2920 καὶ
434 2867 773 2939 πρέποντος.

373 3072 390 3103 ι
431 3050 666 3115 ’ἰδόντες
687 3050 742 3106 δὲ
770 3051 820 3104 οί
851 3050 1130 3105 σύνδουλοι
1157 3050 1324 3105 αὑτοῦ
1354 3052 1425 3106 τὰ
1456 3051 1728 3122 γενόμενα
1759 3051 1884 3106 ὲλυ-

1990 1844 2230 1917 λΕιιυυιη
2256 1846 2456 1913 fuerat,
2480 1856 2538 1902 ut
2560 1861 2680 1903 eam
2707 1861 2968 1904 conservo
2994 1849 3225 1919 gratiam
3255 1853 3580 1922 impertiret,

1987 1954 2150 2011 quam
2179 1938 2296 2009 ipse
2326 1939 2538 1996 abunde
2568 1949 2916 2011 perceperat;
2951 1958 3163 2012 a-qumn
3199 1954 3255 1998 ut
3287 1943 3580 2015 benignum

1988 2047 2046 2087 se
2075 2047 2203 2102 erga
2231 2047 2353 2087 eum
2387 2034 2671 2102 praeberet,
2700 2035 2792 2103 qui
2826 2033 2878 2087 in
2909 2036 3094 2089 eadem
3135 2045 3279 2091 esset
3317 2037 3582 2093 servitute

1989 2135 2149 2195 atque
2175 2124 2419 2190 fortuna;
2453 2134 2692 2181 attamen
2721 2125 2883 2179 simul
2916 2141 2979 2182 ae
3005 2127 3434 2184 misericordiam
3461 2129 3580 2202 (61)

1987 2224 2318 2270 consecutus
2349 2225 2452 2282 est,
2488 2216 2649 2284 periit
2687 2215 2760 2270 illi
2793 2217 2992 2288 gratia,
3029 2227 3086 2271 ut
3118 2218 3350 2286 dicitur;
3385 2222 3578 2277 eadem

1997 2311 2145 2366 enim
2176 2313 2306 2365 liora
2344 2309 2529 2366 infelix
2562 2311 2647 2366 ille
2675 2310 2971 2368 debitorem
3001 2315 3236 2385 angebat
3262 2331 3417 2370 suum
3446 2317 3582 2374 nihil

1989 2403 2214 2457 omnino
2241 2405 2522 2459 remittens
2553 2422 2567 2457 :
2603 2414 2657 2459 et
2681 2403 2925 2473 profecto
2953 2405 3139 2460 eadem
3170 2408 3413 2462 oratione
3436 2411 3580 2480 apud

1993 2492 2140 2546 illum
2178 2507 2472 2550 conservus
2500 2508 2630 2550 usus
2661 2504 2765 2559 est,
2795 2510 2900 2565 qua
2938 2496 3028 2552 ille
3059 2498 3200 2568 apud
3250 2514 3454 2570 regem,
3482 2504 3578 2559 sed

1990 2599 2100 2638 non
2149 2585 2393 2638 eamdem
2444 2595 2659 2652 tamen,
2712 2594 2876 2655 atque
2930 2586 3020 2642 ille
3065 2587 3295 2656 gratiam
3347 2599 3578 2658 nactus;

1990 2677 2426 2746 quandoquidem
2457 2693 2561 2732 non
2591 2677 2798 2734 similes
2824 2679 2986 2732 ambo
3013 2679 3190 2734 sortiti
3217 2678 3435 2736 fuerant
3460 2696 3582 2738 cre-

1991 2770 2218 2825 ditores.
2254 2768 2319 2824 Et
2361 2779 2511 2826 recte
2550 2786 2682 2826 sane
2726 2786 2906 2827 sermo
2941 2771 3288 2843 evangelicus
3328 2775 3583 2843 apposuit

1989 2861 2141 2928 illud,
2166 2861 2453 2933 Egressns,
2479 2873 2537 2916 ut
2559 2863 2814 2918 nimirum
2840 2865 3152 2920 ostenderet
3196 2876 3321 2917 eum
3351 2865 3580 2936 justitite

1987 2962 2042 3007 et
2071 2953 2342 3023 mquitatis
2371 2955 2506 3010 fines
2535 2970 2834 3026 egressum.

2067 3062 2086 3096 ι
2125 3044 2384 3102 Videntes
2409 3057 2591 3102 autem
2620 3047 2764 3102 servi
2796 3047 2935 3119 ejus,
2964 3063 3084 3118 quae
3117 3051 3338 3118 fiebant,
3368 3053 3578 3108 contri-

301 3143 582 3212 πήθησαν,
603 3144 701 3197 καὶ
735 3143 981 3205 ἐλθόντες
1011 3143 1354 3216 διεσάφησαν
1387 3144 1465 3215 τῷ
1493 3145 1671 3216 κυρίῳ
1706 3144 1887 3199 αὐτῶν

1995 3132 2116 3185 stati
2143 3141 2268 3187 sunt
2288 3132 2472 3201 valde;
2499 3145 2552 3187 et
2578 3145 2858 3199 venerunt,
2887 3146 2938 3189 et
2965 3149 3325 3194 narraverunt
3349 3140 3582 3197 Domino

300 3237 367 3287 τὰ
393 3238 696 3306 γενόμενα.
741 3253 758 3286 ι
799 3235 1182 3289 Μυσὰττονται
1206 3236 1399 3290 τοῦτον
1429 3239 1529 3306 τῆς
1559 3236 1888 3308 ἀγριότητος

301 3330 347 3380 οἱ
393 3326 760 3398 μισοπόνηροι
838 3324 1133 3380 σύνδουλοι.
1195 3327 1488 3396 Ἀγγελους
1545 3327 1602 3381 δὲ
1666 3329 1890 3392 τούτους

306 3422 576 3492 προσήκει
600 3422 742 3473 νοεῖν
772 3417 1091 3481 συνδούλους
1113 3418 1256 3474 κατὰ
1285 3421 1376 3473 τὸν
1398 3421 1497 3489 τῆς
1528 3419 1891 3491 δημιουργίας

303 3509 458 3581 λόγον
479 3512 857 3583 ὑπάρχοντας,
885 3513 980 3566 καὶ
1012 3512 1123 3565 τῶν
1148 3511 1399 3584 πράξεων
1431 3514 1462 3582 ή
1472 3511 1589 3584 μῶν
1620 3512 1889 3584 τηρητάς.

308 3606 517 3674 Ὥσπερ
544 3604 606 3658 δὲ
635 3605 779 3676 χαρὰ
807 3605 1015 3673 γίνεται
1051 3607 1107 3657 ὲν
1131 3605 1207 3675 τῷ
1227 3605 1441 3676 ούρανῷ
1479 3606 1568 3658 ἐπὶ
1602 3604 1682 3659 ὲνὶ
1707 3606 1895 3676 ἀμαρ-

304 3697 460 3769 τωλῷ
516 3695 900 3770 μετανοοῦντι,
941 3696 1118 3761 οὕτως
1155 3698 1220 3750 ὲκ
1276 3695 1372 3750 τοῦ
1425 3695 1674 3751 ἐναντίου
1707 3696 1894 3749 λυπεῖ-

308 3791 428 3843 σθαι
468 3789 696 3859 λέγεται
725 3788 936 3860 σφόδρα
966 3788 1033 3842 τὰ
1075 3787 1442 3861 καθαρώτατα
1477 3788 1766 3860 πνεύματα
1803 3786 1892 3858 ἐφ’

307 3884 436 3954 ἡμῖν
469 3883 879 3954 ἁμαρτάνουσι.
917 3881 1029 3935 Καὶ
1055 3881 1121 3954 δὴ
1162 3882 1258 3935 καὶ
1297 3880 1375 3952 τῷ
1407 3881 1642 3952 δεσπότῃ
1673 3881 1772 3951 τὴν
1799 3879 1892 3934 τοῦ

310 3978 630 4048 ἀμνήμονος
651 3974 913 4046 ὠμότητα
936 3974 1338 4045 μεμηνύκασιν,
1361 3973 1458 4044 οὐχ
1486 3973 1562 4037 ὡς
1583 3971 1893 4042 ἀγνοοῦντι,

309 4066 443 4117 ἀλλὰ
474 4064 695 4119 ἱικαίαν
733 4063 1178 4133 ἐπιδεικνύμενοι
1205 4064 1581 4132 ἀγανάκτησιν
1615 4062 1760 4117 κατὰ
1797 4060 1894 4115 τοῦ

315 4159 388 4226 μὴ
415 4162 765 4230 τηρὴσαντος
803 4158 934 4228 πρὸς
965 4157 1056 4209 τὸν
1078 4158 1353 4226 ὁμόφυλον
1378 4159 1438 4209 τὸ
1468 4155 1816 4227 φιλάλληλον.

386 4442 407 4476 ι
445 4425 586 4479 Τότε
639 4424 1160 4496 προσκαλεσάμενος
1198 4424 1364 4478 αὐτὸν
1414 4426 1443 4477 ὁ
1488 4425 1675 4495 κύριος
1727 4422 1894 4478 αὑτοῦ

1996 3239 2097 3281 suo
2135 3226 2348 3290 omnia,
2378 3241 2499 3295 qua:
2538 3225 2680 3282 facta
2721 3227 2954 3284 fuerant.
2993 3247 3012 3280 ι
3055 3229 3390 3287 Aversantur
3436 3233 3583 3290 hunc

1995 3326 2217 3389 propter
2288 3333 2502 3374 morum
2573 3320 2920 3376 acerbitatem
2993 3325 3240 3379 conservi
3313 3326 3580 3382 malorum

1998 3423 2207 3466 osures.
2233 3409 2292 3464 in
2323 3413 2356 3464 b
2369 3411 2414 3466 is
2443 3427 2570 3466 vero
2600 3411 2818 3481 angelos
2866 3428 2964 3484 par
3008 3425 3092 3470 est
3136 3415 3458 3486 intelligere,
3487 3419 3579 3488 qui

1998 3503 2208 3557 ratione
2231 3503 2534 3558 creationis
2562 3503 2811 3559 conservi
2843 3516 2992 3572 sunt,
3019 3517 3078 3563 et
3106 3504 3247 3562 facta
3282 3511 3582 3565 obsonant

1997 3603 2178 3650 nostra
2211 3613 2224 3650 :
2261 3609 2325 3650 ac
2351 3595 2513 3652 sicuti
2554 3617 2573 3649 ι
2610 3597 2863 3667 gaudium
2897 3607 2978 3652 est
3029 3596 3083 3652 in
3116 3599 3256 3654 (mlo
3287 3613 3450 3671 super
3475 3615 3588 3655 uno

1997 3695 2283 3756 peccatore
2313 3689 2688 3758 pmnitentiatn
2721 3703 2914 3761 agente
2935 3692 3003 3758 ",
3037 3711 3056 3745 ι
3094 3694 3166 3746 ita
3198 3693 3363 3749 etiam
3388 3705 3581 3750 contra

2001 3781 2353 3849 peccantibus
2398 3781 2587 3846 nobis,
2636 3782 2799 3838 iidem
2848 3784 3126 3852 purissimi
3173 3785 3394 3855 spiritus
3439 3787 3582 3843 afﬁci

1999 3884 2236 3926 rnmrore
2281 3873 2557 3929 dicuntur.
2591 3873 2734 3942 Quin
2777 3875 2940 3932 etiam
2991 3878 3260 3934 diritatem
3309 3879 3428 3951 ejus
3474 3880 3583 3952 12

1998 3964 2204 4033 accepti
2244 3964 2493 4022 beneficii
2532 3967 2871 4024 immemoris
2904 3968 3129 4025 domino
3180 3973 3582 4038 renuntiarunt,

1999 4069 2105 4109 non
2146 4056 2289 4126 quod
2338 4057 2427 4112 ille
2475 4060 2693 4116 nescius
2740 4061 2861 4130 ejus
2907 4071 3081 4126 esset,
3114 4063 3210 4118 sed
3253 4063 3330 4118 uti
3376 4065 3582 4134 justam

2000 4147 2425 4218 indignationem
2460 4162 2775 4222 conceptam
2805 4155 3068 4210 adversus
3096 4170 3218 4211 eum
3255 4156 3584 4223 indicarent,

2002 4242 2093 4309 qui
2131 4242 2301 4297 mutui
2339 4244 2543 4300 amoris
2577 4244 2747 4315 legem
2784 4260 2910 4316 erga
2948 4247 3259 4315 pepnlarem
3289 4243 3445 4303 suu'm
3477 4263 3583 4305 non

2001 4333 2362 4389 observasset.

2088 4445 2105 4479 ι
2149 4428 2303 4483 Tunc
2340 4430 2548 4484 vocarit
2583 4430 2729 4484 illum
2764 4431 3018 4488 dominus
3051 4447 3205 4499 suus,
3255 4441 3311 4487 et
3341 4433 3417 4486 ait
3451 4431 3526 4487 illi
3565 4453 3580 4489 :

313 4516 457 4588 λέγει
487 4517 661 4586 αὐτῷ·
683 4516 846 4570 Δοῦλε
869 4517 1095 4590 πονηρὲ,
1121 4518 1303 4570 πᾶσαν
1328 4517 1426 4586 τὴν
1442 4515 1667 4587 ὀφειλὴν
1685 4516 1890 4585 ἑκείνηι

2009 4521 2176 4576 Serve
2214 4535 2466 4589 nequam,
2504 4535 2664 4576 omne
2691 4519 2928 4576 debitmu
2968 4521 3148 4576 dimisi
3191 4521 3303 4583 tibi.
3330 4522 3584 4591 quoniam

317 4611 507 4681 ἁφῆκὰ
564 4627 671 4675 σοι,
728 4611 850 4663 ἐπεὶ
899 4610 1277 4682 παρεκάλεσάς
1310 4627 1378 4681 με
1403 4627 1414 4639 ο
1447 4609 1547 4663 οὑκ
1578 4609 1687 4662 ἔδει
1713 4611 1808 4665 καὶ
1840 4610 1900 4663 σὲ

316 4701 539 4770 ἐλεῆσαι
586 4701 679 4753 τὸν
717 4699 1004 4754 σύνδουλόν
1061 4715 1156 4754 σου
1185 4700 1260 4763 ὡς
1296 4699 1451 4768 κάγώ
1498 4717 1556 4753 σε
1587 4698 1827 4771 manu;
1877 4719 1895 4752 ι

318 4793 517 4847 Σκόπει
554 4809 647 4863 μοι
678 4791 912 4846 ἐνταῦθα
942 4791 1037 4846 τοῦ
1076 4791 1340 4861 βασιλέως
1375 4791 1787 4863 φιλανθρωπίας
1823 4793 1901 4846 δι·-

320 4886 619 4956 κοιιοσύνην
659 4884 973 4955 ίσόρῤοπον.
1004 4883 1360 4954 Καὶ’ταύτην
1391 4885 1493 4936 ούκ
1543 4886 1750 4956 ἁκριτὶ,
1781 4884 1898 4938 ἀλλ’

324 4979 545 5046 ἀγαγὼν
602 4976 699 5030 ἐπὶ
752 4977 998 5048 βήματος
1052 4976 1142 5029 τὸν
1182 4977 1505 5044 μαστιγίαν,
1557 4980 1652 5029 καὶ
1705 4977 1896 5032 τοῦτον

322 5073 569 5141 ἐλέγξας,
596 5072 692 5125 καὶ
721 5069 1130 5140 ἀναπολόγητον
1169 5069 1441 5141 ὃεδειχὼς,
1469 5071 1560 5123 καὶ
1589 5071 1898 5133 δικαιωθείς

325 5166 380 5214 ἐν
404 5167 517 5228 τοῖς
565 5162 748 5231 λόγοις
783 5161 973 5225 αὐτοῦ,
1007 5162 1104 5214 καὶ
1128 5161 1360 5229 νικήσας
1391 5160 1548 5228 ἐντῴ
1591 5158 1898 5232 κρίνεσθαι,

325 5251 550 5330 ᾖφησιν
591 5256 621 5307 ό
675 5254 860 5320 Δαϐὶδ,
892 5253 1148 5324 ἐπιφέρει
1207 5252 1304 5323 τὴν
1350 5251 1567 5305 δικαίαν
1599 5252 1895 5319 ἀπόφασιν.

395 5391 440 5422 ⁸³
462 5389 596 5446 Luc.
627 5403 713 5452 xv,
742 5387 829 5442 10.
908 5387 954 5418 ’⁸
978 5388 1119 5443 Psal.
1147 5404 1198 5453 ι,
1225 5387 1279 5446 9.

2003 4614 2203 4684 rogasti
2251 4628 2339 4666 me
2383 4629 2397 4665 :
2451 4628 2631 4668 nonne
2679 4627 2806 4682 ergo
2849 4614 3084 4682 oportuit
3130 4625 3186 4668 et
3229 4622 3280 4669 te
3341 4614 3584 4669 misereri

2003 4705 2248 4758 conservi
2283 4703 2384 4769 tui,
2417 4713 2473 4757 ut
2501 4719 2599 4772 ego
2635 4703 2706 4756 tui
2742 4703 3000 4758 misertus
3034 4703 3190 4757 sum?
3225 4721 3243 4754 ι
3287 4701 3584 4759 Considera

2001 4795 2091 4850 hic
2146 4794 2276 4850 mihi
2338 4798 2480 4866 regis
2533 4794 2799 4864 justitiam
2861 4809 2925 4850 ex
2989 4810 3142 4864 sequo
3200 4796 3586 4852 misericordia:

2005 4889 2410 4958 respondentem
2449 4897 2609 4956 atque
2654 4889 2928 4944 libratam.
2977 4887 3127 4942 llam:
3158 4890 3295 4944 adeo
3329 4903 3433 4943 non
3467 4889 3585 4943 sine

2001 4979 2207 5050 judicio
2237 4988 2474 5043 exercet,
2507 4980 2600 5033 sed
2633 4979 2983 5033 verberonem
3020 4979 3171 5033 illum
3207 4981 3261 5033 iu
3289 4984 3376 5048 jus
3407 4991 3581 5044 vocat,

2008 5083 2062 5127 et
2102 5073 2276 5142 ipsum
2324 5073 2521 5141 arguit,
2551 5081 2606 5128 et
2645 5073 2846 5127 nullam
2887 5073 3107 5128 obtendi
3157 5089 3312 5141 pesse
3356 5088 3583 5128 excusa-

2011 5167 2209 5218 tionem
2241 5166 2510 5232 ostendit;
2550 5178 2600 5220 et
2629 5167 2960 5236 justificatus
2991 5165 3045 5220 in
3076 5168 3418 5222 sermonibus
3449 5169 3581 5233 suis,

2011 5265 2064 5308 ct
2090 5258 2311 5311 vincens
2339 5259 2392 5312 in
2419 5257 2727 5323 iudicando,
2755 5266 2811 5311 ut
2842 5257 3080 5327 loquitur
3105 5257 3272 5312 David
3290 5259 3355 5325 ",
3380 5258 3581 5328 justam
3621 5316 3623 5318 ,

1560 5483 1878 5544 Francisei
1913 5484 2124 5545 Seorsi
2166 5492 2349 5548 notae.

400 5608 510 5678 (40)
552 5607 842 5663 Veiocibus.
875 5609 1077 5663 Alludit
1106 5611 1169 5662 ad
1211 5609 1334 5661 iilutl
1366 5608 1730 5675 Homericum,
1760 5612 1900 5681 quod

333 5678 383 5733 in
419 5681 761 5746 proverbium
813 5682 1022 5734 videtur
1051 5681 1265 5744 abiisse,
1297 5684 1608 5748 κραιπνοῖσι
1654 5678 1896 5735 πόδεσσι.

334 5748 562 5822 ίὶιιιι-ιηχ.
602 5749 866 5822 Πηλείδης
891 5752 935 5800 δ’
953 5751 1229 5817 ,ἐπόρουσε
1278 5754 1402 5801 ποσὶ
1453 5757 1760 5822 κραιπνοῖσι
1800 5770 1898 5805 πε·-

338 5820 555 5887 ποιθώς,
586 5833 637 5873 et
669 5821 796 5872 alibi
832 5821 964 5872 ilos‘t
995 5824 1307 5888 κραιπνοῖσι
1337 5820 1646 5889 μετασπών.

648 5913 918 5976 ΡΛΤιιΟι..
968 5916 1012 5974 (3
1027 5935 1083 5978 ιι.
1141 5917 1284 5974 CXX
1299 5917 1422 5980 ΧΗ.

2084 5614 2193 5682 (Η)
2233 5614 2675 5670 Μίδενὶεοηίίαηι.

2085 5686 2212 5753 ’.Αμ’
2246 5683 2493 5753 ὴλέηται,
2514 5685 2632 5754 ἅμα
2664 5683 2924 5752 τέθνηκεν
2953 5686 2986 5751 ἡ
3019 5684 3196 5753 χάρις.

2008 5751 2504 5824 ὃοιιοιίιιςὶιιιοεοι-
2533 5751 2596 5810 ex
2629 5751 2821 5808 vetere
2863 5751 3040 5821 poeta,
3072 5751 3180 5822 quo
3215 5767 3364 5822 quasr
3400 5751 3596 5819 :tdagitr

2013 5829 2178 5880 utitur
2231 5835 2437 5894 auctor,
2487 5840 2606 5881 cum
2658 5825 2948 5896 prcemiltat
2984 5841 3127 5878 κατα
3167 5827 3226 5877 τι
3269 5824 3592 5893 λεγόμενον.

3156 5920 3193 5978 6
