3952 6296
522 322 626 384 ΞΠ

1700 321 2194 386 THEOPHANIS
2229 321 2573 380 CEllAMEI
3664 321 3755 384 248

516 438 755 490 divinam
792 436 1172 506 cognationem
1212 438 1433 493 reducat
1470 455 1483 493 :
1524 436 1799 491 infirmum
1837 445 2017 490 autem
2053 433 2105 486 in

2226 432 2339 493 τῶν.
2368 432 2460 485 καὶ
2486 431 2576 483 τὸν
2594 429 3009 496 ἀποξενωῠὶντα
3034 431 3131 503 τῆς
3157 431 3269 486 ἄνω
3294 431 3549 501 πατρίδος
3573 431 3757 501 ἐπάγων

519 528 622 580 tide
652 536 915 592 assumat,
944 539 995 583 et
1024 530 1075 582 in
1112 530 1315 598 peccati
1351 530 1626 598 ergastulo
1653 528 1919 581 inclusum
1948 528 2108 593 visat,

523 634 647 677 tunc
702 637 834 676 sane
886 624 1285 691 sexagesimum
1341 624 1537 676 dicitur
1592 620 1827 674 fructum
1891 618 2105 671 afferre.

519 713 807 768 Admirare
857 713 1023 782 igitur
1062 714 1408 782 agricultoris
1454 712 1661 767 Domini
1710 720 1763 764 et
1811 721 1966 763 terra:
2015 724 2109 762 (o-

525 806 697 859 lcndm
734 806 1021 871 rationem,
1046 818 1101 862 et
1133 809 1544 877 benignitatem,
1572 815 1623 859 et
1654 807 1977 873 obstupesre
2004 818 2110 872 quo

521 906 680 967 pacto
711 912 817 952 non
850 900 1095 952 eamdem
1126 898 1195 951 ab
1220 898 1472 953 omnibus
1500 913 1810 951 mensuram
1839 896 2109 948 fructuum

524 990 737 1059 exigat,
782 990 877 1044 scd
920 1000 971 1044 et
1010 1007 1129 1044 cum
1175 992 1265 1059 qui
1308 992 1531 1044 multum
1573 989 1831 1049 reddidit,
1860 997 2107 1051 coronat,

523 1092 580 1136 et
607 1098 729 1136 eum
760 1083 851 1152 qui
882 1098 1095 1151 parum,
1129 1099 1234 1138 non
1266 1082 1639 1138 aversatur.ld
1666 1091 1843 1135 autem
1874 1081 2114 1135 ostendit

524 1173 769 1242 apertius
824 1174 878 1227 in
930 1173 1111 1228 divina
1155 1173 1410 1242 paraliola
1457 1174 1859 1243 operariorum,
1904 1173 1956 1225 in
2006 1184 2111 1239 qua

525 1266 703 1333 primo
728 1264 926 1336 itidem:
949 1279 1013 1321 ac
1042 1266 1335 1321 novissimo
1361 1280 1568 1322 merces
1594 1264 1800 1321 denarii
1828 1264 2004 1317 datur.

608 1583 625 1617 ι
680 1563 1089 1633 interrogabant
1128 1570 1308 1618 autem
1352 1578 1475 1618 eum
1519 1562 1767 1635 discipuli
1814 1565 1960 1633 ejus.
1996 1578 2113 1629 ane

529 1666 677 1713 esset
722 1658 836 1711 haec
885 1654 1162 1726 parabola.
1206 1673 1224 1708 ι
1284 1655 1537 1724 Discipuli
1585 1671 1707 1711 cum
1756 1657 2115 1711 multitudinis

2217 527 2353 595 πρὶς
2387 524 2485 596 τὴν
2531 524 2680 578 Θείαν
2717 525 3063 590 συγγένειαν,
3124 525 3218 578 τὸν
3249 526 3305 578 δὲ
3353 525 3669 579 ἀσθενοῦντα
3702 532 3759 599 τῇ

2216 620 2398 673 πίστει
2436 618 3023 688 προσλαμϐανόμενοῇ
3057 621 3153 671 καὶ
3198 620 3290 671 τὸν
3322 619 3689 673 κατάκλειστον
3716 624 3763 672 ἐν

2214 712 2510 783 ἁμαρτίαις
2570 711 3063 778 ἐπισκεπτόμενος,
3115 711 3235 763 τότε
3275 712 3491 779 λέγεται
3532 714 3765 781 γεωργεῖν

2212 808 2282 861 τὰ
2314 807 2597 877 ἐξήκοντα.
2660 805 2961 872 Ἀγάσηητι
2991 800 3049 857 οῦ
3065 822 3090 854 ν
3121 803 3215 857 τοῦ
3244 802 3496 873 γεωργοῦ
3528 806 3767 856 Δεσπότου

2212 898 2309 966 τὴν
2347 898 2627 966 γεωργίαν
2680 912 2741 947 τε
2795 895 2888 945 καὶ
2918 894 3357 962 φιλανθρωπίαν.
3396 894 3490 946 καὶ
3519 894 3771 946 καταπλά-

2213 988 2365 1057 γηθι,
2401 988 2518 1051 πῶς
2575 988 2636 1040 οὐ
2688 986 2767 1056 τῷ
2814 986 2963 1055 αὐτῷ
3009 987 3195 1056 μέτρῳ
3244 989 3492 1049 ἃπαντας
3555 990 3771 1053 ἀπαιτεῖ,

2214 1082 2350 1135 ἀλλὰ
2390 1078 2482 1132 καὶ
2520 1080 2611 1132 τὸν
2636 1077 2806 1133 πολλά
2840 1081 3350 1147 καρποφορήσαντα
3400 1082 3668 1147 στεφανοῖ,
3695 1082 3775 1132 καὶ

2213 1174 2304 1225 τὸν
2333 1173 2491 1240 ὀλίγα
2530 1172 2629 1224 οὐκ
2669 1170 3095 1239 ἀποστρέφεται.
3140 1171 3517 1223 Διαλευκαίνει
3562 1171 3615 1223 δὲ
3642 1172 3781 1223 τοῦτ’)

2214 1266 2555 1334 τρανώτερον
2588 1266 2643 1316 ὲν
2678 1265 2742 1332 τῇ
2778 1262 2889 1315 τῶν
2916 1260 3161 1329 ἐργατῶν
3188 1262 3456 1332 Οεολέκτῳ
3488 1262 3778 1332 παραδολῇ,

2216 1355 2307 1409 καὶ
2337 1355 2417 1425 τῷ
2458 1355 2659 1424 πρώτῳ
2713 1353 2808 1407 καὶ
2868 1354 2945 1425 τῷ
2981 1354 3193 1425 ἐσχάτῳ
3248 1353 3553 1424 παρασχὼν
3582 1353 3671 1407 τοῦ
3710 1372 3787 1423 μι-

2220 1448 2347 1501 σθοῦ
2374 1449 2433 1501 τὸ
2459 1448 2740 1519 δηνάριον.

2293 1575 2311 1607 ι
2368 1556 2699 1624 Ἐπηρώτων
2720 1556 2774 1609 δὲ
2809 1554 2973 1608 αὐτὸν
3001 1558 3049 1608 οἱ
3089 1554 3353 1625 μαθηταὶ,
3391 1557 3473 1617 τίς
3499 1557 3587 1623 εἴη
3627 1555 3658 1622 ἡ
3694 1571 3789 1604 πα-

2219 1648 2419 1717 ραϐολὴ
2446 1648 2608 1717 αὕτη.
2640 1668 2659 1699 ι
2698 1648 3080 1719 Φιλοστόργως
3107 1648 3322 1718 ἔχοντες
3351 1647 3483 1715 πρὸς
3509 1645 3574 1699 τὸ
3599 1646 3791 1713 πλῆθος

532 1749 919 1804 benevolentes
954 1757 1165 1814 essent,
1196 1758 1251 1803 et
1283 1748 1552 1803 dictorum
1587 1749 1835 1803 viderent
1864 1748 2113 1803 obscuri-

2226 1743 2265 1792 οί
2300 1740 2567 1811 μαθηταὶ,
2604 1740 2696 1792 καὶ
2732 1740 2969 1809 δρῶντες
3031 1741 3125 1810 τὴν
3157 1738 3267 1792 τῶν
3315 1739 3622 1808 λεχθέντων
3668 1740 3796 1790 ἐισὰ-

534 1849 728 1903 tatem,
763 1854 827 1892 ea
880 1839 1212 1892 sciscitando
1257 1837 1468 1892 discere
1504 1839 1812 1898 studebant.
1850 1847 1909 1891 ut
1950 1839 2113 1891 etiam

536 1930 707 1983 turbae
738 1942 923 1982 eorum
961 1929 1377 1997 explicationem
1414 1928 1743 1997 acciperent.
1777 1927 1917 1994 Quid
1953 1927 2117 1996 igitur

534 2020 820 2074 Salvator?
865 2038 885 2071 ι
934 2018 1099 2075 Vobis
1142 2022 1326 2076 datum
1372 2029 1453 2075 est
1497 2035 1657 2074 nosse
1704 2021 1958 2089 mysteria
2001 2019 2117 2083 Dei,

535 2113 750 2167 ueteris
771 2120 949 2166 autem
976 2110 1031 2166 in
1055 2112 1345 2179 parabolis.
1392 2129 1411 2163 ι
1466 2112 1598 2166 Cum
1633 2131 1649 2164 ι
1686 2113 1866 2165 datum
1914 2130 1932 2162 ι
1966 2112 2116 2177 dicit,

538 2205 737 2257 donum
769 2216 889 2257 esse
920 2217 1033 2257 rem
1066 2219 1185 2258 eam
1222 2202 1493 2268 ostendit;
1530 2203 1631 2258 hoc
1663 2212 1843 2257 autem
1876 2202 2117 2256 divinum

540 2295 740 2348 donum
800 2309 907 2348 non
964 2309 1155 2350 omnes
1215 2294 1464 2365 accipere
1516 2304 1762 2364 possunt.
1814 2293 1916 2347 Alii
1976 2294 2117 2347 enim

538 2385 719 2440 adhuc
767 2387 1000 2443 infantes
1048 2387 1103 2441 in
1149 2387 1252 2441 ﬁde
1296 2397 1456 2455 sunt;
1506 2388 1595 2441 alii
1640 2402 1767 2443 vero
1815 2386 2120 2443 hebetiores

540 2479 704 2531 animi
733 2492 923 2533 sensus
954 2480 1178 2545 habent;
1212 2495 1313 2534 nec
1337 2480 1468 2535 satis
1494 2479 1674 2534 idonei
1705 2479 1771 2533 ad
1802 2478 2119 2535 obscuriora

542 2570 800 2639 mysteria
862 2571 1129 2625 audienda
1183 2571 1292 2643 55
1352 2571 1549 2642 quibus
1611 2573 1763 2643 quasi
1824 2569 2121 2626 infantibus

539 2662 888 2735 parabolicus
942 2667 1382 2718 accommodatus
1430 2673 1510 2718 est
1558 2679 1769 2729 sermo,
1808 2663 1911 2719 Vos
1960 2678 2117 2727 vero,

543 2755 754 2823 inquit,
784 2755 872 2822 qui
916 2754 1091 2809 studio
1128 2754 1280 2808 valde
1316 2754 1573 2809 laudabili
1609 2757 1802 2825 dignos
1837 2755 2120 2811 altioribus

542 2864 642 2903 vos
673 2848 983 2903 reddidistis
1012 2888 1028 2911 ,
1065 2862 1181 2917 quae
1206 2850 1377 2918 magis
1419 2849 1691 2903 recondita
1723 2857 1878 2915 sunt,
1914 2852 2122 2904 discere

544 2942 794 3009 potestis.
838 2938 1031 2994 Subdit
1060 2955 1222 3010 porro
1262 2940 1635 3010 propheticum
1685 2942 1815 2996 illud
1852 2941 2055 2996 dictum
2102 2959 2118 2999 :

553 3050 573 3081 ι
610 3031 681 3089 Ut
714 3033 954 3087 videntes
982 3049 1088 3086 nun
1116 3034 1355 3100 videant,
1385 3044 1437 3087 et
1470 3034 1749 3089 audientes
1778 3049 1884 3088 non
1917 3035 2120 3091 intelli-

2221 1846 2400 1897 φειαν,
2456 1830 2879 1896 φιλοπευστοῦσι
2934 1831 3002 1883 τὰ
3037 1831 3340 1899 λαληθέντα
3398 1829 3711 1898 μαθεῖν,ώ;
3737 1828 3796 1881 ἂν

2222 1922 2318 1974 καὶ
2344 1922 2392 1975 οἱ
2428 1921 2573 1991 ὄχλοι
2607 1921 2821 1990 μάθωσι
2848 1922 2945 1993 τὴν
2974 1924 3155 1976 αὐτῶν
3185 1924 3541 1991 διασάιρησιν.
3571 1922 3638 1974 Τί
3665 1919 3751 1973 οῦν
3777 1922 3801 1972 δ

2228 2011 2457 2081 Σωτήρ;
2526 2031 2544 2063 ι
2592 2012 2755 2081 Ὑμῖν
2806 2014 3018 2067 δέδοται
3075 2016 3371 2083 γνῶναιτέι
3407 2018 3687 2085 μυστήρια
3715 2013 3800 2066 τοῦ

2221 2104 2382 2167 Θεοῦ,
2439 2106 2553 2167 τοῖς
2592 2104 2650 2157 δὲ
2709 2104 2921 2170 λοιποῖς
2973 2108 3030 2160 ἐν
3090 2108 3451 2178 παραϐολαῖς.
3517 2128 3533 2159 ι
3607 2107 3807 2171 Εἰπὼν,

2227 2216 2245 2247 ι
2280 2197 2520 2262 Δέδοται,
2564 2216 2582 2248 ι
2612 2196 2889 2251 δείκνυσιν
2921 2200 3006 2252 ὅτι
3032 2199 3211 2269 δωρεὰ
3257 2201 3319 2251 τὸ
3352 2200 3593 2270 πρᾶγμά
3630 2202 3807 2251 ἐστιν’

2223 2288 2357 2342 ἀλλὰ
2380 2287 2586 2359 ταύτην
2614 2293 2714 2359 τὴν
2740 2289 2894 2343 θείαν
2915 2292 3058 2345 δόσιν
3090 2292 3152 2345 οὐ
3185 2294 3385 2356 πάντες
3427 2292 3694 2346 δύνανται
3719 2291 3807 2343 λα-

2224 2383 2359 2438 ϐεῖν.
2393 2385 2455 2437 Οἱ
2492 2384 2591 2452 μὲν
2623 2388 2733 2456 γὰρ
2762 2388 2823 2456 τῇ
2871 2385 3055 2438 πίστει
3122 2386 3203 2438 ἔτι
3246 2387 3612 2456 νηπιάζονσιν
3637 2404 3655 2418 ·
3682 2386 3729 2435 οἱ
3759 2383 3812 2435 δὲ

2224 2475 2509 2547 παχύτερα
2544 2476 2771 2546 φέρουσι
2806 2479 2876 2532 τὰ
2937 2478 3035 2547 τῆς
3083 2477 3263 2548 ψυχῆς
3318 2479 3685 2549 αἰσθητήρια,
3716 2477 3815 2529 οῦκ

2224 2568 2542 2638 ἐπιτηδείως
2604 2568 2821 2639 ἔχοντες
2886 2570 3022 2641 πρὸς
3077 2571 3175 2640 τὴν
3223 2570 3331 2624 τῶν
3385 2572 3819 2640 μυστικωτέρων

2224 2661 2511 2731 ἀκρόασιν,
2534 2653 2616 2723 οἷς
2657 2661 2910 2733 καθάπερ
2935 2662 3153 2733 νηπίοις
3173 2664 3201 2716 ὁ
3221 2662 3602 2733 παραϐολικδς
3644 2660 3823 2733 ἀρμόο

2226 2770 2310 2805 σει
2336 2754 2511 2821 λόγος.
2552 2753 2752 2822 Ὑμεῖς
2790 2755 2867 2819 δὲ,
2895 2756 3085 2824 φησὶν,
3115 2755 3167 2809 ol
3208 2755 3416 2826 σπουδῇ
3453 2758 3607 2825 μάλα
3642 2755 3827 2808 καλλί-

2225 2863 2327 2919 στῃ
2382 2847 2569 2911 ἀξίους
2625 2848 2856 2910 ἑαυτοὺς
2892 2848 3003 2900 τῶν
3052 2847 3404 2919 ὑψηλοτέρων
3460 2850 3822 2917 ποιήσαντες,

2223 2939 2453 2992 δύνασθε
2484 2938 2549 2993 ἂν
2576 2938 2769 3007 μαθεῖν
2802 2939 2896 2993 καὶ
2950 2939 3017 2992 τὰ
3047 2938 3461 3010 μυστικώτερα.
3509 2938 3828 3006 Ἐπάγειδὲ

2227 3031 2286 3083 τὸ
2318 3033 2655 3101 προφητικὸν
2706 3032 2886 3083 ἐκεῖνο
2945 3031 3143 3103 ῥητόν·
3200 3050 3219 3083 ι
3255 3032 3373 3084 Ἵνα
3407 3031 3721 3100 βλέποντες
3757 3030 3827 3098 μὴ

547 3125 759 3195 gruit”.
797 3142 815 3175 ι
858 3125 990 3181 Cum
1031 3126 1172 3181 enim
1218 3142 1245 3179 a
1288 3124 1397 3180 Deo
1440 3128 1666 3182 facultas
1706 3128 1810 3183 illis
1852 3130 2120 3199 impertita

2228 3122 2490 3193 βλέπωσι,
2523 3124 2615 3176 καὶ
2646 3124 2942 3187 ἀκούοντες
2981 3124 3056 3193 μὴ
3094 3124 3341 3178 πνιῶσι.
3380 3142 3398 3174 ι
3425 3124 3836 3191 Δοοείσηςγᾶρ

546 3215 637 3275 sit,
670 3230 772 3283 qua
808 3226 1029 3284 possent
1057 3219 1258 3284 optima
1292 3232 1515 3287 quaeque
1547 3218 1791 3289 seligere,
1822 3219 1964 3290 quod
1999 3235 2126 3289 pra-

550 3305 630 3359 \is
664 3307 858 3360 studiis
892 3317 1099 3361 mentes
1136 3322 1320 3361 eorum
1366 3309 1633 3365 hebetata:
1676 3313 1817 3372 sint,
1850 3312 2126 3368 audientes

547 3412 734 3463 sensu,
764 3398 940 3451 animo
977 3414 1080 3452 non
1117 3400 1440 3469 intelligunt,
1466 3413 1521 3457 et
1550 3404 1825 3473 corporeis
1856 3404 2119 3470 videntes,

549 3491 743 3544 anima:
772 3491 961 3545 oculos
988 3493 1268 3548 claudunt.
1298 3493 1565 3549 Particula
1594 3511 1741 3560 vero,
1771 3508 1826 3550 ut
1859 3497 1996 3569 (39),
2024 3500 2127 3553 hoc

550 3581 669 3634 loco
701 3597 805 3635 non
836 3596 1057 3636 causam
1088 3584 1377 3652 signiﬁcat,
1408 3586 1501 3641 sed
1531 3599 1804 3643 eventum.
1832 3588 1945 3643 Non
1982 3592 2124 3646 enim

551 3674 671 3727 ideo
713 3672 765 3727 in
814 3675 1084 3742 parabolis
1121 3676 1465 3746 loquebatur,
1497 3689 1555 3734 ut
1592 3695 1658 3734 ne
1695 3682 1959 3746 viderent,
1993 3697 2128 3738 neve

552 3765 829 3833 audirent;
863 3767 957 3821 sed
990 3769 1113 3837 quia
1140 3768 1209 3822 ob
1237 3783 1422 3823 eorum
1456 3773 1750 3839 nequitiam
1783 3774 1855 3827 ita
1887 3773 2126 3830 futurum

549 3864 692 3923 erat,
720 3864 780 3910 ut
809 3860 1092 3917 eveniret:
1127 3868 1184 3913 ut
1215 3860 1263 3916 si
1304 3863 1424 3930 quis
1462 3863 1636 3918 oculis
1674 3864 1811 3919 male
1850 3865 2125 3932 allectum,

549 3958 605 4003 et
636 3950 1047 4016 caecucientem,
1073 3952 1272 4023 diuque
1304 3968 1371 4008 eo
1405 3954 1594 4009 morbo
1630 3956 1968 4012 laborantem
2008 3958 2130 4014 ideo

552 4044 607 4093 in
635 4041 764 4095 solis
794 4042 1134 4112 splendorem
1165 4045 1417 4099 oliturum
1445 4046 1699 4101 deﬁxisse
1731 4049 1893 4112 dicat,
1925 4060 1981 4103 ut
2010 4050 2129 4119 plus

550 4136 826 4201 acciperet
864 4136 1199 4193 detrimenti.
1245 4137 1436 4195 Postea
1484 4150 1540 4195 ut
1587 4142 1804 4197 doceret
1852 4159 1959 4197 non
2008 4159 2129 4199 esse

551 4223 874 4294 simpliciter
906 4227 1249 4295 accipienda,
1281 4244 1400 4293 qua:
1435 4230 1779 4295 dicebantur,
1810 4235 1904 4286 sed
1938 4249 2034 4302 per
2066 4249 2129 4288 ea

552 4315 625 4371 ad
652 4317 957 4374 subtiliores
991 4334 1183 4374 sensus
1211 4322 1523 4390 erigendam
1558 4332 1816 4389 mentem,
1838 4326 2087 4395 adjunxit
2112 4343 2127 4379 :

557 4428 577 4459 ο
612 4408 715 4476 Qui
751 4411 913 4465 habet
942 4426 1101 4465 aures
1127 4414 1377 4466 audiendi
1412 4412 1615 4469 audiat.
1656 4432 1675 4466 ι
1716 4414 1827 4471 Hoc
1860 4428 1944 4473 est
1978 4434 1991 4470 :
2027 4417 2127 4484 Qui

2228 3216 2408 3277 αὐτοῖς
2437 3215 2721 3287 δυνάμεως
2748 3217 2810 3268 ὲκ
2838 3215 2973 3268 Θεοῦ
3033 3216 3114 3279 είς
3138 3216 3199 3267 τὸ
3231 3216 3495 3269 δύνασθαι
3533 3216 3612 3269 τὰ
3651 3216 3835 3283 λῷστα

2229 3305 2578 3368 ἐκλέξασθαι,
2606 3306 2699 3360 διὰ
2728 3306 2789 3360 τὸ
2840 3308 3181 3377 παχυνθῆναι
3216 3307 3400 3361 αὐτῶν
3443 3310 3547 3371 τὰς
3586 3309 3838 3369 διανοίας

2226 3401 2338 3460 τοῖς
2376 3398 2601 3469 φαύλοις
2628 3400 3054 3471 ἐπιτηδεύμασιν
3101 3401 3389 3462 ἀκούοντες
3420 3402 3743 3470 αἰσθητῶς,
3775 3401 3834 3450 οὐ

2230 3492 2474 3545 συνιοῦσι
2510 3493 2567 3546 δὲ
2632 3494 2863 3564 νοητῶς,
2917 3495 3013 3548 καὶ
3063 3495 3301 3566 ὁρῶντες
3334 3497 3449 3558 τοῖς
3480 3495 3846 3566 σωματικοῖς

2228 3583 2526 3652 ὀφθαλμοῖς
2583 3586 2711 3647 τοὺς
2778 3587 2878 3654 τῆς
2908 3585 3090 3656 ψυχῆς
3146 3588 3446 3655 ὲπιμύωσι.
3480 3588 3567 3640 Τὸ
3597 3588 3683 3648 δὲ,
3721 3588 3843 3649 ἕνα,

2228 3675 2466 3731 ἐνταῦθα
2523 3677 2621 3729 οὐκ
2653 3677 3033 3745 αίτιολογικῶς
3066 3680 3306 3750 εἴρηται,
3355 3680 3469 3734 ἀλλ’
3498 3684 3574 3734 ὲκ
3612 3682 3721 3749 τῆς
3757 3681 3843 3733 ὲκο

2229 3767 2461 3831 ϐάσεως.
2490 3770 2563 3821 Οὐ
2605 3770 2715 3837 γὰρ
2744 3770 2831 3824 διὰ
2859 3770 3017 3824 τοῦτο
3047 3772 3105 3823 ὲν
3132 3772 3467 3842 παραδολαῖς
3503 3774 3735 3837 ἐλάλει,
3767 3774 3851 3824 ἴνα

2233 3861 2372 3931 μήτε
2439 3859 2706 3931 βλέπωσι,
2769 3861 2913 3931 μήτε
2972 3862 3271 3924 ἀκούωσιν,
3336 3862 3451 3915 ἀλλ’
3492 3866 3593 3919 δτι
3672 3863 3854 3927 οὕτως

2231 3952 2409 4022 ἀπέϐη
2446 3953 2698 4021 γενέσθαι
2727 3953 2816 4007 διὰ
2838 3956 2939 4024 τὴν
2970 3956 3197 4009 ἐκείνων
3234 3956 3571 4010 κακόνοιαν.
3630 3959 3856 4025 Ὥσπερ

2232 4045 2298 4098 ἂν
2334 4044 2387 4097 εἷ
2416 4063 2499 4107 τις
2531 4046 2622 4098 τὸν
2657 4046 2755 4107 τὰς
2792 4046 2943 4116 ὄψεις
2984 4046 3386 4116 βεϐλαμμένον,
3408 4048 3515 4101 καὶ
3549 4047 3862 4119 ἁμῧλυώτ-

2233 4155 2418 4201 τοντα,
2457 4139 2551 4193 καὶ
2581 4137 2742 4192 πλέον
2774 4138 2869 4193 τοῦ
2904 4139 3115 4204 πάθους
3142 4141 3523 4209 ἐπιστάμενον
3557 4142 3749 4211 ἐρεῖς,
3776 4144 3861 4194 ὅτι

2230 4230 2320 4283 διὰ
2350 4230 2512 4283 τοῦτο
2562 4231 2843 4298 ὲνητένισε
2892 4231 3029 4300 πρὸς
3067 4231 3134 4284 τὰ
3171 4233 3374 4302 sum:
3408 4232 3868 4304 σελαγίσματα,

2232 4323 2321 4375 ἵνα
2348 4322 2570 4375 πλείονα
2604 4322 2704 4391 τὴν
2728 4322 2974 4377 κάκωσιν
2993 4321 3239 4394 δέξηται.
3275 4318 3408 4375 Εἶτα
3437 4324 3760 4378 διδάσκων
3788 4324 3866 4393 μὴ

2234 4415 2422 4479 ἁπλῶς
2478 4415 2548 4468 τὰ
2601 4415 2870 4485 λεγόμενα
2917 4415 3195 4482 δέξασθαι,
3246 4415 3385 4470 ἀλλὰ
3424 4416 3499 4470 δι’
3531 4418 3746 4473 αὐτῶν
3788 4417 3870 4480 είς

552 4500 909 4571 spiritualiter
942 4504 1314 4559 ratiocinando
1346 4506 1449 4560 scit
1481 4507 1670 4561 altiora
1706 4508 1977 4578 colligere,
2012 4520 2066 4565 et
2096 4526 2121 4563 a

2238 4507 2549 4577 ἰσχνοτέροις
2608 4507 2819 4569 ἑννοίας
2864 4507 3189 4576 ἀνάγεσθαι,
3229 4508 3460 4576 ἐπάτει·
3502 4530 3526 4561 α
3585 4510 3661 4565 Ὀ
3725 4510 3875 4581 ἔχων

554 4592 905 4648 sensibilibus
939 4597 1320 4651 transcendere
1355 4598 1418 4651 ad
1456 4614 1540 4660 ea,
1570 4614 1687 4667 quae
1722 4615 1817 4669 per
1847 4601 2127 4668 parabolas

555 4685 701 4737 dicta
760 4692 906 4738 sunt.
963 4682 1077 4737 Non
1134 4686 1277 4740 enim
1332 4686 1528 4743 sufﬁcit
1581 4690 1647 4741 ad
1700 4689 1928 4744 salutem
1986 4693 2129 4745 nuda

556 4774 881 4828 auscultatio
923 4774 1288 4842 monitorum,
1322 4777 1423 4831 nisi
1467 4777 1920 4832 auscultationem
1965 4792 2128 4846 Opera

555 4866 903 4921 comitentur.
962 4866 1082 4921 llaec
1142 4868 1306 4936 igitur
1359 4869 1622 4934 scientes,
1667 4869 2005 4934 charissimi,
2057 4886 2132 4926 ne

556 4956 872 5024 simpliciter
900 4966 953 5012 et
1002 4965 1207 5013 temere
1238 4960 1493 5013 dot-trime
1522 4961 1865 5015 sermonibus
1892 4964 2133 5030 praebea-

561 5064 680 5102 mus
714 5065 889 5112 aures,
920 5059 978 5104 ut
1008 5051 1173 5105 verba
1211 5053 1425 5119 quidem
1462 5054 1809 5123 accipiamus,
1836 5054 1969 5108 nihil
2003 5068 2131 5108 vero

556 5155 623 5195 ex
656 5143 851 5197 auditis
880 5142 1178 5199 referamus
1207 5142 1442 5209 fruetus;
1478 5146 1611 5200 adeo
1644 5154 1700 5199 ut
1758 5156 1899 5201 terra
1933 5147 2133 5201 sterLIis

636 5303 680 5333 ³⁸
706 5300 809 5357 lsa.
836 5315 912 5367 vr,
936 5299 990 5354 9.

2239 4596 2354 4652 ὦτα
2409 4599 2650 4663 ἀκούειν,
2685 4599 2955 4663 ἀκουέτω,
2996 4618 3013 4650 ι
3049 4602 3353 4664 τουτέστιν,
3394 4602 3423 4653 ὁ
3452 4602 3645 4667 εἰδὼς
3691 4596 3872 4657 πνευ-

2244 4691 2492 4760 ματικῶς
2520 4692 2588 4744 τὰ
2611 4691 2921 4762 ὑψηλότερα
2956 4691 3399 4760 συλλογίζεσθαι,
3443 4693 3559 4745 καὶ
3593 4694 3881 4764 ἀποθρώ-

2237 4802 2387 4837 σκειν
2440 4783 2551 4837 ἀπὸ
2598 4784 2708 4836 τῶν
2736 4784 3079 4853 φαινομένων
3134 4784 3269 4853 πρὸς
3300 4784 3370 4838 τὰ
3431 4786 3878 4856 παραδολικῶς

2234 4874 2523 4944 λεγόμενα.
2580 4874 2655 4926 Οὐ
2710 4873 2820 4943 γὰρ
2865 4874 3027 4941 ἀρκεῖ
3061 4872 3199 4942 πρὸς
3228 4872 3290 4923 τὸ
3344 4870 3632 4937 σωθῆναι
3676 4874 3882 4943 γυμνὴ

2235 4964 2341 5017 τῶν
2373 4962 2748 5033 παραινέσεων
2787 4964 2820 5032 ἡ
2853 4962 3138 5031 ἀκρόασις,
3177 4962 3253 5031 μὴ
3298 4961 3507 5031 ἔχουσα,
3550 4965 3769 5017 ὀπαδα
3813 4964 3884 5016 τὰ

2236 5057 2373 5127 ἔργα
2398 5057 2496 5126 τῆς
2525 5056 2864 5125 ἀκροάσεως.
2890 5054 3058 5108 Ταῦτ’
3091 5054 3182 5108 οὖν
3218 5055 3442 5117 εἰδότες,
3475 5056 3777 5128 ἀδελφοὶ,
3809 5059 3889 5127 μὴ

2234 5152 2347 5209 τοῖς
2385 5147 2564 5213 λόγοις
2612 5147 2711 5214 τῆς
2748 5144 3097 5211 διδασκαλίας
3148 5144 3339 5208 ἁπλῶς
3390 5144 3498 5197 καὶ
3587 5149 3736 5219 είκῆ
3785 5146 3889 5209 τὰς

1803 5390 2128 5453 Francisoi
2154 5391 2364 5454 Scursi
2390 5400 2575 5455 notae.

633 5525 747 5595 ('59)
792 5522 1068 5579 Particula
1096 5540 1239 5587 vero,
1277 5532 1355 5577 nt.
1414 5520 1528 5575 Non
1558 5536 1778 5595 causam
1802 5523 2131 5595 anteceden-

566 5591 696 5659 tem,
725 5591 815 5650 sed
840 5611 1115 5656 eventum,
1144 5606 1200 5649 et
1222 5592 1665 5658 consequentiam
1698 5591 1995 5658 signiﬁcari
2035 5608 2131 5657 per

567 5668 908 5733 particulam,
929 5678 983 5720 ut
1014 5665 1256 5734 pluribus
1289 5667 1339 5717 in
1361 5663 1491 5716 locis
1514 5660 1927 5734 Evangelinrnm
1960 5662 2131 5715 adno-

569 5732 646 5789 tat
682 5732 1027 5791 doctissimns
1059 5735 1412 5795 Maldonatns,
1446 5742 1497 5785 et
1524 5745 1640 5799 post
1673 5748 1795 5785 eum
1826 5732 2129 5785 scientissi-

570 5821 686 5861 nius
738 5822 1013 5863 sacrarum
1063 5804 1388 5861 Litterarum
1436 5801 1721 5859 Cornelius
1755 5817 1782 5857 a
1822 5800 2022 5871 Lapide
2072 5804 2126 5858 in

2239 5524 2428 5577 (Iauon
2462 5525 2527 5577 ad
2584 5522 2857 5593 Evangelii
2905 5522 3332 5593 Commentaria.
3395 5520 3558 5577 Vide
3605 5539 3802 5593 porro
3840 5536 3900 5576 ut

2236 5595 2540 5649 libertatem
2576 5592 2787 5647 arbitrii
2844 5606 3061 5647 tueatur
3106 5592 3464 5660 Theophanes
3538 5592 3773 5651 uester
3843 5596 3901 5649 in

2238 5665 2567 5733 esplicandis
2607 5664 2756 5717 Isaia!)
2792 5664 3007 5718 verbis:
3052 5661 3118 5716 Ut
3165 5662 3397 5716 videntes
3432 5679 3563 5718 non
3635 5668 3907 5729 videtur,

2236 5745 2363 5804 etc.,
2390 5745 2573 5791 contra
2620 5746 2898 5803 novantes,
2924 5735 3014 5804 qui
3045 5748 3163 5789 eam
3191 5742 3461 5788 evertunt.
