4092 6296
347 334 460 398 273

1740 341 2069 401 HOMILIA
2113 340 2216 398 1X.

3505 333 3611 396 ΞΠ

349 443 445 498 τοῦ
486 442 573 496 διὰ
622 441 831 498 τούτων
867 447 1280 518 σημαινομένου
1307 449 1680 522 μανθάνομεν.
1730 452 1934 520 Ἀμφό-

2057 446 2473 512 Ξετιιςοιιοτιιιιι,
2505 458 2557 502 ct
2586 446 3014 514 Gadarenorum,
3047 455 3103 503 ut
3133 460 3196 502 ex
3229 443 3618 519 signiﬁcation».

345 556 404 591 τε
418 555 486 609 pa
516 539 628 608 γάρ
656 536 808 592 οἷκον
830 543 1177 611 προαστείων
1211 544 1563 614 σημαίνουσι,
1604 545 1934 616 μεταμειϐο-

352 633 526 700 μένης
560 631 659 700 τῆς
700 631 985 705 Ἐὖραῖδος
1019 636 1096 698 εἰς
1128 636 1228 706 τὴν
1275 636 1506 690 Ἐλὶὰδα
1537 642 1742 707 φωνῄν.
1773 639 1846 690 Τὸ
1879 639 1933 691 δὲ

350 723 446 777 δύο
473 725 599 787 τοὺς
631 725 1008 793 δαιμονῶντας
1047 729 1225 782 εἰπεῖν
1255 729 1348 782 τὸν
1400 730 1705 794 ἣίατοαῖον,
1752 731 1848 784 ἕνα
1882 732 1936 784 δὲ

358 818 482 881 τοὺς
508 817 754 880 λοιποὺς,
803 819 1232 889 ἐναντιοφωνίαν
1269 821 1533 892 οὐδεμίαν
1573 823 1932 878 ἐνδείκνυται.

371 908 434 962 '0
461 910 553 977 μὲν
577 909 687 980 γὰρ
715 909 1051 975 ὑποστάσεις
1073 912 1186 965 τῶν
1211 914 1562 968 πεπονθότων
1600 915 1934 987 ἠκρίϐωσεν,

363 1003 408 1052 al
451 1001 504 1053 δὲ
552 1001 613 1054 τὸ
645 1002 849 1055 ταύτὸν
901 1004 1002 1072 τῆς
1067 1003 1284 1072 φύσεως
1317 1008 1716 1076 συναγαγόντες
1745 1010 1825 1071 εἰς
1854 1009 1933 1071 ἓν,

363 1096 486 1162 περὶ
515 1095 618 1163 τὴν
652 1094 748 1149 τοῦ
801 1096 1042 1168 ἀριθμοῦ
1074 1097 1366 1169 ἀκρίϐειαν
1422 1099 1525 1152 οὐκ
1585 1099 1932 1168 ἐφρόντισαν.

357 1183 513 1239 Οὕτω
548 1187 644 1239 καὶ
678 1187 908 1241 ἐπὶτῶν
945 1187 1207 1242 Ξαϐἐντων
1234 1189 1454 1258 τυφλῶν
1481 1190 1539 1241 ὲν
1578 1191 1645 1260 τῇ
1686 1189 1933 1260 Ἰεριχῷ·

351 1279 376 1330 ὁ
433 1277 538 1347 μὲν
595 1279 880 1343 Mrs-.6110;
938 1280 1033 1332 δύο
1090 1278 1242 1348 λέγει
1297 1282 1427 1344 τοὺς
1458 1281 1802 1344 ἀλαοὺς,ἒνα
1828 1282 1939 1335 δὲὸ

347 1370 610 1438 Μάρκος,
641 1369 737 1423 καὶ
762 1372 792 1423 δ
824 1373 1068 1434 Λουκᾶς.
1097 1373 1208 1424 Καί
1229 1372 1416 1428 καινὸν
1446 1373 1622 1440 οὐδὲν,
1647 1374 1766 1427 οὐδὲ
1797 1375 1938 1428 ἄπο.

348 1479 470 1532 ρον.
531 1463 643 1516 Καὶ
707 1460 816 1532 γὰρ
867 1463 965 1516 καὶ
997 1465 1026 1517 ὁ
1077 1463 1257 1528 κοινὸς
1311 1463 1410 1534 τῆς
1433 1464 1749 1536 ἐλευθερίας
1781 1465 1939 1531 λόγος

346 1552 613 1622 τοιαύτην
654 1553 916 1617 πολλάκις
972 1553 1084 1624 ἔχει
1137 1555 1435 1625 συνήθειαν
1491 1556 1662 1627 ἑνικῷ
1717 1555 1941 1624 ἀριθμῷ

349 1644 560 1713 πλῆθος
611 1644 993 1713 σημαίνεσθαι.
1039 1645 1223 1715 Φαμὲν
1264 1646 1395 1717 γὰρ,
1435 1644 1509 1710 ὡς
1541 1642 1704 1718 ἦλθεν
1745 1649 1773 1699 ὁ
1810 1647 1941 1710 Θεὸς

356 1735 536 1788 σῶσαι
589 1735 684 1788 τὸν
743 1735 1058 1806 ἄνθρωπον,
1124 1738 1222 1790 καὶ
1282 1737 1345 1790 τὸ
1392 1738 1670 1800 ἀπολωλὸς
1707 1739 1939 1808 ἐζήτησε

2046 538 2240 593 horum
2284 539 2667 595 voeabulorum
2715 539 3083 611 intelligimus.
3133 539 3305 591 Ambo
3343 537 3484 590 enim
3516 540 3616 590 Gn-

2047 646 2190 684 mum
2220 631 2585 684 suburbanam
2617 631 2943 699 significant,
2969 631 3013 684 si
3039 629 3090 683 iu
3116 627 3355 682 Cra-cam
3383 626 3618 697 linguam

2047 720 2312 776 llebraica
2358 731 2733 778 committetur.
2772 722 2924 789 Quod
2957 730 3134 774 autem
3173 719 3457 773 Matthtens
3487 717 3623 772 duos

2044 828 2438 881 energnmenos
2478 814 2633 878 dixit,
2679 813 2862 882 reliqui
2908 829 3034 868 vero
3065 828 3249 875 unum,
3283 812 3479 864 nullam
3511 825 3622 877 pra-

2047 921 2101 958 se
2128 905 2230 958 fert
2266 906 2709 974 repugnantiam;
2737 921 2860 960 nam
2887 905 2974 959 ille
3005 904 3220 971 quidem
3244 917 3622 971 oppressorum

2047 1013 2074 1050 ιι
2106 996 2351 1050 dzmnone
2388 1011 2647 1064 persmtas
2674 997 2923 1050 distinete
2950 993 3058 1067 54
3087 993 3385 1058 recensuit;
3411 992 3465 1046 bi
3494 1005 3624 1046 vero

2045 1090 2310 1157 complexi
2343 1091 2392 1144 in
2427 1106 2592 1143 unum
2640 1105 2754 1154 eos,
2784 1089 2873 1158 qui
2906 1089 3148 1158 ejusdem
3199 1095 3354 1141 erant
3399 1095 3625 1144 naturae,

2048 1181 2250 1236 referre
2309 1183 2579 1252 exquisite
2629 1195 2914 1236 numerum
2973 1195 3081 1234 non
3139 1185 3490 1238 curaverunt,
3545 1175 3627 1229 sic

2046 1279 2210 1328 etiam
2256 1291 2452 1343 caecos,
2500 1274 2588 1345 qui
2627 1274 2680 1328 in
2727 1274 2858 1329 urbe
2907 1273 3222 1329 Jericbunte
3258 1269 3430 1326 curati
3477 1276 3621 1329 sunt,

2047 1365 2329 1420 Mattltteus
2359 1368 2571 1438 quidem
2601 1367 2738 1422 duos
2779 1367 2947 1421 fuisse
2995 1365 3123 1420 dicit
3153 1365 3196 1430 ⁷,
3231 1377 3397 1418 ιιιιιιιιι
3443 1371 3622 1413 autem

2047 1459 2257 1514 Marcus
2284 1461 2305 1491 "
2334 1469 2386 1513 et
2422 1458 2593 1515 Lucas
2619 1461 2662 1522 ’.
2692 1461 2785 1514 sed
2835 1460 2939 1515 hoc
2988 1471 3182 1512 novum
3234 1470 3340 1509 non
3389 1463 3494 1519 est,
3528 1465 3625 1504 nec

2048 1552 2383 1621 ambiguum.
2418 1550 2551 1606 Nam
2583 1553 2716 1607 solet
2749 1567 2895 1622 sape
2920 1551 3084 1606 etiam
3118 1549 3173 1603 in
3205 1545 3474 1604 communi
3507 1557 3626 1600 ser~

2049 1660 2209 1699 mone
2251 1644 2507 1716 singulari
2556 1660 2784 1700 numero
2846 1643 3132 1698 multitudo
3176 1639 3491 1712 signiﬁcari.
3536 1635 3626 1690 Di-

2049 1735 2222 1788 cimus
2249 1735 2391 1788 enini
2422 1733 2587 1787 Deum
2614 1734 2849 1798 venisse,
2877 1743 2933 1786 ut
2957 1733 3184 1788 salutem
3216 1728 3419 1784 homini
3451 1725 3625 1794 daret,

354 1824 656 1895 πρόϐατον.
696 1824 786 1878 διὰ
824 1825 923 1894 τῆς
955 1827 1141 1894 ὲνικῆς
1173 1826 1449 1899 σημασίας
1482 1827 1587 1894 τὴν
1619 1830 1748 1898 ὃλην
1779 1829 1942 1896 φύσιν

2057 1835 2099 1881 ιιι
2149 1840 2302 1879 ovem
2356 1827 2621 1894 perditam
2673 1825 3023 1896 quaesivisse,
3094 1820 3350 1892 singulari
3406 1817 3626 1873 nomine

357 1919 470 1972 τῶν
527 1916 838 1986 ἀνθρώπων
876 1918 1260 1991 σημαίνοντες.
1289 1916 1418 1992 Εἶχε
1453 1922 1554 1991 μὲν
1584 1921 1676 1975 οὖν
1696 1923 1726 1974 ὁ
1757 1921 1943 1984 ἄθλιος

365 2009 648 2078 ἄνθρωπος
680 2009 768 2078 ἐφ’
799 2010 1004 2074 ἱκανοῖς
1032 2010 1178 2064 ἔτεσι
1200 2010 1270 2065 τὰ
1297 2012 1574 2082 δαιμόνια,
1609 2014 1703 2066 καὶ
1729 2014 1944 2084 ἱμάτιον

366 2105 467 2156 οὐκ
513 2103 905 2166 ἐνεδιδύσκετο,
941 2103 1038 2156 καὶ
1084 2105 1141 2156 ὲν
1174 2106 1323 2176 οἰκὲᾳ
1363 2107 1464 2158 οὐκ
1498 2105 1716 2175 ἔμενεν,
1744 2106 1858 2159 ἀλλ’
1888 2108 1944 2159 ὲν

369 2197 477 2258 τοῖς
545 2195 856 2266 μνημείοις.
895 2195 1084 2268 Ἀῦριι
1136 2197 1192 2249 δὲ
1260 2198 1406 2266 πόση
1465 2198 1562 2251 τοῦ
1622 2199 1796 2254 κακοῦ
1818 2196 1945 2272 ἦνή

361 2285 638 2348 ἐπίτασις.
668 2286 869 2354 Ἤρκει
895 2284 994 2356 μὲν
1019 2285 1129 2356 γὰρ
1177 2287 1457 2356 δαιμόνιον
1483 2287 1541 2340 ἓν
1590 2291 1946 2362 κατατρέχειν

359 2376 458 2428 τὸν
492 2375 748 2444 δείλαιον,
806 2375 870 2428 τὸ
918 2377 974 2430 δὲ
1013 2379 1107 2431 καὶ
1152 2377 1322 2431 πολλὰ
1371 2384 1672 2446 κατοικεῖν,
1697 2381 1754 2436 ἐν
1799 2382 1950 2453 αὐτῷ

357 2465 628 2537 καθάπερ
658 2469 715 2520 ὲν
745 2467 956 2539 σίμϐλῳ
982 2468 1048 2521 τὰ
1086 2469 1266 2540 σμήνη
1297 2470 1407 2524 τῶν
1448 2472 1746 2541 μελισσῶν,
1789 2473 1950 2527 ποίαν

362 2559 472 2628 οὐχ
507 2558 850 2629 ὑπερϐέϐηκε
887 2561 1180 2630 συμφοράν
1206 2578 1221 2626 ;
1243 2561 1303 2614 τὸ
1330 2560 1386 2615 δὲ
1420 2562 1515 2615 καὶ
1567 2562 1814 2630 λεγεῶνα
1870 2568 1951 2616 εἰ-

361 2650 522 2714 πεῖν,
549 2649 719 2719 ἄλλην
751 2650 1069 2721 προσθήκην
1105 2650 1310 2704 κακοῦ⁶
1342 2653 1552 2720 Ἀεγεὼν
1591 2653 1699 2723 γὰρ
1752 2656 1780 2723 ἡ
1833 2654 1953 2707 ἑπι-

358 2737 566 2801 λεκτος
592 2738 806 2806 λέγεται
834 2740 1067 2809 στρατιά
1091 2757 1102 2768 ·
1131 2739 1284 2809 δηλοῖ
1303 2741 1360 2794 δὲ
1387 2743 1515 2804 τοὺς
1540 2742 1951 2813 ἀπηνεστέρους

365 2828 764 2900 δαίμονας,καὶ
795 2831 991 2902 κομιδῇ
1018 2835 1311 2903 πονηρούς.
1342 2833 1838 2904 Περιστροϐοὖντες
1860 2833 1954 2888 οὖν

375 2921 606 2988 ἡλαυνον
630 2922 722 2975 τὸν
765 2921 953 2977 ἄθλιον
995 2923 1283 2994 ἄνθρωπον
1333 2925 1442 2978 ἀπ’)
1501 2926 1601 2995 τῆς
1634 2927 1843 2990 πόλεως
1874 2928 1954 2990 εἰς

375 3013 473 3076 si;
517 3015 787 3087 ἐρήμους,
821 3017 917 3069 καὶ
967 3017 1048 3078 εἰς
1078 3019 1147 3069 τὰ
1173 3017 1450 3087 χαρώνσια
1482 3017 1819 3086 γυμνοῦντες
1856 3021 1956 3087 τῆς

375 3107 711 3179 ἀμπεχώνης
755 3109 826 3162 τὰ
875 3107 1052 3178 δεσμὰ
1103 3108 1546 3180 διαρῤήσσοντες,
1577 3108 1654 3173 ὡς
1699 3110 1954 3178 ὀργάνοις

381 3197 652 3272 χρώμενοι
679 3201 800 3264 ταῖς
828 3201 1039 3254 ἐκείνου
1064 3199 1186 3253 κατ’
1221 3201 1431 3254 ἐκείνου
1455 3201 1665 3271 χερσίν.
1696 3202 1862 3256 Ἀλλὰ
1900 3205 1953 3257 τι

385 3290 449 3360 δὴ
483 3291 943 3363 περισκοποῦντες
978 3292 1030 3344 οι
1063 3292 1320 3362 δαίμονες
1352 3293 1431 3355 εἰς
1455 3293 1523 3346 τὰ
1551 3296 1794 3363 μνημεῖα
1826 3294 1952 3359 τοὺς

380 3381 703 3449 ἀνθρώπους
750 3381 1093 3446 ἐλαύνουσιν,
1134 3384 1438 3447 ἀναγκαῖον
1494 3383 1639 3435 ἰδεῖν.
1671 3383 1732 3435 υἱ
1767 3385 1834 3454 τῇ
1861 3400 1953 3438 σο-

373 3472 475 3544 φίᾳ
497 3474 596 3544 τῆς
621 3473 856 3544 πλάνης.
882 3477 979 3528 καὶ
1012 3477 1133 3537 ταῖς
1164 3473 1225 3538 ἐξ
1253 3474 1423 3542 αὐτῆς
1447 3472 1741 3542 φλυαρίαις
1767 3474 1957 3547 ὥσπερ

371 3567 901 3639 καρηϐαρήσαντες,
937 3567 1058 3621 οὐδὲ
1091 3567 1253 3622 τοῦτο
1278 3567 1458 3621 εἰπεῖν
1486 3566 1957 3638 κατωῤῥώδησαν,

450 3727 470 3757 ⁷
493 3725 680 3781 Matth.
706 3741 796 3789 xx,
828 3723 920 3780 29.
997 3725 1018 3759 ⁸
1041 3724 1208 3781 Marc.
1234 3742 1288 3788 x,
1315 3725 1407 3780 46.

1487 3731 1505 3760 '
1529 3730 1658 3785 Luc.
1688 3746 1844 3794 xvttt,
1871 3729 1963 3784 55.

2048 1916 2350 1971 universam
2380 1923 2628 1972 naturam
2656 1917 2930 1970 hominum
2963 1914 3354 1987 signiﬁcantes.
3385 1909 3628 1965 Habebat

2049 2011 2212 2078 igitur
2245 2010 2441 2064 multos
2470 2010 2578 2078 jam
2607 2024 2779 2064 annos
2810 2008 2992 2063 infelix
3042 2007 3207 2062 homo
3252 2003 3541 2067 daemonia,
3573 2010 3630 2053 ct

2050 2102 2376 2152 vestitttento
2410 2115 2514 2153 non
2563 2099 2908 2161 induebatur,
2952 2111 3127 2167 neque
3161 2094 3304 2150 domi
3352 2091 3624 2148 manebat.

2048 2191 2140 2244 sed
2193 2193 2245 2244 in
2298 2193 2664 2246 mooumentis
2716 2192 2851 2261 (65).
2904 2189 3197 2246 Considera
3250 2201 3380 2241 vero
3427 2191 3625 2254 quanta

2048 2281 2210 2337 fuerit
2255 2283 2378 2336 mali
2421 2283 2755 2356 magnitudo.
2790 2282 2920 2336 Nam
2966 2285 3161 2335 misero
3201 2278 3274 2334 illi
3315 2274 3628 2332 iufesumdo

2049 2375 2181 2429 satis
2221 2373 2414 2428 fuisset
2455 2374 2780 2429 dmmonimn
2827 2387 2992 2428 unum
3025 2387 3043 2430 :
3071 2369 3237 2426 multa
3284 2380 3414 2422 vero
3446 2365 3503 2421 in
3537 2362 3629 2418 illo

2050 2467 2200 2535 quasi
2255 2481 2412 2534 apum
2466 2466 2718 2520 examina
2774 2468 2825 2518 in
2884 2464 3122 2519 alvcario
3173 2463 3353 2516 sedem
3405 2457 3628 2524 ﬁxisse,

2051 2574 2213 2626 quam
2240 2575 2341 2612 non
2368 2566 2589 2628 superat
2615 2556 3013 2613 calamitatem?
3039 2555 3184 2627 quod
3210 2569 3338 2607 vero
3364 2551 3628 2619 legionem

2053 2653 2210 2715 dixit,
2240 2652 2341 2703 alia
2373 2652 2498 2704 mali
2529 2653 2766 2706 accessio
2799 2661 2900 2705 est.
2931 2650 3092 2720 Legio
3120 2648 3264 2702 enim
3294 2645 3490 2701 dicitur
3515 2642 3630 2713 (66)

2053 2742 2285 2796 selectos
2328 2743 2632 2808 exercitus;
2681 2743 2875 2796 iudicat
2924 2751 3104 2795 autem
3146 2737 3476 2794 crudeliores
3519 2737 3630 2789 dae—

2055 2847 2263 2892 mones.
2305 2841 2358 2885 et
2405 2833 2687 2903 insigniter
2733 2832 3033 2902 improbos.
3083 2830 3424 2897 Torquentes
3470 2824 3634 2894 igitur

2054 2943 2419 2985 a'rumnosum
2466 2927 2739 2980 hominem
2789 2925 3019 2995 agebant
3062 2938 3128 2978 ex
3168 2921 3301 2977 urbe
3343 2921 3398 2974 in
3437 2917 3632 2972 solitu-

2057 3020 2232 3084 dines,
2254 3028 2308 3074 et
2332 3022 2384 3074 in
2413 3027 2762 3074 monumenta
2788 3018 3122 3072 denudantes
3142 3029 3263 3069 euut
3289 3012 3632 3073 vestimento,

2055 3121 2108 3166 et
2135 3111 2341 3167 vincula
2371 3112 2796 3182 disrumpentes,
2821 3119 2874 3166 et
2904 3110 3188 3181 ipsiusmet
3216 3106 3466 3162 manibus
3509 3115 3635 3158 tan-

2059 3220 2221 3275 quam
2273 3207 2633 3260 instrumento
2679 3215 2866 3259 contra
2917 3203 3093 3272 ipsum
3144 3209 3379 3256 utentes.
3424 3197 3495 3253 At
3527 3211 3636 3267 quo

2059 3297 2286 3352 consilio
2328 3293 2451 3350 mali
2497 3295 2769 3351 daemones
2816 3295 2934 3350 illos
2979 3295 3045 3348 ad
3091 3301 3440 3347 monumenta
3485 3303 3635 3342 com-

2064 3388 2360 3458 pellereut.
2424 3403 2646 3443 necesse
2704 3396 2788 3442 est
2841 3385 3155 3457 intelligere.
3212 3381 3315 3450 Qui
3369 3379 3634 3452 sapientia

2018 3480 2269 3535 'erroris
2326 3479 2439 3547 (67)
2495 3487 2548 3533 et
2604 3479 2672 3533 iis
2729 3493 2850 3548 qua:
2909 3477 3034 3531 inde
3088 3475 3340 3531 oriuntur
3393 3471 3634 3542 ineptiis,

2071 3571 2224 3643 quasi
2247 3574 2477 3642 quadam
2503 3572 2761 3627 ebrietate
2788 3572 3180 3633 laboraverunt,
3207 3584 3274 3622 ne
3293 3569 3395 3622 hoc
3417 3563 3635 3635 quidem

1647 3847 1968 3910 Francisci
2000 3849 2208 3909 Scorsi
2243 3856 2431 3910 notas.

375 3949 607 4009 bannm,
655 3945 798 4014 quod
843 3947 915 4001 sit
949 3959 1012 4000 ex
1069 3945 1203 3998 urbe
1261 3952 1547 3999 semotum.
1605 3947 1676 4000 At
1723 3950 1772 4001 in
1827 3961 1956 4000 voce

376 4020 791 4074 Gadarcnorum
818 4031 922 4069 non
959 4015 1032 4069 ita
1065 4029 1152 4068 res
1189 4025 1272 4067 est
1311 4016 1511 4086 liquida
1538 4032 1554 4080 ;
1585 4019 1756 4085 possis
1779 4027 1955 4071 tamen

377 4103 450 4142 eo
480 4099 674 4141 nomen
718 4086 975 4150 trahere;
1015 4101 1138 4139 nam
1176 4093 1271 4146 '11:.
1301 4086 1474 4154 signat
1513 4089 1822 4150 maceriem,
1862 4102 1954 4139 seu

375 4167 624 4227 Septem,
655 4164 706 4210 et
759 4156 1023 4227 clausum,
1049 4163 1118 4227 et;
1139 4158 1398 4227 parietem
1451 4171 1834 4227 quemcunque
1851 4171 1955 4209 non

382 4225 650 4289 validum,
699 4225 872 4294 qualis
922 4235 1004 4279 est
1035 4225 1214 4277 ovium
1252 4225 1430 4289 caula,
1459 4242 1579 4294 quae
1601 4243 1725 4280 cum
1759 4226 1957 4281 subur-

381 4303 526 4351 bana
561 4309 694 4366 esse
743 4295 956 4366 soleant
1007 4296 1178 4362 aptari
1211 4296 1329 4361 ejus
1374 4307 1586 4366 etymou
1625 4298 1844 4364 poterit,
1902 4307 1960 4349 ut

376 4365 754 4423 suburbanam
787 4363 1052 4434 signiﬁcet
1094 4363 1505 4420 habitationem.

456 4435 575 4507 (65)
619 4434 722 4489 Sed
758 4435 1217 4507 inqmonumentis.
1297 4435 1956 4507 Quomodoenergumeni

383 4509 443 4562 in
468 4505 476 4507 “
501 4505 874 4574 monumentis
919 4507 1116 4574 degere
1163 4508 1439 4572 potuerint
1475 4506 1765 4572 intelliges,
1796 4506 1840 4558 si
1869 4518 1953 4559 se-

381 4576 574 4645 pulcra
607 4590 711 4645 non
745 4573 848 4628 ritu
869 4573 1054 4628 nostro
1080 4575 1130 4627 in
1161 4587 1300 4628 terra
1321 4574 1553 4637 defossa,
1583 4578 1676 4630 sed
1705 4574 1955 4641 Iudaico,

385 4644 547 4712 quasi
581 4644 888 4714 speluncas,
935 4659 1030 4714 seu
1056 4659 1316 4700 cavernas
1346 4646 1556 4700 excisas
1589 4647 1640 4698 in
1688 4657 1834 4713 petra
1868 4659 1958 4698 re-

386 4717 686 4784 putaveris.
746 4713 1046 4785 cujusmndi
1086 4729 1186 4783 ego
1231 4731 1423 4785 magno
1453 4731 1676 4768 numero
1711 4725 1773 4785 et
1804 4715 1961 4783 longo

386 4786 590 4841 Ordine
619 4799 682 4837 ac
735 4784 933 4851 duplici
969 4785 1231 4852 disposita
1278 4784 1623 4838 monumenta
1656 4784 1830 4838 adhuc
1861 4799 1957 4837 ex-

389 4867 540 4907 stare
571 4870 636 4906 ex
690 4855 1084 4907 Saracenorum
1147 4855 1374 4908 fortasse
1431 4867 1673 4923 tempore
1725 4863 1778 4906 et
1815 4867 1964 4907 more

391 4925 501 4977 vidi
549 4923 892 4976 Tauromenii
925 4935 1076 4978 ειη-ιι
1110 4925 1385 4990 oppidum,
1434 4933 1491 4979 ut
1523 4939 1663 4977 nunc
1708 4939 1794 4977 res
1836 4933 1965 4976 sunt

393 4998 460 5045 ad
524 4993 583 5048 S.
628 4992 768 5047 Petti
805 4993 1082 5058 templum.
1145 4993 1299 5048 Facit
1349 5009 1475 5046 vero
1533 4995 1598 5045 ad
1661 5009 1768 5047 rem
1824 4993 1964 5061 quod

397 5064 659 5116 llaronius
711 5061 802 5115 lib.
858 5078 874 5116 t
939 5063 1248 5128 Annalium,
1296 5078 1436 5116 anno
1487 5063 1693 5118 Christi
1748 5063 1837 5124 5i,
1902 5077 1965 5114 ex

394 5133 700 5201 Epiphanio
771 5135 965 5186 haeres.
1041 5133 1109 5185 '50
1169 5137 1353 5198 refert,
1412 5133 1576 5187 fuisse
1651 5149 1816 5202 prope
1860 5132 1968 5185 Ga—

398 5207 587 5256 daraut
621 5206 893 5256 civitatem
933 5204 1148 5257 tumbas
1192 5205 1243 5256 in
1298 5206 1591 5270 speluncis,
1637 5219 1757 5270 quze
1813 5212 1969 5254 erant

403 5274 453 5324 in
483 5274 650 5342 petris
677 5274 894 5337 excisae,
927 5274 1021 5327 sed
1050 5277 1280 5343 desuper
1313 5284 1549 5337 structa),
1589 5273 1806 5341 illicque
1833 5287 1970 5340 pne-

400 5344 712 5411 stigiatores
742 5347 1043 5396 da-monum
1085 5344 1454 5396 invocationes
1484 5345 1813 5411 exercuisse.

473 5410 585 5483 (66)
629 5411 781 5480 Legio
815 5416 954 5466 enim
1013 5413 1226 5467 dicitur.
1280 5413 1464 5465 Latine
1498 5427 1558 5467 se
1591 5413 1732 5465 scire
1788 5410 1969 5483 Theo-

406 5482 609 5551 phanes
663 5483 893 5553 indicat,
947 5498 1070 5536 cum
1124 5485 1190 5537 de
1223 5485 1448 5553 legionis
1487 5484 1717 5553 nomine
1771 5482 1974 5553 verilo-

403 5550 585 5621 quium
618 5550 794 5606 affert.
854 5551 1144 5621 Legionem
1204 5550 1345 5606 enim
1393 5569 1422 5604 a
1476 5551 1691 5620 legendo
1746 5552 1970 5613 dictam,

405 5624 632 5689 quodin
675 5637 794 5678 eam
846 5623 1048 5677 milites
1099 5621 1308 5676 delectu
1350 5624 1532 5674 habito
1580 5623 1970 5684 scriberentur,

404 5693 572 5747 cuivis
620 5706 812 5760 parum
861 5694 1072 5743 ermlito
1120 5707 1302 5745 notum
1339 5702 1420 5746 est
1464 5708 1529 5744 ex
1583 5689 1827 5745 Varrone
1878 5690 1972 5743 lib.

407 5776 452 5815 Η
479 5760 556 5816 De
574 5762 757 5831 lingua
789 5761 998 5814 Latmo.

2139 3949 2248 4013 (67)
2294 3947 2423 4014 Qui
2453 3949 2708 4018 sapientia
2759 3950 2977 4002 erroris.
3057 3946 3354 4012 Platonem,
3414 3943 3638 4016 ejusque

2067 4020 2326 4074 Sectarios
2384 4029 2538 4072 notat
2601 4019 2980 4086 Theophanes,
3035 4032 3172 4087 quos
3235 4018 3288 4070 in
3338 4031 3404 4071 eo
3452 4031 3638 4072 errore

2068 4089 2255 4150 fuisse,
2306 4091 2516 4142 animos
2585 4089 2863 4142 hominum
2914 4097 3036 4156 post
3103 4098 3336 4142 mortem
3401 4087 3455 4140 in
3506 4087 3639 4142 deos

2069 4160 2263 4212 mutari
2309 4161 2367 4214 S.
2417 4159 2748 4220 Augustinus
2790 4159 2982 4212 scribit
3014 4157 3106 4212 lib.
3152 4173 3204 4210 tx
3238 4156 3313 4209 De
3334 4157 3476 4212 civit.
3514 4171 3638 4221 cap.

2067 4230 2157 4295 ll,
2217 4231 2298 4283 his
2344 4229 2560 4280 Verbis:
2616 4229 2751 4281 Dicit
2785 4229 2993 4295 quidem
3018 4227 3172 4281 Plato
3221 4228 3426 4280 animus
3471 4227 3639 4280 Itami-

2065 4317 2190 4353 num
2229 4300 2490 4352 da'mones
2522 4315 2654 4360 esse,
2701 4305 2750 4349 et
2791 4313 2856 4351 ex
2899 4297 3195 4350 hominibus
3229 4298 3344 4363 ﬁeri
3396 4295 3558 4359 fares,
3589 4297 3636 4351 si

2066 4371 2238 4423 meriti
2271 4371 2532 4428 bonisint.
2563 4372 2806 4427 lemures.
2836 4383 2928 4420 seu
2961 4367 3158 4427 larvas.
3189 4368 3238 4421 si
3262 4366 3430 4432 mali;
3457 4383 3637 4420 manes

2035 4450 2241 4494 .autcm
2268 4441 2387 4499 deos
2415 4438 2538 4501 dici,
2571 4454 2688 4490 cum
2721 4440 2975 4490 incertum
3005 4448 3078 4489 est
3129 4439 3380 4503 bonorum
3411 4453 3517 4499 eos,
3548 4453 3637 4488 seu

2063 4511 2319 4563 malorum
2348 4524 2456 4561 esse
2505 4510 2830 4560 meritorum.
2858 4505 2980 4575 llaec
2998 4506 3334 4575 Augustinus
3359 4522 3373 4564 ς
3399 4508 3638 4575 disputat

2065 4589 2244 4634 autem
2296 4580 2345 4629 id
2380 4576 2528 4630 Plato
2563 4581 2614 4630 itt
2663 4575 2876 4632 Timteo.
2940 4574 3260 4642 Vitieilllll‘ﬂ
3297 4578 3433 4641 apud
3461 4574 3634 4643 ipSuut

2063 4649 2418 4717 Augustinum
2444 4658 2492 4698 et
2514 4648 2901 4717 commentaria
2939 4645 3196 4717 Ludovici
3238 4645 3395 4698 Vives
3431 4645 3480 4698 iu
3512 4662 3635 4717 eum

2067 4715 2269 4771 locum.
2323 4718 2491 4769 Porro
2547 4733 2642 4770 vox
2682 4716 2894 4786 δαίμων
2939 4719 2990 4770 in
3046 4715 3232 4769 Grteca
3265 4717 3443 4784 lingua
3486 4716 3635 4769 deum

2068 4789 2338 4857 siguilirat
2393 4801 2794 4857 quemcunque,
2835 4787 3102 4857 minorum
3142 4794 3318 4838 tamen
3371 4789 3633 4853 gentium,

2067 4855 2141 4910 ut
2171 4855 2473 4923 huiusmodi
2503 4858 2661 4919 lares,
2693 4866 2745 4908 et
2789 4859 2987 4908 larvas.
3038 4856 3091 4907 Id
3119 4857 3315 4922 cuique
3341 4865 3525 4908 notum
3553 4858 3634 4908 vel

2066 4945 2130 4980 ex
2183 4928 2274 4980 illo
2327 4927 2486 4980 obvio
2541 4924 2916 4993 Arismphanis
2981 4928 3032 4978 in
3070 4923 3250 4990 Pluto,
3303 4924 3634 4993 ubi_Carion

2070 4999 2182 5049 viso
2205 4999 2354 5051 i’lnto
2374 5012 2465 5063 per
2485 4990 2743 5066 quidquid
2765 4999 2987 5066 deorum
3008 5005 3088 5048 est
3115 4990 3475 5066 exclamath
3491 4995 3634 5046 Φοῖϐ’

2085 5067 2400 5131 ”Απολ).ων,
2437 5064 2529 5119 καὶ
2572 5066 2716 5122 Θεοὶ.
2751 5067 2849 5135 καὶ
2896 5064 3167 5135 δαίμονες.
3206 5065 3304 5119 Est
3328 5065 3489 5118 etiam
3532 5081 3633 5118 vox

2070 5138 2176 5191 τῶν
2244 5137 2424 5204 μέσων
2477 5151 2575 5190 nec
2617 5137 2789 5190 solum
2841 5134 3064 5200 bonum,
3098 5136 3187 5204 sed
3219 5139 3381 5187 etiam
3437 5136 3633 5187 malum

2072 5203 2308 5277 genium,
2343 5222 2439 5260 nec
2467 5207 2661 5277 bonam
2710 5205 2906 5269 solum,
2947 5207 3038 5259 sed
3070 5203 3233 5257 etiam
3277 5205 3471 5257 malam
3528 5206 3636 5256 for-

2074 5274 2257 5330 tunam
2301 5278 2494 5346 signat.
2528 5274 2802 5346 Exemplis
2860 5291 2995 5346 opus
3031 5289 3135 5327 non
3171 5277 3324 5328 estin
3357 5289 3413 5328 re
3468 5277 3638 5328 cuivis

2074 5357 2343 5417 prompta.
2364 5345 2466 5417 Sed
2493 5346 2546 5399 in
2573 5343 2750 5413 lingua
2775 5343 2964 5398 Latina
2992 5360 3058 5417 ca_
3087 5359 3184 5398 vox
3229 5346 3637 5417 ambiguitatem

2077 5414 2266 5485 parere
2301 5415 2604 5484 potuisset;
2664 5431 2789 5467 nam
2825 5429 2922 5484 pro
2959 5414 3099 5468 malo
3151 5415 3330 5482 genio.
3359 5431 3454 5466 seu
3483 5432 3642 5466 caen-

2077 5489 2319 5538 daemone
2349 5486 2510 5537 etiam
2574 5485 2818 5540 absolute
2859 5485 3066 5553 prolata
3106 5489 3274 5550 accipi
3333 5487 3634 5539 consuevit.

2076 5554 2240 5616 igitur
2296 5572 2403 5608 uno
2436 5558 2551 5608 loco
2586 5557 2897 5609 vertendum
2945 5571 2974 5608 ιι
3027 5556 3181 5607 nobis
3212 5557 3312 5607 fuit
3352 5556 3412 5606 τὸ
3455 5555 3646 5620 61inc-

2079 5643 2166 5686 νες
2217 5632 2391 5690 deos;
2439 5629 2488 5678 in
2544 5631 2787 5692 sequenti
2843 5627 3136 5688 daemones,
3186 5640 3307 5679 cum
3372 5641 3466 5694 pro
3518 5627 3647 5690 ipsis

2081 5696 2232 5749 malis
2257 5694 2463 5765 angelis
2490 5697 2741 5748 sumitur.
