4092 6296
308 329 422 394 285

1715 330 2048 397 HOMILIA
2106 335 2180 402 Χ.

3453 341 3560 408 286

305 435 377 513 ἦν
416 438 528 510 γάρ
559 439 622 496 τδ
667 440 843 507 πάθος
868 441 1234 515 ἀνθρωπίνοις
1271 443 1542 510 ἐπινοίαις
1564 444 1867 516 ἀνήκεστον

1992 441 2287 517 insumpta,
2311 444 2516 504 nullum
2538 447 2745 506 fecerat
2771 444 3004 507 lucrum.
3032 448 3250 509 Morbus
3267 451 3411 511 cnim
3441 465 3560 508 erat

333 537 689 608 Δπηρεικυία
728 538 869 609 πρὸς
923 537 1099 594 πάντα
1148 538 1346 613 βουλὴν
1377 536 1694 612 βουλεύεται
1726 555 1885 594 συνε-

305 627 428 698 τὴν,
461 627 600 698 πρὸς
628 628 720 682 τὸν
758 628 997 700 ἄμισθον
1059 631 1244 703 ίατρὸν
1293 631 1572 704 ὀτραλέως
1630 630 1882 704 δραμεῖν,

303 720 383 783 ὡς
409 720 570 791 ἁδρὸν
605 720 752 791 μάλα
790 722 982 794 μισθὸν
1001 726 1102 793 τὴν
1134 724 1319 779 πίστιν
1337 724 1659 795 κομίζουσα.
1685 721 1882 793 Ἔλεγε

307 811 442 884 γὰρ,
476 812 548 877 ὡς
583 812 744 878 ἄλλος
795 814 932 885 φησὶ
977 815 1392 888 εὖαγγελιστὴς,
1423 817 1529 884 δτι,
1566 833 1587 870 ι
1623 814 1744 870 Κάν
1772 815 1883 870 τῶν

311 903 546 975 ἱματίων
577 904 750 961 αὑτοῦ
793 906 957 979 μόνον
985 907 1233 980 ᾶψωμαι,
1261 909 1603 981 σωθήσομαι.
1635 926 1655 963 s
1711 907 1878 965 Ἀλλὰ

311 998 456 1060 τίνος
499 997 660 1069 χάριν
714 998 776 1052 οὑ
830 998 1082 1072 πρόσεισι
1124 998 1394 1072 φανερῶς,
1425 999 1562 1073 ὡςή
1599 999 1882 1057 Χαναναία

311 1089 400 1141 καὶ
433 1089 464 1159 ἡ
522 1089 951 1158 συγκύπτουσας
978 1089 1286 1163 Ἐπίσημος
1337 1087 1406 1164 ἦν
1439 1091 1578 1162 αὕτη
1620 1091 1717 1148 καὶ
1741 1089 1882 1161 γνὼ-

304 1195 465 1250 ριμος
493 1181 608 1243 τοῖς
638 1181 826 1244 πᾶσιν.
867 1177 937 1253 ἧν
961 1181 1018 1236 δὲ
1046 1183 1125 1251 τῷ
1147 1182 1299 1255 νόμῳ
1326 1183 1643 1257 ἀκάθαρτος
1668 1181 1702 1254 ἡ
1741 1198 1882 1238 κατ-

297 1269 539 1342 εχομένη
592 1273 844 1345 αἱμάτων
917 1276 1040 1347 ῥοῇ,
1066 1275 1162 1331 καὶ
1209 1276 1312 1331 οὐκ
1355 1271 1424 1349 ἦν
1457 1272 1624 1331 αὐτοῦ
1655 1273 1880 1346 θεμιτὸν

292 1363 687 1434 ἐπιθιγγάνειν
716 1367 864 1443 τινδς
892 1365 1063 1441 ίεροῧ.
1092 1368 1230 1442 Φησὶ
1260 1369 1369 1442 γὰρ
1400 1369 1428 1424 ό
1452 1368 1615 1442 νόμος
1638 1383 1656 1401 ο
1686 1386 1707 1422 ι
1734 1365 1879 1442 Γυνὴ

290 1454 392 1510 ἐὰν
455 1458 557 1530 ῥέῃ
613 1457 768 1530 ῥύσει
816 1459 1048 1530 αἵματος
1081 1462 1299 1534 ἡμέρας
1329 1461 1574 1531 πλείους,
1608 1463 1780 1518 πᾶσαι
1818 1465 1876 1518 al

291 1549 503 1620 ἡμέραι
554 1550 765 1622 ῥύσεως
802 1553 1173 1627 ἀκαθαρσίας,
1218 1556 1326 1623 πᾶς
1371 1557 1400 1608 ό
1432 1557 1740 1628 ἁπτόμενος
1780 1555 1882 1612 αύ-

289 1640 432 1712 τῆς,
468 1643 786 1716 ἀκάθαρτος
845 1643 1023 1703 ἔσται.
1064 1665 1085 1702 s
1128 1648 1414 1703 Δεδοικυῖα
1455 1650 1639 1705 τοίνυν
1696 1649 1878 1705 ποδῶν

293 1734 585 1805 άχράντων
615 1736 956 1807 ἐφάψασθαι,
992 1738 1090 1794 καὶ
1121 1739 1239 1812 ἅμα
1279 1739 1547 1813 κρύπτειν
1586 1739 1874 1812 ἐθέλουσα,

291 1825 329 1881 ἃ
361 1827 750 1900 σωφρονοῦσαι
777 1833 1036 1907 γυναῖκες
1062 1832 1469 1888 ἀνακαλύπτειν
1497 1832 1874 1906 αἰσχύνονται,

296 1918 551 1975 κλέπτειν
573 1921 676 1993 τὴν
706 1922 985 1994 σωτηρίαν
1017 1925 1246 1980 ἐπινοεῖ.

382 2119 402 2153 ι
437 2101 538 2155 Καὶ
568 2099 956 2175 προσελθοῦσα
980 2101 1208 2159 δπισθεν
1228 2102 1409 2175 ἥψατο
1436 2100 1533 2158 τοῦ
1563 2103 1875 2176 κρασπέδου

304 2192 395 2247 τοῦ
451 2195 673 2264 ἱματίου
723 2194 914 2262 αὑτοῦ,
961 2196 1060 2250 καὶ
1112 2196 1459 2269 παραχρῆμα
1492 2195 1622 2270 εστη
1651 2198 1688 2266 ἡ
1715 2196 1876 2270 ῥύσις

294 2288 388 2345 τοῦ
451 2291 682 2362 αἵματος
741 2292 936 2362 αὐτῆς.
976 2291 1043 2346 Ὦ
1095 2291 1192 2349 τοῦ
1225 2293 1534 2366 θαύματοςί
1596 2295 1785 2351 καινόν
1815 2311 1874 2352 τι

291 2382 454 2436 τοῦτο
487 2383 934 2456 θαυματουργίας
967 2380 1110 2452 είδος
1137 2386 1167 2440 6
1196 2387 1480 2460 Δεσπότης
1513 2386 1872 2456 ἐνδείκνυται,

290 2478 441 2546 μήτε
469 2475 572 2547 τῆς
602 2477 866 2549 νοσούσης
889 2475 1190 2548 ἁψάμενος,
1228 2479 1368 2550 μήτε
1418 2477 1560 2552 λόγῳ
1601 2477 1876 2551 θεραπεύ-

290 2583 401 2632 σας
434 2567 540 2639 τὴν
564 2569 822 2636 κάκωσιν,
863 2569 1002 2625 ἀλλὰ
1031 2571 1100 2642 τῇ
1142 2570 1328 2626 πίστει
1376 2571 1764 2644 ἐπιμετρήσας
1808 2571 1873 2628 τὸ

289 2658 452 2724 ἔλεος
474 2674 496 2692 ο
523 2659 794 2734 προσῆλθε
827 2661 969 2733 μετὰ
991 2663 1254 2731 πίστεως,
1281 2663 1378 2718 καὶ
1397 2661 1500 2734 τῆς
1533 2663 1746 2728 ἐλπίδος
1771 2664 1873 2738 οὐχ

292 2751 571 2822 ἥμαρτεν.
617 2751 704 2816 Ὠς
757 2753 924 2809 καλὸν
962 2757 995 2826 ἠ
1050 2755 1238 2821 πίστις
1269 2755 1481 2828 ίσχύειν
1514 2757 1872 2830 παρασκιυά-

301 2844 462 2909 ζουσα
497 2849 559 2900 ἐν
597 2848 732 2918 ἡμίν
762 2847 864 2923 τὴν
890 2848 1138 2905 θεόδοτον
1167 2850 1329 2924 χάριν
1355 2867 1371 2882 ο
1409 2851 1470 2906 τό
1520 2851 1580 2906 δέ
1627 2851 1872 2926 διψυχιίν

308 2938 614 3009 ἐπιζήμιον.
647 2938 711 2993 Et
735 2940 847 3016 γάρ
871 2943 963 2998 καὶ
992 2941 1140 3014 ἱερὸν
1163 2937 1233 3014 ἦν
1268 2942 1360 3000 τοῦ
1387 2943 1661 3018 άχράντου
1699 2944 1870 3016 χιτῶο

306 3044 390 3092 νος
416 3029 476 3083 τὸ
509 3029 807 3102 ἱερώτατον
842 3033 1174 3105 κράσπεδον,
1208 3034 1286 3102 ὡς
1326 3035 1464 3092 Θεοῦ
1513 3037 1718 3111 σαρκδς
1744 3040 1868 3111 -ἐφ-

1987 535 2274 611 cjusmodi.
2309 551 2370 596 ut
2402 543 2545 600 nulla
2578 555 2766 616 posset
2790 545 3029 605 humana
3068 557 3185 604 arte
3211 549 3416 605 curari.
3451 549 3558 602 De-

1984 630 2218 700 speratls
2239 632 2409 703 igitur
2429 636 2681 692 omnibus
2704 640 2978 702 remediis.
3008 641 3239 710 sapienti
3282 641 3383 696 sibi
3427 655 3561 695 οοιι-

1981 719 2103 777 silio
2124 721 2361 779 consulit
2382 724 2637 783 celeriter
2664 728 2731 784 ari
2754 730 3046 794 medicum.
3072 731 3162 802 qui
3191 732 3359 802 gratis
3378 742 3554 794 curat.

1981 814 2346 889 confugiendi,
2371 819 2527 876 ﬂdem
2554 821 2732 879 ferens
2755 822 2991 895 copiosa:
3010 824 3274 880 mercedis
3292 823 3552 891 ioco(78).

1985 927 2003 963 t
2025 907 2248 968 Dicebat
2277 913 2446 980 enim,
2471 923 2533 970 ιιι
2555 914 2694 970 alius
2708 916 3034 988 evangelista
3053 915 3128 972 alt
3155 933 3170 972 :
3201 933 3222 969 ι
3241 916 3375 983 Quia
3402 914 3450 971 si
3471 913 3552 970 vel

1981 1003 2359 1060 vestimentum
2392 1005 2511 1074 ejus
2558 1008 2809 1080 tetigero,
2840 1007 2987 1066 salva
3008 1023 3101 1063 ero
3133 1008 3197 1062 “.
3227 1027 3247 1062 ι
3286 1007 3391 1062 Sed
3425 1008 3553 1077 quid

1977 1101 2082 1160 est.
2109 1094 2250 1164 quod
2294 1111 2403 1152 non
2432 1098 2628 1166 palam.
2667 1108 2721 1155 et
2748 1099 3035 1156 manifesto
3066 1099 3295 1167 accedit,
3328 1110 3386 1152 ut
3410 1099 3555 1154 Cita-

1977 1198 2166 1241 nanaea
2203 1185 2268 1257 “,
2308 1197 2363 1245 et
2392 1188 2586 1246 mulier
2610 1189 2699 1246 illa
2724 1190 2980 1249 inclinata
3009 1190 3096 1246 “1
3128 1191 3371 1248 Celebris
3415 1193 3552 1257 tunc,

1977 1283 2034 1333 et
2054 1287 2180 1334 nota
2213 1279 2468 1338 omnibus
2499 1293 2639 1346 erat,
2669 1280 2790 1354 lege
2832 1292 3014 1340 autem
3048 1282 3323 1340 immunda
3359 1284 3556 1337 mulier

1977 1367 2300 1439 habebatur,
2329 1386 2450 1443 qua:
2482 1374 2763 1446 sanguinis
2805 1373 2951 1432 ﬂuxu
3001 1385 3304 1441 teneretur,
3346 1390 3445 1432 nec
3475 1375 3554 1431 las

1977 1459 2028 1516 ei
2057 1472 2178 1516 erat
2205 1462 2498 1534 quidquam
2534 1466 2674 1522 sacri
2709 1467 3047 1539 contingere.
3097 1467 3188 1522 Ait
3233 1467 3376 1524 enim
3424 1467 3551 1523 lex:

1983 1566 2004 1604 ι
2035 1549 2246 1616 Muller,
2283 1552 2327 1608 si
2360 1551 2491 1609 ﬂuat
2519 1553 2663 1609 ﬂuxu
2686 1554 2964 1627 sanguinis
2996 1556 3176 1627 plures
3201 1555 3336 1619 dies,
3365 1569 3554 1611 omnes

1979 1645 2098 1703 dies
2126 1644 2316 1704 ﬂuoris
2345 1648 2741 1707 immunditiis:
2775 1650 2957 1720 omnis
2990 1659 3218 1722 tangens
3263 1663 3406 1714 eant,
3446 1648 3555 1703 im-

1980 1739 2215 1796 mundus
2233 1739 2334 1798 eril
2368 1741 2436 1796 “.
2460 1759 2478 1792 ι
2507 1739 2693 1812 itaque
2720 1739 3174 1798 incontaminatos
3200 1739 3365 1811 pedes
3392 1737 3558 1794 attin-

1979 1846 2106 1904 gere
2131 1831 2326 1899 verita,
2361 1842 2416 1888 et
2445 1833 2607 1890 simul
2637 1840 2696 1889 ut
2724 1831 2926 1890 celaret
2966 1847 3086 1903 qua:
3118 1830 3328 1901 pudica:
3355 1830 3553 1886 mulie-

1982 1937 2072 1980 res
2101 1923 2406 1995 patefacere
2443 1924 2794 1993 erubescunt.
2845 1925 3078 1980 salutem
3126 1921 3383 1981 suﬂurari
3418 1935 3552 1980 con-

1980 2016 2186 2074 stituit.

2057 2133 2078 2170 ι
2117 2115 2187 2172 Et
2216 2118 2482 2175 accedens
2529 2127 2679 2172 retro
2726 2114 2902 2190 tetigit
2943 2113 3212 2172 ﬁmbriam
3246 2111 3550 2170 vestimenti

1978 2206 2130 2281 eius;
2163 2219 2216 2267 et
2242 2209 2530 2267 confestim
2564 2209 2717 2266 stetit
2742 2207 2920 2266 ﬂuxus
2951 2206 3235 2280 sanguinis
3261 2207 3401 2278 ejus.
3436 2224 3456 2258 ι
3504 2203 3552 2262 ο

1980 2316 2097 2366 rem
2123 2299 2543 2358 admirandam!
2596 2316 2798 2358 novum
2828 2300 3075 2356 miraculi
3109 2314 3278 2373 genus
3307 2309 3391 2355 est
3424 2298 3549 2361 hoc.

1977 2393 2118 2466 quod
2171 2393 2432 2450 Dominus
2479 2393 2734 2457 ostendit.
2785 2406 2964 2461 neque
3008 2402 3265 2464 cgrotam
3303 2400 3548 2462 tangens,

1975 2501 2152 2561 neque
2177 2487 2343 2543 verbo
2372 2487 2624 2543 morbum
2654 2484 2951 2556 expellens.
2981 2485 3077 2542 seri
3123 2483 3549 2541 misericordium

1978 2580 2084 2636 lide
2099 2579 2414 2646 dimetiens;
2437 2577 2672 2635 accessit
2691 2591 2816 2635 cum
2849 2576 2953 2632 ﬂde
2974 2575 3199 2642 mulier;
3222 2575 3335 2647 ϐο
3353 2583 3408 2630 et
3425 2586 3552 2645 spes

1975 2672 2123 2731 illam
2181 2685 2282 2728 sua
2331 2668 2586 2726 frustrata
2620 2682 2728 2726 non
2760 2676 2868 2725 est.
2918 2666 3188 2736 Quantum
3224 2666 3426 2721 bonum
3469 2671 3551 2720 cst

1976 2763 2131 2829 rides,
2166 2775 2288 2833 qua
2315 2769 2610 2834 praeparat,
2641 2772 2700 2815 ut
2746 2758 2930 2815 divina
2976 2760 3149 2831 gratia
3186 2754 3240 2811 in
3289 2754 3447 2810 nobis
3476 2752 3551 2810 sit

1972 2853 2181 2918 clllcax,
2216 2850 2511 2909 dilildentia
2551 2866 2682 2907 vero
2708 2851 2987 2906 damnosa.
3033 2846 3170 2905 Nam
3203 2855 3260 2905 et
3291 2845 3337 2900 si
3366 2844 3550 2918 puris-

1973 2947 2126 3004 sima:
2159 2948 2359 3002 tunicae
2391 2943 2736 3002 sanctissima
2765 2940 2977 2999 iimbrin
3009 2955 3162 2998 sacra
3179 2949 3319 3004 erat,
3349 2949 3408 2993 ut
3427 2951 3550 3008 quas

1974 3039 2070 3095 Del
2102 3051 2320 3094 carnem
2346 3035 2712 3109 contingebat,
2745 3043 2924 3091 tamen
2957 3031 3088 3089 iides
3133 3028 3378 3086 mulieris
3403 3029 3550 3086 illius

305 3121 625 3193 απτόμενον.
655 3123 775 3181 ἀλλ’
809 3125 844 3196 ἠ
875 3125 975 3194 τῆς
1003 3129 1268 3197 γυναικὸς
1301 3130 1482 3196 πίστις
1495 3131 1756 3202 πρόξενος
1779 3129 1872 3203 τῆς

1983 3131 2108 3187 doni
2146 3127 2488 3188 conciliatrix
2534 3126 2657 3184 iuit.
2706 3125 3028 3198 Tetigernnt
3058 3122 3203 3181 enim
3233 3123 3430 3178 milites
3457 3136 3550 3178 re-

307 3215 520 3287 χάριτος
545 3217 793 3289 γέγονεν.
819 3217 1074 3292 Ἥψαντο
1102 3220 1210 3296 γὰρ
1228 3221 1338 3277 τῶν
1375 3221 1609 3292 ίματίων
1633 3224 1682 3278 oi
1705 3239 1874 3297 στρα-

310 3309 643 3366 τιῶταικατά
653 3311 750 3366 τὸν
763 3310 861 3368 τοῦ
877 3312 1086 3379 πάθους
1105 3314 1298 3389 καιρὸν
1318 3315 1414 3371 τὸν
1432 3315 1752 3389 ίουδαϊσμδν
1772 3317 1874 3374 a6-

300 3403 408 3460 τῶν
435 3404 949 3478 κληροποιούμενοι,
973 3407 1090 3463 ἀλλ’
1123 3406 1224 3464 οὐκ
1250 3407 1511 3480 όνήσιμος
1540 3408 1574 3481 ὴ
1598 3411 1873 3484 πρόσαψις

291 3497 542 3566 γίγονεν.
583 3495 1111 3570 Ἐξιταστικώτερον
1155 3497 1214 3556 δέ
1241 3498 1272 3554 ό
1302 3499 1450 3570 ἱερὸς
1482 3499 1713 3573 Μάρκος
1767 3504 1872 3559 an.

287 3589 711 3661 εξηγησάμενος
733 3588 793 3644 τὺ
811 3589 1087 3662 διήγημαο
1112 3609 1132 3646 ι
1147 3588 1347 3661 Ἔγνω,
1361 3593 1514 3664 φησὶ,
1535 3593 1614 3666 τῷ
1632 3592 1870 3664 σώματι,

285 3683 376 3737 ὅτι
411 3680 538 3755 ἰάθη
567 3681 672 3736 ἀπὸ
693 3679 795 3754 τῆς
823 3681 1110 3754 μάστιγος.
1155 3699 1177 3735 ι
1202 3682 1270 3736 Τί
1312 3681 1474 3737 τοῦτο
1512 3683 1735 3756 δηλῶν;
1779 3685 1868 3752 Ὠς

284 3775 349 3832 αί
376 3773 479 3831 τοῦ
534 3772 784 3847 σώματος
840 3771 1138 3842 κακώσεις,
1173 3768 1264 3830 οἷά
1292 3789 1441 3840 τινες
1479 3776 1767 3848 μάστιγες,
1795 3775 1874 3843 ὡς

285 3869 504 3925 ἐπίπαν
528 3865 827 3938 ἐπάγονται
849 3869 976 3930 ταῖς
1013 3867 1386 3932 άτακτούσαις
1414 3865 1636 3941 ψυχαῖς.
1660 3867 1789 3926 ὀτι
1813 3869 1873 3925 δέ

285 3961 473 4020 ταῦτα
531 3959 730 4034 ἀληθῆ,
786 3961 817 4016 ό
867 3959 1027 4030 λόγος
1072 3958 1239 4026 δείξει
1266 3961 1653 4034 ἀμογητί·τῷ
1671 3978 1735 4017 τε
1763 3963 1875 4034 γάρ

289 4055 693 4129 θεραπευθόντι
747 4055 810 4111 ἐν
854 4054 923 4126 τῇ
983 4052 1341 4126 πενταρίθμῳ
1381 4053 1476 4109 τοῦ
1521 4053 1874 4126 Σολομῶντος

291 4149 450 4220 στοᾷ,
478 4145 623 4202 οὕτω
656 4146 822 4219 φησὶν
853 4146 884 4200 6
913 4144 1152 4218 Χριστός
1175 4161 1192 4179 ’
1231 4163 1252 4198 ι
1294 4145 1402 4200 Ἴδε
1427 4144 1589 4216 ύγιὴς
1619 4146 1871 4214 γέγονας,

294 4241 502 4314 μηκέτι
530 4240 834 4313 ἁμάρτανε,
857 4239 948 4294 ἴνα
979 4239 1053 4311 μή
1074 4255 1127 4293 τι
1148 4238 1335 4311 χεῖρον
1363 4239 1444 4303 είς
1468 4237 1528 4292 σέ
1551 4237 1804 4310 γίνηται.
1845 4255 1868 4292 ι

292 4335 407 4390 Καὶ
435 4335 548 4397 τοῖς
584 4331 960 4405 κεχραμμίνῳ
985 4329 1252 4385 συνειδότι
1281 4329 1597 4404 δεχομένοις
1627 4331 1698 4384 τὰ
1712 4329 1868 4401 ἅγια,

1973 3220 2228 3278 stimeuta
2267 3218 2482 3278 Domini
2517 3227 2760 3291 tempore
2785 3213 3086 3283 Passionis,
3134 3228 3200 3272 ea
3226 3213 3419 3270 sortito
3445 3211 3549 3267 tri-

1973 3313 2220 3381 buentes,
2248 3314 2342 3371 sed
2371 3312 2509 3370 nihil
2531 3310 2653 3369 illos
2674 3309 2816 3381 iuvit
2848 3316 3132 3366 contactus
3152 3322 3362 3363 eorum.
3403 3303 3546 3364 San-

1971 3416 2095 3465 ctus
2156 3421 2286 3464 vero
2338 3403 2556 3464 Marcus
2623 3402 2992 3461 narrationem
3054 3401 3197 3458 lianc
3242 3399 3548 3456 accuratius

1969 3511 2282 3569 exponens:
2320 3514 2341 3552 ι
2389 3496 2595 3561 Sensit.
2648 3494 2846 3567 inquit,
2892 3507 3144 3562 corpore,
3191 3490 3318 3560 quia
3352 3497 3546 3547 sanata

1973 3599 2115 3648 esset
2147 3605 2178 3648 a
2202 3590 2356 3663 plaga
2383 3590 2467 3643 ιδ’.
2503 3606 2523 3642 ι
2572 3587 2713 3657 Quid
2744 3589 2828 3644 his
2863 3587 3042 3643 verbis
3071 3581 3384 3656 signiﬁcat?
3420 3596 3547 3638 cor-

1976 3683 2122 3754 poris
2143 3681 2394 3738 nimirum
2418 3679 2797 3738 aﬂlictationes
2817 3689 2875 3736 et
2903 3677 3118 3734 morbos
3143 3673 3298 3746 quasi
3322 3672 3546 3731 verbera

1973 3774 2242 3846 quaedam,
2281 3783 2338 3830 et
2366 3772 2553 3845 plagas
2583 3771 2903 3842 plerumque
2943 3766 3316 3835 intemperatis
3350 3764 3548 3821 animis

1973 3867 2165 3924 incuti.
2206 3866 2334 3922 Haec
2373 3875 2552 3921 autem
2581 3877 2710 3919 vera
2741 3876 2862 3918 esse
2892 3859 3052 3916 facile
3079 3857 3329 3914 ostendet
3372 3855 3548 3911 oratio

1972 3967 2198 4026 nostra;
2227 3972 2350 4014 nam
2373 3956 2430 4014 et
2457 3955 2532 4012 illi
2559 3956 2652 4027 qui
2686 3956 2739 4011 in
2767 3955 3006 4025 quinque
3037 3948 3344 4008 Salomonis
3372 3946 3547 4019 porti-

1972 4051 2128 4109 cibus
2160 4057 2382 4108 curatus
2411 4057 2513 4117 est,
2545 4049 2620 4105 ita
2649 4045 2903 4105 Christus
2942 4044 3156 4114 intluit:
3193 4060 3212 4095 ι
3275 4041 3412 4098 Ecce
3457 4054 3551 4098 sa-

1971 4161 2078 4205 nus
2099 4143 2519 4216 iactus_es,]am
2571 4141 2680 4199 noli
2735 4152 2983 4210 peccare.
3040 4151 3109 4194 ne
3162 4133 3398 4192 deterius
3447 4132 3545 4189 t'rbi

1973 4237 2178 4311 aliquid
2205 4208 2482 4306 coittingat
2511 4235 2577 4290 ⁸³.
2606 4253 2628 4287 a
2661 4208 3057 4304 Et'Apostolus
3088 4228 3178 4294 iis,
3207 4226 3296 4298 qui
3331 4226 3542 4293 impura

1971 4329 2303 4388 conscientia
2331 4337 2520 4385 sancta
2546 4326 2876 4382 sumebant:
2911 4339 2932 4376 ι
2998 4321 3149 4387 ideo,
3210 4319 3402 4388 inquit,
3459 4319 3544 4373 in-

295 4429 463 4499 φησὶν
507 4427 538 4481 6
570 4425 898 4489 ’Δπόστολος
920 4442 936 4458 ⁶
980 4424 1082 4480 Διὰ
1138 4421 1299 4478 τοῦτο
1367 4425 1427 4478 ἐν
1491 4425 1626 4496 ὑμῖν
1683 4422 1872 4479 πολλοὶ

1975 4432 2060 4480 ter
2092 4437 2191 4480 vos
2233 4420 2385 4478 multi
2442 4418 2665 4486 inﬂrmi,
2721 4427 2778 4475 et
2807 4413 3125 4473 imbecilles.
3179 4420 3237 4468 et
3266 4409 3545 4466 dormiunt

293 4521 566 4584 ἀσθενεῖς,
598 4520 694 4574 καὶ
721 4519 1016 4593 άρῤωστοι,
1041 4517 1137 4572 καὶ
1165 4515 1470 4588 κοιμῶνται
1500 4516 1702 4572 ἱκανοί.
1735 4533 1757 4569 s

368 4632 390 4667 s
435 4614 551 4669 Kal.
608 4608 764 4667 εἶπεν
778 4610 1019 4684 Ἰησοῦς·
1049 4609 1147 4675 Τίς
1183 4626 1288 4683 μου
1331 4611 1536 4682 ἡψατος
1568 4608 1868 4682 ’Δρνουμάο

295 4723 405 4760 νων
431 4703 493 4759 δέ
549 4704 790 4770 πάντων,
817 4699 974 4758 εἶπεν
992 4704 1022 4757 6
1069 4703 1303 4776 Πέτρος,
1328 4702 1426 4756 xui.
1457 4703 1508 4756 oi
1539 4702 1638 4756 σὺν
1668 4698 1824 4771 αὑτῷ
1849 4715 1866 4734 ι

293 4799 618 4863 Ἐπιστάτα,
654 4796 705 4850 oi
737 4793 886 4868 δχλοι
910 4795 1196 4869 συνέχουσι
1228 4812 1311 4859 σε,
1367 4794 1461 4850 καὶ
1485 4791 1865 4858 άποθλίδουσι,

293 4889 388 4945 καὶ
408 4887 624 4958 λέγεις’
658 4885 756 4952 Τίς
812 4904 918 4960 μου
946 4886 1163 4959 ἧψατος
1196 4903 1216 4938 s
1250 4886 1367 4940 οὐκ
1417 4883 1577 4940 ἐλαθε
1601 4882 1696 4939 τὸν
1731 4899 1871 4956 καρ-

291 4982 409 5045 δίας
437 4981 536 5036 mi.
563 4979 796 5050 νεφροὺς
818 4978 1194 5050 ἐμδατεύοντα
1215 4979 1249 5049 ἠ
1280 4979 1380 5048 τῆς
1408 4975 1669 5046 γυναικὸς
1709 4973 1872 5029 ἐπαι-

294 5073 533 5146 νουμένη
596 5070 797 5142 κλοπὴ,
846 5069 973 5126 οὕτε
1030 5070 1138 5144 μὴν
1183 5069 1452 5125 καλύπτει
1481 5067 1690 5142 ταύτην
1716 5067 1868 5141 σιγῇ.

368 5231 412 5264 ⁵³
452 5229 622 5286 Marc.
665 5245 718 5290 ν,
757 5227 851 5284 28.
927 5229 972 5260 ⁸³
1010 5225 1200 5284 Matth.
1240 5242 1331 5292 xv.
1368 5225 1463 5282 22.

298 5316 349 5372 ν,
387 5301 479 5356 ιι.
553 5301 598 5334 ⁸⁸
638 5299 661 5355 l
696 5297 825 5355 Cor.
864 5313 945 5364 xl,
980 5297 1072 5356 30.
1114 5299 1156 5333 “
1197 5294 1340 5356 Psai.
1383 5311 1482 5366 νιι,
1521 5295 1611 5353 i0.

1974 4515 2130 4574 multi
2155 4515 2220 4570 “.
2257 4533 2278 4569 a

2050 4625 2072 4661 ε
2118 4606 2188 4665 Ει
2215 4607 2293 4664 ait
2317 4604 2496 4672 Jesus.
2522 4605 2643 4678 quis
2663 4612 2767 4671 est,
2797 4603 2891 4677 qui
2921 4618 3008 4660 me
3041 4602 3259 4674 tetigit?
3285 4600 3547 4672 Neganti-

1975 4701 2078 4758 bus
2105 4708 2287 4756 autem
2325 4701 2602 4767 omnibus,
2646 4699 2783 4755 dixit
2827 4696 3044 4764 Petrus,
3091 4707 3147 4754 et
3175 4695 3413 4769 quicum
3455 4693 3548 4748 illo

1973 4800 2128 4848 erant
2157 4807 2175 4846 :
2225 4789 2552 4859 Praeceptor,
2584 4791 2753 4846 turbae
2795 4798 2852 4846 te
2900 4789 3288 4858 comprimunt,
3319 4793 3376 4840 et
3406 4783 3547 4840 allii-

1975 4892 2134 4955 gunt,
2160 4888 2218 4938 et
2249 4882 2384 4938 dicis
2419 4899 2435 4937 :
2465 4880 2600 4949 Quis
2628 4896 2716 4938 me
2743 4880 2962 4951 tetigit?
2991 4898 3011 4932 s
3052 4877 3168 4934 Non
3210 4877 3364 4932 latuit
3394 4889 3541 4941 eum,

1975 4973 2070 5043 qui
2095 4968 2262 5028 corda
2297 4979 2352 5026 et
2377 4987 2535 5027 renes
2563 4978 2843 5027 scrutatur
2875 4970 2946 5034 ι’,
2982 4965 3258 5024 laudabile
3305 4963 3548 5022 mulieris

1979 5064 2207 5134 furtum.
2258 5078 2434 5138 neque
2488 5073 2668 5121 tamen
2701 5062 2756 5118 id
2792 5059 3010 5120 silentio
3056 5059 3221 5116 celat.
3274 5055 3414 5127 Quid
3461 5063 3547 5112 est

1557 5225 1604 5259 ¹⁸
1642 5223 1778 5282 Luc.
1818 5240 1939 5294 xm,
1978 5224 2063 5280 il.
2141 5223 2188 5258 “
2224 5222 2396 5279 Levit.
2439 5236 2531 5292 xv,
2568 5218 2659 5277 35.
2736 5218 2805 5253 “‘
2843 5216 3009 5276 Marc.
3045 5232 3096 5283 ν,
3136 5215 3229 5274 29.
3307 5215 3352 5248 "
3382 5213 3541 5273 Joan.

1518 5412 1840 5480 Francisci
1876 5411 2088 5479 ScOrsi
2132 5420 2320 5477 norm.

364 5517 481 5589 ('18)
520 5515 761 5584 Copiast:
785 5517 1035 5575 mercedis
1083 5518 1219 5575 loco.
1263 5517 1362 5589 Et,
1387 5517 1719 5589 haecctiam
1769 5518 1858 5589 pia

297 5605 459 5684 Ἧιὶὲ
501 5591 1306 5684 ξῗᾶἓὲἳέἓᾷδεῗίθὲῊὲ,391
1334 5588 1476 5684 Ψξὲ
1481 5588 1680 5684 “¹Ἁ1.,ξ.ί
1687 5588 1854 5684 δῙΪιἯ

301 5657 463 5715 credo
507 5659 722 5714 inscitia
756 5660 956 5714 inserta
1006 5657 1308 5717 deformata
1345 5667 1488 5714 erat.
1535 5658 1674 5727 Quid
1707 5659 1853 5715 enim

301 5730 397 5787 sibi
438 5729 626 5801 νυιιιιιι
667 5732 780 5801 itare
819 5728 895 5794 ὼς
932 5727 1143 5801 ἀνδρῶν
1175 5728 1320 5801 μάλα
1352 5727 1546 5801 μισθδν
1580 5730 1681 5800 τὴν
1712 5729 1854 5801 πίων

303 5800 626 5871 κομίζουσα,
647 5797 805 5868 ﬁdem
834 5801 1004 5868 {suns
1031 5795 1104 5854 ἰιι
1122 5795 1647 5870 pr‘etiurn’ltomimmt'
1675 5798 1848 5860 valda.

1966 5513 2276 5586 Legendum
2309 5514 2490 5586 itaque
2537 5515 2720 5586 ἁνδροὶ
2751 5528 2850 5586 pro
2878 5512 3091 5586 ἀνδρῷν
3112 5527 3186 5586 ex
3222 5512 3344 5566 cod.
3377 5511 3446 5569 Ο.
3477 5522 3537 5570 et

1969 5580 2191 5657 quidem
2214 5587 2278 5657 τὸ
2301 5580 2446 5657 μάλα
2469 5597 2618 5657 recte
2636 5580 2944 5657 appositum
2968 5580 3234 5657 stbdbpbir
3252 5597 3536 5656 perperam

1966 5653 2047 5728 τῶ
2066 5653 2612 5728 ἀνδρῷνζβοιιιοιιιὶε
2639 5653 2762 5713 vero
2783 5653 3020 5712 auctoris
3049 5653 3104 5710 id
3132 5653 3317 5724 aperte
3343 5653 3530 5724 pastu.

1963 5723 2060 5796 lat,
2084 5723 2230 5800 quod
2261 5725 2549 5785 edidimus.
