4064 6290
251 373 358 436 369

1622 374 1952 436 HOMILIA
1993 377 2147 439 XVI.

3402 374 3511 439 37o

251 490 524 561 ἁμαρτίας
543 491 610 563 τῇ
636 490 816 563 ρἀδῳ
839 491 940 562 τῆς
956 489 1172 554 ἐλπίδος
1195 491 1614 562 ἐπερειδόμενος
1650 507 1820 557 προσ-

1937 490 2184 546 laudabili
2216 507 2338 547 cum
2366 492 2616 557 audacia,
2650 502 2706 545 ut
2728 468 2950 562 quidam
2969 511 3030 548 ex
3059 493 3310 571 Patribus
3333 491 3512 561 loqui-

248 582 441 653 εὐχετο
473 583 593 653 μετ’
633 582 1041 654 ἐπαινουμένης
1094 582 1398 647 ἀναιδείας,
1460 583 1700 654 πατρική
1739 599 1824 646 τις

247 672 366 730 εἷπε
398 675 569 746 φωνή.
615 676 786 746 Ἐστη
823 671 918 729 οὖν
947 675 1135 746 τηλόθι
1185 674 1528 746 δακρυχέων,
1565 675 1659 728 καὶ
1692 675 1818 742 στὴ-
1850 684 1857 689 ·

249 768 346 823 θεα
380 769 535 838 χερσὶ
573 769 912 834 πατάσσων,
949 768 1085 840 ὡςή
1119 765 1408 838 θεολογική
1461 765 1642 838 μοῦσά
1665 784 1819 837 φησι.

248 861 345 915 Διά
376 860 429 914 τί
455 861 510 914 δὲ
543 861 617 931 μὴ
657 860 757 931 τὴν
791 861 1039 932 κεφαλὴν
1081 860 1332 926 ἔτυπτεν,
1362 860 1397 932 ἢ
1435 859 1502 914 τὰ
1525 860 1751 930 γόνατα,
1789 861 1822 932 ἦ

247 952 374 1007 ἄλλο
406 951 570 1023 μέρος
618 950 712 1005 τοῦ
762 950 1041 1025 σώματος,
1071 951 1210 1007 ἀλλὰ
1246 951 1308 1006 τὸ
1344 951 1542 1024 στῆθος
1581 952 1824 1008 ἐπάτασ-

249 1059 371 1110 σεν;
1244 1078 1248 1083 -

320 1155 340 1188 ι
389 1137 630 1190 Ἐτυπτε
663 1135 795 1208 γάρ,
821 1136 1007 1209 φησὶν,
1036 1138 1116 1200 είς
1137 1139 1198 1193 τὸ
1220 1138 1418 1211 στῆθος
1439 1137 1606 1193 αὐτοῦ
1627 1138 1823 1208 λέγων·

260 1224 318 1280 ’0
356 1225 512 1292 Θεὸς,
541 1227 790 1299 ἱλάσθητί
821 1247 913 1299 μοι
973 1228 1053 1301 τῷ
1080 1231 1415 1302 ἁμαρτωλῷ.
1461 1250 1482 1286 ι
1516 1230 1738 1302 Ἐπειδὴ
1761 1231 1827 1287 ἑκ

246 1318 344 1384 τῆς
369 1319 601 1389 καρδίας
639 1322 686 1374 oi
724 1321 1000 1393 λογισμοὶ,
1031 1323 1079 1376 oi
1121 1323 1262 1394 πρὸς
1316 1322 1633 1390 πλεονεξίαν
1662 1322 1827 1378 αὐτὸν

244 1411 630 1483 διεγείροντος,
656 1414 750 1467 καὶ
760 1416 882 1479 ταῖς
920 1415 1078 1487 χερσὶ
1095 1416 1226 1487 πρὸς
1245 1415 1314 1470 τὰ
1331 1432 1468 1487 πονη
1476 1416 1546 1487 ρὰ
1559 1414 1829 1488 λήμματα

245 1500 550 1575 χρώμενος.
606 1505 673 1558 Ἦ
722 1506 781 1562 δὲ
831 1506 1033 1580 τοπικὴ
1059 1506 1159 1578 τῆς
1201 1507 1434 1579 καρδίας
1471 1507 1624 1572 θέσις
1654 1510 1715 1561 ὲν
1749 1507 1830 1578 τῷ

249 1595 433 1668 στήθει
470 1595 648 1660 ἐστὶν,
700 1599 927 1664 εἰκότως
955 1600 1148 1656 τύπτει
1199 1601 1258 1656 τὸ
1287 1602 1522 1674 πονηρὸν
1553 1601 1830 1672 ἐργαστή-

249 1702 362 1757 ριον
395 1689 591 1752 αὐταῖς
613 1691 735 1754 ταῖς
765 1691 980 1762 χεραὶν,
1009 1685 1098 1756 αἷς
1142 1691 1282 1764 πρὸς
1305 1692 1630 1759 πλεονεξίαν
1656 1693 1827 1766 ἔκρή⁴

247 1793 400 1833 σατο.

1930 593 2034 649 tur,
2071 585 2416 656 precabatur.
2457 583 2618 641 Stetit
2641 585 2807 656 igitur
2832 586 2991 655 longe
3014 585 3435 654 collacrvmans,
3458 591 3515 637 et

1931 678 2166 732 tondens
2212 686 2431 748 pectora
2484 677 2702 748 palmis,
2754 687 2817 734 ut
2870 677 2946 734 ait
2981 677 3287 751 theologica
3334 693 3513 736 musa.

1926 764 2107 832 Quare
2164 775 2345 821 autem
2396 781 2570 837 neque
2616 777 2799 837 caput,
2849 783 3024 839 neque
3073 785 3288 840 genua,
3341 784 3515 841 neque

1927 859 2090 914 aliam
2122 859 2368 930 corporis
2397 861 2737 932 partem,sed
2777 869 2968 931 pectus
2996 862 3242 932 pltisa‘mt
3275 865 3300 898 ν

2006 1148 2027 1183 ι
2060 1128 2426 1196 Percutiebat,
2459 1139 2657 1199 inquit,
2679 1137 2871 1200 pectus
2899 1143 3053 1184 suum
3091 1125 3316 1184 dicens;
3349 1128 3514 1191 Deus,

1927 1222 2200 1294 pr0pitins
2229 1232 2348 1280 esto
2387 1223 2522 1279 mihi
2550 1223 2851 1293 peccatori.
2898 1241 2918 1275 ι
2950 1219 3215 1277 Nimirum
3245 1237 3312 1278 ex
3345 1222 3516 1277 corde

1931 1317 2293 1388 cogitationes
2321 1317 2390 1372 ad
2438 1315 2722 1371 avaritiam
2769 1315 2946 1384 ipsum
2987 1314 3288 1370 excitantes
3323 1327 3520 1384 erupe-

1930 1420 2086 1476 rant;
2112 1418 2168 1465 et
2198 1408 2450 1466 manibus
2471 1407 2584 1482 99
2609 1408 2676 1462 ad
2710 1408 2940 1464 alienam
2986 1421 3103 1464 rem
3145 1405 3341 1478 injuste
3371 1403 3523 1459 acci-

1929 1500 2180 1572 piendam
2232 1500 2436 1556 abusus
2480 1497 2680 1556 fuerat.
2723 1497 2901 1555 Locus
2928 1497 3099 1564 enim,
3129 1497 3182 1552 in
3215 1511 3324 1568 quo
3353 1495 3521 1553 situm

1929 1600 2014 1649 est
2087 1606 2203 1658 cor,
2272 1600 2465 1664 pectus
2517 1600 2623 1648 est.
2682 1589 2873 1647 Merito
2934 1589 3099 1662 igitur
3159 1587 3522 1659 improbitatis

1927 1684 2200 1742 omcinam
2248 1684 2502 1742 manibus
2537 1684 2729 1741 iisdem
2765 1684 3047 1750 verberat,
3087 1695 3210 1753 qua:
3238 1683 3306 1737 ad
3341 1679 3524 1736 avari-

1938 1775 2067 1832 tiam
2099 1775 2317 1834 fuerant
2347 1774 2646 1833 famulata.

321 1893 341 1926 ε
388 1873 452 1929 '0
501 1872 660 1941 Θεὸς,
714 1875 968 1948 ἱλάσθητί
1025 1894 1117 1951 μοι
1169 1878 1250 1950 τῷ
1299 1875 1632 1951 ἁμαρτωλῷ.
1675 1896 1696 1931 ι
1748 1877 1826 1934 οο

1974 1888 1977 1890 ·
2013 1887 2033 1920 ι
2072 1866 2242 1934 Deus,
2265 1865 2533 1939 propitius
2557 1874 2676 1923 esto
2692 1865 2823 1923 mihi
2852 1865 3147 1938 peccaturi.
3175 1885 3194 1918 ι
3220 1864 3335 1921 Non
3367 1865 3521 1934 petit,

245 1966 603 2038 δικαιωθῆναι
637 1968 823 2039 ζητεῖ,
867 1969 987 2043 ᾔδει
1015 1970 1126 2043 γάρ
1179 1971 1372 2025 ἑαυτὸν
1404 1971 1624 2038 ἀνάξιον
1666 1970 1828 2026 τοῦτο

245 2057 452 2126 λαϐεῖν,
513 2061 630 2114 ἀλλ’
677 2061 840 2116 ῐλεων
884 2063 1036 2135 αὒτῷ
1079 2063 1340 2133 γενέσθαι
1382 2064 1700 2138 παρακαλεῖ
1732 2065 1828 2119 τὸν

245 2151 378 2205 Θεέν
405 2167 420 2182 ·
469 2155 568 2207 καὶ
603 2154 665 2207 τὸ
691 2152 947 2209 ἐντεῦθεν
975 2157 1038 2209 τὸ
1068 2159 1302 2229 πρᾶγμα
1337 2158 1706 2227 ἀνέστραπτο.
1767 2157 1827 2212 '0

247 2241 346 2312 μὲν
385 2243 500 2314 γὰρ
541 2243 842 2314 Φαρισαῖος
874 2239 966 2298 οἷα
993 2245 1211 2319 δένδρον
1259 2247 1448 2319 κομῶν
1476 2247 1556 2319 τῷ
1600 2247 1826 2320 καρπῷ,

244 2331 341 2403 τῆς
368 2332 481 2387 τῶν
502 2335 738 2388 ἐντολῶν
756 2336 1031 2408 φυλακῆς,
1053 2337 1314 2410 ἐξαίφνης
1332 2339 1407 2404 ὡς
1431 2341 1536 2394 ὑπ’)
1569 2341 1828 2410 ῥαγδαίου

245 2425 587 2497 πνεύματος,
624 2424 702 2498 τῷ
767 2427 869 2498 τῆς
923 2429 1230 2496 κενοδοξίας
1264 2433 1450 2503 ἀνέμῳ
1485 2432 1827 2501 ὲκτιναχθεὶς

245 2517 435 2591 ὠράθη
485 2520 738 2591 γυμνὸς,
807 2519 886 2585 ὡς
932 2521 1249 2592 τερέϐινθος
1299 2523 1716 2591 ἀποϐεϐληκυῖα
1761 2523 1832 2577 τὰ

244 2610 439 2679 φύλλα,
484 2611 549 2666 τὸ
579 2613 678 2666 τοῦ
725 2613 954 2666 Ἠσαῖου
981 2617 1180 2669 εἰπεῖν.
1217 2614 1280 2669 '0
1309 2615 1365 2669 δὲ
1393 2614 1830 2687 πεφορτισμένος

243 2703 341 2775 τῆς
379 2705 760 2779 φιλαργυρίας
805 2706 899 2760 τὸν
949 2707 1222 2780 μόλιδδον,
1257 2710 1339 2764 ἑνὶ
1377 2709 1521 2780 λόγῳ
1578 2711 1824 2780 νουνεχεϊ

244 2797 338 2850 καὶ
359 2799 609 2870 σχήματι
636 2799 882 2870 ταπεινῷ
936 2801 997 2854 τὺ
1030 2799 1196 2872 βάρος
1226 2801 1336 2855 τῶν
1361 2802 1550 2856 κακῶν
1574 2803 1830 2856 ἀποτίθε-

245 2903 352 2941 ται.
387 2887 634 2957 Ἰλιγγιῶ
664 2888 1039 2960 λογιζόμενος,
1077 2891 1194 2956 πῶς
1226 2893 1253 2944 6
1282 2891 1518 2954 δείλαιος
1537 2891 1830 2962 Φαρισαῖος

247 2980 427 3052 φέρων
453 2982 560 3052 τὴν
595 2982 792 3036 ἑαυτοῦ
825 2982 1006 3055 ψυχὴν
1027 3023 1046 3051 ,
1088 2983 1345 3054 καθάπερ
1381 2983 1585 3038 ὁλκάδα
1619 2984 1832 3055 μυρίων

245 3068 570 3141 πλήθουσαν
605 3073 911 3142 ἀγωγίμων
932 3115 947 3136 ,
995 3074 1078 3138 είς
1117 3075 1210 3128 τὸν
1245 3074 1443 3145 λιμένα
1476 3075 1646 3128 αὐτοῦ
1680 3075 1830 3147 ἱεροῦ

246 3161 569 3232 πεφθακὼς,
613 3165 849 3218 καὶτῶν
887 3165 984 3220 τοῦ
1027 3166 1148 3230 νοὶις
1179 3167 1467 3238 ,πηδαλίων
1507 3167 1826 3238 ἠμεληκὼς,

246 3255 442 3320 ἀθλίως
487 3255 652 3329 ὤφθη
694 3259 1090 3331 νεναυαγηκὼς
1123 3276 1136 3290 ·
1164 3261 1253 3315 διὰ
1283 3259 1374 3328 τί;
1431 3277 1451 3311 ι
1484 3261 1609 3315 Ὅτι
1655 3262 1763 3326 πᾶς
1802 3262 1832 3315 6

248 3348 394 3419 ὑψῶν
421 3350 628 3403 ἑαυτὸν
652 3351 1156 3424 ταπεινωθήσεται,
1193 3353 1290 3408 καὶ
1315 3355 1344 3407 6
1378 3354 1654 3408 ταπεινῶν
1696 3355 1827 3408 ἑαυο

244 3439 333 3493 τὸν
370 3442 754 3514 ὑψωθήσεται.
792 3461 813 3496 ι
861 3446 1024 3498 Δοκεῖ
1066 3462 1160 3514 μοι
1206 3445 1448 3501 ἐνταῦθα
1500 3448 1832 3520 ὑπογραφὴν

246 3549 364 3588 τινα
410 3535 694 3589 ποιεῖσθαι
731 3538 761 3591 ό
799 3536 1008 3606 Κύριος
1053 3540 1152 3607 τῆς
1190 3539 1422 3612 οἰήσεως
1490 3541 1703 3613 καὶτῆς
1731 3559 1832 3597 τα-

249 3624 565 3690 πεινώσεως
597 3642 614 3657 ο
662 3628 756 3680 καὶ
807 3628 952 3698 τάχα
993 3645 1078 3691 τις
1123 3630 1190 3682 ὲκ
1249 3628 1460 3682 τούτων
1504 3629 1834 3701 ὁρμώμενος

249 3718 430 3773 ἄνοδον
452 3720 550 3774 ἐπὶ
583 3721 652 3774 τὰ
681 3719 836 3774 κάτω
861 3720 962 3792 τὴν
991 3718 1304 3786 κενοδοξίαν
1335 3722 1606 3793 ὁρίσαιτο.
1661 3721 1834 3775 Τοῦτο

249 3811 352 3883 γὰρ
401 3813 499 3867 καὶ
557 3812 777 3885 ἱστορία
825 3813 1041 3868 παλαιά
1097 3814 1451 3885 συμϐολικῶς
1507 3813 1830 3889 ὑπῃνίξατο.

260 3905 524 3976 ’Δσειρὼν
554 3907 668 3977 γὰρ
693 3909 789 3960 καὶ
819 3906 1004 3961 Δαθὰν
1039 3907 1179 3980 ὑπὲρ
1220 3908 1351 3972 τοὺς
1394 3908 1591 3971 ἄλλους
1623 3911 1833 3974 πάντας

249 3999 475 4065 ἑαυτοὺς
529 3999 774 4072 ἄραντες
826 3999 1192 4067 ἀλαζονικῶς,
1246 4002 1340 4054 καὶ
1399 4005 1496 4069 τῆς
1551 4003 1834 4075 ἱεροσὺνης

251 4091 384 4158 σφᾶς
418 4090 610 4156 ἀξίους
639 4094 927 4163 κρίναντες
960 4091 1202 4162 ἰταμῶς,
1238 4093 1337 4161 τῆς
1371 4092 1475 4162 γῆς
1502 4091 1833 4164 διασχούσης

251 4182 556 4236 κατέδυσαν
587 4184 648 4238 ὲν
671 4182 749 4253 τῷ
775 4183 1052 4255 χάσματι,
1077 4183 1174 4237 καὶ
1198 4181 1507 4253 ὑψωθέντες
1525 4185 1594 4255 τῇ
1623 4183 1834 4254 διανοίᾳ

251 4275 722 4348 ἐταπεινώθησαν.
750 4277 896 4348 Πρὸς
922 4276 1096 4331 ταῦτα
1127 4277 1486 4343 σκοποῦντες,
1526 4277 1831 4347 ἀγαπητοὶ,

254 4367 571 4440 μετριάζειν
621 4366 1078 4438 ὲκπαιδευθῶμεν
1099 4407 1114 4432 ,
1145 4367 1242 4421 καὶ
1271 4368 1348 4438 μὴ
1369 4365 1583 4435 ἀλόγως
1611 4367 1836 4438 ἐπαίρε-

254 4457 376 4513 σθαι
400 4473 420 4492 ⁶
459 4460 538 4532 μὴ
566 4459 614 4515 δ’
648 4460 813 4531 εἴπερ
844 4461 979 4531 ἡμῖν
1006 4476 1062 4512 τι
1093 4457 1203 4513 τῶν
1238 4457 1433 4523 δεξιῶν
1466 4456 1836 4530 κεκατώρθω·

1937 1970 1996 2018 ιιι
2022 1961 2393 2034 iustificetur;
2437 1960 2654 2018 videbat
2682 1961 2827 2016 enim
2859 1975 2919 2016 se
2950 1959 3258 2031 indignum,
3297 1959 3390 2028 qui
3421 1958 3525 2015 hoc

1937 2056 2282 2123 impetraret;
2312 2053 2407 2110 sed
2441 2051 2606 2108 Deum
2643 2053 2932 2124 propitium
2964 2053 3065 2108 sibi
3096 2067 3215 2110 esse
3242 2061 3518 2120 precatur.

1939 2148 2120 2218 Atque
2176 2147 2371 2203 exinde
2421 2147 2475 2202 in
2538 2148 2873 2202 contrarium
2930 2162 3104 2202 versze
3154 2159 3279 2202 sunt
3336 2159 3523 2201 rerum

1935 2242 2106 2297 vices.
2156 2240 2371 2296 Etenim
2420 2239 2732 2296 Pharisteus
2777 2240 2934 2312 quasi
2983 2241 3152 2296 arbor
3200 2239 3523 2310 superbiens

1938 2331 2154 2400 fructu,
2206 2330 2568 2386 observantia!
2619 2343 3013 2403 praeceptorum
3070 2341 3290 2404 repente
3347 2332 3523 2389 inanis

1938 2422 2124 2495 gloriae
2153 2431 2335 2486 vento,
2361 2431 2419 2478 ut
2449 2437 2479 2480 a
2503 2423 2694 2493 spiritu
2720 2422 2963 2480 violento
2992 2437 3313 2489 concussus,
3343 2423 3522 2478 nudus

1937 2515 2220 2582 apparuit,
2263 2525 2320 2572 et
2373 2516 2525 2583 quasi
2577 2515 2936 2581 terebinthus,
2969 2516 3193 2585 abiectis
3243 2514 3412 2583 foliis,
3462 2525 3523 2570 ut

1938 2604 2069 2661 illud
2113 2606 2266 2662 Isaiae
2315 2622 2574 2678 usurpem
2618 2608 2686 2663 ⁸³.
2721 2605 2821 2664 llic
2868 2618 3049 2664 autem
3095 2609 3337 2663 avaritiae
3366 2608 3520 2678 quasi

1938 2699 2158 2770 plumbo
2209 2710 2600 2771 praegravatus,
2648 2715 2754 2755 uno
2785 2700 2954 2755 verbo
2985 2701 3258 2770 sapienter
3284 2700 3523 2773 prolato,

1937 2791 2232 2863 habituque
2291 2791 2572 2860 demisso,
2634 2806 2777 2847 onus
2840 2793 3090 2864 deposuit
3151 2802 3534 2863 peccatorum.

1936 2883 2211 2938 Attonitus
2256 2881 2472 2949 haereo,
2515 2898 2636 2936 cum
2668 2883 2928 2953 recogito,
2954 2898 3063 2953 quo
3119 2894 3278 2953 pacto
3337 2881 3520 2938 infelix

1936 2977 2244 3032 Pharisaeus
2294 2976 2534 3030 animam
2582 2991 2734 3031 suam
2782 2976 2938 3047 quasi
2988 2977 3168 3032 navim
3212 2977 3520 3032 onerariam

1938 3067 2213 3122 sexcentis
2242 3068 2494 3124 refertam
2526 3067 2799 3124 mercibus
2827 3069 3050 3132 vehens,
3079 3078 3133 3121 et
3163 3080 3319 3138 portu
3353 3067 3518 3123 etiam

1943 3162 2060 3233 ipse
2110 3161 2294 3230 templi
2345 3170 2529 3229 capto,
2589 3161 2790 3216 mentis
2838 3160 3083 3232 neglecto
3131 3160 3512 3233 gubernaculo.

1940 3253 2322 3310 miserabiliter
2365 3253 2702 3323 naufragium
2747 3251 2929 3308 facere
2975 3254 3122 3310 visus
3165 3263 3272 3308 est.
3314 3253 3520 3320 Quam.

1937 3347 2164 3402 obremi
2191 3365 2209 3399 ι
2233 3345 2367 3414 Quia
2393 3347 2570 3402 omnis
2591 3346 2681 3413 qui
2712 3359 2772 3400 se
2797 3343 3000 3400 etaltat
3031 3342 3438 3413 bumiliabitur;
3465 3355 3522 3402 et

1939 3441 2031 3509 qui
2073 3453 2132 3496 se
2179 3440 2468 3506 humiliat,
2525 3439 2876 3496 exaltabitur.
2935 3457 2956 3491 ι
3001 3438 3100 3494 llic
3134 3438 3262 3494 mihi
3307 3438 3523 3495 videtur

1939 3528 2357 3598 descriptionem
2393 3531 2680 3599 quamdam
2715 3529 2896 3586 facere
2945 3530 3202 3585 Dominus
3256 3529 3523 3600 superbia:

1943 3627 1997 3673 et
2028 3619 2370 3675 humilitatis.
2406 3621 2475 3675 Et
2508 3620 2739 3676 fortasse
2771 3619 3040 3690 quispiam
3086 3621 3171 3676 bis
3209 3621 3392 3676 verbis
3418 3621 3520 3676 im-

1941 3710 2126 3781 pulsus
2175 3711 2393 3766 inanem
2441 3710 2688 3782 gloriam,
2736 3713 3101 3768 reversionem
3151 3712 3216 3768 ad
3266 3711 3520 3769 inferiora

1941 3818 2061 3859 esse
2088 3805 2376 3859 deﬁnierit.
2413 3803 2526 3860 Hoc
2551 3804 2696 3860 enim
2735 3805 2900 3862 etiam
2934 3817 3091 3862 vetus
3117 3804 3343 3862 historia
3373 3821 3524 3878 symo

1938 3897 2117 3954 bolice
2145 3897 2386 3953 involvit.
2416 3898 2620 3954 Διιίι·οιι
2655 3899 2797 3954 enim
2833 3907 2888 3954 et
2951 3900 3158 3954 Dathan
3201 3909 3524 3970 arroganter

1941 4005 2001 4046 se
2028 4004 2191 4060 supra
2219 3989 2357 4045 alios
2378 3990 2691 4056 efferentes,
2713 4001 2769 4046 et
2799 3992 3105 4047 sacerdotio
3133 3993 3321 4063 dignos
3344 4008 3400 4047 se
3428 4007 3524 4063 per

1943 4081 2338 4150 impudentiam
2362 4080 2715 4147 arbitrantes,
2737 4080 3058 4137 dehiscente
3079 4093 3222 4137 terra
3245 4083 3296 4137 in
3317 4081 3522 4138 hiatum

1943 4175 2252 4240 subierunt,
2297 4184 2354 4230 et
2415 4177 2508 4244 qui
2569 4187 2665 4229 sua
2724 4175 3057 4246 cogitatione
3104 4175 3229 4232 elati
3284 4175 3522 4236 fuerant.

1942 4266 2185 4337 depressi
2216 4276 2368 4322 sunt.
2395 4266 2511 4324 Huc
2533 4267 2775 4322 animum
2805 4267 3167 4338 advertentes,
3193 4268 3523 4339 ebarissimi,

1941 4362 2237 4420 doceamur
2264 4363 2508 4420 modeste
2538 4379 2636 4420 nos
2657 4378 2869 4435 gerere,
2902 4379 3081 4434 neque
3113 4380 3272 4436 supra
3304 4364 3523 4421 modum

1941 4455 2226 4511 extollere.
2261 4453 2450 4526 Neque
2485 4454 2532 4510 si
2570 4455 2698 4527 quid
2743 4465 2890 4511 recte
2923 4467 3135 4528 gestum
3170 4472 3200 4510 a
3230 4455 3386 4511 nobis
3417 4465 3522 4524 est,

251 4571 377 4620 ται,
411 4553 505 4609 διὰ
533 4552 700 4608 τοῦτο
746 4552 1090 4626 ὑπερφέρειν
1129 4553 1238 4606 τῶν
1279 4551 1457 4608 ἄλλων
1499 4550 1830 4625 νομίζωμεν.

1945 4546 2152 4605 idcirco
2181 4548 2550 4618 praferendos
2573 4563 2674 4604 nos
2700 4548 2825 4603 aliis
2848 4547 3240 4605 existimemus.
3271 4549 3376 4605 Sed
3396 4565 3523 4606 cum

263 4645 420 4701 Ἀλλά
455 4644 854 4718 κατορθοῦντες
885 4644 1115 4716 ψάλλειν
1157 4643 1503 4717 διδαχθῶμεν
1542 4644 1685 4716 μετά
1734 4645 1829 4701 τοῦ

254 4737 412 4792 Δαδίδ
439 4753 454 4770 ο
494 4757 514 4791 ι
553 4739 648 4811 Μὴ
685 4740 842 4810 ἡμῖν,
874 4737 1076 4810 Κύριε,
1109 4739 1191 4809 μὴ
1223 4738 1382 4809 ἡμῖν,
1407 4736 1524 4793 ἀλλ’
1552 4737 1612 4791 ἐν
1639 4735 1833 4802 σοὶδὸς

253 4824 377 4896 ἡμῖν
430 4826 831 4897 ἑγκαυῃίσθαι.
895 4845 914 4879 ι
960 4826 1122 4899 Παρὰ
1177 4844 1274 4881 σου
1314 4827 1422 4898 γάρ
1479 4844 1498 4878 ι
1538 4827 1566 4880 6
1609 4825 1832 4891 ἔπαινος

254 4918 404 4986 ἡμῶν
449 4920 508 4974 ἐν
537 4919 810 4993 ικκλησίᾳ
846 4919 1090 4994 μεγάλῃ,
1129 4938 1151 4974 ι
1185 4920 1282 4975 τοῦ
1314 4919 1602 4990 μέλλοντος
1627 4920 1830 4994 δηλαδὴ

255 5009 462 5076 αίῶνος.
491 5012 740 5083 Ἀληθῶς
755 5016 865 5085 γάρ
885 5033 904 5065 ι
945 5011 1193 5085 Καρδίαν
1235 5013 1711 5084 συντετριμμένην
1735 5013 1832 5069 καὶ

255 5110 729 5175 τεταπεινωμένην
747 5106 777 5160 ό
809 5104 944 5169 Θεὸς
973 5105 1076 5160 οὐκ
1099 5104 1474 5170 ὲξουδενώσει,
1497 5124 1518 5157 ι
1546 5106 1662 5160 ἀλλ’
1685 5124 1704 5157 ι
1739 5107 1832 5162 Ἐν

256 5198 317 5266 τῇ
336 5200 663 5252 ταπεινώσει
691 5199 938 5270 ἐμνήσθη
957 5197 1114 5270 ἡμῶν
1129 5200 1159 5252 ό
1192 5199 1419 5270 Κύριος.
1457 5217 1477 5253 ι
1512 5200 1756 5254 ’Δστεϊον
1773 5200 1832 5254 δὲ

257 5289 469 5344 κὶκεῖνο
511 5289 911 5360 προσειρῆσθαι
969 5290 1063 5342 καὶ
1111 5291 1325 5361 χαρίεν,
1392 5289 1468 5353 ὡς
1503 5289 1555 5343 oi
1593 5291 1835 5361 γεωργοὶ

257 5380 375 5441 τοὺς
427 5381 528 5451 μὲν
605 5382 758 5436 κάτω
825 5382 1148 5446 νενευκότας
1207 5381 1320 5436 τῶν
1373 5383 1664 5454 ἀσταχύων
1736 5386 1833 5439 καὶ

262 5467 536 5541 βρίθοντας
570 5474 742 5527 πολὺν
772 5472 865 5527 τὸν
895 5475 1112 5545 καρπὸν
1147 5476 1346 5547 φέρειν
1385 5474 1783 5546 τεκμαίρονται
1812 5494 1828 5509 ·

261 5560 380 5625 τοὺς
417 5563 472 5616 δὲ
532 5563 749 5635 ὀρθίους
822 5563 917 5619 καὶ
974 5564 1275 5636 ἀνεμώδεις
1313 5605 1330 5630 ,
1394 5565 1664 5630 ἀλαζόνας
1735 5568 1830 5622 καὶ

264 5653 444 5716 κενοὺς
504 5655 859 5726 ὀνομάζουσι.
929 5656 1039 5710 Καὶ
1093 5655 1206 5711 τῶν
1255 5653 1566 5726 ἀνθρώπων
1617 5657 1669 5710 oi
1731 5656 1833 5726 μὲν

333 5832 378 5869 ⁸³
413 5832 517 5892 lsa.
559 5851 638 5907 νι,
679 5835 736 5893 5.

1939 4639 2147 4710 aliquid
2188 4639 2327 4696 bene
2372 4650 2428 4696 et
2467 4655 2536 4697 ex
2579 4638 2783 4695 virtute
2826 4649 3004 4695 actum
3041 4655 3070 4692 a
3102 4640 3257 4696 nobis
3284 4638 3408 4708 erit,
3435 4655 3525 4696 as-

1938 4746 2256 4789 suescamus
2277 4746 2472 4787 canere
2501 4746 2624 4786 cum
2652 4731 2854 4787 David:
2879 4751 2898 4784 ι
2933 4730 3048 4785 Non
3073 4731 3250 4799 nobis,
3274 4730 3522 4798 Domine,

1939 4841 2048 4884 non
2082 4826 2256 4892 nobis,
2295 4825 2388 4881 sed
2419 4825 2625 4882 nomini
2675 4834 2767 4880 tuo
2817 4825 2881 4880 da
2933 4826 3157 4892 gloriam
3192 4823 3282 4894 “;
3324 4843 3343 4878 ι
3384 4829 3524 4898 apud

1940 4928 1992 4973 te
2024 4916 2168 4972 enim
2195 4956 2212 4983 ,
2238 4934 2256 4969 ι
2282 4916 2425 4973 Laus
2447 4927 2633 4971 nostra
2660 4916 2715 4973 in
2732 4916 2967 4973 ecclesia
2993 4931 3184 4988 magna
3205 4917 3279 4984 ⁸³,
3317 4938 3336 4971 ι
3357 4918 3522 4974 futuri

1941 5007 2154 5064 scilicet
2206 5007 2409 5063 saeculi.
2463 5005 2606 5064 Vere
2679 5009 2823 5063 enim
2885 5026 2906 5060 ι
2966 5007 3071 5064 Cor
3123 5009 3415 5063 contritum
3469 5017 3525 5064 et

1944 5099 2286 5156 bumiliatum
2331 5114 2440 5156 non
2477 5100 2739 5171 despiciet
2776 5098 2920 5156 Deus
2951 5099 3033 5167 ⁸⁴;
3065 5101 3159 5154 sed
3199 5119 3216 5152 ι
3248 5102 3308 5154 lu
3343 5100 3522 5154 humi-

1942 5193 2096 5249 litate
2130 5193 2393 5248 Dominus
2423 5207 2632 5247 metnor
2681 5191 2784 5246 fuit
2833 5194 3004 5246 nostri
3051 5193 3124 5248 ".
3161 5212 3177 5243 ι
3213 5193 3520 5249 Iucundum

1942 5298 2108 5356 porro
2134 5284 2260 5349 erit,
2290 5293 2346 5339 et
2373 5281 2504 5338 illud
2541 5281 2704 5338 dictis
2731 5282 3052 5353 adjungere,
3093 5283 3237 5352 quod
3273 5285 3523 5353 agricola:

1939 5391 2078 5449 quas
2105 5376 2284 5447 spicas
2304 5390 2416 5446 prae
2437 5390 2603 5432 onere
2632 5375 2871 5431 viderint
2895 5387 3180 5447 vergentes
3205 5378 3258 5432 in
3296 5388 3518 5444 terram,

1939 5471 2164 5527 uberem
2215 5468 2454 5524 fructum
2505 5467 2763 5525 allaturas
2817 5484 2940 5525 esse
2991 5471 3324 5538 conjiciunt;
3383 5484 3519 5539 quas

1941 5577 2072 5618 vero
2113 5569 2294 5617 rectas
2323 5568 2471 5617 stare
2502 5575 2565 5616 ac
2601 5560 2760 5632 100
2789 5561 2966 5618 ventis
2998 5560 3281 5625 obnoxias,
3330 5573 3518 5629 super-

1940 5655 2036 5712 bas
2066 5662 2120 5709 et
2172 5653 2365 5709 inanes
2412 5662 2625 5708 vocant.
2661 5651 2754 5709 Sic
2796 5663 2849 5708 et
2888 5653 3166 5708 hominum
3203 5652 3523 5725 quicunque

850 5837 897 5871 “
936 5837 1079 5896 Psal.
1120 5854 1279 5908 eam,
1325 5839 1374 5895 ί.
1451 5839 1498 5872 ⁸⁵
1536 5838 1681 5898 Psal.
1723 5854 1840 5908 nt,
1873 5836 1967 5895 26.
2042 5838 2090 5873 ⁸⁸
2130 5837 2275 5898 Psal.
2315 5856 2370 5911 ι,
2413 5838 2502 5898 l9.
2580 5838 2627 5874 ’τ
2662 5835 2812 5895 Psal.
2850 5850 3054 5903 eam,
3092 5837 3193 5897 9.7.
