4064 6290
476 337 587 400 383

1664 326 2154 392 ΤΙΙΕΟΡΗᾹΝΙΞ
2189 327 2530 387 CERAMEI

3627 322 3743 387 384

471 448 571 503 riis
603 443 843 516 pra-lecti
874 453 1004 501 sunt
1046 444 1194 500 vitiis
1226 443 1341 517 (95)
1377 461 1394 498 :
1430 448 1489 497 ut
1546 442 1684 498 alius
1718 438 1936 509 quidem
1977 437 2048 494 sit

2154 439 2444 500 συνέσεως,
2487 435 2581 489 καὶ
2638 435 2739 489 ὅσα
2795 437 2824 490 ὁ
2881 434 3054 506 μέγας
3088 430 3312 489 Ἠσαίας
3380 433 3740 503 ἠρίθμησεν,

467 538 680 594 damon
730 538 849 604 ire,
896 536 1035 592 alius
1098 536 1279 592 inanis
1339 534 1544 607 gloriae,
1592 533 1733 589 alius
1783 530 2047 598 avaritiae,

468 630 608 685 alius
659 629 903 693 invidiae,
954 636 1007 684 et
1039 628 1181 684 alius
1215 629 1306 683 alii
1366 628 1570 700 praesit,
1601 627 1727 683 odio
1777 624 2051 695 intempe-

469 720 683 785 rantizr,
712 720 933 791 probro,
961 721 1197 789 pigritiae
1229 740 1244 775 :
1270 729 1319 774 et
1363 719 1573 789 singula
1604 719 1734 774 vitia
1766 728 2047 792 auctorem

468 812 773 880 proprium,
808 822 863 866 et
902 811 1267 879 perniciosum
1320 810 1628 864 hominibus
1672 809 2046 864 consiliarium

469 913 628 956 nacta
660 905 799 969 sint;
848 903 919 957 ita
954 902 1192 963 utrives
1220 902 1477 958 dicantur
1523 902 1831 973 hujusmodi
1882 903 2048 957 animi

470 994 937 1062 perturbationum
1011 993 1350 1049 conditores.
1440 992 1578 1048 Cum
1632 993 1798 1064 igitur
1855 992 2050 1048 audias

470 1085 842 1139 lascivientem
874 1084 1022 1139 illum
1070 1085 1468 1140 adolescentem
1504 1086 1593 1138 uni
1626 1084 1826 1139 civium
1865 1084 2050 1139 adlim-

468 1179 628 1239 siSse.
680 1177 781 1231 hoc
835 1179 1134 1247 signiﬁcari
1178 1180 1347 1244 scias,
1376 1178 1521 1249 quod
1561 1179 1723 1235 unius
1758 1192 1828 1233 ex
1881 1177 2049 1246 vitiis,

471 1271 537 1321 ad
573 1286 693 1339 qua:
728 1271 1000 1327 daemones
1030 1273 1311 1345 instigant,
1349 1287 1566 1339 servus,
1608 1288 1673 1328 ac
1715 1273 2049 1345 mancipium

469 1360 649 1418 factus
702 1365 792 1418 sit.
854 1362 913 1419 Si
966 1380 1098 1421 vero
1146 1368 1313 1420 etiam
1366 1367 1433 1421 de
1482 1366 1702 1422 civitate
1752 1367 2051 1421 sciscitaris

469 1453 627 1521 cujus
657 1463 795 1521 erat,
823 1465 1002 1511 custos
1026 1464 1080 1512 et
1111 1472 1311 1526 prteses
1329 1458 1421 1527 qui
1451 1458 1810 1515 adolescentis
1830 1474 2047 1530 operam

470 1559 663 1614 porcos
692 1548 949 1617 pascendi
980 1550 1266 1615 conduxit,
1296 1550 1513 1606 docebit
1539 1561 1589 1607 te
1624 1550 1896 1619 Psalmus,
1926 1568 2047 1607 cum

471 1637 744 1693 civitatem
804 1650 965 1695 vocat
1022 1642 1286 1697 malarum
1347 1642 1695 1700 ail‘ectionum
1755 1647 2049 1701 contuber-

471 1730 643 1785 nium.
694 1748 717 1785 ι
750 1729 872 1788 Vidi
957 1734 1300 1804 iniquitatem
1347 1746 1404 1793 et
1453 1737 1943 1794 contradictionem
1995 1740 2048 1793 in

470 1822 714 1891 civitate,
739 1835 795 1880 et
823 1823 977 1881 labor
1007 1825 1061 1881 in
1103 1826 1283 1883 medio
1315 1826 1520 1897 ejus,et
1550 1826 1839 1896 iniustitia,
1866 1836 1921 1883 et
1949 1829 2051 1883 iui-

469 1917 677 1984 quitas,
711 1924 765 1971 et
787 1930 977 1982 usura,
1005 1926 1061 1971 et
1090 1916 1249 1974 dolus
1283 1919 1336 1973 in
1371 1917 1570 1989 plateis
1607 1924 1852 1977 eorum'.
1892 1940 1910 1975 ι
1945 1921 2048 1988 Qui

472 2004 640 2076 igitur
673 2007 813 2061 hanc
838 2008 1115 2064 civitatem
1153 2009 1406 2073 habebat,
1446 2011 1629 2066 emisit
1673 2013 1944 2070 hominem
1995 2015 2049 2071 in

471 2099 655 2153 villam
704 2113 855 2153 suam
918 2108 978 2154 ut
1058 2110 1304 2170 pasceret
1360 2117 1575 2171 porcos.
1641 2102 1897 2160 Fortasse
1956 2123 2054 2176 per

475 2203 676 2260 porcos
714 2191 1092 2247 abominanda
1136 2200 1190 2247 et
1247 2193 1447 2248 rabida:
1484 2193 1712 2250 luxuriae
1742 2198 1927 2263 passio
1962 2198 2047 2253 in-

473 2283 669 2336 nuitur
700 2298 715 2337 :
745 2284 798 2336 in
826 2297 932 2353 qua
962 2297 1251 2351 porcorum
1281 2299 1431 2341 more
1447 2285 1777 2354 volutantur,
1805 2291 1897 2359 qui
1926 2291 2053 2347 huic

472 2389 674 2440 spurco
706 2377 933 2432 ἀρηιοηί
962 2384 1173 2448 parent.
1213 2376 1384 2450 Hujus
1430 2394 1559 2436 vero
1588 2382 1762 2450 turpis
1792 2382 2052 2440 dtemonis

472 2479 636 2534 agros
684 2465 928 2537 intellige
980 2468 1229 2524 homines
1276 2469 1463 2526 carnis
1512 2485 1622 2527 sua:
1654 2480 1948 2535 amatores.
1998 2481 2053 2530 et

472 2558 843 2629 voluptatibus
875 2560 1108 2616 deditos.
1143 2558 1357 2630 Optime
1385 2577 1551 2630 porro
1594 2562 1828 2620 lascivia:
1858 2565 2048 2619 vitium

472 2650 831 2707 similitudine
871 2667 1161 2721 porcorum
1202 2654 1567 2711 adumbravit.
1604 2654 1865 2727 Voluptas
1903 2660 2049 2713 enim

472 2743 646 2799 velut’i
683 2744 881 2801 circa-.0
927 2746 980 2800 in
1022 2747 1218 2815 poculo
1256 2747 1493 2803 miscens
1545 2750 1818 2818 potionem
1872 2766 2048 2818 suam,

473 2845 531 2889 et
559 2835 853 2890 stultorum
883 2828 1118 2892 mentem
1148 2838 1215 2894 ad
1274 2839 1439 2894 vitam
1483 2841 1715 2897 similem
1767 2843 1890 2898 vitae
1926 2859 2054 2915 por-

473 2940 663 2981 corum
697 2926 1008 2995 traducens,
1040 2944 1135 2985 eos
1180 2930 1235 2985 in
1268 2932 1589 2989 servitutem
1640 2934 1834 3005 redigit
1869 2949 2049 2991 suam.

475 3014 543 3072 Et
571 3018 729 3072 sicuti
760 3033 1043 3089 porcorum
1071 3021 1211 3077 oculi
1239 3023 1305 3077 ad
1334 3022 1440 3079 ima
1467 3034 1658 3095 suapte
1696 3035 1887 3081 natura
1920 3042 2050 3083 con-

2149 525 2324 590 οὕτως
2356 530 2405 580 oi
2430 524 2526 579 τοῦ
2558 524 2696 579 Θεοῦ
2730 523 3019 579 ἀντίπαλοι
3051 525 3163 587 τοῖς
3200 522 3464 584 ἐναντίοις
3492 524 3744 593 retaxa-

2149 638 2259 681 ται,
2290 618 2367 684 ὡς
2395 618 2558 674 ἀλλον
2587 618 2688 691 μὲν
2716 614 2861 672 εἶναι
2888 618 2981 671 τὸν
3006 617 3236 688 δαίμονα
3265 616 3360 669 τοῦ
3401 616 3605 686 θυμοῦ,
3641 618 3744 671 ἀλ-

2148 713 2241 768 λον
2276 715 2333 767 δὲ
2384 712 2489 783 τῆς
2550 711 2877 783 φιλοδοξίας,
2938 711 3125 780 ἕτερον
3177 709 3279 779 τῆς
3331 708 3745 781 φιλαργυρίας,

2149 806 2244 859 καὶ
2270 806 2430 860 ἄλλον
2460 803 2555 859 τοῦ
2592 805 2816 873 φθόνου,
2842 806 2938 857 καὶ
2991 802 3151 856 ἄλλον
3169 801 3353 866 ἄλλου,
3399 803 3492 855 τοῦ
3536 804 3745 873 μίσους

2148 900 2251 967 τῆς
2277 897 2593 961 ἀκολασίας,
2622 888 2722 967 τῆς
2769 896 3005 966 ῦὸρεως,
3051 894 3154 965 τῆς
3203 895 3455 966 ἀκηδίας,
3491 895 3593 948 καὶ
3630 895 3748 946 τῶν

2150 992 2340 1046 παθῶν
2373 991 2601 1045 ἕκαστον
2648 988 2949 1061 ὲφευρετὴν
2982 988 3115 1042 ἴδιον
3166 989 3431 1059 κέκτηκε,
3484 988 3581 1041 καὶ
3624 988 3748 1049 τοῖς

2151 1083 2462 1156 ἀνθρώποις
2523 1081 2829 1151 σύμὸου).ον
2881 1080 3139 1152 πονηρὸν,
3192 1080 3266 1143 ὼς
3308 1079 3533 1141 πολίτας
3569 1079 3747 1145 λέγε-

2151 1176 2276 1229 σθαι
2339 1176 2451 1229 τῶν
2507 1174 2701 1229 παθῶν
2735 1175 2861 1239 τοὺς
2890 1173 3096 1228 τούτων
3134 1172 3525 1243 δημιουργούς.
3562 1172 3751 1225 Ὅταν

2152 1268 2247 1322 οῦν
2305 1267 2567 1341 ἀκούσῃς,
2602 1266 2677 1331 ὡς
2708 1267 3123 1337 ἀποσκιρτήσας
3169 1267 3378 1323 ἐκεῖνος
3427 1268 3455 1318 ὁ
3484 1264 3612 1326 νέος
3655 1265 3749 1317 ἑνὶ

2149 1362 2416 1434 ἐκολλήθη
2455 1366 2563 1415 τῶν
2603 1359 2860 1425 πολιτῶν,
2883 1359 3046 1413 τοῦτο
3073 1356 3367 1429 δηλοῦσθαι
3415 1356 3749 1425 κατάμαθε,

2146 1456 2223 1520 ὡς
2248 1457 2329 1509 ἑνὶ
2361 1456 2470 1507 τῶν
2500 1452 2871 1523 δαιμονιωδῶν
2895 1452 3084 1507 παθῶν
3117 1451 3322 1522 λάτρης
3386 1451 3480 1503 καὶ
3512 1448 3751 1518 ὑποχεί-

2152 1567 2266 1622 ριος
2294 1550 2536 1618 γέγονεν.
2569 1548 2633 1601 Ei
2656 1547 2713 1599 δὲ
2754 1548 2849 1600 καὶ
2876 1545 2973 1615 τὴν
3004 1544 3161 1598 πόλιν
3194 1543 3379 1613 ζητεῖς
3423 1542 3652 1614 μαθεῖν,
3677 1536 3752 1611 ἧς

2148 1642 2439 1713 πολιοῦχος
2481 1637 2550 1713 ἧν
2586 1642 2615 1694 ὁ
2652 1639 3076 1710 μισθωσάμενος
3111 1637 3206 1691 τδν
3254 1637 3376 1692 νέον
3408 1635 3746 1697 συοσωτεῖν,

2150 1733 2354 1799 διδάξει
2395 1750 2452 1785 σε
2486 1734 2515 1784 ὁ
2547 1730 2790 1802 eanec,
2828 1733 2926 1797 τὴν
2972 1731 3128 1785 πόλιν
3172 1730 3345 1798 λέγων
3392 1730 3618 1799 ἐκείνην
3642 1728 3751 1797 τὴν

2151 1824 2217 1879 ὲκ
2268 1825 2378 1877 τῶν
2434 1823 2690 1895 πονηρῶν
2768 1824 3227 1895 ἐπιτηδευμάτων
3288 1820 3744 1892 συνῳκισμένην.

2155 1938 2174 1970 t
2213 1913 2371 1973 Εἶδον
2433 1916 2665 1987 ἀνομίαν
2718 1918 2780 1971 ἐν
2828 1918 2896 1987 τῇ
2930 1916 3083 1969 πόλει
3145 1916 3239 1970 καὶ
3264 1914 3608 1981 ἀντιλογίαν,
3650 1912 3751 1965 καὶ

2149 2011 2351 2077 ἀνομία
2400 2011 2498 2064 καὶ
2527 2012 2698 2075 κόπος
2740 2012 2801 2064 ὲν
2850 2012 3005 2081 μέσῳ
3052 2009 3245 2077 αὐτῆς,
3274 2009 3368 2062 καὶ
3397 2006 3609 2067 ἀδικία,
3644 2006 3748 2058 καὶ

2148 2101 2334 2165 τόκος,
2375 2103 2469 2155 καὶ
2507 2100 2659 2163 δόλος
2727 2102 2786 2153 ὲν
2847 2102 2972 2164 ταῖς
3030 2099 3319 2162 πλατείαις
3379 2098 3575 2167 αὐτῆς.
3614 2116 3635 2147 ι
3686 2094 3748 2150 ⁸0

2149 2194 2283 2265 γοῦν
2303 2194 2402 2264 τὴν
2430 2195 2691 2262 τοιαύτην
2736 2192 2893 2245 πόλιν
2937 2191 3106 2244 οἰκῶν
3158 2189 3408 2259 ἐπεμψεν
3457 2187 3629 2241 αὐτὸν
3660 2186 3746 2243 εἰς

2149 2290 2242 2346 τὸν
2266 2291 2437 2361 ἀγρὸν
2463 2288 2628 2342 αὐτοῦ
2657 2288 2875 2358 βόσκειν
2904 2288 3147 2357 χοίρους.
3180 2286 3337 2357 Τάχα
3370 2284 3459 2339 διὰ
3485 2284 3601 2337 τῶν
3625 2283 3747 2354 χοί-

2152 2400 2264 2456 ρων
2288 2382 2353 2435 τδ
2383 2381 2483 2451 τῆς
2521 2380 2786 2452 βδελυρᾶς
2814 2382 2910 2433 καὶ
2946 2378 3257 2441 λυσσώδους
3295 2376 3601 2439 ἀκολασίας
3632 2375 3745 2428 πά-

2152 2474 2245 2538 θος
2273 2474 2517 2546 ᾐνίξατο,
2543 2467 2587 2541 ᾧ
2620 2473 2875 2543 χοιρηδὸν
2898 2470 3342 2539 ἐγκαλινδοῦνται
3373 2470 3423 2522 oi
3449 2467 3528 2537 τῷ
3550 2465 3743 2537 μιαρῷ

2150 2566 2463 2638 πειθόμενοι
2517 2565 2755 2634 δαίμονι.
2800 2564 3035 2634 Ἀγροῦς
3083 2564 3137 2617 δὲ
3168 2564 3386 2633 νοήσεις
3416 2560 3511 2613 τοῦ
3550 2559 3744 2629 βδελυ-

2153 2658 2248 2730 ροῦ
2278 2658 2468 2713 τούτου
2499 2657 2755 2727 δαίμονος
2785 2655 2916 2717 τοὺς
2943 2655 3331 2726 φιλοσάρκους,
3357 2653 3456 2706 καὶ
3507 2650 3744 2723 φιληδό-

2151 2769 2299 2816 νους.
2342 2750 2581 2823 Ἀριστα
2604 2749 2664 2804 δὲ
2693 2749 2754 2803 τὸ
2784 2748 2883 2818 τῆς
2908 2747 3209 2810 ἀκολασίας
3253 2745 3429 2811 πάθος
3462 2745 3583 2807 τοῖς
3623 2742 3742 2811 χοί-

2152 2861 2268 2914 ροις
2295 2842 2632 2913 παρείκασεν
2659 2854 2673 2871 °
2701 2838 2860 2910 ἡγὰρ
2880 2838 3041 2908 ἡδονὴ
3065 2838 3319 2907 καθάπερ
3345 2834 3586 2904 κιρκαίῳ
3610 2848 3744 2902 κρα-

2150 2935 2283 3006 τῆρι
2318 2932 2413 2987 τὸν
2472 2930 2672 2988 ἑαυτοῦ
2703 2930 2959 2985 κυκεῶνα
3000 2932 3304 3003 κεράπασα,
3336 2927 3433 2982 καὶ
3491 2927 3589 2980 τδν
3630 2926 3744 2980 τῶν

2150 3028 2409 3099 ἀφρόνων
2434 3024 2560 3081 νοῦν
2588 3024 2723 3097 πρὸς
2750 3024 2848 3092 τὴν
2873 3022 3108 3093 χοιρώδη
3128 3022 3273 3091 ζωὴν
3291 3038 3427 3091 μετα
3438 3020 3737 3091 μείῖουσα,

477 3109 618 3164 versi
651 3109 785 3166 nihil
818 3112 1242 3179 admirabilium,
1282 3113 1585 3170 ctelestium
1638 3131 1816 3172 rerum
1867 3116 2049 3188 perci-

2153 3123 2360 3191 λάτρας
2392 3118 2598 3189 ἑαυτῆς
2642 3118 2831 3187 τίθησι
2855 3134 2870 3149 ο
2909 3117 3004 3170 καὶ
3028 3114 3219 3185 ῶσπερ
3248 3115 3297 3168 οἱ
3328 3114 3437 3168 τῶν
3467 3114 3615 3166 συῶν
3642 3114 3743 3181 όφ-

476 3199 653 3269 plunt,
685 3201 757 3255 ita
790 3201 858 3256 ad
881 3202 997 3258 haec
1020 3204 1149 3259 vitia
1192 3202 1473 3261 detractus
1508 3206 1723 3263 animus
1755 3224 1938 3265 rerum
1967 3210 2052 3265 in-

477 3288 833 3362 telligibilium
866 3293 1318 3362 pulchritudinem
1368 3312 1473 3353 non
1522 3300 1708 3355 sentit.
1744 3298 1878 3357 Cum
1922 3317 2054 3358 vero

476 3386 659 3440 multa
686 3386 795 3441 sint
820 3386 981 3460 106
1000 3389 1301 3455 passiones,
1325 3403 1446 3459 qua:
1470 3391 1736 3448 rationem
1761 3392 2052 3450 humanam

477 3486 813 3547 oppugnant,
847 3478 1049 3532 nullam
1083 3478 1327 3548 proiecto
1360 3490 1566 3536 tantam
1598 3483 1705 3538 vim
1734 3484 1898 3542 habet
1925 3486 2048 3551 alia,

478 3576 537 3618 ut
567 3579 692 3620 cum
746 3568 847 3623 hoc
898 3568 1195 3638 voluptatis
1254 3572 1444 3627 tnorbo
1489 3574 1818 3643 sequiparari
1867 3586 2054 3647 queat.

481 3655 724 3713 Pecudes
754 3661 900 3713 enim
954 3674 1143 3715 revera
1195 3661 1446 3719 homines
1491 3663 1639 3729 facit,
1687 3681 1849 3721 suum
1883 3684 2053 3736 more,

476 3749 721 3807 faditate
768 3750 855 3805 illa
902 3752 1233 3823 gloriantes;
1305 3764 1366 3811 ut
1416 3756 1580 3812 etiam
1629 3760 1883 3816 sordibus
1923 3762 2055 3834 ipsis

484 3842 674 3897 satiari
702 3857 878 3915 usque
908 3845 1321 3917 concupiscant.

560 4141 582 4178 ο
622 4124 887 4197 Cupiebat
924 4129 1070 4186 enim
1102 4130 1338 4203 ,inquit,
1369 4135 1557 4192 satiari
1603 4147 1849 4194 ventrem
1900 4155 2057 4196 suum

484 4215 553 4271 de
602 4217 815 4289 siliquis
875 4234 1014 4290 quas
1058 4224 1210 4293 porci
1255 4226 1637 4296 cauaedebant,
1668 4243 1733 4285 ac
1778 4245 1939 4286 nemo
1980 4230 2061 4287 illi

2155 3212 2353 3284 θαλμοὶ
2375 3213 2456 3275 είς
2480 3210 2544 3265 τὸ
2568 3209 2722 3263 κάτω
2758 3208 2912 3279 παρά
2951 3206 3054 3277 τῆς
3088 3204 3306 3276 φύσεως
3362 3203 3739 3275 ἐστραμμένοι

2152 3305 2264 3361 τῶν
2288 3303 2556 3377 οὐρανίων
2607 3299 2906 3372 θαυμάτων
2943 3298 3191 3369 ἀπείρως
3220 3298 3463 3369 ἔχουσιν,
3499 3298 3675 3359 οὕτως
3707 3296 3740 3364 ή

2154 3402 2293 3471 πρὸς
2324 3400 2392 3453 τά
2414 3396 2561 3463 πάοη
2586 3393 3043 3450 κατασπασθείσα
3080 3392 3229 3465 ψυχὴ
3263 3393 3402 3464 πρὸς
3440 3393 3505 3444 τὸ
3548 3389 3741 3460 νοητὸν

2156 3492 2351 3555 κάλλος
2374 3490 2715 3559 ἀναισθητεῖ.
2750 3488 2968 3541 Πολλῶν
3002 3486 3061 3540 δὲ
3108 3488 3280 3540 ὄντων
3307 3483 3520 3549 παθῶν,
3547 3483 3584 3537 ἀ
3613 3482 3742 3543 τοὺς

2154 3583 2454 3654 λογισμοὺς
2479 3582 2590 3636 τῶν
2631 3580 2940 3652 ἀνθρώπων
2984 3578 3445 3648 καταγωνίζεται,
3482 3574 3740 3645 οὐδεμίαν

2156 3677 2279 3732 καθ’
2315 3676 2474 3747 ἡμῶν
2531 3675 2687 3745 ίσχὺν
2734 3673 2924 3742 ἕτερον
2984 3673 3153 3737 πάθος
3200 3672 3437 3743 Exn,th
3470 3673 3612 3741 πρὸς
3646 3669 3740 3740 τὴν

2154 3769 2311 3825 νόσον
2338 3768 2441 3837 τῆς
2474 3765 2667 3837 ἡδονῆς
2700 3764 3071 3830 ὲξισάζεσθαι.
3104 3763 3441 3834 Βοσκήματα
3466 3763 3580 3834 γάρ
3610 3763 3742 3832 ἀληο

2156 3860 2265 3925 θῶς
2311 3859 2440 3921 τοὺς
2495 3854 2825 3927 ἀνθρώπους
2868 3857 3021 3909 ποιεῖ
3076 3857 3146 3926 τῇ
3181 3853 3377 3925 ἀτιμίᾳ
3408 3854 3571 3923 δίκην
3596 3853 3741 3907 συῶν

2156 3947 2637 4019 ικπομπεύοντας,
2680 3945 2756 4010 ὡς
2792 3944 2881 4000 ἀεὶ
2942 3944 3234 4015 ἐπιθυμεῖν
3263 3944 3625 4017 κορέννυσθαι
3647 3942 3739 3996 τοῦ

2161 4043 2501 4117 μιάσματος.

2219 4154 2239 4189 t
2260 4133 2561 4205 Ἐπεθύμει
2588 4132 2722 4202 γὰρ,
2756 4130 2912 4201 φησὶ,
2939 4131 3172 4203 γεμίσαι
3205 4128 3305 4202 τὴν
3327 4129 3541 4184 κοιλίαν
3574 4126 3738 4184 αὑτοῦ

2158 4228 2269 4284 ἀπὸ
2300 4227 2411 4281 τῶν
2438 4226 2733 4298 κερατίων,
2763 4219 2839 4279 ὧν
2862 4225 3048 4294 ἢσθιον
3078 4224 3129 4277 oi
3182 4226 3380 4294 χοῖροι,
3430 4225 3525 4277 καὶ
3567 4222 3740 4285 οὐδεὶς

484 4310 710 4378 ιιοὺοιζδ
744 4309 838 4368 ille
887 4313 1051 4383 igitur
1076 4329 1145 4369 ex
1182 4323 1341 4372 atate
1370 4327 1424 4372 et
1453 4332 1617 4375 sensu
1660 4320 2061 4380 adolescentior

2162 4319 2336 4374 ἐδίδου
2359 4317 2531 4389 αὐτῷ.
2572 4335 2593 4370 t
2641 4316 2701 4371 '0
2736 4316 2835 4387 μὲν
2877 4314 2975 4370 οῦν
3007 4313 3278 4386 νεώτερος
3337 4313 3483 4367 κατά
3530 4313 3634 4385 τὴν
3660 4312 3741 4382 γέ·

483 4410 693 4456 tantum
716 4409 771 4459 et
802 4403 1011 4460 subulci
1055 4405 1360 4462 ministerio
1404 4406 1646 4467 lucratus
1687 4419 1794 4476 est,
1829 4422 1889 4467 ut
1920 4412 2058 4470 fame

2165 4428 2317 4465 vsctv
2368 4411 2465 4465 καὶ
2490 4409 2590 4480 τὴν
2623 4408 2889 4480 φρόνησιν
2943 4407 3200 4462 τοσοῦτον
3251 4405 3510 4462 ἀπώνατο
3555 4407 3623 4460 ἐκ
3650 4401 3738 4459 τοῦ

2238 4503 2303 4515 -.
2579 4501 2591 4515 .
2635 4500 2659 4515 Α
2808 4502 2831 4515 ..
2994 4500 3017 4515 .
3165 4498 3190 4515 η
3322 4511 3332 4515 -
3371 4498 3396 4511 ..
3430 4499 3449 4515 κ
3564 4498 3588 4511 -
3694 4495 3734 4515 κ..

484 4504 794 4564 augeretur,
825 4505 881 4551 et
914 4510 1200 4565 porcorum
1232 4500 1427 4569 pabulo
1452 4500 1656 4571 expleri
1696 4513 2039 4576 percupcret.

2164 4503 2422 4574 συϐώτης
2468 4500 2749 4571 γενέσθαι,
2805 4502 2931 4556 ὅσον
2986 4498 3256 4571 ἄγχεσθαι
3306 4498 3399 4553 τοῦ
3430 4498 3616 4568 λιμοῦ,
3650 4495 3740 4552 καὶ

484 4584 612 4641 Haec
643 4596 770 4642 sunt
807 4599 1107 4646 amatorum
1142 4591 1400 4663 nequitia!
1423 4596 1687 4663 praemia:
1724 4594 1878 4655 hisce
1906 4598 2063 4657 donis

2160 4595 2475 4667 ίμείρεσθαι
2544 4593 2646 4662 τῆς
2688 4592 2985 4664 χοιρώδους
3052 4592 3440 4664 ἐμπλησθῆναι
3491 4591 3726 4661 τροφῆς.

485 4687 848 4735 assectatores
877 4696 1007 4738 suos
1049 4692 1429 4739 remuneratur
1460 4684 1744 4757 voluptas;
1780 4690 1917 4747 tales
1960 4690 2063 4746 ho-

2157 4688 2401 4744 Τοιαῦτα
2427 4684 2537 4740 τῶν
2570 4686 2817 4759 ἐραστῶν
2844 4686 2941 4755 τῆς
2975 4684 3175 4748 κακίας
3204 4686 3275 4739 τά
3310 4684 3539 4739 ἔπαθλα·
3566 4680 3739 4740 τοιού-

484 4784 648 4828 nores
690 4770 993 4829 damonum
1028 4774 1208 4833 solent
1242 4791 1385 4834 esse.
1432 4773 1535 4845 Qui
1568 4780 1716 4836 enim
1764 4792 2062 4852 temperate

2154 4799 2272 4847 τοις
2297 4781 2493 4854 δώροις
2518 4777 2789 4848 δεξιοῦται
2815 4779 2849 4849 ἡ
2880 4778 3045 4851 ἡδονὴ
3070 4779 3202 4844 τοῦς
3224 4780 3528 4851 ἑπομένους
3554 4777 3693 4848 αὐτῇ
3720 4789 3734 4804 ⁶

558 4929 580 4960 '
607 4927 752 4987 Psal.
782 4945 892 4993 ων.
928 4933 1018 4993 10.
1044 4934 1132 4993 ll.
1158 4935 1246 4993 l2.

876 4972 892 4999 ,
932 4972 1018 5003 .ν,
1050 4972 1132 5003 ..,
1162 4972 1246 4993 ι...

1719 5022 2048 5087 Francisci
2083 5023 2294 5087 Scorsi
2334 5028 2526 5087 noue.

560 5148 673 5219 (95)
717 5148 968 5219 Pratfecti
1017 5158 1140 5204 sunt
1172 5149 1335 5205 vitiis.
1371 5147 1525 5215 Quod
1570 5149 1845 5205 damones
1875 5148 2063 5205 distri-

488 5225 618 5277 hnta
674 5220 907 5274 habeant
960 5220 1263 5273 ministeria
1339 5221 1549 5274 ratione
1609 5230 1963 5277 personarum
2008 5230 2066 5274 et

492 5291 767 5345 nationum
819 5290 1015 5358 quibus
1058 5290 1440 5359 impugnandis
1486 5286 1727 5359 praefecti
1764 5289 1896 5353 sint,
1934 5304 2063 5359 pro-

494 5360 671 5417 habile
697 5356 909 5430 videtur
944 5356 1402 5430 theologis'etiam
1436 5356 1779 5430 scholasticis
1802 5373 1923 5430 cum
1949 5356 2064 5411 Ma-

494 5430 663 5499 gistro
704 5429 756 5481 in
782 5444 844 5491 tt.
882 5429 1010 5499 dist.
1056 5426 1389 5499 6,'et7il|ud
1435 5428 1697 5499 iusrinuat_
1722 5426 1785 5481 Β.
1820 5427 2061 5482 Thomas

499 5496 674 5561 ipart.
712 5508 903 5565 quaest.
934 5498 1060 5559 £06.
1100 5508 1203 5554 art.
1225 5498 1277 5564 l,
1304 5500 1388 5552 bis
1418 5496 1629 5553 verbis:
1661 5496 1925 5561 Deputmu
1959 5500 2059 5550 sibi

498 5570 764 5639 ministros
822 5570 891 5622 ad
920 5569 1184 5623 hominum
1215 5569 1699 5639 impugnationem,_
1714 5568 1870 5621 sicuti
1889 5576 1942 5639 et
1964 5584 2062 5639 ang

500 5637 599 5708 geli
663 5637 772 5691 Deo
824 5639 1126 5692 ministrant
1168 5640 1236 5691 ad
1272 5636 1566 5708 Ahoininum
1618 5636 1859 5691 salutem.
1909 5636 2062 5708 Quod

500 5706 627 5762 vero
670 5708 831 5761 etiam
864 5708 1146 5778 dispertita
1200 5706 1429 5762 habeant
1459 5708 1607 5771 vitia,
1641 5716 1694 5761 et
1727 5716 1973 5778 peccata
1997 5707 2063 5760 ad

500 5790 619 5850 qua:
647 5776 1260 5843 sollicitent‘bomines,
1301 5787 1359 5832 ut
1412 5778 1551 5836 alius
1591 5778 1798 5835 drenion
1835 5776 2066 5833 sitalius

2161 5148 2506 5217 potissimum
2544 5146 2827 5214 impulsor.
2867 5148 2920 5203 id
2975 5148 3139 5204 etiam
3194 5149 3576 5217 probabilitate
3636 5163 3733 5205 non

2159 5229 2332 5297 caret,
2380 5217 2617 5297 et_g_ravi
2684 5219 2905 5297 Patrum
2940 5220 3509 5297 auctoritat‘enititur.
3559 5232 3625 5297 tu
3669 5219 3736 5272 ait

2161 5288 2413 5354 Suarius,
2453 5287 2547 5357 lib.
2591 5287 2785 5357 vniDe
2812 5291 3031 5357 angelis,
3068 5304 3186 5356 cap.
3219 5290 3309 5351 21.
3343 5291 3508 5343 η.28.
3556 5290 3734 5345 Patres

2159 5373 2328 5427 porro
2356 5359 2469 5423 ipse
2500 5356 2630 5428 citat
2656 5356 2973 5426 Origenem,
3021 5358 3269 5413 abbatem
3298 5360 3566 5415 Serenum
3596 5356 3726 5428 apud

2161 5425 2499 5487 Cassianum.
2528 5425 2916 5497 ilierony’mum
2942 5428 3128 5497 multis
3146 5429 3276 5484 locis
3304 5430 3357 5482 id
3384 5425 3730 5489 asserentem,

2168 5499 2485 5565 magistrum
2532 5494 2887 5566 (Guillel’mum
2935 5496 3140 5563 Paris.,
3183 5508 3238 5553 et
3262 5500 3397 5553 alios
3442 5514 3577 5565 quos
3633 5500 3732 5566 lege

2169 5564 2307 5631 apud
2328 5582 2502 5637 Ipsum
2524 5564 2713 5637 Suar.,
2745 5568 2795 5621 in
2818 5581 3046 5636 quorum
3075 5583 3356 5637 numerum
3388 5564 3731 5637 Theophanes

2172 5633 2360 5718 noster
2382 5635 2528 5769 taetri:
2557 5636 2649 5707 qui
2686 5633 2985 5694 daemonem
3012 5636 3299 5695 :emulaudi
3339 5638 3430 5696 Dei
3482 5633 3658 5696 studio
3686 5633 3729 5690 id

2172 5721 2353 5762 conari
2428 5720 2540 5761 tot.

2170 5715 2353 5762 conari
2390 5715 2540 5762 dlCll.
