4064 6290
425 339 530 405 469

1759 342 2086 407 HOMILIA
2130 344 2328 408 XXII.

3564 337 3668 404 470

428 454 616 518 Ὅστις
635 446 728 508 οὖν
759 453 1097 528 ἐπαισχυνθῇ
1129 474 1218 529 με,
1249 459 1447 531 φησιν,
1478 460 1816 531 ὁμολογῆσαι
1863 458 1993 512 Θεὸν

2103 458 2498 511 rottl'essionem
2521 455 2708 524 exigit,
2751 462 2810 510 ut
2830 453 3025 526 duplex
3050 468 3267 528 quoque
3300 455 3666 512 sanctificatio

423 545 510 598 διὰ
553 546 656 615 τὴν
703 546 1063 613 ταπείνωσιν,
1091 549 1160 620 ἣν
1209 550 1450 620 ἐμαυτὸν
1501 550 1871 616 ἐταπείνωσα,
1901 549 1998 601 καὶ

421 635 623 701 δνειδος
650 638 926 710 ἡγήσαιτο
945 642 1241 711 κηρύττειν
1260 641 1686 714 ἐσταυρωμένον
1708 641 1864 708 Θεὸν,
1887 642 1997 696 οὐδ’

422 728 586 792 αὐτὸς
614 728 1020 803 όμολογήσεται
1049 731 1144 786 ὑπ’
1171 733 1331 802 ἐμοῦ.
1359 735 1458 787 Διὰ
1491 734 1702 788 τούτων
1735 734 1792 790 δὲ
1856 752 1997 804 προ-

418 823 701 892 αναφωνεῖ
727 822 837 876 τῶν
869 828 1172 895 μαρτύρων
1199 827 1262 879 τὸ
1284 826 1521 893 στάδιον,
1554 827 1650 881 καὶ
1673 826 1772 899 τὴν
1803 827 1995 897 ὁμολο-

420 915 572 983 γίαν,
601 917 819 972 καὶτὸν
848 916 989 989 ὑπὲρ
1044 919 1215 972 αὐτοῦ
1269 919 1523 975 θάνατον.
1573 919 1880 991 Μοιχα).ίδα
1937 919 1996 972 δι

417 1009 616 1077 γενεὰν
667 1011 762 1066 καὶ
806 1012 1168 1085 ἁμαρτωλὸν,
1228 1015 1358 1079 τοὺς
1383 1014 1650 1078 ἀπίστους
1675 1015 1960 1083 ὠνόμασεν
1980 1029 1994 1044 ο

413 1101 564 1157 οὕτω
592 1102 705 1174 γὰρ
730 1103 916 1158 αὐτῶν
945 1106 1043 1159 καὶ
1073 1109 1100 1158 ό
1133 1107 1474 1179 προφητικδς
1519 1107 1675 1175 λόγος
1713 1107 1993 1162 καθάπτε-

414 1211 528 1257 ται,
552 1195 630 1260 ὡς
667 1195 1076 1269 ἑξεπόρνευσαν
1103 1201 1220 1263 τοῖς
1255 1199 1536 1268 γλυπτοῖς,
1566 1201 1661 1253 καὶ
1692 1199 1997 1272 ὲμοιχῶντο

415 1289 478 1341 ὲν
505 1286 587 1357 τῷ
620 1287 763 1358 ξύλῳ
785 1303 799 1317 ’
821 1289 1152 1360 ἐπιπλήττει
1181 1292 1240 1345 δὲ
1279 1292 1480 1354 αὐτοὺς
1509 1293 1655 1364 καὶὴ
1686 1293 1996 1364 προφητεία

349 1414 352 1416 ~
412 1379 658 1451 Μιχαίου
686 1380 925 1450 λέγουσα
947 1396 965 1412 ο
997 1401 1020 1434 ε
1058 1383 1157 1436 Ἐκ
1190 1385 1566 1456 μισθωμᾴτων
1586 1387 1844 1458 πορνείας
1868 1402 1994 1440 συνο

410 1471 619 1542 ήγαγε,
646 1473 742 1526 καὶ
777 1474 844 1526 ἐκ
888 1474 1261 1546 μισθωμάτων
1294 1477 1556 1549 πορνείας
1608 1477 1932 1549 ἀνέστρεψε.
1966 1498 1987 1531 ι

413 1565 540 1621 ¹ΐῶν
570 1565 834 1621 τοιούτοιν
857 1568 1044 1622 τοίνυν
1068 1570 1305 1624 ἐνώπιον
1325 1570 1662 1643 ὁμολογῆσαι
1680 1574 1776 1628 τδν
1805 1576 1997 1629 ἐσταυ-

393 1658 664 1728 ρωμένον
687 1659 791 1713 οὐκ
819 1659 1285 1731 ὶπαισχυνθέντες
1311 1666 1361 1718 oi
1396 1665 1692 1738 μάρτυρες,
1717 1666 1829 1721 τῶν
1866 1684 1992 1722 στε-

2097 552 2188 606 sit.
2235 551 2556 621 Quicunque
2603 551 2789 618 igitur,
2819 549 3015 620 inquit.
3047 549 3329 606 erubuerit
3357 565 3445 604 me
3490 549 3667 604 confi-

2100 644 2195 698 teri
2235 642 2423 709 Deum,
2450 653 2669 713 propter
2698 642 3063 698 humilitatem
3114 642 3182 697 ad
3241 657 3403 712 quam
3451 657 3538 696 me
3572 642 3666 695 de—

2099 740 2241 805 misi,
2266 750 2317 793 et
2341 739 2539 809 probro
2569 739 2784 792 duxerit
2809 739 2911 792 sibi
2943 739 3236 808 praedicare
3256 739 3406 792 cruci
3443 735 3663 791 aﬂixutu

2101 829 2291 895 Deum,
2339 843 2438 886 nec
2497 844 2599 902 ego
2660 829 2964 886 confitebor
3009 844 3157 886 eum.
3202 828 3299 884 llis
3317 842 3446 884 vero
3482 828 3665 884 verbis

2098 935 2396 996 martyrum
2432 923 2757 989 certamina,
2784 933 2835 979 et
2882 923 3303 986 confessionem.
3337 934 3392 978 ct
3429 933 3660 976 mortem

2097 1031 2195 1087 pro
2218 1032 2275 1073 se
2299 1025 2607 1087 susceptam
2639 1018 2987 1089 praenuntiat.
3025 1014 3337 1072 Adulteram
3384 1029 3515 1070 vero
3573 1031 3666 1085 ge-

2098 1110 2450 1176 nerationem,
2475 1117 2529 1166 et
2555 1110 2907 1180 peccatricem
2934 1115 3087 1164 vocat
3115 1107 3381 1164 iulideles.
3406 1108 3496 1164 Sic
3517 1108 3663 1164 enim

2095 1217 2190 1256 eos
2224 1203 2387 1257 etiam
2405 1203 2752 1274 propheticus
2773 1216 2953 1259 sermo
2982 1201 3318 1273 perstringit,
3363 1201 3504 1272 quod
3538 1217 3661 1257 cunt

2096 1293 2437 1362 Sculptilibns
2482 1294 2730 1350 fornicati
2791 1304 2940 1362 sunt,
2999 1305 3058 1351 et
3116 1296 3172 1349 in
3204 1293 3353 1362 ligno
3393 1295 3662 1350 adultera-

2095 1398 2240 1441 l'uttt.
2282 1385 2643 1458 lit-prehendit
2679 1401 2771 1442 eos
2827 1401 3042 1458 quoque
3077 1385 3318 1442 Michcea
3377 1385 3658 1456 prophetia

2095 1479 2280 1534 dicens
2305 1497 2319 1534 :
2349 1497 2369 1531 ι
2398 1476 2472 1533 Ex
2505 1477 2847 1534 mercedibus
2877 1477 3257 1535 fornicationis
3287 1479 3658 1548 congregavit,

2066 1565 2147 1629 ‘et
2175 1587 2241 1627 ex
2276 1569 2616 1628 mercedibus
2653 1571 3034 1652 f-iruicationis
3055 1570 3327 1627 convertit
3359 1569 3428 1624 ’³.
3487 1588 3506 1621 ι
3556 1569 3662 1625 Co-

2095 1681 2211 1721 ram
2257 1667 2340 1721 his
2400 1663 2562 1735 igitur
2602 1676 2867 1735 martyres
2909 1665 3230 1721 crucifixum
3272 1663 3516 1718 conﬁteri
3556 1682 3661 1719 non

411 1753 602 1818 φᾶνων
623 1752 916 1826 ἐπέτυχον.
945 1755 1046 1809 Διὰ
1079 1755 1239 1810 τοῦτο
1263 1756 1449 1830 ἔχαιρε
1471 1761 1679 1832 Πέτρος
1703 1763 1792 1815 ἐπὶ
1819 1780 1991 1834 κεφα-

2095 1763 2484 1816 erubescentes
2510 1772 2768 1816 coronam
2821 1765 2947 1813 sunt
3013 1759 3314 1814 consecuti.
3363 1759 3438 1815 Ea
3494 1773 3658 1813 causa

410 1844 518 1914 λῆς
553 1847 1144 1919 ἀνασκολοπιζόμενος,
1211 1851 1308 1904 καὶ
1357 1851 1632 1922 Στέφανος
1688 1855 1749 1907 ἑν
1805 1853 1992 1925 κύκλῳ

409 1937 952 2011 λιθολευστούμενος,
996 1944 1091 1997 καὶ
1136 1943 1419 2014 Ἀνδρέας,
1479 1945 1574 2000 καὶ
1633 1945 1842 2016 Σίμων,
1897 1945 1994 2001 καὶ

407 2030 677 2097 Φίλιππος
706 2034 930 2106 σταυρῷ
955 2035 1356 2108 τελειούμενος,
1384 2036 1477 2091 καὶ
1496 2037 1699 2108 Θωμᾶς
1725 2038 1989 2109 λογχευό-

413 2140 603 2192 μενος,
667 2123 767 2179 καὶ
821 2123 1038 2190 Παῦλος
1065 2125 1212 2196 ξίφει
1261 2127 1624 2198 τεμνόμενος,
1671 2129 1767 2183 καὶ
1791 2131 1839 2183 oi
1873 2129 1992 2200 μετ’

409 2215 611 2279 αὐτοὺς
626 2217 860 2288 ἀθληταὶ
878 2220 978 2284 τὰς
1001 2219 1376 2291 πολυτρόπους
1416 2220 1665 2280 κολάσεις
1686 2222 1989 2293 δεχόμενοι.

409 2309 527 2363 Καὶ
556 2308 744 2378 ἔλεγεν
776 2312 962 2378 αὐτοῖς
989 2328 1005 2344 ·

489 2419 509 2451 ε
558 2400 763 2473 Ἀμὴν,
795 2401 948 2475 ἀμὴν
973 2402 1119 2473 λέγω
1143 2402 1298 2476 ὑμῖν,
1325 2405 1409 2460 δτι
1437 2405 1545 2462 elei
1566 2423 1711 2472 τινες
1756 2407 1868 2461 τῶν
1889 2401 1992 2464 ὦδε

405 2492 748 2563 ιστηκότων,
799 2494 1000 2561 οἵτινες
1032 2495 1097 2550 οὐ
1125 2495 1209 2569 μὴ
1253 2495 1560 2567 γεύσωνται
1588 2499 1850 2564 θανάτου,
1882 2501 1990 2567 ἕως

411 2584 486 2638 ἂν
512 2584 666 2638 ίδωσι
717 2586 816 2658 τὴν
847 2585 1131 2658 βασιλείαν
1154 2588 1248 2643 τοῦ
1292 2589 1430 2644 Θεοῦ
1457 2591 1786 2665 ἐληλυθυῖαν
1812 2596 1870 2648 ἐν
1897 2596 1992 2648 δυ-

415 2677 642 2748 νάμει.»
692 2679 912 2753 Ἐπειδὴ
931 2677 1090 2735 εἶπεν
1113 2682 1345 2751 ἄνωθεν,
1371 2683 1454 2738 δτι
1495 2704 1516 2737 ι
1547 2686 1654 2738 Καὶ
1687 2689 1716 2740 ὁ
1739 2687 1867 2752 Υίδς
1895 2687 1990 2744 τοῦ

405 2771 551 2825 Θεοῦ
601 2774 1104 2846 ἐπαισχυνθήσεται
1149 2776 1338 2843 αὐτὸν,
1364 2777 1497 2831 ὅταν
1533 2777 1666 2852 non
1690 2781 1750 2835 ὲν
1771 2785 1839 2855 τῇ
1861 2782 1989 2855 δόξῃ

411 2862 629 2935 Πατρὺς
651 2864 840 2930 αὑτοῦ,
875 2883 894 2918 ι
923 2865 1119 2938 ἄδηλος
1144 2866 1200 2921 δὲ
1219 2865 1360 2939 αὕτη
1383 2863 1472 2940 ἦν,
1503 2869 1599 2924 καὶ
1640 2872 1942 2942 ἀμφίϐολος
1972 2889 1991 2908 ο

408 2954 828 3024 ἐπαγγέλλεται
870 2957 972 3029 τῆς
1023 2957 1188 3030 δόξης
1245 2961 1464 3028 ἐκείνης
1489 2960 1664 3028 δεῖξαι
1715 2965 1900 3030 αὐτοῖς
1921 2966 1991 3021 τὰ

409 3047 707 3119 προοίμια,
736 3049 1155 3121 προαναφωνῶν
1185 3050 1442 3106 ἐντεῦθεν
1477 3054 1578 3125 τὴν
1623 3055 1988 3129 μεταμόρφω-

2098 1855 2310 1909 laetatus
2332 1864 2416 1910 e’st
2441 1853 2632 1910 Petrus
2663 1853 2880 1909 inverso
2908 1851 3084 1922 capite
3114 1851 3168 1907 itt
3215 1867 3377 1908 cruce
3430 1866 3664 1922 suspen-

2092 1948 2173 2012 di,
2202 1957 2252 2002 et
2292 1946 2603 2017 Stephanus
2663 1962 2690 1998 a
2735 1945 3216 2000 circumstantibus
3269 1943 3540 2015 lapidari:
3608 1952 3664 1998 et

2092 2042 2360 2105 Andreas,
2396 2051 2449 2095 et
2477 2039 2686 2104 Simon,
2721 2047 2776 2094 et
2802 2038 3082 2108 Philippus
3129 2053 3224 2107 per
3273 2051 3490 2094 crucem
3538 2050 3663 2090 con-

2092 2135 2378 2199 summari,
2427 2144 2483 2189 et
2543 2130 2782 2188 Thomas
2849 2132 3032 2186 lancea
3115 2128 3543 2185 transverberari
3607 2140 3664 2183 et

2095 2225 2291 2283 Paulus
2345 2225 2658 2282 obtruncari
2710 2223 2932 2294 gladio:
2983 2231 3039 2277 et
3095 2223 3426 2293 posteriores
3473 2234 3662 2276 omnes

2100 2320 2320 2376 athleta:
2342 2321 2623 2376 tormentis
2643 2318 2808 2373 variis
2830 2314 3151 2373 excruciari.
3180 2311 3247 2370 Et
3265 2314 3478 2370 dicebat
3503 2313 3608 2368 illis
3641 2328 3659 2366 :

2169 2432 2188 2468 t
2240 2415 2430 2475 Amen,
2466 2427 2622 2466 amen
2642 2409 2763 2464 dico
2796 2408 2970 2473 vobis,
2995 2409 3120 2480 quia
3165 2416 3295 2464 sunt
3339 2406 3560 2478 quidam
3593 2405 3662 2458 de

2092 2506 2181 2562 hic
2213 2506 2506 2570 stantibus,
2532 2503 2622 2572 qui
2657 2515 2759 2556 non
2775 2500 3071 2569 gustabunt
3088 2510 3344 2564 mortem,
3385 2499 3556 2554 donec
3579 2498 3661 2551 vi-

2093 2601 2260 2655 draut
2329 2611 2551 2671 regnum
2622 2593 2710 2648 Dei
2788 2593 3008 2649 veniens
3067 2592 3119 2646 in
3194 2592 3416 2647 virtute.
3464 2611 3484 2644 ι
3544 2588 3664 2658 Quo

2093 2690 2237 2747 niam
2293 2706 2456 2761 supra
2506 2687 2724 2742 dixerat
2777 2703 2790 2741 :
2835 2705 2853 2738 t
2900 2684 2966 2739 Et
3019 2682 3186 2739 Filius
3239 2684 3477 2738 hominis
3532 2699 3664 2737 cru-

2090 2783 2338 2837 besceret
2377 2795 2520 2844 eum,
2551 2793 2672 2833 cum
2710 2778 2912 2833 venerit
2947 2778 3003 2832 in
3051 2777 3218 2847 gloria
3267 2775 3445 2830 Patris
3483 2775 3600 2840 sni,
3637 2793 3657 2827 ι

2092 2875 2208 2930 haec
2240 2885 2420 2928 autem
2447 2881 2566 2926 erat
2591 2870 2768 2925 adhuc
2800 2869 2907 2924 illis
2952 2869 3114 2924 dubia
3149 2884 3166 2924 :
3217 2868 3483 2939 promittit
3516 2866 3666 2924 illius

2093 2966 2276 3038 gloriae
2324 2964 2568 3036 quaadatn
2599 2960 2856 3032 prmludia
2884 2976 2944 3016 se
2981 2961 3258 3023 daturum,
3312 2975 3376 3016 ac
3440 2962 3662 3015 transii-

2093 3058 2430 3130 gurationetn
2480 3053 2662 3110 verbis
2710 3053 2860 3109 hisce
2909 3052 3173 3120 praedicit,
3221 3045 3340 3121 quas
3391 3052 3664 3120 specimen

409 3158 525 3209 σιν,
555 3141 679 3214 ἥτις
730 3137 801 3214 ἦν
853 3145 1216 3216 προμήνυμα,
1250 3147 1344 3200 καὶ
1390 3146 1560 3202 είκὼν
1599 3149 1701 3219 τῆς
1729 3151 1988 3222 φρικτῆς.

2095 3148 2390 3218 quoddam,
2421 3156 2478 3203 et
2504 3145 2683 3217 imago
2729 3145 2827 3200 fuit
2862 3145 3111 3200 secundae
3143 3143 3287 3199 illius
3325 3142 3665 3214 ingentisque

409 3235 515 3290 καὶ
562 3235 832 3309 δευτέρας
900 3239 1255 3311 ικλάμψεως,
1292 3241 1353 3295 ιν
1491 3242 1632 3313 μετὰ
1704 3243 1801 3300 τοῦ
1854 3245 1990 3300 Θεοῦ

2093 3241 2383 3308 claritatis,
2421 3255 2524 3311 qua
2553 3237 2714 3311 144
2734 3254 2836 3308 una
2865 3253 2985 3294 cum
3012 3236 3122 3292 Deo
3141 3237 3192 3291 itt
3218 3251 3382 3308 regno
3401 3234 3663 3290 caelorum

407 3328 792 3401 ἐκλάμψουσιν
819 3333 869 3385 oi
888 3331 1090 3387 δίκαιοι
1116 3335 1177 3388 ἐν
1206 3335 1273 3405 τῇ
1301 3334 1412 3390 τῶν
1457 3336 1704 3407 οὐρανῶν
1737 3337 1992 3411 βασιλείᾳ

2095 3335 2222 3408 iusti
2256 3334 2559 3407 fulgebunt,
2584 3331 2916 3403 sempiterna
2971 3331 3143 3402 gloria
3203 3330 3406 3386 satiati.
3462 3321 3662 3384 νει-ιιιὶὶ

407 3422 518 3492 τῆς
548 3423 725 3478 ἁῖδίου
779 3424 942 3498 δόξης
997 3426 1398 3497 πληρούμενοι.
1427 3429 1629 3483 Σκόπει
1683 3429 1742 3484 δέ
1775 3449 1864 3501 μοι
1893 3431 1991 3486 τοῦ

407 3516 581 3585 λόγου
619 3519 681 3571 τὸ
709 3518 963 3590 ἀκριϐὲς.
995 3520 1070 3574 Ot't
1103 3521 1212 3592 γὰρ
1237 3516 1396 3576 εἶπεν
1423 3522 1613 3588 ἁπλῶς
1637 3541 1653 3559 ο
1681 3525 1805 3580 Είσί
1845 3543 1993 3592 τινες

405 3608 528 3664 τῶν
543 3602 672 3673 ὦδε,
696 3611 831 3666 ἀλλὰ
863 3613 1178 3684 προσέθηκε
1234 3614 1318 3681 ab,
1360 3634 1380 3669 ι
1435 3613 1798 3688 Ἑστηκότων.
1839 3638 1858 3672 ι
1893 3620 1995 3676 Διὰ

407 3701 469 3758 τί
496 3720 514 3770 ;
543 3704 666 3758 Ὅτι
698 3705 869 3777 συνῆν
893 3706 1076 3771 αὐτοῖς
1120 3708 1326 3774 Ἰούδας
1348 3710 1378 3764 ό
1427 3711 1890 3782 χριαοκὰπηλος,
1934 3714 1995 3780 δς

407 3797 516 3868 οὐχ
543 3796 730 3852 ἵστατο
759 3801 825 3870 τῇ
861 3799 1043 3854 πίστει
1077 3801 1177 3865 τὰς
1202 3803 1302 3874 τῆς
1332 3804 1514 3876 ψυχῆς
1543 3803 1730 3876 βάσεις
1764 3807 1988 3875 ἐπερει-

408 3890 666 3961 δόμενος,
697 3891 835 3948 ἀλλὰ
871 3896 939 3965 τῇ
968 3893 1180 3967 διανοίᾳ
1216 3895 1523 3950 κατέπιπτε
1555 3896 1636 3968 τῷ
1663 3900 1764 3969 τῆς
1792 3899 1995 3963 κακίας

411 3983 582 4056 βάρει
611 3987 1079 4059 καταφερόμενος.
1127 3987 1267 4044 Ἀπὸ
1288 3988 1483 4044 τούτου
1501 3990 1634 4060 γοῦν
1661 3989 1995 4049 διαστὲλλων

408 4077 546 4143 τοὺς
573 4077 792 4145 ῑνδεκα,
811 4079 941 4145 τοὺς
968 4081 1029 4135 ιν
1054 4083 1120 4151 τῇ
1148 4082 1327 4154 πέτρᾳ
1347 4063 1447 4154 τῆς
1465 4081 1560 4138 τοῦ
1590 4083 1831 4155 Χριστοῦ
1851 4085 1996 4154 ἀγάα-

410 4186 551 4240 πης,
584 4171 705 4234 τοὺς
752 4172 964 4227 ἑαυτῶν
1017 4173 1191 4237 πόδας
1226 4177 1532 4246 στήσαντας
1557 4194 1573 4210 ο
1609 4196 1628 4229 ι
1661 4177 1803 4244 Είσὶ,
1837 4181 1994 4250 φησὶ,

409 4260 565 4324 τινὲς
586 4261 697 4314 τῶν
723 4257 827 4317 ὧδε
857 4264 1190 4334 ἑστηκότων,
1240 4265 1441 4332 οἵτινες
1485 4267 1547 4322 οὐ
1581 4268 1658 4340 μὴ
1706 4271 1996 4340 γεύσονται

412 4349 678 4417 Θανάτου,
712 4354 846 4425 πρὶν
885 4354 956 4408 ἂν
999 4355 1152 4409 ίδωσι
1186 4355 1288 4426 τὴν
1321 4355 1602 4427 βασιλείαν
1632 4359 1726 4414 τοῦ
1761 4360 1899 4415 Θεοῦ
1923 4380 1937 4394 ·
1968 4382 1990 4416 ι

410 4436 489 4513 ἧς
521 4441 618 4495 καὶ
647 4442 812 4513 ἡμεῖς
874 4443 1080 4509 πάντες
1137 4447 1196 4499 ὲν
1227 4445 1534 4500 ἀπολαύσει
1558 4446 1876 4520 γενοίμεθα,
1904 4448 1995 4502 ἑνε-

2019 4491 2075 4554 D

2092 3429 2317 3484 adverte
2376 3425 2508 3482 mihi
2562 3423 2820 3495 loquendi
2879 3423 3261 3479 subtilitatem.
3329 3420 3448 3476 Non
3520 3421 3662 3475 enim

2091 3520 2412 3592 simpliciter
2456 3518 2641 3574 dixit:
2708 3517 2848 3572 Sunt
2892 3515 3112 3586 quidam
3175 3531 3241 3570 ex
3298 3515 3403 3582 his,
3437 3515 3528 3584 qui
3579 3515 3666 3569 hic

2094 3621 2242 3680 sunt,
2298 3613 2397 3671 sed
2463 3610 2715 3684 apposuit
2767 3623 2954 3665 vocem
3006 3608 3173 3674 illam,
3227 3627 3247 3662 ι
3302 3605 3602 3674 Stantibtts,
3641 3626 3663 3659 ι

2093 3723 2256 3779 quam
2288 3707 2359 3763 ob
2389 3705 2651 3761 causam?
2674 3703 2819 3774 quod
2853 3710 2973 3758 erat
3021 3717 3124 3756 una
3165 3716 3288 3758 cum
3343 3700 3450 3755 illis
3497 3696 3667 3755 .ludas

2095 3798 2346 3854 venditor
2365 3795 2592 3860 Christi,
2623 3794 2716 3865 qui
2739 3809 2844 3851 non
2873 3791 3052 3850 stabat
3085 3793 3250 3863 pedes
3306 3793 3502 3847 anima:
3563 3792 3668 3845 tide

2094 3889 2345 3948 summos
2373 3889 2600 3953 habens,
2627 3887 2772 3943 sede
2807 3885 3009 3941 mentis
3026 3893 3174 3940 statu
3207 3881 3514 3949 decidebat,
3546 3897 3670 3952 pra»

2095 3987 2280 4041 vitatis
2310 3982 2552 4054 pondere
2574 3978 2915 4038 deturbatus.
2946 3980 3028 4035 Ab
3068 3979 3170 4035 hoc
3213 3976 3381 4051 igitur
3418 3976 3667 4032 undecim

2095 4075 2364 4138 eximens,
2394 4069 2486 4141 qui
2519 4070 2576 4127 in
2601 4079 2753 4139 petra
2783 4068 3071 4125 charitatis
3099 4066 3306 4124 Christi
3363 4075 3671 4122 statuerant

2097 4165 2260 4236 pedes
2286 4175 2415 4219 suos
2450 4177 2468 4217 :
2501 4179 2522 4215 ι
2557 4159 2718 4227 Sunt,
2748 4159 2995 4232 quidam,
3023 4157 3221 4228 inquit,
3253 4163 3321 4215 de
3361 4157 3450 4213 hic
3475 4157 3670 4212 stanti-

2097 4258 2217 4323 bus,
2283 4257 2375 4326 qui
2423 4269 2530 4310 non
2566 4254 2878 4325 gustabunt
2933 4261 3187 4317 mortem,
3241 4249 3413 4306 donec
3453 4249 3679 4305 videant

2098 4363 2322 4420 regnum
2353 4347 2446 4402 Dei
2467 4363 2514 4400 ιι
2549 4359 2657 4416 quo
2683 4343 2890 4400 utinam
2909 4352 2964 4396 et
2989 4357 3088 4397 nos
3108 4355 3300 4397 omnes
3323 4339 3670 4410 perfruamur

2095 4437 2436 4497 corroborati
2463 4437 2681 4500 virtute,
2708 4443 2766 4491 et
2795 4435 2968 4505 gratia
3020 4433 3262 4490 vivillcte-
3291 4433 3474 4489 crucis
3504 4422 3666 4504 ’,(27),

410 4533 823 4605 δυναμούμενοι
850 4539 916 4609 τῇ
952 4537 1185 4608 δυνάμει
1212 4539 1310 4594 καὶ
1337 4539 1524 4610 χάριτι
1563 4539 1664 4595 τοῦ
1722 4540 1993 4606 ζωοποιοῦ

2101 4533 2167 4589 ad
2201 4530 2559 4604 peragendam
2609 4528 2728 4586 sine
2777 4527 3076 4583 olfensione
3126 4525 3250 4582 ulla-
3278 4527 3423 4582 sacri
3473 4526 3668 4597 jejunii

413 4626 682 4697 σταυροῦ,
735 4627 817 4690 είς
872 4629 937 4683 τὸ
966 4629 1375 4700 ἀπροσκόπτως
1425 4629 1660 4685 διελθεῖν
1699 4635 1798 4704 τῆς
1844 4634 1996 4703 ίερᾶς

413 4718 682 4790 νηστείας
715 4717 810 4774 τὸν
837 4718 1034 4783 πλοῦν.
1077 4721 1177 4776 καὶ
1223 4721 1364 4794 πρὸς
1389 4721 1486 4778 τδν
1541 4722 1739 4794 λιμένα
1791 4723 1998 4795 φθάσαι

409 4809 518 4879 τῆς
544 4807 642 4864 τοῦ
671 4809 912 4880 Χριστοῦ
939 4811 1292 4876 ἀναστάσεως
1313 4851 1330 4877 ,
1364 4814 1452 4868 διὰ
1486 4816 1585 4886 τῆς
1614 4814 1861 4870 ἑκουσίου
1893 4834 1998 4872 κα-

413 4900 724 4967 κοπαθείας
768 4900 850 4973 τῷ
886 4903 1111 4976 Χριστῷ
1135 4905 1602 4979 συσταυρούμινοι
1635 4908 1729 4962 καὶ
1763 4908 1998 4965 ἀκολου-

413 4988 642 5061 θοῦυῴί
662 4997 816 5067 αὐτῴ
846 4992 1036 5062 σαφῶς
1063 4995 1200 5065 ἡμῖν
1227 4993 1327 5066 τὴν
1353 4995 1474 5050 δδδν
1502 4995 1599 5066 τῆς
1627 4996 1829 5070 ἀρετῆς
1861 4999 1994 5054 ὕπο-

413 5089 680 5157 δείεαντι,
737 5086 837 5142 καὶ
896 5089 999 5158 τῆς⁵
1032 5085 1339 5160 μελλούσης
1369 5087 1529 5159 δόξης
1556 5088 1713 5161 αὐτῷ
1740 5093 1997 5166 κοινωνή.

2103 4625 2533 4695 navigationem,
2563 4631 2618 4677 et
2649 4621 2715 4676 ad
2746 4631 2959 4690 portum
2985 4619 3421 4675 Resurrrctionis
3465 4619 3668 4674 Christi

2100 4715 2442 4788 capiendum,
2475 4727 2570 4785 per
2597 4711 2955 4767 voluntariam
3025 4725 3312 4782 ptenarum
3357 4713 3670 4782 perpessio.

2099 4827 2224 4868 nem
2256 4824 2376 4865 cum
2409 4807 2530 4878 ipso
2556 4804 2827 4869 cruciﬁxi,
2863 4815 2914 4859 et
2977 4805 3149 4874 ipsum
3213 4816 3524 4874 sequentes,
3575 4807 3666 4876 qui

2101 4905 2258 4962 nobis
2286 4901 2504 4956 virtutis
2526 4899 2666 4953 viam
2700 4908 2885 4967 aperte
2909 4898 3359 4952 commonstravit
3385 4938 3400 4960 ,
3431 4905 3485 4954 rt
3551 4908 3672 4951 tau-

2104 5003 2226 5057 dent
2261 4996 2454 5052 futura:
2492 4993 2673 5066 gloriae
2709 5005 2832 5046 cum
2861 4989 2977 5062 ipso
3009 4990 3296 5061 participes
3347 4990 3667 5055 eliicitmur,

2099 5101 2157 5150 et
2179 5103 2499 5146 arcanorum
2534 5085 2746 5140 illorum
2777 5082 3067 5146 bettot-um,
3100 5097 3220 5151 quae
3270 5097 3432 5148 supra
3497 5083 3668 5136 visunt

418 5197 639 5246 σαντες,
666 5181 763 5235 καὶ
781 5180 894 5235 τῶν
916 5179 1178 5252 ἀρρήτων
1199 5179 1425 5234 ἐκείνων
1455 5179 1683 5248 ἀγαθῶν
1716 5181 1826 5236 τῶν
1857 5182 1993 5254 ὑπερ

2096 5193 2152 5238 et
2186 5182 2450 5242 auditum,
2490 5186 2545 5233 et
2565 5186 2779 5246 captum
2812 5184 3057 5230 nostrum
3085 5184 3230 5241 sunt,
3265 5176 3408 5244 quod
3437 5185 3519 5230 est
3548 5190 3671 5229 esse

415 5272 567 5344 δψιν,
596 5271 694 5326 καὶ
749 5269 943 5343 ἀκοὴν,
995 5270 1093 5326 καὶ
1139 5269 1403 5339 διάνοιαν,
1437 5272 1575 5341 ὅπερ
1623 5273 1742 5328 ioci.
1766 5273 1829 5328 τὸ
1861 5277 1993 5348 μετᾶ

2099 5291 2220 5330 cum
2253 5269 2380 5336 Deo,
2407 5269 2494 5325 cui
2539 5271 2768 5323 debetur
2803 5267 2996 5330 honor,
3041 5274 3096 5321 et
3147 5267 3338 5337 gloria.
3365 5267 3421 5322 in
3471 5267 3668 5320 smcula

418 5363 561 5419 Θεοῦ
597 5360 740 5418 εἶναι
762 5377 777 5393 ο
800 5353 847 5431 ᾧ
877 5362 1079 5433 πρέπει
1107 5363 1267 5436 τιμὴ,
1290 5363 1389 5417 καὶ
1410 5363 1564 5433 δόξα,
1596 5365 1678 5430 είς
1712 5367 1839 5433 τοὺς
1872 5367 2006 5422 αίῶ-
2099 5361 2442 5418 εσ-ειιιοτιιιιι.
2471 5356 2670 5414 Amen.

422 5470 524 5509 νας
549 5452 662 5510 τῶν
687 5453 927 5509 αίῶνων.
974 5453 1171 5525 ’Δμήιη

495 5573 546 5608 ια
578 5571 751 5628 Mich.
783 5591 825 5640 ι,
855 5569 914 5625 τ.

1659 5640 1972 5704 Francisci
2011 5642 2216 5705 Scorsi
2251 5651 2438 5706 notua.

501 5746 614 5825 (ῼῖ)
655 5745 841 5825 Gratia
872 5744 1093 5825 uiuiﬁcae
1113 5745 1304 5825 crucis:
1360 5745 1515 5805 Unde
1544 5745 1599 5804 in
1665 5748 1804 5806 hanc
1866 5755 2264 5822 perorationem
2321 5749 2465 5808 illata
2502 5763 2701 5808 sanctae
2748 5752 2927 5810 crucis
2997 5753 3218 5825 metatio,
3265 5754 3442 5812 disces
3492 5770 3558 5811 ex
3591 5755 3656 5811 iu-

427 5819 724 5890 scriptione
747 5816 983 5873 humilia
1008 5825 1064 5872 et
1091 5823 1216 5870 nota
1242 5816 1327 5872 Η.
