3984 6284
514 309 647 373 4⁸15

1745 298 2238 362 TIiEOPIIANlS
2276 297 2622 359 CERAMEI

3693 288 3786 354 476

539 418 887 492 ενωιεειίςίε,
922 430 974 474 et
1004 416 1314 485 apostolicis
1348 415 1505 471 dictis
1535 413 1829 485 intelliges.
1863 413 2119 468 Sanctum

2226 414 2487 467 κάκωσιν.
2523 413 2645 466 Ὀτι
2705 410 2813 484 γὰρ
2874 410 3139 483 μάστιγες
3168 402 3328 465 αὗται
3362 407 3785 483 σωφρονίζουσαι

538 529 736 585 qutppe
763 512 1117 581 Evangelium
1150 508 1588 565 hienmrrhuissm
1616 506 1936 561 miraculum
1963 505 2119 559 nobis

538 620 820 676 exponens
866 622 883 658 :
920 623 940 654 ς
980 602 1197 665 Sensit,
1238 601 1447 669 inquit,
1498 600 1641 669 quod
1690 606 1877 651 Satiata
1912 605 2059 651 esset
2088 610 2117 649 a

540 699 692 768 plaga
720 697 796 763 ⁹⁶;
829 714 847 749 ι
877 695 1172 763 Apostolus
1200 707 1327 746 vero
1352 692 1419 745 de
1445 693 1537 744 his
1552 691 1641 757 qui
1671 690 1889 760 indigne
1920 697 2120 760 myste-

538 796 617 849 ria
652 802 886 849 tractant
917 792 1054 861 (55),
1088 792 1165 845 ait
1197 808 1210 843 :
1252 808 1270 841 ι
1305 790 1432 844 Ideo
1479 788 1620 843 inter
1652 802 1747 842 vos
1768 788 1918 842 multi
1952 786 2119 840 imbe—

539 886 673 949 cilli,
707 896 759 938 et
790 886 1068 940 dormiunt
1099 883 1251 937 multi
1282 882 1349 934 ".
1388 900 1407 933 ι
1444 879 1644 936 Verum
1678 881 1806 935 dum
1843 880 2119 949 imperito.

548 992 665 1031 rum
726 977 1035 1046 Opinionem
1090 977 1363 1046 corrigere
1425 972 1776 1037 studuimus,
1835 973 1988 1027 valde
2053 973 2121 1027 ab

541 1070 811 1133 instituto,
879 1078 1132 1137 rectoque
1181 1083 1342 1122 cursu
1400 1066 1732 1123 deﬂeximus.
1790 1066 1903 1135 Age
1965 1079 2117 1136 ergo,

541 1163 841 1217 orationem
878 1160 1035 1233 147
1072 1162 1230 1231 quasi
1265 1161 1614 1216 ferocientem
1658 1175 1857 1229 equum
1890 1160 2123 1213 adducto

541 1254 695 1309 freno
755 1254 973 1308 dextere
1036 1262 1450 1315 convertamus,
1523 1250 1856 1321 prepositum
1940 1250 2121 1304 thema

544 1358 849 1417 repetentes
884 1361 898 1398 :

619 1548 639 1582 ι
677 1530 721 1585 Ο
750 1530 1032 1599 generatio
1086 1528 1384 1591 incredula,
1433 1539 1487 1582 et
1538 1540 1787 1597 perversa
1845 1540 2123 1596 usquean

538 1636 638 1676 ero
678 1622 995 1677 vobiscum?
1028 1636 1305 1691 usquequo
1356 1621 1532 1690 patiar
1590 1619 1719 1673 vos?
1767 1618 1970 1673 Aﬂerte
2020 1622 2125 1673 huc

2218 505 2281 559 τὸ
2308 505 2583 559 άτακτοῦν
2608 505 2710 575 τῆς
2734 503 2937 576 ψυχῆς,
2974 504 3322 575 καταμάθοις
3354 504 3593 574 ἀπονητὶ
3625 520 3784 575 προσ-

2222 602 2364 673 έχων
2409 601 2529 663 τοῖς
2586 596 2972 667 εὑαγγελικοῖς
3026 596 3126 651 καὶ
3147 597 3533 661 άποστολικοῖς
3562 598 3784 669 ῥήμασι.

2218 695 2295 747 Τὸ
2323 693 2421 765 μὲν
2455 694 2564 765 γὰρ
2601 693 2749 764 ἱερὸν
2789 690 3128 761 Εὐαγγέλιον
3171 694 3276 762 τῆς
3306 692 3714 763 αίμορῤοούσης
3735 692 3789 747 τὸ

2221 787 2407 857 θαῦμα
2490 789 2621 859 ἡμῖν
2678 786 3104 858 ἀφηγούμενον
3141 804 3160 838 ι
3203 786 3406 853 Ἔγνω,
3461 787 3655 859 φησὶν,
3710 788 3786 842 δτι

2224 881 2350 950 ίάθη
2404 880 2513 936 ἀπὸ
2565 881 2665 953 τῆς
2726 881 3011 951 μάστιγος.
3052 899 3073 933 ι
3119 880 3180 933 ’0
3221 878 3280 935 δὲ
3318 880 3646 945 ’Δπόστολος
3674 883 3790 953 περὶ

2218 971 2331 1026 τῶν
2358 972 2594 1038 ἀναξίως
2618 971 2729 1024 τῶν
2761 970 3078 1041 μυστηρίων
3103 969 3593 1039 ιπιθιγγανόντων,
3621 973 3750 1043 φησί
3775 989 3788 1002 ·

2228 1086 2248 1120 ι
2285 1067 2382 1119 Διὰ
2409 1066 2570 1121 τοῦτο
2603 1066 2663 1118 ὲν
2693 1066 2823 1136 ὑμῖν
2855 1062 3041 1117 πολλοὶ
3059 1065 3357 1135 ἄρρωστοι,
3379 1063 3475 1118 καὶ
3498 1065 3792 1134 κοιμῶνται

2225 1159 2422 1214 ἱκανοί.
2461 1176 2479 1209 ι
2522 1158 2684 1212 Ἀλλά
2742 1157 2841 1226 τῆς
2872 1155 3091 1218 εὐθείας
3121 1154 3623 1226 ἀπεπλανήθημεν,
3657 1158 3790 1227 διορο

2222 1254 2397 1307 θῶσαι
2424 1251 2743 1324 βουλόμενοι
2774 1249 2883 1303 τῶν
2939 1249 3169 1320 ἀμαθῶν
3210 1250 3309 1320 τὴν
3355 1250 3639 1307 ὑπόνοιαν.
3668 1252 3791 1319 ’Δγε

2223 1347 2309 1417 δὴ,
2338 1346 2430 1400 τὸν
2459 1346 2616 1414 λόγον
2650 1344 2901 1417 καθάπερ
2944 1344 3113 1398 ίππον
3150 1343 3530 1413 άφηνιάσαντα
3584 1343 3791 1414 εὐφυῶς

2223 1440 2768 1512 ἡνιοστροφήσωμεν,
2799 1438 2861 1491 τὸ
2883 1438 3046 1509 ῥητὸν
3077 1435 3576 1507 ὲπαναλαδόμενοι·

2303 1528 2413 1601 (Ὦ
2435 1534 2596 1602 γενεὰ
2615 1534 2818 1586 ἄπιστε
2840 1532 2934 1584 καὶ
2950 1530 3382 1603 διεστραμμένη,
3408 1529 3515 1593 ἕως
3535 1531 3668 1583 πότε
3684 1530 3793 1584 ἔσο-

2231 1643 2327 1696 μαι
2363 1624 2484 1697 μεθ’
2512 1625 2705 1694 ύμῶν;
2745 1624 2890 1687 Ἕως
2922 1625 3053 1678 πότε
3088 1622 3352 1691 ἀνέξομαι
3377 1622 3570 1693 ὑμῶν;
3605 1622 3792 1693 Φέρετέ

544 1716 691 1768 illum
739 1715 806 1769 ad
863 1730 966 1770 me.
1026 1734 1045 1767 ι
1105 1714 1218 1770 Mos
1270 1726 1351 1768 est
1400 1712 1689 1768 immundis
1741 1713 2019 1781 spiritibus
2054 1714 2119 1766 ad

2231 1733 2322 1786 μοι
2365 1716 2531 1768 αὑτὸν
2591 1708 2716 1772 ὦδε..
2743 1733 2761 1766 ι
2795 1713 3051 1769 Εῖθιοται
3078 1716 3194 1778 τοῖς
3239 1716 3460 1783 μιαροῖς
3528 1714 3792 1783 πνεύμασι

541 1808 802 1877 quasdam
864 1808 1002 1863 luna:
1056 1809 1403 1873 mutatiOnes,
1447 1806 1513 1860 iis
1558 1821 1695 1873 quos
1745 1815 1961 1871 vexant,
2008 1818 2122 1860 tur-

546 1900 819 1952 batiouem
874 1900 1072 1955 mentis
1127 1900 1371 1970 injicere.
1436 1896 1747 1964 Quor-eum?
1795 1896 1863 1951 Ut
1912 1910 2119 1953 astrum

540 2004 572 2040 ει
610 1987 716 2043 Deo
769 1998 914 2045 recte
965 1992 1236 2044 conditum
1293 1988 1409 2060 (56)
1467 1991 1531 2041 ad
1585 1999 1886 2042 creaturam
1939 2006 2119 2046 rerum

544 2082 868 2147 utilitatem,
937 2081 1117 2136 lunam
1173 2084 1327 2145 dico,
1361 2083 1669 2139 detrimenti
1709 2099 1870 2139 causa
1928 2085 2120 2138 existi-

544 2186 754 2242 metur,
824 2186 983 2245 atque
1038 2175 1165 2232 inde
1218 2177 1443 2231 Creator
1503 2186 1560 2231 ut
1620 2177 1883 2233 malorum
1939 2180 2119 2248 epifex

544 2268 913 2337 vituperetur?
969 2268 1025 2323 Id
1080 2270 1349 2325 malitiose
1396 2271 1688 2325 commenti
1754 2274 1895 2329 hanc
1950 2274 2122 2328 disse-

545 2362 822 2415 minarunt
861 2363 1169 2431 opinionem
1195 2404 1209 2429 ,
1243 2366 1386 2433 quod
1432 2365 1557 2419 luna
1612 2365 1997 2430 incrementis,
2057 2381 2123 2420 ac

542 2456 904 2509 decrementis
960 2456 1076 2508 suis
1098 2455 1366 2523 ejusmodi
1418 2458 1665 2528 caliginis
1713 2460 1784 2513 sit
1825 2458 2113 2514 εσθαι-ιιι

545 2549 688 2602 unde
734 2547 1003 2602 lunaticos
1046 2549 1388 2617 appellarunt
1435 2565 1501 2604 eo
1548 2553 1737 2606 morbo
1789 2552 2118 2609 laborantes.

546 2638 659 2694 Ilac
694 2642 857 2709 igitur
890 2641 1188 2697 instructus
1232 2656 1394 2710 prava
1426 2642 1682 2712 opinione
1731 2646 1993 2699 accedens
2035 2645 2124 2699 hic

543 2732 727 2799 homo,
754 2742 917 2803 atque
944 2735 995 2787 id
1025 2737 1170 2805 quod
1198 2746 1318 2789 erat
1350 2736 1531 2790 dicere
1553 2738 1809 2792 amittens
1830 2756 1843 2792 :
1866 2735 2123 2793 Miserere

545 2824 658 2879 lilio
683 2843 822 2889 tneo,
841 2828 1096 2896 quoniam
1115 2828 1417 2883 damnOnum
1443 2844 1604 2900 opera
1624 2832 1891 2899 agitatur:
1917 2850 1937 2881 ι
1962 2831 2118 2897 Quia,

546 2921 744 2991 inquit,
774 2921 1043 2976 lunaticus
1060 2930 1176 2987 est;
1210 2940 1230 2973 ι
1256 2934 1422 2992 atque
1444 2923 1544 2976 hoc
1566 2939 1801 2993 arguens
1822 2924 2118 2979 Dominus:

549 3033 569 3065 ε
604 3013 650 3067 0
679 3016 979 3084 generatio,
1010 3016 1107 3077 ait,
1147 3015 1424 3071 incredula
1482 3024 1537 3069 et
1571 3032 1847 3085 perversa.
1889 3036 1907 3068 ι
1936 3016 2123 3087 Neque

2227 1811 2371 1863 κατά
2384 1825 2536 1873 τινας
2561 1807 2850 1878 σεληναίας
2873 1808 3078 1877 τροπὰς
3098 1806 3197 1878 τὴν
3218 1798 3555 1877 παραφορὰν
3577 1807 3796 1871 ἐπάγειν

2221 1905 2335 1966 τοῖς
2384 1902 2703 1972 πάσχουσιν.
2752 1900 2868 1954 Ἵνα
2899 1901 2950 1954 τί
2996 1900 3262 1969 rev-qut;
3328 1900 3446 1952 ’Ἰνα
3498 1898 3561 1951 τὸ
3624 1897 3795 1961 καλῶς

2221 1994 2625 2066 δημιουργηθὲν
2656 1996 2883 2064 σημεῖον
2917 1991 3002 2046 ἐπ’
3034 1990 3365 2063 εὐεργεσίαν
3396 1991 3495 2061 τῆς
3544 1991 3792 2052 κτίσεως,

2222 2088 2256 2155 ἡ
2290 2086 2511 2156 σελήνη,
2544 2084 2711 2156 φημὶ,
2740 2082 2945 2156 βλάϐης
2969 2083 3141 2137 αἴτιον
3184 2081 3438 2153 νομισθῇ.
3488 2082 3796 2135 Κάντεῦθεν

2225 2178 2626 2249 βλασφημεῖται
2681 2179 2711 2230 ό
2770 2176 2995 2247 κτίστης
3029 2175 3103 2238 ὡς
3152 2174 3339 2229 κακῶν
3396 2174 3665 2245 ὑπάρχων
3707 2174 3792 2246 δη-

2227 2271 2508 2342 μιουργός.
2561 2270 2734 2324 Τοῦτο
2791 2269 3118 2341 πανούργως
3157 2269 3451 2339 νοήσαντες
3506 2268 3671 2336 δόξαν
3721 2270 3799 2321 ὲνο

2222 2365 2506 2435 ἑσπειραν,
2532 2363 2664 2433 ὡςή
2690 2363 2891 2435 σελήνη
2924 2366 3046 2429 ταῖς
3081 2364 3241 2427 ίδίαις
3269 2361 3589 2432 αὑξήσεσιν,
3622 2363 3655 2433 ἢ
3692 2380 3801 2431 μει-

2223 2457 2389 2509 ώσεσι
2456 2456 2554 2525 τὴν
2600 2454 2859 2523 τοιαύτην
2904 2456 3174 2509 σκότωσιν
3229 2450 3642 2523 ἀπεργάζεται’
3681 2453 3798 2507 ὅθεν

2223 2550 2710 2620 σεληνιαζομένους
2744 2551 2975 2604 ἐκάλουν
3029 2552 3154 2613 τοὺς
3212 2552 3545 2619 πάσχοντας.
3610 2547 3799 2618 Ταύτῃ

2222 2645 2353 2714 γοῦν
2389 2649 2457 2717 τῇ
2499 2644 2909 2716 διεστραμμένη
2965 2642 3092 2714 δόξῃ
3115 2643 3347 2714 στοιχῶν
3405 2643 3501 2695 καὶ
3568 2633 3731 2704 οὗτος
3775 2640 3803 2693 δ

2223 2737 2531 2807 ἄνθρωπος,
2571 2736 2729 2804 ἀφεὶς
2789 2735 2967 2787 εἰπεῖν
2989 2735 3129 2806 ὅπερ
3157 2729 3262 2805 ἦν·
3319 2753 3338 2785 ι
3384 2734 3644 2803 Ἐλέησόν
3703 2749 3802 2803 μου

2221 2829 2313 2881 τὸν
2355 2828 2536 2893 υίὸν,›
2598 2829 2679 2881 ὅτι
2731 2824 2994 2880 exanimet
3038 2828 3331 2898 δαιμονικῇ
3387 2828 3803 2898 παραφέρεται,

2223 2922 2411 2992 φησιν,
2460 2940 2479 2972 ι
2510 2919 2631 2973 Ὅτι
2659 2919 3071 2989 σεληνιάζεται.
3101 2938 3120 2971 ι
3158 2918 3328 2975 Τοῦτο
3351 2920 3481 2989 γοῦν
3511 2920 3756 2989 ὲλέγχων
3780 2919 3807 2969 ὁ

2223 3014 2427 3082 Κύριος
2450 3027 2465 3042 °
2502 3029 2523 3064 ι
2551 3007 2623 3065 Ὦ
2662 3013 2844 3079 γενεὰ,
2882 3013 3067 3083 φησὶν,
3112 3011 3308 3067 άπιστε
3338 3014 3436 3066 καὶ
3499 3012 3803 3083 διεστραμ-

544 3106 689 3161 enim
747 3120 1056 3174 perversam
1114 3106 1339 3176 insuper
1387 3108 1745 3177 appellasset,
1801 3109 1903 3163 nisi
1965 3109 2119 3177 ltujns

2230 3108 2368 3176 μένη
2395 3107 2408 3159 ι
2436 3125 2455 3159 ι
2485 3108 2601 3161 Οὐκ
2629 3106 2696 3161 ἄν
2722 3105 2783 3160 τὸ
2807 3107 3219 3178 διεστραμμένη
3249 3105 3619 3176 προσέθηκεν,
3661 3108 3711 3159 εί
3735 3104 3811 3177 μὴ

544 3200 1224 3269 Opinionispervcrsionem
1251 3201 1862 3270 ridissethiturnotata
1886 3203 2119 3272 primum

545 3290 646 3345 hoc
670 3300 828 3359 pacto
854 3292 1152 3362 impietate,
1184 3292 1520 3348 curationem
1548 3295 1800 3364 adhibet;
1827 3311 1934 3350 non
1967 3296 2117 3350 enim

543 3398 757 3452 mquam
802 3386 1133 3440 existimavit
1183 3387 1252 3440 ob
1280 3386 1450 3454 patris
1477 3387 1913 3443 incredulitatem
1947 3389 2116 3444 lilium

543 3491 829 3533 commune
852 3478 1174 3534 valetudinis
1190 3480 1509 3535 beneﬁcium
1535 3495 1638 3536 non
1665 3481 1885 3537 lucrari.
1911 3483 2119 3540 [)me-

547 3571 694 3624 nium
724 3571 883 3639 igitur
905 3572 1249 3629 invisibiliter
1274 3576 1474 3628 ardens
1494 3575 1919 3631 irrevocabiliter
1936 3591 2122 3632 exces-

545 3664 637 3727 sit,
654 3678 784 3730 pner
797 3679 925 3719 vero
942 3665 1384 3735 tranquillitatem
1398 3666 1652 3722 divinitus
1667 3669 1845 3723 datam
1858 3669 2114 3724 obtinuit.

621 3774 641 3807 ι
680 3753 831 3809 Tune
881 3767 1229 3813 accesserunt
1277 3758 1525 3827 discipuli
1581 3759 1647 3811 ad
1685 3757 1869 3814 Jesum
1907 3772 2121 3817 secreto

546 3847 787 3903 dicentes
814 3867 826 3903 :
856 3849 1037 3914 Quare
1068 3866 1163 3905 nos
1194 3867 1297 3905 non
1332 3852 1608 3920 potuimus
1656 3853 1855 3921 ejicere
1899 3853 2111 3909 illum?)

547 3941 762 3997 Discere
796 3944 1001 3998 utiliter
1047 3944 1293 4012 discipuli
1342 3946 1585 4011 cupiunt,
1617 3954 1800 4013 utpote
1840 3950 1932 4016 qui
1962 3958 2119 4003 erant

543 4033 822 4101 sapientiae
847 4034 1157 4104 (37)'ipsius
1180 4035 1403 4097 alumni,
1435 4044 1488 4088 et
1518 4035 1764 4092 veritatis
1789 4038 2041 4103 studiosi,
2066 4048 2125 4095 et

544 4125 662 4195 ejus
703 4128 845 4194 quod
885 4141 971 4181 res
1012 4136 1180 4191 esset,
1213 4127 1561 4198 indagatores
1590 4147 1604 4183 :
1637 4132 1984 4186 sciscitantur
2011 4147 2112 4186 au-

548 4225 681 4283 tem,
709 4217 835 4286 quid
868 4218 1249 4286 instrunmento
1276 4217 1460 4282 fuerit,
1487 4222 1775 4290 quominus
1802 4222 1898 4292 ipsi
1924 4224 2123 4281 daemo-

618 4374 664 4409 ⁹⁸
695 4374 933 4447 Marc._v,
965 4377 1054 4432 29.
1128 4378 1173 4411 "
1203 4378 1223 4433 l
1252 4377 1378 4435 Cor.
1405 4394 1480 4447 ιι,
1509 4379 1567 4435 3.

2224 3201 2324 3270 τὴν
2353 3199 2447 3254 τοῦ
2485 3200 2758 3271 δόγματος
2797 3200 2943 3270 ἑώρα
2982 3200 3357 3271 διαστροφήν.
3398 3199 3557 3253 Οὕτω
3613 3201 3809 3269 στηλι-

2222 3294 2421 3356 τεύσας
2443 3294 2709 3364 πρότερον
2730 3294 2829 3365 τὴν
2863 3293 3138 3357 ἀσέϐειαν,
3195 3292 3451 3362 ἐπιφέρει
3501 3298 3605 3363 τὴν
3642 3294 3813 3358 ῐασιν,

2222 3386 2532 3458 παράλογον
2552 3386 2897 3458 ἡγησάμενος
2920 3386 3010 3440 διὰ
3034 3387 3134 3457 τὴν
3180 3387 3456 3459 πατρικὴν
3507 3386 3810 3446 ἀπιστίαν,

2221 3481 2315 3533 τὸν
2366 3480 2534 3533 παῖδα
2578 3480 2653 3553 μὴ
2681 3482 2781 3551 τῆς
2811 3480 2999 3548 κοινῆς
3030 3480 3307 3551 σωτηρίας
3336 3480 3679 3535 ἀπόνασθαι.
3739 3479 3815 3533 Ti;

2226 3574 2326 3645 μὲν
2364 3575 2459 3629 οὖν
2493 3574 2771 3647 δαιμόνιον
2802 3575 3051 3646 ἀοράτως
3076 3576 3410 3647 φλεγόμενον
3459 3575 3643 3647 ᾤχετο
3676 3578 3817 3644 ἁμε-

2226 3668 2530 3741 ταστρεπτί
2548 3685 2563 3700 ο
2589 3669 2619 3722 δ
2644 3668 2701 3722 δὲ
2735 3669 2865 3731 πατς
2900 3666 3051 3730 θείας
3073 3669 3317 3738 γαλήνης
3336 3667 3664 3738 ἀπήλαυσε.

2307 3780 2328 3814 ι
2364 3762 2498 3815 Τότε
2523 3760 2915 3832 προσελθόντες
2936 3762 2986 3815 oi
3022 3760 3263 3830 μαθηταὶ
3294 3760 3389 3814 ἆτε
3402 3760 3503 3827 τῆς
3530 3760 3708 3815 αὐτοῦ
3732 3776 3823 3813 σο-

2225 3854 2354 3925 φίας
2392 3855 2728 3926 ὑπάρχοντες
2767 3852 3045 3925 φοιτηταὶ,
3073 3852 3168 3905 καὶ
3203 3853 3299 3921 τῆς
3326 3851 3588 3920 ἀληθείας
3644 3852 3818 3917 ἐκζη-

2223 3950 2405 4017 τηταὶ,
2430 3952 2525 4001 καὶ
2554 3947 2649 4000 τοῦ
2680 3948 2833 4011 ὄντος
2862 3946 3175 4019 ἐρευνηταὶ,
3201 3948 3295 3998 καὶ
3327 3944 3556 4014 ζητοῦσι
3613 3945 3822 4017 μαθεῖν

2220 4039 2273 4092 τί
2297 4040 2359 4093 τὸ
2388 4038 2638 4093 κωλύσαν
2665 4038 2888 4102 αὐτοὺς,
2917 4037 2995 4109 μὴ
3020 4036 3356 4106 φυγαδεῦσαι
3387 4037 3479 4090 τὸν
3530 4036 3787 4105 δαίμονα
3805 4052 3820 4067 ο

2218 4130 2386 4203 ᾤοντο
2410 4131 2519 4203 γὰρ
2548 4132 2744 4201 μήπως
2772 4130 2878 4183 είσί
2932 4146 3055 4183 τινα
3102 4130 3398 4193 πνεύματα
3457 4129 3691 4198 πονηρὰ
3749 4126 3825 4197 μὴ

2217 4223 2599 4294 κατεπτηχότα
2624 4223 2723 4293 τὴν
2748 4223 2975 4277 ἐκείνων
3004 4220 3182 4294 ἰσχύν.
3211 4219 3280 4276 Τί
3297 4219 3395 4274 οὖν
3420 4222 3450 4273 ό
3466 4220 3677 4291 Σωτήρ
3698 4237 3715 4287 ;
3747 4221 3820 4273 0'3

1772 4492 2097 4555 Francisci
2130 4492 2337 4555 Scorsi
2371 4499 2559 4553 notua.

623 4615 735 4689 (35)
768 4615 1007 4697 Indigna
1037 4618 1281 4697 mysteria
1316 4628 1566 4697 tractant.
1601 4617 1676 4671 lta
1723 4620 1885 4697 etiam
1918 4618 2115 4697 accipit
2150 4623 2192 4678 υ
2223 4618 2326 4672 ilhc
2370 4618 2617 4697 corporis
2656 4616 2860 4697 effectae
2882 4617 3018 4697 _sint,
3044 4621 3136 4672 sed
3164 4616 3274 4697 _l_ioc
3318 4633 3386 4697 ea
3425 4632 3598 4697 prava
3634 4618 3824 4673 homi-

550 4686 733 4760 loc‘um
768 4686 934 4760 Pauli
962 4686 1001 4748 Ι,
1034 4686 1099 4741 ad
1157 4689 1404 4760 Corinth.
1466 4704 1584 4755 cap.
1641 4704 1718 4742 XI.
1786 4688 2116 4741 Ansvlmus:

551 4758 701 4811 Multi
725 4768 840 4824 post
870 4755 1100 4821 Pascha,
1128 4755 1319 4826 inquit,
1345 4760 1505 4812 variis
1527 4760 1719 4812 morbis
1739 4760 2118 4825 corripiuntur,

552 4829 673 4897 quia
699 4829 907 4895 indigne
927 4843 1114 4893 corpus
1132 4827 1330 4881 Christi
1354 4838 1684 4896 acceperunt.
1714 4828 1845 4883 Vide
1877 4839 1929 4883 et
1952 4829 2116 4882 Corn.

553 4896 583 4950 a
625 4896 846 4963 Lapide,
878 4896 929 4947 in
967 4899 1105 4949 hunc
1132 4898 1330 4952 locum.

625 4966 736 5035 (36)
769 4963 835 5017 Ut
872 4968 1075 5033 signum
1112 4984 1143 5019 a
1180 4967 1284 5020 Deo
1313 4980 1445 5021 recte
1472 4969 1763 5022 conditum.
1786 4968 2006 5021 Certum
2038 4977 2119 5021 est

555 5034 848 5087 lunaticum
882 5041 946 5087 de
980 5053 1084 5100 quo
1134 5039 1220 5090 hic
1262 5038 1451 5092 Matth.
1484 5055 1601 5107 cap.
1637 5052 1731 5093 xm
1764 5040 1963 5106 agitur,
2012 5055 2117 5090 non

556 5107 809 5168 naturali,
847 5118 991 5159 certe
1017 5107 1184 5157 solum
1212 5148 1223 5172 ,
1268 5112 1361 5161 Sed
1396 5128 1423 5161 a
1454 5109 1695 5163 da-mone
1722 5110 1883 5161 etiam
1911 5109 2123 5160 incusso

558 5178 747 5227 morbo
783 5186 1030 5227 vexatum
1057 5194 1071 5239 ;
1105 5178 1300 5244 quippe
1340 5195 1461 5230 cum
1492 5181 1740 5231 ennnlcnt
1770 5186 1993 5230 sanctus
2020 5176 2123 5228 Ln-

558 5260 651 5297 cas
705 5244 1090 5297 dannoniacum
1131 5248 1297 5300 fuisse
1324 5249 1582 5311 declaret,
1637 5247 1851 5300 Marcus
1890 5250 2115 5299 surdum

558 5325 613 5386 et
663 5324 867 5367 mutum
899 5314 1150 5382 appellet.
1199 5319 1379 5384 Quare
1412 5319 1575 5386 igitur
1632 5317 1897 5370 limaticus
1934 5317 2121 5386 appel-

562 5385 721 5453 letur,
766 5386 955 5437 merito
991 5387 1155 5451 qnaari
1181 5400 1353 5453 potest
1388 5384 1693 5453 tit—rumque.
1727 5386 1900 5453 Aliqui
1933 5384 2121 5438 Patres

562 5452 727 5506 fuisse
760 5466 969 5521 putant,
1008 5466 1062 5509 et
1089 5472 1117 5508 a
1148 5452 1328 5511 causis
1363 5452 1718 5517 naturalibus,
1745 5467 1800 5508 et
1827 5452 1853 5509 a
1882 5456 2123 5509 daemone

560 5523 708 5593 illum
763 5526 1032 5581 hominem
1087 5524 1418 5579 alﬂictatum.
1459 5526 1516 5580 In
1544 5542 1647 5593 qua
1678 5527 1940 5581 sententia
1974 5526 2123 5578 vide-

562 5602 647 5645 tttr
675 5593 763 5647 hic
798 5595 957 5646 Pater
986 5610 1126 5661 esse,
1156 5600 1245 5664 qui
1271 5600 1381 5649 vult
1424 5599 1697 5651 daemones
1727 5598 1999 5649 abundare
2025 5597 2122 5647 ltu-

564 5678 771 5715 tnorum
824 5668 1071 5729 materie,
1112 5670 1176 5719 ad
1216 5667 1461 5721 homines
1514 5669 1659 5719 Varie
1713 5681 1776 5718 ac
1799 5666 1947 5719 varie
1982 5680 2121 5716 mor-

565 5731 646 5783 bis
687 5737 1076 5801 exagitandos;
1118 5752 1222 5789 non
1267 5746 1443 5790 tamen
1502 5738 1620 5790 ideo
1673 5736 1776 5789 dici
1822 5734 2117 5787 lunaticum

573 5812 744 5872 putat,
788 5807 939 5872 quasi
971 5821 999 5859 a
1050 5807 1192 5861 luna:
1246 5808 1629 5862 mutationibus
1692 5806 2119 5873 perturbationes

2227 4703 2353 4741 num
2385 4689 2637 4756 Opinione
2664 4689 2923 4741 dannonis
2946 4703 3107 4756 opera
3145 4688 3493 4742 disseminata
3515 4687 3827 4754 iactatum,

2226 4769 2285 4812 ut
2324 4759 2447 4811 luna
2494 4772 2656 4813 causa
2704 4760 2827 4810 mali
2866 4759 3229 4819 existimetur,
3282 4768 3448 4825 atque
3500 4761 3657 4814 adeo
3684 4757 3832 4812 Deus

2222 4828 2384 4881 etiam
2447 4842 2624 4881 rerum
2662 4830 2911 4882 conditor
2960 4829 3271 4881 infametur.
3329 4828 3504 4893 Quam
3558 4830 3830 4884 eamde

2223 4911 2446 4967 causam
2476 4898 2591 4965 ejus
2619 4898 3001 4965 appellationis
3038 4896 3608 4967 aﬂerunt__0rigeues.
3647 4909 3826 4953 tract.

2223 4982 2296 5031 tv,
2320 4970 2372 5019 in
2397 4965 2582 5019 Matth.
2606 4968 2929 5036 ,‘7Chrysost.
2951 4968 3095 5020 hom.
3127 4968 3229 5032 58;
3253 4965 3484 5036 Hieron.
3510 4970 3574 5021 in
3602 4968 3829 5024 Couim.

2224 5037 2276 5089 in
2313 5053 2431 5104 cap.
2489 5052 2571 5090 ιν.
2630 5035 2882 5103 Idemque
2919 5038 3082 5107 Beda,
3124 5046 3178 5090 et
3243 5035 3577 5107 Euthymius
3604 5049 3825 5093 norunt

2222 5110 2363 5175 apud
2401 5107 2757 5161 Maldonatnm
2796 5108 2847 5159 in
2882 5108 3023 5160 hunc
3057 5106 3256 5159 locum.
3291 5105 3575 5160 Cteterum
3640 5121 3831 5163 utrum

2220 5177 2383 5229 etiam
2445 5179 2565 5229 luna
2624 5178 2737 5229 suis
2780 5175 3069 5231 inﬂuxibus
3124 5191 3264 5243 quos
3333 5187 3559 5237 vocant,
3612 5178 3672 5231 in
3713 5179 3831 5232 haec

2219 5247 2407 5299 eadem
2463 5245 2598 5297 mala
2643 5246 2844 5315 aliquid
2896 5252 3179 5300 conferant
3217 5247 3453 5300 viderint
3478 5248 3704 5304 medici
3764 5268 3830 5303 ac

2222 5316 2429 5385 physici
2461 5316 2887 5385 philosr>phigui
2928 5321 3040 5369 haec
3064 5316 3365 5383 diaputant.

2296 5382 2406 5455 (57)
2447 5382 2750 5451 Sapientiae.
2775 5382 2899 5439 Tria
2935 5382 3170 5438 ίσόκωλα
3206 5400 3328 5453 qua:
3368 5382 3831 5439 conlittetrtcan-

2222 5470 2336 5525 sam
2388 5471 2485 5508 cur
2517 5456 2759 5523 discipuli
2810 5457 3090 5510 Dominum
3144 5455 3563 5525 interrogarint,
3612 5457 3827 5511 omissa

2232 5524 2439 5579 fuerant
2504 5527 2554 5577 in
2616 5525 2673 5579 P.
2708 5540 2720 5587 ;
2780 5526 2849 5578 ita
2882 5536 3059 5579 tamen
3110 5534 3169 5578 ut
3200 5524 3396 5579 sensus
3424 5524 3553 5578 sine
3591 5526 3687 5580 his
3720 5544 3828 5578 non

2230 5596 2460 5649 deiicere
2496 5595 2780 5648 videretur.
2831 5594 3025 5664 cheri
3062 5603 3238 5650 tamen
3266 5595 3406 5649 eain
3431 5592 3531 5657 G.;
3570 5605 3712 5649 sunt
3739 5612 3831 5650 au-

2230 5676 2335 5785 tem
2389 5665 2487 5719 άτε
2542 5667 2642 5738 τῆς
2696 5665 2862 5719 αὐτοῦ
2944 5665 3134 5737 σοφίας
3201 5682 3371 5737 neque
3435 5672 3508 5717 ad
3568 5668 3833 5740 ὲρεννηυ

2230 5751 2337 5785 τα.

2225 5751 2337 5789 ται.
