4064 6290
322 323 428 388 489

1665 327 1999 389 HOMILIA
2036 330 2249 394 XXIV.

3475 333 3583 399 490

320 437 416 491 τοῦ
441 435 692 510 σώματος
732 439 1044 512 ὑπογράφει
1073 441 1246 511 θέσιν,
1278 441 1353 505 ὡς
1390 443 1456 498 ἂν
1501 442 1574 515 μὴ
1604 443 1896 506 ὃιαπαντξς

2006 444 2348 498 commodum
2401 443 2652 515 designat
2702 448 2938 517 partium
2989 447 3233 518 corporis
3279 445 3463 511 situm,
3512 465 3579 504 nc

319 532 506 605 κάμνῃ
547 534 652 602 τῆς
703 536 949 608 ἀγκύλης
979 536 1008 590 ό
1038 537 1213 602 τόνος,
1255 537 1342 607 ἐφ’
1373 538 1568 592 ἑαυτοῦ
1612 538 1674 590 τὸ
1728 535 1894 609 βάρος

312 626 526 696 ἀνέχων
551 628 650 681 τοῦ
691 628 943 700 σώματος
965 649 978 662 ·
1007 632 1100 685 ἐπὶ
1141 632 1199 686 δὲ
1231 634 1329 703 τῆς
1379 631 1684 704 μελλούσης
1738 631 1895 704 δόξης

316 719 482 788 τιμῆς
532 720 809 793 ὑπεροχὴν
850 725 884 792 ὴ
919 724 1158 796 καθέδρα
1195 726 1474 795 σημαίνει.
1510 726 1584 780 Τὸ
1624 727 1704 788 δὲ,
1742 726 1897 779 «Ούκ

313 812 464 865 ἔστιν
523 815 656 884 ἐμὸν
698 815 942 882 δοῦναι,ι
1001 818 1103 871 οὐκ
1165 818 1470 889 ἀδυναμίαν
1525 820 1894 874 ἐνδείκνυταιο

311 904 435 970 πῶς
465 908 576 977 γάρ
608 907 674 960 ἂν
713 909 746 979 η
771 908 866 962 τοῦ
897 909 1034 963 Θεοῦ
1073 911 1306 981 δύναμις
1329 912 1625 984 άνίσχυρος
1647 913 1892 982 γένοιτο;

309 995 450 1049 ἀλλά
477 996 567 1049 τὸν
590 998 812 1069 άρρεπῆ
834 998 1000 1068 ζυγὸν
1029 999 1128 1070 τῆς
1151 1001 1502 1074 δικαιοσύνης
1527 1003 1892 1076 μαρτύρεται.

1997 550 2236 606 genuum
2294 534 2463 593 ﬂexus
2521 539 2688 597 nimia
2734 543 3088 598 contentione
3139 540 3483 610 delatiscant,
3535 539 3582 595 si

1997 645 2095 699 per
2126 643 2186 683 se
2233 628 2378 699 ipsos
2408 633 2658 702 corporis
2703 634 2914 702 pondus
2955 635 3230 690 sustinere
3276 644 3580 705 cogantur;
3687 656 3698 665 -

1996 721 2051 776 in
2086 718 2267 774 futura
2290 735 2421 777 vero
2447 721 2618 792 gloria
2635 725 2924 792 quamdam
2953 725 3178 782 honoris
3209 726 3581 796 praestantiam

1998 812 2277 882 signiﬁcat
2329 814 2524 869 sessio.
2574 813 2728 881 Quod
2786 831 2915 873 vero
2974 817 3216 878 dicitur:
3255 834 3275 870 ι
3328 816 3448 873 Non
3499 826 3583 874 est

1998 921 2181 961 meum
2234 907 2369 961 dare
2425 906 2602 972 vobis,
2647 925 2668 959 ι
2712 923 2819 964 non
2875 911 3114 965 ostendit
3160 911 3578 982 impotentiam;

1999 999 2274 1069 quomodo
2305 998 2450 1054 enim
2482 998 2753 1070 impotens
2799 1002 2983 1057 divina
3014 1003 3188 1058 virtus
3219 1005 3456 1060 evadat?
3482 1008 3578 1063 sed

311 1087 524 1158 Κριτοῢ
556 1089 666 1160 γάρ
701 1090 1005 1145 ἀδεκάστου
1040 1094 1102 1147 τὸ
1158 1097 1274 1158 τοῖς
1323 1093 1585 1166 ἀθληταῖς
1614 1097 1896 1168 ἀναλόγως

2006 1091 2222 1158 iustitia:
2249 1091 2613 1159 aequilibrium
2642 1093 2694 1147 in
2714 1100 2963 1148 neutram
2987 1096 3333 1165 propendens
3364 1109 3577 1166 partem

311 1179 608 1252 βραϐεύειν
646 1181 715 1235 τά
759 1179 994 1249 επαθλα,
1030 1183 1094 1238 ού
1129 1187 1237 1254 μὴν
1270 1185 1330 1240 τὸ
1361 1186 1452 1240 διὰ
1491 1187 1655 1258 χάριν
1703 1204 1897 1260 προτι-

313 1274 424 1342 μᾷν
448 1273 560 1326 τῶν
591 1273 864 1343 μειζόνων
890 1275 1019 1339 τοὺς
1049 1276 1304 1348 ἥττονας,
1333 1280 1428 1331 καὶ
1463 1277 1577 1333 τῶν
1616 1281 1896 1351 ἀγωνισα-

312 1368 496 1436 μένων
519 1368 651 1431 τοὺς
679 1366 757 1439 μὴ
780 1367 1160 1440 άθλήσανταςο
1191 1370 1282 1424 διὰ
1308 1370 1468 1425 τοῦτό
1499 1389 1668 1442 φησιν
1687 1388 1705 1405 ⁶
1734 1393 1756 1428 ι
1780 1377 1898 1431 Οὐκ

309 1455 466 1510 ἔστιν
495 1459 630 1530 ἐμὸν
661 1458 870 1528 δοῦναι,
894 1480 912 1514 ι
939 1461 1078 1516 ἀλλὰ
1106 1464 1221 1527 τοῖς
1269 1464 1363 1520 τὸν
1413 1465 1605 1534 ἀγῶνα
1634 1469 1894 1541 νικήσασι

305 1552 382 1603 τά
412 1549 512 1619 τῆς
529 1553 694 1625 τιμῆς
714 1553 1023 1608 ἀπόκειται.
1045 1554 1216 1609 Τοῦτο
1232 1555 1288 1609 δέ
1314 1574 1502 1627 φησιν,
1525 1560 1624 1632 οὐχ
1647 1559 1731 1616 δτι
1758 1561 1892 1616 καθα

311 1639 478 1694 ιείταί
504 1659 590 1708 τις
637 1643 700 1698 ιν
729 1645 794 1715 τῇ
829 1644 1103 1720 μελλούσῃ
1138 1647 1266 1718 δόξῃ
1305 1648 1445 1719 μετά
1476 1650 1572 1706 τοῦ
1612 1651 1771 1707 Θεοῦ·
1795 1655 1893 1709 ὲκ·-

307 1732 590 1798 φαντικῶς
618 1733 730 1805 γάρ
755 1735 960 1802 ἔδειξεν
978 1738 1012 1808 η
1030 1737 1360 1811 εύαγγελικὴ
1393 1740 1547 1814 φωνὴ
1573 1743 1632 1796 ιν
1651 1743 1730 1814 τῷ
1763 1746 1897 1818 περὶ

1996 1186 2262 1241 ostendit.
2307 1185 2610 1256 lncorrupti
2654 1187 2801 1240 enim
2843 1186 3046 1258 judicis
3097 1199 3181 1242 est
3231 1192 3582 1258 pl‘OpOl'liOllc

1999 1278 2321 1332 meritorum
2351 1277 2572 1334 athletis
2619 1277 2914 1334 decernere
2959 1281 3203 1348 prauuia,
3241 1297 3418 1350 neque
3451 1298 3582 1336 vero

1998 1370 2187 1440 gratiae
2217 1384 2380 1426 causa
2405 1369 2724 1425 melioribus
2753 1370 3011 1440 praeferre
3046 1370 3282 1442 pejores,
3319 1382 3372 1426 et
3405 1386 3582 1428 cona-

2001 1465 2210 1519 toribus
2259 1478 2355 1520 eos
2389 1463 2483 1532 qui
2529 1463 2752 1518 minimc
2786 1474 3171 1532 certaverunt;
3223 1465 3367 1528 ideo.
3412 1483 3431 1518 ι
3462 1464 3580 1520 Nan

1997 1567 2105 1624 est,
2143 1558 2241 1621 ait,
2277 1573 2458 1613 meum
2486 1557 2618 1610 dare
2647 1556 2822 1622 vobis,
2852 1575 2871 1608 ι
2910 1557 3007 1612 sed
3058 1557 3124 1612 iis
3161 1560 3251 1628 qui
3304 1567 3582 1614 certamen

1998 1651 2252 1714 vicerint,
2295 1649 2520 1705 honoris
2552 1649 2772 1718 praemia
2807 1650 3042 1719 reposita
3071 1662 3220 1705 sunt.
3255 1649 3367 1707 Hoc
3398 1662 3581 1707 autem

1996 1743 2151 1808 dicit,
2183 1758 2290 1798 non
2319 1744 2460 1814 quod
2486 1757 2845 1799 consessurus
2874 1743 2950 1800 sit
2991 1761 3114 1799 cum
3166 1753 3278 1800 Deo
3310 1747 3581 1815 quispiam

304 1826 411 1891 τῆς
455 1824 760 1898 μελλούσης
805 1805 1048 1900 κρίσεως
1099 1805 1432 1903 διηγήμασι,
1460 1805 1547 1889 δτὲ
1601 1805 1791 1907 στήσει
1827 1805 1897 1892 τὰ

2006 1835 2058 1889 in
2091 1835 2273 1889 futura
2305 1833 2508 1905 gloria;
2545 1835 2828 1904 perspicue
2856 1835 3001 1890 enim
3027 1837 3380 1908 evangelicus
3400 1853 3583 1893 serum

316 1919 421 1987 μὲν
455 1918 701 1988 πρόϐατα
732 1921 798 1976 ἐκ
821 1919 1148 1990 δεξιῶν,καὶ
1169 1925 1238 1980 τά
1270 1924 1462 1996 δρίςρια
1493 1926 1553 1994 ιε
1576 1926 1897 1998 εὐωνύμων.

310 2007 488 2076 Δῆλον
513 2009 570 2063 δὲ
598 2009 675 2074 ὡς
701 2011 736 2081 ἡ
769 2008 962 2076 στάσις
1007 2012 1109 2082 τῆς
1167 2014 1442 2086 καθέδρας
1491 2017 1899 2089 παρήλλακται,

308 2102 455 2169 ἀλλ’,
483 2104 561 2168 ὡς
598 2104 757 2177 ἔφην,
805 2104 978 2176 τιμῆς
1024 2106 1304 2179 ὑπεροχὴν
1337 2107 1426 2164 διὰ
1470 2109 1577 2182 τῆς
1629 2110 1900 2186 καθέδρας

304 2195 552 2266 ᾐνίξατο.

395 2305 411 2336 ι
441 2289 550 2342 Καὶ
585 2287 923 2354 ἀκούσαντες
978 2293 1029 2346 oi
1085 2292 1224 2348 δέκα
1276 2293 1519 2365 ἤρξαντο
1567 2297 1902 2367 ἀγανακτεῖν

311 2382 444 2454 περὶ
477 2382 737 2437 Ἰακώϐου
791 2386 888 2438 καὶ
923 2385 1198 2442 Ἰωάννου.
1231 2404 1251 2438 s
1304 2387 1545 2452 ’Δτελεῖς
1570 2389 1733 2455 ὄντας
1775 2392 1902 2457 τοὺς

311 2475 570 2547 μαθητὰς
593 2475 750 2532 οὐδὲν
778 2478 1011 2544 ἀπεικὸς
1050 2480 1148 2534 καὶ
1177 2480 1302 2544 ταῖς
1352 2481 1506 2535 ἀκίσι
1550 2481 1645 2536 τοῦ
1705 2482 1901 2554 φθόνου

308 2569 720 2641 τιτρώσκεσθαι
741 2586 756 2601 ⁸
789 2572 874 2626 διὸ
900 2572 997 2626 καὶ
1026 2571 1402 2642 ἀγανακτοῦσι
1447 2577 1588 2628 κατά
1613 2575 1725 2631 τῶν
1760 2594 1904 2648 συμ-

314 2663 593 2733 φοιτητῶν
615 2663 713 2732 τὴν
735 2651 878 2736 ὑπὲρ
902 2667 1030 2729 τοὺς
1052 2665 1249 2730 άλλους
1269 2667 1567 2740 προεδρίαν
1593 2668 1903 2741 ζητούντων

311 2756 525 2810 λασείν.
575 2756 717 2809 Ἀλλ’
745 2757 890 2811 οὕτω
931 2759 1031 2828 μέν
1064 2775 1211 2824 τινες
1233 2758 1345 2814 τῶν
1366 2761 1475 2831 πρὸ
1503 2762 1662 2832 ἡμῶν
1698 2763 1904 2836 ἑξηγή·

316 2864 505 2902 σαντο.
542 2849 697 2920 Ἐμοὶ
740 2847 798 2902 δὲ
829 2851 892 2903 ού
923 2850 1230 2920 βασκανίας
1271 2851 1423 2905 δοκεῖ
1469 2852 1695 2919 ἔνδειξις
1725 2858 1759 2925 ὴ
1795 2857 1904 2910 τῶν

319 2939 586 3011 μαθητῶν
605 2943 1005 3013 ἀγανάκτησις.
1038 2941 1174 2996 Οὐδὲ
1203 2943 1314 3015 γὰρ
1337 2945 1396 2997 ἒν
1421 2946 1534 3008 τοῖς
1558 2945 1736 3009 ἄλλοις
1769 2964 1904 3020 προ-

313 3034 674 3102 τιμωμένους
725 3034 963 3103 ορῶντες
1017 3033 1460 3104 ὲζηλοτύπησαν.
1501 3036 1634 3089 Ὅτε
1678 3036 1788 3109 γὰρ
1843 3039 1905 3091 τὸ

311 3125 413 3177 τοῦ
462 3125 695 3195 Ἰαείρου
724 3126 1018 3197 θυγάτριον
1038 3126 1266 3198 ἔμελλεν
1290 3128 1538 3201 άνιστᾷν,
1553 3129 1682 3194 τοὺς
1708 3131 1905 3196 ἄλλους
1928 3160 1971 3224 C

312 3220 530 3282 πάντας
563 3219 669 3284 ἔξω
698 3219 1038 3286 καταλιπὼν,
1074 3221 1301 3286 τούτους
1349 3221 1477 3286 τοὺς
1509 3221 1606 3278 δύο
1653 3225 1904 3296 μαθητὰς

313 3313 415 3365 καὶ
453 3312 544 3365 τὸν
575 3313 784 3383 Πέτρον
814 3314 896 3376 είς
937 3313 1041 3381 τὴν
1065 3313 1245 3367 οίκίαν
1275 3315 1566 3384 εἰσήγαγε,
1598 3315 1693 3370 καὶ
1729 3317 1789 3369 ὲν
1824 3316 1903 3389 τῷ

315 3406 439 3477 δρει
472 3404 1022 3477 μεταεοορφούμενος,
1053 3408 1182 3469 τοὺς
1211 3407 1409 3470 αὐτοὺς
1437 3407 1634 3477 μόνους
1657 3407 1901 3477 παρέλα-

316 3497 417 3552 6εν
436 3517 449 3528 ·
484 3498 620 3553 ἀλλὰ
651 3499 790 3570 πρὸς
820 3499 996 3553 ταῦτα
1026 3498 1136 3554 τῶν
1164 3499 1343 3554 ἄλλων
1385 3502 1413 3554 ό
1443 3501 1605 3571 χορὸς
1634 3503 1735 3557 ούκ
1773 3503 1903 3558 ἐδά-

318 3608 527 3662 σκηνεο
553 3594 648 3646 καὶ
683 3592 780 3646 νῦν
826 3591 884 3645 δὲ
931 3591 993 3646 ού
1044 3593 1316 3664 πρότερον
1346 3593 1758 3664 ἠγανάκτησαν,
1798 3597 1904 3661 ἕως

312 3685 387 3740 ἄν
410 3681 551 3739 εἶδον
579 3685 671 3739 τὸν
701 3686 907 3756 Κύριον
939 3686 1360 3760 ἀπανῃνάμενον
1387 3687 1594 3741 τούτων
1617 3687 1717 3760 τὴν
1742 3689 1902 3761 αἴτηο

317 3795 432 3833 σιν.
469 3778 637 3831 Ὥστε
687 3777 910 3832 δοκοῦσι
969 3779 1170 3848 μᾶλλον
1207 3779 1606 3850 συνασχαλλειν
1643 3781 1725 3849 τῷ
1756 3781 1902 3836 διδα-

319 3871 530 3942 σκάλῳ,
565 3870 682 3924 ἀλλ’
712 3873 776 3924 ού
803 3871 1130 3941 φθονοῦντες
1164 3873 1530 3939 ἀγανακτεῖν⁸
1566 3873 1704 3945 πλὴν
1729 3893 1906 3948 παρα-

324 3964 582 4036 μυθεῖται
617 3963 846 4028 τούτους
901 3965 990 4019 διὰ
1051 3965 1151 4034 τῆς
1198 3965 1553 4030 διδασκαλίας
1585 3969 1614 4020 ό
1669 3966 1902 4040 Κύριοςο

318 4057 844 4130 προσκαλεσάμενος
880 4059 991 4127 γὰρ
1024 4057 1244 4123 αὐτοὺς,
1271 4055 1426 4111 εἶπεν
1450 4060 1636 4122 αὐτοῖς
1655 4078 1668 4090 ·

399 4170 420 4204 ι
443 4151 643 4206 Οἴδατε
669 4152 751 4204 ὅτι
777 4153 828 4205 oi
853 4149 1140 4214 δοκοῦντες
1167 4151 1359 4221 ἄρχειν
1383 4150 1492 4204 τῶν
1513 4151 1703 4218 ὲθνῶν,
1739 4169 1906 4208 καταο

320 4245 675 4318 κυριεύουσιν
718 4245 923 4308 αὐτῶν,
955 4245 1046 4298 καὶ
1077 4247 1126 4297 οί
1181 4245 1412 4314 μεγάλοι
1446 4245 1904 4311 κατεξουσιάζουο

321 4355 410 4391 σιν
442 4336 642 4391 αὐτῶν.
669 4355 689 4390 s
743 4336 818 4390 Τὸ
869 4337 1060 4406 τιμὰς,
1093 4338 1251 4408 φησὶ,
1296 4338 1668 4409 προσκαίρους
1697 4338 1901 4407 ζητεῖν,

320 4433 422 4486 καὶ
450 4431 612 4501 δόξης
635 4431 906 4501 ἑπικήρου
941 4431 1096 4501 ὲρᾷν,
1125 4429 1446 4493 ἀλαζονείας
1469 4431 1618 4483 ἐστὶν
1643 4430 1864 4500 ὲθνικῆς
1885 4447 1902 4463 ο

2007 1927 2064 1983 in
2097 1924 2264 1982 futuri
2298 1927 2489 1998 judicii
2515 1927 2877 1997 descriptione
2901 1927 3167 1992 declarat,
3199 1932 3342 1998 quod
3381 1938 3585 1986 statuet

2001 2035 2132 2078 oves
2162 2035 2191 2075 a
2223 2020 2450 2084 dextris,
2480 2019 2667 2075 haedos
2697 2035 2831 2075 vero
2853 2035 2882 2073 a
2907 2019 3147 2077 sinistris
3169 2021 3217 2054 “
3249 2024 3582 2078 :stationem

2003 2129 2134 2169 vero
2172 2111 2404 2169 sessionl
2432 2112 2630 2182 Opponi
2658 2112 3006 2168 manifestum
3040 2122 3159 2168 est:
3195 2115 3312 2178 sed,
3346 2129 3406 2170 ut
3449 2117 3583 2184 dixi,

2003 2205 2230 2262 honoris
2256 2205 2578 2262 excellentia
2613 2205 2880 2261 vocabulo
2906 2205 3169 2263 sessionis
3195 2207 3513 2266 involvitur.

2082 2319 2101 2354 ι
2135 2301 2201 2356 Et
2235 2300 2518 2354 audientes
2547 2298 2736 2353 decem
2768 2307 3050 2366 cmperunt
3093 2299 3363 2367 indignari
3401 2302 3468 2356 de
3491 2299 3586 2356 Ju-

2003 2394 2143 2449 cobo
2193 2401 2248 2448 et
2321 2392 2551 2448 Joanne.
2593 2409 2611 2443 ι
2661 2391 3013 2461 lmperlectos
3064 2395 3246 2450 adhuc
3295 2395 3587 2465 discipulos

2006 2487 2224 2542 invidia:
2253 2485 2458 2541 aculeis
2481 2484 2794 2541 stimulatos
2829 2499 2937 2540 non
2968 2486 3237 2542 absonum
3268 2496 3390 2547 est:
3417 2503 3588 2559 quare

2003 2597 2038 2636 ε
2061 2587 2270 2636 :versus
2303 2576 2707 2647 condiscipulos
2745 2576 3120 2649 indignantur,
3172 2581 3318 2650 quod
3349 2583 3585 2651 primttm

2004 2688 2318 2728 consessum
2369 2687 2481 2743 pra:
2530 2671 2653 2726 aliis
2687 2680 2875 2726 Icnere
2923 2672 3339 2745 contenderem.
3400 2674 3467 2728 Et
3513 2677 3587 2730 ita

2005 2763 2222 2833 quidem
2247 2776 2312 2818 ex
2343 2760 2641 2830 majoribus
2663 2760 2868 2816 nostris
2886 2761 3002 2832 (54)
3028 2761 3195 2830 aliqui
3219 2764 3588 2833 explicarunt.

2007 2855 2136 2909 Mihi
2179 2869 2307 2909 vero
2363 2868 2470 2908 non
2527 2852 2784 2908 invidiam
2838 2853 3232 2922 discipulorum
3291 2855 3591 2925 indignati"

2008 2963 2118 3016 pra:
2149 2960 2209 3001 se
2245 2944 2387 2999 ferre
2419 2944 2671 3009 videtur;
2701 2943 2900 3014 quippe
2939 2958 3062 3000 cmn
3112 2960 3214 2999 nec
3264 2946 3388 2999 aliis
3432 2947 3588 3009 locis,

2007 3053 2131 3092 cum
2190 3035 2434 3091 viderent
2473 3048 2567 3090 eos
2603 3031 2766 3106 155
2812 3032 2916 3087 sibi
2965 3032 3230 3104 praeferri,
3292 3032 3588 3090 invidentia

2010 3129 2343 3184 laborarunt.
2383 3126 2596 3182 Etenim
2623 3125 2760 3182 Jairi
2796 3124 2962 3180 ﬁliam
3011 3136 3370 3182 revocaturus
3406 3129 3458 3182 in
3507 3131 3583 3183 vi-

2010 3233 2116 3276 tam
2144 3221 2212 3284 η’,
2247 3219 2461 3275 caeteris
2508 3217 2643 3272 forts
2688 3217 2916 3282 relictis,
2968 3219 3067 3273 hos
3108 3218 3247 3274 duos
3297 3220 3590 3291 discipulos

2006 3329 2130 3370 cum
2160 3312 2322 3369 Petro
2346 3312 2689 3379 introduxit;
2725 3321 2778 3364 et
2809 3325 2931 3365 cum
2981 3310 3038 3366 in
3083 3322 3267 3367 monte
3298 3314 3589 3385 transfigit-

2008 3418 2158 3462 ratus
2208 3406 2377 3468 est“,
2427 3405 2645 3460 eosdem
2709 3403 2974 3458 duntaxat
3024 3405 3356 3474 assumpsit;
3413 3422 3588 3475 neque

2005 3520 2138 3559 vero
2170 3503 2240 3558 ob
2267 3517 2364 3558 ens
2397 3516 2482 3556 res
2513 3501 2782 3572 reliquum
2814 3509 3019 3557 coetum
3063 3502 3262 3557 invidia
3295 3504 3506 3574 tetigit;
3533 3519 3588 3558 ut

2008 3598 2110 3652 hoc
2141 3611 2271 3652 vero
2305 3595 2423 3650 loco
2455 3610 2561 3648 non
2579 3593 2731 3663 prius
2761 3594 3021 3664 indignati
3040 3603 3188 3657 sunt,
3215 3611 3376 3664 quam
3405 3595 3584 3650 Domi-

2007 3704 2138 3745 num
2174 3686 2445 3757 repulsam
2474 3687 2691 3742 dedisse
2720 3686 3004 3753 viderent;
3053 3685 3236 3756 itaque
3267 3688 3449 3757 potius
3481 3705 3586 3742 una

2006 3794 2132 3837 cum
2158 3777 2422 3847 magistro
2453 3791 2565 3831 rem
2591 3790 2736 3848 agre
2770 3776 2985 3842 tulisse,
3032 3793 3195 3848 quam
3233 3794 3342 3848 pra:
3383 3780 3586 3835 invidia

2007 3869 2277 3939 indignati
2333 3867 2610 3923 videntur.
2669 3867 3051 3922 Verumtamen
3105 3869 3423 3925 consolatur
3494 3884 3590 3923 eos

2007 3964 2314 4023 hortatione
2347 3961 2628 4026 Dominus,
2660 3969 2716 4016 et
2756 3959 2837 4016 sic
2878 3969 3210 4017 convocatos
3243 3961 3538 4032 alloquitur
3569 3978 3584 4017 :

2087 4170 2106 4203 ε
2133 4149 2324 4215 Scitis,
2355 4148 2482 4220 quia
2506 4147 2584 4214 hi,
2605 4147 2697 4218 qui
2723 4146 2976 4200 videntur
2994 4146 3289 4216 principari
3311 4147 3582 4218 gentibus,

2005 4242 2358 4298 dominantur
2378 4240 2490 4305 eis;
2520 4250 2574 4293 et
2601 4239 2876 4309 principes
2906 4251 3092 4292 eorum
3129 4247 3450 4307 petestatem
3489 4241 3587 4292 ha-

2006 4337 2139 4391 bent
2183 4336 2445 4403 ipsorum.
2483 4350 2502 4384 »
2546 4329 2815 4394 Honores,
2867 4330 3065 4400 inquit,
3115 4331 3375 4398 temporis
3427 4331 3588 4398 hujus

2008 4426 2238 4491 ambire,
2270 4434 2323 4479 ct
2348 4422 2545 4478 ﬂuxam
2576 4422 2804 4493 gloriam
2852 4421 3112 4477 aﬂ‘ectare
3160 4423 3430 4492 supct-bize
3458 4440 3591 4493 gen-

323 4521 374 4574 οἶ
423 4519 703 4590 βούλονται
749 4521 1092 4591 τυραννικῶς
1137 4519 1350 4590 ἄρχειν,
1379 4520 1614 4574 καὶτῶν
1659 4520 1904 4592 ἡσσόνων

2016 4519 2150 4574 tium
2204 4525 2309 4580 est,
2360 4531 2480 4586 qum
2520 4515 2805 4586 tyrannice
2854 4513 3122 4568 dominari
3162 4524 3217 4569 et
3250 4529 3412 4584 supra
3464 4519 3591 4569 sub-

325 4612 675 4682 ὲπαίρεσθαι.
713 4613 776 4666 Ol
807 4613 868 4667 δὲ
892 4612 1019 4684 ἐμοὶ
1044 4611 1286 4683 μαθηταὶ
1316 4611 1416 4683 τὴν
1441 4614 1691 4666 ἐναντίαν
1723 4611 1904 4666 αὐτῶν

327 4705 697 4775 βαδιζέτωσαν
737 4704 1008 4775 άτραπδν,
1038 4703 1137 4757 καὶ
1163 4705 1193 4756 ὁ
1224 4702 1336 4756 τῶν
1383 4703 1670 4772 πρωτείων
1689 4705 1914 4774 ἐφιέμε-

323 4813 436 4859 νος.
485 4793 780 4865 κησάσθω
810 4795 870 4847 τὸ
904 4793 1298 4866 μεγαλοψύχως
1346 4796 1480 4848 πᾶσι
1531 4794 1824 4860 διακονεῖν,
1851 4793 1914 4849 τὸ

2013 4613 2156 4667 ditos
2185 4609 2368 4664 cﬂ'erri
2392 4606 2633 4664 student.
2665 4606 2765 4660 Mei
2812 4621 2941 4661 vero
2969 4605 3222 4676 discipuli
3257 4609 3588 4662 contrariam

2014 4702 2138 4757 huic
2171 4702 2355 4754 ineant
2397 4699 2582 4763 viam;
2627 4697 2828 4768 quique
2868 4697 3163 4767 primatum
3213 4700 3435 4766 appetit,
3487 4699 3592 4755 hoc

2019 4800 2368 4862 assequatur,
2404 4799 2463 4844 ut
2491 4789 2644 4843 lucro
2672 4791 2891 4858 deputet
2929 4788 3303 4858 magnitudine
3357 4791 3591 4857 quadam

403 4890 448 4922 ¹⁶
466 4887 658 4944 Matth.
692 4904 820 4956 xxv,
849 4890 942 4946 35.
1023 4892 1066 4923 "
1087 4889 1254 4947 Marc.
1285 4906 1341 4955 ν,
1368 4889 1460 4946 37.
1539 4891 1584 4921 ⁸⁸
1604 4890 1794 4944 Matth.
1824 4904 1961 4956 xvu,
2008 4888 2033 4941 l
2069 4903 2199 4956 seqq

1564 4983 1886 5046 Francisci
1917 4981 2128 5045 Scorsi
2162 4989 2348 5042 notua.

327 5099 380 5152 in
413 5095 614 5150 Lucam
644 5110 659 5148 :
691 5091 871 5159 Neque
921 5091 1200 5146 duodecim
1232 5093 1410 5146 throni
1442 5100 1693 5162 tauquam
1726 5088 1917 5162 aliqua

323 5174 449 5223 sunt
524 5163 816 5232 corporalis
873 5164 1204 5231 receptacula
1273 5159 1596 5232 sessionis:
1645 5159 1735 5232 sed
1790 5161 1916 5229 quia

323 5228 625 5294 secundum
679 5234 915 5298 divinam
958 5228 1360 5287 similitudinem
1398 5231 1614 5302 judicat
1672 5228 1916 5302 Christus

325 5309 625 5376 cognitione
650 5302 913 5364 cordium,
945 5319 1049 5356 non
1073 5299 1490 5422 interi-olyatiotte
1522 5302 1808 5372 factorum,
1842 5299 1918 5352 ita

325 5390 373 5422 ρι
405 5376 632 5422 apostoli
660 5376 715 5422 in
750 5373 1010 5422 iudicium
1036 5373 1263 5422 sniritua
1288 5389 1315 5422 ε
1346 5371 1671 5422 formantur.

324 5390 373 5431 et
393 5371 632 5444 'apostoli
660 5376 715 5427 in
737 5373 1010 5444 judicium
1036 5371 1315 5444 spirituqfe
1346 5371 1671 5441 formantur.

403 5439 518 5512 (54)
562 5444 643 5497 Ex
669 5439 960 5513 majoribus
985 5443 1207 5497 nostris.
1241 5442 1297 5495 S.
1323 5439 1767 5513 Chrysostomum
1804 5439 1918 5492 ior-

331 5511 500 5572 taSsis
534 5511 871 5580 innttit,‘qui
915 5528 977 5565 ex
1017 5514 1215 5567 invidia
1266 5512 1484 5581 quidem
1513 5511 1904 5579 discipulorum

326 5587 753 5654 indignationem
796 5583 1098 5654 profectam
1141 5582 1301 5647 (iil‘il,
1329 5583 1440 5654 sed
1483 5591 1661 5654 tamen
1691 5587 1909 5654 excusat

324 5650 473 5728 quod
513 5655 748 5708 nondum
789 5653 1024 5720 Spiritus
1073 5663 1293 5728 sanctus
1327 5653 1377 5703 in
1420 5651 1696 5728 apostolos
1723 5650 1915 5704 luisset

327 5721 532 5782 ellusns
564 5740 668 5790 quo
710 5734 898 5792 postea
950 5726 1130 5775 ou-mia
1185 5722 1489 5792 huiusmodi
1524 5721 1653 5792 vitia
1691 5730 1913 5788 purgata

325 5808 476 5854 sunt.
520 5791 721 5863 Atque
749 5793 836 5847 hic
890 5795 1104 5863 quidem
1161 5805 1288 5846 ante
1341 5791 1766 5860 Thcolthanem,
1798 5799 1917 5859 post

529 5893 806 5955 ιἈτιιοι..
843 5890 957 5951 Gtt.
995 5886 1314 5951 CXXXII.

2016 5087 2190 5157 ipsmn
2262 5094 2391 5140 vero
2445 5085 2924 5157 Eulhymiusnon
2987 5085 3215 5157 minoris
3277 5087 3591 5143 ambitionis

2015 5154 2185 5212 fuisse
2211 5162 2366 5224 ptttal
2403 5158 2546 5222 quod
2574 5154 2760 5210 decem
2799 5154 3061 5222 indignati
3094 5157 3225 5224 sint,
3253 5169 3415 5223 quam
3447 5161 3591 5224 quod

2016 5230 2125 5282 duo
2181 5223 2414 5294 primum
2451 5227 2630 5280 locmn
2669 5225 3000 5295 atnhiverrint
3032 5242 3047 5278 :
3095 5223 3190 5279 sed
3231 5223 3593 5295 Theophanes

2016 5299 2180 5350 etiam
2212 5297 2280 5350 ab
2309 5297 2509 5366 invidia
2539 5295 2840 5366 discipulos
2872 5294 3118 5366 liberare
3159 5294 3407 5361 conatur,
3438 5301 3590 5366 quasi

2017 5367 2104 5421 illa
2141 5365 2446 5433 indignatio
2470 5381 2580 5419 non
2627 5369 2696 5418 ab
2736 5365 2933 5420 invidia
2959 5402 2976 5426 ,
3023 5363 3114 5419 sed
3147 5380 3176 5417 a
3225 5363 3472 5420 molestia
3514 5371 3593 5422 vel

2017 5437 2237 5489 tristitia
2260 5449 2421 5503 quam
2454 5452 2575 5489 cum
2600 5435 2819 5506 Christo
2845 5434 3003 5489 simul
3039 5437 3404 5506 ostenderint,
3451 5442 3592 5506 quod

2013 5523 2133 5562 eam
2183 5522 2292 5574 prae
2339 5506 2653 5574 sertulerint
2699 5504 3073 5559 ambitionem.
3130 5503 3306 5571 Atque
3363 5503 3480 5561 Ιιοιί
3509 5520 3594 5561 est

2012 5576 2355 5644 οἰκονομίαν.
2384 5573 2517 5629 Vide
2551 5591 2655 5642 qua
2709 5575 2909 5643 pietate
2941 5587 3124 5629 noster
3162 5577 3461 5643 apostolos,
3502 5579 3590 5630 ubi

2016 5648 2206 5716 possit,
2229 5657 2486 5710 excuset;
2513 5662 2630 5699 cum
2650 5645 2889 5699 haeretici
2916 5647 3083 5698 nostri
3110 5647 3364 5714 temporis
3388 5647 3591 5702 nullum

2022 5733 2124 5769 non
2162 5717 2448 5770 accusandi
2482 5730 2575 5770 eos
2606 5717 2778 5788 locum
2818 5717 3258 5788 praetermittunt,
3288 5718 3430 5788 quod
3460 5716 3593 5772 illai-

2015 5791 2248 5844 donatus
2276 5802 2380 5841 non
2412 5802 2519 5842 uno
2546 5787 2598 5842 in
2633 5785 2747 5842 loco
2779 5787 2929 5842 dicit.

3055 5878 3158 5940 ’16
