3984 6284
497 336 607 406 519

1670 333 2168 398 ΤΗΕΟΡΠΛΝΙΒ
2210 333 2553 396 CERAMEI

3665 333 3762 400 5‘20

581 471 601 504 ι
635 451 699 506 Ut
723 465 852 521 ergo
878 450 1103 516 audivit,
1127 448 1255 521 quia
1284 446 1683 510 inﬁrmabatur,
1711 456 1838 500 tunc
1864 445 2077 514 quidem

2264 463 2281 496 ι
2326 446 2419 508 Ὠς
2455 442 2551 499 οὖν
2607 443 2865 516 ἤκουσεν,
2898 448 2979 501 ὅτι
3010 448 3253 514 ἀσθενεῖ,
3277 448 3399 503 τότε
3459 448 3560 519 μὲν
3620 450 3765 521 ἔμει-

498 548 695 597 mansit
732 542 784 596 in
820 544 1010 597 eodem
1060 543 1179 595 loco
1222 541 1433 596 duobus
1479 540 1691 605 diebus,
1726 536 1916 592 deinde
1963 544 2084 605 post

498 638 615 689 luce
645 635 773 688 dicit
796 633 1076 703 discipulis
1101 633 1213 687 suis
1244 650 1259 687 :
1289 631 1489 687 Eamus
1516 631 1569 685 in
1590 628 1833 684 Judaatn
1861 629 2081 683 iterum.

500 728 697 782 Dicunt
750 727 801 781 ei
852 726 1097 795 discipuli
1147 743 1162 779 :
1203 722 1413 789 Rablii,
1474 736 1619 777 nunc
1669 719 1981 789 quaerebant
2035 728 2086 773 te

499 820 668 877 Judmi
722 819 981 888 lapidare,
1029 828 1083 872 et
1132 819 1329 873 iterum
1363 816 1513 871 vadis
1547 814 1709 869 illuc?
1756 831 1775 866 ι
1811 812 1957 868 Duos
1990 825 2087 865 ex-

500 923 713 984 spectat
746 915 861 967 dies
903 922 959 964 ut
995 920 1318 982 potestatem
1352 918 1561 964 natura:
1604 906 1768 962 faciat
1794 904 2084 961 exercendi

495 1008 606 1060 vim
644 1005 801 1075 162
832 1020 1021 1069 suam;
1057 1012 1114 1057 ut
1150 1002 1383 1072 scilicet,
1416 1011 1699 1074 postquam
1725 1014 1877 1055 mors
1919 998 2086 1053 auda-

496 1104 615 1150 CIer
648 1096 921 1150 dominata
970 1095 1182 1159 fuisset,
1217 1095 1390 1161 majus
1435 1094 1817 1148 ostenderetur
1846 1090 2085 1144 miracu-

502 1189 612 1242 lum
667 1200 722 1243 et
775 1190 949 1258 magis
995 1188 1357 1258 inopinatum.
1411 1182 1469 1240 Si
1502 1185 1646 1239 enim
1687 1200 1719 1239 e
1762 1182 1989 1253 vestigio
2032 1183 2086 1237 in

499 1281 820 1336 Bethaniam
874 1278 1151 1351 profectus
1197 1289 1365 1345 esset,
1430 1295 1537 1333 non
1590 1288 1711 1333 erat
1759 1276 2089 1333 conveniens

501 1372 766 1429 Lazarum
800 1374 975 1439 mori;
1010 1388 1115 1427 non
1149 1374 1294 1429 enim
1326 1372 1441 1428 ﬁeri
1494 1380 1695 1440 potest,
1722 1379 1784 1425 ut
1816 1384 1963 1424 mors
1989 1384 2092 1439 po-

502 1472 624 1519 tens
671 1474 951 1535 appareat,
1003 1465 1113 1518 vita
1160 1472 1449 1535 prtesente.
1500 1461 1759 1530 Discipuli
1807 1460 1990 1530 igitur,
2028 1466 2091 1514 ut

503 1558 845 1612 audierunt:
900 1572 920 1608 ι
964 1556 1162 1609 Eamus
1208 1556 1261 1609 in
1301 1553 1564 1620 Judzeam,
1605 1570 1624 1604 ι
1668 1562 1723 1607 et
1759 1557 2089 1617 metuentes,

502 1663 574 1704 ne
618 1645 818 1703 Judteis
850 1648 1112 1702 Dominus
1159 1646 1361 1701 fur'oris
1390 1655 1534 1700 esset
1560 1646 1797 1710 occasio,
1831 1658 1939 1698 non
1971 1641 2089 1696 ausi

503 1742 721 1812 quidem
755 1749 881 1796 sunt
908 1742 1321 1801 contradicere,
1354 1737 1451 1793 sed
1482 1752 1581 1807 per
1626 1738 1861 1806 Speciem
1898 1735 2089 1789 admo-

2194 552 2304 599 νεν,
2336 538 2394 589 ὲν
2416 529 2461 605 ᾧ
2505 531 2575 607 ἦν
2600 536 2773 607 τόπῳ,
2800 537 2895 592 δύο
2929 541 3146 610 ἡμέρας
3165 556 3176 568 ·
3211 540 3403 597 ἔπειτα
3422 543 3561 614 μετὰ
3586 542 3767 597 τοῦτοι

2194 628 2347 696 λέγει
2377 629 2490 692 τοῖς
2529 628 2801 699 μαθηταῖς
2827 631 2995 685 αύτοῦ
3017 648 3031 662 ·
3069 633 3334 703 Ἄγωμεν
3382 636 3463 697 είς
3495 636 3599 706 τὴν
3644 632 3764 687 ’1ουο

2191 722 2347 777 δαίαν
2370 722 2557 778 πάλιν.
2609 721 2879 792 Λέγουσιν
2907 723 3055 787 αύτῷ
3107 728 3155 778 οί
3201 726 3447 797 μαθηταί
3476 744 3490 759 ο
3545 727 3764 789 Ῥασϐἱ,

2193 812 2292 867 νῦν
2309 813 2542 886 ἐζήτουν
2571 830 2632 869 σε
2659 816 2710 869 οἱ
2746 816 2995 871 ⁹ῐουδτιιῖοι
3048 814 3296 883 λιθάσαι,
3329 818 3423 871 καὶ
3452 819 3619 875 πάλιν
3674 819 3771 872 ύπ-

2194 908 2351 977 ἁγεις
2380 910 2533 977 Arei;
2572 928 2592 961 ι
2627 909 2733 963 Δύο
2761 910 2979 981 ἡμέρας
3008 910 3336 983 προσμένει,
3372 912 3557 983 χώραν
3598 912 3770 978 διδοὺς

2192 999 2261 1068 τῇ
2286 997 2449 1066 φύσει
2473 999 2773 1072 ἐνεργῆσαι
2806 999 2869 1055 τὸ
2898 1002 3067 1055 ίδιον’
3099 1003 3173 1068 ὡς
3202 1006 3269 1060 ἂν
3314 1006 3404 1059 ἐπ’
3432 1005 3623 1068 ἀδείας
3682 1002 3772 1059 τοῦ

2197 1091 2434 1146 Θανάτου
2458 1093 3009 1165 κατακρατήσαντος,
3040 1095 3231 1168 δειχθῇ
3267 1097 3330 1153 τδ
3358 1097 3547 1168 θαῦμα
3597 1116 3776 1170 παραο

2193 1185 2497 1258 δοξότερον.
2529 1185 2592 1240 Ει
2620 1186 2731 1257 γὰρ
2762 1186 2927 1252 εὐθὺς
2962 1189 3043 1254 είς
3080 1187 3357 1261 Βηθανίαν
3420 1191 3774 1262 ἐξώρμησεν,

2195 1280 2296 1334 οὐκ
2322 1275 2393 1352 ἦν
2414 1280 2564 1345 sisto;
2601 1280 2865 1336 τεθνάναι
2890 1282 2984 1336 τὸν
3011 1283 3289 1356 Λάζαρον.
3325 1286 3436 1339 Καὶ
3466 1286 3580 1355 γὰρ
3630 1286 3774 1357 ἀμή-

2195 1391 2382 1447 χανον,
2401 1374 2503 1445 τῆς
2524 1372 2673 1444 ζωῆς
2703 1374 3014 1447 παρούσης,
3037 1375 3263 1449 ἐνεργον
3292 1378 3526 1449 ὀφθῆναι
3559 1377 3655 1434 τὸν
3682 1379 3778 1433 θά-

2196 1483 2377 1522 νατον.
2398 1467 2462 1520 Οί
2487 1467 2670 1522 τοίνυν
2699 1468 2941 1539 μαθηταὶ
2958 1470 3298 1535 ἀκούσαντες
3324 1471 3387 1526 τό
3404 1489 3419 1505 ·
3463 1489 3485 1524 ι
3513 1472 3778 1542 Ἄγωμεν

2196 1560 2278 1623 είς
2337 1556 2438 1631 τὴν
2480 1557 2768 1627 Ἰουδαίαν,
2797 1578 2817 1613 ι
2852 1560 2951 1615 καὶ
3004 1562 3331 1628 δεδοικότες,
3387 1564 3465 1636 μὴ
3514 1565 3619 1633 τῆς
3675 1564 3781 1616 τῶν

2212 1650 2489 1705 Ἰουδαίων
2515 1650 2716 1723 λύττης
2746 1650 2911 1721 ἔργον
2939 1653 3312 1719 όδιδάσκαλος
3331 1656 3589 1727 γένηται,
3606 1656 3782 1709 ἀντει-

2198 1745 2322 1797 πεῖν
2347 1742 2446 1813 μὲν
2466 1743 2569 1799 οὐκ
2602 1744 3043 1820 ἐθρασύνθησαν,
3070 1749 3131 1803 έν
3163 1749 3524 1822 προσποιήσει
3556 1748 3613 1804 δὲ
3645 1751 3780 1801 ὑπο-

504 1835 668 1891 nendi
699 1851 729 1889 a
761 1835 1028 1890 sententia
1062 1833 1211 1888 illum
1243 1830 1515 1887 deducere
1561 1829 1745 1886 conati
1778 1838 1941 1896 sunt;
1972 1836 2095 1896 apto

2207 1836 2456 1906 μνήσεως
2488 1837 2749 1906 ἁπεῖρξαι
2794 1838 2989 1895 τοῦτον
3022 1820 3215 1910 ὁρμῆς
3248 1820 3651 1913 ἐπειράθησαν,
3696 1856 3786 1893 πι-

506 1928 761 1981 nimirum
818 1928 884 1981 ad
935 1923 1371 1995 persuadendum
1421 1923 1606 1979 dicere
1654 1919 2089 1992 aggrediuntur:

511 2038 533 2073 ι
578 2019 856 2089 Magister,
891 2031 1037 2072 nunc
1083 2016 1400 2084 quaerebant
1447 2022 1500 2069 te
1526 2011 1699 2068 Judaei
1751 2010 2013 2080 lapidare,
2040 2016 2094 2065 et

510 2112 707 2167 itermu
742 2110 891 2165 vadis
916 2106 1077 2164 illuc?
1104 2128 1120 2158 ι
1159 2107 1298 2174 Quid
1332 2107 1499 2177 igitur
1531 2102 1816 2160 Salvator?
1844 2100 1948 2156 Per
1974 2114 2097 2156 sen-

507 2204 686 2261 sibilia
728 2205 922 2258 iterum
954 2211 1189 2257 mentem
1244 2214 1432 2255 eorum
1475 2197 1637 2269 erigit
1673 2198 1742 2253 ad
1774 2194 1991 2262 altiora,
2040 2202 2097 2249 et

508 2302 589 2357 ait
618 2298 724 2352 illis
753 2313 770 2352 :

588 2408 608 2443 ι
634 2389 819 2443 Nonne
846 2384 1129 2443 duodecim
1161 2393 1289 2441 sunt
1314 2383 1462 2441 hora!
1487 2380 1637 2440 diei?
1668 2380 1726 2437 Si
1756 2382 1881 2452 quis
1908 2380 2098 2436 ambu-

510 2483 705 2538 laverit
730 2483 782 2535 iu
808 2481 918 2545 die,
948 2494 1054 2534 non
1080 2477 1327 2542 oll‘cndit,
1355 2476 1484 2548 quia
1515 2475 1689 2531 lucem
1719 2473 1883 2545 hujus
1911 2473 2093 2531 mundi

510 2572 661 2629 videt
688 2591 702 2627 :
733 2575 777 2627 si
806 2582 986 2626 autem
1016 2570 1376 2625 ambulaverit
1404 2568 1457 2623 in
1492 2577 1670 2632 nocte,
1700 2558 1946 2632 olIendit,
1970 2566 2097 2637 quia

508 2666 601 2720 lus
649 2668 703 2721 in
737 2681 803 2721 eo
835 2681 939 2719 non
988 2673 1091 2718 est.
1134 2680 1153 2715 ι
1185 2661 1395 2727 Quibus
1436 2658 1618 2716 verbis
1652 2659 1752 2715 hoc
1782 2657 2052 2730 signiﬁcat
2081 2673 2097 2711 :

512 2756 629 2815 Vos
656 2758 871 2826 quidem
909 2756 1296 2821 exhorruistis,
1314 2752 1690 2808 existimantes
1720 2766 1806 2806 me
1836 2766 1869 2805 a
1897 2749 2101 2806 Judzeis

519 2850 787 2923 lapidibus
817 2848 1186 2921 impetcndum
1215 2865 1231 2903 :
1262 2846 1358 2903 sed
1401 2846 1557 2916 longe
1586 2860 1617 2900 a
1654 2844 1936 2901 verisimili
1968 2859 2103 2899 eon-

511 2945 721 3015 jcctnra
757 2943 1043 2997 aberratis.
1097 2940 1154 2997 Si
1198 2941 1342 2995 enim
1372 2940 1465 3010 qui
1504 2939 1572 2995 de
1602 2940 1691 2994 die
1723 2937 1778 2993 in
1824 2936 1991 2994 horas
2020 2938 2104 2993 tli-

518 3052 707 3092 menso
734 3034 1015 3090 duodecim
1073 3031 1334 3100 ambulat,
1368 3040 1515 3088 recta
1541 3032 1737 3101 pergit,
1766 3038 1822 3085 et
1850 3028 1968 3087 sine
1996 3030 2102 3084 ulla

515 3131 834 3195 uﬁ'eusione,
887 3137 1111 3195 tutoque
1158 3124 1380 3182 conﬁcit
1414 3126 1553 3191 iter,
1588 3123 1861 3194 quomodo
1904 3138 2002 3179 vos
2035 3123 2106 3179 de
2139 3185 2180 3211 ﬁ

518 3240 627 3291 me,
655 3223 748 3295 qui
786 3223 872 3276 lux
910 3220 1098 3275 mundi
1147 3234 1289 3285 sum,
1322 3216 1745 3289 pertimescitisl
1776 3215 1834 3272 Si
1870 3218 1961 3272 lux
1992 3217 2109 3272 lucc
2144 3226 2181 3251 -ι

518 3316 764 3383 subjecta
804 3314 983 3369 sensui
1020 3314 1189 3381 ipsam
1221 3312 1495 3365 intuentes
1526 3318 1746 3380 prastat
1770 3310 2103 3375 incolumes,

524 3409 699 3477 magis
730 3421 856 3461 vera
895 3420 957 3459 ac
990 3406 1169 3459 divina
1226 3404 1317 3457 lux
1356 3402 1463 3458 ictu
1497 3403 1737 3473 lapidum
1773 3404 1953 3474 potior
1981 3404 2105 3458 erit.

520 3505 697 3570 Atque.
724 3500 809 3554 bic
837 3513 966 3554 sane
994 3508 1074 3553 est
1099 3497 1228 3551 dicti
1254 3495 1412 3565 hujus
1444 3509 1637 3552 sensus
1665 3498 1905 3553 exterior
1933 3514 1948 3551 :
1977 3512 2108 3553 con—

522 3595 676 3648 venit
706 3604 887 3647 autem
923 3606 1020 3646 nos
1053 3590 1393 3646 reconditum
1430 3589 1633 3660 aliquid
1676 3590 1903 3645 interius
1932 3590 2107 3647 intro-

524 3692 755 3761 spirere.
784 3690 936 3753 Quod
964 3688 1107 3741 enim
1161 3683 1481 3756 profundius
1509 3684 1766 3754 quiddam
1797 3684 1912 3739 haec
1932 3685 2109 3740 oratio

525 3784 782 3848 involvat,
809 3782 1048 3837 ostend.t
1078 3795 1165 3835 res
1198 3778 1314 3849 ipsa
1346 3778 1689 3833 dissentanea
1721 3778 1942 3831 rationi.
1972 3776 2105 3831 Nam

525 3892 699 3945 neque
725 3876 812 3945 qui
845 3885 1007 3927 noctu
1035 3871 1295 3935 ambulat,
1329 3870 1638 3925 necessario
1660 3868 1906 3937 oﬂendit,
1933 3884 2109 3941 neque

524 3971 772 4042 quisquis
828 3966 1083 4032 interdiu,
1112 3965 1178 4019 ab
1227 3962 1556 4018 otl‘endiculo
1603 3971 1751 4017 tutus
1796 3971 1899 4017 est.
1952 3961 2108 4017 Nunc

524 4065 782 4134 quoniam
825 4060 928 4114 diei
964 4058 1243 4114 distribuit
1293 4060 1477 4123 lioras,
1510 4056 1682 4111 noctis
1720 4065 1898 4109 autem
1950 4070 2106 4109 men-

522 4159 722 4213 tionem
742 4156 967 4218 furious,
990 4154 1191 4206 nullum
1215 4152 1282 4205 de
1303 4149 1450 4205 boris
1468 4148 1673 4219 profert
1696 4149 1941 4211 verbum,
1964 4147 2107 4217 quod

520 4254 642 4301 erat
660 4246 897 4299 futurum
912 4259 977 4298 eo
997 4256 1249 4299 sermone
1264 4240 1622 4295 adumbravit.
1640 4240 1719 4295 Ac
1734 4240 1872 4295 diem
1886 4240 2107 4309 quidem

522 4354 579 4395 ct
625 4343 796 4394 1υιύιιι
846 4339 1083 4407 seipsum
1134 4334 1455 4405 appellavit;
1500 4334 1653 4401 juxta
1697 4349 1855 4404 quem
1889 4348 2107 4389 sensum

525 4434 619 4487 lilii
666 4433 799 4485 lueis
853 4441 908 4482 et
942 4428 1049 4482 diei
1086 4436 1348 4481 vocantur
1376 4426 1659 4481 credentes
1688 4426 1754 4480 δ’.
1785 4425 1845 4479 Et
1878 4424 2111 4482 fortasse

2201 1927 2379 1991 θανῶς
2415 1927 2579 1999 δῆθεν
2627 1932 3065 2004 ιπιχιιρῐσαντες
3087 1947 3105 1965 '
3138 1952 3157 1985 ι
3188 1933 3406 2001 Ῥασδὶ,
3429 1934 3525 1989 νῦν
3557 1934 3787 2005 ἐζήτουν

2202 2036 2261 2073 σε
2293 2021 2344 2073 οἱ
2379 2019 2628 2075 Ἰουδαῖοι
2653 2022 2901 2090 λιθάσαι,
2923 2023 3019 2077 καὶ
3057 2023 3222 2078 πάλιν
3253 2026 3408 2090 brat;
3434 2044 3453 2077 ι
3487 2024 3556 2079 Τί
3610 2020 3707 2079 οὖν
3758 2026 3787 2078 ό

2206 2111 2434 2184 Σωτήρ;
2463 2114 2567 2167 Διὰ
2595 2113 2707 2169 τῶν
2734 2114 3015 2190 αίσθητῶν
3053 2116 3220 2170 πάλιν
3266 2118 3463 2187 ἀνάγει
3506 2117 3606 2172 τὸν
3658 2118 3786 2171 νοῦν

2200 2205 2383 2261 αὐτῶν
2414 2210 2496 2274 εις
2518 2206 2588 2261 τά
2627 2208 2964 2281 ὑψηλότερα,
2990 2208 3170 2280 λέγων
3208 2212 3417 2277 αὐτοτςο

2282 2410 2301 2442 r
2324 2390 2463 2461 Οὐχὶ
2493 2389 2709 2446 δώδεκα
2733 2385 2879 2465 ὧραί
2919 2392 3028 2446 εισι
3053 2392 3155 2463 τῆς
3204 2393 3418 2465 ἡμέρας
3449 2412 3464 2458 ;
3528 2393 3655 2449 Ἐάν
3704 2410 3791 2457 τις

2206 2482 2575 2553 περιπατήσει
2618 2486 2679 2537 ὲν
2718 2488 2785 2557 τῇ
2844 2486 3055 2557 ἡμέρα,
3107 2485 3171 2539 οὐ
3213 2486 3566 2557 προσκόπτει,
3614 2488 3697 2541 ὅτι
3728 2487 3791 2541 τὺ

2205 2574 2321 2645 φῶς
2367 2575 2464 2629 τοῦ
2493 2576 2701 2647 κόσμου
2735 2574 2930 2659 τούτου
2978 2575 3204 2647 βλέπει·
3273 2578 3370 2631 ἐὰν
3410 2578 3468 2632 δέ
3495 2594 3582 2642 τις
3628 2596 3792 2649 περι-

2205 2670 2370 2722 πατεῖ
2424 2671 2483 2723 ὲν
2527 2672 2595 2739 τῇ
2664 2668 2841 2735 νυκτὶ,
2900 2670 3263 2740 προσκόπτει,
3298 2671 3381 2725 δτι
3438 2669 3501 2725 τὸ
3566 2672 3685 2741 φῶς
3735 2673 3795 2724 ὲν

2204 2758 2356 2830 αὐτῷ
2376 2760 2477 2813 ούκ
2505 2758 2672 2815 1ἐστιν.
2701 2778 2723 2812 ι
2760 2761 2828 2813 '0
2854 2759 3005 2831 λέγει
3064 2761 3312 2817 τοιοῦτόν
3366 2765 3557 2818 ἐστιν’
3595 2763 3793 2836 Ὑμεῖς

2210 2851 2311 2923 μὲν
2339 2852 2837 2926 κατωρρωδήκατε,
2864 2852 3178 2925 νομίζοντες
3199 2856 3306 2909 ὑπὸ
3321 2854 3596 2912 Ἰουδαίων
3622 2875 3799 2913 κατα·-

2205 2944 2501 3018 λευσθῆναί
2562 2962 2655 3016 με,
2707 2946 2855 3003 κατὰ
2911 2946 3051 3001 πολὺ
3113 2946 3173 3002 δὲ
3229 2947 3328 3003 τοῦ
3396 2949 3612 3015 εἰκότος
3674 2968 3801 3005 στο-

2208 3038 2427 3111 χασμοῦ
2452 3037 2882 3096 ἔππεπτώκατι.
2919 3040 2985 3094 El
3014 3039 3124 3114 γὰρ
3147 3042 3250 3113 τῆς
3297 3042 3514 3115 ἡμέρας
3547 3045 3633 3107 είς
3688 3042 3799 3098 δώ-

2208 3134 2344 3187 δεκα
2374 3133 2527 3205 ὥρας
2560 3134 2974 3207 διαιρουμένης,
3004 3138 3034 3189 ὁ
3071 3136 3131 3191 ἒν
3169 3138 3308 3208 αὐτῇ
3343 3138 3677 3208 περιπατῶν
3708 3139 3803 3193 εύ-

2211 3227 2483 3299 στιϐήτως
2508 3227 2806 3299 διέρχεται,
2842 3230 3235 3299 ἀπρόσκοπτον
3280 3231 3372 3285 καὶ
3418 3231 3644 3303 ἀσφαλῆ
3703 3248 3805 3285 ποο

2212 3322 2366 3393 ρείαν
2397 3320 2752 3391 ποιούμενος,
2779 3322 2897 3387 πῶς
2925 3324 3087 3394 ὑμεῖς
3114 3324 3246 3394 περὶ
3286 3322 3421 3397 ἐμοῦ
3466 3323 3564 3379 τοῦ
3615 3326 3806 3397 φωτὸς

2209 3414 2305 3468 τοῦ
2344 3415 2554 3487 κόσμου
2594 3417 2944 3485 πεφρίκατες
2998 3417 3061 3470 Εί
3090 3417 3203 3488 γὰρ
3250 3416 3312 3472 τὸ
3362 3418 3623 3490 αἰσθητὸν
3683 3420 3809 3490 φῶς

2207 3509 2333 3571 τοὺς
2385 3507 2519 3561 αύτδ
2580 3508 2878 3578 βλέποντας
2935 3511 3362 3583 ἀπροσκόπτους
3400 3515 3589 3584 τηρεῖ,
3655 3515 3811 3568 κατὰ

2209 3600 2346 3654 πολὺ
2392 3600 2451 3653 τδ
2474 3600 2733 3672 ἀληθινὸν
2784 3600 2881 3657 καὶ
2946 3602 3091 3657 θεῖον
3135 3605 3255 3674 φῶς
3311 3604 3590 3678 ἀνώτερον
3645 3605 3815 3662 ἔσται

2208 3693 2311 3763 τῆς
2335 3692 2444 3747 τῶν
2468 3693 2637 3750 λίθων
2668 3695 2859 3766 βολῆς.
2900 3694 3050 3769 Αὕτη
3080 3698 3183 3767 μὲν
3215 3699 3249 3768 ἡ
3297 3699 3442 3755 κατὰ
3491 3700 3558 3755 τὸ
3604 3702 3815 3771 φαινόο

2214 3803 2376 3857 μενον
2403 3786 2614 3841 διάνοια
2642 3788 2737 3841 τοῦ
2767 3791 2938 3859 ῥητοῦ
2961 3806 2974 3819 ·
3009 3790 3116 3863 χρὴ
3145 3789 3203 3844 δὲ
3232 3792 3380 3863 ἡμᾶς
3409 3790 3589 3847 καὶτὸ
3651 3793 3819 3847 ἔνδον

2212 3879 2582 3933 κατοπτεῦσαι
2608 3883 2948 3954 ἀπόρρητον.
2973 3884 3100 3937 Ὀτι
3163 3885 3275 3957 γὰρ
3337 3885 3647 3959 βαθύτερόν
3699 3887 3821 3942 τιό

2213 3971 2374 4039 λόγος
2404 3973 2727 4039 αἰνίττεται,
2754 3975 2999 4031 δείκνυσι
3018 3976 3114 4031 τοῦ
3147 3978 3477 4050 πράγματος
3499 3982 3564 4034 τὸ
3623 3985 3824 4053 παρά-

2210 4062 2391 4132 λογον·
2422 4062 2547 4115 οὔτε
2571 4064 2681 4133 γὰρ
2704 4066 2762 4116 ὲν
2792 4065 2949 4119 νυκτὶ
2972 4066 3207 4137 βαδίζων
3241 4069 3301 4133 ἑξ
3327 4069 3589 4140 ἀνάγκης
3626 4088 3823 4143 προσ-

2210 4158 2425 4219 κόπτει,
2446 4154 2572 4211 οὗτε
2598 4158 2708 4221 πᾶς
2732 4158 2790 4212 ὲν
2823 4159 3007 4231 ἡμέρᾳ.
3037 4160 3360 4232 περιπατῶν
3391 4164 3548 4232 μένει
3590 4165 3825 4233 ἀπρόσ-

2210 4267 2410 4315 κοπτος
2455 4266 2470 4279 °
2499 4251 2687 4322 ἐπειδὴ
2719 4251 2828 4323 γὰρ
2848 4254 2914 4320 τῇ
2952 4254 3052 4323 μὲν
3082 4255 3267 4326 ἡμέρᾳ
3303 4255 3453 4325 ὧρας
3510 4259 3827 4328 ἀπένειμε,

2214 4341 2313 4410 τῆς
2334 4340 2391 4393 δὲ
2423 4340 2619 4405 νυκτὸς
2649 4341 2936 4412 μνησθεὶς,
2990 4343 3150 4413 ὡρῶν
3202 4345 3341 4409 ὅλως
3389 4350 3494 4403 οὐκ
3550 4352 3829 4421 ἐμνημό-

2214 4448 2397 4497 νευσε,
2430 4433 2493 4484 τ’)
2526 4432 2725 4502 μέλλον
2758 4433 2838 4503 τῷ
2859 4434 3007 4506 λόγῳ
3048 4438 3527 4510 ὲσκιογράφησεν,
3584 4445 3831 4513 ἡμέραν

525 4527 591 4580 de
627 4525 727 4579 hac
772 4523 859 4577 die
904 4523 1114 4576 locutus
1159 4530 1242 4573 est
1271 4516 1483 4574 David:
1520 4537 1541 4570 ι
1578 4517 1683 4572 Per
1712 4518 1853 4573 diem
1887 4533 1991 4572 non
2040 4518 2099 4571 ti-

2218 4528 2317 4597 μὲν
2338 4525 2434 4579 καὶ
2484 4526 2602 4596 φῶς
2646 4526 2828 4580 καλῶν
2851 4528 3071 4594 ἑαυτὸν,
3105 4530 3227 4583 καθ’
3260 4530 3287 4583 ὃ
3317 4532 3381 4601 δὴ
3403 4536 3503 4588 καὶ
3536 4536 3660 4589 υἱοὶ
3705 4555 3831 4604 φω-

528 4617 685 4671 tuebo
713 4616 758 4647 "
776 4633 791 4681 ;
831 4634 850 4667 ι
885 4626 937 4669 et
967 4617 1030 4669 de
1058 4616 1160 4670 bac
1186 4617 1350 4670 etiam
1385 4613 1506 4670 luce
1535 4612 1676 4667 idem
1705 4610 1843 4666 dixit
1874 4624 2106 4680 evange-

525 4709 647 4763 lista
681 4726 694 4760 :
734 4727 753 4759 ι
795 4707 907 4761 Lux
934 4708 986 4761 in
1020 4708 1255 4763 tenebris
1301 4707 1446 4761 lucet
1477 4704 1546 4759 δ’.
1586 4722 1607 4758 ι
1642 4704 1933 4759 Duodecim
1978 4718 2106 4759 vero

528 4802 675 4855 horae
711 4800 1001 4867 discipulos
1050 4800 1287 4869 signant,
1333 4799 1529 4869 quibus
1580 4797 1905 4867 praedicandi
1952 4812 2106 4852 com-

529 4892 675 4946 misit
708 4890 959 4945 ot'ﬁcium.
995 4891 1095 4957 Qui
1144 4894 1305 4959 igitur
1335 4892 1388 4945 in
1422 4892 1524 4945 ﬁde
1553 4890 1853 4947 Salvatoris
1880 4902 1932 4947 et
1968 4907 2105 4960 prae-

528 4983 798 5036 dicatione
829 4983 1193 5050 apestolorum
1228 4984 1330 5037 iter
1361 4986 1481 5038 vitte
1509 4984 1793 5052 peregerit,
1818 5000 1922 5039 non
1948 5000 2105 5040 erra-

529 5075 629 5129 bit.
660 5071 856 5128 Lucem
894 5088 1054 5142 porro
1097 5074 1322 5143 hujusce
1362 5074 1518 5145 133
1569 5075 1751 5129 mundi
1785 5075 1966 5140 ﬁdem,
1999 5090 2106 5146 qua

532 5167 585 5221 in
620 5167 790 5235 ipsum
823 5168 1118 5231 credimus,
1143 5167 1468 5236 appellavit;
1492 5168 1636 5237 quod
1662 5166 1901 5237 profecto
1930 5170 1982 5222 in
2007 5168 2111 5224 hoc

532 5260 735 5313 mundo
763 5274 900 5327 opus
936 5274 1092 5314 suum
1133 5261 1261 5313 lides
1287 5270 1570 5326 exerceat;
1608 5271 1820 5316 noctem
1850 5277 1978 5317 vero
2010 5263 2110 5315 ho-

532 5367 712 5406 rarum
749 5363 1024 5421 expertem
1079 5354 1411 5407 inlidelilatis
1457 5354 1765 5422 caliginem,
1817 5354 1868 5407 in
1914 5369 2017 5422 qua
2067 5353 2114 5408 si

533 5446 657 5516 quis
682 5447 936 5508 ambulet,
969 5444 1213 5507 offendit,
1247 5456 1299 5500 et
1328 5446 1537 5514 plantas
1563 5448 1757 5501 animae
1788 5448 2028 5517 infringit
2060 5447 2112 5501 in

533 5540 839 5593 resistentia
890 5538 1081 5607 lapidis
1121 5538 1394 5607 angularia
1427 5538 1653 5604 Christi,
1686 5539 1776 5608 qui
1821 5540 1998 5595 dictus
2031 5548 2117 5594 est

534 5630 669 5699 lapis
720 5632 1020 5701 oﬂ'eusionis
1073 5632 1141 5685 “.
1206 5632 1331 5686 llaec
1380 5641 1558 5687 autem
1617 5635 1804 5688 dicens
1858 5633 2115 5688 Dominus

605 5810 647 5844 ³⁸
684 5810 881 5881 Epltes.
922 5828 971 5881 ν,
1007 5813 1073 5881 8;
1124 5814 1167 5869 ll
1203 5816 1393 5875 Thess.
1430 5831 1492 5883 11,
1524 5817 1579 5873 '5.
1654 5816 1699 5848 ⁸ο
1733 5818 1876 5876 l’sal.
1919 5834 2004 5883 ιν,
2043 5820 2096 5878 5.

2210 4622 2302 4683 τὸς
2347 4622 2441 4674 καὶ
2474 4621 2690 4691 ἡμέρας
2725 4621 2777 4673 σί
2816 4624 3002 4675 πιστοὶ
3058 4624 3430 4694 ὀνομάζονται
3465 4645 3480 4657 ⁵
3509 4632 3613 4684 καὶ
3673 4636 3832 4704 τάχα

2215 4714 2346 4784 περὶ
2364 4712 2568 4785 ταύτης
2592 4714 2693 4786 τῆς
2721 4714 2940 4786 ἡμέρας
2975 4717 3164 4784 ἔλεγεν
3191 4722 3219 4771 ὁ
3256 4720 3459 4773 Δαὸἱδ·
3500 4742 3521 4773 ι
3552 4724 3835 4797 Ἡμέρας

2212 4807 2273 4860 ού
2309 4806 2726 4877 φοσηθήσομαι⁹
2757 4825 2776 4858 ι
2831 4809 2930 4861 καὶ
2971 4810 3103 4881 περὶ
3159 4812 3354 4866 τούτου
3408 4816 3505 4867 τοῦ
3559 4822 3770 4887 φωτὸς
3812 4823 3842 4873 ό

2214 4896 2375 4959 αὐτὸς
2411 4891 2566 4949 εἶπεν
2614 4898 3016 4971 εὐαγγελιστής
3044 4919 3058 4932 ·
3118 4921 3135 4953 ι
3157 4902 3230 4955 Τὸ
3258 4903 3376 4973 φῶς
3399 4905 3457 4955 ὲν
3492 4910 3557 4975 τῇ
3588 4912 3841 4983 σκοτείᾳ

2216 4990 2421 5055 φαίνει.
2448 5007 2465 5039 ι
2499 4989 2721 5043 Δώδεκα
2764 4990 2822 5045 δὲ
2848 4985 2990 5063 ὧραι
3031 4994 3081 5047 οἱ
3109 4994 3372 5064 μαθηταὶ,
3401 4992 3486 5061 οἷς
3514 4999 3581 5050 τὸ
3644 5007 3843 5073 κήρυ⁸

2214 5098 2335 5151 γμα
2356 5082 2757 5138 ἱνεπίστευσεν.
2796 5084 2857 5138 ὐ
2881 5084 3013 5154 γοῦν
3037 5085 3097 5140 ὲν
3124 5087 3206 5157 τῷ
3229 5091 3371 5156 φωτὶ
3399 5089 3498 5143 τοῦ
3544 5092 3839 5167 Σωτῆρος

2215 5175 2310 5225 καὶ
2331 5173 2412 5243 τῷ
2445 5174 2767 5246 κηρύγματι
2795 5178 2905 5230 τῶν
2941 5176 3203 5250 μαθητῶν
3228 5179 3323 5232 τοῦ
3381 5181 3501 5251 βίου
3568 5184 3843 5243 διανύων

2214 5263 2357 5329 ἁδὺν,
2389 5267 2451 5318 ού
2488 5266 2847 5338 σφαλήσεται.
2880 5268 2999 5331 Φῶς
3020 5268 3077 5323 δὲ
3109 5270 3206 5323 τοῦ
3241 5272 3448 5343 κόσμου
3488 5275 3715 5332 τούτου
3742 5282 3847 5337 καὶ

2212 5360 2314 5427 τὴν
2345 5360 2426 5421 εἰς
2456 5359 2622 5411 αὑτὸν
2655 5361 2839 5413 πίστιν
2868 5361 3176 5433 ὠνόμασεν,
3207 5364 3283 5427 ὡς
3314 5367 3458 5421 κατὰ
3502 5372 3687 5427 τόνδε
3714 5376 3844 5429 -τδν

2212 5450 2419 5540 πόσμον
2478 5451 2885 5522 ἐνεργουμένης
2921 5454 3019 5525 τῆς
3048 5456 3307 5521 πίστεως.
3339 5459 3457 5524 Νὺξ
3512 5460 3571 5515 δ’
3606 5464 3689 5519 ἂν
3751 5472 3842 5540 εἴη

2210 5539 2361 5611 ὥρας
2394 5541 2469 5613 μὴ
2530 5544 2730 5613 ἔχουσα
2756 5548 2789 5616 ἡ
2817 5546 2915 5614 τῆς
2979 5547 3240 5613 ἀπιστίας
3273 5553 3666 5621 σκοτόμαινα,
3710 5539 3848 5615 xze‘

2211 5632 2278 5703 ἢν
2310 5634 2407 5687 ἐάν
2452 5651 2536 5698 τις
2586 5642 2900 5707 περιπατεῖ,
2935 5641 3292 5713 προσκόπτῃ,
3338 5644 3435 5710 τὰς
3481 5644 3606 5719 τῆς

2175 5817 2218 5851 ⁸¹
2255 5817 2415 5877 Joan.
2450 5836 2492 5888 ι,
2530 5819 2583 5875 5.
2660 5822 2703 5852 δ’
2740 5819 2759 5876 1
2795 5820 2940 5877 retr.
2977 5839 3037 5888 ιι,
3069 5824 3123 5879 8.
