4136 6290
388 371 494 434 569

1737 371 2068 434 ΗοιιιιιΑ
2107 373 2352 438 XXVII.

3545 375 3649 441 570

389 485 512 538 σθαι
549 487 713 540 αὐτὸν
754 488 856 552 τὰς
910 490 1134 552 ἀκτῖνας
1170 488 1264 544 τοῦ
1309 490 1653 558 Πνεύματος.
1701 508 1719 541 ι
1763 488 1954 550 Οὐδεὶς

2070 498 2219 544 nocte
2255 489 2522 557 event-rit,
2553 489 2657 546 hoc
2686 501 2793 555 est,
2857 500 3146 558 antequam
3182 488 3423 558 Spiritus
3454 486 3639 560 fulgo-

389 579 498 647 γὰρ
525 576 748 631 δύναται
774 580 972 645 εἰπεῖν,
1003 581 1211 652 Κύριον
1253 580 1487 652 Ἰησοῦν,
1523 583 1570 635 εί
1610 581 1685 653 μή
1716 581 1774 632 ὲν
1803 580 1972 635 Πνεύ-

393 685 525 736 ματι
549 669 709 740 ἁγίῳ.
754 689 771 722 ι
802 700 873 710 ——-
899 691 916 723 t
969 672 1135 725 Οὔπω
1157 668 1224 742 ἦν
1252 672 1478 742 Πνεῦμα
1500 672 1658 743 ἅγιον
1680 688 1695 705 ⁸
1739 673 1833 726 καὶ
1863 671 1972 742 γὰρ

388 759 544 812 clima
579 762 789 832 Ἰησοῦς
824 762 910 816 διὰ
940 765 1179 834 σταυροῦ
1223 763 1562 830 ἐδεδόξαστο.
1598 765 1754 834 Τάχα
1786 765 1842 818 δὲ
1873 765 1972 819 καὶ

388 854 686 907 ἀκόλουθον
715 851 806 925 ἦν,
860 856 952 909 τὸν
996 859 1291 924 ἐπιγνόντα.
1350 857 1561 930 Ἰησοῦν
1593 858 1682 911 διὰ
1709 858 1969 924 πίστεως,

388 947 484 998 καὶ
507 946 671 1000 πάλιν
697 948 756 1000 ὲν
779 951 843 1018 τῇ
870 950 1008 1019 αὐλῇ
1031 951 1126 1003 τοῦ
1152 952 1415 1012 σκιὼδους
1440 952 1606 1020 νόμου
1636 950 1968 1022 ἐμμένοντα,

388 1040 602 1092 καὶτὸν
652 1040 953 1110 ὑπηρέταις
1011 1041 1104 1095 τοῦ
1156 1043 1584 1106 ἀποκτείναντος
1639 1043 1971 1113 γράμματος

386 1127 582 1184 ἑαυτὸν
613 1132 1060 1202 καταμιγνύοντα
1085 1133 1189 1186 ὑπὸ
1210 1133 1309 1203 τῆς
1346 1133 1639 1202 παιεὶσκης
1668 1133 1767 1204 τῆς
1814 1149 1969 1200 νομι-

387 1221 512 1291 κῆς,
544 1225 712 1293 φημὶ,
737 1223 996 1294 λατρείας
1027 1224 1166 1295 πρὸς
1186 1226 1284 1294 τὴν
1326 1225 1556 1295 ἄρνησιν
1576 1224 1678 1288 τῆς
1710 1224 1971 1294 ἀληθείας

386 1313 733 1381 ἐφέλκεσθαι,
766 1316 870 1380 ἕως
897 1314 962 1370 ἀν
1009 1319 1038 1368 ό
1072 1317 1432 1380 ἀποατολικῖις
1489 1316 1646 1385 λόγος
1675 1317 1703 1369 ὁ
1747 1315 1969 1386 μηνύων

385 1406 484 1477 τὴν
513 1408 730 1478 ἡμέραν
759 1410 857 1478 τῆς
898 1409 1136 1475 πίστεως
1173 1409 1424 1478 καθάπερ
1453 1409 1706 1478 ἀλέκτωρ
1739 1408 1968 1479 φωνήσῃ

387 1497 677 1566 κεκραγὼς
728 1497 1056 1569 διαπρύσιον
1083 1517 1098 1532 '
1141 1518 1162 1552 ι
1210 1501 1274 1554 Ἦ
1313 1500 1409 1567 νὺξ
1465 1500 1790 1570 προέκοψεν,
1845 1500 1968 1571 est

385 1585 567 1659 ἡμέρα
597 1589 832 1659 ἤγγικεν
853 1606 869 1621 ο
913 1610 932 1644 ι
961 1593 1055 1645 καὶ
1084 1592 1206 1645 τότε
1242 1589 1477 1657 ἐξελθὼν
1503 1590 1607 1656 ἔξω
1640 1591 1741 1660 τῆς
1763 1589 1860 1644 τοῦ
1883 1591 1970 1643 νό-

383 1698 488 1750 μου
548 1683 708 1744 σκιᾶς
768 1682 997 1741 κλαύσει
1048 1683 1288 1754 πικρῶς,
1320 1683 1567 1738 τουτέστι
1600 1683 1699 1755 τὴν
1739 1683 1968 1754 πικρίαν

380 1773 492 1828 τῶν
537 1777 783 1846 νομικῶν
843 1776 1357 1848 παρατηρημάτων,
1400 1778 1799 1831 συνεκκενὼσει
1852 1780 1966 1840 τοῖς

380 1833 666 1939 δάκρυσιν.
722 1866 882 1924 οὕτω
920 1833 1030 1943 γὰρ
1055 1833 1182 1925 ’ζιέι
1239 1833 1453 1940 Πέτρος
1503 1873 1604 1925 οὐκ
1632 1871 1689 1924 ὲν
1723 1873 1788 1940 τῇ
1824 1833 1962 1938 αὐλή
1998 1833 2042 1889 Β

382 1962 567 2030 μένων
600 1961 891 2029 ἔκλαυσεν,
924 1962 1040 2017 ἀλλ’
1065 1963 1297 2032 ἐξελθὼν
1319 1964 1424 2028 ἔξω
1456 1964 1566 2017 τῶν
1594 1961 1961 2035 πραγμάτων,

380 2057 473 2109 καὶ
506 2053 704 2122 λόγων,
771 2057 868 2108 καὶ
923 2055 1144 2120 τόπων,
1196 2055 1304 2108 τῶν
1339 2055 1623 2126 ἀρνεῖσθαι
1663 2054 1966 2110 ποιούντων

381 2145 471 2198 τὸν
510 2148 739 2216 Κύριον.
776 2148 1191 2219 Ἀρνησαμένου
1240 2147 1372 2216 γοῦν
1405 2147 1554 2213 ἅπαξ
1604 2147 1698 2201 τοῦ
1734 2148 1963 2220 Πέτρου,

377 2237 408 2290 ό
442 2239 697 2310 ἀλέκτωρ
737 2239 1024 2309 ἐφώνησεν
1045 2260 1062 2274 ο
1094 2241 1181 2293 ὅτε
1214 2239 1272 2294 δὲ
1322 2240 1421 2302 τὰς
1452 2240 1644 2303 λοιπὰς
1673 2239 1767 2294 δύο
1797 2240 1968 2312 ἀρνή-

379 2346 494 2391 σεις
533 2331 808 2399 ἐπήγαγε,
837 2331 959 2384 τότε
995 2333 1090 2385 καὶ
1119 2331 1148 2383 ὁ
1195 2332 1446 2402 ἀλέκτωρ
1477 2331 1640 2385 πάλιν
1689 2331 1964 2401 ἐφώνησε,

380 2421 476 2486 καὶ
504 2419 650 2475 οὕτω
675 2421 758 2475 δεῖ
781 2425 925 2475 νοεῖν
945 2422 1006 2477 τὸ
1029 2424 1137 2476 ὑπὸ
1170 2423 1264 2476 τοῦ
1297 2424 1525 2493 Μάρκου
1553 2422 1723 2495 ῥηθέν
1742 2442 1754 2456 ·
1783 2442 1800 2474 ι
1829 2423 1966 2494 Πρὶν

379 2511 651 2578 ἀλέκτορα
700 2514 950 2582 φωνῆσαι
971 2513 1076 2579 δὶς,
1104 2516 1226 2584 τρὶς
1258 2516 1554 2587 ἀπαρνήσῃ
1589 2532 1679 2584 με.
1714 2534 1730 2565 ι
1761 2513 1906 2568 Ἀλλ’
1938 2516 1966 2566 ό

383 2603 484 2674 μὲν
539 2606 746 2674 Πέτρος
797 2605 1056 2677 περιδεὴς
1087 2604 1186 2670 ὢν,
1254 2608 1352 2661 οὐκ
1400 2606 1602 2678 ᾔσθετο
1631 2607 1845 2676 ταχέως
1872 2606 1963 2661 τοῦ

383 2694 703 2767 πτώματος.
750 2696 808 2752 ’0
834 2697 891 2750 δὲ
917 2698 1122 2767 Κύριος
1159 2699 1446 2768 στραφεὶς,
1501 2701 1624 2752 ἐπεὶ
1648 2699 1749 2752 οὐκ
1771 2694 1839 2770 ἦν
1879 2699 1968 2753 διὰ

384 2789 546 2858 λόγου
599 2791 988 2855 κατονειδίσαι,
1042 2792 1180 2861 πρδς
1218 2791 1531 2860 ἀνάμνησιν
1579 2790 1703 2856 ἀγει
1760 2791 1846 2845 διὰ
1870 2793 1964 2844 τοῦ

387 2879 724 2949 βλέμματος.
756 2882 863 2934 Κα“·.
890 2882 918 2933 ό
953 2883 1160 2953 Πέτρος
1213 2881 1396 2945 εὐθὺς,
1431 2881 1506 2938 ὡς
1543 2885 1607 2935 ἂν
1637 2883 1698 2935 ὲκ
1728 2883 1838 2934 τῶν
1869 2884 1966 2936 δα-

385 2974 571 3045 κρύων
606 2977 681 3046 μὴ
739 2977 1049 3046 κατάφοροξ
1104 2977 1356 3046 γένηται,
1414 2977 1512 3029 καὶ
1544 2975 1793 3046 μαθητὴς
1823 2972 1967 3030 εἶναι

383 3067 724 3140 ὑποπτευθῇ.
752 3068 984 3133 ἐξελθὼν
1016 3069 1121 3136 ἔξω
1149 3071 1246 3138 τῆς
1271 3071 1491 3139 ἀνόμων
1518 3070 1709 3139 αὐλῆς,
1752 3071 1967 3141 πικρῶς

2076 596 2162 635 res
2194 582 2491 649 exciperet.
2526 599 2546 634 ι
2595 579 2786 648 Nemo,
2818 582 2985 648 enim,
3016 592 3198 657 potest
3236 581 3420 635 dicere
3465 581 3651 636 Domi-

2074 688 2200 726 untn
2230 671 2415 726 Jesum
2447 673 2548 728 nisi
2576 673 2631 728 in
2658 672 2862 742 Spiritu
2895 684 3084 729 sancto
3101 674 3172 729 ".
3202 690 3222 723 ι
3254 672 3500 727 Nondum
3532 681 3654 728 erat

2072 762 2309 832 Spiritus
2344 764 2524 830 datus,
2562 766 2686 834 quia
2737 764 2895 821 Jesus
2949 765 3190 819 nonduin
3229 775 3346 817 erat
3377 763 3650 833 gloriﬁca-

2075 864 2161 910 tus
2180 854 2251 911 ⁷⁸.
2283 873 2303 906 ι
2337 853 2615 911 Fortassis
2667 856 2833 910 etiam
2891 870 3233 924 consequens
3267 867 3404 919 erat,
3445 864 3523 918 ut,
3559 855 3650 923 qui

2070 962 2170 1016 per
2221 948 2379 1001 (idem
2419 961 2640 1003 noverat
2681 945 2892 1011 Jesum,
2919 958 2973 1001 et
3006 964 3197 1002 rursus
3251 948 3304 1001 iu
3338 948 3482 1001 atrio
3517 947 3651 1017 legis

2071 1037 2380 1094 umbratilis
2411 1039 2576 1110 198
2601 1039 3014 1105 immorabatur,
3034 1054 3266 1108 seseque
3289 1037 3508 1103 litterae,
3531 1055 3654 1108 quae

2069 1129 2274 1184 occidit
2336 1131 2609 1187 ministris
2651 1133 3028 1186 immiscuerat
3076 1133 3143 1187 ab
3203 1132 3424 1197 ancilla,
3463 1132 3650 1201 legali,

2072 1225 2316 1292 inquam,
2347 1224 2497 1281 cultu
2533 1225 2600 1280 ad
2640 1227 2922 1280 veritatem
2951 1227 3254 1296 negandam
3301 1227 3652 1294 pertrahere-

2069 1325 2182 1379 tur,
2213 1318 2389 1374 donec
2413 1317 2750 1385 apostolicus
2793 1333 2977 1373 sermo
3016 1317 3192 1374 instar
3231 1317 3482 1374 canentis
3526 1317 3650 1386 galli

2074 1410 2208 1466 diem
2245 1411 2366 1466 lldei
2398 1411 2661 1468 nuntians
2703 1410 2906 1467 clarius
2937 1411 3248 1466 clamaret:
3285 1430 3304 1463 ι
3353 1410 3466 1464 Nox
3515 1425 3653 1479 prte-

2070 1502 2258 1568 cessit,
2302 1503 2419 1557 dies
2463 1515 2644 1559 autem
2696 1505 3246 1574 appropinquavit";
3289 1524 3310 1559 ι
3348 1514 3476 1558 tunc
3523 1519 3654 1557 vero

2070 1594 2141 1649 ab
2183 1597 2375 1650 umbra
2421 1595 2558 1668 legis
2587 1612 2867 1669 egressus,
2899 1597 3057 1652 ﬂeret
3089 1613 3312 1665 amare;
3343 1597 3650 1651 amaritiem

2069 1688 2281 1743 scilicet
2320 1687 2574 1758 legalium
2608 1690 3058 1744 observatiouum
3093 1705 3188 1759 per
3219 1691 3492 1760 lacrymas
3525 1704 3656 1743 cva-

2069 1787 2281 1832 cuaret.
2314 1777 2408 1833 Sic
2441 1779 2588 1834 enim
2615 1789 2670 1833 et
2705 1778 2902 1834 Petrus
2931 1794 3038 1833 non
3089 1777 3259 1841 ﬂevit,
3294 1779 3419 1833 dum
3453 1779 3655 1833 mansit

2071 1870 2123 1923 in
2152 1870 2314 1932 atrio.
2344 1870 2435 1925 sed
2465 1881 2755 1941 postquam
2784 1885 2848 1927 ex
2899 1874 3075 1933 factis.
3112 1880 3166 1926 ct
3195 1871 3378 1936 dictis,
3404 1881 3460 1924 et
3493 1870 3652 1937 locis,

2069 1978 2191 2033 qua
2222 1971 2280 2017 ut
2305 1963 2593 2018 Dominum
2629 1973 2854 2034 negaret
2881 1963 3200 2028 eﬂ'eceraut,
3262 1980 3322 2018 se
3368 1961 3654 2017 subduxit.

2069 2050 2240 2108 Porro
2282 2060 2462 2109 autem
2496 2055 2561 2106 ad
2592 2055 2823 2122 primam
2857 2052 3004 2108 Petri
3038 2054 3382 2124 negationem
3411 2053 3657 2107 cantavit

2070 2143 2264 2211 gallus.
2291 2143 2394 2201 Ubi
2427 2160 2556 2200 vero
2587 2145 2825 2215 reliquas
2863 2146 2997 2198 duas
3027 2144 3245 2213 adjecit,
3279 2153 3409 2198 tunc
3457 2144 3653 2197 iterum

2071 2236 2247 2304 gallus
2312 2237 2590 2303 cantavit;
2645 2245 2812 2306 atque
2866 2237 2940 2291 ita
3001 2236 3452 2305 intelligendum,
3511 2237 3656 2305 quod

2069 2331 2280 2384 dictum
2322 2339 2408 2384 est
2439 2346 2466 2383 a
2501 2330 2684 2384 Marco
2721 2349 2735 2382 τ
2772 2349 2791 2382 ι
2827 2330 3132 2398 Antequam
3160 2329 3332 2398 gallus
3355 2329 3438 2384 bis
3468 2345 3653 2384 vocem

2070 2423 2302 2486 dederit,
2337 2435 2421 2478 ter
2460 2438 2546 2478 me
2581 2437 2640 2478 es
2678 2431 2979 2494 negaturus
3002 2423 3071 2476 ⁸⁸.
3108 2441 3126 2474 ι
3166 2421 3271 2477 Sed
3306 2423 3501 2478 Petrus
3529 2423 3658 2477 dum

2073 2515 2392 2585 trepidaret,
2427 2515 2608 2570 adhuc
2661 2531 2769 2570 non
2821 2515 3008 2571 statim
3043 2515 3258 2584 lapsum
3290 2529 3413 2569 esse
3441 2531 3501 2568 se
3528 2530 3661 2569 seu-

2069 2607 2180 2673 sit;
2238 2605 2499 2662 Dominus
2531 2620 2660 2660 vero
2699 2620 3019 2670 conversus,
3070 2607 3329 2676 quoniam
3393 2609 3571 2662 verbis
3604 2607 3657 2662 ei

2069 2698 2402 2768 exprobrare
2427 2714 2533 2753 non
2553 2697 2772 2763 licebat,
2792 2700 3074 2753 oculorum
3090 2699 3342 2768 coniectu
3368 2701 3656 2754 conscien-

2071 2792 2198 2846 tiam
2232 2791 2431 2862 arguit.
2478 2791 2570 2846 Ille
2602 2805 2733 2845 vero
2766 2792 3028 2845 continuo
3061 2805 3126 2843 ex
3158 2790 3451 2859 impiorum
3489 2792 3653 2854 atrio,

2072 2892 2224 2938 utne
2265 2898 2363 2954 per
2389 2882 2663 2952 lacrymas
2697 2881 3220 2951 deprehenderetur,
3270 2893 3326 2934 et
3358 2880 3658 2950 discipulus

2071 2988 2195 3030 esse
2218 2973 2582 3041 judicaretur,
2613 2974 2906 3037 excedens,
2931 2987 3117 3027 amare
3142 2972 3468 3041 deploravit,
3495 2985 3658 3041 nega-

2087 3068 2252 3123 tionis
2305 3067 2726 3122 amaritudinem
2809 3065 3065 3135 Iacrymis
3122 3065 3331 3121 dulcem
3390 3064 3655 3120 eﬂicieus.

378 3157 717 3230 ὠλοφύρετο,
746 3158 846 3229 τὴν
871 3160 936 3212 ὲκ
969 3159 1071 3228 τῆς
1093 3160 1380 3230 ἀρνήσεως
1404 3161 1630 3235 πικρίαν
1656 3160 1964 3228 γλυκαίνων

2074 3159 2196 3215 Hazc
2225 3160 2391 3230 igitur
2426 3174 2523 3229 per
2552 3169 2768 3214 noetem
2807 3167 2963 3227 gesta
2988 3165 3118 3213 sunt

378 3253 493 3317 τοῖς
515 3253 774 3322 δάκρυσι.
808 3251 995 3306 Ταῦτα
1025 3252 1127 3321 μὲν
1157 3251 1250 3305 οὖν
1290 3256 1348 3305 ἐν
1385 3254 1545 3305 νυκτὶ
1589 3253 1963 3321 διεπράττετο.

456 3365 474 3396 s
509 3345 732 3422 Πρωῖας
757 3346 815 3398 δὲ
843 3344 1168 3416 γενομένης,
1196 3344 1526 3416 συμϐούλιον
1549 3344 1743 3399 ἔλαθον
1764 3344 1967 3408 πάντες

376 3439 427 3492 oi
455 3440 736 3509 ἀρχιερεῖς
765 3439 860 3492 καὶ
897 3440 944 3490 οί
995 3438 1358 3508 πρεσϐύτεροι
1399 3437 1494 3492 τοῦ
1523 3437 1656 3492 λαοῦ
1705 3439 1848 3492 κατά
1871 3437 1966 3491 τοῦ

390 3530 593 3602 Ἰησοῦ,
610 3529 752 3584 ὥστε
777 3528 1091 3584 θανατῶσαι
1107 3530 1269 3583 αὐτόν
1290 3545 1304 3559 ⁸
1337 3530 1429 3584 καὶ
1459 3529 1723 3601 δήσαντες
1746 3531 1966 3601 ἀπήγα-

379 3643 501 3708 γον,
543 3628 638 3680 καὶ
664 3625 995 3698 παρέδωκαν
1027 3626 1191 3680 αὑτὸν
1219 3627 1431 3697 Ποντίῳ
1479 3625 1702 3695 Πιλάτῳ
1733 3625 1811 3695 τῷ
1837 3628 1968 3695 ήγε-

383 3721 530 3789 μόνι.
578 3737 596 3770 ι
632 3719 724 3789 Μὴ
767 3717 1133 3789 παρέλθωμεν
1171 3718 1468 3782 ἀσκέπτως
1491 3719 1550 3772 τὸ
1573 3718 1661 3772 διά
1695 3719 1794 3788 τῆς
1819 3719 1967 3772 lato-

382 3811 505 3882 ρίας
527 3808 882 3879 δηλούμενον,
915 3807 1036 3872 πῶς
1060 3810 1110 3862 oi
1149 3807 1247 3879 μὲν
1278 3807 1524 3879 μαθηταὶ
1547 3809 1960 3862 σκανδαλιαθέν-

378 3918 474 3964 τες
511 3903 569 3954 ἐν
605 3898 765 3954 νυκτὶ
787 3900 887 3953 οὐκ
911 3900 1265 3970 ὲκκρίνονται
1295 3916 1306 3928 ·
1352 3900 1490 3970 φησὶ
1525 3900 1635 3971 γὰρ
1667 3901 1695 3954 ὁ
1740 3899 1965 3970 Σωτήρ.

388 4011 408 4052 s
450 3993 666 4055 Πάντες
723 3992 885 4060 ὑμεῖς
953 3991 1491 4063 σκανδαλισθήσεσθε
1563 3993 1624 4045 ἐν
1674 3994 1740 4063 τῇ
1804 3994 1963 4046 νυκτὶ

380 4087 572 4156 ταύτῃ.
613 4104 633 4137 ι
673 4085 839 4141 ama
891 4085 989 4139 καὶ
1051 4084 1261 4153 Πέτρος
1297 4084 1493 4148 νυκτὸς
1543 4085 1816 4156 ἀρνεῖται,
1872 4085 1964 4140 καὶ

382 4178 830 4248 συγγινώσκεται
853 4193 868 4211 ο
905 4172 1052 4231 οὗτοι
1091 4177 1150 4231 δὲ
1183 4181 1402 4246 πρωῒας
1431 4177 1737 4248 γενομένης
1787 4195 1971 4248 παρα·-

384 4273 568 4333 δόντες
599 4273 692 4324 τὸν
721 4269 950 4341 Κύριον.
987 4269 1371 4337 ἀσύγγνωστοι
1409 4269 1812 4337 μεμενήκασιν.
1844 4269 1968 4323 Ἐν-

384 4359 579 4416 τεῦθεν
606 4357 996 4430 διδασκόμεθα,
1036 4359 1111 4423 ὡς
1139 4359 1210 4413 τὰ
1236 4358 1338 4428 μὲν
1379 4364 1438 4411 ὲν
1481 4359 1675 4430 ἀγνοίᾳ
1708 4360 1804 4413 καὶ
1849 4359 1968 4412 νεό-

384 4471 507 4525 τητι
530 4451 846 4522 σφάλματα,
873 4452 950 4514 ὡς
972 4452 1030 4505 ὲν
1054 4453 1212 4506 νυκτὶ
1251 4452 1347 4504 καὶ
1377 4453 1557 4522 σκότῳ
1588 4452 1963 4521 πραττόμενα,

2147 3375 2168 3411 ι
2213 3355 2371 3412 Mane
2403 3364 2584 3410 autem
2614 3352 2780 3418 facto,
2851 3354 3140 3409 consilium
3187 3352 3430 3410 inierunt
3463 3369 3658 3409 omnes

2071 3451 2349 3520 principes
2386 3447 2762 3508 sacerdotum,
2792 3455 2848 3502 et
2892 3447 3141 3502 seniores
3183 3447 3361 3516 populi
3394 3447 3658 3502 adversus

2070 3540 2279 3607 Jesum,
2339 3550 2398 3594 ut
2449 3555 2572 3595 eum
2611 3538 2774 3592 morti
2828 3539 3111 3592 traderent
3144 3556 3159 3592 ε
3188 3548 3243 3590 et
3283 3539 3520 3592 vinctum
3557 3539 3656 3592 ad-

2072 3636 2372 3695 duxerunt.
2418 3641 2472 3686 et
2525 3631 2872 3686 tradiderunt
2902 3630 3099 3685 Pontio
3137 3629 3316 3685 Pilan
3353 3632 3592 3701 praesidi.
3630 3651 3648 3682 ι

2073 3726 2150 3781 Ne
2180 3725 2312 3781 illud
2349 3727 2451 3779 hoc
2494 3723 2614 3778 loco
2647 3725 2944 3779 observare
2976 3724 3483 3792 praetermittamus,
3512 3723 3653 3789 quod

2072 3834 2169 3888 per
2229 3817 2515 3872 historiam
2580 3815 2898 3878 indicatur,
2955 3831 3063 3884 qua
3127 3815 3342 3869 ratione
3401 3813 3652 3881 discipuli

2072 3910 2288 3977 quidem
2316 3909 2370 3961 in
2397 3917 2556 3961 nocte
2584 3907 2939 3962 scandalizati
2975 3923 3082 3960 nou
3108 3906 3472 3973 reprobantnr
3500 3904 3614 3975 (58)
3637 3922 3652 3967 ;

2071 4002 2147 4055 ait
2194 4000 2465 4066 siquidem
2517 3997 2820 4054 Dominus:
2859 4016 2879 4050 ι
2937 3997 3138 4051 Omnes
3186 4011 3284 4050 vos
3332 3996 3652 4049 scandalum

2072 4093 2347 4162 patiemini
2375 4094 2430 4145 in
2462 4105 2547 4144 me
2580 4091 2630 4144 itt
2662 4099 2820 4146 nocte
2850 4090 2974 4144 ista.
3012 4109 3030 4141 ι
3077 4089 3218 4154 Quin
3256 4087 3424 4142 etiam
3457 4086 3656 4141 Petrus

2071 4185 2124 4240 in
2160 4193 2316 4240 nocte
2362 4193 2544 4252 negat,
2603 4190 2660 4236 et
2711 4182 2923 4237 veniam
2957 4183 3203 4247 obtinet;
3242 4181 3295 4234 lti
3331 4195 3461 4234 vero
3495 4195 3656 4234 tuane

2072 4274 2238 4340 facto,
2266 4273 2552 4329 tradentes
2585 4273 2873 4326 Dominum
2909 4274 3028 4326 sine
3051 4273 3207 4326 venia
3246 4282 3651 4326 remanserunt.

2074 4367 2210 4422 llinc
2243 4380 2376 4420 sane
2425 4367 2708 4428 docemur,
2744 4379 2864 4433 qua!
2907 4380 3004 4432 per
3033 4364 3400 4433 ignorantiam
3438 4373 3492 4416 et
3523 4375 3656 4416 reta-

2071 4458 2142 4513 tis
2187 4455 2562 4511 infirmitatem
2615 4455 2763 4510 velut
2818 4454 2870 4507 in
2931 4465 3111 4517 nocte,
3146 4454 3495 4523 tenebrisque
3528 4469 3655 4522 pec-

381 4513 776 4615 εὐΙσύγγνωατα
799 4513 1013 4614 γίνεται
1033 4561 1050 4576 ο
1076 4545 1147 4598 τὰ
1173 4544 1230 4597 δὲ
1261 4546 1320 4597 ὲν
1361 4513 1546 4613 ἡλικὶ
1576 4513 1781 4615 τελείᾳ,
1803 4513 1910 4597 ’ὅτε
1937 4545 1966 4598 ό

2070 4559 2308 4616 cantur,
2357 4549 2520 4605 facile
2563 4547 2892 4611 condonari;
2935 4563 3057 4615 qua:
3104 4561 3237 4601 vero
3280 4545 3654 4616 perfectajam

379 4633 538 4702 λόγος
566 4631 908 4704 ἑπιλάμψας,
939 4631 1198 4701 γνώσεως
1231 4631 1356 4697 ἀξια
1401 4633 1675 4702 κρίνεται.
1719 4634 1968 4688 Ἰουδαῖοι

2070 4652 2244 4708 aetate,
2278 4658 2400 4698 cum
2451 4641 2590 4696 ratio
2611 4642 2810 4706 elucet,
2837 4641 3149 4710 cognitione
3171 4656 3234 4695 ac
3255 4639 3463 4708 judicio
3488 4639 3651 4708 digna

379 4723 474 4778 οὖν
526 4722 869 4793 παραδόντες
931 4721 1225 4791 Ῥωμαίοις
1270 4723 1364 4774 τὸν
1397 4722 1627 4792 Κύριον,
1657 4726 1779 4786 ταῖς
1829 4724 1965 4779 Ῥω-

2070 4734 2320 4801 indicari.
2350 4731 2523 4789 Judzi
2554 4733 2722 4801 igitur
2745 4747 2868 4788 cum
2906 4730 3172 4788 Romanis
3214 4731 3504 4786 Dominum
3539 4740 3655 4784 tra-

383 4815 564 4902 μαίων
603 4814 946 4887 πολιορκίαις
976 4815 1133 4868 αὐτοὶ
1162 4815 1563 4888 παρεδόθησαν,
1595 4818 1691 4870 καὶ
1717 4820 1817 4882 τὰς
1857 4819 1968 4872 τῶν

2070 4824 2357 4891 uidissent,
2390 4825 2762 4879 Romanorum
2811 4825 2913 4894 ipsi
2969 4822 3236 4878 obsidioni
3265 4822 3451 4877 traditi
3489 4831 3653 4886 sunt;

383 4907 684 4978 προφητῶν
706 4907 848 4978 ἀράς
877 4908 962 4968 είς
1003 4907 1233 4972 ἑαυτοὺς
1261 4909 1682 4964 ὲπεσιτάσαντοι
1722 4931 1740 4964 ι
1767 4913 1968 4978 Καθὼς

2070 4928 2117 4976 et
2144 4920 2534 4990 prophetarum
2562 4917 2711 4972 diras
2743 4917 2810 4972 ad
2847 4932 2906 4972 se
2940 4925 3370 4987 pertraxerunt:
3429 4933 3448 4965 ι
3481 4914 3655 4969 Sicuti

384 5000 671 5071 εποίησας,
701 5000 836 5070 φησὶ
864 5000 1004 5072 πρὸς
1025 5001 1128 5072 τὴν
1155 5003 1480 5070 συναγωγὴν
1533 5001 1772 5070 ’Δδδιοιλ
1792 5006 1968 5072 οὕτως

2070 5011 2263 5078 fecisti,
2299 5011 2376 5065 ait
2409 5012 2475 5064 ad
2512 5008 2857 5082 Syuagogam
2898 5009 3127 5074 Abdias,
3165 5009 3246 5064 sic
3288 5007 3394 5061 erit
3429 5006 3522 5061 tibi
3560 5025 3573 5062 :
3604 5016 3658 5061 et

452 5134 539 5207 "ll
571 5134 698 5192 Cor.
745 5153 848 5200 stt,
878 5137 932 5192 5.
1009 5138 1057 5171 ⁷⁸
1077 5137 1236 5194 Joan.
1262 5155 1366 5209 νιι,
1390 5142 1480 5197 59.
1557 5145 1601 5176 τ’
1626 5141 1784 5198 Rom.
1826 5161 1945 5211 xm,

2135 5146 2183 5179 ⁸⁸
2202 5146 2371 5200 Mare.
2406 5160 2519 5205 stv.
2546 5143 2638 5199 30.

1625 5262 1942 5326 Francisei
1977 5260 2188 5326 Stzorsi
2225 5269 2418 5325 notas.

454 5392 569 5461 (σε)
618 5389 740 5446 Non

387 5465 501 5529 loco
533 5463 734 5517 habent
772 5461 1147 5526 ὲκκλίνονταις
1194 5464 1287 5513 sed
1323 5461 1496 5516 facilis
1528 5477 1684 5516 error
1723 5465 1964 5529 irrepere

824 5390 1195 5454 reprobantnr.
1259 5389 1593 5456 Exemplaria
1667 5408 1801 5447 mss.
1859 5392 1962 5448 hoc
2062 5407 2215 5453 mea,
2243 5402 2292 5445 et
2327 5392 2661 5460 igitoramias
2702 5406 2844 5443 meas
2884 5407 2949 5460 ne
2995 5392 3317 5455 memineris,
3371 5388 3603 5443 Domine
3633 5405 3656 5443 .·

2062 5463 2114 5515 in
2146 5477 2306 5530 quem
2343 5459 2515 5516 locum
2553 5463 2832 5524 Βοιῶν-ιιι,
2861 5459 3271 5526 Commemorat,
3297 5461 3489 5525 inquit,
3536 5478 3656 5522 pec-

331 5583 338 5590 .
389 5536 556 5604 potuit
587 5545 642 5587 ut
672 5533 700 5584 λ
734 5547 828 5596 pro
862 5552 892 5601 ρ
928 5532 1298 5604 scriberetur.
1347 5531 1727 5604 Ἐκκρίνονται
1814 5533 1960 5588 enim

388 5602 578 5659 acusus
609 5604 822 5657 videtur
853 5603 1090 5670 exigere,
1131 5611 1189 5654 ut
1225 5612 1390 5668 patet.
1444 5602 1630 5670 Itaque
1659 5604 1738 5656 sic
1772 5616 1963 5656 emen-

391 5673 506 5729 davi
536 5682 590 5728 et
647 5673 814 5727 edidi.
879 5671 1150 5727 Caeterum
1191 5673 1335 5738 quod
1378 5675 1614 5738 pertinet
1647 5675 1711 5724 ad
1755 5673 1962 5727 morale

389 5744 793 5808 documentum,
822 5744 964 5810 quod
987 5757 1053 5796 ex
1075 5742 1299 5796 historia
1314 5758 1465 5796 more
1481 5758 1580 5796 suo
1597 5741 1964 5809 Theophanes

2068 5545 2189 5586 cata
2219 5533 2550 5601 juventutis,
2577 5541 2627 5584 et
2662 5532 2991 5601 ignorautias
3013 5571 3025 5591 ,
3058 5533 3112 5583 id
3148 5543 3222 5584 est
3267 5532 3461 5584 delicta
3510 5546 3658 5582 com-

2069 5600 2237 5656 missa
2267 5617 2330 5656 ea:
2359 5600 2689 5670 inﬁrmitate,
2727 5610 2774 5652 et
2801 5602 3123 5669 ignorantia,
3147 5605 3274 5670 quia
3307 5602 3436 5658 ipsis
3487 5600 3653 5670 magis

2059 5687 2218 5739 quam
2254 5670 2375 5724 aliis
2401 5667 2638 5724 convenit
2668 5667 3061 5740 misericordia,
3096 5667 3248 5740 jukta
3311 5671 3440 5724 illud
3496 5667 3647 5722 Pauli

2061 5744 2078 5796 Ι
2107 5742 2173 5796 ad
2203 5742 2344 5796 Tim.
2383 5756 2502 5808 cap.
2543 5755 2558 5794 ι
2590 5758 2605 5794 :
2649 5739 3105 5796 Misericordiam'
3137 5753 3448 5796 consecutus
3511 5756 3654 5803 sum,

390 5813 588 5880 educit,
637 5812 768 5869 facit
830 5813 959 5868 illud
1016 5812 1159 5867 Psal.
1207 5827 1378 5868 χιινς
1423 5811 1624 5866 Delicta
1657 5812 1960 5882 jut'entutis
2057 5813 2180 5873 quia
2207 5812 2460 5882 ignorans
2492 5810 2618 5879 feci.
