4136 6290
399 328 511 393 6'13

1732 316 2062 378 IIOMILIA
2123 318 2387 381 XXXIV.

3575 323 3688 388 6H

411 437 866 516 ὲμφιλοχωροῦσα
881 437 958 510 τῷ
979 438 1245 509 μνήματι,
1266 436 1360 490 καὶ
1378 435 1718 505 περιενόστει
1734 432 1997 498 ἀλύουσα,

2108 432 2248 485 εἰη-ιι
2285 430 2413 484 illud
2468 431 2701 488 libenter
2753 432 3040 491 immorata
3089 436 3456 506 perlustrabat
3501 443 3683 495 (pluuia

413 536 512 590 καὶ
535 533 754 594 λιϐάδας
784 531 1037 598 δακρύων
1066 529 1424 594 ὲνστάζουσα,
1455 529 1522 600 τῇ
1546 527 1792 596 ἔπιμὸνῳ
1820 541 1994 596 προσο

420 624 570 697 εδρία
611 619 948 694 ὑψηλότερόν
990 640 1045 674 τι
1095 619 1478 694 καραδοκοῦσα
1537 617 1755 690 μαθεῖν.
1808 617 1896 680 Ὡς
1938 617 1996 671 δὲ

413 716 886 788 παραθαρῤύνασα
938 713 1163 785 ἑαυτὴν,
1219 713 1351 767 εἴσω
1382 712 1477 767 τοῦ
1515 712 1765 782 θεοδόχου
1818 712 1997 779 παρέ-

414 813 547 882 κυψε
589 813 896 881 μνήματος,
930 807 1202 880 ἀγγελικὴ
1232 807 1469 861 ὀπτασία
1494 805 1783 860 ἐπιπίπτει
1810 804 1995 867 εὐθύς.

407 905 515 957 Δύο
546 903 656 976 γὰρ
686 904 826 975 αὐτῇ
861 900 1346 974 λευχειμονοῦντες
1375 898 1658 969 ἐφάνησαν
1681 894 1906 965 ἄγγελοι
1937 897 1996 947 ὲν

407 997 561 1068 αύτῷ
594 997 672 1067 τῷ
710 997 862 1069 τόπῳ
898 997 1026 1049 ἔνθα
1054 994 1119 1049 τὸ
1149 994 1293 1048 θεῖον
1335 993 1517 1046 ῑκειτο
1547 991 1710 1062 σῶμα
1753 989 1847 1044 τοῦ
1890 987 1998 1060 ἰηο

408 1086 538 1142 σοῦ.
596 1087 706 1140 Καὶ
746 1085 936 1156 insidi]
988 1083 1048 1138 τὸ
1092 1085 1382 1156 σουδάριον
1413 1081 1524 1137 τῶν
1555 1080 1761 1136 λοιπῶν
1785 1079 1998 1153 ὲκεχὼ-

410 1197 591 1253 pirro,
622 1180 816 1253 ἅτερος
849 1182 948 1250 μὲν
975 1179 1299 1250 ἐμφανίζων
1327 1180 1463 1251 πρὸς
1494 1177 1594 1248 τὴν
1628 1174 1878 1247 κεφαλὴν
1901 1174 2000 1229 καὶ

402 1273 594 1344 τηρῶν
623 1275 684 1327 τὸ
715 1274 1019 1346 σουδάριον,
1043 1273 1236 1344 ἅτερος
1265 1273 1322 1327 δὲ
1349 1274 1486 1345 πρὸς
1513 1272 1624 1334 τοῖς
1655 1270 1804 1337 ποσὶ,
1828 1286 2001 1340 φρου-

410 1365 526 1435 ρῶν
555 1366 624 1418 τά
663 1363 870 1419 ὀθόνια.
907 1364 1080 1420 Τοῦτο
1118 1364 1177 1418 δὲ
1221 1359 1288 1435 ἦν
1319 1364 1427 1434 ἄρα
1469 1361 1740 1433 σύμϐολον
1769 1361 1880 1414 τῶν
1907 1359 2002 1413 ἐπὶ

406 1457 651 1528 Χριστοῦ
697 1455 792 1511 δύο
840 1456 1093 1526 φύσεων
1137 1455 1372 1522 είκόνιζε
1420 1455 1528 1526 γὰρ
1565 1455 1599 1524 ἠ
1649 1451 1754 1525 μὲν
1788 1451 2002 1522 κεφαλὴ

407 1551 510 1619 τὴν
563 1548 822 1621 θεότητα,
875 1549 927 1603 σί
976 1550 1032 1603 δὲ
1108 1549 1270 1614 πόδες
1315 1548 1378 1601 τὸ
1426 1546 1789 1621 πρόσλημμα.
1825 1545 2003 1600 Ἐπεὶ

405 1640 544 1710 γοῦν
569 1643 938 1697 κατατεθείσα
961 1643 998 1714 ἠ
1026 1639 1120 1696 τοῦ
1147 1641 1326 1710 Λόγου
1359 1639 1499 1711 σὰρξ
1542 1641 1601 1694 ὲν
1636 1639 1716 1710 τῷ
1754 1639 2001 1709 μνήματι

405 1733 523 1788 τῶν
551 1734 651 1804 τῆς
699 1734 958 1804 θεότητος
994 1733 1331 1806 αὐχημάτων
1366 1734 1618 1805 ὑπῆρχεν
1664 1731 1998 1804 άχὼριστος,

2101 538 2339 578 tnwiens
2368 538 2420 580 et
2453 525 2712 597 lacrymis
2764 544 3027 592 manans,
3066 529 3450 600 constantique
3500 548 3685 600 perse-

2109 619 2359 672 verantia
2392 618 2520 671 dum
2552 620 2839 674 sublimius
2873 621 3076 692 aliquid
3111 631 3488 694 cognosceret,
3523 639 3687 693 oppes

2097 711 2359 766 riebatur.
2402 709 2500 765 Ubi
2536 725 2665 766 vero
2700 712 2801 766 sibi
2843 712 2943 782 ipsi
2983 713 3196 768 animos
3240 715 3446 771 addens
3481 717 3532 768 in
3567 731 3685 770 mo~

2099 811 2417 857 numentum
2444 803 2574 857 illud
2602 802 2909 859 divinitatis
2929 806 3225 874 hospitium
3252 805 3597 875 introspexit,
3630 810 3684 862 in

2099 893 2416 964 angelorum
2450 905 2801 964 conspectum
2832 895 3013 950 subito
3044 896 3258 952 incidit.
3295 898 3409 952 Duo
3433 899 3579 952 enim
3610 899 3690 954 illi

2106 985 2383 1039 candidati
2418 986 2518 1040 visi
2548 995 2675 1038 sunt
2703 984 2880 1054 angeli
2911 986 3101 1041 eodem
3140 988 3192 1041 in
3235 988 3385 1053 loco,
3418 989 3508 1041 ubi
3543 991 3692 1058 posi-

2101 1087 2215 1132 tum
2257 1074 2436 1132 fuerat
2469 1092 2670 1147 corpus
2699 1076 2850 1132 .lesu.
2906 1075 2972 1132 Et
3017 1078 3274 1147 quoniam
3328 1078 3608 1134 sudarium
3659 1098 3689 1133 a

2101 1171 2320 1226 czeteris
2364 1169 2778 1224 linteaminibus
2807 1169 3113 1238 sejunctum
3143 1181 3284 1236 erat,
3314 1172 3448 1227 alter
3472 1174 3691 1241 quidem

2102 1266 2170 1316 ad
2220 1268 2387 1332 caput
2441 1259 2592 1316 visus
2630 1258 2918 1316 sudarium
2949 1273 3216 1326 servans,
3260 1261 3401 1314 alter
3429 1263 3497 1316 ad
3528 1263 3694 1332 pedes

2102 1359 2418 1414 custodiens
2447 1355 2782 1411 linteamina.
2822 1353 2936 1412 Hoc
2958 1370 3090 1413 vero
3123 1357 3355 1415 fortasse
3379 1359 3607 1415 duarum
3635 1361 3692 1417 in

2101 1450 2321 1506 Christo
2355 1459 2674 1504 naturarum
2702 1450 3006 1521 symbolum
3039 1460 3191 1517 erat;
3226 1465 3353 1505 nam
3384 1462 3546 1521 caput
3571 1454 3696 1524 qui-

2103 1542 2225 1598 dem
2268 1542 2636 1607 divinitatem,
2671 1543 2836 1609 pedes
2877 1556 3010 1597 vero
3053 1552 3387 1611 assuntptam
3416 1541 3696 1614 significa—

2106 1635 2236 1691 bant
2261 1650 2507 1690 carnem.
2538 1633 2807 1702 Quoniam
2843 1633 3008 1706 igitur
3050 1635 3103 1690 iu
3147 1645 3503 1692 monumento
3527 1637 3698 1709 depo-

2106 1727 2401 1785 sitherbi
2447 1744 2577 1784 caro
2626 1742 2656 1783 a
2707 1728 2875 1800 gloria
2930 1727 3233 1785 divinitatis
3281 1729 3527 1798 sejuncta
3583 1746 3693 1786 nou

410 1825 507 1878 τοῦ
543 1828 819 1882 Δεσπότου
850 1829 942 1882 τὸν
975 1829 1142 1883 τόπον
1164 1824 1254 1882 οἷα
1276 1827 1526 1882 παστάδα
1565 1824 2002 1898 περιεφρούρουν

2108 1821 2422 1885 exsistebat,
2456 1819 2524 1875 ad
2551 1821 2761 1876 Domini
2803 1819 3009 1885 locum.
3054 1821 3222 1876 veluti
3267 1821 3337 1876 ad
3394 1821 3693 1876 thalamum

406 1916 461 1968 oi
507 1913 758 1985 ἄγγελοι,
809 1916 1124 1979 δεικνύντες
1172 1917 1240 1987 τῇ
1285 1915 1606 1987 μυροφόρῳ,
1647 1914 1732 1967 δτι
1759 1913 1835 1985 μὴ
1869 1911 2004 1986 ψιλὴ

411 2008 554 2081 σὰρξ
610 2011 667 2062 ὲν
701 2008 778 2081 τῷ
824 2009 984 2082 τάφῳ
1034 2007 1326 2078 ἐτέθαπτο,
1374 2005 1680 2076 ύποστῆναι
1725 2004 2003 2077 δυναμένη

370 2120 372 2123 ·
410 2102 642 2175 κλοπήν.
675 2104 786 2157 Καί
817 2121 908 2173 μοι
937 2102 1034 2156 τοῦ
1070 2102 1402 2173 πράγματος
1432 2099 1708 2170 άγάσθητι
1737 2097 1798 2152 τὸ
1823 2099 2008 2169 παρά-

406 2193 566 2260 δοξον
589 2210 605 2226 ο
645 2195 762 2259 πῶς
793 2197 986 2268 Πέτρῳ
1023 2195 1121 2266 μὶν
1154 2196 1250 2248 καὶ
1288 2193 1514 2266 Ἰωάννῃ
1551 2192 1673 2246 κατ’
1710 2190 1878 2262 αὐτὴν
1906 2191 2005 2261 τὴν

410 2284 567 2357 ὥραν
616 2288 984 2358 προεφιστᾶσι
1037 2285 1178 2356 μόνα
1225 2282 1522 2355 ὠράθησαν
1567 2281 1636 2335 τὰ
1693 2281 1897 2346 ὀθόνια,
1932 2281 2008 2345 ὡς

413 2377 613 2442 ἐδόκει,
643 2379 776 2448 παρ’
807 2375 1020 2441 οὐδενὸς
1049 2378 1468 2449 φυλαττόμενας
1493 2377 1555 2430 Oi
1580 2373 1843 2445 γάρίεροὶ
1865 2374 2008 2438 νόες,

414 2472 597 2525 καίτοι
651 2471 945 2540 παρόντες,
1021 2467 1165 2544 ἦσαν
1218 2471 1442 2525 ἀθέατοι
1480 2485 1495 2500 °
1542 2469 1608 2540 τῇ
1668 2468 1725 2521 δὲ
1783 2468 2010 2536 γυναικὶ

413 2566 609 2634 γέγονε
643 2566 714 2617 τά
737 2563 837 2635 τῆς
866 2564 1136 2629 ὀπτασίας
1171 2563 1528 2634 ἀντίστροφα.
1569 2563 1648 2617 Τά
1683 2563 1791 2633 γάρ
1816 2561 2005 2614 ὀθόνια

414 2656 833 2730 ύπεκρύόησαν,
870 2658 921 2711 oi
951 2657 1012 2711 δὲ
1055 2655 1276 2726 ἄγγελοι
1319 2654 1605 2729 ὤφθησαν.
1639 2655 1794 2708 Διατί
1824 2672 1838 2722 ;
1885 2655 2010 2708 Ὅτι

411 2749 528 2811 τοῖς
559 2748 665 2820 μὲν
691 2748 965 2819 μαθηταῖς
996 2747 1248 2818 μείζονος
1275 2743 1397 2800 οὖσι
1449 2745 1808 2818 φρονήματος
1845 2744 2010 2818 ἱκανὴ

415 2844 554 2914 πρὸς
605 2843 988 2917 πληροφορίαν
1030 2836 1100 2913 ἦν
1142 2839 1254 2894 τῶν
1305 2839 1535 2894 ὀθονίων
1571 2841 1603 2909 ἡ
1653 2839 1779 2892 θέαο
1815 2837 1915 2908 τῆς
1953 2836 2013 2892 et

423 2935 679 3004 γυναικὸς
739 2935 836 3008 τὴν
900 2933 1198 2989 ἀσθένειαν
1265 2932 1423 3003 μόλις
1490 2931 1557 2985 ἂν
1616 2930 1839 2984 ἔπεισεν
1889 2927 2015 3000 lique

429 3027 713 3100 ἁγγελικὴ,
746 3025 846 3081 καὶ
867 3025 1010 3096 αὐτὴ
1029 3024 1125 3078 τοῦ
1163 3022 1339 3096 Ἰησοῦ
1372 3027 1405 3094 ἡ
1446 3022 1740 3094 ὲμτάνεία.
1775 3021 1935 3085 Ἴσως
1955 3020 2015 3075 δὲ

425 3120 520 3174 καὶ
553 3119 604 3173 oi
651 3118 930 3191 μαθηταὶ,
972 3119 1021 3172 εί
1073 3118 1174 3189 τὴν
1226 3117 1560 3189 προσεδρίαν
1601 3119 1702 3187 τῆς
1749 3114 2013 3184 γυναικὸς

419 3212 785 3283 ἐμιμήσαντο,
812 3210 912 3282 τῆς
931 3209 1056 3279 ἴσης
1089 3209 1157 3265 ἂν
1182 3209 1585 3280 ἀποκαλύψεως
1616 3207 1832 3280 ἔτυχον.

2106 1917 2450 1971 excubabant
2498 1913 2708 1983 angeli;
2745 1924 2803 1969 ut
2840 1913 3098 1970 nimirum
3142 1914 3355 1969 mulieri
3403 1915 3698 1988 unguenti-

2107 2007 2236 2064 i‘erae
2267 2006 2594 2069 indicarent,
2643 2022 2753 2062 non
2791 2006 2992 2062 nudam
3037 2021 3258 2063 carnem
3308 2007 3360 2061 in
3392 2024 3458 2063 eo
3489 2009 3699 2064 tumulo

2109 2099 2277 2156 fuisse
2311 2101 2604 2172 sepultam,
2657 2099 2730 2154 ita
2764 2106 2822 2152 ut
2851 2100 3114 2170 rapientis
3146 2100 3416 2156 violentiae
3443 2100 3699 2172 subjace~

2111 2202 2211 2247 ret.
2242 2193 2308 2248 Et
2335 2208 2464 2248 vero
2497 2192 2628 2247 illud
2671 2191 2725 2247 in
2761 2191 2864 2247 hoc
2909 2190 3053 2247 iacto
3083 2191 3464 2249 admirandum
3516 2193 3701 2250 censi-

2109 2285 2236 2339 dera
2271 2301 2286 2338 :
2315 2284 2405 2353 qui
2437 2283 2583 2339 enim
2613 2281 2776 2338 Petro
2823 2298 2888 2340 ac
2950 2280 3151 2338 Joanni
3179 2322 3195 2350 ,
3228 2288 3320 2356 qui
3355 2286 3546 2341 eadem
3582 2287 3698 2357 ipsa

2111 2379 2242 2433 hora
2276 2381 2342 2433 ad
2375 2378 2682 2448 sepulcrum
2713 2374 3023 2443 adfuerant,
3059 2378 3178 2433 sola
3205 2377 3370 2431 lintea
3398 2379 3512 2434 visa
3546 2388 3696 2442 sunt,

2112 2486 2143 2526 a
2183 2470 2420 2532 nemine,
2450 2481 2509 2524 ut
2541 2469 2848 2535 videbatur,
2873 2469 3198 2526 asservatai
3238 2471 3456 2527 Sancue
3490 2472 3702 2528 scilicet

2113 2573 2324 2616 mentes
2351 2564 2603 2631 quamvis
2633 2571 2934 2632 praesentes
2963 2570 3144 2626 erant,
3176 2563 3350 2617 oculis
3388 2575 3702 2621 tamennon

2110 2653 2556 2722 objiciebantur:
2604 2665 2662 2709 at
2685 2669 2816 2710 vero
2838 2651 3050 2710 mulieri
3094 2655 3320 2710 visionis
3349 2656 3493 2711 ratio
3522 2656 3704 2712 oritnis

2113 2761 2195 2802 est
2223 2757 2583 2807 commutata.
2611 2745 2692 2801 Illi
2724 2747 2871 2801 enim
2897 2745 3219 2802 linteamina
3247 2749 3468 2818 quidem
3500 2748 3702 2813 invisa,

2114 2841 2291 2910 angeli
2316 2853 2448 2894 vero
2479 2839 2579 2895 visi
2621 2838 2862 2896 luerunt.
2899 2836 3043 2906 Quid
3075 2837 3215 2895 hoc?
3248 2837 3519 2894 Nimirum
3556 2838 3704 2910 quod

2116 2930 2397 3001 discipulis
2424 2939 2615 3001 utpote
2636 2928 3065 3000 sapientioribus
3090 2930 3229 2987 satis
3259 2930 3325 2986 ad
3352 2941 3558 2988 certam
3585 2930 3708 3002 ple-

2117 3035 2354 3092 namque
2388 3021 2816 3078 resurrectionis
2865 3020 3026 3079 iidem
3056 3020 3367 3082 faciendam
3414 3032 3535 3079 erat
3579 3037 3707 3090 spe-

2118 3124 2296 3172 ctasse
2327 3115 2678 3183 linteamina;
2710 3115 3018 3172 inﬁrmitati
3054 3130 3186 3172 vero
3208 3117 3455 3175 mulieris
3485 3115 3574 3177 vi!
3600 3131 3708 3176 an-

2041 3200 2084 3259 C
2118 3208 2360 3281 gelorum
2381 3208 2547 3276 visio.
2580 3217 2637 3265 et
2655 3208 2773 3279 ipsa
2804 3200 2935 3265 issu
2962 3208 3236 3281 apparitio
3272 3212 3341 3267 ad
3362 3214 3703 3271 suadendum

418 3310 573 3363 satis.
601 3305 766 3380 355
799 3304 1058 3362 Fortasse
1082 3318 1210 3360 vero
1234 3304 1397 3362 etiam
1421 3303 1674 3376 discipuli
1725 3304 1772 3359 si
1837 3301 2082 3360 mulieris
2117 3303 2582 3375 perseverantiam
2613 3295 2810 3359 imitati
2839 3297 3100 3372 fuissent,
3120 3289 3361 3374 Quadam
3380 3307 3549 3362 etiam
3575 3323 3703 3380 par-

414 3402 610 3470 ticipes
644 3401 872 3456 visionis
900 3399 1150 3455 l‘uisacut.

496 3494 563 3547 Ἦ
593 3493 694 3564 μὲν
722 3491 817 3547 οὖν
848 3493 1060 3567 Μαρία,
1087 3493 1430 3562 ἐκπλαγεῖσα
1458 3495 1525 3566 τῇ
1566 3497 1747 3566 μορφῇ
1778 3493 1888 3547 τῶν
1914 3493 2014 3574 άγ-

411 3587 592 3657 γέλων
639 3589 732 3640 καὶ
784 3582 916 3650 αὖος
966 3588 1250 3656 γεγονυῖα,
1313 3586 1391 3658 τῷ
1431 3585 1726 3658 παραδόξῳ
1776 3585 2014 3656 θεάματι

415 3680 729 3752 ὑπότρομος
759 3679 969 3734 ε’στατο⁸
1000 3681 1049 3734 οί
1079 3680 1137 3734 δὲ
1173 3678 1421 3750 ἄγγελοι,
1453 3681 1674 3744 λύοντες
1701 3677 1874 3750 αὐτὴν
1904 3677 2011 3752 τῆς

413 3774 700 3842 ἀγωνίας,
755 3773 1177 3846 φιλοπευστοῦσι
1237 3773 1398 3846 δῆθεν
1456 3775 1557 3846 τὴν
1591 3774 1702 3828 τῶν
1754 3771 2011 3844 δακρύων

412 3867 604 3922 αἰτίαν
642 3851 858 3938 μαθεῖν,
908 3866 999 3921 διά
1047 3866 1145 3937 τῆς
1191 3867 1495 3937 ἱμφανείας
1544 3865 1640 3920 καὶ
1687 3864 1788 3934 τῆς
1821 3865 2006 3936 φωνῆς

413 3960 729 4028 ἀπάγοντες
758 3959 932 4029 αὐτὴν
961 3955 1058 4012 τοῦ
1080 3957 1294 4014 οἴεσθαι
1329 3956 1607 4026 κλαπῆναι
1643 3956 1737 4009 τὸν
1763 3956 1971 4025 Κύριον
1991 3992 2008 4009 .

421 4071 442 4106 ι
477 4052 669 4116 Γύναι,
707 4050 761 4103 τί
785 4051 1035 4118 additu;
1076 4068 1093 4101 ι
1132 4049 1199 4103 Τί
1227 4048 1475 4122 νομίζεις
1524 4047 1734 4120 κλοπὴν
1769 4047 2012 4120 ὑποστῆ-

417 4161 508 4198 ναι
538 4146 632 4198 τὸν
665 4144 772 4197 ὑπὸ
788 4141 1050 4197 τοιούτων
1069 4141 1330 4212 φυλάκων
1362 4141 1805 4214 φρουρούμενον;
1839 4143 2008 4214 Ὁρᾷς

417 4237 690 4306 ἀγγέλους
745 4233 1132 4308 ιφεζομένους,
1184 4235 1282 4288 ινα
1341 4235 1478 4306 πρὸς
1521 4236 1590 4306 τῇ
1636 4235 1874 4306 κεφαλῇ,
1917 4234 2014 4290 καὶ

421 4329 513 4382 ἱνα
543 4329 684 4400 πρὸς
708 4331 820 4394 τοῖς
849 4328 1003 4395 ποσὶ,
1039 4327 1137 4382 καὶ
1176 4326 1477 4400 συληθῆναι
1502 4327 1745 4398 νομίζεις
1771 4327 1863 4381 τὸν
1900 4326 2009 4398 θη-

429 4422 659 4493 οαυρόν;
699 4419 813 4474 Καὶ
860 4421 944 4486 τίς
983 4411 1140 4483 οὗτος
1172 4419 1508 4494 νεκροσύλης
1538 4419 1783 4492 ἀναιδὴς,
1816 4419 2013 4491 ῆτυμ-

422 4509 674 4582 σωρύχος
730 4507 975 4580 θρασὺς,
1022 4509 1099 4576 ὡς
1149 4508 1382 4579 βασιλέα
1442 4509 1640 4580 κλέψαι
1699 4509 2010 4580 παρατάξει

2185 3492 2353 3548 Maria
2376 3493 2543 3566 igitur
2574 3491 2894 3565 angelorum
2927 3493 3110 3567 specie
3137 3493 3462 3567 stupefacta,
3495 3507 3551 3554 et
3581 3498 3702 3556 ἰησ-

2112 3585 2298 3656 pinato
2331 3582 2426 3641 illo
2454 3583 2792 3655 spectaculo,
2844 3583 3073 3643 horrore
3128 3599 3193 3643 ac
3225 3587 3483 3658 [tremore
3537 3603 3704 3647 occu-

2111 3685 2237 3749 pata
2273 3676 2475 3734 stabat.
2500 3678 2574 3734 At
2595 3691 2727 3734 vero
2749 3677 2947 3751 angeli,
2975 3687 3037 3736 ut
3062 3691 3184 3737 eam
3218 3681 3288 3737 ab
3312 3680 3402 3737 illa
3425 3682 3704 3740 anxietate

2111 3769 2430 3837 liberarent,
2465 3767 2820 3827 sciscitantur
2870 3771 3038 3827 veluti
3091 3773 3275 3844 cupidi
3327 3777 3702 3847 cognoscendi

2110 3860 2177 3917 de
2199 3876 2363 3917 causa
2388 3861 2753 3935 lacrymarum
2780 3879 2796 3919 :
2824 3873 2882 3917 ut
2902 3871 3128 3936 aspectu
3148 3865 3312 3921 simul
3359 3881 3425 3923 ac
3448 3883 3702 3927 sermone

2110 3955 2182 4011 ab
2210 3969 2273 4011 ea
2305 3954 2451 4011 illam
2485 3956 2741 4026 opinione
2770 3955 3122 4025 deducerent,
3173 3960 3318 4033 quod
3363 3961 3514 4018 illinc
3557 3975 3705 4020 esset

2113 4049 2258 4104 furto
2287 4048 2535 4105 sublatus
2585 4048 2874 4104 Dominus.
2926 4070 2945 4102 ι
2981 4049 3197 4118 Mulier,
3248 4052 3376 4123 quid
3415 4054 3647 4124 ploras?
3674 4074 3696 4109 s

2113 4136 2253 4205 Quid
2316 4139 2458 4193 reris
2506 4138 2802 4194 obnoxium
2855 4139 3002 4196 furto
3056 4141 3228 4198 fuisse
3270 4157 3435 4209 eum.
3489 4145 3582 4216 qui
3631 4147 3704 4202 ab

2118 4229 2432 4301 huiusmodi
2464 4231 2879 4288 excubitoribus
2907 4233 3255 4290 custoditur?
3296 4233 3453 4298 vides
3478 4239 3702 4308 angelos

2120 4339 2288 4380 unum
2326 4325 2393 4378 ad
2425 4332 2611 4393 caput,
2646 4324 2712 4378 ad
2749 4326 2916 4395 pedes
2940 4326 3175 4380 alterum
3220 4327 3590 4395 eonsidentes,
3643 4339 3700 4386 et

2121 4416 2394 4474 sublatum
2423 4416 2739 4470 thesaurum
2771 4416 3099 4473 existimas?
3124 4416 3260 4485 Quis
3284 4432 3415 4474 vero
3453 4427 3562 4474 tam
3593 4419 3701 4475 im-

2118 4509 2329 4581 pudens
2362 4520 2700 4563 mortuorum
2728 4518 2933 4580 raptor,
2965 4519 3020 4566 et
3071 4510 3401 4567 tumulorum
3448 4511 3700 4577 eﬂ‘ossor.

417 4605 693 4674 ὰγγελικῇ
721 4604 1129 4676 φυλαττόμενον
1150 4618 1183 4671 ;·
1220 4603 1363 4658 Ἀλλ’
1387 4599 1457 4674 ἦν
1486 4603 1646 4676 άραή
1675 4604 2007 4675 Μαγδαληνὴ

2119 4608 2179 4655 υι
2236 4614 2418 4672 regem
2471 4606 2687 4670 raperet
2744 4599 3058 4670 angelorum
3104 4601 3222 4657 acie
3261 4605 3703 4661 communitum?

415 4696 678 4751 τοσοῦτον
709 4697 937 4767 ἠλίθιος,
967 4697 1046 4761 ὡς
1071 4694 1244 4769 μηδέν
1269 4713 1324 4750 τι
1352 4697 1461 4750 τῶν
1499 4697 1673 4752 ὀντων
1708 4697 1776 4752 ἐκ
1816 4695 2011 4751 τούτου

421 4789 974 4860 καταστοχάσασθαι·
1036 4789 1116 4843 ἔτι
1164 4790 1275 4858 γάρ
1320 4789 1422 4858 τῆς
1475 4788 1650 4860 αὐτῆς
1687 4787 2015 4862 ὑπολήψεως

422 4882 624 4950 εἴχετο,
655 4882 750 4935 καί
779 4899 913 4952 φησι
947 4896 964 4913 ⁸
1009 4899 1029 4934 ε
1069 4876 1255 4954 Ἦραν
1286 4881 1377 4935 τὸν
1409 4881 1615 4952 Κύριόν
1651 4898 1778 4952 μου,
1803 4883 1896 4937 καὶ
1913 4883 2016 4938 οὐκ

421 4969 543 5025 οἶδα
577 4971 681 5026 πού
709 4973 916 5045 ἔθηκαν
953 4972 1140 5029 αὐτόν.
1177 4991 1198 5026 s
1250 4973 1318 5027 Ὃ
1350 4973 1621 5045 πρότερον
1651 4968 1775 5028 sine
1818 4974 2016 5047 Πέτρῳ

426 5067 523 5119 καὶ
577 5067 816 5139 Ἰωάννῃ,
851 5066 1010 5122 τοῦτο
1039 5070 1134 5123 καὶ
1170 5070 1286 5131 τοῖς
1329 5067 1586 5137 ἀγγέλοις
1634 5066 1807 5123 λαλεῖ.
1845 5067 2010 5137 'sn',

425 5157 472 5210 ὦ
501 5157 595 5227 τῆς
623 5157 794 5229 καλῆς
827 5160 1159 5231 καρτερίαςξι
1190 5157 1236 5214 ὢ
1275 5159 1372 5230 τῆς
1395 5159 2014 5232 ἐπαινετῆςιπολυπρα-

425 5250 735 5321 γμοσύνηςί
780 5252 845 5305 ού
899 5253 1160 5322 παρεῖδεν
1211 5249 1387 5324 αὐτὴν
1430 5254 1458 5307 ό
1500 5250 1840 5323 ποθούμενος
1867 5266 1883 5284 ⁸
1912 5253 2015 5306 οὐκ

2110 4693 2216 4750 Sed
2239 4704 2359 4749 erat
2392 4693 2579 4764 utique
2603 4703 2712 4748 tam
2736 4693 2904 4750 hebes
2946 4686 3281 4767 Ilagdaiena,
3315 4704 3372 4751 ut
3418 4697 3551 4750 nihil
3582 4698 3701 4766 ejus

2112 4787 2257 4856 quod
2283 4801 2370 4840 res
2397 4796 2535 4851 erat,
2562 4799 2656 4860 ea,
2685 4786 2786 4842 hoc
2833 4795 3055 4856 Caperet
3104 4787 3431 4856 argumenti.
3487 4786 3544 4842 lu
3597 4802 3696 4843 sua

2112 4876 2257 4932 enim
2281 4877 2538 4948 opinione
2559 4879 2856 4933 etiamnum
2882 4877 3234 4949 persistebat,
3264 4891 3319 4934 et
3360 4898 3378 4932 ι
3413 4879 3693 4950 Tulerunt,

2117 4968 2319 5037 inquit,
2374 4967 2661 5024 Dominum
2708 4984 2910 5032 meum.
2960 4979 3014 5025 et
3045 4970 3231 5026 nescio
3277 4971 3363 5026 ubi
3402 4986 3699 5043 posuerunt

2117 5077 2266 5119 eum.
2325 5081 2348 5117 ι
2405 5059 2560 5130 Quod
2605 5071 2763 5119 antea
2810 5061 2974 5120 Petro
3021 5077 3087 5119 ac
3111 5062 3332 5132 Joanni,
3367 5065 3508 5121 idem
3553 5083 3699 5124 nunc

2119 5161 2324 5234 angelis
2351 5161 2504 5220 dicit.
2539 5159 2768 5227 Verum,
2811 5175 2848 5217 ο
2892 5160 3210 5232 praeclaram
3238 5166 3620 5231 constantiam,
3663 5182 3698 5223 o

2124 5251 2448 5309 laudabilem
2474 5252 2888 5310 curiositatem!
2928 5267 3032 5309 non
3073 5267 3194 5310 eam
3239 5254 3473 5327 neglexit
3518 5258 3565 5314 is
3603 5261 3696 5329 qui

1658 5389 1985 5455 Francisci
2021 5391 2234 5456 Scorsi
2269 5399 2454 5455 notas.

430 5531 545 5588 lam
575 5549 702 5589 vero
733 5532 775 5586 si
810 5528 937 5601 quid
967 5543 1034 5585 ex
1066 5527 1311 5599 profanis
1345 5527 1587 5601 fontibus
1616 5528 1683 5583 ad
1718 5531 1858 5601 hanc
1893 5545 2004 5585 rem

429 5606 809 5665 luntriendmn,
832 5599 902 5657 ‘et
937 5601 1036 5670 ipsi
1069 5602 1321 5655 «licebant
1366 5600 1572 5654 amicos
1617 5615 1745 5655 suos
1779 5599 1921 5655 ferre
1953 5604 2006 5655 in

427 5675 620 5736 oculis,
672 5677 723 5728 in
767 5689 824 5726 se
872 5674 950 5726 sic
999 5672 1209 5724 locutus
1256 5671 1324 5733 Q.
1370 5670 1564 5726 Cicero
1611 5671 1663 5738 in
1720 5672 1885 5738 epist.
1941 5671 2011 5727 ad

427 5743 684 5797 T'rmtem
713 5762 727 5796 :
760 5741 848 5808 Te,
886 5750 938 5794 ut
971 5741 1106 5804 dixi,
1139 5739 1251 5808 {ero
1285 5743 1340 5794 in
1371 5741 1555 5794 oculis.
1606 5737 1678 5793 Μ.
1715 5737 1906 5794 Cicero
1941 5742 2006 5795 ad

431 5831 606 5885 ipsum
628 5813 944 5885 Quinctutu,
963 5808 1187 5866 Balbum
1210 5812 1259 5866 in
1281 5812 1446 5866 oculis
1473 5811 1606 5880 fero,
1630 5819 1685 5866 et
1705 5808 1857 5882 Ten,
1877 5822 2012 5878 σιτ..

2111 5529 2360 5606 βιιιιυείι.
2401 5530 2514 5588 Rea:
2540 5541 2588 5587 te
2611 5549 2734 5606 ergo
2763 5533 2818 5588 in
2853 5535 3069 5606 oculis?
3095 5530 3246 5606 Qrat.
3271 5550 3367 5606 pro
3402 5535 3593 5591 Planc.
3627 5537 3696 5591 de

2113 5603 2180 5656 iis
2223 5603 2318 5672 qui
2352 5607 2520 5658 striari
2555 5603 2767 5668 volunt,
2800 5606 2940 5660 dixit
2988 5604 3058 5659 Μ.
3099 5603 3310 5661 Tullius
3342 5607 3508 5669 idem,
3543 5608 3697 5659 habi-

2113 5683 2222 5798 tar‘e
2267 5675 2320 5726 in
2352 5676 2521 5729 oculis
2574 5690 2775 5742 eorum,
2816 5692 2948 5745 quos
2988 5677 3043 5730 in
3087 5692 3317 5732 amorem
3362 5679 3442 5731 sui
3489 5678 3695 5731 trahere

2115 5757 2175 5796 eo
2201 5753 2317 5798 unt.
