4172 6296
376 387 485 454 797
1768 390 2098 452 lIOMILIA
2135 392 2294 456 XLI.
3530 390 3642 456 798

372 528 482 564 των
508 510 576 564 τὰ
605 509 860 580 δημόσια.
925 508 1137 572 Ἀλλως
1190 526 1251 563 τε
1295 509 1359 563 οὐ
1426 511 1731 584 χρημάτων
1798 511 1953 582 μόνον

2067 511 2199 567 lium
2234 512 2580 569 exactoribus
2610 513 2686 568 illi
2737 511 3111 568 imminebant.
3160 513 3426 568 Praeterea
3471 511 3637 565 etiam

375 605 609 672 ἀφέντες
644 606 692 658 ot
723 603 990 675 μαθηταὶ,
1028 605 1167 658 ἀλλὰ
1199 606 1295 660 καὶ
1325 605 1528 677 σαρκὸς
1592 609 1833 684 ἡδονὰς,
1866 610 1953 662 καῖ

2065 615 2170 653 non
2201 601 2461 670 pecunias
2476 603 2638 657 modo
2665 600 2919 673 discipuli
2946 603 3320 671 repudiarunt,
3350 598 3456 654 sed-
3474 599 3639 653 etiam

375 697 702 764 συγγενείας
732 699 1074 768 σωματικὰς,
1106 699 1202 753 καὶ
1228 701 1482 768 συνήθεις
1539 699 1834 772 ἑταιρείας,
1869 702 1953 755 καῖ

2062 694 2244 749 carnis
2275 693 2578 762 voluptates
2609 704 2661 751 et
2692 695 3065 766 cognationes,
3092 705 3146 748 et
3179 694 3476 748 amicorum
3508 709 3642 745 eun-

376 789 492 857 βίου
519 787 637 854 ἔθη,
667 788 764 840 καὶ
794 789 894 842 ὅσα
922 790 1216 858 μαχόμενά
1241 793 1358 844 ἐστι
1386 791 1524 862 πρὸς
1575 793 1673 864 τὴν
1716 791 1810 848 τοῦ
1855 794 1961 847 Εὐ-

374 880 637 948 αγγελίου
672 880 987 950 ἀκρίϐειαν.
1021 880 1182 936 Οὕτω
1211 882 1344 948 γοῦν
1387 883 1645 947 Ἰάκωϐος
1683 883 1784 939 καὶ
1848 886 1962 939 Ἰω-

371 971 541 1040 άννης
566 973 929 1036 ἀκούσαντες,
964 993 983 1025 ι
1009 973 1383 1028 ’Λκολουθεῖτέ
1413 994 1526 1046 μοι,
1555 995 1574 1029 s
1597 978 1658 1031 οὐ
1681 977 1740 1032 rb
1773 978 1960 1032 πλοῖον

379 1066 564 1134 μόνον,
598 1065 691 1119 καὶ
717 1065 751 1120 ἃ
789 1068 1124 1137 κατήρτιζον
1153 1067 1367 1135 δίκτυα,
1409 1053 1552 1124 ἀλλα
1600 1072 1696 1125 καὶ
1729 1070 1820 1124 τὸν
1853 1089 1957 1126 πα-

370 1157 508 1227 τέρα
537 1157 823 1212 Ζεϐεδαῖον
863 1158 1320 1215 καταλελοίπασι.
1339 1162 1554 1226 Παῦλος
1581 1162 1639 1216 δὲ
1672 1166 1810 1235 πρὸς
1845 1167 1958 1228 τοῖς

371 1249 557 1314 ἄλλοις
596 1252 732 1304 πᾶσι
767 1253 862 1305 καὶ
887 1252 1028 1306 αὐτὰ
1058 1253 1126 1306 τὰ
1156 1255 1247 1308 τοῦ
1270 1257 1440 1325 νόμου
1488 1257 1956 1327 παραγγέλματα,

371 1340 454 1406 οἷς
507 1343 750 1417 ἀρχῆθεν
811 1345 1104 1418 συνέζησε,
1136 1347 1228 1402 διὰ
1277 1349 1516 1420 Χριστὸν
1549 1352 1795 1423 ἡγήσατο
1821 1352 1956 1406 σκύ-

370 1433 533 1492 ϐαλα.
1126 1458 1128 1460 τ

449 1624 469 1658 s
517 1604 580 1663 '0
606 1607 664 1661 δὲ
706 1609 918 1683 Ἰησοῦς
943 1607 1100 1668 εἶπεν
1132 1617 1318 1680 αὐτοῖς
1341 1633 1353 1647 ·
1433 1619 1627 1689 Ὑμεῖς
1652 1619 1701 1674 οἱ
1728 1619 1956 1674 ἀκολουο

372 1697 646 1768 θήσαντές
673 1720 766 1772 μοι
801 1705 861 1759 ἐν
891 1708 958 1777 τῇ
1020 1709 1438 1781 παλιγγενεσία,
1501 1713 1628 1765 ὃταν
1690 1713 1892 1786 καθίσῃ
1928 1715 1958 1768 ὁ

375 1789 501 1855 Υἱὸς
530 1791 626 1845 τοῦ
656 1794 949 1867 ἀνθρώπου
976 1799 1068 1851 isti
1107 1798 1301 1868 θρόνου
1355 1802 1515 1874 δόξης
1561 1803 1751 1870 αὐτοῦ,
1803 1803 1957 1858 καθί-

372 1880 533 1935 σεσθε
571 1884 665 1938 καὶ
697 1860 861 1954 ὗμίεῖς
881 1886 977 1940 ἐπὶ
995 1860 1208 1943 δώδεκα
1234 1860 1798 1964 θρόνουςνκρίνοντες
1853 1897 1953 1960 τὰς
1986 1860 2029 1918 Β

369 1971 583 2028 δώδεκα
613 1974 787 2043 φυλὰς
807 1976 902 2031 τοῦ
951 1978 1194 2052 Ἰσραήλ.
1232 2001 1252 2033 s
1337 1982 1554 2056 Ἐπειδὴ
1613 1988 1766 2056 κοινῇ
1818 1987 1954 2040 πᾶσι

368 2066 486 2128 τοῖς
513 2067 785 2139 μαθηταῖς
815 2069 1112 2142 διελᾶγετο,
1137 2074 1309 2145 συνῆν
1336 2077 1395 2130 δὲ
1425 2076 1641 2143 τούτοις
1663 2082 1756 2133 καὶ
1777 2083 1806 2133 ὁ
1823 2078 1953 2134 κλει.

369 2157 671 2224 πτίστατος
699 2165 973 2236 μαθητὴς.
1009 2166 1099 2221 διὰ
1127 2168 1287 2223 τοῦτο
1311 2172 1410 2226 οὐκ
1433 2167 1588 2225 εἶπεν
1618 2190 1640 2224 ι
1701 2175 1764 2227 Ol
1823 2176 1954 2229 ἀκο-

367 2250 690 2319 λουθοῦντες
721 2274 836 2327 μοι,
873 2276 893 2310 ι
918 2259 1038 2314 ἀλλ’
1073 2264 1139 2316 οι
1162 2263 1702 2334 ἀκολουθήσαντές
1720 2286 1844 2338 μοι,
1900 2271 1951 2324 ot

368 2343 432 2398 τὺ
452 2345 771 2404 ἀκολουθεῖν
820 2352 984 2424 μέχρι
1010 2353 1200 2418 τέλους
1232 2360 1594 2428 τηρήσαντες.
1625 2359 1783 2432 ᾝδει
1817 2362 1949 2432 γὰρ,

371 2433 511 2507 ᾔδει,
540 2436 618 2502 ὡς
649 2440 680 2493 ό
722 2439 928 2506 Ἰούδας
957 2444 1154 2514 μικρὸν
1175 2446 1303 2502 ὅσον
1326 2448 1489 2517 ἀφεὶς
1516 2447 1577 2502 τὸ
1634 2450 1952 2506 ἀκολουθεῖν

369 2528 470 2601 τὴν
503 2533 757 2591 ἐναντίαν
785 2537 1148 2608 τραπήσεται,
1177 2542 1272 2596 καὶ
1303 2541 1372 2595 δι’
1410 2535 1487 2596 ὧν
1516 2546 1769 2614 φανερῶς
1796 2551 1953 2618 ποιή-

371 2641 456 2679 σει
490 2631 729 2698 σημανεῖ
752 2632 852 2701 τῆς
875 2631 1054 2704 ψυχῆς
1099 2641 1201 2706 τὴν
1258 2636 1633 2710 ἐναντιότητα.
1700 2639 1789 2703 Ὡς
1841 2639 1950 2709 γὰρ

370 2716 599 2788 φιλῆσαι
628 2721 864 2791 ἠθέλησε
899 2724 995 2779 τοῦ
1042 2725 1368 2782 διδασκάλου
1419 2730 1482 2783 τὸ
1524 2731 1838 2801 πρόσωπον,
1891 2732 1951 2785 τὸ

370 2808 688 2867 ἀκολουθεῖν
725 2816 1066 2890 ἀπηνήνατο.
1106 2819 1166 2874 Ὅ
1193 2821 1304 2892 γὰρ
1336 2821 1398 2874 τὸ
1455 2825 1750 2892 πρόσωπον
1780 2825 1952 2892 φιλῶν

367 2903 472 2958 οὐκ
499 2905 807 2974 ἀκολουθεῖ,
842 2911 960 2965 ἀλλ’
990 2913 1412 2983 ἀντιπρόσωπον
1444 2916 1682 2971 ἵσταται.
1728 2919 1792 2971 Ὃ
1817 2917 1952 2988 γοῦν

369 2996 675 3070 πεποίηκεν
697 3000 998 3074 αἰσθητῶς,
1025 3005 1186 3060 τοῦτο
1251 3007 1488 3062 πέπονθε
1546 3008 1777 3078 νοητῶς,
1826 3011 1951 3065 ἀντὶ

369 3089 468 3146 τοῦ
501 3090 820 3151 ἀκολουθεῖν
849 3096 928 3166 τῷ
955 3098 1264 3172 διδασκάλῳ
1301 3100 1390 3155 διὰ
1447 3103 1734 3174 μιμήσεως
1792 3103 1952 3158 ἐναν-

2062 785 2403 852 suetudiues,
2433 795 2484 841 et
2521 787 2646 846 vitae
2672 803 2783 842 sua:
2818 803 3017 854 mores,
3048 796 3104 841 ct
3126 793 3390 856 quotquot
3416 799 3641 838 suamne

2063 878 2385 946 perlectioui
2453 880 2780 948 evangelica!
2843 879 3235 950 repugnabant.
3293 876 3385 932 Sic
3442 876 3641 945 quippe

2059 969 2294 1027 Iacobus
2353 981 2406 1029 et
2441 970 2700 1040 Joannes,
2752 974 2840 1026 ubi
2889 973 3178 1027 audierunt
3227 987 3410 1028 vocem
3469 971 3640 1036 illam,

2070 1081 2090 1114 s
2137 1061 2443 1132 Sequimini
2480 1078 2565 1118 me
2593 1065 2659 1131 ",
2696 1083 2715 1116 ι
2753 1080 2862 1118 non
2892 1064 3068 1119 navim
3115 1065 3298 1129 modo,
3328 1072 3384 1116 et
3406 1078 3524 1133 qua:
3558 1077 3643 1118 re-

2071 1157 2330 1212 ﬂciebaut
2382 1158 2518 1212 retia
2547 1194 2565 1222 ,
2626 1157 2719 1216 sed
2754 1168 2808 1210 et
2850 1164 3058 1229 patrem
3111 1153 3641 1218 Zebedaeumulcsco

2061 1258 2309 1305 ruerunt.
2345 1246 2547 1303 Paulus
2579 1263 2703 1304 vero
2726 1256 2924 1318 prmter
2953 1245 3055 1300 alia
3078 1246 3283 1313 omnia,
3303 1244 3449 1315 ipsas
3474 1247 3639 1299 etiam

2069 1339 2204 1409 legis
2236 1341 2671 1413 observationes,
2701 1338 2899 1409 quibus
2937 1353 2968 1392 a
3012 1336 3302 1409 principio,
3337 1351 3400 1388 ac
3435 1353 3531 1406 per
3560 1346 3640 1389 to-

2063 1439 2172 1485 tam
2209 1431 2465 1506 deinceps
2497 1437 2817 1510 assueverat
2867 1425 3034 1484 vitam
3062 1465 3078 1491 ,
3110 1438 3334 1498 propter
3361 1425 3638 1481 Christum

2061 1523 2360 1577 arbitratus
2396 1533 2482 1577 est
2526 1533 2765 1577 stercora
2798 1519 2866 1575 ".

2136 1631 2156 1667 ι
2180 1611 2340 1670 Iesus
2375 1625 2556 1669 autem
2598 1615 2732 1670 dixit
2771 1612 2876 1669 illis
2907 1611 3040 1668 :Vos
3071 1611 3161 1681 qui
3190 1609 3364 1666 secuti
3396 1609 3528 1665 estis
3552 1625 3641 1664 me

2060 1705 2112 1758 in
2136 1707 2564 1775 regeneratione,
2596 1721 2719 1759 cum
2752 1702 3392 1759 sederitFiliusbomiuis
3422 1702 3474 1756 iu
3506 1698 3640 1756 sedc

2062 1796 2368 1865 majestatis
2408 1812 2543 1866 suae,
2593 1797 2851 1852 setlebitis
2901 1803 2957 1852 et
3005 1810 3105 1851 vos
3129 1809 3295 1864 super
3321 1796 3639 1851 scdesduo-

2057 1890 2231 1946 decim
2257 1891 2563 1960 iudicantes
2585 1890 2867 1946 duodecim
2890 1890 3065 1945 tribus
3091 1886 3278 1945 Israel.
3311 1905 3332 1941 ι
3366 1889 3636 1955 Quoniam

2057 1999 2181 2040 cum
2214 1983 2470 2037 omnibus
2501 1981 2785 2050 discipulis
2811 1979 3175 2036 communiter
3199 1990 3508 2032 sermonem
3541 1978 3641 2030 ba-

2055 2074 2242 2144 bebat,
2269 2083 2495 2142 eratque
2525 2089 2644 2128 cum
2667 2072 2773 2126 illis
2809 2087 2914 2127 una
2944 2069 3319 2125 furacissimus
3351 2068 3440 2122 ille
3471 2066 3641 2122 disci.

2056 2170 2212 2242 pultis
2239 2209 2256 2235 ,
2289 2169 2411 2223 ideo
2442 2185 2550 2222 non
2589 2168 2728 2222 dixit
2747 2169 2796 2221 οἱ
2826 2164 3251 2227 ἀκολουθοῦντες
3314 2181 3406 2234 με,
3431 2161 3524 2231 (με
3551 2178 3639 2217 εει·

2053 2261 2279 2334 quimim’
2295 2277 2396 2325 me,
2417 2260 2512 2315 sed
2530 2261 2581 2315 oi
2601 2258 3071 2331 ἀκολουθήσαντες
3092 2258 3182 2330 qui
3203 2256 3256 2309 in
3278 2272 3356 2311 me
3377 2253 3644 2326 sequendo

2055 2353 2224 2429 294
2249 2353 2707 2426 ρεηειιεγαιιετὶιὸε
2740 2351 2878 2422 (77).
2920 2350 3141 2408 Sciebat
3180 2348 3348 2412 enim,
3393 2347 3638 2417 proiecto

2055 2451 2265 2507 sciebat
2313 2450 2555 2516 futurum
2592 2457 2647 2502 ut
2681 2445 2850 2504 ludas
2897 2444 3058 2518 paulo
3099 2452 3226 2517 post
3267 2458 3300 2498 a
3356 2442 3639 2512 sequendo

2054 2545 2379 2607 desisteret.
2424 2553 2480 2597 et
2510 2541 2846 2598 contrariam
2901 2537 3064 2595 iniret
3117 2539 3305 2603 viam,
3347 2546 3404 2592 et
3435 2549 3536 2606 per
3583 2536 3636 2589 bl

2052 2635 2194 2707 quod
2229 2634 2407 2706 palam
2441 2641 2695 2704 gesturus
2718 2641 2873 2697 erat,
2918 2645 3171 2686 aversum
3204 2630 3445 2683 animum
3475 2642 3636 2683 suum

2052 2731 2408 2801 signiﬁcaret.
2464 2729 2580 2798 Qua
2653 2729 2797 2783 enim
2848 2723 3093 2797 Magistri
3145 2724 3336 2778 faciem
3395 2721 3636 2779 osculari

2054 2824 2247 2888 voluit,
2285 2824 2439 2893 sequi
2471 2821 2768 2879 recusavit.
2811 2819 2916 2887 Qui
2947 2819 3091 2874 enim
3121 2814 3369 2872 osculum
3393 2815 3477 2869 ori
3509 2811 3637 2880 fert,

2053 2934 2162 2973 non
2204 2932 2347 2987 pone
2376 2917 2653 2987 sequitur,
2679 2915 2774 2969 sed
2809 2920 2999 2968 contra
3029 2909 3224 2965 faciem
3255 2907 3455 2962 adstat.
3481 2903 3635 2974 Quod

2054 3009 2221 3079 igitur
2263 3021 2429 3078 opere
2482 3005 2603 3078 ipso
2653 3001 2905 3060 sensibus
2955 3010 3172 3073 patente
3220 2997 3495 3070 patravit.
3532 2995 3638 3051 boc

2052 3101 2220 3157 etiam
2251 3101 2402 3155 intus
2444 3100 2498 3154 in
2545 3098 2729 3153 animo
2759 3095 2955 3153 fecisse
3004 3091 3348 3160 intelligitur,
3375 3089 3634 3144 nimirum

370 3187 589 3251 τιωθεὶς
616 3189 708 3245 διὰ
729 3191 831 3260 τῆς
870 3193 1232 3264 φαυλότητος.
1295 3195 1389 3249 Διὸ
1436 3198 1532 3251 καὶ
1597 3199 1698 3268 τῆς
1750 3198 1950 3270 διπλῆς

2058 3204 2117 3249 ιιι
2158 3209 2259 3265 per
2307 3191 2656 3262 iniquitatem
2710 3187 3056 3245 adversarius
3100 3183 3332 3238 Domino
3374 3179 3636 3244 evaserit.

371 3277 521 3351 ζωῆς
551 3282 905 3357 ἀπεστερήθη
931 3287 1138 3360 ἀγχόνῃ
1191 3287 1554 3361 ἁποφθαρεὶς,
1581 3289 1674 3350 καὶ
1701 3291 1947 3356 είκότως·

379 3391 398 3424 ι
441 3372 634 3439 Οὐδεὶς
653 3376 763 3448 γὰρ
796 3379 988 3448 ὄψεται
1012 3380 1074 3434 τὸ
1127 3381 1423 3452 πρόσωπον
1468 3382 1565 3437 τοῦ
1625 3382 1782 3449 θεοῦ,
1853 3388 1950 3441 καὶ

369 3465 623 3536 ζήσεται.
664 3488 683 3521 ι
719 3470 903 3538 καθὼς
925 3472 1000 3544 τῷ
1023 3475 1251 3528 Μωῡσεῖ
1275 3476 1714 3546 κεχρημάτισται
1749 3491 1765 3506 ⁸
1793 3495 1950 3531 τουτ-

370 3560 542 3625 έστιν,
574 3562 766 3626 Οὐδεὶς
799 3566 1153 3631 ἐναντιωθεὶς
1178 3567 1258 3639 τῷ
1279 3568 1402 3639 Θεῷ
1431 3567 1530 3641 τὴν
1559 3569 1735 3640 άληθῆ
1791 3572 1949 3641 ζήσει

368 3647 538 3721 ζωὴν,
565 3653 681 3706 ἀλλ’
703 3653 733 3707 ὁ
762 3656 904 3709 κατὰ
929 3658 1170 3712 Μωῦνέα
1189 3659 1259 3714 τὰ
1276 3659 1499 3713 οπίσθια
1531 3659 1766 3729 βλέπων,
1782 3663 1950 3733 ἤγουν

369 3745 704 3803 ἀκολουθῶν.
743 3767 762 3801 ι
785 3749 974 3820 Ὑμεῖς
997 3749 1113 3814 οὖν,
1173 3752 1360 3822 φησιν,
1410 3753 1460 3807 oi
1481 3751 1950 3824 ἀκολουθήσαντές

373 3853 490 3908 μοι,
525 3856 544 3890 ι
577 3839 674 3893 καὶ
699 3839 797 3910 τὴν
844 3839 987 3910 ἐμὴν
1018 3840 1320 3905 πολιτείαν,
1377 3841 1454 3905 ὡς
1491 3842 1718 3914 ἐφικτὸν
1779 3860 1953 3915 μιμη-

377 3931 635 4002 σάμενοι,
657 3935 817 3987 τοῦτο
869 3935 932 3987 τὸ
980 3934 1153 4006 γέρας
1217 3937 1515 4006 κομίσεσθε
1571 3939 1630 3993 ἐν
1676 3940 1742 4008 τῇ
1793 3941 1948 4009 κοινῇ

368 4023 695 4090 ἀναστάσει,
728 4026 799 4098 ἢν
840 4026 1272 4096 παλιγγενεσίαν
1333 4029 1626 4092 ὲκάλεσεν,·
1664 4031 1738 4095 ὡς
1793 4027 1950 4094 αὖθις

367 4117 760 4186 ἀναγεννῶσαν
790 4120 821 4190 ἡ
831 4120 964 4189 μᾶς,
998 4122 1092 4175 καὶ
1116 4124 1199 4184 εἰς
1228 4123 1288 4175 τὸ
1312 4123 1546 4194 ἀρχαῖον
1579 4125 1949 4192 μετάγουσαν,

366 4210 610 4280 ὁπηνίκα
647 4214 675 4266 ὀ
708 4211 835 4276 Υίδς
860 4212 954 4268 τοῦ
990 4213 1284 4286 ἀνθρώπου
1331 4215 1537 4286 καθίσῃ
1582 4217 1682 4270 οὐκ
1711 4218 1774 4271 ἐν
1799 4218 1953 4272 εὐτε-

366 4303 490 4376 λείᾳ
519 4307 614 4359 καὶ
644 4307 895 4376 σχήματι
918 4306 1188 4376 ταπεινῷ,
1233 4304 1420 4369 καθὼς
1448 4307 1646 4378 ὁρᾶται
1687 4309 1808 4375 νῦν,
1833 4307 1952 4362 ἀλλ’

374 4400 435 4452 ἐν
466 4399 755 4471 ἀπροσίτῳ
777 4401 904 4472 δόξῃ
934 4401 1032 4456 καὶ
1053 4401 1235 4471 θεῖκῇ,
1270 4400 1552 4454 καθιεῖσθε
1575 4402 1670 4460 καὶ
1698 4401 1860 4472 ὑμεῖς
1891 4401 1952 4454 ἐν

373 4492 687 4564 ἰσαρίθμοις
713 4492 928 4565 θρόνοις
975 4494 1077 4557 τὰς
1135 4494 1542 4566 Ἰσραηλιτικέις
1599 4493 1774 4564 φυλὰς
1829 4492 1951 4565 κρί-

369 4600 574 4650 νοντες.
602 4585 777 4640 Ταυτὶ
805 4586 862 4639 δὲ
890 4587 958 4640 τὰ
976 4589 1117 4657 ῥητά
1147 4585 1344 4657 διπλῆν
1374 4586 1556 4641 ὠδίνω
1576 4587 1673 4659 τὴν
1694 4587 1946 4660 ζήτησιν·

371 4677 506 4748 μίαν
535 4679 662 4749 μὲν,
684 4681 733 4734 si
765 4680 825 4734 ιν
846 4682 911 4750 τῇ
947 4680 1179 4752 δευτέρᾳ
1211 4679 1485 4752 παρουσίᾳ
1533 4679 1774 4752 Χριστοῦ
1807 4681 1947 4736 καθα

367 4771 516 4825 ῖεταί
555 4785 637 4833 τις
668 4769 853 4841 ἕτερος
898 4772 1018 4841 μετ’
1075 4770 1250 4826 αὐτοῦ
1281 4788 1297 4802 ο
1341 4771 1538 4842 ἑτέραν
1566 4772 1645 4836 δὲ,
1690 4770 1809 4835 πῶς
1840 4775 1947 4843 τῆς

369 4864 610 4937 κρίσεως
629 4863 879 4935 δοθείσης
905 4864 984 4935 τῷ
1005 4864 1122 4937 Υίῷ
1155 4865 1308 4934 παρὰ
1329 4863 1424 4920 τοῦ
1462 4866 1704 4937 Πατρδς,
1726 4866 1787 4919 ὲν
1831 4865 1948 4930 τοῖς

363 4957 691 5023 ἀποστόλοις
709 4958 771 5012 τὸ
787 4957 995 5027 κρίνειν
1032 4957 1468 5028 μετατεθήσιται
1504 4975 1521 5024 ;
1555 4976 1576 5012 s
1616 4957 1676 5011 '0
1703 4957 1811 5029 γὰρ
1839 4957 1950 5012 Πα-

367 5056 475 5124 τὴρ
506 5052 684 5126 κρίνει
705 5050 921 5120 οὐδένα,
952 5051 1125 5124 φησὶν
1157 5052 1188 5106 ό
1216 5051 1437 5126 Σωτὴρ,
1465 5050 1604 5108 ἀλλὰ
1629 5052 1730 5123 τὴν
1759 5050 1946 5123 κρίσιν

1981 4555 2030 4610 0

2054 3289 2146 3358 qui
2176 3301 2271 3358 per
2303 3287 2666 3341 imitationem
2699 3285 2849 3338 illum
2889 3281 3040 3352 sequi
3089 3277 3344 3335 debebat.
3395 3273 3552 3333 Unde
3580 3284 3640 3330 et

2061 3383 2258 3453 laqueo
2285 3388 2601 3452 peremptus
2638 3376 2905 3447 duplicem
2940 3376 3108 3429 vitam
3161 3370 3381 3435 amisit,
3428 3379 3484 3423 et
3518 3384 3635 3424 mc-

2054 3473 2408 3541 ritoquidem
2442 3488 2542 3530 suo
2586 3490 2601 3526 :
2635 3490 2654 3525 ι
2692 3468 2862 3525 Nemo
2884 3467 3028 3522 enim
3057 3464 3250 3522 faciem
3289 3463 3379 3518 Dei
3409 3462 3631 3525 videbit,

2053 3578 2111 3625 et
2139 3568 2304 3636 vivet,
2344 3587 2362 3622 ι
2395 3566 2549 3635 juxta
2581 3564 2859 3622 oraculum
2892 3559 3062 3631 Moysi
3087 3561 3271 3614 datum
3300 3557 3369 3623 ",
3395 3557 3498 3613 hoc
3531 3563 3634 3619 est,

2051 3660 2223 3717 Nemo
2257 3660 2347 3730 qui
2399 3668 2591 3718 contra
2654 3657 2823 3714 Deum
2876 3655 3098 3716 adstat.
3151 3667 3337 3708 veram
3379 3652 3521 3706 vivet
3554 3650 3636 3705 vi-

2055 3761 2163 3809 tam
2187 3793 2204 3817 ,
2241 3753 2340 3810 sed
2365 3752 2457 3822 qui
2485 3751 2640 3820 juxta
2666 3747 2905 3821 Moysem
2948 3746 3250 3818 posteriora
3289 3745 3478 3808 videt,
3532 3742 3635 3798 bne

2052 3855 2138 3904 est
2171 3845 2460 3915 sequitur:
2497 3861 2518 3897 ι
2557 3841 2669 3898 Vos
2704 3841 2894 3911 igitur,
2919 3841 3122 3912 inquit,
3155 3840 3252 3910 qui
3281 3837 3453 3895 secuti
3482 3837 3636 3893 eritis

2055 3953 2182 4002 me,
2225 3955 2245 3989 ι
2285 3944 2340 3991 et
2367 3935 2490 3990 vita:
2524 3947 2660 3988 mea:
2699 3933 3007 3998 rationem,
3052 3940 3315 4002 quantum
3371 3928 3634 3998 consequi

2053 4044 2154 4102 pro
2206 4025 2468 4084 facultate
2519 4025 2767 4095 poteritis
2792 4064 2808 4088 ,
2838 4023 3034 4078 imitati
3061 4062 3079 4088 ,
3116 4022 3399 4093 praemium
3447 4019 3638 4077 feretis

2054 4121 2111 4178 in
2148 4121 2392 4178 omnium
2418 4119 2699 4174 hominum
2742 4115 3146 4173 resurrectione
3167 4155 3182 4181 ,
3210 4129 3371 4185 quam
3406 4126 3634 4184 regene-

2054 4214 2324 4270 rationem
2373 4211 2630 4282 appellat,
2663 4219 2855 4280 utpote
2899 4225 3020 4279 qua:
3066 4223 3165 4264 nos
3195 4208 3376 4263 denuo
3424 4205 3632 4278 gignat.

2053 4317 2109 4364 et
2147 4307 2202 4364 in
2228 4307 2511 4377 antiquum
2570 4305 2823 4361 restituat
2875 4311 3110 4371 statum,
3169 4300 3388 4372 quando
3431 4297 3634 4355 sederit

2055 4399 2224 4456 Filius
2259 4397 2529 4464 bomiuis,
2562 4412 2670 4453 non
2716 4397 2770 4452 in
2806 4394 3016 4468 vulgari
3068 4402 3124 4452 et
3148 4392 3338 4449 humili
3381 4391 3484 4448 hoc
3539 4390 3634 4446 hac

2054 4491 2195 4558 bitu,
2225 4490 2280 4545 in
2317 4505 2425 4564 quo
2465 4504 2611 4546 nunc
2640 4500 2901 4560 apparet,
2928 4487 3024 4544 sed
3069 4487 3120 4541 in
3153 4485 3438 4557 majestate
3479 4482 3631 4538 inac-

2055 4600 2208 4642 cessa
2269 4593 2433 4655 atque
2475 4584 2658 4637 divina
2683 4622 2701 4647 ,
2763 4581 3022 4639 sedebitis
3061 4589 3120 4637 et
3161 4593 3256 4634 vos
3303 4576 3632 4634 israeliticas

2067 4677 2244 4733 tribus
2292 4675 2575 4731 duodecim
2625 4672 2934 4744 iudicantes
3001 4674 3055 4727 in
3117 4670 3341 4726 totidem
3397 4664 3630 4723 tbronis.

2058 4769 2336 4841 Duplieem
2373 4779 2537 4838 porro
2563 4764 2679 4820 hanc
2717 4764 2881 4821 verba
2925 4763 3320 4819 dubitationem
3372 4759 3631 4830 pariunt:

2055 4864 2283 4920 alteram
2363 4861 2623 4931 quidem,
2698 4868 2880 4914 utrum
2960 4857 3014 4912 iu
3099 4856 3339 4913 secundo
3398 4851 3630 4908 adventu

2053 4955 2258 5011 Christi
2314 4955 2387 5011 sit
2441 4968 2691 5009 sessurus
2741 4968 2863 5007 cum
2913 4951 3003 5007 illo
3051 4951 3323 5023 quispiam
3355 4965 3372 5014 ;
3401 4947 3629 5002 alteram

2055 5063 2209 5118 vero,
2243 5049 2515 5121 quomodo
2564 5060 2688 5104 cum
2731 5046 2994 5119 judicium
3046 5059 3079 5102 a
3125 5044 3286 5101 Patre
3323 5044 3511 5098 datum
3561 5037 3632 5094 sit

442 5207 492 5241 ⁵⁸
516 5205 708 5262 Matth.
743 5221 820 5274 iv,
850 5206 943 5263 22.
1024 5206 1071 5241 "’
1103 5204 1339 5278 Philipp.
1372 5222 1468 5275 ιιι,
1504 5207 1561 5265 8.
1637 5207 1688 5242 "
1717 5207 1893 5264 Exod.
1954 5219 2128 5266 nam
2153 5243 2170 5270 .
2204 5204 2298 5263 20.
2359 5214 2364 5218 ’

1632 5340 1959 5406 Francisci
1986 5339 2198 5405 Scorsi
2226 5345 2418 5403 notat.

445 5464 562 5534 (77)
593 5464 696 5530 Qui
723 5465 780 5517 in
819 5479 902 5535 tua
944 5464 1203 5535 sequendo
1239 5465 1711 5535 persevcrgrmtis.
1769 5461 1942 5530 "aliis

371 5533 659 5592 sententia
687 5536 768 5588 vis
795 5533 1022 5590 elicitur
1041 5538 1110 5589 ab
1140 5547 1362 5589 auctore
1388 5551 1416 5588 a
1447 5533 1638 5591 (ἕνεκοο
1660 5535 1954 5589 οίάκολου-

374 5606 646 5675 θήσαντας
673 5605 827 5676 quod
873 5614 1087 5674 tempus
1133 5613 1219 5658 est
1242 5605 1498 5675 ἀόριστον
1522 5615 1578 5659 et.
1603 5619 1709 5674 pro
1727 5617 1953 5675 praeter-

378 5676 457 5732 ito
515 5689 659 5744 saepe
704 5675 995 5744 sumitur:
1049 5677 1293 5742 adeoque
1327 5691 1354 5726 a
1412 5686 1598 5731 uostro
1655 5677 1952 5744 interprete

380 5743 654 5801 redditum
705 5756 813 5807 est,
865 5743 969 5808 Qui
1016 5746 1182 5799 secuti
1243 5751 1370 5800 estis
1415 5761 1536 5809 mc;
1607 5747 1699 5802 sed
1767 5746 1947 5800 reddit

2048 5478 2132 5518 nte
2166 5463 2424 5534 sequendo
2467 5459 2943 5534 perseveratgritis.
2977 5459 3082 5534 ilic
3112 5459 3627 5534 etiam__adverteu-

2055 5536 2184 5589 dum
2211 5530 2294 5588 est
2320 5543 2528 5602 partem
2571 5531 2732 5602 hujus
2756 5530 3053 5599 Evangelii,
3093 5533 3234 5598 quod
3265 5531 3625 5600 Theophanes

2050 5603 2276 5674 exponit
2322 5600 2420 5685 per
2467 5603 2632 5685 itane.
2667 5600 3002 5685 meinicatn
3031 5614 3154 5656 esse
3200 5601 3622 5685 desumptamoex

2049 5671 2173 5744 cap.
2209 5688 2323 5736 xu.
2359 5672 2420 5729 S.
2483 5671 2743 5736 Ilattbati,
2773 5686 2873 5724 nec
2915 5671 3192 5727 cohmrere
3219 5685 3344 5725 cum
3374 5673 3623 5741 superio-

2048 5743 2225 5806 ribus.
2269 5758 2393 5810 quae
2421 5753 2547 5797 sunt
2603 5743 2742 5808 apud
2791 5741 2964 5809 ipsum
3015 5739 3217 5810 Matth.
3259 5756 3376 5808 cap.
3404 5759 3461 5807 ι,
3526 5743 3620 5799 scd

379 5817 784 5885 accommodate
825 5823 1025 5885 potest,
1059 5815 1167 5879 Qui
1206 5816 1372 5869 secuti
1408 5816 1616 5885 fita-ritis
1663 5833 1763 5878 me,
1798 5819 1945 5883 quod
2045 5813 2236 5885 Gmi.
2267 5812 2544 5885 Evangelii
2589 5813 3098 5885 lectiones_quibus
3124 5811 3178 5865 in
3207 5809 3623 5879 liturgiisutun-

380 5900 484 5943 nos
515 5884 742 5950 maioris
779 5881 1157 5954 eiplicatiqnis
1214 5887 1388 5956 gratia
1408 5881 1661 5942 diximus
1740 5881 1846 5954 Qui
1885 5888 1943 5940 in
2046 5896 2132 5940 tur
2177 5883 2244 5940 ex
2283 5881 2450 5940 variis
2494 5882 2817 5955 quandoque
2846 5881 3118 5953 tignueutis
3171 5893 3533 5953 componunt.
