4150 6318
514 390 618 454 963

1710 398 2203 463 THEOPHANIS
2240 402 2580 469 CERAMEI

3658 416 3764 481 904

507 505 679 576 patris
719 504 1205 602 fecerit,.eumque
1243 511 1412 567 lilium
1467 510 1618 570 Iona:
1662 516 1988 587 appellarit?
2035 519 2074 572 ii

2194 536 2390 576 νευσεν
2418 568 2432 589 ,
2485 524 2601 577 υίὸν
2633 524 2797 582 αὑτὸν
2826 526 2999 583 είπὼν
3044 529 3228 597 Ἰωνᾶς
3262 530 3563 605 Μονονουχὶ
3610 534 3768 588 τοῦτό

506 598 649 655 liuiic
685 586 1074 671 propemodum
1118 619 1343 661 sensum
1398 606 1658 678 loquitur.
1699 586 1871 666 Sicuti
1907 622 1962 667 tu
1994 628 2087 668 na-

506 691 751 748 turalter
774 693 913 748 filius
936 709 996 751 es
1022 694 1174 752 Jonae
1198 698 1373 767 patris
1398 700 1497 765 tui,
1519 700 1596 756 sic
1619 718 1720 771 ego
1740 704 2085 772 naiuraliier,

505 789 802 842 secundum
831 792 1124 845 essentiam
1152 807 1269 847 sum
1309 793 1427 858 Dei,
1456 806 1509 850 ct
1538 793 1714 851 Patris
1742 796 1937 854 Filius.
1971 799 2079 853 Seu

502 879 679 949 potius
705 880 807 935 hoc
842 882 992 948 dicit,
1046 885 1299 954 quoniam
1339 902 1443 941 non
1476 901 1504 941 a
1544 903 1710 944 carne
1738 900 1793 944 et
1826 892 2086 961 sanguine

502 968 797 1039 profectam
849 976 1239 1031 revelationcm
1271 976 1509 1045 dixerat,
1540 981 1635 1036 sed
1675 996 1703 1035 a
1751 979 1913 1038 Patre
1962 998 2082 1051 suo,

499 1071 662 1133 atque
700 1064 816 1121 haec
860 1067 1119 1122 revelatio
1170 1082 1264 1139 per
1310 1067 1571 1140 Spiritum
1628 1082 1877 1127 sanctum
1937 1073 2083 1129 facta

500 1155 696 1223 fuerat,
728 1158 847 1214 ideo
878 1160 1025 1215 illum
1054 1161 1289 1232 Spiritus
1314 1163 1507 1220 Filium
1532 1176 1712 1222 vocat.
1742 1167 1909 1224 Jonas
1930 1171 2080 1225 enim

496 1246 795 1301 columbam
827 1262 980 1305 sonat
1008 1252 1142 1323 (74).
1163 1253 1493 1311 Consuetum
1520 1273 1682 1329 porro
1702 1269 1788 1315 est
1818 1260 1870 1315 in
1900 1262 2078 1316 divina

498 1340 777 1410 Scriptura
829 1345 1000 1399 sancti
1061 1346 1316 1403 virtutem
1389 1350 1655 1407 columbae
1718 1353 2082 1421 appellatione

493 1434 711 1504 signare
763 1436 827 1503 "',
897 1439 1054 1508 cujus
1105 1457 1311 1511 pennas
1368 1444 1473 1498 sibi
1522 1445 1641 1499 dari
1690 1443 1854 1518 375
1908 1445 2077 1503 David

490 1528 657 1583 etiam
736 1530 827 1586 ille
898 1536 1157 1603 propheta
1227 1536 1500 1606 cupiebat.
1553 1557 1573 1591 ι
1624 1537 1822 1596 Beatus
1871 1555 1950 1607 es,
1987 1540 2079 1597 Si-

492 1638 615 1676 mon
660 1621 951 1689 Bar-Jona,
1003 1628 1126 1696 quia
1186 1643 1317 1685 caro
1361 1638 1416 1684 et
1465 1632 1687 1704 sanguis
1727 1648 1832 1687 non
1875 1635 2080 1690 reVela-

489 1715 566 1769 vit
600 1716 737 1770 tibi:
778 1735 798 1768 ι
836 1718 922 1773 liis
948 1719 1126 1774 verbis
1155 1721 1259 1776 tale
1306 1723 1563 1793 quiddam
1610 1725 1922 1796 significat:
1959 1728 2075 1784 Non

488 1806 542 1860 in
578 1822 743 1863 carne
777 1819 832 1864 et
894 1812 1161 1882 sanguine
1208 1816 1420 1871 haerens
1469 1816 1606 1871 lianc
1639 1817 1707 1873 dc
1742 1834 1827 1874 me
1869 1821 2071 1876 revela-

491 1898 689 1955 tiouem
727 1903 1009 1969 accepisti.
1042 1904 1138 1959 scd
1160 1920 1189 1959 e
1224 1906 1574 1963 sensibilibus
1606 1923 1831 1979 prorsus
1864 1911 2068 1966 abstra-
2109 1906 2149 1962 Β

486 2002 610 2048 ctus
648 1996 715 2048 de
759 1994 842 2049 bis
873 1994 1154 2065 theologia:
1197 1999 1471 2069 mysteriis
1507 2000 1749 2057 initiatus
1779 2016 1862 2059 es.
1900 2001 1993 2058 Sic
2018 2013 2075 2059 et

488 2080 711 2153 Paulus,
740 2089 830 2155 qui
868 2102 927 2141 se
956 2096 1166 2155 raptum
1194 2104 1365 2160 usque
1402 2091 1467 2144 ad
1501 2092 1721 2146 tertium
1755 2092 1984 2159 caelum,
2017 2103 2072 2150 et

492 2191 694 2232 arcana
746 2182 909 2233 verba
964 2183 1183 2236 audisse
1220 2183 1378 2247 dicit,
1429 2199 1537 2239 non
1585 2198 1647 2239 ea
1695 2185 2068 2253 inquisitione,

489 2286 611 2341 qua:
641 2288 899 2329 sensuum
930 2275 1236 2332 ministerio
1262 2276 1322 2331 lit
1342 2278 1408 2335 ad
1437 2277 1794 2346 intelligibilia
1824 2288 2072 2334 contem-

490 2366 685 2434 planda
727 2381 864 2436 opus
895 2367 1104 2433 habuit,
1146 2365 1291 2434 quod
1323 2370 1536 2424 scilicet
1562 2370 1677 2439 ipse
1710 2379 1920 2425 suomet
1948 2384 2068 2424 ser-

490 2472 651 2512 mone
702 2459 1071 2527 signiﬁcavit:
1109 2478 1130 2513 ι
1168 2461 1295 2517 Sive
1341 2461 1395 2517 in
1450 2475 1701 2533 corpore,
1748 2464 1863 2521 sive
1914 2472 2069 2520 extra

484 2563 705 2619 corpus,
742 2556 923 2607 nescio
952 2553 1019 2606 “.
1049 2570 1068 2605 ι

560 2662 579 2696 ι
620 2643 680 2698 Et
712 2659 815 2715 ego
866 2646 988 2700 dico
1029 2644 1149 2712 tibi,
1195 2642 1331 2711 Quia
1378 2654 1431 2699 tu
1463 2660 1523 2702 es
1560 2645 1774 2714 Petrus,
1808 2655 1862 2703 et
1906 2662 2070 2719 super

486 2737 626 2791 lianc
667 2748 876 2808 petram
906 2738 1185 2794 mdiﬂcabo
1215 2739 1509 2795 Ecclesiam
1540 2754 1740 2796 meam.
1781 2759 1801 2792 ι
1849 2741 1955 2806 Tu,
1984 2742 2069 2797 in-

483 2828 625 2897 quit,
663 2828 757 2899 qui
811 2840 960 2897 petra
993 2846 1052 2886 es
1096 2830 1238 2901 (75).
1285 2838 1436 2901 petra
1490 2831 1588 2886 lies
1630 2830 1750 2886 fidei
1786 2829 1973 2897 Verbi,
2013 2840 2069 2887 et

484 2918 879 2973 constituenda:
938 2918 1193 2975 Ecclesia:
1228 2920 1660 2988 fundamentum,
1701 2930 1756 2975 et
1794 2921 2067 2989 'spirituao

483 3010 551 3067 lis
605 3012 816 3068 ποίηεῆ
843 3013 1049 3085 primus
1094 3013 1295 3069 aditus.
1330 3011 1386 3068 ln
1414 3015 1517 3070 hac
1539 3016 1681 3069 enim
1702 3012 2064 3079 confessione,

482 3120 587 3175 qua
612 3121 701 3161 me
732 3107 1004 3163 hominem
1042 3107 1293 3163 eumdem
1356 3120 1412 3163 et
1448 3107 1613 3163 Deum
1645 3123 1764 3163 esse
1787 3107 2067 3164 confessus

485 3214 567 3265 es,
599 3200 654 3255 in
690 3201 813 3267 bac,
850 3202 1094 3273 inquam,
1131 3200 1439 3257 stabilieiur
1467 3200 1721 3258 Ecclesia:
1748 3201 2066 3257 fundamen-

486 3301 626 3349 tuin.
666 3291 780 3349 Hac
820 3293 964 3349 enim
999 3294 1114 3349 basi
1167 3294 1469 3365 supposita,
1520 3295 1728 3365 reliqua
1766 3294 1932 3350 etiam
1974 3294 2069 3348 do-

484 3394 667 3455 gmata
700 3392 816 3440 tuto
841 3394 1309 3458 superstriientur.

566 3622 586 3659 ι
638 3603 706 3659 Et
764 3612 935 3672 porta:
996 3602 1151 3659 inferi
1222 3620 1328 3660 non
1388 3606 1753 3674 praevalebunt
1807 3605 2068 3662 adversus

482 3711 625 3753 eam.
665 3715 688 3751 ι
726 3694 903 3753 Putta
943 3695 1123 3760 inferi,
1170 3712 1291 3767 qua:
1335 3705 1523 3752 contra
1581 3698 1878 3753 Ecclesiam
1933 3714 2070 3769 prm-

480 3789 667 3846 valere
697 3802 804 3843 non
835 3796 1146 3859 potuerunt,
1182 3792 1399 3856 tyranni
1427 3790 1819 3862 intelligantur,
1861 3801 1917 3847 et
1957 3793 2068 3847 lm-

482 3898 662 3938 resum
698 3879 971 3950 principes
996 3896 1012 3935 :
1036 3881 1126 3951 qui
1152 3893 1321 3950 porta:
1350 3881 1506 3936 inferi
1532 3880 1765 3953 figurate
1789 3883 2065 3951 dicuntur,

486 3985 675 4043 utpote
709 3976 803 4044 qui
835 3975 902 4029 ad
932 3973 1227 4029 inferorum
1259 3976 1392 4031 retia
1425 3978 1742 4046 pertraliant
1770 3988 2069 4035 sectatores

481 4082 631 4132 suos,
657 4070 748 4138 qui
782 4067 1027 4137 profecto
1062 4068 1332 4122 incassum
1362 4067 1528 4122 multa
1562 4068 1775 4131 conati,
1807 4077 1861 4122 et
1892 4082 2065 4137 equo-

480 4170 600 4211 riiin
659 4157 831 4211 instar
888 4158 1151 4210 adversus
1201 4154 1501 4209 Ecclesiam
1560 4154 1919 4212 infrementes
1985 4154 2064 4212 nil

478 4246 774 4317 quidquam
812 4246 1037 4300 alterius
1080 4246 1391 4300 nocumeuti
1430 4244 1506 4299 illi
1568 4244 1905 4311 intulerunt,
1960 4246 2066 4303 nisi

478 4340 622 4411 quod
657 4338 1015 4396 illustriorem
1048 4324 1298 4395 ell'ecere.

559 4449 579 4482 ι
612 4423 680 4485 Et
730 4431 825 4487 tibi
861 4429 1003 4485 dabo
1029 4426 1216 4485 claves
1246 4428 1399 4502 regni
1432 4428 1720 4487 caelorum.
1761 4447 1781 4481 ι
1829 4428 1947 4485 Non
1990 4430 2068 4485 ait

485 4524 554 4577 do
597 4522 696 4577 tibi
731 4538 895 4579 nunc.
943 4523 1038 4576 sed
1071 4522 1249 4589 dabo;
1283 4532 1492 4593 tempus
1521 4522 1728 4578 scilicet
1782 4519 1912 4576 illud
1943 4531 2065 4591 post

2190 632 2358 684 φησιν
2381 632 2395 645 ·
2425 618 2639 687 Ὥσπερ
2670 618 2836 681 αὐτὸς
2877 620 2992 685 υίὸς
3024 618 3075 674 εἴ
3102 622 3264 692 φύσει
3298 623 3389 678 τοῦ
3426 626 3521 679 σοῦ
3560 627 3767 695 πατρὶς

2201 707 2378 774 Ἰωνᾶ,
2410 706 2558 765 οὕτω
2597 709 2753 779 κάγὼ
2786 714 2951 784 φύσει
3015 715 3109 767 καὶ
3133 716 3257 769 κατ’
3281 717 3471 771 οὐσίαν
3506 717 3631 781 Υἱός
3648 723 3767 788 εἰμι

2186 801 2283 857 τοῦ
2312 802 2449 858 Θεοῦ
2509 805 2603 858 καὶ
2643 805 2877 876 Πατρός.
2924 808 3143 862 Μᾶλλον
3169 808 3249 877 δὲ,
3271 812 3458 881 ἐπειδὴ
3491 812 3590 881 τὴν
3628 812 3770 865 ἀπο-ι

2187 893 2424 968 κάλυψιν
2452 897 2553 951 οὐκ
2602 898 2712 952 ἀπὸ
2758 900 2963 969 σαρκὸς
3008 897 3127 956 εῐπε
3154 904 3490 974 γεγενῆσθαι
3548 904 3644 959 καὶ
3676 904 3766 958 αἵ-

2190 1010 2384 1063 ματος,
2414 992 2533 1047 ἀλλ’
2578 994 2643 1047 ἐκ
2685 993 2778 1049 τοῦ
2814 996 3028 1067 Πατρδς
3063 996 3233 1051 αὐτοῦ
3261 997 3357 1052 τοῦ
3393 1000 3452 1052 ιν
3487 999 3766 1069 οὐρανοῖς,

2184 1084 2326 1160 αὕτη
2364 1087 2422 1141 δὶ
2480 1088 2514 1159 ἠ
2557 1088 2907 1159 ἀποκάλυψις
2955 1089 3044 1145 διὰ
3096 1091 3192 1144 τοῦ
3237 1091 3399 1157 ἁγίου
3446 1094 3769 1164 Πνεύματος

2185 1178 2400 1249 γέγονε,
2431 1179 2523 1235 διὰ
2550 1180 2717 1236 τοῦτο
2741 1181 2871 1235 my
2902 1182 3068 1237 αὑτὸν
3104 1182 3364 1253 ὀνομάζει
3386 1183 3481 1237 τοῦ
3510 1184 3768 1254 Πνεῦμα-

2183 1286 2297 1335 τος.
2316 1272 2501 1336 Ἰωνᾶς
2533 1272 2642 1343 γὰρ
2671 1270 2993 1342 περιστερὰ
3019 1274 3405 1346 ἑρμηνεύεται.
3441 1274 3679 1345 Σύνηθες
3707 1275 3770 1329 δὲ

2184 1366 2249 1434 τῇ
2284 1363 2478 1437 Γραφῇ
2513 1363 2690 1438 τούτῳ
2717 1366 2793 1435 τῷ
2814 1367 3042 1438 ὀνόματι
3073 1366 3175 1435 τῆς
3198 1368 3556 1439 περιστερᾶς,
3576 1368 3768 1422 καλεῖν

2183 1456 2283 1526 τὴν
2307 1455 2403 1510 τοῦ
2434 1456 2759 1527 Πνεύματος
2793 1457 3050 1529 δύναμιν,
3080 1453 3148 1532 ἦς
3170 1459 3269 1523 τὰς
3301 1461 3585 1532 πτέρυγας
3611 1461 3767 1529 γενέ-

2184 1547 2315 1604 σθαι
2393 1550 2543 1620 αὐτῷ
2609 1551 2706 1603 καὶ
2760 1551 2929 1604 Δαῦὶδ
2974 1552 3003 1605 ὁ
3049 1552 3340 1624 προφήτης
3395 1550 3761 1623 ἐπιπόθησιν.

2186 1658 2206 1692 ι
2248 1640 2537 1711 Μακάριος
2574 1636 2627 1695 εἴ
2659 1640 2749 1707 σὺ,
2784 1642 2968 1711 Σίμων
2994 1640 3109 1711 Βὰρ
3151 1641 3331 1706 Ἰωνᾶ,
3379 1643 3461 1696 ὅτι
3496 1641 3634 1712 σὰρξ
3667 1643 3764 1695 καὶ

2181 1731 2322 1805 αἷμα
2354 1736 2454 1788 οὐκ
2480 1734 2805 1806 ἀπεκάλυψέ
2838 1752 2942 1790 σοι.
2973 1755 2992 1788 ι
3024 1738 3090 1791 Ὅ
3119 1735 3269 1805 λέγει
3299 1736 3545 1790 τοιοῦτόν
3568 1738 3717 1790 ἐστιν
3743 1751 3757 1767 ·

2182 1830 2298 1883 Οὐκ
2329 1830 2386 1882 ἐν
2419 1830 2607 1897 σαρκὶ,
2650 1829 2807 1899 φησὶ,
2865 1830 3050 1896 μένων
3088 1830 3182 1883 καὶ
3230 1832 3424 1901 αἵματι
3457 1828 3623 1894 ἐδέξω
3660 1828 3761 1897 τὴν

2182 1923 2313 1989 περὶ
2363 1909 2503 1992 ἐμοῦ
2560 1920 2952 1990 ἀποκάλυψιν
2991 1919 3109 1976 ἀλλ’
3162 1920 3269 1986 ἔξω
3323 1922 3435 1977 τῶν
3479 1921 3759 1987 αίσθητῶν

2183 2015 2363 2085 πάντη
2392 2015 2690 2084 γενόμενος
2710 2052 2726 2079 ,
2752 2014 2823 2066 τὰ
2850 2014 2949 2084 τῆς
2983 2013 3268 2084 θεολογίας
3310 2014 3761 2086 μεμυσταγὼγη-

2183 2122 2292 2160 σαι.
2328 2105 2518 2168 Οὕτως
2548 2105 2645 2158 καὶ
2670 2104 2884 2166 Παῦλος
2917 2105 3157 2178 ἀρθῆναι
3208 2106 3383 2161 είπὼν
3413 2106 3516 2167 ἕω,
3571 2107 3759 2175 τρίτου

2179 2199 2439 2270 οὐρανοῦ,
2471 2198 2565 2251 καὶ
2601 2197 2867 2269 ῥημάτων
2892 2199 3151 2270 ἀρρήτων
3176 2199 3431 2268 γενέσθαι
3459 2199 3759 2270 ἀκροατὴς.

2178 2290 2240 2345 ού
2279 2290 2607 2362 σωματικῆς
2655 2290 2951 2359 ἀκριϐείας
2998 2289 3195 2361 ἐδεήθη
3227 2292 3285 2343 ὲν
3316 2292 3380 2362 τῇ
3414 2291 3617 2361 θεωρίᾳ
3648 2290 3760 2343 τῶν

2178 2384 2388 2454 νοητῶν
2417 2397 2431 2412 °
2467 2382 2631 2437 τοῦτο
2669 2384 2775 2454 γὰρ
2808 2386 2902 2435 καὶ
2924 2383 3088 2445 αὐτὸς
3117 2382 3195 2453 τῷ
3229 2383 3345 2453 ίδίῳ
3379 2384 3523 2453 λόγῳ
3557 2384 3761 2451 ἐπεση-

2180 2476 2425 2546 μήνατο·
2460 2495 2480 2527 ι
2517 2475 2644 2530 Εἴτε
2674 2477 2734 2528 ὲν
2765 2474 3003 2544 σώματι.
3043 2475 3153 2528 εἴτε
3178 2475 3338 2539 ἐκτὸς
3374 2476 3469 2528 τοῦ
3505 2475 3759 2543 σώματος

2176 2570 2277 2624 οὐκ
2310 2565 2451 2623 οἶδα.
2492 2587 2512 2621 ι

2253 2681 2271 2714 i
2309 2660 2480 2731 Κάγὼ
2517 2660 2575 2717 δέ
2638 2678 2721 2716 σοι
2764 2661 2909 2731 λέγω
2945 2662 3028 2717 ὅτι
3067 2661 3133 2715 σὺ
3166 2655 3216 2715 εἴ
3246 2662 3476 2733 Πέτρος,
3538 2679 3635 2715 και
3664 2673 3750 2713 sit:

2175 2754 2352 2827 ταύτῃ
2380 2756 2449 2826 τῇ
2490 2754 2669 2825 πέτρᾳ
2702 2754 3049 2825 οἰκοδομήσω
3073 2771 3177 2823 μου
3204 2758 3304 2824 τὴν
3345 2754 3690 2825 Ἐκκλησίαν.
3716 2771 3734 2803 ι

2178 2845 2272 2910 Σὺ,
2304 2845 2463 2915 φησι,
2500 2846 2705 2917 Πέτρος
2746 2843 2845 2909 ῶν,
2874 2847 3047 2915 πέτρα
3075 2846 3315 2916 γεννήσῃ
3349 2844 3449 2914 τῆς
3501 2847 3637 2898 κατὰ
3659 2842 3739 2895 λό-

2176 2953 2273 3007 γον
2307 2939 2574 3001 πίστεως,
2614 2937 2705 2990 καὶ
2737 2936 2834 3006 τῆς
2872 2934 3246 3007 ἑδραζομένης
3299 2935 3629 3005 Ἐκκλησίας
3665 2933 3746 2987 θε-

2179 3030 2384 3101 μέλιος,
2412 3028 2507 3083 καὶ
2526 3028 2720 3100 πρώτη
2738 3028 2839 3100 τῆς
2863 3028 3244 3100 πνευματικῆς
3270 3028 3564 3099 οἰκοδομῆς
3586 3032 3753 3101 ἀφορο

2179 3122 2276 3194 μή.
2317 3122 2444 3177 Ἐπὶ
2499 3125 2566 3195 τῇ
2597 3121 2861 3192 ὁμολογίᾳ
2913 3123 3024 3191 γὰρ
3078 3115 3341 3196 ταύτῃ,ᾗ
3387 3120 3753 3193 δμολόγησας,

2174 3218 2269 3272 τὸν
2301 3215 2467 3270 αὑτὸν
2522 3213 2662 3269 εἶναί
2698 3232 2766 3285 με
2809 3215 2937 3269 Υίδν
2962 3214 3121 3282 Θεοῦ,
3151 3218 3250 3270 καὶ
3274 3216 3409 3271 Υἱὸν
3437 3215 3751 3288 ἀνθρώπου,

2176 3310 2267 3362 ὲπί
2322 3307 2494 3380 ταύτῃ
2543 3308 2642 3379 τῆς
2711 3308 3099 3379 Ἐκκλησίαςὸ
3154 3307 3409 3379 θεμέλιος
3469 3312 3749 3371 στήσεται.

2173 3399 2450 3472 Τοιαύτης
2485 3402 2595 3472 γὰρ
2617 3400 2718 3471 τῆς
2748 3400 3014 3471 κρηπῖδος
3049 3399 3329 3471 τεθείσης,
3362 3402 3459 3456 καὶ
3487 3402 3558 3455 τὰ
3588 3401 3751 3456 λοιπὰ

2169 3494 2423 3565 δόγματα
2456 3494 2718 3562 ἀσφαλῶς
2746 3494 3265 3567 οίκοδομηθήσεται.

2244 3606 2265 3640 ι
2299 3589 2410 3643 Καὶ
2437 3587 2608 3641 πύλαι
2637 3587 2768 3659 ᾅδου
2794 3590 2855 3641 ού
2885 3589 3315 3659 κατισχύσουσιν
3347 3587 3547 3657 αὐτῆς.
3591 3608 3609 3641 ι
3636 3588 3749 3643 Πύ-

2169 3684 2260 3734 λαι
2295 3679 2351 3734 δὲ
2379 3679 2507 3752 ᾇδου
2540 3681 2641 3749 τῆς
2680 3681 3011 3752 Ἐκκλησίας
3067 3680 3142 3750 μὴ
3173 3681 3593 3751 κατισχύουσαι,
3635 3676 3749 3734 εἷεν

2171 3772 2237 3826 ἂν
2256 3773 2308 3826 οι
2336 3772 2544 3844 ταύτην
2574 3771 2864 3837 διώκοντες
2914 3775 3195 3846 τύραννοι,
3234 3775 3326 3826 καὶ
3364 3774 3414 3825 οἱ
3442 3774 3551 3825 τῶν
3583 3770 3735 3843 αἱρέ-

2175 3881 2316 3919 σεων
2348 3864 2593 3938 ἔξαρχοι,
2620 3866 2788 3919 πύλαι
2814 3866 2944 3939 ᾅδου
2986 3867 3267 3939 τροπικῶς
3328 3863 3747 3935 ὀνομασθέντες,

2168 3958 2244 4023 ὡς
2272 3962 2401 4023 τοὺς
2435 3959 2794 4029 πειθομένους
2829 3959 3015 4024 αὐτοῖς
3076 3964 3157 4024 εἰς
3216 3959 3345 4031 ᾅδου
3386 3956 3744 4013 καθίλκονται

2167 4055 2477 4125 πέταυρον·
2506 4052 2557 4105 οἳ
2610 4053 2677 4122 δὴ
2728 4052 2902 4108 πολλὰ
2956 4054 3320 4124 μογήσαντες,
3349 4051 3445 4106 καὶ
3474 4049 3613 4106 κατὰ
3643 4051 3743 4118 τῆς

2169 4146 2507 4217 Ἐκκλησίας
2541 4145 2774 4216 ἱππηδὸν
2798 4145 3201 4216 φρυαξάμενοι,
3234 4143 3509 4198 οὐδοτιοῦν
3534 4140 3740 4210 ταύτην

2167 4239 2554 4313 παρέϐλαψαν,
2600 4239 2634 4311 ἢ
2673 4240 2757 4294 ὅτι
2795 4240 3184 4311 λαμπροτέραν
3212 4240 3559 4311 είργάσαντο.

2245 4437 2266 4470 ι
2304 4417 2415 4472 Καὶ
2448 4416 2605 4471 δώσω
2645 4433 2729 4470 σοι
2758 4416 2856 4480 τὰς
2903 4415 3051 4480 κλεῖς
3077 4415 3173 4486 τῆς
3202 4416 3483 4488 βασιλείας
3513 4416 3619 4469 τῶν
3658 4415 3749 4470 οὐ·

2171 4513 2374 4587 ρανῶν.
2422 4530 2441 4565 ι
2476 4513 2590 4567 Οὐκ
2643 4506 2789 4577 εἷπε,
2820 4510 3025 4581 Δίδωμί
3061 4528 3144 4563 σοι
3195 4510 3314 4574 νῦν,
3370 4511 3542 4575 ἀλλὰ,
3580 4510 3749 4563 Atinio

496 4615 952 4669 resurrectionem
989 4614 1227 4669 futurum
1252 4615 1571 4683 pradicens.
1594 4614 1810 4685 quando
1827 4623 1880 4668 et
1898 4616 2068 4668 sancti

2177 4623 2282 4670 σοι,
2308 4606 2400 4658 τὸν
2434 4604 2576 4674 μετὰ
2597 4604 2694 4673 τὴν
2718 4603 3020 4657 ἀνάστασιν
3067 4602 3352 4673 προλέγων
3378 4604 3590 4674 καιρὸν,
3624 4602 3747 4655 καθ’

492 4703 732 4774 Spiritus
781 4706 1009 4775 gratiam
1039 4706 1113 4760 illi
1150 4707 1456 4777 inipertitus
1486 4716 1591 4773 cst,
1647 4715 1702 4762 et
1745 4717 2067 4776 potestatem

484 4794 686 4866 ligandi
745 4808 910 4867 atque
943 4797 1188 4853 solvendi
1244 4799 1576 4870 permisit”,
1626 4810 1680 4855 et
1714 4798 2066 4853 rationalibus

480 4892 676 4945 ovibus
702 4900 981 4961 pastorem
1019 4891 1285 4963 priefceit.
1323 4890 1518 4947 Verum
1547 4908 1668 4961 qua:
1715 4892 1899 4946 claves
1958 4889 2063 4955 lia),

481 4997 714 5051 quarum
782 4992 1062 5053 portarum
1126 4983 1365 5053 claviger
1419 4981 1768 5037 constituitur
1833 4979 2062 5035 Petrus?

2175 4698 2234 4752 δν
2279 4698 2429 4767 αὑτῷ
2490 4697 2584 4750 καὶ
2644 4695 2743 4765 τὴν
2785 4696 2945 4768 χάριν
2986 4696 3081 4751 τοῦ
3118 4696 3276 4766 ἁγίου
3314 4697 3639 4766 Πνεύματος
3662 4697 3746 4750 δι.

2173 4790 2333 4857 δωκε,
2369 4791 2465 4844 καὶ
2489 4791 2589 4860 τὴν
2637 4790 2886 4852 ἐξουσίαν
2928 4789 3021 4843 τοῦ
3061 4790 3284 4859 δεσμεῖν
3324 4792 3419 4843 καὶ
3451 4788 3621 4853 λύειν,
3655 4790 3747 4842 καὶ

2170 4887 2280 4939 τῶν
2314 4885 2551 4953 λογικῶν
2601 4885 2893 4955 προϐάτων
2947 4884 3262 4954 ἀγελάρχην
3309 4885 3744 4955 ἐχειροτόνησεν.

2181 4974 2345 5030 Ἀλλὰ
2370 4974 2515 5036 τίνες
2559 4975 2617 5027 αἱ
2648 4973 2875 5040 κλεῖδες,
2924 4973 3104 5045 θυρῶν
3133 4976 3191 5028 δὲ
3228 4975 3397 5029 ποίων
3432 4973 3745 5044 κλειδοῦχος

555 5117 599 5147 ⁸⁷
634 5115 781 5173 Psal.
815 5132 927 5183 Liv,
970 5114 1025 5173 Ἰ.
1100 5114 1147 5149 ⁸⁸
1192 5113 1233 5170 ιι
1263 5115 1386 5172 Cor.
1420 5129 1518 5181 xii,
1548 5114 1605 5171 3.
1681 5116 1729 5149 ”
1754 5112 1911 5170 Joan.
1939 5113 2145 5179 αλδ.
2180 5102 2187 5111 ’

1706 5206 2029 5269 Francisci
2062 5201 2275 5269 Scorsi
2306 5209 2489 5265 notis.

558 5334 669 5404 (τά)
705 5332 872 5386 Jonas
914 5331 1383 5404 eiiint_cofunibaiii
1429 5339 1602 5384 sonat.
1632 5340 1747 5404 ων
1791 5329 2057 5404 columba,

477 5400 751 5471 u'ﬁiim.
780 5404 907 5456 Vide
939 5403 995 5456 ὃ.
1030 5400 1438 5472 Hieronymum,
1466 5403 1518 5456 in
1548 5403 1793 5457 eamdem
1823 5402 2055 5473 Eiymol.

483 5474 937 5544 ἀλληγορίζοντα.

557 5540 896 5618 (ἹῦγΡεινα
945 5561 1039 5618 μοι,
1098 5553 1206 5598 etc.
1272 5540 1828 5618 llunc_Theoplianis
1888 5543 2061 5618 nostri

482 5614 658 5672 locum
680 5657 694 5682 ,
725 5625 781 5667 nt
814 5615 1146 5669 luculentum
1185 5614 1555 5670 testimonium
1597 5614 1875 5667 catholicae
1912 5614 2058 5666 vei-i-

485 5690 631 5751 tatis,
658 5702 722 5739 ex
759 5700 862 5753 qua
902 5685 1089 5741 l’etriis
1123 5683 1592 5753 caputEct-lesize.
1621 5693 1675 5737 et
1708 5684 1827 5753 lldci
1865 5682 2059 5736 funda-

484 5768 727 5811 mentum
762 5757 1022 5809 asseritur
1043 5752 1233 5808 contra
1264 5752 1752 5823 Magdcburgenses
1779 5752 2060 5807 Centuria-

484 5838 651 5891 lores,
686 5827 872 5879 iisdem
916 5826 1136 5878 omnino
1167 5824 1344 5878 verbis
1389 5824 1608 5891 prouilit
1653 5825 1791 5877 inter
1826 5823 2055 5877 aliorum

486 5909 723 5953 veterum
756 5893 974 5951 Patrum
1006 5897 1164 5960 dicta,
1198 5909 1332 5966 quos
1362 5894 1544 5949 itidem
1573 5894 1706 5951 citat
1732 5892 2057 5949 Franciscus

2165 5326 2421 5383 Turrian.
2454 5342 2568 5381 soc.
2600 5335 2818 5389 nostrae,
2846 5326 2914 5380 de
2954 5341 3060 5397 quo
3102 5325 3251 5395 plura
3297 5327 3347 5379 in
3386 5325 3617 5383 Prtimui.
3655 5346 3742 5395 iii,

2166 5399 2309 5471 quod
2352 5399 2550 5471 relege.
2588 5400 2848 5471 I’orro_in
2895 5399 2994 5452 bac
3037 5398 3396 5471 eaplicatione
3430 5410 3483 5452 et
3519 5401 3742 5471 veritate

2166 5466 2517 5523 consentiunt
2548 5484 2735 5523 omnes
2768 5467 2956 5537 Patres
2996 5479 3105 5522 tam
3142 5466 3336 5530 (Ii-mei,
3366 5482 3527 5537 quam
3564 5467 3739 5523 Latini

2165 5554 2302 5607 quos
2332 5551 2576 5593 recenset
2610 5542 2770 5592 etiam
2806 5536 3041 5592 Maldou.
3072 5541 3247 5607 arguit
3279 5541 3442 5591 etiam
3479 5540 3565 5593 liic
3596 5540 3745 5594 locus

2166 5610 2385 5664 Graecos
2422 5612 2565 5678 ipsns
2602 5611 3001 5672 scliismaii-zos,
3036 5613 3126 5677 qui
3167 5610 3451 5677 primatum
3488 5609 3744 5665 Ecclesia:

2167 5680 2458 5741 ltomanze,
2492 5690 2544 5733 et
2588 5693 2964 5735 successorum
3007 5680 3151 5733 Petri
3194 5679 3385 5733 nolunt
3430 5694 3745 5748 agnosceie.

2166 5750 2239 5803 De
2291 5764 2397 5818 quo
2451 5754 2694 5819 pturibus
2742 5765 2905 5818 supra
2962 5752 3013 5803 iu
3066 5754 3164 5803 bac
3217 5752 3388 5817 hom.,
3424 5759 3532 5804 not.
3569 5751 3659 5816 67,
3691 5762 3745 5805 et

2166 5822 2311 5877 liOiii.
2343 5819 2433 5887 37,
2466 5831 2579 5876 not.
2615 5821 2711 5884 68,
2742 5831 2792 5873 Cl
2820 5821 2911 5887 54,
2944 5832 3055 5876 iiol.
3087 5821 3172 5875 59.
