4102 6324
497 380 599 445 961
687 395 691 400 ‘

1703 365 2194 432 THEOPHANIS
2232 361 2575 425 CERAMEI

3642 354 3753 417 968

499 506 667 546 ausus
720 496 806 545 est
855 486 1018 543 etiam
1051 480 1398 542 homicidium
1443 487 1776 551 perpetrare.
1806 475 2078 533 Praeterea

2200 474 2289 526 iro
2312 471 2411 541 τῆς
2444 469 2609 524 αὐτὸν
2643 466 2960 537 σκεπούσης
2984 465 3139 531 θείας
3196 464 3505 536 δυνάμεως,
3562 465 3640 537 ήδη
3661 467 3758 540 vi;

498 583 756 654 quoniam
805 580 998 637 Petrus
1039 582 1228 635 ovibus
1260 579 1468 631 ratione
1497 571 1737 645 praeditis
1771 569 2070 643 pmﬁcien—

499 680 599 733 dus
632 685 770 739 erat,
799 686 853 731 et
908 671 1149 730 solvendi
1227 668 1533 740 ligandique
1611 675 1938 738 potestatem
1982 676 2077 717 ac-

499 782 778 840 cepturus,
805 782 872 823 ne
902 766 955 823 in
986 773 1277 834 peccantes
1298 761 1588 816 vehemens
1630 766 1684 813 et
1713 752 2073 826 implacabilis

500 870 663 925 esset,
696 868 751 915 et
776 859 985 914 duriter
1040 868 1202 927 atque
1232 850 1737 909 immisericorditer
1772 861 1964 919 poenas
1995 846 2078 899 in-

502 955 719 1021 lligeret
772 951 909 1022 (78),
957 950 1178 1004 meliore
1227 942 1564 1017 providentia
1608 940 1723 1013 (79)
1752 948 1916 1009 atque
1950 952 2080 992 con-

502 1047 626 1101 silio
670 1042 1003 1113 permittitur
1027 1041 1246 1106 cadere,
1280 1049 1340 1092 ut
1370 1053 1435 1091 ex
1465 1052 1524 1092 se
1553 1036 1676 1105 ipso
1698 1034 1929 1089 disceret
1951 1045 2077 1100 erga

502 1136 885 1204 delinquentes
916 1147 1035 1188 esse
1066 1130 1470 1203 longanimem;
1510 1136 1566 1182 et
1594 1141 1758 1196 quam
1796 1123 1910 1194 ipse
1933 1123 2086 1177 beni-

500 1228 761 1299 gnitatem
834 1240 899 1280 ac
963 1225 1177 1279 veniam
1225 1220 1590 1286 obtinuisset,
1638 1233 1757 1273 eam
1791 1216 2086 1272 clementer

504 1320 626 1374 aliis
657 1316 982 1386 impertiret.
1016 1314 1127 1370 Nisi
1151 1313 1293 1369 enim
1343 1312 1585 1382 provisa,
1615 1308 1782 1382 377
1807 1323 1871 1364 ac
1893 1305 2081 1376 dispo.

505 1411 607 1465 sita
646 1410 864 1481 negatio
894 1408 1045 1463 Petri
1077 1405 1293 1474 fuisset,
1335 1418 1608 1475 nunquam
1661 1417 1797 1459 sane
1843 1408 1918 1455 tot
1948 1408 2077 1455 ante

505 1498 721 1555 saeculis
767 1498 982 1554 divinus
1018 1495 1186 1551 David
1244 1509 1362 1549 eam
1396 1492 1817 1565 praenuntiasset
1867 1505 1934 1547 ex
1965 1503 2088 1561 per-

508 1607 642 1647 sona
687 1590 893 1648 Christi
928 1590 1115 1646 dicens
1146 1599 1168 1645 :
1206 1609 1224 1641 ι
1256 1588 1319 1645 Et
1343 1588 1436 1658 qui
1492 1586 1793 1642 laudabant
1846 1598 1953 1650 me,
1986 1584 2081 1638 ad-

507 1699 698 1740 versus
734 1700 821 1739 tne
871 1681 1122 1752 iurabant
1143 1682 1209 1735 ⁸³.
1240 1699 1262 1734 ε
1299 1680 1437 1735 Nam
1471 1680 1613 1736 idem
1661 1680 1773 1747 ille,
1829 1677 1923 1750 qui
1953 1692 2080 1733 eum

509 1780 559 1831 in
597 1776 848 1848 praesenti
896 1775 1102 1841 laudat,
1149 1784 1205 1829 et
1249 1771 1442 1829 Filium
1486 1771 1581 1828 Dei
1631 1773 1740 1829 vivi
1768 1771 2080 1834 conﬁtetur,

504 1870 711 1941 juravit
736 1880 922 1940 postea
954 1867 1209 1923 eumdem
1238 1881 1343 1923 non
1374 1880 1555 1923 nosse.

585 2147 740 2214 Quod
790 2147 836 2203 si
870 2144 1130 2201 rationem
1184 2143 1362 2217 magis
1402 2142 1737 2199 reconditam
1770 2142 1897 2199 licet
1932 2140 2089 2198 attin-

513 2254 664 2310 gere,
698 2238 916 2310 aliquod
945 2238 997 2292 in
1035 2238 1137 2291 hac
1184 2237 1471 2307 negatione
1497 2233 1653 2291 Petri
1694 2236 1841 2292 velut
1876 2235 2087 2291 involu-

515 2345 624 2385 tum
650 2332 938 2401 cnigmale
970 2328 1333 2400 signiﬁcatur.
1365 2327 1679 2401 Usqucdum
1730 2330 1873 2384 enim
1899 2328 2092 2383 Petrus

513 2437 639 2493 erga
698 2420 1014 2490 Magistrum
1067 2433 1253 2475 amore
1304 2417 1580 2486 fervebat,
1635 2420 1707 2474 ita
1771 2417 2091 2474 lortitudino

516 2516 752 2572 munitus
806 2524 962 2583 erat,
1011 2522 1074 2569 ut
1122 2528 1298 2580 neque
1336 2512 1603 2576 custodia,
1642 2526 1818 2582 neque
1867 2514 2089 2580 cohors,

515 2623 689 2680 neque
736 2607 1008 2669 tribunus,
1054 2620 1229 2675 neque
1273 2604 1459 2675 gladii,
1515 2617 1692 2675 neque
1722 2604 1889 2671 tedae,
1922 2619 2094 2674 neque

516 2701 700 2770 virgae,
726 2713 824 2753 uec
850 2697 1187 2761 ensesjllum
1217 2694 1715 2766 perterrefecerint.
1746 2693 1938 2751 Postea
1966 2709 2094 2752 vero

515 2806 676 2863 quam
730 2791 795 2844 ad
824 2805 1008 2861 pyram
1045 2804 1073 2842 ιι
1104 2786 1336 2847 Caesaris
1390 2787 1656 2843 militibus
1690 2802 1974 2843 accensam
2001 2803 2094 2844 ac-

524 2883 715 2948 cessit,
756 2893 883 2937 tunc
906 2896 1040 2935 sane
1093 2892 1221 2934 tunc
1253 2879 1533 2935 imbecillis
1566 2880 1772 2935 ancillae
1803 2879 2093 2935 ludibrium

515 2975 718 3031 factum
766 2985 873 3031 est.
910 2975 975 3030 Et
1010 2990 1108 3030 nos
1157 2973 1321 3045 igitur
1364 2974 1490 3030 dum
1522 2972 1725 3028 Christi
1778 2988 1987 3039 amore,
2038 2980 2097 3028 et

516 3067 657 3136 ignis
685 3067 874 3123 mterni
932 3066 1280 3121 meditatione
1310 3062 1742 3136 ﬂagraverimus,
1806 3078 1907 3120 nec
1966 3064 2094 3133 tela,

2182 566 2438 638 ῥυπαρᾶς
2465 564 2645 634 ἥττων
2684 560 2904 630 ιγένετο
2958 558 3019 613 τὺ
3051 559 3151 630 τῆς
3197 559 3444 630 μοιχείας
3473 558 3606 630 ἄγος
3663 559 3759 616 καὶ

2178 659 2278 732 τὴν
2305 659 2399 714 τοῦ
2454 659 2616 727 φόνου
2670 656 2880 727 τόλμαν
2927 653 3396 727 διαπραξάμενος.
3432 654 3643 720 Ἄλλως
3669 671 3752 721 τε,

2181 752 2277 809 καὶ
2305 752 2497 824 ἐπειδὴ
2526 743 2685 814 οῦτος
2713 748 2907 820 ἔμελλε
2930 749 3043 802 τῶν
3076 748 3314 818 λογικῶν
3346 747 3638 820 προϐάτων
3661 748 3759 819 τὴν

2185 844 2531 919 προστασίαν
2574 843 2948 909 εἰσδέξασθαι,
2977 844 3072 897 καὶ
3089 841 3182 897 τοῦ
3210 843 3431 913 δεσμεῖν
3462 843 3561 896 καὶ
3608 842 3759 896 λύειν

2182 940 2285 1010 τὴν
2312 937 2563 1004 ἐξουσίαν
2588 936 2795 1002 λαδεῖν,
2838 937 2926 991 ἵνα
2955 935 3030 1006 μὴ
3050 935 3221 1008 βαρύς
3253 953 3334 999 τις
3460 936 3554 988 καὶ
3591 934 3763 1005 ἀσύγ-

2182 1047 2429 1100 γνωστος
2485 1032 2601 1094 τοῖς
2651 1030 3085 1101 ἁμαρτάνουσιν,
3122 1029 3417 1099 ἀποτόμως
3463 1028 3556 1082 καὶ
3585 1031 3764 1099 ἀσυμ-

2184 1123 2373 1189 «eos;
2397 1125 2622 1192 ἐπάγων
2671 1122 2740 1176 τά
2797 1120 3074 1193 επιτίμια,
3121 1120 3438 1193 προμηθείᾳ
3490 1122 3761 1193 κρείττονι

2184 1218 2601 1289 παραχωρεϊται
2625 1218 2835 1281 πεσεῖν,
2898 1216 2975 1279 ὡς
2997 1214 3066 1271 ἀν
3081 1213 3347 1281 ὲξὲαυτοῦ
3360 1213 3626 1286 παιδευθῇ
3651 1216 3763 1278 τοῖς

2187 1312 2479 1366 πταίουσιν
2520 1307 2661 1365 εἶναι
2715 1310 3098 1381 μακρόθυμος,
3132 1308 3480 1373 ἀνεξικάκως
3516 1308 3611 1361 καὶ.
3650 1310 3763 1370 τοῖς

2186 1404 2370 1468 ἀλλοις
2396 1404 2736 1477 μεταδιδοὺς,
2776 1400 2845 1477 ἧς
2899 1404 3064 1466 αὑτδς
3124 1402 3342 1472 εἰλήφει
3393 1400 3764 1473 χρηστότητός

2185 1514 2243 1551 τε
2288 1495 2386 1552 καὶ
2432 1496 2864 1568 συγχωρήσεως.
2892 1495 2955 1549 El
2994 1495 3105 1566 γάρ
3139 1496 3215 1565 μὴ
3251 1489 3321 1565 ἦν
3355 1493 3643 1561 οίκονομία
3668 1492 3763 1547 τοῦ

2186 1589 2399 1659 Πέτρου
2427 1589 2461 1662 ἡ
2494 1590 2748 1661 ἄρνησις,
2811 1588 2912 1641 οὐκ
2943 1586 3011 1642 ἀν
3040 1587 3148 1659 πρὸ
3201 1585 3475 1640 τοσούτων
3500 1584 3707 1653 γενεῶν
3738 1584 3767 1635 ὁ

2186 1681 2479 1747 θεσπισιος
2505 1682 2672 1735 Δαὸὶδ
2708 1680 2867 1735 τοῦτο
2894 1680 3248 1751 προεμήνυσε
3298 1678 3475 1749 λέγων
3503 1680 3566 1732 ἐγ
3601 1694 3768 1747 προσ-

2185 1772 2337 1829 ώπου
2368 1773 2608 1846 Χριστοῦ
2642 1791 2655 1805 ·
2702 1791 2722 1825 ε
2759 1773 2870 1829 Καὶ
2891 1774 2940 1825 oi
2970 1770 3331 1834 ὲπαινοῦντές
3377 1788 3446 1841 με
3485 1770 3604 1825 κατ’
3628 1768 3764 1841 ἐμοῦ

2186 1864 2426 1936 ὤμνυον.
2465 1884 2482 1917 ι
2532 1865 2592 1917 ’(1
2623 1863 2734 1935 γάρ
2779 1864 2877 1919 νῦν
2930 1861 3226 1927 ἐπαινέσας
3272 1863 3462 1928 αὐτον,
3510 1862 3603 1914 καὶ
3640 1861 3769 1915 Υἱδν

2184 1956 2327 2016 Θεοῦ
2360 1957 2453 2013 τοῦ
2481 1958 2684 2026 ζῶντος
2713 1954 3109 2027 ὡμολογηκὼς,
3148 1953 3332 2027 ὤμνυε
3360 1955 3483 2009 τότε
3514 1956 3592 2027 μὴ
3616 1954 3763 2008 εἰδέ-

2185 2069 2275 2106 ναι
2308 2052 2498 2108 αὐτόν.

2262 2144 2328 2198 El
2359 2142 2416 2196 δὲ
2438 2141 2525 2196 δεῖ
2560 2154 2657 2196 και
2716 2139 3148 2211 μυπικωτέρων
3206 2138 3387 2207 λόγων
3431 2136 3771 2208 ἐφάψασθαι,

2191 2236 2427 2305 αἴνιγμα
2451 2228 2521 2306 ἦν
2557 2235 2621 2288 τὸ
2672 2232 2760 2287 διά
2793 2232 2893 2302 τῆς
2924 2233 3210 2304 ἀρνήσεως
3261 2232 3471 2300 Πέτρου
3504 2230 3773 2301 δηλούμε-

2190 2344 2301 2382 νον.
2334 2326 2514 2399 Μέχρι
2546 2325 2649 2397 μὶν
2680 2326 2789 2395 γὰρ
2823 2324 2901 2394 τῷ
2934 2325 3069 2394 πρὸς
3111 2327 3205 2378 τὸν
3237 2322 3575 2377 Διδάσκαλον
3608 2324 3773 2393 ἔρωτι

2194 2420 2223 2475 ὁ
2254 2420 2461 2493 Πέτρος
2487 2418 2921 2488 διεθερμαίνετο,
2964 2417 3193 2489 ἀνδρείᾳ
3252 2415 3553 2487 ἑστόμωτο,
3590 2416 3687 2469 καὶ
3709 2416 3770 2468 ού

2191 2515 2487 2570 καταπτύει
2513 2511 2705 2566 τοῦτον
2731 2511 3056 2579 κουστωδία,
3085 2513 3180 2564 καὶ
3201 2514 3424 2580 σπεῖρα,
3449 2510 3544 2564 καὶ
3566 2509 3774 2579 χιλίαρ-

2194 2628 2309 2682 χος,
2340 2613 2435 2663 καὶ
2464 2608 2619 2679 ξίφη,
2652 2609 2747 2661 καὶ
2771 2607 2950 2679 δᾷδες,
2971 2608 3062 2660 καὶ
3085 2605 3335 2679 κορύναι,
3381 2608 3767 2676 καὶφείσγανα.

2197 2704 2331 2758 Ὅτε
2356 2701 2413 2755 δι
2444 2702 2787 2772 π,.οσήγγισε
2841 2702 2909 2773 τῇ
2971 2701 3143 2771 πυρᾷ,
3168 2700 3236 2771 ην
3262 2696 3479 2769 ἀιῆψαν
3522 2701 3573 2751 oi.
3605 2715 3760 2771 στρα-

2203 2797 2401 2851 τιῶται
2450 2794 2546 2849 τοῦ
2603 2796 2903 2864 Καίσαρος,
2938 2797 3059 2849 τότε
3103 2795 3167 2864 δὴ
3199 2794 3320 2848 τότε
3349 2793 3565 2865 φαύλης
3597 2791 3753 2846 παιδί-

2205 2904 2344 2958 σκης
2372 2886 2593 2955 ἐγένετο
2625 2886 2902 2952 παίγνιον.
2935 2884 3080 2948 Ἕως
3114 2884 3180 2937 ἄν
3206 2878 3304 2938 οῦν
3351 2883 3445 2936 καὶ
3473 2885 3623 2953 ἡμᾶς
3654 2883 3761 2936 δια-

2214 2977 2487 3051 θερμαίνῃ
2518 2979 2546 3031 δ
2577 2976 2713 3047 πρὸς
2767 2975 2903 3032 Θεδν
2930 2976 3088 3048 ἔρως,
3121 2978 3214 3030 καὶ
3238 2978 3272 3048 η
3306 2978 3498 3048 μνήμη
3528 2976 3624 3031 τοῦ
3655 2976 3770 3030 αίω·

2199 3070 2321 3125 νίου
2388 3069 2584 3140 πυρὸς,
2612 3068 2674 3123 οὐ
2730 3066 3046 3140 πτοούμεθα
3076 3069 3142 3122 τά
3174 3066 3326 3139 ξίφη,
3358 3070 3457 3123 καὶ
3484 3070 3583 3132 τάς
3617 3069 3773 3141 δᾷδας

516 3175 617 3214 nec
668 3157 815 3216 faces
866 3160 1265 3223 tentationum,
1305 3176 1406 3215 nec
1456 3160 1759 3214 daemonum
1791 3158 2093 3222 cohortem,

2200 3162 2313 3217 τῶν
2357 3160 2707 3234 πειρασμῶν,
2744 3159 2863 3216 οῦδὲ
2918 3162 3020 3231 τὴν
3050 3162 3158 3215 τῶν
3211 3161 3492 3232 δαιμόνων
3525 3163 3774 3230 σπεῖραν,

520 3265 623 3305 nec
657 3250 936 3306 tribunum
994 3251 1146 3305 illum
1194 3250 1494 3321 principem
1540 3252 1896 3306 tenebrarum
1931 3248 2097 3322 perti-

522 3357 829 3399 mescemtts
858 3360 873 3397 :
907 3343 953 3397 si
994 3357 1121 3397 vero
1168 3341 1237 3398 ad
1278 3342 1615 3413 voluptatum
1667 3357 1869 3412 prunas
1895 3381 1911 3406 ,
1961 3357 2097 3411 quas

523 3435 727 3489 milites
752 3435 1027 3506 principes
1055 3435 1277 3506 hujusce
1304 3435 1486 3490 mundi
1517 3437 1874 3501 succendunt,
1905 3449 2100 3505 appro-

522 3528 985 3595 pinquaverimus,
1022 3543 1129 3583 non
1159 3529 1386 3583 multum
1419 3527 1640 3583 habebit
1669 3527 1870 3599 negotii
1914 3528 2099 3582 inimi-

522 3634 619 3673 cus
668 3627 875 3683 noster,
934 3630 993 3674 ut
1041 3634 1144 3675 nos
1191 3621 1427 3675 abducat
1471 3636 1502 3675 a
1544 3619 1675 3677 Deo.
1709 3619 1925 3687 Qumvis
1954 3620 2098 3675 enim

525 3726 689 3779 parva
753 3726 817 3767 ac
848 3713 1026 3767 tenuis
1054 3712 1250 3767 ancilla
1280 3714 1345 3767 ad
1376 3712 1623 3770 violanda
1653 3724 1808 3785 pacta
1838 3727 1962 3767 cum
1990 3712 2102 3768 Deo

526 3805 656 3857 inita
708 3819 807 3858 nos
854 3804 1094 3860 inducet.
1139 3802 1457 3872 Hujusmodi
1489 3806 1665 3876 ignem
1693 3808 1954 3861 adversus
1984 3823 2103 3860 ma-

526 3911 689 3965 gnum
715 3896 865 3950 illum
895 3893 1153 3951 Davident
1183 3897 1455 3952 daemones
1481 3894 1904 3951 inﬂatnmarunt.
1932 3895 2102 3951 Simul

527 3988 672 4040 enim
709 4002 773 4042 ac
825 3986 1124 4043 Betlnsabec
1153 3988 1610 4060 pulchritudinem
1640 3990 1869 4059 aspexit,
1903 3989 2104 4043 oblitus

527 4090 613 4134 est
641 4079 731 4135 Dei
759 4080 827 4136 ³⁸.
859 4080 1012 4148 Quod
1046 4081 1189 4135 enim
1228 4080 1568 4150 voluptatum
1601 4081 1957 4135 incitamenta
1995 4079 2103 4149 igni

530 4174 835 4229 consimilia
868 4175 996 4239 sint,
1034 4176 1291 4230 admonet
1321 4174 1575 4230 Salomon
1605 4188 1620 4226 :
1652 4188 1721 4228 ne
1759 4173 1915 4226 audis
1954 4170 2104 4241 pedi-

528 4266 629 4320 bus
661 4265 777 4335 (80)
807 4266 1097 4321 carbonem
1145 4267 1513 4337 attingamus,
1568 4279 1740 4330 neque
1784 4277 2108 4333 reponamus

529 4358 704 4429 ignem
744 4358 796 4411 in
832 4358 951 4413 sinu
981 4376 995 4419 ;
1032 4360 1195 4427 pedes
1249 4362 1391 4414 enim
1428 4368 1483 4413 et
1528 4359 1705 4413 sinum
1742 4356 1951 4411 adustio
1977 4373 2111 4411 con-

527 4451 867 4519 sequetur".
919 4447 1014 4504 Vis
1074 4451 1182 4517 igni
1246 4452 1428 4505 divino
1471 4450 1862 4506 ellervescere‘l
1896 4453 2107 4515 mortis,

525 4551 581 4593 et
608 4518 877 4594 tremendi
904 4540 1092 4609 iudicii
1140 4542 1420 4597 meditatio
1450 4543 1520 4597 sit
1553 4541 1663 4597 vita
1702 4553 1828 4605 tua;
1860 4552 2022 4612 atque
2049 4544 2101 4597 in
2140 4518 2182 4571 θ

533 4631 839 4702 huiusmodi
906 4636 1257 4689 meditatione
1317 4637 1637 4689 exardescet
1690 4634 1913 4701 ignis".
1962 4635 2101 4700 Quid

531 4725 694 4793 igitur
726 4725 793 4777 ab
826 4722 930 4777 hoc
962 4724 1231 4793 corypluei
1264 4723 1406 4779 laeto
1442 4725 1584 4778 velut
1616 4726 1903 4793 aenigmate
1936 4724 2106 4780 disci-

532 4830 654 4867 tuus
682 4814 700 4868 .'
723 4813 963 4869 devitarc
987 4816 1320 4884 voluptatum
1349 4816 1551 4881 ignem,
1569 4824 1741 4869 ctnos
1769 4815 1913 4885 ipsos
1939 4830 1966 4869 a
1990 4832 2104 4870 ma-

2210 3254 2430 3309 καὶτὸν
2462 3253 2679 3325 ζοφώδη
2732 3252 3019 3325 χιλίαρχον
3044 3268 3057 3284 ·
3094 3254 3143 3306 ε1
3202 3252 3261 3308 δε
3310 3252 3780 3325 προσεγγίσαιμεν

2197 3349 2309 3404 τῶν
2340 3349 2545 3421 ἡδονῶν
2572 3350 2639 3419 τῇ
2672 3349 2942 3419 πυρκαῖᾷ,
2974 3347 3041 3417 ἧν
3070 3346 3411 3416 ὑφάπτουσιν
3432 3348 3480 3400 oi
3510 3347 3781 3418 στρατιῶ·

2200 3457 2292 3495 ται
2347 3438 2445 3492 τοῦ
2508 3438 2975 3509 κοσμοκράτορος,
3040 3438 3101 3491 οὐ
3136 3439 3306 3501 πολὺς
3338 3438 3493 3492 ἔσται
3526 3438 3779 3509 κάματος

2199 3532 2279 3603 τῷ
2316 3530 2508 3605 ἐχθρῷ
2560 3530 2874 3600 ἀποστῆσαι
2924 3532 3071 3602 ἡμᾶς
3127 3531 3221 3585 τοῦ
3276 3531 3431 3585 Θεοῦ.
3465 3532 3578 3586 Καὶ
3606 3534 3781 3605 μικρὰ

2200 3622 2314 3693 γάρ
2342 3639 2428 3685 τις
2455 3622 2548 3675 καὶ
2578 3620 2759 3691 φαύλη
2789 3622 3047 3692 παιδίσκη
3076 3625 3490 3691 παρασκευάσει
3519 3623 3615 3687 τάς
3644 3623 3779 3696 πρὸς

2202 3716 2339 3767 Θεὸν
2367 3714 2642 3784 συνθήκας
2689 3714 3059 3795 ἀρνήσασθαι.
3105 3715 3360 3769 Τοιοῦτον
3395 3714 3507 3787 πῦρ
3560 3716 3783 3787 ἀνῆψαν

2203 3810 2251 3859 oi
2293 3806 2544 3874 δαίμονες
2574 3805 2715 3857 κατὰ
2743 3804 2836 3858 τοῦ
2874 3806 3115 3874 μεγάλου
3153 3805 3318 3860 Δαδιδ
3344 3824 3359 3839 ο
3392 3807 3531 3877 ὁμοῦ
3569 3825 3627 3861 τε
3667 3808 3779 3880 γάρ

2204 3892 2312 3949 εἶδε
2338 3895 2399 3947 τὸ
2436 3894 2630 3958 κάλλος
2681 3895 2990 3965 Βηρσαϐεὲ,
3028 3896 3247 3951 καὶτοῦ
3290 3895 3427 3950 Θεοῦ
3463 3898 3776 3952 ιπελάθετο.

2207 3988 2328 4041 Ὀτι
2359 3989 2467 4056 γὰρ
2502 3987 2572 4041 τά
2624 3986 2736 4041 τῶν
2796 3988 3001 4054 ἡδονῶν
3054 3989 3466 4060 ὑπεκκαύματα
3522 3990 3599 4059 τῷ
3649 3990 3782 4063 πυρὶ

2207 4081 2592 4150 ἀφωμοίωται,
2630 4083 2893 4151 παραινεῖ
2915 4080 3171 4151 Σολομῶν
3194 4098 3211 4112 ⁶
3247 4084 3323 4154 μὴ
3364 4084 3654 4154 ἐπιψαύειν
3690 4084 3781 4138 ἀι.-

2208 4173 2411 4243 θρακος
2462 4170 2657 4240 γυμνῷ
2680 4171 2760 4240 τῷ
2789 4172 2909 4225 ποδί
2942 4189 2953 4203 ·
2995 4176 3135 4243 μήτε
3195 4175 3307 4244 πῦρ
3330 4174 3405 4244 τῷ
3446 4176 3630 4246 κόλπῳ
3662 4179 3783 4229 ἕνα·

2209 4262 2561 4317 ποτίθεσθαι·
2598 4264 3031 4333 ἐπακολουθήσει
3086 4266 3261 4339 γὰρὴ
3314 4266 3542 4331 καῦσις,
3588 4273 3680 4321 καὶ
3708 4268 3783 4339 τῷ

2210 4357 2398 4425 κόλπῳ
2432 4357 2522 4410 καὶ
2554 4356 2632 4423 τῷ
2663 4355 2807 4410 ποδί.
2833 4356 3024 4410 Βούλει
3056 4356 3432 4429 Θερμανθῆναι
3453 4361 3583 4431 θείῳ
3612 4365 3782 4432 magi;

2219 4447 2434 4517 Μελέτη
2468 4463 2548 4499 σοι
2575 4446 2663 4499 διὰ
2695 4446 2811 4515 βίου
2840 4446 2980 4499 ἔστω
3006 4447 3033 4498 ὁ
3059 4447 3310 4513 θάνατος,
3345 4452 3441 4502 καὶ
3458 4449 3517 4502 τὸ
3554 4449 3784 4521 φοϐερὸν

2212 4538 2555 4607 λογοθέσιον,
2588 4538 2683 4591 καὶ
2710 4540 2768 4589 ἐν
2829 4542 2895 4608 τῇ
2930 4537 3160 4611 τοιαύτῃ
3215 4540 3414 4611 μελέτῃ
3463 4559 3557 4594 σου
3585 4543 3782 4595 ἐκκαυο

2216 4631 2443 4703 θήσεται
2474 4629 2608 4701 πῦρ.
2634 4630 2701 4682 Τί
2729 4626 2825 4684 οὖν
2885 4631 2964 4702 τῷ
2988 4631 3083 4685 τοῦ
3140 4636 3438 4703 κορυφαίου
3500 4636 3788 4704 αἰνίγματι

2216 4722 2625 4791 παιδευόμεθας
2665 4722 2748 4775 Τὸ
2780 4721 2889 4794 πῦρ
2945 4724 3217 4779 ἐκκλίνειν
3269 4727 3379 4781 τῶν
3439 4728 3663 4799 ἡδονῶν,
3692 4729 3789 4781 καὶ

2222 4814 2419 4887 πόρρω
2443 4815 2725 4884 διατηρεῖν
2766 4817 2997 4882 ἑαυτοὺς
3030 4819 3125 4873 τοῦ
3158 4820 3332 4873 κακοῦ
3365 4823 3783 4893 γειτονήματος.

606 4959 652 4992 ⁸⁸
684 4960 823 5014 Psal.
850 4974 925 5025 Cl,
955 4962 1007 5017 9.
1090 4961 1137 4994 ³⁸
1168 4961 1207 5015 11
1239 4961 1369 5034 Reg.
1403 4979 1473 5029 ιι,
1511 4964 1564 5019 5.
1644 4966 1689 4997 ³⁷
1704 4964 1865 5020 Prov.
1895 4980 1969 5032 vt,
1996 4964 2093 5032 27,

2207 5003 2219 5015 .
2297 4964 2343 4997 ³³
2370 4962 2513 5020 Psal.
2551 4980 2780 5032 xxxvut,
2810 4965 2867 5021 4.

1766 5077 2089 5139 Francisci
2126 5078 2337 5139 Scorsi
2370 5086 2555 5140 notm.

605 5205 718 5276 (78)
776 5204 966 5259 Penus
1017 5206 1298 5276 inﬁgeret.
1347 5204 1634 5272 Ἕπιτίμια
1686 5204 1847 5258 habet
1892 5204 2114 5276 Grmcus

536 5274 777 5345 apposite
820 5294 835 5329 :
887 5286 1013 5330 sunt
1057 5274 1200 5329 etum
1244 5277 1461 5344 proprie
1505 5276 1874 5329 ecclesiastica
1922 5274 2110 5341 multa,

533 5362 763 5414 quorum
794 5349 1054 5400 ratiooem
1081 5356 1134 5399 et
1158 5345 1389 5400 formam
1418 5350 1561 5413 leges
1592 5347 1780 5415 synod.
1805 5360 1878 5398 vn
1911 5359 2111 5400 meum.

537 5413 642 5485 act.
668 5417 722 5478 2,
750 5417 839 5470 ιι1)ι
869 5418 988 5485 ejus
1016 5416 1259 5485 vocabuli
1288 5431 1435 5471 usus.
1463 5413 1918 5481 Quod‘adnotavit
1948 5416 2109 5485 etiam

536 5484 805 5540 Barcinus
844 5483 933 5541 an.
964 5486 1092 5553 869,
1128 5484 1367 5557 referens
1406 5488 1595 5557 synodi
1629 5486 1814 5557 ipsius
1858 5496 1965 5538 act.
1999 5483 2113 5537 Non

538 5571 673 5625 nego
731 5560 871 5625 apud
916 5568 1127 5611 veteres
1182 5556 1471 5625 scriptores
1527 5567 1580 5609 et
1622 5556 1731 5625 jam
1794 5570 1890 5623 pro
1947 5557 2115 5609 multa

532 5619 819 5692 iudiciaria
851 5629 1124 5697 usurpari.
1149 5628 1267 5693 Dio,
1293 5619 1385 5681 lib.
1412 5641 1519 5690 Liv,
1544 5637 1597 5679 et
1623 5619 1717 5679 lib.
1742 5619 1929 5691 xixvn,
1958 5626 2113 5679 initio

536 5711 603 5749 eo
633 5712 783 5750 usus.

613 5764 979 5891 {7%)7Meliore
1008 5768 1358 5839 providentia.
1389 5767 1523 5823 Vide
1553 5781 1716 5837 supra
1747 5769 1813 5823 ad
1847 5766 1990 5821 hom.
2022 5766 2110 5831 57,

541 5847 652 5893 1101.
683 5847 772 5893 157.

2286 5204 2399 5276 (80)
2453 5200 2635 5276 Nudis
2684 5201 2924 5276 pedibus.
2969 5198 3047 5276 E_x_
3096 5200 3256 5276 Prov.
3294 5217 3411 5271 cap.
3452 5219 3534 5268 νι.
3570 5220 3783 5261 sensmu

2215 5272 2321 5329 non
2354 5272 2515 5328 verba
2545 5272 2801 5343 desumit,
2830 5287 2950 5343 qua:
2983 5272 3090 5324 alio
3118 5274 3306 5343 ordine
3341 5285 3463 5327 sunt
3492 5277 3781 5343 collocata;

2213 5350 2293 5401 sic
2324 5346 2463 5398 enim
2495 5346 2695 5396 habent
2720 5362 2733 5395 ι
2758 5341 3051 5413 ξᾹποθήσει
3078 5359 3163 5404 τις
3193 5342 3305 5411 πῦρ
3335 5344 3392 5396 ιν
3422 5345 3624 5413 κόλπῳ,
3648 5349 3713 5399 τὰ
3728 5341 3787 5401 δὲ

2218 5416 2410 5487 ἱμάτια
2437 5416 2498 5487 ού
2523 5412 2943 5487 κατακαύσει,ιῇ
2972 5416 3334 5487 περιπατήσει
3366 5431 3448 5487 τις
3477 5412 3786 5487 edacem-

2223 5482 2337 5539 κῶν
2362 5483 2704 5550 πορδς,τοὺς
2738 5484 2794 5535 δὲ
2837 5483 3003 5542 πόδας
3046 5482 3107 5533 οὐ
3146 5482 3517 5551 κατακαύσεις
3553 5482 3723 5551 οὕτως
3757 5489 3789 5542 δ

2223 5555 2481 5609 εισελθὼν
2534 5554 2901 5627 είς-γυναῖκα
2949 5552 3258 5627 ῦπανδρον·
3303 5557 3573 5627 Anmquid
3622 5568 3787 5626 potest

2222 5630 2375 5678 homo
2416 5624 2730 5677 abscondere
2772 5625 2941 5689 ignem
2986 5625 3037 5675 in
3080 5640 3200 5676 sum
3242 5642 3355 5689 suo,
3396 5624 3786 5682 ut't'estt'rnenta

2222 5695 2369 5749 illius
2410 5712 2511 5745 non
2556 5693 2817 5765 ardeant?
2855 5706 2947 5743 aut
2988 5694 3255 5747 ambulare
3291 5713 3446 5760 super
3477 5714 3695 5765 prunas,
3728 5707 3786 5749 ut

2220 5768 2739 5838 noncomburantur
2766 5764 2958 5838 planta;-
2978 5765 3115 5831 ejus,
3156 5768 3228 5819 sic
3267 5768 3355 5834 qui
3396 5764 3685 5838 ingreditur
3717 5769 3788 5821 ad

2222 5836 2486 5890 mulierem
2514 5834 2740 5904 proximi
2770 5832 2871 5886 sui.
