4102 6324
425 402 532 466 9τὸ

1600 396 1953 457 ΤΙΙΕΟΡΙΙΛ
1966 396 2008 453 Ν
2023 396 2093 453 lS
2131 395 2470 451 CEliAMEl

3559 393 3661 453 976

426 516 545 568 εἰὶσε
572 514 775 582 optime
808 511 1111 577 imbuisset,
1142 510 1397 581 deinceps
1457 526 1519 567 ea
1568 512 1814 580 praedicit
1878 524 1996 579 qure

2109 506 2319 573 ιῦτοὺς,
2349 502 2736 575 προαναφωνεῖ
2759 499 2966 569 λοιπὸν,
3003 498 3095 558 καὶ
3140 502 3205 557 τὰ
3245 502 3507 574 μέλλοντα.
3538 504 3662 557 τοὺ»

428 606 492 662 ab
522 601 700 675 ἰηιρὶἰὲ
723 605 1031 659 hominibus
1062 612 1247 660 essent
1283 604 1391 660 illis
1448 614 1727 659 eventura.
1775 602 1995 656 Intertnt

428 712 581 764 vero,
635 708 691 751 ut
739 710 835 752 eos
896 696 1184 764 charitatc,
1222 711 1344 766 qua:
1399 697 1633 751 virtutes
1684 692 1996 765 perﬁciendi

430 790 538 844 vim
575 788 758 851 habet,
779 785 974 842 reddat
994 788 1136 842 inter
1159 804 1218 843 se
1242 785 1760 857 cenjunetissimos:
1795 804 1813 837 ι
1850 786 1995 849 Iliae,

432 880 627 949 inquit,
670 879 863 934 mando
892 878 1050 934 vobis
1079 887 1138 932 ut
1160 879 1397 949 diligatis
1426 880 1678 933 invicem.
1744 896 1763 931 ι
1830 878 1996 930 Eum~

432 973 554 1027 dem
586 985 896 1027 sermonem
929 970 1224 1026 identidem
1254 972 1437 1037 iterat,
1486 986 1591 1026 non
1647 971 1894 1027 molestia
1941 978 2001 1025 ut

434 1061 555 1116 illos
574 1061 789 1125 alliciat,
822 1062 916 1117 sed
949 1063 1027 1117 uti
1057 1062 1275 1117 assidua
1305 1064 1723 1119 commonitione
1751 1076 1845 1118 eos
1876 1077 2002 1116 con-

435 1150 612 1206 ﬁrmet
658 1152 848 1222 magis,
892 1162 943 1205 et
989 1150 1276 1208 charitatis
1318 1152 1555 1217 vinculo,
1593 1151 1735 1221 quod
1777 1153 2001 1206 uniemli

435 1242 546 1296 vim
577 1240 762 1309 habet,
807 1241 859 1297 in
908 1257 1075 1297 unum
1131 1244 1418 1313 astringat.
1476 1241 1610 1299 Illud
1671 1258 1801 1299 vero
1858 1244 2007 1313 quis-

2061 601 2072 612 ’
2097 616 2213 662 τοις
2244 594 2565 666 συμῦαίνειν
2606 594 2710 648 ὑπὸ
2761 595 2873 648 τῶν
2937 593 3228 667 θεομιᾱῶν.
3270 594 3424 656 Τέως
3456 612 3520 663 γε
3560 596 3663 666 μὴν

2098 691 2164 759 τῇ
2191 690 2507 760 τελειωτικῇ
2539 688 2647 743 τῶν
2679 688 2889 756 ἀρετῶν
2916 688 3109 759 ardor;
3156 688 3417 742 ἑνοπιοιῶν
3446 688 3662 755 αὐτοὺς,

2100 780 2275 835 ταῦτά
2305 798 2491 851 φησιν,
2526 798 2544 830 t
2590 779 2943 847 Ἐντέλλομαι
2978 780 3126 848 ὑμῖν,
3155 778 3242 829 ἵνα
3288 779 3542 846 ἀγαπᾶτε
3573 778 3665 832 ἁλ-

2101 872 2318 940 λήλους.
2351 889 2369 921 ι
2406 871 2512 923 Τὸν
2545 870 2707 924 αὑτὸν
2732 870 2893 937 λόγον
2942 867 3245 922 ἀνακυκλοῖ
3278 869 3538 939 συνεχῶς,
3566 869 3663 924 οὐκ

2104 959 2431 1032 ὲρεσχελῶν,
2462 959 2600 1013 ἀλλὰ
2627 960 2692 1029 τῇ
2726 960 2941 1028 συνεχεῖ
2968 958 3272 1027 ἀναμνήσει
3289 956 3668 1029 βεϐαιοτέρους

2105 1056 2303 1115 αὐτοὺς
2331 1051 2618 1118 καθιστῶν,
2660 1053 2755 1105 καὶ
2773 1051 2848 1121 τῷ
2873 1052 2975 1120 τῆς
3006 1052 3230 1121 ἀγάπης
3260 1050 3507 1123 ἑνωτικῷ
3540 1069 3664 1106 συν-

2106 1148 2315 1218 δέσμῳ,
2347 1150 2427 1211 sl;
2462 1148 2519 1199 ἐν
2583 1148 2836 1213 συνάγων
2884 1145 3105 1209 αὐτούς.
3154 1146 3364 1199 Ἐκεῖνο
3389 1144 3447 1199 δέ
3480 1162 3563 1209 τις
3590 1145 3669 1197 sl-

2110 1243 2285 1305 λότως
2315 1240 2563 1307 ἐξετάσει
2595 1238 2998 1307 φιλοπευστῶν,
3030 1239 3147 1303 πῶς
3172 1238 3270 1310 τὴν
3300 1239 3382 1303 εἰς
3408 1236 3669 1307 ἀλλήλους

1650 1412 1971 1475 Francisci
2005 1413 2211 1475 Scorsi
2248 1422 2436 1473 nota).

438 1582 568 1639 serit
595 1580 735 1635 idem
763 1594 885 1635 csse
909 1593 1179 1647 nnmnqne
1206 1577 1525 1648 principium
1573 1576 1712 1638 Filii,
1750 1586 1803 1629 et
1835 1576 2011 1648 Spiri-

440 1667 527 1706 tus
562 1649 757 1712 sancti,
790 1660 950 1715 atque
980 1651 1114 1701 adeo
1149 1647 1387 1702 excludit
1435 1649 1585 1717 plura
1631 1648 1893 1715 principia
1928 1647 2011 1700 his

438 1721 645 1781 verbis,
675 1722 815 1785 quod
846 1721 1084 1773 haeretici
1112 1719 1359 1772 dicebant
1393 1735 1406 1769 :
1438 1734 1540 1771 non
1570 1718 1808 1770 excludit
1834 1726 2009 1768 autem

441 1790 636 1845 Filium
682 1804 711 1840 a
760 1788 1055 1857 spiratione
1112 1790 1281 1839 activa
1340 1787 1574 1853 Spiritus
1621 1788 1826 1847 sancti,
1866 1786 2008 1853 quod

2119 1577 2263 1629 dicat
2316 1573 2572 1641 Spiritum
2619 1591 2681 1627 ea:
2728 1573 2885 1627 Patre
2919 1575 3220 1638 subsistere,
3250 1575 3458 1628 idenim
3490 1578 3669 1632 tribuit

2126 1645 2293 1699 Patri.
2332 1655 2576 1713 tanquam
2618 1644 2891 1713 principali
2928 1646 3155 1713 auctori,
3186 1647 3320 1698 sicut
3344 1648 3451 1711 ipse
3485 1647 3638 1701 Domi
3652 1678 3667 1690 -

2121 1733 2216 1768 nus
2250 1715 2379 1769 diuit
2410 1731 2428 1769 :
2465 1732 2483 1764 t
2517 1714 2620 1777 Qui
2658 1730 2724 1767 ea:
2760 1712 2924 1784 Patre
2952 1712 3203 1777 procedit.
3237 1735 3255 1767 ι
3308 1716 3667 1784 Eanulemquu

2120 1784 2531 1849 explicationem
2569 1784 2721 1835 aﬂuit
2757 1786 2821 1855 ad
2873 1782 3121 1855 iliumio-
3146 1785 3324 1855 unus.
3380 1782 3663 1855 Dianysitts

442 1859 742 1913 adversarii
780 1853 947 1911 nostri
982 1858 1171 1910 vellent
1202 1872 1262 1909 ex
1303 1857 1403 1910 hoc
1432 1858 1546 1908 loco
1591 1860 1870 1908 deducere.
1902 1858 1959 1907 At
1982 1884 2007 1893 -
2042 1866 2079 1918 Β
2116 1856 2186 1907 De
2208 1856 2365 1907 divin.
2400 1855 2597 1907 nomin.
2626 1870 2743 1919 cap.
2774 1853 2829 1915 9.,
2866 1853 2953 1905 ubi
2999 1854 3070 1905 ait
3110 1873 3123 1907 :
3157 1853 3313 1906 Solus
3347 1855 3462 1921 fons
3486 1853 3667 1916 snper-

441 1945 547 1999 que
579 1930 693 1982 luce
722 1942 852 1981 sane
887 1928 1208 1999 explicandi,
1248 1938 1300 1977 et
1341 1929 1631 1979 excusandi
1665 1926 2007 1999 Theophanis

446 1996 617 2054 nostri
651 2000 790 2050 ratio
822 2011 924 2048 non
966 1997 1229 2049 videbitur
1265 2010 1403 2050 nova
1450 2008 1501 2048 et
1542 1996 1799 2063 gratuita,
1844 2007 2007 2061 atque

445 2084 510 2123 ex
556 2078 741 2123 nostro
788 2065 959 2119 Marte
1007 2066 1177 2119 solum
1218 2066 1402 2133 petita,
1454 2068 1496 2119 si
1548 2069 1669 2134 quis
1716 2066 2006 2134 adverterit

445 2141 633 2191 eadem
686 2136 890 2189 ratione
938 2135 1182 2188 cteusari
1220 2131 1291 2188 ‘et
1343 2131 1599 2201 explicati
1648 2136 1700 2187 S.
1747 2131 2006 2187 Joannem

448 2207 765 2261 Damasi-en.
812 2222 838 2255 a
893 2205 1147 2263 Bellartn.
1202 2205 1318 2257 loco
1361 2207 1455 2258 cit.
1495 2217 1546 2258 et
1581 2220 1608 2256 ιι
1646 2204 1923 2258 Cennadio
1956 2212 2010 2255 et

447 2278 786 2331 Bessarione.
831 2270 1145 2343 Cuia-mitior
1204 2276 1291 2327 ille
1324 2274 1545 2328 dixisset
1581 2275 1673 2327 lib.
1708 2291 1723 2327 ι
1761 2273 1833 2343 ρε
1866 2274 1967 2342 ﬁde
1990 2311 2004 2337 ,

445 2364 567 2415 κιρ.
597 2348 683 2405 Η,
710 2341 969 2415 Spiritum
1000 2361 1103 2397 non
1126 2344 1314 2415 dit-ita
1349 2344 1504 2415 Filio,
1531 2346 1622 2396 sed
1652 2359 1744 2409 per
1766 2341 1958 2394 Filium
1990 2359 2002 2397 :

455 2412 569 2468 Non
623 2430 878 2484 negasse,
918 2414 1097 2484 inquit
1146 2413 1422 2478 Bell-tium,
1455 2412 1703 2481 Spiritum
1764 2429 2005 2484 sanctum

444 2482 719 2550 procedere
748 2501 810 2537 ea:
833 2482 994 2544 Filio.
1032 2485 1168 2549 quod
1203 2485 1269 2534 ad
1300 2498 1405 2536 rem
1433 2486 1637 2545 attinet,
1669 2498 1783 2535 cum
1818 2483 2007 2535 dixerit

446 2554 702 2621 Spiritum
732 2570 841 2607 esse
866 2553 1145 2619 imaginem
1173 2550 1397 2621 FiliiLet
1424 2567 1516 2618 per
1540 2550 1587 2603 F
1590 2553 1737 2604 ilium
1766 2568 1896 2621 esse,
1920 2553 2007 2605 sed

443 2618 776 2679 existimasse
822 2618 989 2675 tutius
1016 2622 1119 2674 diei
1164 2636 1254 2689 per
1305 2618 1519 2685 Filium,
1556 2638 1708 2689 quant
1747 2638 1811 2674 ex
1843 2620 2007 2685 Filio,

443 2696 789 2761 quantumrad
813 2698 1023 2744 modum
1052 2693 1292 2761 loquendi
1325 2703 1532 2760 propter
1557 2691 1791 2745 htt’resint
1830 2691 2005 2743 Macc-

444 2758 585 2818 donli
605 2775 651 2816 et
692 2760 1043 2829 Eunontiiqni
1077 2758 1142 2813 et
1177 2758 1318 2815 Filio
1344 2758 1589 2829 tanquam
1612 2762 1861 2823 primaria
1888 2776 2010 2812 cau-

445 2853 528 2896 sa,
558 2834 663 2886 into
696 2836 856 2885 etiam
887 2837 995 2883 sola
1026 2847 1189 2883 causa
1220 2836 1493 2897 procedere
1526 2833 1727 2885 dicebat
1756 2829 2009 2899 Spiritum

444 2916 701 2957 sanctum.
728 2899 851 2954 llaec
878 2899 1130 2952 Bellarm.
1157 2915 1173 2963 ;
1206 2916 1322 2969 qua:
1347 2902 1528 2954 itidem
1564 2904 1841 2955 excusatio
1866 2901 2011 2954 vide-

444 2982 530 3025 tttr
561 2972 950 3025 aceonunodari
990 2984 1147 3037 posse
1182 2969 1306 3024 ltutc
1339 2970 1453 3024 loco
1470 2971 1707 3023 secundo
1732 2970 1887 3037 hujus
1912 2970 2009 3021 ho-

446 3042 626 3095 milite.
661 3040 722 3094 Ει
754 3042 980 3108 primum
1016 3040 1175 3091 etiam
1222 3039 1393 3093 locum
1438 3040 1622 3093 eodem
1655 3041 1813 3091 modo
1836 3039 2011 3106 expli-

445 3111 706 3173 candum;
759 3111 830 3164 ibi
875 3109 1018 3161 enim
1056 3110 1141 3161 hic
1170 3108 1330 3162 Pater
1365 3110 1532 3162 solum
1570 3108 1734 3161 veluti
1776 3110 2006 3177 quodam

444 3182 669 3264 exordio
705 3181 972 3264 proponit,
1016 3192 1138 3264 quae
1171 3180 1312 3264 dicat
1346 3178 1593 3264 (E‘bri'stus
1637 3182 1699 3258 in
1724 3193 1788 3232 eo
1832 3177 2006 3264 Evan-
2036 3204 2080 3264 ε

446 3251 585 3316 gelio
620 3247 758 3317 quod
793 3250 987 3300 lectum
1024 3254 1140 3300 erat
1163 3263 1226 3302 eo
1258 3248 1341 3302 die
1367 3247 1424 3301 S.
1458 3248 1725 3313 Procopii,
1763 3261 1873 3315 quo
1918 3247 2007 3301 hic

428 3310 662 3371 'lialtitus
713 3331 913 3377 sermo,
960 3330 1184 3384 qumque
1226 3318 1339 3386 ipse
1368 3310 1733 3385 explicato—rus
1778 3310 1920 3372 esset
1953 3319 2004 3369 in

442 3388 813 3455 sequentibus,
849 3387 1099 3455 adeoque
1116 3402 1236 3439 eum
1272 3386 1444 3439 solum
1487 3389 1557 3440 ibi
1600 3396 1882 3455 proponat,
1920 3389 2007 3440 hic

442 3453 695 3523 explicet,
736 3471 797 3509 ea
846 3453 1139 3524 propositio
1187 3455 1442 3509 trahenda
1485 3459 1548 3507 ad
1587 3453 1723 3511 hanc
1770 3456 2008 3524 explica-

444 3528 665 3579 tionem.
701 3525 849 3589 Quod
890 3522 933 3577 si
963 3525 1124 3576 etiam
1170 3526 1328 3577 aliam
1358 3525 1663 3593 explicandi
1702 3522 1853 3576 viam
1888 3526 2006 3594 quis

445 3597 584 3649 inire
608 3595 736 3647 Velit
766 3594 981 3661 utrique
1019 3594 1139 3647 loco
1166 3608 1525 3658 communem,
1552 3595 1819 3663 aperietur
1846 3599 2006 3647 etiam

444 3676 497 3714 nt
524 3664 738 3729 quidem
775 3664 963 3721 idonea
1002 3676 1017 3715 :
1046 3677 1167 3715 cum
1196 3664 1336 3717 enim
1363 3664 1459 3727 ait,
1491 3665 1747 3732 Spiritum
1784 3678 1813 3715 a
1848 3663 2009 3718 Patre

449 3736 645 3787 habere
694 3733 1071 3794 substantiam,
1113 3733 1423 3801 quodidem
1465 3746 1549 3787 est
1586 3750 1648 3786 ae
1695 3736 2005 3801 procedere,

446 3818 618 3868 neque
670 3802 811 3872 aliud
852 3801 1034 3865 addat,
1069 3804 1207 3868 quod
1247 3800 1466 3872 plintitet,
1500 3812 1559 3856 ut
1590 3800 1751 3872 Supra
1785 3804 1919 3864 dixi,
1953 3812 2008 3857 et

443 3873 699 3925 excludat
722 3869 938 3933 Filium,
962 3884 1107 3925 reete
1133 3871 1396 3939 intelliges
1418 3872 1589 3940 ipsum
1610 3869 1789 3927 dicere
1810 3872 2009 3927 habere

444 3960 469 3990 ιι
503 3942 657 3992 Patre
690 3941 1075 4001 substantiam,
1107 3948 1361 4007 tanquam
1382 3955 1413 3994 a
1436 3942 1610 4009 primo
1641 3943 1927 4009 principio,
1954 3951 2009 3996 et

441 4010 669 4079 utigine,
712 4024 771 4062 ac
806 4010 949 4062 lonte
996 4010 1600 4080 tlivinitatiquuodque
1630 4014 1696 4064 ab
1724 4012 1829 4065 alio
1859 4013 2011 4078 prin-

443 4078 583 4145 cipio
628 4080 889 4144 originem
933 4093 1036 4132 non
1080 4080 1273 4133 trahat.
1304 4078 1472 4135 Filius
1504 4078 1647 4133 enim
1682 4090 1765 4135 est
1792 4082 2005 4148 quidem

442 4150 762 4217 principium
788 4148 1021 4217 Spiritus
1044 4149 1238 4210 sancti,
1265 4158 1318 4202 et
1342 4165 1504 4202 unum
1529 4165 1648 4201 cum
1676 4149 1837 4203 Patre
1861 4151 2008 4214 prin-

441 4216 643 4287 cipiunt
669 4216 887 4281 conﬁat,
920 4217 1013 4271 sed
1048 4230 1224 4271 tamen
1256 4220 1370 4286 ipse
1405 4222 1566 4272 habet
1608 4235 1757 4273 suam
1786 4234 1814 4272 a
1852 4220 2005 4272 Patre

441 4290 703 4354 originem
756 4302 852 4354 per
902 4289 1323 4356 generationem,
1378 4290 1623 4356 adeoque
1674 4306 1794 4343 cum
1850 4287 2008 4341 Pater

441 4358 687 4409 absolute
717 4354 925 4409 dicitur
950 4354 1184 4425 Spiritus
1213 4357 1383 4411 saneti
1434 4354 1779 4425 principium,
1824 4359 1892 4410 ita
1926 4367 2009 4413 est

443 4428 870 4491 itlltrlligt‘ttdttllt,
911 4436 971 4477 ut
1012 4427 1083 4478 sit
1128 4428 1358 4493 primum
1396 4428 1738 4494 principium,
1772 4435 1829 4480 ut
1875 4428 2004 4491 dixi,

442 4506 601 4560 atque
625 4496 736 4547 luce
756 4506 839 4548 est
864 4499 1166 4549 communis
1192 4496 1479 4562 explicatio
1509 4512 1695 4550 eorum
1722 4499 2005 4549 vet-borum

442 4550 598 4635 datin.
628 4580 693 4616 xv
734 4580 757 4635 :_
782 4563 1042 4635 Spiritum
1073 4550 1325 4629 veritatis,
1364 4566 1455 4635 qui
1496 4581 1528 4617 a
1555 4565 1713 4619 Patre
1750 4566 2005 4634 procedit.
2039 4550 2084 4608 Ῐ)

443 4632 624 4703 γυιυιι
674 4625 936 4703 ειιίιιιὶὺί
1000 4625 1251 4687 Christus
1313 4625 1714 4701 processionem
1750 4625 2007 4703 'Spiritus

441 4701 588 4767 l‘atri
617 4702 871 4766 tribuere,
912 4708 971 4753 ut
1014 4704 1199 4771 prima
1226 4703 1446 4771 origini,
1475 4719 1503 4757 a
1544 4718 1649 4771 quo
1686 4701 1848 4757 etiam
1889 4705 2005 4769 ipse

442 4772 718 4840 procedit;
756 4781 1011 4824 caeterum
1045 4787 1150 4825 non
1175 4786 1234 4825 se
1269 4774 1441 4839 ipsum
1474 4774 1706 4828 excludit
1742 4792 1755 4827 :
1793 4773 1885 4827 sed
1919 4776 2003 4825 in-

441 4840 666 4907 telligit,
702 4841 830 4907 quia
872 4841 1078 4905 omnia,
1126 4856 1246 4909 quae
1289 4840 1448 4895 habet
1497 4842 1675 4904 Pater,
1725 4852 1852 4896 sunt
1883 4841 2005 4895 Filii

442 4920 636 4977 praeter
667 4909 1016 4977 ἀγεννησίαν,
1048 4912 1151 4964 hoc
1178 4922 1261 4965 est
1298 4910 1793 4976 innascibilitatem,
1828 4922 1885 4964 ut
1928 4912 2006 4964 lo-

441 4982 623 5046 quitur
667 4977 705 5031 S
779 4980 1164 5043 Damascenus,
1195 4993 1248 5035 et
1288 4981 1591 5035 scholastici
1622 4983 1999 5035 communiter.

439 5053 615 5116 Atque
642 5050 774 5101 adeo
802 5048 903 5101 hoc
941 5048 1101 5101 etiam
1146 5052 1305 5104 habet
1344 5064 1628 5104 commune
1666 5067 1785 5105 cum
1816 5050 1998 5117 Patre,

442 5127 499 5170 ut
528 5121 598 5168 sit
619 5118 944 5238 grineipium
973 5118 1294 5182 spirativum
1334 5117 1568 5187 Spiritus
1590 5123 1785 5175 sancti.

514 5185 585 5238 ita
640 5187 675 5237 ’.
702 5185 1106 5238 ‘CvrillusAlex.
1139 5188 1189 5238 in
1211 5189 1407 5238 Attatlt.
1441 5198 1569 5238 tom.
1604 5189 1639 5238 ν
1668 5190 1781 5238 Con

514 5185 585 5239 ita
619 5185 675 5238 S.
702 5185 1106 5255 ‘CyrillusAlex.
1139 5188 1189 5239 in
1211 5185 1407 5241 Anatli.
1441 5198 1569 5242 tom.
1604 5189 1639 5243 V
1668 5189 1874 5245 Concil.
1900 5190 1999 5245 ult.

440 5256 602 5307 edit.:
647 5255 978 5326 Unigenitum
1030 5255 1121 5309 Dei
1168 5256 1385 5309 Verbum
1423 5260 1574 5309 homo
1626 5259 1825 5326 factum
1888 5272 2001 5325 est;

441 5327 635 5376 mansit
693 5322 864 5397 tamen
915 5322 1077 5385 Deus,
1107 5328 1285 5379 omnia
1315 5336 1508 5394 preter
1540 5322 1710 5380 solam
1760 5322 2002 5397 paterni-

439 5404 596 5445 tatent
622 5409 741 5445 cum
776 5391 938 5445 Patre
954 5397 1202 5462 wqualta,
1234 5405 1283 5447 et
1302 5391 1597 5449 communia
1619 5391 1831 5461 habens,
1867 5400 2003 5453 unde

440 5461 694 5535 Spiritum
725 5474 983 5516 sanctum.
1014 5461 1129 5531 ηυξ
1175 5480 1239 5517 ex
1282 5469 1393 5530 ipso
1427 5474 1530 5528 est,
1572 5469 1772 5535 ipsique
1830 5484 2002 5521 essen-

438 5533 635 5606 tialiter
678 5533 829 5595 inest,
858 5542 1105 5606 tanquam
1139 5537 1411 5606 promittat
1438 5533 1699 5601 peculium
1725 5538 1997 5604 possidens

437 5604 649 5676 ίίμιεὲιιαξί
680 5605 922 5676 potentite
961 5606 1103 5676 signa
1144 5604 1494 5669 operabatur.
1563 5606 1686 5659 Ηειιίε
1747 5608 1995 5676 Uyt'illtts.

441 5668 568 5742 the
614 5668 866 5742 Bellarm.
912 5668 1149 5742 lot'oictt.
1189 5668 1275 5737 qui
1317 5676 1417 5727 hoc
1450 5678 1563 5742 ipso
1598 5678 1755 5728 modo
1780 5668 2002 5742 prorsus

441 5739 674 5812 expiauit
709 5740 880 5793 locum
924 5742 978 5793 ὅ.
1022 5741 1218 5812 Basilii,
1256 5760 1412 5812 quem
1444 5739 1743 5797 adversarii
1776 5739 1871 5807 pro
1904 5763 2000 5797 suo

440 5810 715 5863 adducunt
764 5825 968 5864 errore.
1014 5810 1131 5863 Non
1165 5810 1355 5877 obstat,
1389 5814 1579 5874 inuuit,
1608 5818 1741 5868 unt-tl
1774 5816 2000 5868 Βιιαιιὲιιδ

2109 1922 2705 1977 substantialirDeitatis
2730 1936 2801 1975 est
2842 1921 3023 1976 l'ater.
3063 1921 3385 1988 Respondet,
3429 1929 3664 1992 inquam,

2110 1996 2161 2048 id
2194 2008 2314 2047 esse
2347 2008 2528 2063 verum
2556 2012 2569 2047 :
2600 1993 2722 2063 quia
2761 1993 2917 2045 Pater
2947 2010 3050 2045 non
3087 1993 3245 2045 habet
3280 1995 3492 2047 uiittnth-
3521 1999 3663 2063 pri..-

2110 2065 2329 2132 cipiunt.
2388 2061 2631 2132 litaenim
2667 2061 2827 2115 liuitz
2887 2063 3080 2114 citatus
3117 2063 3269 2117 initio
3326 2061 3557 2130 ιεκιιῐξρ.ἱι
3614 2076 3668 2118 et

2110 2131 2252 2188 hunc
2288 2132 2346 2186 S.
2391 2131 2648 2202 Dionysii,
2693 2147 2747 2186 et
2787 2133 2921 2185 alios
2952 2132 3097 2185 locus
3137 2145 3189 2185 et
3224 2134 3424 2186 similes
3456 2135 3666 2188 dicendi

2112 2204 2299 2256 modos
2336 2202 2394 2256 ὃ.
2444 2202 2727 2256 Athanasii
2755 2213 2894 2255 orat.
2943 2215 3132 2253 contra
3163 2204 3406 2265 gregales
3439 2204 3665 2266 Sabell.,

2112 2275 2201 2327 ubi
2235 2272 2445 2325 Patrem
2480 2273 2649 2324 solum
2691 2289 2800 2326 esse
2838 2274 3033 2340 fontem
3091 2272 3320 2333 deitatit,
3367 2274 3667 2337 ibidemque

2110 2356 2140 2395 ες
2175 2359 2233 2397 se
2296 2341 2548 2406 radicem,
2579 2352 2625 2395 et
2658 2339 2852 2410 fontem
2886 2339 3035 2404 Filii,
3070 2353 3117 2395 et
3152 2342 3420 2408 Spiritus;
3448 2356 3493 2397 et
3528 2354 3663 2398 orat.

2109 2413 2163 2473 5,
2208 2423 2392 2466 contra
2422 2413 2606 2465 Arian.
2641 2413 2727 2466 ubi
2764 2412 2976 2466 Patrem
3009 2427 3129 2465 esse
3155 2429 3314 2465 unum
3350 2414 3665 2480 principium

2112 2482 2347 2544 deitatis,
2383 2496 2486 2533 non
2517 2480 2658 2543 duo;
2695 2491 2748 2537 et
2797 2480 3018 2549 Gregor.
3076 2480 3326 2535 Nazianz.
3378 2494 3520 2535 orat.
3577 2484 3662 2544 15.

2111 2566 2229 2617 qua:
2277 2560 2364 2606 est
2416 2551 2481 2603 de
2537 2566 2666 2617 pace
2732 2552 2818 2605 ubi
2880 2552 3091 2604 Patrem
3149 2553 3379 2619 appellat
3440 2552 3667 2607 Deitatis

2109 2621 2447 2687 principium,
2502 2631 2556 2673 et
2604 2636 2839 2683 rursum,
2886 2631 3152 2673 auctorem
3186 2637 3293 2675 esse
3342 2623 3665 2687 divinitatis,

2108 2706 2225 2760 ante
2256 2693 2309 2744 in
2360 2689 2504 2744 Filio
2555 2702 2601 2743 et
2643 2691 2851 2759 Spiritu
2891 2700 3071 2743 sancto
3098 2693 3479 2747 consideratur.
3517 2692 3664 2751 lltcc,

2113 2762 2354 2827 inquam,
2402 2770 2457 2813 et
2488 2760 2683 2813 similia
2748 2761 2860 2813 loca
2897 2763 2963 2812 ita
3016 2771 3141 2813 sunt
3186 2761 3550 2830 intelligenda,
3609 2772 3666 2817 ut

2114 2830 2271 2883 l‘ater
2300 2830 2629 2901 sithprimus
2660 2841 2713 2883 et
2736 2830 3044 2897 principalis
3088 2839 3277 2883 auctor
3312 2834 3525 2901 tteitatis
3549 2848 3669 2901 quin

2108 2910 2185 2953 est
2223 2903 2274 2953 in
2314 2898 2449 2953 Filio
2480 2911 2533 2953 et
2578 2900 2781 2966 Spiritu
2832 2910 3052 2951 sancto:
3092 2902 3217 2963 quin
3252 2916 3317 2953 ex
3351 2900 3453 2955 hoc
3509 2898 3667 2955 modo

2111 2970 2357 3035 loquendi
2413 2968 2630 3021 Patrum
2667 2971 2859 3023 asserit
2902 2970 3039 3022 idem
3075 2970 3255 3033 ltuitz,
3292 2971 3500 3023 Patrem
3546 2986 3669 3025 esse

2112 3038 2420 3093 Divinitatis
2470 3039 2632 3092 totius
2682 3039 3028 3105 principium,
3092 3051 3146 3092 et
3194 3042 3392 3093 fontem
3422 3040 3669 3095 aosolute

2110 3107 2447 3182 pronuntiari
2493 3123 2649 3182 posse
2682 3110 2897 3182 absque
2926 3108 3034 3162 ullo
3064 3110 3314 3182 scrupulo
3346 3126 3359 3173 ;
3397 3125 3497 3182 nec
3547 3124 3669 3167 esse

2113 3178 2529 3249 ullanota,vel
2591 3178 3007 3249 reprehensione
3051 3179 3271 3245 dignum
3330 3180 3664 3249 theologum,

2111 3250 2199 3317 qui
2238 3248 2335 3301 hoc
2366 3248 2527 3301 etiam
2587 3255 2827 3315 tempore
2853 3248 2922 3299 ita
2959 3248 3227 3314 loquatur.
3282 3249 3431 3314 Quod
3473 3248 3668 3304 funda-

2113 3326 2347 3369 mentum
2382 3318 2538 3383 hujus
2584 3318 2898 3387 assertionis
2930 3326 2982 3371 et
3016 3318 3308 3385 longiorem
3340 3320 3661 3387 disputatio-

2111 3401 2256 3449 nem,
2287 3389 2408 3440 vide
2440 3390 2577 3455 apud
2602 3387 2794 3454 ipsum.
2824 3386 2985 3439 Nobis
3009 3389 3141 3440 satis
3158 3390 3231 3441 sit
3252 3388 3379 3441 hinc
3405 3386 3668 3443 deducere

2111 3461 2317 3508 tantum
2364 3455 2555 3510 abesse
2589 3468 2644 3507 ut
2694 3458 2763 3507 sit
2818 3456 3110 3509 trahendus
3154 3467 3337 3511 noster
3366 3459 3429 3510 ad
3474 3458 3667 3512 adver-

2110 3526 2371 3578 sariorum
2415 3540 2677 3587 errorem,
2701 3534 2759 3578 ut
2800 3526 2965 3578 etiam
3014 3527 3086 3579 sit
3115 3537 3263 3580 recte
3297 3534 3351 3581 et
3373 3528 3488 3580 sine
3516 3541 3670 3581 seru-

2112 3596 2238 3658 pnlo
2274 3594 2624 3661 explicandus
2665 3609 2761 3662 pro
2813 3594 3074 3648 catholica
3137 3596 3392 3661 veritate;
3442 3598 3664 3664 quando

2110 3664 2322 3727 quidem
2350 3664 2605 3734 iit-tiam,
2642 3666 2730 3734 qui
2756 3664 3073 3717 vocabulum
3106 3666 3250 3717 solus
3275 3677 3666 3734 opposuerunt,

2109 3748 2229 3785 cum
2280 3734 2344 3786 de
2388 3732 2544 3786 Patre
2588 3732 2959 3801 loquerentur,
3028 3742 3084 3785 ιιι
3126 3732 3393 3802 principio
3442 3734 3562 3788 Filii
3614 3746 3669 3790 et

2112 3802 2346 3873 Spiritus
2380 3804 2573 3866 sancti,
2620 3812 2764 3856 recte
2794 3803 3133 3870 explicantur
3162 3813 3217 3855 et
3266 3805 3661 3873 intelliguntur.

2110 3870 2267 3925 Plura
2320 3874 2386 3925 ad
2442 3874 2579 3925 Itane
2634 3887 2747 3925 rem
2799 3887 3011 3939 possem
3078 3886 3368 3941 aggerere,
3415 3870 3508 3927 sed
3557 3876 3671 3929 bac

2112 3943 2245 3995 satis
2296 3942 2362 3994 ad
2406 3942 2801 4008 explicandum,
2842 3942 2922 3995 vel
2983 3944 3346 3995 excusandum
3403 3954 3667 3998 nostrum.

2107 4010 2369 4063 Caeterum
2395 4010 2439 4064 si
2494 4012 2581 4063 cui
2619 4026 2720 4064 non
2778 4012 2913 4065 satis
2948 4025 3263 4078 persuasum
3301 4012 3375 4066 sit
3412 4015 3478 4066 de
3502 4028 3663 4067 sensu

2109 4094 2294 4133 eorum
2343 4080 2631 4150 verborum
2687 4081 2855 4132 nostri
2886 4080 3265 4147 'l‘lteophanis,
3302 4097 3461 4150 quem
3493 4085 3671 4136 hacte-

2110 4164 2211 4202 nus
2241 4148 2529 4216 explicavi,
2581 4150 2854 4216 confugiat
2901 4151 3092 4203 iterum
3129 4150 3251 4204 licet
3304 4148 3370 4205 ad
3426 4166 3544 4205 eam
3574 4158 3669 4205 de-

2109 4218 2431 4278 fensionem.
2460 4234 2625 4290 quam
2652 4219 2804 4271 iltillo
2833 4220 3058 4290 prauuli,
3115 4224 3465 4289 eamdemque
3516 4235 3670 4290 pror-

2110 4304 2225 4352 sus,
2296 4286 2489 4354 quam’
2530 4286 2765 4341 Jodocus
2834 4288 3177 4343 Cliethorens
3258 4286 3667 4344 (ἶοιιῐιιιθιιὶειιοι-

2109 4357 2427 4411 Damasceni
2501 4372 2599 4411 suo
2662 4358 2848 4409 tribuit
2896 4361 3226 4411 Damasceno
3300 4360 3383 4412 his
3444 4362 3664 4413 verbis:

2110 4424 2291 4498 Neque
2316 4435 2486 4479 tamen
2514 4428 2706 4479 idcirco
2730 4429 2922 4498 erroris
2958 4438 3136 4479 notam
3160 4430 3363 4481 auctori
3385 4428 3669 4498 impingere

2111 4496 2196 4564 fas
2247 4506 2344 4553 est,
2384 4498 2535 4564 quod,
2578 4513 2719 4549 more
2768 4496 3070 4549 Grrecorum
3124 4502 3343 4551 senserit
3410 4496 3668 4561 Spiritum

2112 4573 2354 4618 sanctum
2380 4581 2471 4629 per
2510 4563 2729 4625 Filium,
2761 4582 2865 4618 non
2889 4579 3064 4618 autem
3101 4582 3163 4618 cx
3191 4566 3333 4619 Filio
3359 4572 3669 4635 procedere;

2114 4636 2203 4687 sed
2228 4651 2320 4701 pro
2358 4636 2600 4701 temporis
2622 4635 2919 4688 conditione
2944 4637 3223 4705 humanam
3243 4653 3495 4689 excusare
3524 4640 3671 4705 igno-

2115 4708 2365 4765 rantiam,
2421 4717 2474 4754 ut
2501 4706 2589 4773 qui
2628 4714 2849 4771 tempus,
2894 4721 2995 4773 quo
3040 4704 3272 4771 Spiritus
3328 4709 3493 4758 sancti
3543 4704 3669 4771 pro-

2113 4774 2399 4826 cessionem
2446 4788 2510 4826 ea;
2552 4773 2712 4825 Patre
2770 4774 3014 4841 Filioque
3058 4779 3373 4828 credendam
3430 4775 3666 4830 Ecclesia

2111 4845 2370 4895 catholica
2408 4857 2648 4910 ear-presse
2687 4844 3075 4905 determinavit,
3126 4846 3479 4898 antecesserit.
3506 4845 3568 4897 In
3604 4847 3671 4899 iis

2112 4923 2307 4973 autem,
2353 4926 2469 4980 qua:
2500 4914 2715 4965 necdum
2739 4914 2943 4980 publico
3001 4914 3205 4965 decreto
3251 4915 3467 4981 definita
3505 4927 3625 4966 sunt
3651 4955 3668 4981 ,

2108 4991 2386 5049 antequam
2399 4994 2573 5047 aperte
2588 4985 3018 5044 determinentur,
3032 4983 3233 5036 diverso
3246 4986 3502 5036 interdum
3521 4993 3672 5036 modo

2108 5052 2298 5103 sentire
2322 5053 2715 5116 comperiuntur
2741 5054 2947 5118 probati
2978 5065 3240 5105 auctores.
3274 5051 3351 5107 Ita
3401 5053 3665 5108 Cliethov.

2109 5134 2207 5188 pro
2263 5118 2616 5173 Damasceno.
2652 5120 2947 5188 Itidemque
2976 5136 3071 5188 pro
3132 5132 3320 5177 nostro
3364 5120 3553 5184 alfero,
3580 5125 3670 5188 qui

2110 5200 2285 5241 tamen
2308 5204 2616 5256 quanquam
2650 5204 2753 5241 n0n
2786 5192 2932 5243 dicat
2965 5190 3071 5242 ullo
3103 5192 3219 5245 loco
3258 5205 3315 5243 ιιι
3344 5190 3663 5245 Damasceu.

2105 5274 2197 5325 per
2242 5258 2437 5329 Filium
2483 5262 2772 5325 procedere
2809 5258 3065 5325 Spiritum
3117 5272 3387 5321 sanctum,
3420 5265 3509 5329 qui
3554 5278 3670 5314 mo-

2106 5330 2205 5381 dus
2247 5328 2497 5395 loquendi
2547 5328 2653 5393 jam
2710 5329 3014 5382 declaratus
3053 5338 3133 5383 est
3182 5330 3323 5384 idem
3366 5328 3487 5385 esse
3518 5346 3581 5384 ac
3604 5346 3673 5384 ea:

2108 5395 2253 5469 Filio
2295 5408 2350 5450 ut
2393 5413 2458 5469 ex
2496 5396 2703 5469 Concil.
2741 5398 2977 5451 Floreut.
3017 5411 3069 5453 et
3115 5400 3316 5467 disput.
3354 5401 3427 5453 ibi
3483 5403 3673 5469 positis

2110 5468 2322 5537 itessar.
2373 5468 2544 5521 Genu.
2580 5466 2738 5536 Greg.
2779 5468 3164 5536 Ptotosyncelli
3200 5466 3443 5537 apparet,
3484 5466 3562 5522 ἰιι
3602 5484 3667 5522 ex

2111 5536 2302 5591 Bellar.
2337 5552 2458 5607 sup.
2490 5538 2861 5602 ostendimus;
2918 5553 3222 5607 quanquam
3254 5536 3414 5607 igitur
3438 5540 3539 5592 hoc
3564 5555 3668 5590 non

2106 5616 2314 5660 asserat
2354 5606 2729 5674 Theophanes,
2763 5612 2853 5659 sed
2888 5610 3030 5659 dit-at
3064 5606 3095 5660 s
3146 5606 3304 5677 Patre
3358 5610 3671 5677 procedere.

2108 5694 2210 5729 non
2247 5689 2423 5729 tamen
2475 5689 2727 5743 expresse
2782 5679 3023 5729 excludit
3055 5692 3119 5730 ex
3166 5676 3321 5739 Filio,
3356 5676 3493 5744 quod
3559 5678 3666 5729 Da-

2108 5762 2396 5801 rii-scimus
2445 5747 2571 5800 l‘ectt
2604 5762 2667 5799 eo
2714 5761 2898 5810 sensu,
2932 5758 2983 5800 et
3038 5749 3193 5802 modo
3235 5748 3345 5817 jam
3380 5746 3670 5816 explicato.
