  <div class='ocr_page' id='page_1' title='image "/cluster/home/n/w/nwhite01/storage/ocr_20150623/132/mdp.39015061535228/544.png"; bbox 0 0 4102 6324; ppageno 0'>
   <div class='ocr_carea' id='block_1_1' title="bbox 322 380 456 445">
    <p class='ocr_par' dir='ltr' id='par_1_1' title="bbox 322 380 456 445">
     <span class='ocr_line' id='line_1_1' title="bbox 322 380 456 445; baseline 0 0"><span class='ocrx_word' id='word_1_1' title='bbox 322 380 456 445; x_wconf 76' lang='lat'><strong>1073</strong></span> 
     </span>
    </p>
   </div>
   <div class='ocr_carea' id='block_1_2' title="bbox 1693 384 2250 448">
    <p class='ocr_par' dir='ltr' id='par_1_2' title="bbox 1693 384 2250 448">
     <span class='ocr_line' id='line_1_2' title="bbox 1693 384 2250 448; baseline 0.004 -3"><span class='ocrx_word' id='word_1_2' title='bbox 1693 384 2024 446; x_wconf 78' lang='lat' dir='ltr'><strong>lIOMlLIA</strong></span> <span class='ocrx_word' id='word_1_3' title='bbox 2063 384 2250 448; x_wconf 82' lang='lat' dir='ltr'><strong>LXII.</strong></span> 
     </span>
    </p>
   </div>
   <div class='ocr_carea' id='block_1_3' title="bbox 3439 387 3580 452">
    <p class='ocr_par' dir='ltr' id='par_1_3' title="bbox 3439 387 3580 452">
     <span class='ocr_line' id='line_1_3' title="bbox 3439 387 3580 452; baseline 0.007 -1"><span class='ocrx_word' id='word_1_4' title='bbox 3439 387 3580 452; x_wconf 72' lang='grc'><strong>10⁵14</strong></span> 
     </span>
    </p>
   </div>
   <div class='ocr_carea' id='block_1_4' title="bbox 315 480 1892 572">
    <p class='ocr_par' dir='ltr' id='par_1_4' title="bbox 315 495 1886 572">
     <span class='ocr_line' id='line_1_4' title="bbox 315 495 1886 572; baseline -0.001 -22"><span class='ocrx_word' id='word_1_5' title='bbox 315 497 538 566; x_wconf 84' lang='grc' dir='ltr'>γέλλετο</span> <span class='ocrx_word' id='word_1_6' title='bbox 569 500 596 551; x_wconf 88' lang='grc' dir='ltr'>ὁ</span> <span class='ocrx_word' id='word_1_7' title='bbox 642 497 800 564; x_wconf 75' lang='grc' dir='ltr'>Θεὸς,</span> <span class='ocrx_word' id='word_1_8' title='bbox 833 500 881 553; x_wconf 88' lang='grc' dir='ltr'><strong>εί</strong></span> <span class='ocrx_word' id='word_1_9' title='bbox 923 500 1249 572; x_wconf 76' lang='grc' dir='ltr'><strong>φυλάττοιεν</strong></span> <span class='ocrx_word' id='word_1_10' title='bbox 1295 501 1394 562; x_wconf 85' lang='grc' dir='ltr'><strong>τὰς</strong></span> <span class='ocrx_word' id='word_1_11' title='bbox 1442 497 1632 553; x_wconf 78' lang='grc' dir='ltr'>ἀὐτοῦ</span> <span class='ocrx_word' id='word_1_12' title='bbox 1665 495 1886 561; x_wconf 66' lang='grc' dir='ltr'>ἐντολὰς</span> 
     </span>
    </p>
   </div>
   <div class='ocr_carea' id='block_1_5' title="bbox 1997 480 3586 572">
    <p class='ocr_par' dir='ltr' id='par_1_5' title="bbox 2017 480 3586 569">
     <span class='ocr_line' id='line_1_5' title="bbox 2017 480 3586 569; baseline 0.003 -17"><span class='ocrx_word' id='word_1_13' title='bbox 2017 500 2229 568; x_wconf 78' lang='lat' dir='ltr'><strong>plueret</strong></span> <span class='ocrx_word' id='word_1_14' title='bbox 2264 498 2493 555; x_wconf 85' lang='lat' dir='ltr'><strong>imbrem</strong></span> <span class='ocrx_word' id='word_1_15' title='bbox 2547 501 2898 568; x_wconf 90' lang='lat' dir='ltr'><strong>matutinum,</strong></span> <span class='ocrx_word' id='word_1_16' title='bbox 2929 509 2983 558; x_wconf 90' lang='lat' dir='ltr'><strong>et</strong></span> <span class='ocrx_word' id='word_1_17' title='bbox 3012 480 3306 558; x_wconf 73' lang='lat' dir='ltr'><strong>serotinum</strong></span> <span class='ocrx_word' id='word_1_18' title='bbox 3334 541 3351 569; x_wconf 86' lang='lat'><strong>,</strong></span> <span class='ocrx_word' id='word_1_19' title='bbox 3405 510 3458 556; x_wconf 87' lang='lat' dir='ltr'><strong>ct</strong></span> <span class='ocrx_word' id='word_1_20' title='bbox 3495 517 3586 557; x_wconf 87' lang='lat' dir='ltr'><strong>rc-</strong></span> 
     </span>
    </p>
   </div>
   <div class='ocr_carea' id='block_1_6' title="bbox 316 591 1901 666">
    <p class='ocr_par' dir='ltr' id='par_1_6' title="bbox 316 591 1901 666">
     <span class='ocr_line' id='line_1_6' title="bbox 316 591 1901 666; baseline 0 -22"><span class='ocrx_word' id='word_1_21' title='bbox 316 592 605 663; x_wconf 75' lang='grc' dir='ltr'>ἑπισρέξαι</span> <span class='ocrx_word' id='word_1_22' title='bbox 661 593 818 647; x_wconf 77' lang='grc' dir='ltr'>ὑετὸν</span> <span class='ocrx_word' id='word_1_23' title='bbox 870 594 1140 666; x_wconf 82' lang='grc' dir='ltr'>πρώῖμον,</span> <span class='ocrx_word' id='word_1_24' title='bbox 1202 595 1297 647; x_wconf 75' lang='grc' dir='ltr'>καὶ</span> <span class='ocrx_word' id='word_1_25' title='bbox 1344 593 1561 664; x_wconf 75' lang='grc' dir='ltr'>ὄψιμον,</span> <span class='ocrx_word' id='word_1_26' title='bbox 1616 593 1710 647; x_wconf 79' lang='grc' dir='ltr'>καὶ</span> <span class='ocrx_word' id='word_1_27' title='bbox 1768 591 1901 663; x_wconf 83' lang='grc' dir='ltr'>πλη-</span> 
     </span>
    </p>
   </div>
   <div class='ocr_carea' id='block_1_7' title="bbox 316 684 1901 757">
    <p class='ocr_par' dir='ltr' id='par_1_7' title="bbox 316 684 1901 757">
     <span class='ocr_line' id='line_1_7' title="bbox 316 684 1901 757; baseline 0.001 -20"><span class='ocrx_word' id='word_1_28' title='bbox 316 684 681 756; x_wconf 77' lang='grc' dir='ltr'>θυνθήσεσθαι</span> <span class='ocrx_word' id='word_1_29' title='bbox 734 686 833 751; x_wconf 82' lang='grc' dir='ltr'>τὰς</span> <span class='ocrx_word' id='word_1_30' title='bbox 881 687 1094 752; x_wconf 82' lang='grc' dir='ltr'>ἆλωνας</span> <span class='ocrx_word' id='word_1_31' title='bbox 1158 688 1330 754; x_wconf 83' lang='grc' dir='ltr'>σίτου,</span> <span class='ocrx_word' id='word_1_32' title='bbox 1381 686 1477 739; x_wconf 72' lang='grc' dir='ltr'><strong>καὶ</strong></span> <span class='ocrx_word' id='word_1_33' title='bbox 1518 687 1644 750; x_wconf 62' lang='grc' dir='ltr'>τοὶς</span> <span class='ocrx_word' id='word_1_34' title='bbox 1705 685 1901 757; x_wconf 80' lang='grc' dir='ltr'><strong>ληνοὺς</strong></span> 
     </span>
    </p>
   </div>
   <div class='ocr_carea' id='block_1_8' title="bbox 309 779 481 839">
    <p class='ocr_par' dir='ltr' id='par_1_8' title="bbox 309 779 481 839">
     <span class='ocr_line' id='line_1_8' title="bbox 309 779 481 839; baseline 0.035 -7"><span class='ocrx_word' id='word_1_35' title='bbox 309 779 481 839; x_wconf 77' lang='grc' dir='ltr'>οἴνου.</span> 
     </span>
    </p>
   </div>
   <div class='ocr_carea' id='block_1_9' title="bbox 374 874 1899 947">
    <p class='ocr_par' dir='ltr' id='par_1_9' title="bbox 374 874 1899 947">
     <span class='ocr_line' id='line_1_9' title="bbox 374 874 1899 947; baseline 0 -19"><span class='ocrx_word' id='word_1_36' title='bbox 374 875 540 947; x_wconf 80' lang='grc' dir='ltr'>Ἦμῐν</span> <span class='ocrx_word' id='word_1_37' title='bbox 562 874 617 930; x_wconf 70' lang='grc' dir='ltr'><strong>δέ</strong></span> <span class='ocrx_word' id='word_1_38' title='bbox 637 878 670 945; x_wconf 78' lang='grc' dir='ltr'><strong>ἡ</strong></span> <span class='ocrx_word' id='word_1_39' title='bbox 689 874 991 945; x_wconf 72' lang='grc' dir='ltr'>ἐπαγγελία</span> <span class='ocrx_word' id='word_1_40' title='bbox 1013 875 1154 946; x_wconf 78' lang='grc' dir='ltr'>αὕτη</span> <span class='ocrx_word' id='word_1_41' title='bbox 1173 875 1252 940; x_wconf 86' lang='grc' dir='ltr'><strong>είς</strong></span> <span class='ocrx_word' id='word_1_42' title='bbox 1268 875 1578 931; x_wconf 77' lang='grc' dir='ltr'>τούναντίον</span> <span class='ocrx_word' id='word_1_43' title='bbox 1597 876 1899 947; x_wconf 72' lang='grc' dir='ltr'>μετεστρα-</span> 
     </span>
    </p>
   </div>
   <div class='ocr_carea' id='block_1_10' title="bbox 311 967 1902 1041">
    <p class='ocr_par' dir='ltr' id='par_1_10' title="bbox 311 967 1902 1041">
     <span class='ocr_line' id='line_1_10' title="bbox 311 967 1902 1041; baseline 0.001 -22"><span class='ocrx_word' id='word_1_44' title='bbox 311 983 468 1032; x_wconf 83' lang='grc' dir='ltr'>πται,</span> <span class='ocrx_word' id='word_1_45' title='bbox 501 967 704 1037; x_wconf 79' lang='grc' dir='ltr'>μᾶλλον</span> <span class='ocrx_word' id='word_1_46' title='bbox 730 967 787 1022; x_wconf 80' lang='grc' dir='ltr'><strong>δέ</strong></span> <span class='ocrx_word' id='word_1_47' title='bbox 819 969 966 1039; x_wconf 78' lang='grc' dir='ltr'>ἡμᾶς</span> <span class='ocrx_word' id='word_1_48' title='bbox 1001 968 1034 1039; x_wconf 77' lang='grc' dir='ltr'>ἡ</span> <span class='ocrx_word' id='word_1_49' title='bbox 1071 969 1165 1023; x_wconf 86' lang='grc' dir='ltr'><strong>τοῦ</strong></span> <span class='ocrx_word' id='word_1_50' title='bbox 1204 968 1474 1038; x_wconf 81' lang='grc' dir='ltr'>Ἱερεμίου</span> <span class='ocrx_word' id='word_1_51' title='bbox 1500 969 1714 1041; x_wconf 82' lang='grc' dir='ltr'>κατάρα</span> <span class='ocrx_word' id='word_1_52' title='bbox 1765 985 1902 1024; x_wconf 83' lang='grc' dir='ltr'>κατ-</span> 
     </span>
    </p>
   </div>
   <div class='ocr_carea' id='block_1_11' title="bbox 311 1053 1900 1135">
    <p class='ocr_par' dir='ltr' id='par_1_11' title="bbox 311 1053 1900 1135">
     <span class='ocr_line' id='line_1_11' title="bbox 311 1053 1900 1135; baseline 0.003 -25"><span class='ocrx_word' id='word_1_53' title='bbox 311 1059 558 1131; x_wconf 85' lang='grc' dir='ltr'>είληφεν.</span> <span class='ocrx_word' id='word_1_54' title='bbox 598 1062 815 1116; x_wconf 76' lang='grc' dir='ltr'>«Ἔστω</span> <span class='ocrx_word' id='word_1_55' title='bbox 846 1079 949 1126; x_wconf 86' lang='grc' dir='ltr'>σοι,</span> <span class='ocrx_word' id='word_1_56' title='bbox 978 1063 1208 1130; x_wconf 53' lang='lat' dir='ltr'><strong>imoimo</strong></span> <span class='ocrx_word' id='word_1_57' title='bbox 1242 1062 1381 1134; x_wconf 80' lang='grc' dir='ltr'>ὺπέρ</span> <span class='ocrx_word' id='word_1_58' title='bbox 1405 1063 1649 1135; x_wconf 83' lang='grc' dir='ltr'><strong>κεφαλῆς</strong></span> <span class='ocrx_word' id='word_1_59' title='bbox 1670 1053 1900 1134; x_wconf 70' lang='grc' dir='ltr'>οὐραῦὸς</span> 
     </span>
    </p>
   </div>
   <div class='ocr_carea' id='block_1_12' title="bbox 318 1153 1900 1227">
    <p class='ocr_par' dir='ltr' id='par_1_12' title="bbox 318 1153 1900 1227">
     <span class='ocr_line' id='line_1_12' title="bbox 318 1153 1900 1227; baseline 0.004 -23"><span class='ocrx_word' id='word_1_60' title='bbox 318 1153 739 1227; x_wconf 72' lang='grc' dir='ltr'>χαλκοῦς,ιτὴν</span> <span class='ocrx_word' id='word_1_61' title='bbox 790 1153 1028 1226; x_wconf 80' lang='grc' dir='ltr'><strong>παντελῆ</strong></span> <span class='ocrx_word' id='word_1_62' title='bbox 1104 1153 1398 1224; x_wconf 79' lang='grc' dir='ltr'><strong>ξηρασίαν,</strong></span> <span class='ocrx_word' id='word_1_63' title='bbox 1469 1155 1566 1209; x_wconf 82' lang='grc' dir='ltr'>καὶ</span> <span class='ocrx_word' id='word_1_64' title='bbox 1626 1155 1900 1227; x_wconf 70' lang='grc' dir='ltr'>ἐπίλειψιν</span> 
     </span>
    </p>
   </div>
   <div class='ocr_carea' id='block_1_13' title="bbox 310 1245 1899 1320">
    <p class='ocr_par' dir='ltr' id='par_1_13' title="bbox 310 1245 1899 1320">
     <span class='ocr_line' id='line_1_13' title="bbox 310 1245 1899 1320; baseline 0.004 -22"><span class='ocrx_word' id='word_1_65' title='bbox 310 1245 422 1300; x_wconf 79' lang='grc' dir='ltr'><strong>τῶν</strong></span> <span class='ocrx_word' id='word_1_66' title='bbox 453 1246 661 1301; x_wconf 74' lang='grc' dir='ltr'>ὑδάτων</span> <span class='ocrx_word' id='word_1_67' title='bbox 731 1246 828 1301; x_wconf 87' lang='grc' dir='ltr'><strong>τοῦ</strong></span> <span class='ocrx_word' id='word_1_68' title='bbox 878 1247 1238 1318; x_wconf 81' lang='grc' dir='ltr'>ἀπειλητικοῦ</span> <span class='ocrx_word' id='word_1_69' title='bbox 1291 1247 1454 1318; x_wconf 86' lang='grc' dir='ltr'>λόγου</span> <span class='ocrx_word' id='word_1_70' title='bbox 1510 1248 1899 1320; x_wconf 72' lang='grc' dir='ltr'>σημαίνοντος.</span> 
     </span>
    </p>
   </div>
   <div class='ocr_carea' id='block_1_14' title="bbox 314 1336 1899 1412">
    <p class='ocr_par' dir='ltr' id='par_1_14' title="bbox 314 1336 1899 1412">
     <span class='ocr_line' id='line_1_14' title="bbox 314 1336 1899 1412; baseline 0.003 -22"><span class='ocrx_word' id='word_1_71' title='bbox 314 1336 384 1390; x_wconf 85' lang='grc'><strong>⁹11</strong></span> <span class='ocrx_word' id='word_1_72' title='bbox 429 1338 492 1392; x_wconf 80' lang='grc' dir='ltr'>οὑ</span> <span class='ocrx_word' id='word_1_73' title='bbox 541 1337 703 1392; x_wconf 87' lang='grc' dir='ltr'>τοῦτο</span> <span class='ocrx_word' id='word_1_74' title='bbox 734 1339 872 1410; x_wconf 79' lang='grc' dir='ltr'>ἡμῖν</span> <span class='ocrx_word' id='word_1_75' title='bbox 917 1339 1122 1410; x_wconf 78' lang='grc' dir='ltr'><strong>ἀρτίως</strong></span> <span class='ocrx_word' id='word_1_76' title='bbox 1153 1338 1514 1410; x_wconf 81' lang='grc' dir='ltr'>πεπλήρωται</span> <span class='ocrx_word' id='word_1_77' title='bbox 1539 1357 1554 1405; x_wconf 91' lang='grc'><strong>;</strong></span> <span class='ocrx_word' id='word_1_78' title='bbox 1584 1342 1617 1412; x_wconf 79' lang='grc' dir='ltr'>ἠ</span> <span class='ocrx_word' id='word_1_79' title='bbox 1656 1340 1756 1410; x_wconf 79' lang='grc' dir='ltr'>μὲν</span> <span class='ocrx_word' id='word_1_80' title='bbox 1789 1339 1899 1412; x_wconf 86' lang='grc' dir='ltr'><strong>γὰρ</strong></span> 
     </span>
    </p>
   </div>
   <div class='ocr_carea' id='block_1_15' title="bbox 314 1425 1899 1501">
    <p class='ocr_par' dir='ltr' id='par_1_15' title="bbox 314 1425 1899 1501">
     <span class='ocr_line' id='line_1_15' title="bbox 314 1425 1899 1501; baseline 0.003 -20"><span class='ocrx_word' id='word_1_81' title='bbox 314 1429 384 1496; x_wconf 73' lang='grc' dir='ltr'>γῆ</span> <span class='ocrx_word' id='word_1_82' title='bbox 411 1428 829 1501; x_wconf 77' lang='grc' dir='ltr'>χαραδρωθεϊσα</span> <span class='ocrx_word' id='word_1_83' title='bbox 861 1428 941 1500; x_wconf 84' lang='grc' dir='ltr'><strong>τῷ</strong></span> <span class='ocrx_word' id='word_1_84' title='bbox 972 1429 1193 1501; x_wconf 84' lang='grc' dir='ltr'>αὐχμῷ,</span> <span class='ocrx_word' id='word_1_85' title='bbox 1231 1430 1328 1484; x_wconf 78' lang='grc' dir='ltr'>καὶ</span> <span class='ocrx_word' id='word_1_86' title='bbox 1357 1425 1472 1485; x_wconf 84' lang='grc' dir='ltr'>οἷον</span> <span class='ocrx_word' id='word_1_87' title='bbox 1498 1430 1899 1486; x_wconf 79' lang='grc' dir='ltr'>ἀπολιθωθεῐσα</span> 
     </span>
    </p>
   </div>
   <div class='ocr_carea' id='block_1_16' title="bbox 310 1520 1898 1596">
    <p class='ocr_par' dir='ltr' id='par_1_16' title="bbox 310 1520 1898 1596">
     <span class='ocr_line' id='line_1_16' title="bbox 310 1520 1898 1596; baseline 0.004 -23"><span class='ocrx_word' id='word_1_88' title='bbox 310 1520 423 1574; x_wconf 85' lang='grc' dir='ltr'><strong>τῶν</strong></span> <span class='ocrx_word' id='word_1_89' title='bbox 466 1521 730 1591; x_wconf 79' lang='grc' dir='ltr'>γεωργῶν</span> <span class='ocrx_word' id='word_1_90' title='bbox 758 1522 853 1575; x_wconf 83' lang='grc' dir='ltr'><strong>τὸν</strong></span> <span class='ocrx_word' id='word_1_91' title='bbox 887 1522 1052 1576; x_wconf 81' lang='grc' dir='ltr'>πόνον</span> <span class='ocrx_word' id='word_1_92' title='bbox 1097 1522 1433 1593; x_wconf 77' lang='grc' dir='ltr'>ὴμὰλδυνεν.</span> <span class='ocrx_word' id='word_1_93' title='bbox 1478 1521 1620 1578; x_wconf 75' lang='grc' dir='ltr'>Οὔτε</span> <span class='ocrx_word' id='word_1_94' title='bbox 1658 1524 1767 1595; x_wconf 82' lang='grc' dir='ltr'>μὴν</span> <span class='ocrx_word' id='word_1_95' title='bbox 1796 1525 1898 1596; x_wconf 75' lang='grc' dir='ltr'>τὴν</span> 
     </span>
    </p>
   </div>
   <div class='ocr_carea' id='block_1_17' title="bbox 312 1614 1898 1689">
    <p class='ocr_par' dir='ltr' id='par_1_17' title="bbox 312 1614 1898 1689">
     <span class='ocr_line' id='line_1_17' title="bbox 312 1614 1898 1689; baseline 0.003 -21"><span class='ocrx_word' id='word_1_96' title='bbox 312 1615 504 1683; x_wconf 75' lang='grc' dir='ltr'>ἄροσιν</span> <span class='ocrx_word' id='word_1_97' title='bbox 549 1616 991 1688; x_wconf 77' lang='grc' dir='ltr'>παραδεχομένη,</span> <span class='ocrx_word' id='word_1_98' title='bbox 1037 1614 1164 1672; x_wconf 82' lang='grc' dir='ltr'>οὔτε</span> <span class='ocrx_word' id='word_1_99' title='bbox 1213 1618 1314 1689; x_wconf 75' lang='grc' dir='ltr'>τὴν</span> <span class='ocrx_word' id='word_1_100' title='bbox 1363 1617 1641 1688; x_wconf 78' lang='grc' dir='ltr'>σκάφησιν</span> <span class='ocrx_word' id='word_1_101' title='bbox 1668 1633 1684 1650; x_wconf 82' lang='lat'><strong><em>°</em></strong></span> <span class='ocrx_word' id='word_1_102' title='bbox 1732 1619 1802 1674; x_wconf 78' lang='grc' dir='ltr'><strong>τὰ</strong></span> <span class='ocrx_word' id='word_1_103' title='bbox 1841 1619 1898 1673; x_wconf 82' lang='grc' dir='ltr'><strong>δὲ</strong></span> 
     </span>
    </p>
   </div>
   <div class='ocr_carea' id='block_1_18' title="bbox 311 1707 1897 1784">
    <p class='ocr_par' dir='ltr' id='par_1_18' title="bbox 311 1707 1897 1784">
     <span class='ocr_line' id='line_1_18' title="bbox 311 1707 1897 1784; baseline 0.003 -24"><span class='ocrx_word' id='word_1_104' title='bbox 311 1707 440 1778; x_wconf 71' lang='grc' dir='ltr'>λήῖα</span> <span class='ocrx_word' id='word_1_105' title='bbox 492 1709 688 1780; x_wconf 70' lang='grc' dir='ltr'>μικρὸν</span> <span class='ocrx_word' id='word_1_106' title='bbox 735 1708 1210 1781; x_wconf 70' lang='grc' dir='ltr'>ἐκϐλαστήσαντα,</span> <span class='ocrx_word' id='word_1_107' title='bbox 1246 1710 1340 1765; x_wconf 75' lang='grc' dir='ltr'>καὶ</span> <span class='ocrx_word' id='word_1_108' title='bbox 1385 1711 1636 1784; x_wconf 79' lang='grc' dir='ltr'>χρηστὰς</span> <span class='ocrx_word' id='word_1_109' title='bbox 1675 1709 1897 1776; x_wconf 79' lang='grc' dir='ltr'>ἐλπίδας</span> 
     </span>
    </p>
   </div>
   <div class='ocr_carea' id='block_1_19' title="bbox 313 1799 1898 1875">
    <p class='ocr_par' dir='ltr' id='par_1_19' title="bbox 313 1799 1898 1875">
     <span class='ocr_line' id='line_1_19' title="bbox 313 1799 1898 1875; baseline 0.004 -23"><span class='ocrx_word' id='word_1_110' title='bbox 313 1801 668 1870; x_wconf 80' lang='grc' dir='ltr'>παρασχόντα</span> <span class='ocrx_word' id='word_1_111' title='bbox 721 1801 830 1873; x_wconf 80' lang='grc' dir='ltr'><strong>πρὸ</strong></span> <span class='ocrx_word' id='word_1_112' title='bbox 850 1799 946 1856; x_wconf 87' lang='grc' dir='ltr'><strong>τοῦ</strong></span> <span class='ocrx_word' id='word_1_113' title='bbox 971 1803 1345 1875; x_wconf 82' lang='grc' dir='ltr'>ἐγκυμονῆσαι</span> <span class='ocrx_word' id='word_1_114' title='bbox 1373 1805 1466 1860; x_wconf 74' lang='grc' dir='ltr'>τὸν</span> <span class='ocrx_word' id='word_1_115' title='bbox 1485 1804 1898 1875; x_wconf 76' lang='grc' dir='ltr'>ἄσταχυν,ἀπε-</span> 
     </span>
    </p>
   </div>
   <div class='ocr_carea' id='block_1_20' title="bbox 2008 588 3406 662">
    <p class='ocr_par' dir='ltr' id='par_1_20' title="bbox 2008 588 3406 662">
     <span class='ocr_line' id='line_1_20' title="bbox 2008 588 3406 662; baseline 0.001 -18"><span class='ocrx_word' id='word_1_116' title='bbox 2008 588 2291 662; x_wconf 82' lang='lat' dir='ltr'><strong>pierentur</strong></span> <span class='ocrx_word' id='word_1_117' title='bbox 2321 605 2430 645; x_wconf 77' lang='lat' dir='ltr'><strong>arte</strong></span> <span class='ocrx_word' id='word_1_118' title='bbox 2459 589 2755 659; x_wconf 75' lang='lat' dir='ltr'><strong>frumento,</strong></span> <span class='ocrx_word' id='word_1_119' title='bbox 2787 601 2841 648; x_wconf 90' lang='lat' dir='ltr'><strong>et</strong></span> <span class='ocrx_word' id='word_1_120' title='bbox 2867 591 3154 648; x_wconf 87' lang='lat' dir='ltr'><strong>toreularia</strong></span> <span class='ocrx_word' id='word_1_121' title='bbox 3191 592 3317 648; x_wconf 88' lang='lat' dir='ltr'><strong>vino</strong></span> <span class='ocrx_word' id='word_1_122' title='bbox 3341 592 3406 646; x_wconf 84' lang='lat'><strong>&quot;.</strong></span> 
     </span>
    </p>
   </div>
   <div class='ocr_carea' id='block_1_21' title="bbox 2083 873 3582 947">
    <p class='ocr_par' dir='ltr' id='par_1_21' title="bbox 2083 873 3582 947">
     <span class='ocr_line' id='line_1_21' title="bbox 2083 873 3582 947; baseline -0.003 -14"><span class='ocrx_word' id='word_1_123' title='bbox 2083 875 2456 934; x_wconf 83' lang='lat' dir='ltr'><strong>Nobis&#39;nutem</strong></span> <span class='ocrx_word' id='word_1_124' title='bbox 2488 877 2603 934; x_wconf 63' lang='lat' dir='ltr'><strong>haec</strong></span> <span class='ocrx_word' id='word_1_125' title='bbox 2627 875 2908 947; x_wconf 78' lang='lat' dir='ltr'><strong>prophetia</strong></span> <span class='ocrx_word' id='word_1_126' title='bbox 2928 877 2984 930; x_wconf 91' lang='lat' dir='ltr'><strong>in</strong></span> <span class='ocrx_word' id='word_1_127' title='bbox 3015 874 3352 931; x_wconf 89' lang='lat' dir='ltr'><strong>contrarium</strong></span> <span class='ocrx_word' id='word_1_128' title='bbox 3383 873 3546 929; x_wconf 88' lang='lat' dir='ltr'><strong>vertit</strong></span> <span class='ocrx_word' id='word_1_129' title='bbox 3567 889 3582 906; x_wconf 80' lang='grc' dir='ltr'><strong>ο</strong></span> 
     </span>
    </p>
   </div>
   <div class='ocr_carea' id='block_1_22' title="bbox 2010 965 3587 1037">
    <p class='ocr_par' dir='ltr' id='par_1_22' title="bbox 2010 965 3587 1037">
     <span class='ocr_line' id='line_1_22' title="bbox 2010 965 3587 1037; baseline -0.003 -14"><span class='ocrx_word' id='word_1_130' title='bbox 2010 966 2106 1023; x_wconf 84' lang='lat' dir='ltr'><strong>sed</strong></span> <span class='ocrx_word' id='word_1_131' title='bbox 2135 969 2316 1037; x_wconf 85' lang='lat' dir='ltr'><strong>potius</strong></span> <span class='ocrx_word' id='word_1_132' title='bbox 2359 981 2458 1023; x_wconf 89' lang='lat' dir='ltr'><strong>nos</strong></span> <span class='ocrx_word' id='word_1_133' title='bbox 2488 965 2743 1023; x_wconf 67' lang='lat' dir='ltr'><strong>Jeremia</strong></span> <span class='ocrx_word' id='word_1_134' title='bbox 2791 966 3108 1036; x_wconf 83' lang='lat' dir='ltr'><strong>imprecatio</strong></span> <span class='ocrx_word' id='word_1_135' title='bbox 3153 965 3587 1036; x_wconf 83' lang='lat' dir='ltr'><strong>comprehendit.</strong></span> 
     </span>
    </p>
   </div>
   <div class='ocr_carea' id='block_1_23' title="bbox 2013 1053 3589 1127">
    <p class='ocr_par' dir='ltr' id='par_1_23' title="bbox 2013 1053 3589 1127">
     <span class='ocr_line' id='line_1_23' title="bbox 2013 1053 3589 1127; baseline 0 -17"><span class='ocrx_word' id='word_1_136' title='bbox 2013 1074 2035 1110; x_wconf 82' lang='grc' dir='ltr'><strong>ι</strong></span> <span class='ocrx_word' id='word_1_137' title='bbox 2082 1057 2167 1112; x_wconf 88' lang='lat' dir='ltr'><strong>Sit</strong></span> <span class='ocrx_word' id='word_1_138' title='bbox 2198 1057 2315 1126; x_wconf 85' lang='lat' dir='ltr'><strong>tibi,</strong></span> <span class='ocrx_word' id='word_1_139' title='bbox 2373 1056 2572 1127; x_wconf 87' lang='lat' dir='ltr'><strong>inquit,</strong></span> <span class='ocrx_word' id='word_1_140' title='bbox 2617 1056 2812 1114; x_wconf 78' lang='lat' dir='ltr'><strong>ctelum</strong></span> <span class='ocrx_word' id='word_1_141' title='bbox 2844 1071 3057 1112; x_wconf 63' lang='lat' dir='ltr'><strong>aeuum</strong></span> <span class='ocrx_word' id='word_1_142' title='bbox 3087 1053 3200 1127; x_wconf 76' lang='lat' dir='ltr'><strong>(l2)</strong></span> <span class='ocrx_word' id='word_1_143' title='bbox 3229 1069 3394 1126; x_wconf 84' lang='lat' dir='ltr'><strong>super</strong></span> <span class='ocrx_word' id='word_1_144' title='bbox 3425 1063 3589 1124; x_wconf 87' lang='lat' dir='ltr'><strong>caput</strong></span> 
     </span>
    </p>
   </div>
   <div class='ocr_carea' id='block_1_24' title="bbox 2013 1145 3590 1220">
    <p class='ocr_par' dir='ltr' id='par_1_24' title="bbox 2013 1145 3590 1220">
     <span class='ocr_line' id='line_1_24' title="bbox 2013 1145 3590 1220; baseline -0.004 -14"><span class='ocrx_word' id='word_1_145' title='bbox 2013 1159 2165 1206; x_wconf 88' lang='lat' dir='ltr'><strong>tuum</strong></span> <span class='ocrx_word' id='word_1_146' title='bbox 2197 1149 2268 1217; x_wconf 80' lang='lat'><strong>&quot;,</strong></span> <span class='ocrx_word' id='word_1_147' title='bbox 2305 1167 2326 1201; x_wconf 76' lang='grc' dir='ltr'><strong>ι</strong></span> <span class='ocrx_word' id='word_1_148' title='bbox 2360 1149 2560 1220; x_wconf 84' lang='lat' dir='ltr'><strong>quibus</strong></span> <span class='ocrx_word' id='word_1_149' title='bbox 2591 1148 2899 1204; x_wconf 75' lang='lat' dir='ltr'><strong>minacibus</strong></span> <span class='ocrx_word' id='word_1_150' title='bbox 2930 1147 3111 1202; x_wconf 78' lang='lat' dir='ltr'><strong>verbis</strong></span> <span class='ocrx_word' id='word_1_151' title='bbox 3138 1145 3358 1200; x_wconf 85' lang='lat' dir='ltr'><strong>siccitas</strong></span> <span class='ocrx_word' id='word_1_152' title='bbox 3410 1146 3590 1200; x_wconf 77' lang='lat' dir='ltr'><strong>maxi-</strong></span> 
     </span>
    </p>
   </div>
   <div class='ocr_carea' id='block_1_25' title="bbox 2008 1235 3588 1313">
    <p class='ocr_par' dir='ltr' id='par_1_25' title="bbox 2008 1235 3588 1313">
     <span class='ocr_line' id='line_1_25' title="bbox 2008 1235 3588 1313; baseline -0.006 -13"><span class='ocrx_word' id='word_1_153' title='bbox 2008 1258 2120 1309; x_wconf 88' lang='lat' dir='ltr'><strong>ma,</strong></span> <span class='ocrx_word' id='word_1_154' title='bbox 2164 1250 2220 1299; x_wconf 94' lang='lat' dir='ltr'><strong>et</strong></span> <span class='ocrx_word' id='word_1_155' title='bbox 2250 1255 2513 1313; x_wconf 88' lang='lat' dir='ltr'><strong>aquarum</strong></span> <span class='ocrx_word' id='word_1_156' title='bbox 2546 1240 2778 1297; x_wconf 79' lang='lat' dir='ltr'><strong>defectio</strong></span> <span class='ocrx_word' id='word_1_157' title='bbox 2823 1239 3004 1296; x_wconf 79' lang='lat' dir='ltr'><strong>futura</strong></span> <span class='ocrx_word' id='word_1_158' title='bbox 3036 1240 3377 1310; x_wconf 79' lang='lat' dir='ltr'><strong>signiﬁcatur</strong></span> <span class='ocrx_word' id='word_1_159' title='bbox 3422 1235 3588 1312; x_wconf 66' lang='grc'><strong>425</strong></span> 
     </span>
    </p>
   </div>
   <div class='ocr_carea' id='block_1_26' title="bbox 2008 1329 3588 1402">
    <p class='ocr_par' dir='ltr' id='par_1_26' title="bbox 2008 1329 3588 1402">
     <span class='ocr_line' id='line_1_26' title="bbox 2008 1329 3588 1402; baseline -0.003 -12"><span class='ocrx_word' id='word_1_160' title='bbox 2008 1350 2190 1393; x_wconf 83' lang='lat' dir='ltr'><strong>nonne</strong></span> <span class='ocrx_word' id='word_1_161' title='bbox 2222 1336 2327 1392; x_wconf 87' lang='lat' dir='ltr'><strong>hoc</strong></span> <span class='ocrx_word' id='word_1_162' title='bbox 2389 1333 2443 1388; x_wconf 91' lang='lat' dir='ltr'><strong>in</strong></span> <span class='ocrx_word' id='word_1_163' title='bbox 2476 1332 2636 1389; x_wconf 86' lang='lat' dir='ltr'><strong>nobis</strong></span> <span class='ocrx_word' id='word_1_164' title='bbox 2661 1334 2838 1402; x_wconf 67' lang='lat' dir='ltr'><strong>{modo</strong></span> <span class='ocrx_word' id='word_1_165' title='bbox 2885 1333 3209 1402; x_wconf 89' lang='lat' dir='ltr'><strong>completum</strong></span> <span class='ocrx_word' id='word_1_166' title='bbox 3257 1329 3381 1387; x_wconf 71' lang='lat' dir='ltr'><strong>est?</strong></span> <span class='ocrx_word' id='word_1_167' title='bbox 3418 1330 3588 1386; x_wconf 86' lang='lat' dir='ltr'><strong>Terra</strong></span> 
     </span>
    </p>
   </div>
   <div class='ocr_carea' id='block_1_27' title="bbox 2013 1423 3590 1496">
    <p class='ocr_par' dir='ltr' id='par_1_27' title="bbox 2013 1423 3590 1496">
     <span class='ocr_line' id='line_1_27' title="bbox 2013 1423 3590 1496; baseline -0.003 -12"><span class='ocrx_word' id='word_1_168' title='bbox 2013 1428 2160 1484; x_wconf 86' lang='lat' dir='ltr'><strong>enim</strong></span> <span class='ocrx_word' id='word_1_169' title='bbox 2207 1428 2315 1483; x_wconf 85' lang='lat' dir='ltr'><strong>hac</strong></span> <span class='ocrx_word' id='word_1_170' title='bbox 2345 1426 2597 1483; x_wconf 81' lang='lat' dir='ltr'><strong>siccitate</strong></span> <span class='ocrx_word' id='word_1_171' title='bbox 2653 1426 2892 1494; x_wconf 84' lang='lat' dir='ltr'><strong>torrida,</strong></span> <span class='ocrx_word' id='word_1_172' title='bbox 2935 1433 2993 1483; x_wconf 90' lang='lat' dir='ltr'><strong>et</strong></span> <span class='ocrx_word' id='word_1_173' title='bbox 3038 1423 3202 1482; x_wconf 88' lang='lat' dir='ltr'><strong>veluti</strong></span> <span class='ocrx_word' id='word_1_174' title='bbox 3251 1423 3590 1496; x_wconf 83' lang='lat' dir='ltr'><strong>lapidescens</strong></span> 
     </span>
    </p>
   </div>
   <div class='ocr_carea' id='block_1_28' title="bbox 2006 1517 3604 1590">
    <p class='ocr_par' dir='ltr' id='par_1_28' title="bbox 2006 1517 3604 1590">
     <span class='ocr_line' id='line_1_28' title="bbox 2006 1517 3604 1590; baseline -0.003 -14"><span class='ocrx_word' id='word_1_175' title='bbox 2006 1534 2228 1576; x_wconf 89' lang='lat' dir='ltr'><strong>omnem</strong></span> <span class='ocrx_word' id='word_1_176' title='bbox 2267 1518 2632 1590; x_wconf 81' lang='lat' dir='ltr'><strong>agricolarum</strong></span> <span class='ocrx_word' id='word_1_177' title='bbox 2675 1518 2915 1574; x_wconf 81' lang='lat' dir='ltr'><strong>laborem</strong></span> <span class='ocrx_word' id='word_1_178' title='bbox 2967 1517 3223 1574; x_wconf 79' lang='lat' dir='ltr'><strong>frustrata</strong></span> <span class='ocrx_word' id='word_1_179' title='bbox 3257 1526 3340 1571; x_wconf 84' lang='lat' dir='ltr'><strong>est</strong></span> <span class='ocrx_word' id='word_1_180' title='bbox 3365 1555 3381 1582; x_wconf 89' lang='lat'><strong>,</strong></span> <span class='ocrx_word' id='word_1_181' title='bbox 3414 1529 3604 1585; x_wconf 79' lang='lat' dir='ltr'><strong>neque</strong></span> 
     </span>
    </p>
   </div>
   <div class='ocr_carea' id='block_1_29' title="bbox 2010 1602 3589 1680">
    <p class='ocr_par' dir='ltr' id='par_1_29' title="bbox 2010 1602 3589 1680">
     <span class='ocr_line' id='line_1_29' title="bbox 2010 1602 3589 1680; baseline -0.004 -15"><span class='ocrx_word' id='word_1_182' title='bbox 2010 1611 2315 1666; x_wconf 86' lang='lat' dir='ltr'><strong>arationem</strong></span> <span class='ocrx_word' id='word_1_183' title='bbox 2394 1621 2570 1680; x_wconf 88' lang='lat' dir='ltr'><strong>neque</strong></span> <span class='ocrx_word' id='word_1_184' title='bbox 2641 1608 2938 1665; x_wconf 79' lang='lat' dir='ltr'><strong>fossionem</strong></span> <span class='ocrx_word' id='word_1_185' title='bbox 2999 1605 3316 1662; x_wconf 86' lang='lat' dir='ltr'><strong>admittens.</strong></span> <span class='ocrx_word' id='word_1_186' title='bbox 3366 1602 3589 1674; x_wconf 76' lang='lat' dir='ltr'><strong>Segetes</strong></span> 
     </span>
    </p>
   </div>
   <div class='ocr_carea' id='block_1_30' title="bbox 2006 1698 3584 1774">
    <p class='ocr_par' dir='ltr' id='par_1_30' title="bbox 2006 1698 3584 1774">
     <span class='ocr_line' id='line_1_30' title="bbox 2006 1698 3584 1774; baseline -0.002 -18"><span class='ocrx_word' id='word_1_187' title='bbox 2006 1717 2137 1759; x_wconf 89' lang='lat' dir='ltr'><strong>vero</strong></span> <span class='ocrx_word' id='word_1_188' title='bbox 2187 1702 2468 1774; x_wconf 82' lang='lat' dir='ltr'><strong>paululum</strong></span> <span class='ocrx_word' id='word_1_189' title='bbox 2517 1703 2696 1773; x_wconf 90' lang='lat' dir='ltr'><strong>primo</strong></span> <span class='ocrx_word' id='word_1_190' title='bbox 2741 1701 3114 1766; x_wconf 81' lang='lat' dir='ltr'><strong>virescentes,</strong></span> <span class='ocrx_word' id='word_1_191' title='bbox 3157 1708 3207 1754; x_wconf 85' lang='lat' dir='ltr'><strong>et</strong></span> <span class='ocrx_word' id='word_1_192' title='bbox 3260 1714 3386 1770; x_wconf 86' lang='lat' dir='ltr'><strong>spes</strong></span> <span class='ocrx_word' id='word_1_193' title='bbox 3414 1698 3584 1754; x_wconf 86' lang='lat' dir='ltr'><strong>bonas</strong></span> 
     </span>
    </p>
   </div>
   <div class='ocr_carea' id='block_1_31' title="bbox 2006 1792 3586 1867">
    <p class='ocr_par' dir='ltr' id='par_1_31' title="bbox 2006 1792 3586 1867">
     <span class='ocr_line' id='line_1_31' title="bbox 2006 1792 3586 1867; baseline -0.004 -13"><span class='ocrx_word' id='word_1_194' title='bbox 2006 1799 2394 1863; x_wconf 84' lang='lat' dir='ltr'><strong>ostendentes,</strong></span> <span class='ocrx_word' id='word_1_195' title='bbox 2444 1805 2734 1866; x_wconf 80' lang='lat' dir='ltr'><strong>antequam</strong></span> <span class='ocrx_word' id='word_1_196' title='bbox 2792 1805 3070 1867; x_wconf 87' lang='lat' dir='ltr'><strong>turgentes</strong></span> <span class='ocrx_word' id='word_1_197' title='bbox 3117 1792 3283 1864; x_wconf 61' lang='lat' dir='ltr'><strong>spicae</strong></span> <span class='ocrx_word' id='word_1_198' title='bbox 3325 1793 3586 1850; x_wconf 84' lang='lat' dir='ltr'><strong>lactesce-</strong></span> 
     </span>
    </p>
   </div>
   <div class='ocr_carea' id='block_1_32' title="bbox 315 1865 1892 1971">
    <p class='ocr_par' dir='ltr' id='par_1_32' title="bbox 315 1865 1892 1971">
     <span class='ocr_line' id='line_1_32' title="bbox 315 1865 1892 1971; baseline 0.004 -24"><span class='ocrx_word' id='word_1_199' title='bbox 315 1865 592 1964; x_wconf 39' lang='lat' dir='ltr'><strong>papM‘q,</strong></span> <span class='ocrx_word' id='word_1_200' title='bbox 627 1894 721 1950; x_wconf 78' lang='grc' dir='ltr'>καὶ</span> <span class='ocrx_word' id='word_1_201' title='bbox 753 1865 947 1969; x_wconf 59' lang='grc' dir='ltr'>ᾤχετο,</span> <span class='ocrx_word' id='word_1_202' title='bbox 980 1865 1129 1970; x_wconf 46' lang='grc' dir='ltr'>μόνη·</span> <span class='ocrx_word' id='word_1_203' title='bbox 1146 1897 1206 1952; x_wconf 82' lang='grc' dir='ltr'><strong>δέ</strong></span> <span class='ocrx_word' id='word_1_204' title='bbox 1237 1865 1541 1954; x_wconf 47' lang='grc' dir='ltr'>’λέλειπται</span> <span class='ocrx_word' id='word_1_205' title='bbox 1576 1865 1685 1954; x_wconf 73' lang='grc' dir='ltr'><strong>τῶν</strong></span> <span class='ocrx_word' id='word_1_206' title='bbox 1711 1865 1892 1971; x_wconf 57' lang='grc' dir='ltr'>ἀμπέ-</span> 
     </span>
    </p>
   </div>
   <div class='ocr_carea' id='block_1_33' title="bbox 1997 1865 3584 1971">
    <p class='ocr_par' dir='ltr' id='par_1_33' title="bbox 2003 1884 3584 1960">
     <span class='ocr_line' id='line_1_33' title="bbox 2003 1884 3584 1960; baseline -0.006 -11"><span class='ocrx_word' id='word_1_207' title='bbox 2003 1902 2164 1960; x_wconf 86' lang='lat' dir='ltr'><strong>rent,</strong></span> <span class='ocrx_word' id='word_1_208' title='bbox 2203 1892 2422 1948; x_wconf 74' lang='lat' dir='ltr'><strong>siccata:</strong></span> <span class='ocrx_word' id='word_1_209' title='bbox 2475 1899 2602 1946; x_wconf 88' lang='lat' dir='ltr'><strong>sunt</strong></span> <span class='ocrx_word' id='word_1_210' title='bbox 2630 1903 2686 1946; x_wconf 90' lang='lat' dir='ltr'><strong>et</strong></span> <span class='ocrx_word' id='word_1_211' title='bbox 2730 1891 3032 1960; x_wconf 88' lang='lat' dir='ltr'><strong>perierunt.</strong></span> <span class='ocrx_word' id='word_1_212' title='bbox 3067 1885 3192 1944; x_wconf 87' lang='lat' dir='ltr'><strong>Sola</strong></span> <span class='ocrx_word' id='word_1_213' title='bbox 3225 1901 3355 1943; x_wconf 90' lang='lat' dir='ltr'><strong>vero</strong></span> <span class='ocrx_word' id='word_1_214' title='bbox 3397 1887 3452 1940; x_wconf 87' lang='lat' dir='ltr'><strong>in</strong></span> <span class='ocrx_word' id='word_1_215' title='bbox 3498 1884 3584 1940; x_wconf 82' lang='lat' dir='ltr'><strong>vi-</strong></span> 
     </span>
    </p>
   </div>
   <div class='ocr_carea' id='block_1_34' title="bbox 311 1982 1892 2065">
    <p class='ocr_par' dir='ltr' id='par_1_34' title="bbox 311 1982 1892 2065">
     <span class='ocr_line' id='line_1_34' title="bbox 311 1982 1892 2065; baseline 0.006 -29"><span class='ocrx_word' id='word_1_216' title='bbox 311 1982 420 2038; x_wconf 87' lang='grc' dir='ltr'><strong>λων</strong></span> <span class='ocrx_word' id='word_1_217' title='bbox 458 1984 684 2038; x_wconf 73' lang='grc' dir='ltr'>καὶτῶν</span> <span class='ocrx_word' id='word_1_218' title='bbox 715 1988 900 2056; x_wconf 83' lang='grc' dir='ltr'>φυτῶν</span> <span class='ocrx_word' id='word_1_219' title='bbox 926 1990 961 2060; x_wconf 77' lang='grc' dir='ltr'>ἡ</span> <span class='ocrx_word' id='word_1_220' title='bbox 988 1988 1317 2058; x_wconf 82' lang='grc' dir='ltr'>πετάλωσις,</span> <span class='ocrx_word' id='word_1_221' title='bbox 1351 1990 1491 2062; x_wconf 83' lang='grc' dir='ltr'>τάχα</span> <span class='ocrx_word' id='word_1_222' title='bbox 1515 1990 1612 2045; x_wconf 79' lang='grc' dir='ltr'><strong>καὶ</strong></span> <span class='ocrx_word' id='word_1_223' title='bbox 1637 1991 1778 2065; x_wconf 73' lang='grc' dir='ltr'>αὑτὴ</span> <span class='ocrx_word' id='word_1_224' title='bbox 1799 1991 1892 2047; x_wconf 71' lang='grc' dir='ltr'><strong>τὸν</strong></span> 
     </span>
    </p>
   </div>
   <div class='ocr_carea' id='block_1_35' title="bbox 314 2077 1889 2157">
    <p class='ocr_par' dir='ltr' id='par_1_35' title="bbox 314 2077 1889 2157">
     <span class='ocr_line' id='line_1_35' title="bbox 314 2077 1889 2157; baseline 0.007 -28"><span class='ocrx_word' id='word_1_225' title='bbox 314 2077 438 2145; x_wconf 80' lang='grc' dir='ltr'>μετ’</span> <span class='ocrx_word' id='word_1_226' title='bbox 471 2078 656 2148; x_wconf 78' lang='grc' dir='ltr'>ὀλίγον</span> <span class='ocrx_word' id='word_1_227' title='bbox 693 2081 986 2153; x_wconf 80' lang='grc' dir='ltr'>μαρασμδν</span> <span class='ocrx_word' id='word_1_228' title='bbox 1012 2082 1436 2156; x_wconf 76' lang='grc' dir='ltr'>ὐπεμφαίνουσα</span> <span class='ocrx_word' id='word_1_229' title='bbox 1464 2084 1556 2138; x_wconf 75' lang='grc' dir='ltr'>τὸν</span> <span class='ocrx_word' id='word_1_230' title='bbox 1602 2085 1889 2157; x_wconf 80' lang='grc' dir='ltr'>ἐσόμενον.</span> 
     </span>
    </p>
   </div>
   <div class='ocr_carea' id='block_1_36' title="bbox 308 2164 1892 2249">
    <p class='ocr_par' dir='ltr' id='par_1_36' title="bbox 308 2164 1892 2249">
     <span class='ocr_line' id='line_1_36' title="bbox 308 2164 1892 2249; baseline 0.01 -32"><span class='ocrx_word' id='word_1_231' title='bbox 308 2164 568 2230; x_wconf 77' lang='grc' dir='ltr'>Τοιοῦτος</span> <span class='ocrx_word' id='word_1_232' title='bbox 595 2169 702 2222; x_wconf 86' lang='grc' dir='ltr'><strong>τῶν</strong></span> <span class='ocrx_word' id='word_1_233' title='bbox 743 2170 1031 2242; x_wconf 80' lang='grc' dir='ltr'>ἁμαρτιῶν</span> <span class='ocrx_word' id='word_1_234' title='bbox 1062 2174 1090 2227; x_wconf 87' lang='grc' dir='ltr'><strong>ό</strong></span> <span class='ocrx_word' id='word_1_235' title='bbox 1126 2176 1367 2247; x_wconf 71' lang='grc' dir='ltr'>καρπὸς,</span> <span class='ocrx_word' id='word_1_236' title='bbox 1413 2175 1644 2231; x_wconf 87' lang='grc' dir='ltr'>τοιαῦτα</span> <span class='ocrx_word' id='word_1_237' title='bbox 1682 2177 1752 2232; x_wconf 81' lang='grc' dir='ltr'>τὰ</span> <span class='ocrx_word' id='word_1_238' title='bbox 1791 2181 1892 2249; x_wconf 79' lang='grc' dir='ltr'><strong>τῆς</strong></span> 
     </span>
    </p>
   </div>
   <div class='ocr_carea' id='block_1_37' title="bbox 311 2257 1893 2338">
    <p class='ocr_par' dir='ltr' id='par_1_37' title="bbox 311 2257 1893 2338">
     <span class='ocr_line' id='line_1_37' title="bbox 311 2257 1893 2338; baseline 0.009 -28"><span class='ocrx_word' id='word_1_239' title='bbox 311 2257 512 2323; x_wconf 78' lang='grc' dir='ltr'>κακίας</span> <span class='ocrx_word' id='word_1_240' title='bbox 551 2259 820 2331; x_wconf 84' lang='grc' dir='ltr'>γεώργια.</span> <span class='ocrx_word' id='word_1_241' title='bbox 863 2263 1005 2317; x_wconf 70' lang='grc' dir='ltr'>Ἀνθ’</span> <span class='ocrx_word' id='word_1_242' title='bbox 1027 2261 1104 2318; x_wconf 82' lang='grc' dir='ltr'><strong>ὧν</strong></span> <span class='ocrx_word' id='word_1_243' title='bbox 1134 2265 1236 2321; x_wconf 83' lang='grc' dir='ltr'>οὐκ</span> <span class='ocrx_word' id='word_1_244' title='bbox 1266 2268 1648 2338; x_wconf 84' lang='grc' dir='ltr'>ἐπορεύθημεν</span> <span class='ocrx_word' id='word_1_245' title='bbox 1677 2271 1735 2323; x_wconf 73' lang='grc' dir='ltr'><strong>ἐν</strong></span> <span class='ocrx_word' id='word_1_246' title='bbox 1772 2273 1893 2336; x_wconf 76' lang='grc' dir='ltr'>ταῖς</span> 
     </span>
    </p>
   </div>
   <div class='ocr_carea' id='block_1_38' title="bbox 310 2348 1895 2434">
    <p class='ocr_par' dir='ltr' id='par_1_38' title="bbox 310 2348 1895 2434">
     <span class='ocr_line' id='line_1_38' title="bbox 310 2348 1895 2434; baseline 0.009 -33"><span class='ocrx_word' id='word_1_247' title='bbox 310 2348 448 2415; x_wconf 70' lang='grc' dir='ltr'>ὁδοῖς</span> <span class='ocrx_word' id='word_1_248' title='bbox 474 2350 703 2422; x_wconf 74' lang='grc' dir='ltr'>Κυρίου,</span> <span class='ocrx_word' id='word_1_249' title='bbox 737 2353 873 2408; x_wconf 73' lang='grc' dir='ltr'>ἀλλὰ</span> <span class='ocrx_word' id='word_1_250' title='bbox 904 2357 1029 2419; x_wconf 73' lang='grc' dir='ltr'>ταῖς</span> <span class='ocrx_word' id='word_1_251' title='bbox 1056 2359 1321 2429; x_wconf 77' lang='grc' dir='ltr'>πονηραῖς</span> <span class='ocrx_word' id='word_1_252' title='bbox 1345 2359 1725 2433; x_wconf 83' lang='grc' dir='ltr'>ἐδουλώθημεν</span> <span class='ocrx_word' id='word_1_253' title='bbox 1751 2362 1895 2434; x_wconf 76' lang='grc' dir='ltr'>πρά-</span> 
     </span>
    </p>
   </div>
   <div class='ocr_carea' id='block_1_39' title="bbox 312 2439 1895 2516">
    <p class='ocr_par' dir='ltr' id='par_1_39' title="bbox 312 2439 1895 2516">
     <span class='ocr_line' id='line_1_39' title="bbox 312 2439 1895 2516; baseline 0.01 -24"><span class='ocrx_word' id='word_1_254' title='bbox 312 2439 482 2506; x_wconf 80' lang='grc' dir='ltr'>ξεσιν,</span> <span class='ocrx_word' id='word_1_255' title='bbox 544 2442 794 2515; x_wconf 81' lang='grc' dir='ltr'>ἀλλήλων</span> <span class='ocrx_word' id='word_1_256' title='bbox 877 2446 1222 2516; x_wconf 71' lang='grc' dir='ltr'>φθονοῦντες,</span> <span class='ocrx_word' id='word_1_257' title='bbox 1285 2450 1393 2504; x_wconf 88' lang='grc' dir='ltr'><strong>τῶν</strong></span> <span class='ocrx_word' id='word_1_258' title='bbox 1448 2450 1746 2507; x_wconf 74' lang='grc' dir='ltr'>ἐλαττόνων</span> <span class='ocrx_word' id='word_1_259' title='bbox 1798 2455 1895 2508; x_wconf 83' lang='grc' dir='ltr'>καὶ</span> 
     </span>
    </p>
   </div>
   <div class='ocr_carea' id='block_1_40' title="bbox 312 2536 1892 2619">
    <p class='ocr_par' dir='ltr' id='par_1_40' title="bbox 312 2536 1892 2619">
     <span class='ocr_line' id='line_1_40' title="bbox 312 2536 1892 2619; baseline 0.008 -31"><span class='ocrx_word' id='word_1_260' title='bbox 312 2536 662 2608; x_wconf 79' lang='grc' dir='ltr'>πενεστέρων</span> <span class='ocrx_word' id='word_1_261' title='bbox 717 2539 1210 2612; x_wconf 82' lang='grc' dir='ltr'>κατεπαιρὸμενοι,</span> <span class='ocrx_word' id='word_1_262' title='bbox 1268 2541 1672 2613; x_wconf 76' lang='grc' dir='ltr'>ἐπιθυμοῦντες</span> <span class='ocrx_word' id='word_1_263' title='bbox 1727 2563 1892 2619; x_wconf 74' lang='grc' dir='ltr'>κορεσ</span> 
     </span>
    </p>
   </div>
   <div class='ocr_carea' id='block_1_41' title="bbox 310 2627 1890 2708">
    <p class='ocr_par' dir='ltr' id='par_1_41' title="bbox 310 2627 1890 2708">
     <span class='ocr_line' id='line_1_41' title="bbox 310 2627 1890 2708; baseline 0.008 -28"><span class='ocrx_word' id='word_1_264' title='bbox 310 2627 505 2698; x_wconf 79' lang='grc' dir='ltr'>σθῆναι</span> <span class='ocrx_word' id='word_1_265' title='bbox 544 2627 654 2682; x_wconf 82' lang='grc' dir='ltr'><strong>τῶν</strong></span> <span class='ocrx_word' id='word_1_266' title='bbox 678 2629 998 2698; x_wconf 79' lang='grc' dir='ltr'>ἀλλοτρίων,</span> <span class='ocrx_word' id='word_1_267' title='bbox 1025 2632 1312 2702; x_wconf 81' lang='grc' dir='ltr'>χαίροντες</span> <span class='ocrx_word' id='word_1_268' title='bbox 1339 2637 1405 2705; x_wconf 81' lang='grc' dir='ltr'><strong>τῇ</strong></span> <span class='ocrx_word' id='word_1_269' title='bbox 1451 2635 1768 2708; x_wconf 82' lang='grc' dir='ltr'>δυσπραγίᾳ</span> <span class='ocrx_word' id='word_1_270' title='bbox 1794 2638 1890 2693; x_wconf 83' lang='grc' dir='ltr'><strong>τοῦ</strong></span> 
     </span>
    </p>
   </div>
   <div class='ocr_carea' id='block_1_42' title="bbox 307 2713 1887 2801">
    <p class='ocr_par' dir='ltr' id='par_1_42' title="bbox 307 2713 1887 2801">
     <span class='ocr_line' id='line_1_42' title="bbox 307 2713 1887 2801; baseline 0.011 -36"><span class='ocrx_word' id='word_1_271' title='bbox 307 2713 572 2781; x_wconf 82' lang='grc' dir='ltr'>γείτονος,</span> <span class='ocrx_word' id='word_1_272' title='bbox 623 2715 885 2788; x_wconf 76' lang='grc' dir='ltr'>ἀλλήλους</span> <span class='ocrx_word' id='word_1_273' title='bbox 945 2721 1325 2786; x_wconf 82' lang='grc' dir='ltr'>κατεσθίοντες</span> <span class='ocrx_word' id='word_1_274' title='bbox 1379 2726 1446 2796; x_wconf 78' lang='grc' dir='ltr'>τῇ</span> <span class='ocrx_word' id='word_1_275' title='bbox 1519 2726 1887 2801; x_wconf 74' lang='grc' dir='ltr'>συκοφαντίᾳ,</span> 
     </span>
    </p>
   </div>
   <div class='ocr_carea' id='block_1_43' title="bbox 312 2806 1892 2890">
    <p class='ocr_par' dir='ltr' id='par_1_43' title="bbox 312 2806 1892 2890">
     <span class='ocr_line' id='line_1_43' title="bbox 312 2806 1892 2890; baseline 0.011 -33"><span class='ocrx_word' id='word_1_276' title='bbox 312 2807 540 2868; x_wconf 83' lang='grc' dir='ltr'>ἀτόποις</span> <span class='ocrx_word' id='word_1_277' title='bbox 585 2806 903 2879; x_wconf 73' lang='grc' dir='ltr'>ἐπιθυμίαις</span> <span class='ocrx_word' id='word_1_278' title='bbox 946 2811 1478 2886; x_wconf 62' lang='grc' dir='ltr'>δουΜγωγούιιενοι,</span> <span class='ocrx_word' id='word_1_279' title='bbox 1515 2817 1674 2872; x_wconf 84' lang='grc' dir='ltr'>ἵπποι</span> <span class='ocrx_word' id='word_1_280' title='bbox 1722 2820 1892 2890; x_wconf 83' lang='grc' dir='ltr'>θηλυ-</span> 
     </span>
    </p>
   </div>
   <div class='ocr_carea' id='block_1_44' title="bbox 318 2902 1894 2986">
    <p class='ocr_par' dir='ltr' id='par_1_44' title="bbox 318 2902 1894 2986">
     <span class='ocr_line' id='line_1_44' title="bbox 318 2902 1894 2986; baseline 0.013 -37"><span class='ocrx_word' id='word_1_281' title='bbox 318 2902 508 2966; x_wconf 85' lang='grc' dir='ltr'>μανείς</span> <span class='ocrx_word' id='word_1_282' title='bbox 547 2902 854 2970; x_wconf 85' lang='grc' dir='ltr'>γεγονότες,</span> <span class='ocrx_word' id='word_1_283' title='bbox 885 2903 914 2959; x_wconf 79' lang='grc' dir='ltr'>δ</span> <span class='ocrx_word' id='word_1_284' title='bbox 946 2923 1114 2976; x_wconf 80' lang='grc' dir='ltr'>φησιν</span> <span class='ocrx_word' id='word_1_285' title='bbox 1144 2908 1177 2979; x_wconf 80' lang='grc' dir='ltr'>ἡ</span> <span class='ocrx_word' id='word_1_286' title='bbox 1210 2907 1423 2981; x_wconf 78' lang='grc' dir='ltr'>Γραφή,</span> <span class='ocrx_word' id='word_1_287' title='bbox 1458 2909 1552 2966; x_wconf 72' lang='grc' dir='ltr'>καὶ</span> <span class='ocrx_word' id='word_1_288' title='bbox 1595 2912 1749 2967; x_wconf 81' lang='grc' dir='ltr'>λύκοι</span> <span class='ocrx_word' id='word_1_289' title='bbox 1791 2914 1894 2986; x_wconf 76' lang='grc' dir='ltr'><strong>ἆρ-</strong></span> 
     </span>
    </p>
   </div>
   <div class='ocr_carea' id='block_1_45' title="bbox 313 2989 1892 3072">
    <p class='ocr_par' dir='ltr' id='par_1_45' title="bbox 313 2989 1892 3072">
     <span class='ocr_line' id='line_1_45' title="bbox 313 2989 1892 3072; baseline 0.012 -31"><span class='ocrx_word' id='word_1_290' title='bbox 313 3004 511 3057; x_wconf 88' lang='grc' dir='ltr'>παγες.</span> <span class='ocrx_word' id='word_1_291' title='bbox 537 2989 634 3045; x_wconf 74' lang='grc' dir='ltr'>καὶ</span> <span class='ocrx_word' id='word_1_292' title='bbox 657 2994 1127 3063; x_wconf 70' lang='grc' dir='ltr'>μνησικακοῦντες</span> <span class='ocrx_word' id='word_1_293' title='bbox 1172 2997 1248 3063; x_wconf 79' lang='grc' dir='ltr'><strong>ὡς</strong></span> <span class='ocrx_word' id='word_1_294' title='bbox 1269 3000 1533 3072; x_wconf 83' lang='grc' dir='ltr'>κάμηλοι,</span> <span class='ocrx_word' id='word_1_295' title='bbox 1557 3003 1660 3058; x_wconf 82' lang='grc' dir='ltr'>οὐκ</span> <span class='ocrx_word' id='word_1_296' title='bbox 1674 3005 1892 3060; x_wconf 81' lang='grc' dir='ltr'>ἐλεοῦν-</span> 
     </span>
    </p>
   </div>
   <div class='ocr_carea' id='block_1_46' title="bbox 312 3081 1888 3166">
    <p class='ocr_par' dir='ltr' id='par_1_46' title="bbox 312 3081 1888 3166">
     <span class='ocr_line' id='line_1_46' title="bbox 312 3081 1888 3166; baseline 0.011 -34"><span class='ocrx_word' id='word_1_297' title='bbox 312 3097 406 3144; x_wconf 87' lang='grc' dir='ltr'><strong>τες</strong></span> <span class='ocrx_word' id='word_1_298' title='bbox 441 3081 573 3144; x_wconf 82' lang='grc' dir='ltr'>τοὺς</span> <span class='ocrx_word' id='word_1_299' title='bbox 604 3083 862 3156; x_wconf 82' lang='grc' dir='ltr'>πένητας,</span> <span class='ocrx_word' id='word_1_300' title='bbox 899 3089 962 3141; x_wconf 83' lang='grc' dir='ltr'>οὐ</span> <span class='ocrx_word' id='word_1_301' title='bbox 989 3089 1405 3159; x_wconf 81' lang='grc' dir='ltr'>συμπαθοῦντες</span> <span class='ocrx_word' id='word_1_302' title='bbox 1432 3095 1546 3158; x_wconf 76' lang='grc' dir='ltr'>τοῖς</span> <span class='ocrx_word' id='word_1_303' title='bbox 1573 3095 1888 3166; x_wconf 85' lang='grc' dir='ltr'>πταίουσιν,</span> 
     </span>
    </p>
   </div>
   <div class='ocr_carea' id='block_1_47' title="bbox 1995 1979 3587 2052">
    <p class='ocr_par' dir='ltr' id='par_1_47' title="bbox 1995 1979 3587 2052">
     <span class='ocr_line' id='line_1_47' title="bbox 1995 1979 3587 2052; baseline -0.007 -9"><span class='ocrx_word' id='word_1_304' title='bbox 1995 1988 2142 2043; x_wconf 84' lang='lat' dir='ltr'><strong>netis</strong></span> <span class='ocrx_word' id='word_1_305' title='bbox 2179 1995 2234 2040; x_wconf 95' lang='lat' dir='ltr'><strong>et</strong></span> <span class='ocrx_word' id='word_1_306' title='bbox 2281 1985 2518 2039; x_wconf 83' lang='lat' dir='ltr'><strong>arbustis</strong></span> <span class='ocrx_word' id='word_1_307' title='bbox 2579 1983 2828 2039; x_wconf 81' lang='lat' dir='ltr'><strong>foliorum</strong></span> <span class='ocrx_word' id='word_1_308' title='bbox 2871 1981 3209 2052; x_wconf 83' lang='lat' dir='ltr'><strong>operimenta</strong></span> <span class='ocrx_word' id='word_1_309' title='bbox 3240 1979 3429 2035; x_wconf 87' lang='lat' dir='ltr'><strong>relicta</strong></span> <span class='ocrx_word' id='word_1_310' title='bbox 3459 1987 3587 2034; x_wconf 86' lang='lat' dir='ltr'><strong>sunt</strong></span> 
     </span>
    </p>
   </div>
   <div class='ocr_carea' id='block_1_48' title="bbox 1995 2073 3584 2152">
    <p class='ocr_par' dir='ltr' id='par_1_48' title="bbox 1995 2073 3584 2152">
     <span class='ocr_line' id='line_1_48' title="bbox 1995 2073 3584 2152; baseline -0.004 -18"><span class='ocrx_word' id='word_1_311' title='bbox 1995 2095 2115 2152; x_wconf 75' lang='lat' dir='ltr'><strong>quae</strong></span> <span class='ocrx_word' id='word_1_312' title='bbox 2186 2079 2352 2134; x_wconf 87' lang='lat' dir='ltr'><strong>etiam</strong></span> <span class='ocrx_word' id='word_1_313' title='bbox 2397 2077 2512 2148; x_wconf 88' lang='lat' dir='ltr'><strong>ipsa</strong></span> <span class='ocrx_word' id='word_1_314' title='bbox 2571 2090 2875 2131; x_wconf 86' lang='lat' dir='ltr'><strong>marcorem</strong></span> <span class='ocrx_word' id='word_1_315' title='bbox 2921 2073 3145 2144; x_wconf 78' lang='lat' dir='ltr'><strong>jarvjam</strong></span> <span class='ocrx_word' id='word_1_316' title='bbox 3200 2076 3302 2130; x_wconf 86' lang='lat' dir='ltr'><strong>sibi</strong></span> <span class='ocrx_word' id='word_1_317' title='bbox 3346 2073 3584 2128; x_wconf 79' lang='lat' dir='ltr'><strong>futurum</strong></span> 
     </span>
    </p>
   </div>
   <div class='ocr_carea' id='block_1_49' title="bbox 1992 2164 3586 2238">
    <p class='ocr_par' dir='ltr' id='par_1_49' title="bbox 1992 2164 3586 2238">
     <span class='ocr_line' id='line_1_49' title="bbox 1992 2164 3586 2238; baseline -0.006 -10"><span class='ocrx_word' id='word_1_318' title='bbox 1992 2171 2287 2228; x_wconf 84' lang='lat' dir='ltr'><strong>ostendunt</strong></span> <span class='ocrx_word' id='word_1_319' title='bbox 2309 2168 2475 2238; x_wconf 67' lang='lat' dir='ltr'><strong>:italis</strong></span> <span class='ocrx_word' id='word_1_320' title='bbox 2502 2179 2584 2224; x_wconf 89' lang='lat' dir='ltr'><strong>est</strong></span> <span class='ocrx_word' id='word_1_321' title='bbox 2602 2177 2946 2237; x_wconf 87' lang='lat' dir='ltr'><strong>peccatorum</strong></span> <span class='ocrx_word' id='word_1_322' title='bbox 2979 2166 3208 2232; x_wconf 88' lang='lat' dir='ltr'><strong>lructns,</strong></span> <span class='ocrx_word' id='word_1_323' title='bbox 3234 2164 3358 2222; x_wconf 86' lang='lat' dir='ltr'><strong>talis</strong></span> <span class='ocrx_word' id='word_1_324' title='bbox 3384 2165 3586 2236; x_wconf 79' lang='lat' dir='ltr'><strong>impro-</strong></span> 
     </span>
    </p>
   </div>
   <div class='ocr_carea' id='block_1_50' title="bbox 1994 2256 3583 2334">
    <p class='ocr_par' dir='ltr' id='par_1_50' title="bbox 1994 2256 3583 2334">
     <span class='ocr_line' id='line_1_50' title="bbox 1994 2256 3583 2334; baseline -0.006 -13"><span class='ocrx_word' id='word_1_325' title='bbox 1994 2263 2188 2321; x_wconf 82' lang='lat' dir='ltr'><strong>bitatis</strong></span> <span class='ocrx_word' id='word_1_326' title='bbox 2217 2261 2570 2334; x_wconf 74' lang='lat' dir='ltr'><strong>agricultura.</strong></span> <span class='ocrx_word' id='word_1_327' title='bbox 2624 2258 2702 2314; x_wconf 85' lang='lat' dir='ltr'><strong>Eo</strong></span> <span class='ocrx_word' id='word_1_328' title='bbox 2745 2260 2892 2330; x_wconf 88' lang='lat' dir='ltr'><strong>quod</strong></span> <span class='ocrx_word' id='word_1_329' title='bbox 2942 2261 2996 2314; x_wconf 91' lang='lat' dir='ltr'><strong>in</strong></span> <span class='ocrx_word' id='word_1_330' title='bbox 3047 2259 3148 2313; x_wconf 86' lang='lat' dir='ltr'><strong>viis</strong></span> <span class='ocrx_word' id='word_1_331' title='bbox 3202 2256 3417 2313; x_wconf 87' lang='lat' dir='ltr'><strong>Domini</strong></span> <span class='ocrx_word' id='word_1_332' title='bbox 3477 2273 3583 2311; x_wconf 90' lang='lat' dir='ltr'><strong>non</strong></span> 
     </span>
    </p>
   </div>
   <div class='ocr_carea' id='block_1_51' title="bbox 1995 2350 3586 2424">
    <p class='ocr_par' dir='ltr' id='par_1_51' title="bbox 1995 2350 3586 2424">
     <span class='ocr_line' id='line_1_51' title="bbox 1995 2350 3586 2424; baseline -0.006 -12"><span class='ocrx_word' id='word_1_333' title='bbox 1995 2355 2399 2412; x_wconf 84' lang='lat' dir='ltr'><strong>smbnlavimus</strong></span> <span class='ocrx_word' id='word_1_334' title='bbox 2423 2394 2438 2420; x_wconf 94' lang='lat'><strong>,</strong></span> <span class='ocrx_word' id='word_1_335' title='bbox 2468 2355 2560 2410; x_wconf 82' lang='lat' dir='ltr'><strong>sed</strong></span> <span class='ocrx_word' id='word_1_336' title='bbox 2595 2355 2752 2410; x_wconf 84' lang='lat' dir='ltr'><strong>malis</strong></span> <span class='ocrx_word' id='word_1_337' title='bbox 2795 2353 3054 2424; x_wconf 85' lang='lat' dir='ltr'><strong>operibus</strong></span> <span class='ocrx_word' id='word_1_338' title='bbox 3114 2353 3413 2423; x_wconf 82' lang='lat' dir='ltr'><strong>mancipati</strong></span> <span class='ocrx_word' id='word_1_339' title='bbox 3475 2350 3586 2405; x_wconf 85' lang='lat' dir='ltr'><strong>lui-</strong></span> 
     </span>
    </p>
   </div>
   <div class='ocr_carea' id='block_1_52' title="bbox 1996 2446 3588 2515">
    <p class='ocr_par' dir='ltr' id='par_1_52' title="bbox 1996 2446 3588 2515">
     <span class='ocr_line' id='line_1_52' title="bbox 1996 2446 3588 2515; baseline -0.004 -10"><span class='ocrx_word' id='word_1_340' title='bbox 1996 2465 2118 2505; x_wconf 86' lang='lat' dir='ltr'><strong>mus</strong></span> <span class='ocrx_word' id='word_1_341' title='bbox 2154 2447 2391 2504; x_wconf 91' lang='lat' dir='ltr'><strong>invicem</strong></span> <span class='ocrx_word' id='word_1_342' title='bbox 2447 2446 2792 2513; x_wconf 88' lang='lat' dir='ltr'><strong>invidentes,</strong></span> <span class='ocrx_word' id='word_1_343' title='bbox 2823 2446 2878 2501; x_wconf 89' lang='lat' dir='ltr'><strong>in</strong></span> <span class='ocrx_word' id='word_1_344' title='bbox 2944 2447 3160 2500; x_wconf 82' lang='lat' dir='ltr'><strong>inlinios</strong></span> <span class='ocrx_word' id='word_1_345' title='bbox 3213 2456 3267 2502; x_wconf 91' lang='lat' dir='ltr'><strong>et</strong></span> <span class='ocrx_word' id='word_1_346' title='bbox 3320 2459 3588 2515; x_wconf 83' lang='lat' dir='ltr'><strong>pauperes</strong></span> 
     </span>
    </p>
   </div>
   <div class='ocr_carea' id='block_1_53' title="bbox 1996 2540 3587 2614">
    <p class='ocr_par' dir='ltr' id='par_1_53' title="bbox 1996 2540 3587 2614">
     <span class='ocr_line' id='line_1_53' title="bbox 1996 2540 3587 2614; baseline -0.004 -14"><span class='ocrx_word' id='word_1_347' title='bbox 1996 2543 2377 2614; x_wconf 90' lang='lat' dir='ltr'><strong>superbientes</strong></span> <span class='ocrx_word' id='word_1_348' title='bbox 2403 2583 2418 2610; x_wconf 95' lang='lat'><strong>,</strong></span> <span class='ocrx_word' id='word_1_349' title='bbox 2477 2541 2674 2596; x_wconf 88' lang='lat' dir='ltr'><strong>alienis</strong></span> <span class='ocrx_word' id='word_1_350' title='bbox 2719 2541 2878 2596; x_wconf 88' lang='lat' dir='ltr'><strong>rebus</strong></span> <span class='ocrx_word' id='word_1_351' title='bbox 2906 2541 3162 2596; x_wconf 72' lang='lat' dir='ltr'><strong>exsatiari</strong></span> <span class='ocrx_word' id='word_1_352' title='bbox 3198 2540 3587 2608; x_wconf 85' lang='lat' dir='ltr'><strong>concupiscen-</strong></span> 
     </span>
    </p>
   </div>
   <div class='ocr_carea' id='block_1_54' title="bbox 1996 2631 3586 2708">
    <p class='ocr_par' dir='ltr' id='par_1_54' title="bbox 1996 2631 3586 2708">
     <span class='ocr_line' id='line_1_54' title="bbox 1996 2631 3586 2708; baseline -0.003 -16"><span class='ocrx_word' id='word_1_353' title='bbox 1996 2645 2081 2693; x_wconf 90' lang='lat' dir='ltr'><strong>tes</strong></span> <span class='ocrx_word' id='word_1_354' title='bbox 2104 2676 2120 2701; x_wconf 89' lang='lat'><strong>,</strong></span> <span class='ocrx_word' id='word_1_355' title='bbox 2157 2634 2327 2708; x_wconf 82' lang='lat' dir='ltr'><strong>rebus</strong></span> <span class='ocrx_word' id='word_1_356' title='bbox 2351 2633 2602 2690; x_wconf 76' lang='lat' dir='ltr'><strong>adversis</strong></span> <span class='ocrx_word' id='word_1_357' title='bbox 2629 2631 2794 2688; x_wconf 86' lang='lat' dir='ltr'><strong>vicini</strong></span> <span class='ocrx_word' id='word_1_358' title='bbox 2824 2633 3125 2704; x_wconf 72' lang='lat' dir='ltr'><strong>gaudentes</strong></span> <span class='ocrx_word' id='word_1_359' title='bbox 3149 2673 3166 2698; x_wconf 89' lang='lat'><strong>,</strong></span> <span class='ocrx_word' id='word_1_360' title='bbox 3199 2631 3335 2687; x_wconf 86' lang='lat' dir='ltr'><strong>alios</strong></span> <span class='ocrx_word' id='word_1_361' title='bbox 3365 2632 3454 2686; x_wconf 88' lang='lat' dir='ltr'><strong>alii</strong></span> <span class='ocrx_word' id='word_1_362' title='bbox 3491 2647 3586 2689; x_wconf 80' lang='lat' dir='ltr'><strong>ca-</strong></span> 
     </span>
    </p>
   </div>
   <div class='ocr_carea' id='block_1_55' title="bbox 1993 2723 3589 2797">
    <p class='ocr_par' dir='ltr' id='par_1_55' title="bbox 1993 2723 3589 2797">
     <span class='ocr_line' id='line_1_55' title="bbox 1993 2723 3589 2797; baseline 0 -15"><span class='ocrx_word' id='word_1_363' title='bbox 1993 2726 2217 2784; x_wconf 89' lang='lat' dir='ltr'><strong>lumniis</strong></span> <span class='ocrx_word' id='word_1_364' title='bbox 2237 2726 2609 2791; x_wconf 88' lang='lat' dir='ltr'><strong>comedentes,</strong></span> <span class='ocrx_word' id='word_1_365' title='bbox 2624 2723 2878 2782; x_wconf 81' lang='lat' dir='ltr'><strong>absurdis</strong></span> <span class='ocrx_word' id='word_1_366' title='bbox 2895 2725 3279 2794; x_wconf 80' lang='lat' dir='ltr'><strong>cupiditatibus</strong></span> <span class='ocrx_word' id='word_1_367' title='bbox 3301 2725 3589 2797; x_wconf 68' lang='lat' dir='ltr'><strong>(13)obse-</strong></span> 
     </span>
    </p>
   </div>
   <div class='ocr_carea' id='block_1_56' title="bbox 1993 2816 3584 2893">
    <p class='ocr_par' dir='ltr' id='par_1_56' title="bbox 1993 2816 3584 2893">
     <span class='ocr_line' id='line_1_56' title="bbox 1993 2816 3584 2893; baseline 0.001 -20"><span class='ocrx_word' id='word_1_368' title='bbox 1993 2832 2260 2893; x_wconf 86' lang='lat' dir='ltr'><strong>quentes,</strong></span> <span class='ocrx_word' id='word_1_369' title='bbox 2291 2818 2413 2891; x_wconf 88' lang='lat' dir='ltr'><strong>equi</strong></span> <span class='ocrx_word' id='word_1_370' title='bbox 2457 2817 2697 2874; x_wconf 77' lang='lat' dir='ltr'><strong>furentes</strong></span> <span class='ocrx_word' id='word_1_371' title='bbox 2749 2818 2804 2874; x_wconf 91' lang='lat' dir='ltr'><strong>in</strong></span> <span class='ocrx_word' id='word_1_372' title='bbox 2853 2816 3091 2876; x_wconf 79' lang='lat' dir='ltr'><strong>feminas</strong></span> <span class='ocrx_word' id='word_1_373' title='bbox 3150 2817 3280 2874; x_wconf 79' lang='lat' dir='ltr'><strong>lacti</strong></span> <span class='ocrx_word' id='word_1_374' title='bbox 3333 2818 3471 2891; x_wconf 71' lang='grc' dir='ltr'>(ιι),</span> <span class='ocrx_word' id='word_1_375' title='bbox 3523 2827 3584 2874; x_wconf 90' lang='lat' dir='ltr'><strong>ut</strong></span> 
     </span>
    </p>
   </div>
   <div class='ocr_carea' id='block_1_57' title="bbox 1985 2917 3586 2990">
    <p class='ocr_par' dir='ltr' id='par_1_57' title="bbox 1985 2917 3586 2990">
     <span class='ocr_line' id='line_1_57' title="bbox 1985 2917 3586 2990; baseline 0 -13"><span class='ocrx_word' id='word_1_376' title='bbox 1985 2921 2079 2977; x_wconf 86' lang='lat' dir='ltr'><strong>ait</strong></span> <span class='ocrx_word' id='word_1_377' title='bbox 2111 2918 2396 2988; x_wconf 87' lang='lat' dir='ltr'><strong>Scriptura</strong></span> <span class='ocrx_word' id='word_1_378' title='bbox 2435 2918 2508 2987; x_wconf 81' lang='lat'><strong>&quot;,</strong></span> <span class='ocrx_word' id='word_1_379' title='bbox 2537 2925 2593 2973; x_wconf 91' lang='lat' dir='ltr'><strong>et</strong></span> <span class='ocrx_word' id='word_1_380' title='bbox 2630 2917 2743 2989; x_wconf 88' lang='lat' dir='ltr'><strong>lupi</strong></span> <span class='ocrx_word' id='word_1_381' title='bbox 2789 2931 3014 2990; x_wconf 86' lang='lat' dir='ltr'><strong>rapaces</strong></span> <span class='ocrx_word' id='word_1_382' title='bbox 3040 2956 3055 2983; x_wconf 91' lang='lat'><strong>,</strong></span> <span class='ocrx_word' id='word_1_383' title='bbox 3101 2926 3157 2974; x_wconf 84' lang='lat' dir='ltr'><strong>et</strong></span> <span class='ocrx_word' id='word_1_384' title='bbox 3209 2918 3348 2973; x_wconf 85' lang='lat' dir='ltr'><strong>sicut</strong></span> <span class='ocrx_word' id='word_1_385' title='bbox 3394 2918 3586 2977; x_wconf 87' lang='lat' dir='ltr'><strong>cameli</strong></span> 
     </span>
    </p>
   </div>
   <div class='ocr_carea' id='block_1_58' title="bbox 1995 3009 3571 3082">
    <p class='ocr_par' dir='ltr' id='par_1_58' title="bbox 1995 3009 3571 3082">
     <span class='ocr_line' id='line_1_58' title="bbox 1995 3009 3571 3082; baseline 0 -16"><span class='ocrx_word' id='word_1_386' title='bbox 1995 3026 2266 3068; x_wconf 84' lang='lat' dir='ltr'><strong>memores</strong></span> <span class='ocrx_word' id='word_1_387' title='bbox 2316 3011 2635 3082; x_wconf 69' lang='lat' dir='ltr'><strong>iniuriarum</strong></span> <span class='ocrx_word' id='word_1_388' title='bbox 2680 3009 2839 3081; x_wconf 80' lang='lat' dir='ltr'><strong>(ib),</strong></span> <span class='ocrx_word' id='word_1_389' title='bbox 2886 3010 3028 3066; x_wconf 80' lang='lat' dir='ltr'><strong>nulla</strong></span> <span class='ocrx_word' id='word_1_390' title='bbox 3083 3025 3210 3081; x_wconf 85' lang='lat' dir='ltr'><strong>erga</strong></span> <span class='ocrx_word' id='word_1_391' title='bbox 3269 3025 3571 3081; x_wconf 86' lang='lat' dir='ltr'><strong>pauperes,</strong></span> 
     </span>
    </p>
   </div>
   <div class='ocr_carea' id='block_1_59' title="bbox 1994 3102 3576 3174">
    <p class='ocr_par' dir='ltr' id='par_1_59' title="bbox 1994 3102 3576 3174">
     <span class='ocr_line' id='line_1_59' title="bbox 1994 3102 3576 3174; baseline -0.002 -14"><span class='ocrx_word' id='word_1_392' title='bbox 1994 3103 2141 3161; x_wconf 88' lang='lat' dir='ltr'><strong>nulla</strong></span> <span class='ocrx_word' id='word_1_393' title='bbox 2233 3118 2360 3174; x_wconf 79' lang='lat' dir='ltr'><strong>erga</strong></span> <span class='ocrx_word' id='word_1_394' title='bbox 2475 3112 2767 3172; x_wconf 84' lang='lat' dir='ltr'><strong>peccantes</strong></span> <span class='ocrx_word' id='word_1_395' title='bbox 2865 3102 3339 3159; x_wconf 88' lang='lat' dir='ltr'><strong>commiseratione</strong></span> <span class='ocrx_word' id='word_1_396' title='bbox 3400 3103 3576 3168; x_wconf 81' lang='lat' dir='ltr'><strong>tacti,</strong></span> 
     </span>
    </p>
   </div>
   <div class='ocr_carea' id='block_1_60' title="bbox 313 3173 1892 3278">
    <p class='ocr_par' dir='ltr' id='par_1_60' title="bbox 313 3173 1890 3278">
     <span class='ocr_line' id='line_1_60' title="bbox 313 3173 1890 3278; baseline 0.013 -54"><span class='ocrx_word' id='word_1_397' title='bbox 313 3173 650 3278; x_wconf 64' lang='grc' dir='ltr'>ἀμελοῦντες</span> <span class='ocrx_word' id='word_1_398' title='bbox 690 3177 800 3231; x_wconf 90' lang='grc' dir='ltr'><strong>τῶν</strong></span> <span class='ocrx_word' id='word_1_399' title='bbox 845 3180 905 3234; x_wconf 80' lang='grc' dir='ltr'><strong>ἐν</strong></span> <span class='ocrx_word' id='word_1_400' title='bbox 940 3183 1008 3252; x_wconf 80' lang='grc' dir='ltr'>τῇ</span> <span class='ocrx_word' id='word_1_401' title='bbox 1055 3181 1360 3256; x_wconf 74' lang='grc' dir='ltr'>Ἐκκλησία</span> <span class='ocrx_word' id='word_1_402' title='bbox 1389 3184 1687 3252; x_wconf 79' lang='grc' dir='ltr'>συνάξεων,</span> <span class='ocrx_word' id='word_1_403' title='bbox 1716 3205 1890 3244; x_wconf 79' lang='grc' dir='ltr'>καταο</span> 
     </span>
    </p>
   </div>
   <div class='ocr_carea' id='block_1_61' title="bbox 1997 3173 3574 3278">
    <p class='ocr_par' dir='ltr' id='par_1_61' title="bbox 2004 3193 3574 3268">
     <span class='ocr_line' id='line_1_61' title="bbox 2004 3193 3574 3268; baseline -0.001 -18"><span class='ocrx_word' id='word_1_404' title='bbox 2004 3211 2191 3251; x_wconf 88' lang='lat' dir='ltr'><strong>sacras</strong></span> <span class='ocrx_word' id='word_1_405' title='bbox 2269 3209 2501 3268; x_wconf 70' lang='lat' dir='ltr'><strong>synaaes</strong></span> <span class='ocrx_word' id='word_1_406' title='bbox 2589 3193 2846 3250; x_wconf 77' lang='lat' dir='ltr'><strong>Ecclesia:</strong></span> <span class='ocrx_word' id='word_1_407' title='bbox 2904 3194 3277 3264; x_wconf 83' lang='lat' dir='ltr'><strong>negligentes,</strong></span> <span class='ocrx_word' id='word_1_408' title='bbox 3354 3201 3574 3251; x_wconf 86' lang='lat' dir='ltr'><strong>sanctos</strong></span> 
     </span>
    </p>
   </div>
   <div class='ocr_carea' id='block_1_62' title="bbox 313 3269 1892 3360">
    <p class='ocr_par' dir='ltr' id='par_1_62' title="bbox 313 3269 1884 3353">
     <span class='ocr_line' id='line_1_62' title="bbox 313 3269 1884 3353; baseline 0.011 -35"><span class='ocrx_word' id='word_1_409' title='bbox 313 3269 636 3337; x_wconf 79' lang='grc' dir='ltr'>φρονοῦντες</span> <span class='ocrx_word' id='word_1_410' title='bbox 665 3269 771 3326; x_wconf 87' lang='grc' dir='ltr'><strong>τῶν</strong></span> <span class='ocrx_word' id='word_1_411' title='bbox 795 3273 1109 3342; x_wconf 77' lang='grc' dir='ltr'>ἁγίων,τάς</span> <span class='ocrx_word' id='word_1_412' title='bbox 1141 3277 1366 3348; x_wconf 83' lang='grc' dir='ltr'>μνήμας</span> <span class='ocrx_word' id='word_1_413' title='bbox 1393 3277 1579 3332; x_wconf 74' lang='grc' dir='ltr'>αὐτῶν</span> <span class='ocrx_word' id='word_1_414' title='bbox 1615 3280 1691 3353; x_wconf 84' lang='grc' dir='ltr'>μὴ</span> <span class='ocrx_word' id='word_1_415' title='bbox 1725 3282 1884 3336; x_wconf 69' lang='lat' dir='ltr'><strong>tri-:66-</strong></span> 
     </span>
    </p>
   </div>
   <div class='ocr_carea' id='block_1_63' title="bbox 1997 3269 3584 3360">
    <p class='ocr_par' dir='ltr' id='par_1_63' title="bbox 1997 3289 3584 3360">
     <span class='ocr_line' id='line_1_63' title="bbox 1997 3289 3584 3360; baseline -0.003 -14"><span class='ocrx_word' id='word_1_416' title='bbox 1997 3298 2451 3354; x_wconf 84' lang='lat' dir='ltr'><strong>contemnentes,</strong></span> <span class='ocrx_word' id='word_1_417' title='bbox 2505 3302 2802 3360; x_wconf 81' lang='lat' dir='ltr'><strong>eorumque</strong></span> <span class='ocrx_word' id='word_1_418' title='bbox 2847 3289 3136 3345; x_wconf 85' lang='lat' dir='ltr'><strong>memorias</strong></span> <span class='ocrx_word' id='word_1_419' title='bbox 3204 3289 3430 3343; x_wconf 88' lang='lat' dir='ltr'><strong>minime</strong></span> <span class='ocrx_word' id='word_1_420' title='bbox 3486 3301 3584 3342; x_wconf 87' lang='lat' dir='ltr'><strong>co-</strong></span> 
     </span>
    </p>
   </div>
   <div class='ocr_carea' id='block_1_64' title="bbox 310 3361 1888 3448">
    <p class='ocr_par' dir='ltr' id='par_1_64' title="bbox 310 3361 1888 3448">
     <span class='ocr_line' id='line_1_64' title="bbox 310 3361 1888 3448; baseline 0.011 -35"><span class='ocrx_word' id='word_1_421' title='bbox 310 3376 488 3443; x_wconf 78' lang='grc' dir='ltr'>μενοι,</span> <span class='ocrx_word' id='word_1_422' title='bbox 521 3361 818 3431; x_wconf 78' lang='grc' dir='ltr'>φεύγοντες</span> <span class='ocrx_word' id='word_1_423' title='bbox 857 3365 963 3436; x_wconf 78' lang='grc' dir='ltr'>τὴν</span> <span class='ocrx_word' id='word_1_424' title='bbox 1008 3366 1641 3445; x_wconf 75' lang='grc' dir='ltr'>ἐξομολόγησιν,;ῶσπερ</span> <span class='ocrx_word' id='word_1_425' title='bbox 1673 3376 1725 3428; x_wconf 85' lang='lat' dir='ltr'><strong>oi.</strong></span> <span class='ocrx_word' id='word_1_426' title='bbox 1753 3393 1888 3448; x_wconf 78' lang='grc' dir='ltr'>φρεο</span> 
     </span>
    </p>
   </div>
   <div class='ocr_carea' id='block_1_65' title="bbox 307 3450 1887 3535">
    <p class='ocr_par' dir='ltr' id='par_1_65' title="bbox 307 3450 1887 3535">
     <span class='ocr_line' id='line_1_65' title="bbox 307 3450 1887 3535; baseline 0.013 -35"><span class='ocrx_word' id='word_1_427' title='bbox 307 3450 604 3519; x_wconf 81' lang='grc' dir='ltr'>νητιῶντες</span> <span class='ocrx_word' id='word_1_428' title='bbox 636 3455 762 3517; x_wconf 78' lang='grc' dir='ltr'>τοὺς</span> <span class='ocrx_word' id='word_1_429' title='bbox 783 3454 1217 3527; x_wconf 80' lang='grc' dir='ltr'>θεραπεύοντας.</span> <span class='ocrx_word' id='word_1_430' title='bbox 1258 3463 1324 3516; x_wconf 85' lang='lat' dir='ltr'><strong>0i.</strong></span> <span class='ocrx_word' id='word_1_431' title='bbox 1349 3461 1518 3535; x_wconf 79' lang='grc' dir='ltr'>ἱερεῖς</span> <span class='ocrx_word' id='word_1_432' title='bbox 1548 3465 1723 3520; x_wconf 82' lang='grc' dir='ltr'>κακδν</span> <span class='ocrx_word' id='word_1_433' title='bbox 1755 3466 1887 3521; x_wconf 80' lang='grc' dir='ltr'>ὑπό-</span> 
     </span>
    </p>
   </div>
   <div class='ocr_carea' id='block_1_66' title="bbox 305 3545 1888 3634">
    <p class='ocr_par' dir='ltr' id='par_1_66' title="bbox 305 3545 1888 3634">
     <span class='ocr_line' id='line_1_66' title="bbox 305 3545 1888 3634; baseline 0.014 -36"><span class='ocrx_word' id='word_1_434' title='bbox 305 3545 514 3618; x_wconf 84' lang='grc' dir='ltr'>δειγμα</span> <span class='ocrx_word' id='word_1_435' title='bbox 541 3551 808 3619; x_wconf 89' lang='grc' dir='ltr'>γεγόνασι</span> <span class='ocrx_word' id='word_1_436' title='bbox 837 3553 914 3623; x_wconf 83' lang='grc' dir='ltr'><strong>τῷ</strong></span> <span class='ocrx_word' id='word_1_437' title='bbox 944 3553 1058 3624; x_wconf 85' lang='grc' dir='ltr'>λαῷ</span> <span class='ocrx_word' id='word_1_438' title='bbox 1090 3556 1426 3628; x_wconf 75' lang='grc' dir='ltr'>ὑϐρίζοντες,</span> <span class='ocrx_word' id='word_1_439' title='bbox 1473 3565 1888 3634; x_wconf 82' lang='grc' dir='ltr'>μνησικακοῦν-</span> 
     </span>
    </p>
   </div>
   <div class='ocr_carea' id='block_1_67' title="bbox 307 3641 1892 3724">
    <p class='ocr_par' dir='ltr' id='par_1_67' title="bbox 307 3641 1892 3724">
     <span class='ocr_line' id='line_1_67' title="bbox 307 3641 1892 3724; baseline 0.013 -33"><span class='ocrx_word' id='word_1_440' title='bbox 307 3657 420 3706; x_wconf 85' lang='grc' dir='ltr'>τες,</span> <span class='ocrx_word' id='word_1_441' title='bbox 474 3641 878 3714; x_wconf 81' lang='grc' dir='ltr'>ἐχθραίνοντες,</span> <span class='ocrx_word' id='word_1_442' title='bbox 944 3648 1415 3717; x_wconf 74' lang='grc' dir='ltr'>ἐπιϐουλεύοντες,</span> <span class='ocrx_word' id='word_1_443' title='bbox 1463 3654 1545 3717; x_wconf 79' lang='grc' dir='ltr'><strong>είς</strong></span> <span class='ocrx_word' id='word_1_444' title='bbox 1594 3655 1892 3724; x_wconf 87' lang='grc' dir='ltr'>πρόσωπον</span> 
     </span>
    </p>
   </div>
   <div class='ocr_carea' id='block_1_68' title="bbox 312 3734 1892 3817">
    <p class='ocr_par' dir='ltr' id='par_1_68' title="bbox 312 3734 1892 3817">
     <span class='ocr_line' id='line_1_68' title="bbox 312 3734 1892 3817; baseline 0.009 -28"><span class='ocrx_word' id='word_1_445' title='bbox 312 3734 632 3804; x_wconf 83' lang='grc' dir='ltr'>βλέποντες,</span> <span class='ocrx_word' id='word_1_446' title='bbox 679 3739 780 3792; x_wconf 82' lang='grc' dir='ltr'>οὐκ</span> <span class='ocrx_word' id='word_1_447' title='bbox 842 3741 1182 3814; x_wconf 72' lang='grc' dir='ltr'>ἐλέγχοντες,</span> <span class='ocrx_word' id='word_1_448' title='bbox 1244 3745 1342 3798; x_wconf 79' lang='grc' dir='ltr'>καὶ</span> <span class='ocrx_word' id='word_1_449' title='bbox 1399 3743 1747 3817; x_wconf 86' lang='grc' dir='ltr'>διορθοῦντες</span> <span class='ocrx_word' id='word_1_450' title='bbox 1797 3749 1892 3804; x_wconf 77' lang='grc' dir='ltr'>τὸν</span> 
     </span>
    </p>
   </div>
   <div class='ocr_carea' id='block_1_69' title="bbox 308 3829 1889 3910">
    <p class='ocr_par' dir='ltr' id='par_1_69' title="bbox 308 3829 1889 3910">
     <span class='ocr_line' id='line_1_69' title="bbox 308 3829 1889 3910; baseline 0.011 -31"><span class='ocrx_word' id='word_1_451' title='bbox 308 3829 595 3896; x_wconf 86' lang='grc' dir='ltr'>πταίοντα,</span> <span class='ocrx_word' id='word_1_452' title='bbox 624 3830 760 3885; x_wconf 79' lang='grc' dir='ltr'><strong>ἀλλὰ</strong></span> <span class='ocrx_word' id='word_1_453' title='bbox 798 3835 863 3904; x_wconf 79' lang='grc' dir='ltr'><strong>τῇ</strong></span> <span class='ocrx_word' id='word_1_454' title='bbox 894 3838 1071 3905; x_wconf 80' lang='grc' dir='ltr'>σιωπῇ</span> <span class='ocrx_word' id='word_1_455' title='bbox 1103 3837 1494 3903; x_wconf 83' lang='grc' dir='ltr'>κοινωνοῦντες</span> <span class='ocrx_word' id='word_1_456' title='bbox 1520 3842 1624 3909; x_wconf 66' lang='grc' dir='ltr'>τῆς</span> <span class='ocrx_word' id='word_1_457' title='bbox 1650 3841 1889 3910; x_wconf 78' lang='grc' dir='ltr'>ἀδικίας,</span> 
     </span>
    </p>
   </div>
   <div class='ocr_carea' id='block_1_70' title="bbox 305 3920 1894 4002">
    <p class='ocr_par' dir='ltr' id='par_1_70' title="bbox 305 3920 1894 4002">
     <span class='ocr_line' id='line_1_70' title="bbox 305 3920 1894 4002; baseline 0.011 -30"><span class='ocrx_word' id='word_1_458' title='bbox 305 3920 382 3984; x_wconf 83' lang='grc' dir='ltr'>ὡς</span> <span class='ocrx_word' id='word_1_459' title='bbox 406 3922 435 3975; x_wconf 86' lang='grc' dir='ltr'><strong>ό</strong></span> <span class='ocrx_word' id='word_1_460' title='bbox 480 3923 707 3988; x_wconf 81' lang='grc' dir='ltr'>παλαιὸς</span> <span class='ocrx_word' id='word_1_461' title='bbox 740 3927 950 3988; x_wconf 81' lang='grc' dir='ltr'>ἐκεῖνος</span> <span class='ocrx_word' id='word_1_462' title='bbox 1005 3926 1177 3986; x_wconf 84' lang='grc' dir='ltr'>Ἠλεί.</span> <span class='ocrx_word' id='word_1_463' title='bbox 1211 3929 1276 3983; x_wconf 78' lang='lat' dir='ltr'><strong>Ol</strong></span> <span class='ocrx_word' id='word_1_464' title='bbox 1328 3930 1528 3998; x_wconf 72' lang='grc' dir='ltr'>λαῖκοὶ,</span> <span class='ocrx_word' id='word_1_465' title='bbox 1560 3932 1792 4002; x_wconf 79' lang='grc' dir='ltr'>ἀφέντες</span> <span class='ocrx_word' id='word_1_466' title='bbox 1822 3935 1894 3990; x_wconf 78' lang='grc' dir='ltr'>τὰ</span> 
     </span>
    </p>
   </div>
   <div class='ocr_carea' id='block_1_71' title="bbox 307 4011 1895 4096">
    <p class='ocr_par' dir='ltr' id='par_1_71' title="bbox 307 4011 1895 4096">
     <span class='ocr_line' id='line_1_71' title="bbox 307 4011 1895 4096; baseline 0.009 -31"><span class='ocrx_word' id='word_1_467' title='bbox 307 4011 518 4068; x_wconf 78' lang='grc' dir='ltr'>ἑαυτῶν</span> <span class='ocrx_word' id='word_1_468' title='bbox 547 4014 778 4080; x_wconf 73' lang='grc' dir='ltr'>ἕκαστος</span> <span class='ocrx_word' id='word_1_469' title='bbox 808 4020 1282 4086; x_wconf 54' lang='grc' dir='ltr'>περισκοπεῖ-ητα</span> <span class='ocrx_word' id='word_1_470' title='bbox 1306 4020 1417 4075; x_wconf 87' lang='grc' dir='ltr'><strong>τῶν</strong></span> <span class='ocrx_word' id='word_1_471' title='bbox 1448 4022 1641 4094; x_wconf 74' lang='grc' dir='ltr'>ἱερέων</span> <span class='ocrx_word' id='word_1_472' title='bbox 1671 4041 1895 4096; x_wconf 80' lang='grc' dir='ltr'>περιερ·</span> 
     </span>
    </p>
   </div>
   <div class='ocr_carea' id='block_1_72' title="bbox 309 4105 1893 4190">
    <p class='ocr_par' dir='ltr' id='par_1_72' title="bbox 309 4105 1893 4190">
     <span class='ocr_line' id='line_1_72' title="bbox 309 4105 1893 4190; baseline 0.008 -31"><span class='ocrx_word' id='word_1_473' title='bbox 309 4105 597 4172; x_wconf 74' lang='grc' dir='ltr'>γάζονται,</span> <span class='ocrx_word' id='word_1_474' title='bbox 657 4109 754 4162; x_wconf 75' lang='grc' dir='ltr'><strong>καὶ</strong></span> <span class='ocrx_word' id='word_1_475' title='bbox 801 4108 1058 4165; x_wconf 82' lang='grc' dir='ltr'>δικασταί</span> <span class='ocrx_word' id='word_1_476' title='bbox 1118 4114 1261 4167; x_wconf 74' lang='grc' dir='ltr'>εἰσιν</span> <span class='ocrx_word' id='word_1_477' title='bbox 1317 4114 1708 4188; x_wconf 81' lang='grc' dir='ltr'>ἀπαραίτητοι.</span> <span class='ocrx_word' id='word_1_478' title='bbox 1763 4112 1893 4190; x_wconf 73' lang='grc' dir='ltr'><strong>Ἆρ’</strong></span> 
     </span>
    </p>
   </div>
   <div class='ocr_carea' id='block_1_73' title="bbox 308 4198 1893 4274">
    <p class='ocr_par' dir='ltr' id='par_1_73' title="bbox 308 4198 1893 4274">
     <span class='ocr_line' id='line_1_73' title="bbox 308 4198 1893 4274; baseline 0.008 -24"><span class='ocrx_word' id='word_1_479' title='bbox 308 4199 412 4251; x_wconf 78' lang='grc' dir='ltr'>οὐκ</span> <span class='ocrx_word' id='word_1_480' title='bbox 447 4198 712 4270; x_wconf 75' lang='grc' dir='ltr'>ἀλήθειαν</span> <span class='ocrx_word' id='word_1_481' title='bbox 738 4200 882 4268; x_wconf 82' lang='grc' dir='ltr'>λέγω</span> <span class='ocrx_word' id='word_1_482' title='bbox 907 4216 924 4267; x_wconf 90' lang='lat'><strong>;</strong></span> <span class='ocrx_word' id='word_1_483' title='bbox 957 4202 1032 4256; x_wconf 82' lang='grc' dir='ltr'><strong>Οὐ</strong></span> <span class='ocrx_word' id='word_1_484' title='bbox 1060 4201 1268 4258; x_wconf 86' lang='grc' dir='ltr'>τούτων</span> <span class='ocrx_word' id='word_1_485' title='bbox 1287 4202 1543 4274; x_wconf 71' lang='grc' dir='ltr'>ἔμπλεως</span> <span class='ocrx_word' id='word_1_486' title='bbox 1565 4207 1677 4263; x_wconf 83' lang='grc' dir='ltr'><strong>τῶν</strong></span> <span class='ocrx_word' id='word_1_487' title='bbox 1704 4207 1893 4263; x_wconf 82' lang='grc' dir='ltr'>κακῶν</span> 
     </span>
    </p>
   </div>
   <div class='ocr_carea' id='block_1_74' title="bbox 308 4288 1893 4372">
    <p class='ocr_par' dir='ltr' id='par_1_74' title="bbox 308 4288 1893 4372">
     <span class='ocr_line' id='line_1_74' title="bbox 308 4288 1893 4372; baseline -0.004 -17"><span class='ocrx_word' id='word_1_488' title='bbox 308 4289 344 4357; x_wconf 75' lang='grc' dir='ltr'>ἢ</span> <span class='ocrx_word' id='word_1_489' title='bbox 385 4288 540 4352; x_wconf 72' lang='grc' dir='ltr'>πόλις</span> <span class='ocrx_word' id='word_1_490' title='bbox 579 4291 774 4361; x_wconf 74' lang='grc' dir='ltr'>ἡμῶνς</span> <span class='ocrx_word' id='word_1_491' title='bbox 807 4292 903 4346; x_wconf 77' lang='grc' dir='ltr'>καὶ</span> <span class='ocrx_word' id='word_1_492' title='bbox 928 4292 990 4346; x_wconf 83' lang='grc' dir='ltr'>οὗ</span> <span class='ocrx_word' id='word_1_493' title='bbox 1038 4291 1164 4348; x_wconf 85' lang='grc' dir='ltr'>καθ’</span> <span class='ocrx_word' id='word_1_494' title='bbox 1195 4294 1439 4365; x_wconf 83' lang='grc' dir='ltr'>ἐκάστην</span> <span class='ocrx_word' id='word_1_495' title='bbox 1465 4295 1638 4353; x_wconf 85' lang='grc' dir='ltr'>ταῦτα</span> <span class='ocrx_word' id='word_1_496' title='bbox 1675 4299 1893 4372; x_wconf 75' lang='grc' dir='ltr'>μαρτύ-</span> 
     </span>
    </p>
   </div>
   <div class='ocr_carea' id='block_1_75' title="bbox 313 4383 1896 4457">
    <p class='ocr_par' dir='ltr' id='par_1_75' title="bbox 313 4383 1896 4457">
     <span class='ocr_line' id='line_1_75' title="bbox 313 4383 1896 4457; baseline 0.009 -24"><span class='ocrx_word' id='word_1_497' title='bbox 313 4395 518 4450; x_wconf 86' lang='grc' dir='ltr'>ρομαι;</span> <span class='ocrx_word' id='word_1_498' title='bbox 563 4383 665 4437; x_wconf 81' lang='grc' dir='ltr'>οὐκ</span> <span class='ocrx_word' id='word_1_499' title='bbox 718 4384 989 4440; x_wconf 81' lang='grc' dir='ltr'>ἐκοπίασα</span> <span class='ocrx_word' id='word_1_500' title='bbox 1039 4383 1261 4457; x_wconf 77' lang='grc' dir='ltr'>κράζων</span> <span class='ocrx_word' id='word_1_501' title='bbox 1329 4388 1426 4442; x_wconf 78' lang='grc' dir='ltr'>καὶ</span> <span class='ocrx_word' id='word_1_502' title='bbox 1473 4389 1745 4445; x_wconf 79' lang='grc' dir='ltr'>νουθετῶν</span> <span class='ocrx_word' id='word_1_503' title='bbox 1780 4391 1896 4447; x_wconf 84' lang='grc' dir='ltr'><strong>τῶν</strong></span> 
     </span>
    </p>
   </div>
   <div class='ocr_carea' id='block_1_76' title="bbox 308 4473 1892 4554">
    <p class='ocr_par' dir='ltr' id='par_1_76' title="bbox 308 4473 1892 4554">
     <span class='ocr_line' id='line_1_76' title="bbox 308 4473 1892 4554; baseline 0.01 -32"><span class='ocrx_word' id='word_1_504' title='bbox 308 4473 491 4542; x_wconf 74' lang='grc' dir='ltr'>ῦρκων</span> <span class='ocrx_word' id='word_1_505' title='bbox 516 4475 819 4546; x_wconf 76' lang='grc' dir='ltr'>ἀπέχεσθαι</span> <span class='ocrx_word' id='word_1_506' title='bbox 849 4494 865 4543; x_wconf 84' lang='grc'>;</span> <span class='ocrx_word' id='word_1_507' title='bbox 908 4478 983 4532; x_wconf 86' lang='grc' dir='ltr'><strong>Οὐ</strong></span> <span class='ocrx_word' id='word_1_508' title='bbox 1015 4476 1336 4550; x_wconf 70' lang='grc' dir='ltr'>προέλεγον,</span> <span class='ocrx_word' id='word_1_509' title='bbox 1371 4480 1445 4544; x_wconf 83' lang='grc' dir='ltr'><strong>ὡς</strong></span> <span class='ocrx_word' id='word_1_510' title='bbox 1477 4481 1541 4535; x_wconf 83' lang='grc' dir='ltr'>οὐ</span> <span class='ocrx_word' id='word_1_511' title='bbox 1582 4482 1892 4554; x_wconf 76' lang='grc' dir='ltr'>παρόψεται</span> 
     </span>
    </p>
   </div>
   <div class='ocr_carea' id='block_1_77' title="bbox 1993 3379 3228 3452">
    <p class='ocr_par' dir='ltr' id='par_1_77' title="bbox 1993 3379 3228 3452">
     <span class='ocr_line' id='line_1_77' title="bbox 1993 3379 3228 3452; baseline 0.002 -18"><span class='ocrx_word' id='word_1_512' title='bbox 1993 3380 2169 3435; x_wconf 86' lang='lat' dir='ltr'><strong>lentes</strong></span> <span class='ocrx_word' id='word_1_513' title='bbox 2245 3379 2358 3452; x_wconf 85' lang='grc'><strong>(16)</strong></span> <span class='ocrx_word' id='word_1_514' title='bbox 2405 3397 2420 3435; x_wconf 88' lang='lat'><strong>:</strong></span> <span class='ocrx_word' id='word_1_515' title='bbox 2471 3380 2870 3438; x_wconf 75' lang='lat' dir='ltr'><strong>confessionem</strong></span> <span class='ocrx_word' id='word_1_516' title='bbox 2933 3382 3169 3437; x_wconf 78' lang='lat' dir='ltr'><strong>vitantes</strong></span> <span class='ocrx_word' id='word_1_517' title='bbox 3210 3419 3228 3446; x_wconf 89' lang='lat'><strong>,</strong></span> 
     </span>
    </p>
   </div>
   <div class='ocr_carea' id='block_1_78' title="bbox 1995 3472 3578 3546">
    <p class='ocr_par' dir='ltr' id='par_1_78' title="bbox 1995 3472 3578 3546">
     <span class='ocr_line' id='line_1_78' title="bbox 1995 3472 3578 3546; baseline 0.001 -21"><span class='ocrx_word' id='word_1_518' title='bbox 1995 3472 2296 3542; x_wconf 81' lang='lat' dir='ltr'><strong>phrenetici</strong></span> <span class='ocrx_word' id='word_1_519' title='bbox 2345 3472 2586 3528; x_wconf 89' lang='lat' dir='ltr'><strong>medicos</strong></span> <span class='ocrx_word' id='word_1_520' title='bbox 2661 3473 3008 3546; x_wconf 76' lang='lat' dir='ltr'><strong>relugientes.</strong></span> <span class='ocrx_word' id='word_1_521' title='bbox 3062 3473 3385 3529; x_wconf 81' lang='lat' dir='ltr'><strong>Sacerdotes</strong></span> <span class='ocrx_word' id='word_1_522' title='bbox 3448 3486 3578 3542; x_wconf 87' lang='lat' dir='ltr'><strong>pra-</strong></span> 
     </span>
    </p>
   </div>
   <div class='ocr_carea' id='block_1_79' title="bbox 1995 3563 3578 3636">
    <p class='ocr_par' dir='ltr' id='par_1_79' title="bbox 1995 3563 3578 3636">
     <span class='ocr_line' id='line_1_79' title="bbox 1995 3563 3578 3636; baseline 0.004 -20"><span class='ocrx_word' id='word_1_523' title='bbox 1995 3579 2122 3617; x_wconf 86' lang='lat' dir='ltr'><strong>vum</strong></span> <span class='ocrx_word' id='word_1_524' title='bbox 2205 3563 2512 3635; x_wconf 79' lang='lat' dir='ltr'><strong>exemplum</strong></span> <span class='ocrx_word' id='word_1_525' title='bbox 2583 3565 2778 3636; x_wconf 83' lang='lat' dir='ltr'><strong>popqu</strong></span> <span class='ocrx_word' id='word_1_526' title='bbox 2844 3565 2972 3621; x_wconf 86' lang='lat' dir='ltr'><strong>lacti</strong></span> <span class='ocrx_word' id='word_1_527' title='bbox 3022 3575 3151 3620; x_wconf 89' lang='lat' dir='ltr'><strong>sunt</strong></span> <span class='ocrx_word' id='word_1_528' title='bbox 3227 3566 3578 3623; x_wconf 88' lang='lat' dir='ltr'><strong>contumeliis</strong></span> 
     </span>
    </p>
   </div>
   <div class='ocr_carea' id='block_1_80' title="bbox 1999 3655 3582 3728">
    <p class='ocr_par' dir='ltr' id='par_1_80' title="bbox 1999 3655 3582 3728">
     <span class='ocr_line' id='line_1_80' title="bbox 1999 3655 3582 3728; baseline 0.003 -19"><span class='ocrx_word' id='word_1_529' title='bbox 1999 3655 2135 3712; x_wconf 89' lang='lat' dir='ltr'><strong>alios</strong></span> <span class='ocrx_word' id='word_1_530' title='bbox 2167 3655 2464 3712; x_wconf 85' lang='lat' dir='ltr'><strong>allicientes</strong></span> <span class='ocrx_word' id='word_1_531' title='bbox 2491 3696 2506 3721; x_wconf 89' lang='lat'><strong>,</strong></span> <span class='ocrx_word' id='word_1_532' title='bbox 2542 3656 2768 3728; x_wconf 85' lang='lat' dir='ltr'><strong>injurias</strong></span> <span class='ocrx_word' id='word_1_533' title='bbox 2817 3658 2918 3713; x_wconf 89' lang='lat' dir='ltr'><strong>sibi</strong></span> <span class='ocrx_word' id='word_1_534' title='bbox 2947 3656 3119 3714; x_wconf 80' lang='lat' dir='ltr'><strong>factas</strong></span> <span class='ocrx_word' id='word_1_535' title='bbox 3154 3658 3413 3713; x_wconf 86' lang='lat' dir='ltr'><strong>memoria</strong></span> <span class='ocrx_word' id='word_1_536' title='bbox 3445 3659 3582 3714; x_wconf 87' lang='lat' dir='ltr'><strong>reti-</strong></span> 
     </span>
    </p>
   </div>
   <div class='ocr_carea' id='block_1_81' title="bbox 1999 3747 3579 3821">
    <p class='ocr_par' dir='ltr' id='par_1_81' title="bbox 1999 3747 3579 3821">
     <span class='ocr_line' id='line_1_81' title="bbox 1999 3747 3579 3821; baseline 0.001 -17"><span class='ocrx_word' id='word_1_537' title='bbox 1999 3759 2226 3815; x_wconf 82' lang='lat' dir='ltr'><strong>nentes,</strong></span> <span class='ocrx_word' id='word_1_538' title='bbox 2262 3747 2581 3804; x_wconf 84' lang='lat' dir='ltr'><strong>inimicitias</strong></span> <span class='ocrx_word' id='word_1_539' title='bbox 2639 3757 2979 3814; x_wconf 80' lang='lat' dir='ltr'><strong>exercentes,</strong></span> <span class='ocrx_word' id='word_1_540' title='bbox 3014 3750 3369 3815; x_wconf 83' lang='lat' dir='ltr'><strong>insidiantes,</strong></span> <span class='ocrx_word' id='word_1_541' title='bbox 3397 3751 3579 3821; x_wconf 85' lang='lat' dir='ltr'><strong>respi-</strong></span> 
     </span>
    </p>
   </div>
   <div class='ocr_carea' id='block_1_82' title="bbox 2000 3839 3582 3910">
    <p class='ocr_par' dir='ltr' id='par_1_82' title="bbox 2000 3839 3582 3910">
     <span class='ocr_line' id='line_1_82' title="bbox 2000 3839 3582 3910; baseline -0.001 -13"><span class='ocrx_word' id='word_1_542' title='bbox 2000 3841 2211 3897; x_wconf 88' lang='lat' dir='ltr'><strong>cientes</strong></span> <span class='ocrx_word' id='word_1_543' title='bbox 2259 3839 2314 3894; x_wconf 91' lang='lat' dir='ltr'><strong>in</strong></span> <span class='ocrx_word' id='word_1_544' title='bbox 2345 3839 2564 3905; x_wconf 80' lang='lat' dir='ltr'><strong>faciem,</strong></span> <span class='ocrx_word' id='word_1_545' title='bbox 2599 3855 2703 3896; x_wconf 92' lang='lat' dir='ltr'><strong>non</strong></span> <span class='ocrx_word' id='word_1_546' title='bbox 2747 3839 3228 3910; x_wconf 84' lang='lat' dir='ltr'><strong>reprehendentes,</strong></span> <span class='ocrx_word' id='word_1_547' title='bbox 3261 3856 3372 3895; x_wconf 90' lang='lat' dir='ltr'><strong>non</strong></span> <span class='ocrx_word' id='word_1_548' title='bbox 3402 3841 3582 3896; x_wconf 85' lang='lat' dir='ltr'><strong>corri-</strong></span> 
     </span>
    </p>
   </div>
   <div class='ocr_carea' id='block_1_83' title="bbox 1997 3930 3580 4003">
    <p class='ocr_par' dir='ltr' id='par_1_83' title="bbox 1997 3930 3580 4003">
     <span class='ocr_line' id='line_1_83' title="bbox 1997 3930 3580 4003; baseline -0.001 -15"><span class='ocrx_word' id='word_1_549' title='bbox 1997 3943 2189 4003; x_wconf 77' lang='lat' dir='ltr'><strong>gentes</strong></span> <span class='ocrx_word' id='word_1_550' title='bbox 2222 3939 2560 4003; x_wconf 87' lang='lat' dir='ltr'><strong>peccantem,</strong></span> <span class='ocrx_word' id='word_1_551' title='bbox 2597 3932 2690 3988; x_wconf 87' lang='lat' dir='ltr'><strong>sed</strong></span> <span class='ocrx_word' id='word_1_552' title='bbox 2717 3941 2776 3987; x_wconf 86' lang='lat' dir='ltr'><strong>ut</strong></span> <span class='ocrx_word' id='word_1_553' title='bbox 2803 3942 2957 3988; x_wconf 85' lang='lat' dir='ltr'><strong>vetus</strong></span> <span class='ocrx_word' id='word_1_554' title='bbox 2991 3932 3081 3987; x_wconf 90' lang='lat' dir='ltr'><strong>ille</strong></span> <span class='ocrx_word' id='word_1_555' title='bbox 3115 3930 3230 3986; x_wconf 79' lang='lat' dir='ltr'><strong>lleli</strong></span> <span class='ocrx_word' id='word_1_556' title='bbox 3259 3932 3329 3998; x_wconf 85' lang='lat'><strong>&quot;,</strong></span> <span class='ocrx_word' id='word_1_557' title='bbox 3360 3932 3580 3988; x_wconf 87' lang='lat' dir='ltr'><strong>silentio</strong></span> 
     </span>
    </p>
   </div>
   <div class='ocr_carea' id='block_1_84' title="bbox 1996 4023 3578 4097">
    <p class='ocr_par' dir='ltr' id='par_1_84' title="bbox 1996 4023 3578 4097">
     <span class='ocr_line' id='line_1_84' title="bbox 1996 4023 3578 4097; baseline 0.001 -17"><span class='ocrx_word' id='word_1_558' title='bbox 1996 4025 2126 4082; x_wconf 79' lang='lat' dir='ltr'><strong>lacti</strong></span> <span class='ocrx_word' id='word_1_559' title='bbox 2156 4025 2452 4096; x_wconf 85' lang='lat' dir='ltr'><strong>participes</strong></span> <span class='ocrx_word' id='word_1_560' title='bbox 2495 4025 2801 4097; x_wconf 65' lang='lat' dir='ltr'><strong>injustitia.</strong></span> <span class='ocrx_word' id='word_1_561' title='bbox 2851 4023 2999 4081; x_wconf 84' lang='lat' dir='ltr'><strong>Laici</strong></span> <span class='ocrx_word' id='word_1_562' title='bbox 3061 4041 3224 4096; x_wconf 88' lang='lat' dir='ltr'><strong>porro</strong></span> <span class='ocrx_word' id='word_1_563' title='bbox 3268 4040 3366 4081; x_wconf 89' lang='lat' dir='ltr'><strong>sua</strong></span> <span class='ocrx_word' id='word_1_564' title='bbox 3407 4040 3578 4082; x_wconf 84' lang='lat' dir='ltr'><strong>unus-</strong></span> 
     </span>
    </p>
   </div>
   <div class='ocr_carea' id='block_1_85' title="bbox 1998 4115 3575 4189">
    <p class='ocr_par' dir='ltr' id='par_1_85' title="bbox 1998 4115 3575 4189">
     <span class='ocr_line' id='line_1_85' title="bbox 1998 4115 3575 4189; baseline -0.002 -15"><span class='ocrx_word' id='word_1_565' title='bbox 1998 4119 2232 4189; x_wconf 89' lang='lat' dir='ltr'><strong>quisque</strong></span> <span class='ocrx_word' id='word_1_566' title='bbox 2283 4118 2631 4174; x_wconf 86' lang='lat' dir='ltr'><strong>considerare</strong></span> <span class='ocrx_word' id='word_1_567' title='bbox 2677 4117 2993 4173; x_wconf 86' lang='lat' dir='ltr'><strong>omittentes</strong></span> <span class='ocrx_word' id='word_1_568' title='bbox 3041 4116 3386 4173; x_wconf 86' lang='lat' dir='ltr'><strong>sacerdotum</strong></span> <span class='ocrx_word' id='word_1_569' title='bbox 3433 4115 3575 4174; x_wconf 83' lang='lat' dir='ltr'><strong>facta</strong></span> 
     </span>
    </p>
   </div>
   <div class='ocr_carea' id='block_1_86' title="bbox 1997 4209 3574 4282">
    <p class='ocr_par' dir='ltr' id='par_1_86' title="bbox 1997 4209 3574 4282">
     <span class='ocr_line' id='line_1_86' title="bbox 1997 4209 3574 4282; baseline -0.002 -16"><span class='ocrx_word' id='word_1_570' title='bbox 1997 4209 2316 4280; x_wconf 86' lang='lat' dir='ltr'><strong>inquirunt,</strong></span> <span class='ocrx_word' id='word_1_571' title='bbox 2366 4222 2420 4264; x_wconf 90' lang='lat' dir='ltr'><strong>et</strong></span> <span class='ocrx_word' id='word_1_572' title='bbox 2460 4210 2676 4282; x_wconf 66' lang='lat' dir='ltr'><strong>judice:</strong></span> <span class='ocrx_word' id='word_1_573' title='bbox 2726 4218 2851 4265; x_wconf 88' lang='lat' dir='ltr'><strong>sunt</strong></span> <span class='ocrx_word' id='word_1_574' title='bbox 2906 4209 3276 4282; x_wconf 82' lang='lat' dir='ltr'><strong>implacabiles</strong></span> <span class='ocrx_word' id='word_1_575' title='bbox 3323 4209 3459 4281; x_wconf 87' lang='lat' dir='ltr'><strong>(l7).</strong></span> <span class='ocrx_word' id='word_1_576' title='bbox 3493 4212 3574 4264; x_wconf 79' lang='lat' dir='ltr'><strong>An</strong></span> 
     </span>
    </p>
   </div>
   <div class='ocr_carea' id='block_1_87' title="bbox 1997 4302 3574 4374">
    <p class='ocr_par' dir='ltr' id='par_1_87' title="bbox 1997 4302 3574 4374">
     <span class='ocr_line' id='line_1_87' title="bbox 1997 4302 3574 4374; baseline -0.001 -15"><span class='ocrx_word' id='word_1_577' title='bbox 1997 4304 2286 4359; x_wconf 80' lang='lat' dir='ltr'><strong>veritatem</strong></span> <span class='ocrx_word' id='word_1_578' title='bbox 2319 4319 2426 4358; x_wconf 91' lang='lat' dir='ltr'><strong>non</strong></span> <span class='ocrx_word' id='word_1_579' title='bbox 2463 4302 2694 4373; x_wconf 83' lang='lat' dir='ltr'><strong>loquor?</strong></span> <span class='ocrx_word' id='word_1_580' title='bbox 2725 4302 2838 4358; x_wconf 74' lang='lat' dir='ltr'><strong>Non</strong></span> <span class='ocrx_word' id='word_1_581' title='bbox 2868 4304 2951 4358; x_wconf 84' lang='lat' dir='ltr'><strong>bis</strong></span> <span class='ocrx_word' id='word_1_582' title='bbox 2985 4303 3137 4373; x_wconf 85' lang='lat' dir='ltr'><strong>plena</strong></span> <span class='ocrx_word' id='word_1_583' title='bbox 3163 4317 3248 4359; x_wconf 90' lang='lat' dir='ltr'><strong>est</strong></span> <span class='ocrx_word' id='word_1_584' title='bbox 3280 4303 3438 4359; x_wconf 88' lang='lat' dir='ltr'><strong>malis</strong></span> <span class='ocrx_word' id='word_1_585' title='bbox 3461 4302 3574 4374; x_wconf 82' lang='grc'><strong>(18)</strong></span> 
     </span>
    </p>
   </div>
   <div class='ocr_carea' id='block_1_88' title="bbox 1999 4391 3549 4464">
    <p class='ocr_par' dir='ltr' id='par_1_88' title="bbox 1999 4391 3549 4464">
     <span class='ocr_line' id='line_1_88' title="bbox 1999 4391 3549 4464; baseline -0.002 -15"><span class='ocrx_word' id='word_1_586' title='bbox 1999 4391 2194 4449; x_wconf 86' lang='lat' dir='ltr'><strong>civitas</strong></span> <span class='ocrx_word' id='word_1_587' title='bbox 2251 4393 2477 4447; x_wconf 83' lang='lat' dir='ltr'><strong>nostra?</strong></span> <span class='ocrx_word' id='word_1_588' title='bbox 2516 4392 2707 4447; x_wconf 80' lang='lat' dir='ltr'><strong>Nonne</strong></span> <span class='ocrx_word' id='word_1_589' title='bbox 2755 4392 2868 4447; x_wconf 69' lang='lat' dir='ltr'><strong>hare</strong></span> <span class='ocrx_word' id='word_1_590' title='bbox 2899 4392 3126 4464; x_wconf 88' lang='lat' dir='ltr'><strong>singulis</strong></span> <span class='ocrx_word' id='word_1_591' title='bbox 3161 4393 3351 4447; x_wconf 84' lang='lat' dir='ltr'><strong>diebus</strong></span> <span class='ocrx_word' id='word_1_592' title='bbox 3389 4393 3549 4446; x_wconf 85' lang='lat' dir='ltr'><strong>admo</strong></span> 
     </span>
    </p>
   </div>
   <div class='ocr_carea' id='block_1_89' title="bbox 2001 4483 3575 4553">
    <p class='ocr_par' dir='ltr' id='par_1_89' title="bbox 2001 4483 3575 4553">
     <span class='ocr_line' id='line_1_89' title="bbox 2001 4483 3575 4553; baseline -0.001 -13"><span class='ocrx_word' id='word_1_593' title='bbox 2001 4499 2126 4541; x_wconf 86' lang='lat' dir='ltr'><strong>nco.</strong></span> <span class='ocrx_word' id='word_1_594' title='bbox 2153 4483 2346 4540; x_wconf 82' lang='lat' dir='ltr'><strong>Nonne</strong></span> <span class='ocrx_word' id='word_1_595' title='bbox 2374 4484 2619 4540; x_wconf 83' lang='lat' dir='ltr'><strong>laboravi</strong></span> <span class='ocrx_word' id='word_1_596' title='bbox 2647 4484 2892 4540; x_wconf 89' lang='lat' dir='ltr'><strong>clamans</strong></span> <span class='ocrx_word' id='word_1_597' title='bbox 2921 4493 2977 4539; x_wconf 94' lang='lat' dir='ltr'><strong>ct</strong></span> <span class='ocrx_word' id='word_1_598' title='bbox 3016 4485 3314 4542; x_wconf 82' lang='lat' dir='ltr'><strong>admonens</strong></span> <span class='ocrx_word' id='word_1_599' title='bbox 3341 4495 3400 4540; x_wconf 82' lang='lat' dir='ltr'><strong>ut</strong></span> <span class='ocrx_word' id='word_1_600' title='bbox 3433 4500 3463 4540; x_wconf 86' lang='lat' dir='ltr'><strong>a</strong></span> <span class='ocrx_word' id='word_1_601' title='bbox 3486 4483 3575 4553; x_wconf 63' lang='lat' dir='ltr'><strong>in.</strong></span> 
     </span>
    </p>
   </div>
   <div class='ocr_carea' id='block_1_90' title="bbox 3302 3378 3581 3451">
    <p class='ocr_par' dir='ltr' id='par_1_90' title="bbox 3302 3378 3581 3451">
     <span class='ocr_line' id='line_1_90' title="bbox 3302 3378 3581 3451; baseline -0.004 -15"><span class='ocrx_word' id='word_1_602' title='bbox 3302 3390 3356 3437; x_wconf 93' lang='lat' dir='ltr'><strong>et</strong></span> <span class='ocrx_word' id='word_1_603' title='bbox 3421 3378 3581 3451; x_wconf 86' lang='lat' dir='ltr'><strong>quasi</strong></span> 
     </span>
    </p>
   </div>
   <div class='ocr_carea' id='block_1_91' title="bbox 378 4627 1892 4711">
    <p class='ocr_par' dir='ltr' id='par_1_91' title="bbox 378 4627 1886 4704">
     <span class='ocr_line' id='line_1_91' title="bbox 378 4627 1886 4704; baseline 0.005 -19"><span class='ocrx_word' id='word_1_604' title='bbox 378 4630 424 4663; x_wconf 80' lang='lat'>&quot;</span> <span class='ocrx_word' id='word_1_605' title='bbox 471 4627 590 4686; x_wconf 71' lang='lat' dir='ltr'><strong>Joel</strong></span> <span class='ocrx_word' id='word_1_606' title='bbox 642 4646 738 4697; x_wconf 86' lang='lat' dir='ltr'><strong>tu,</strong></span> <span class='ocrx_word' id='word_1_607' title='bbox 790 4630 887 4700; x_wconf 74' lang='lat'><strong>25,</strong></span> <span class='ocrx_word' id='word_1_608' title='bbox 920 4631 1011 4690; x_wconf 70' lang='grc'><strong>24.</strong></span> <span class='ocrx_word' id='word_1_609' title='bbox 1085 4632 1135 4666; x_wconf 78' lang='grc'><strong>’⁸</strong></span> <span class='ocrx_word' id='word_1_610' title='bbox 1183 4633 1344 4692; x_wconf 85' lang='lat' dir='ltr'><strong>Deut.</strong></span> <span class='ocrx_word' id='word_1_611' title='bbox 1377 4651 1583 4704; x_wconf 80' lang='lat' dir='ltr'><strong>xxvm,</strong></span> <span class='ocrx_word' id='word_1_612' title='bbox 1613 4635 1706 4692; x_wconf 67' lang='grc'><strong>24.</strong></span> <span class='ocrx_word' id='word_1_613' title='bbox 1782 4636 1886 4693; x_wconf 79' lang='lat' dir='ltr'><strong>&quot;J</strong></span> 
     </span>
    </p>
   </div>
   <div class='ocr_carea' id='block_1_92' title="bbox 1997 4627 2946 4711">
    <p class='ocr_par' dir='ltr' id='par_1_92' title="bbox 1997 4636 2946 4711">
     <span class='ocr_line' id='line_1_92' title="bbox 1997 4636 2946 4711; baseline 0.003 -17"><span class='ocrx_word' id='word_1_614' title='bbox 1997 4654 2062 4694; x_wconf 86' lang='lat' dir='ltr'><strong>m.</strong></span> <span class='ocrx_word' id='word_1_615' title='bbox 2095 4655 2148 4702; x_wconf 79' lang='grc' dir='ltr'><strong>ν,</strong></span> <span class='ocrx_word' id='word_1_616' title='bbox 2187 4640 2244 4696; x_wconf 92' lang='lat'><strong>8.</strong></span> <span class='ocrx_word' id='word_1_617' title='bbox 2317 4641 2365 4672; x_wconf 85' lang='lat'>&quot;</span> <span class='ocrx_word' id='word_1_618' title='bbox 2397 4639 2417 4694; x_wconf 90' lang='lat' dir='ltr'><strong>l</strong></span> <span class='ocrx_word' id='word_1_619' title='bbox 2451 4636 2584 4711; x_wconf 78' lang='lat' dir='ltr'><strong>Reg.</strong></span> <span class='ocrx_word' id='word_1_620' title='bbox 2620 4655 2695 4705; x_wconf 83' lang='lat' dir='ltr'><strong>rt,</strong></span> <span class='ocrx_word' id='word_1_621' title='bbox 2721 4638 2761 4710; x_wconf 75' lang='lat' dir='ltr'><strong>ﬂ</strong></span> <span class='ocrx_word' id='word_1_622' title='bbox 2792 4654 2946 4711; x_wconf 81' lang='lat' dir='ltr'><strong>seqq.</strong></span> 
     </span>
    </p>
   </div>
   <div class='ocr_carea' id='block_1_93' title="bbox 1541 4758 2339 4822">
    <p class='ocr_par' dir='ltr' id='par_1_93' title="bbox 1541 4758 2339 4822">
     <span class='ocr_line' id='line_1_93' title="bbox 1541 4758 2339 4822; baseline 0.001 -4"><span class='ocrx_word' id='word_1_623' title='bbox 1541 4758 1868 4822; x_wconf 84' lang='lat' dir='ltr'><strong>Francisci</strong></span> <span class='ocrx_word' id='word_1_624' title='bbox 1898 4759 2111 4822; x_wconf 89' lang='lat' dir='ltr'><strong>Scorsi</strong></span> <span class='ocrx_word' id='word_1_625' title='bbox 2151 4767 2339 4821; x_wconf 62' lang='lat' dir='ltr'><strong>notae.</strong></span> 
     </span>
    </p>
   </div>
   <div class='ocr_carea' id='block_1_94' title="bbox 310 4879 3568 5010">
    <p class='ocr_par' dir='ltr' id='par_1_94' title="bbox 310 4879 3568 5010">
     <span class='ocr_line' id='line_1_94' title="bbox 372 4879 3568 5008; baseline 0.004 -72"><span class='ocrx_word' id='word_1_626' title='bbox 372 4881 492 5008; x_wconf 53' lang='lat'><strong>312)</strong></span> <span class='ocrx_word' id='word_1_627' title='bbox 546 4879 746 4938; x_wconf 66' lang='lat' dir='ltr'><strong>Caium</strong></span> <span class='ocrx_word' id='word_1_628' title='bbox 778 4897 1013 4938; x_wconf 69' lang='lat' dir='ltr'><strong>sericum.</strong></span> <span class='ocrx_word' id='word_1_629' title='bbox 1044 4880 1223 4937; x_wconf 86' lang='lat' dir='ltr'><strong>Locus</strong></span> <span class='ocrx_word' id='word_1_630' title='bbox 1265 4891 1351 4937; x_wconf 87' lang='lat' dir='ltr'><strong>est</strong></span> <span class='ocrx_word' id='word_1_631' title='bbox 1386 4881 1541 4936; x_wconf 89' lang='lat' dir='ltr'><strong>Dent.</strong></span> <span class='ocrx_word' id='word_1_632' title='bbox 1575 4897 1693 4952; x_wconf 89' lang='lat' dir='ltr'><strong>cap.</strong></span> <span class='ocrx_word' id='word_1_633' title='bbox 1718 4899 1886 4938; x_wconf 82' lang='lat' dir='ltr'><strong>xxvm</strong></span> <span class='ocrx_word' id='word_1_634' title='bbox 1924 4888 1968 4943; x_wconf 89' lang='lat' dir='ltr'><strong>D</strong></span> <span class='ocrx_word' id='word_1_635' title='bbox 2067 4883 2181 4951; x_wconf 88' lang='lat' dir='ltr'><strong>(l6)</strong></span> <span class='ocrx_word' id='word_1_636' title='bbox 2228 4886 2428 4937; x_wconf 83' lang='lat' dir='ltr'><strong>Eorum</strong></span> <span class='ocrx_word' id='word_1_637' title='bbox 2474 4887 2757 4941; x_wconf 76' lang='lat' dir='ltr'><strong>memorias</strong></span> <span class='ocrx_word' id='word_1_638' title='bbox 2819 4904 2920 4942; x_wconf 88' lang='lat' dir='ltr'><strong>non</strong></span> <span class='ocrx_word' id='word_1_639' title='bbox 2973 4885 3272 4941; x_wconf 77' lang='lat' dir='ltr'><strong>recolentes.</strong></span> <span class='ocrx_word' id='word_1_640' title='bbox 3325 4889 3403 4945; x_wconf 78' lang='lat' dir='ltr'><strong>Ex</strong></span> <span class='ocrx_word' id='word_1_641' title='bbox 3427 4891 3568 4948; x_wconf 87' lang='lat' dir='ltr'><strong>Gali.</strong></span> 
     </span>
     <span class='ocr_line' id='line_1_95' title="bbox 310 4951 3568 5010; baseline 0.002 -7"><span class='ocrx_word' id='word_1_642' title='bbox 310 4969 367 5010; x_wconf 75' lang='lat' dir='ltr'><strong>sc</strong></span> <span class='ocrx_word' id='word_1_643' title='bbox 433 4953 484 5004; x_wconf 90' lang='lat' dir='ltr'><strong>in</strong></span> <span class='ocrx_word' id='word_1_644' title='bbox 514 4960 743 5010; x_wconf 77' lang='lat' dir='ltr'><strong>utroque</strong></span> <span class='ocrx_word' id='word_1_645' title='bbox 759 4953 1055 5010; x_wconf 77' lang='lat' dir='ltr'><strong>exemplari</strong></span> <span class='ocrx_word' id='word_1_646' title='bbox 1084 4951 1464 5010; x_wconf 84' lang='lat' dir='ltr'><strong>scriptum:&#39;H</strong></span> <span class='ocrx_word' id='word_1_647' title='bbox 1501 4951 1885 5010; x_wconf 76' lang='grc' dir='ltr'>τοῦῚεοεμίου</span> <span class='ocrx_word' id='word_1_648' title='bbox 1997 4955 2113 5008; x_wconf 80' lang='lat' dir='ltr'><strong>haec</strong></span> <span class='ocrx_word' id='word_1_649' title='bbox 2162 4955 2376 5010; x_wconf 87' lang='lat' dir='ltr'><strong>renosui</strong></span> <span class='ocrx_word' id='word_1_650' title='bbox 2405 4955 2565 5009; x_wconf 86' lang='lat' dir='ltr'><strong>verba</strong></span> <span class='ocrx_word' id='word_1_651' title='bbox 2616 4955 2798 5010; x_wconf 77' lang='grc' dir='ltr'>αὐτῶν</span> <span class='ocrx_word' id='word_1_652' title='bbox 2835 4958 2907 5010; x_wconf 77' lang='grc' dir='ltr'><strong>μὴ</strong></span> <span class='ocrx_word' id='word_1_653' title='bbox 2947 4956 3252 5010; x_wconf 72' lang='grc' dir='ltr'>σεϐόμενοι.</span> <span class='ocrx_word' id='word_1_654' title='bbox 3287 4958 3338 5010; x_wconf 88' lang='lat' dir='ltr'><strong>in</strong></span> <span class='ocrx_word' id='word_1_655' title='bbox 3369 4963 3568 5010; x_wconf 76' lang='lat' dir='ltr'><strong>artibus</strong></span> 
     </span>
    </p>
   </div>
   <div class='ocr_carea' id='block_1_95' title="bbox 433 4951 1885 5023">
    <p class='ocr_par' dir='ltr' id='par_1_95' title="bbox 433 4951 1885 5023">
     <span class='ocr_line' id='line_1_96' title="bbox 433 4951 1885 5023; baseline 0.002 -19"><span class='ocrx_word' id='word_1_656' title='bbox 433 4953 484 5023; x_wconf 89' lang='lat' dir='ltr'><strong>in</strong></span> <span class='ocrx_word' id='word_1_657' title='bbox 514 4960 743 5023; x_wconf 82' lang='lat' dir='ltr'><strong>utroque</strong></span> <span class='ocrx_word' id='word_1_658' title='bbox 759 4953 1055 5023; x_wconf 57' lang='lat' dir='ltr'><strong>esemplari</strong></span> <span class='ocrx_word' id='word_1_659' title='bbox 1084 4952 1345 5023; x_wconf 83' lang='lat' dir='ltr'><strong>scriptum</strong></span> <span class='ocrx_word' id='word_1_660' title='bbox 1365 4967 1379 5002; x_wconf 92' lang='lat'><strong>:</strong></span> <span class='ocrx_word' id='word_1_661' title='bbox 1400 4951 1464 5005; x_wconf 85' lang='grc' dir='ltr'><strong>Ἦ</strong></span> <span class='ocrx_word' id='word_1_662' title='bbox 1501 4951 1596 5006; x_wconf 87' lang='grc' dir='ltr'><strong>τοῦ</strong></span> <span class='ocrx_word' id='word_1_663' title='bbox 1616 4951 1885 5023; x_wconf 85' lang='grc' dir='ltr'>Ἰερεμίου</span> 
     </span>
    </p>
   </div>
   <div class='ocr_carea' id='block_1_96' title="bbox 311 5019 1885 5090">
    <p class='ocr_par' dir='ltr' id='par_1_96' title="bbox 311 5019 1885 5090">
     <span class='ocr_line' id='line_1_97' title="bbox 311 5019 1885 5090; baseline 0 -13"><span class='ocrx_word' id='word_1_664' title='bbox 311 5022 546 5090; x_wconf 77' lang='grc' dir='ltr'>κατάρα.</span> <span class='ocrx_word' id='word_1_665' title='bbox 598 5021 749 5088; x_wconf 81' lang='lat' dir='ltr'><strong>Apud</strong></span> <span class='ocrx_word' id='word_1_666' title='bbox 798 5019 1085 5078; x_wconf 33' lang='lat' dir='ltr'><strong>Jere’tniam</strong></span> <span class='ocrx_word' id='word_1_667' title='bbox 1122 5019 1250 5076; x_wconf 83' lang='lat' dir='ltr'><strong>vero</strong></span> <span class='ocrx_word' id='word_1_668' title='bbox 1283 5022 1423 5076; x_wconf 86' lang='lat' dir='ltr'><strong>lianc</strong></span> <span class='ocrx_word' id='word_1_669' title='bbox 1454 5019 1885 5078; x_wconf 65' lang='lat' dir='ltr'><strong>tnalcdictio&#39;nem</strong></span> 
     </span>
    </p>
   </div>
   <div class='ocr_carea' id='block_1_97' title="bbox 315 5091 1888 5158">
    <p class='ocr_par' dir='ltr' id='par_1_97' title="bbox 315 5091 1888 5158">
     <span class='ocr_line' id='line_1_98' title="bbox 315 5091 1888 5158; baseline 0 -12"><span class='ocrx_word' id='word_1_670' title='bbox 315 5107 424 5146; x_wconf 85' lang='lat' dir='ltr'><strong>non</strong></span> <span class='ocrx_word' id='word_1_671' title='bbox 475 5093 630 5158; x_wconf 81' lang='lat' dir='ltr'><strong>lego:</strong></span> <span class='ocrx_word' id='word_1_672' title='bbox 664 5106 831 5158; x_wconf 79' lang='lat' dir='ltr'><strong>quare</strong></span> <span class='ocrx_word' id='word_1_673' title='bbox 881 5100 1121 5146; x_wconf 86' lang='lat' dir='ltr'><strong>erratum</strong></span> <span class='ocrx_word' id='word_1_674' title='bbox 1179 5091 1282 5146; x_wconf 85' lang='lat' dir='ltr'><strong>hoc</strong></span> <span class='ocrx_word' id='word_1_675' title='bbox 1327 5092 1444 5146; x_wconf 90' lang='lat' dir='ltr'><strong>loco</strong></span> <span class='ocrx_word' id='word_1_676' title='bbox 1502 5092 1585 5147; x_wconf 92' lang='lat' dir='ltr'><strong>vel</strong></span> <span class='ocrx_word' id='word_1_677' title='bbox 1627 5094 1888 5149; x_wconf 89' lang='lat' dir='ltr'><strong>memoria</strong></span> 
     </span>
    </p>
   </div>
   <div class='ocr_carea' id='block_1_98' title="bbox 313 5160 1251 5224">
    <p class='ocr_par' dir='ltr' id='par_1_98' title="bbox 313 5160 1251 5224">
     <span class='ocr_line' id='line_1_99' title="bbox 313 5160 1251 5224; baseline 0.001 -8"><span class='ocrx_word' id='word_1_678' title='bbox 313 5161 569 5224; x_wconf 85' lang='lat' dir='ltr'><strong>dicentis,</strong></span> <span class='ocrx_word' id='word_1_679' title='bbox 596 5160 675 5218; x_wconf 79' lang='lat' dir='ltr'><strong>vel</strong></span> <span class='ocrx_word' id='word_1_680' title='bbox 695 5161 982 5214; x_wconf 86' lang='lat' dir='ltr'><strong>scribentis</strong></span> <span class='ocrx_word' id='word_1_681' title='bbox 1021 5161 1251 5216; x_wconf 86' lang='lat' dir='ltr'><strong>incuria.</strong></span> 
     </span>
    </p>
   </div>
   <div class='ocr_carea' id='block_1_99' title="bbox 385 5229 1888 5303">
    <p class='ocr_par' dir='ltr' id='par_1_99' title="bbox 385 5229 1888 5303">
     <span class='ocr_line' id='line_1_100' title="bbox 385 5229 1888 5303; baseline 0.001 -19"><span class='ocrx_word' id='word_1_682' title='bbox 385 5230 498 5303; x_wconf 76' lang='grc'><strong>(15)</strong></span> <span class='ocrx_word' id='word_1_683' title='bbox 562 5229 814 5303; x_wconf 67' lang='lat' dir='ltr'><strong>Absurdis</strong></span> <span class='ocrx_word' id='word_1_684' title='bbox 844 5230 1264 5303; x_wconf 55' lang='lat' dir='ltr'><strong>cupiditatibus._</strong></span> <span class='ocrx_word' id='word_1_685' title='bbox 1286 5231 1534 5303; x_wconf 82' lang='grc' dir='ltr'>Ἀτόποις</span> <span class='ocrx_word' id='word_1_686' title='bbox 1564 5231 1888 5303; x_wconf 83' lang='grc' dir='ltr'>ἐπιθυμίαις</span> 
     </span>
    </p>
   </div>
   <div class='ocr_carea' id='block_1_100' title="bbox 310 5299 1378 5369">
    <p class='ocr_par' dir='ltr' id='par_1_100' title="bbox 310 5299 1378 5369">
     <span class='ocr_line' id='line_1_101' title="bbox 310 5299 1378 5369; baseline -0.003 -13"><span class='ocrx_word' id='word_1_687' title='bbox 310 5300 822 5369; x_wconf 70' lang='grc' dir='ltr'>δουλαγωγούμενοι</span> <span class='ocrx_word' id='word_1_688' title='bbox 850 5317 912 5354; x_wconf 76' lang='lat' dir='ltr'><strong>ex</strong></span> <span class='ocrx_word' id='word_1_689' title='bbox 943 5299 1082 5354; x_wconf 80' lang='lat' dir='ltr'><strong>Gali.</strong></span> <span class='ocrx_word' id='word_1_690' title='bbox 1112 5301 1378 5369; x_wconf 84' lang='lat' dir='ltr'><strong>supplevi.</strong></span> 
     </span>
    </p>
   </div>
   <div class='ocr_carea' id='block_1_101' title="bbox 382 5367 1884 5441">
    <p class='ocr_par' dir='ltr' id='par_1_101' title="bbox 382 5367 1884 5441">
     <span class='ocr_line' id='line_1_102' title="bbox 382 5367 1884 5441; baseline 0.001 -17"><span class='ocrx_word' id='word_1_691' title='bbox 382 5371 494 5441; x_wconf 72' lang='grc'><strong>(14)</strong></span> <span class='ocrx_word' id='word_1_692' title='bbox 555 5367 957 5441; x_wconf 67' lang='lat' dir='ltr'><strong>Equifurcntes</strong></span> <span class='ocrx_word' id='word_1_693' title='bbox 982 5371 1035 5422; x_wconf 76' lang='lat' dir='ltr'><strong>in</strong></span> <span class='ocrx_word' id='word_1_694' title='bbox 1071 5367 1314 5441; x_wconf 55' lang='lat' dir='ltr'><strong>feminas.</strong></span> <span class='ocrx_word' id='word_1_695' title='bbox 1350 5369 1481 5441; x_wconf 62' lang='lat' dir='ltr'><strong>Vide</strong></span> <span class='ocrx_word' id='word_1_696' title='bbox 1514 5373 1579 5424; x_wconf 86' lang='lat' dir='ltr'><strong>ad</strong></span> <span class='ocrx_word' id='word_1_697' title='bbox 1613 5370 1760 5441; x_wconf 68' lang='lat' dir='ltr'><strong>ltum.</strong></span> <span class='ocrx_word' id='word_1_698' title='bbox 1794 5372 1884 5436; x_wconf 79' lang='lat' dir='ltr'><strong>l3,</strong></span> 
     </span>
    </p>
   </div>
   <div class='ocr_carea' id='block_1_102' title="bbox 308 5438 1883 5506">
    <p class='ocr_par' dir='ltr' id='par_1_102' title="bbox 308 5438 1883 5506">
     <span class='ocr_line' id='line_1_103' title="bbox 308 5438 1883 5506; baseline 0 -9"><span class='ocrx_word' id='word_1_699' title='bbox 308 5438 426 5497; x_wconf 81' lang='lat' dir='ltr'><strong>not.</strong></span> <span class='ocrx_word' id='word_1_700' title='bbox 461 5442 514 5501; x_wconf 91' lang='lat'><strong>8,</strong></span> <span class='ocrx_word' id='word_1_701' title='bbox 560 5439 651 5492; x_wconf 89' lang='lat' dir='ltr'><strong>ubi</strong></span> <span class='ocrx_word' id='word_1_702' title='bbox 705 5439 878 5492; x_wconf 87' lang='lat' dir='ltr'><strong>locum</strong></span> <span class='ocrx_word' id='word_1_703' title='bbox 907 5438 1153 5495; x_wconf 68' lang='lat' dir='ltr'><strong>Jeremize</strong></span> <span class='ocrx_word' id='word_1_704' title='bbox 1175 5455 1336 5506; x_wconf 84' lang='lat' dir='ltr'><strong>quem</strong></span> <span class='ocrx_word' id='word_1_705' title='bbox 1373 5440 1548 5496; x_wconf 91' lang='lat' dir='ltr'><strong>innuit</strong></span> <span class='ocrx_word' id='word_1_706' title='bbox 1579 5443 1668 5496; x_wconf 85' lang='lat' dir='ltr'><strong>hic</strong></span> <span class='ocrx_word' id='word_1_707' title='bbox 1697 5439 1883 5497; x_wconf 79' lang='lat' dir='ltr'><strong>Theo-</strong></span> 
     </span>
    </p>
   </div>
   <div class='ocr_carea' id='block_1_103' title="bbox 308 5511 968 5584">
    <p class='ocr_par' dir='ltr' id='par_1_103' title="bbox 308 5511 968 5584">
     <span class='ocr_line' id='line_1_104' title="bbox 308 5511 968 5584; baseline -0.003 -19"><span class='ocrx_word' id='word_1_708' title='bbox 308 5511 968 5584; x_wconf 73' lang='lat' dir='ltr'><strong>plia_nes._jllnstraviunus.</strong></span> 
     </span>
    </p>
   </div>
   <div class='ocr_carea' id='block_1_104' title="bbox 381 5577 1886 5652">
    <p class='ocr_par' dir='ltr' id='par_1_104' title="bbox 381 5577 1886 5652">
     <span class='ocr_line' id='line_1_105' title="bbox 381 5577 1886 5652; baseline 0 -16"><span class='ocrx_word' id='word_1_709' title='bbox 381 5581 496 5652; x_wconf 77' lang='grc'><strong>(15)</strong></span> <span class='ocrx_word' id='word_1_710' title='bbox 529 5577 592 5652; x_wconf 65' lang='lat' dir='ltr'><strong>Et</strong></span> <span class='ocrx_word' id='word_1_711' title='bbox 638 5582 771 5631; x_wconf 78' lang='lat' dir='ltr'><strong>sicut</strong></span> <span class='ocrx_word' id='word_1_712' title='bbox 803 5582 991 5633; x_wconf 78' lang='lat' dir='ltr'><strong>cameli</strong></span> <span class='ocrx_word' id='word_1_713' title='bbox 1024 5595 1272 5652; x_wconf 48' lang='lat' dir='ltr'><strong>tremores</strong></span> <span class='ocrx_word' id='word_1_714' title='bbox 1312 5578 1651 5643; x_wconf 77' lang='lat' dir='ltr'><strong>iniuriarum.</strong></span> <span class='ocrx_word' id='word_1_715' title='bbox 1689 5583 1763 5636; x_wconf 85' lang='lat' dir='ltr'><strong>De</strong></span> <span class='ocrx_word' id='word_1_716' title='bbox 1783 5581 1886 5652; x_wconf 78' lang='lat' dir='ltr'><strong>bac</strong></span> 
     </span>
    </p>
   </div>
   <div class='ocr_carea' id='block_1_105' title="bbox 307 5648 1883 5718">
    <p class='ocr_par' dir='ltr' id='par_1_105' title="bbox 307 5648 1883 5718">
     <span class='ocr_line' id='line_1_106' title="bbox 307 5648 1883 5718; baseline -0.001 -11"><span class='ocrx_word' id='word_1_717' title='bbox 307 5648 666 5707; x_wconf 78' lang='lat' dir='ltr'><strong>similitudine</strong></span> <span class='ocrx_word' id='word_1_718' title='bbox 711 5651 820 5716; x_wconf 78' lang='lat' dir='ltr'><strong>agit</strong></span> <span class='ocrx_word' id='word_1_719' title='bbox 875 5652 986 5718; x_wconf 86' lang='lat' dir='ltr'><strong>ipse</strong></span> <span class='ocrx_word' id='word_1_720' title='bbox 1025 5648 1390 5718; x_wconf 73' lang='lat' dir='ltr'><strong>Theonlianes</strong></span> <span class='ocrx_word' id='word_1_721' title='bbox 1422 5665 1582 5713; x_wconf 83' lang='lat' dir='ltr'><strong>supra</strong></span> <span class='ocrx_word' id='word_1_722' title='bbox 1615 5653 1760 5706; x_wconf 89' lang='lat' dir='ltr'><strong>hom.</strong></span> <span class='ocrx_word' id='word_1_723' title='bbox 1791 5650 1883 5717; x_wconf 72' lang='grc'><strong>45,</strong></span> 
     </span>
    </p>
   </div>
   <div class='ocr_carea' id='block_1_106' title="bbox 309 5718 1887 5790">
    <p class='ocr_par' dir='ltr' id='par_1_106' title="bbox 309 5718 1887 5790">
     <span class='ocr_line' id='line_1_107' title="bbox 309 5718 1887 5790; baseline 0.001 -16"><span class='ocrx_word' id='word_1_724' title='bbox 309 5733 368 5774; x_wconf 83' lang='grc' dir='ltr'><strong>ιιι</strong></span> <span class='ocrx_word' id='word_1_725' title='bbox 427 5722 530 5774; x_wconf 82' lang='lat' dir='ltr'><strong>hoc</strong></span> <span class='ocrx_word' id='word_1_726' title='bbox 577 5721 741 5790; x_wconf 81' lang='lat' dir='ltr'><strong>etiam</strong></span> <span class='ocrx_word' id='word_1_727' title='bbox 775 5721 844 5774; x_wconf 82' lang='lat' dir='ltr'><strong>sit</strong></span> <span class='ocrx_word' id='word_1_728' title='bbox 882 5719 1140 5776; x_wconf 83' lang='lat' dir='ltr'><strong>indicium</strong></span> <span class='ocrx_word' id='word_1_729' title='bbox 1174 5718 1314 5773; x_wconf 89' lang='lat' dir='ltr'><strong>inter</strong></span> <span class='ocrx_word' id='word_1_730' title='bbox 1374 5728 1570 5790; x_wconf 71' lang='lat' dir='ltr'><strong>eastern</strong></span> <span class='ocrx_word' id='word_1_731' title='bbox 1597 5737 1716 5790; x_wconf 65' lang='lat' dir='ltr'><strong>quae</strong></span> <span class='ocrx_word' id='word_1_732' title='bbox 1741 5731 1887 5775; x_wconf 88' lang='lat' dir='ltr'><strong>attu-</strong></span> 
     </span>
    </p>
   </div>
   <div class='ocr_carea' id='block_1_107' title="bbox 309 5789 1885 5856">
    <p class='ocr_par' dir='ltr' id='par_1_107' title="bbox 309 5789 1885 5856">
     <span class='ocr_line' id='line_1_108' title="bbox 309 5789 1885 5856; baseline 0.001 -11"><span class='ocrx_word' id='word_1_733' title='bbox 309 5792 475 5846; x_wconf 86' lang='lat' dir='ltr'><strong>limus</strong></span> <span class='ocrx_word' id='word_1_734' title='bbox 507 5799 618 5842; x_wconf 86' lang='lat' dir='ltr'><strong>not.</strong></span> <span class='ocrx_word' id='word_1_735' title='bbox 650 5789 696 5852; x_wconf 87' lang='lat' dir='ltr'><strong>l,</strong></span> <span class='ocrx_word' id='word_1_736' title='bbox 723 5791 790 5844; x_wconf 87' lang='lat' dir='ltr'><strong>ab</strong></span> <span class='ocrx_word' id='word_1_737' title='bbox 819 5790 1006 5846; x_wconf 83' lang='lat' dir='ltr'><strong>eodem</strong></span> <span class='ocrx_word' id='word_1_738' title='bbox 1043 5798 1287 5856; x_wconf 86' lang='lat' dir='ltr'><strong>auctore,</strong></span> <span class='ocrx_word' id='word_1_739' title='bbox 1316 5799 1367 5845; x_wconf 91' lang='lat' dir='ltr'><strong>et</strong></span> <span class='ocrx_word' id='word_1_740' title='bbox 1390 5789 1578 5845; x_wconf 86' lang='lat' dir='ltr'><strong>codem</strong></span> <span class='ocrx_word' id='word_1_741' title='bbox 1609 5791 1727 5847; x_wconf 88' lang='lat' dir='ltr'><strong>loco</strong></span> <span class='ocrx_word' id='word_1_742' title='bbox 1747 5794 1885 5847; x_wconf 84' lang='lat' dir='ltr'><strong>hanc</strong></span> 
     </span>
    </p>
   </div>
   <div class='ocr_carea' id='block_1_108' title="bbox 316 5859 753 5918">
    <p class='ocr_par' dir='ltr' id='par_1_108' title="bbox 316 5859 753 5918">
     <span class='ocr_line' id='line_1_109' title="bbox 316 5859 753 5918; baseline -0.005 0"><span class='ocrx_word' id='word_1_743' title='bbox 316 5861 502 5918; x_wconf 87' lang='lat' dir='ltr'><strong>bomil.</strong></span> <span class='ocrx_word' id='word_1_744' title='bbox 529 5859 753 5916; x_wconf 83' lang='lat' dir='ltr'><strong>dictam.</strong></span> 
     </span>
    </p>
   </div>
   <div class='ocr_carea' id='block_1_109' title="bbox 1997 4955 3570 5031">
    <p class='ocr_par' dir='ltr' id='par_1_109' title="bbox 1997 4955 3570 5031">
     <span class='ocr_line' id='line_1_110' title="bbox 1997 4955 3570 5031; baseline 0.007 -23"><span class='ocrx_word' id='word_1_745' title='bbox 1997 4955 2113 5008; x_wconf 80' lang='lat' dir='ltr'><strong>haec</strong></span> <span class='ocrx_word' id='word_1_746' title='bbox 2162 4955 2376 5031; x_wconf 71' lang='lat' dir='ltr'><strong>reposui</strong></span> <span class='ocrx_word' id='word_1_747' title='bbox 2405 4955 2565 5009; x_wconf 86' lang='lat' dir='ltr'><strong>verba</strong></span> <span class='ocrx_word' id='word_1_748' title='bbox 2616 4955 2798 5031; x_wconf 76' lang='grc' dir='ltr'>αὐτῶν</span> <span class='ocrx_word' id='word_1_749' title='bbox 2834 4958 2908 5027; x_wconf 78' lang='grc' dir='ltr'>μὴ</span> <span class='ocrx_word' id='word_1_750' title='bbox 2947 4956 3252 5031; x_wconf 76' lang='grc' dir='ltr'>σεϐόμενοι,</span> <span class='ocrx_word' id='word_1_751' title='bbox 3287 4958 3338 5014; x_wconf 91' lang='lat' dir='ltr'><strong>in</strong></span> <span class='ocrx_word' id='word_1_752' title='bbox 3369 4963 3570 5031; x_wconf 90' lang='lat' dir='ltr'><strong>quibus</strong></span> 
     </span>
    </p>
   </div>
   <div class='ocr_carea' id='block_1_110' title="bbox 1996 5022 3566 5096">
    <p class='ocr_par' dir='ltr' id='par_1_110' title="bbox 1996 5022 3566 5096">
     <span class='ocr_line' id='line_1_111' title="bbox 1996 5022 3566 5096; baseline 0.005 -17"><span class='ocrx_word' id='word_1_753' title='bbox 1996 5022 2277 5079; x_wconf 86' lang='lat' dir='ltr'><strong>emendavi</strong></span> <span class='ocrx_word' id='word_1_754' title='bbox 2298 5039 2573 5090; x_wconf 82' lang='lat' dir='ltr'><strong>perperam</strong></span> <span class='ocrx_word' id='word_1_755' title='bbox 2600 5022 2860 5094; x_wconf 82' lang='lat' dir='ltr'><strong>scripturn</strong></span> <span class='ocrx_word' id='word_1_756' title='bbox 2887 5022 3193 5096; x_wconf 69' lang='grc' dir='ltr'>σεϐόμενοι,</span> <span class='ocrx_word' id='word_1_757' title='bbox 3224 5031 3318 5082; x_wconf 87' lang='lat' dir='ltr'><strong>sed</strong></span> <span class='ocrx_word' id='word_1_758' title='bbox 3351 5022 3402 5083; x_wconf 78' lang='lat' dir='ltr'><strong>in</strong></span> <span class='ocrx_word' id='word_1_759' title='bbox 3430 5031 3566 5087; x_wconf 88' lang='lat' dir='ltr'><strong>Pan.</strong></span> 
     </span>
    </p>
   </div>
   <div class='ocr_carea' id='block_1_111' title="bbox 1997 5095 3563 5164">
    <p class='ocr_par' dir='ltr' id='par_1_111' title="bbox 1997 5095 3563 5164">
     <span class='ocr_line' id='line_1_112' title="bbox 1997 5095 3563 5164; baseline 0.008 -19"><span class='ocrx_word' id='word_1_760' title='bbox 1997 5095 2227 5164; x_wconf 82' lang='grc' dir='ltr'>μνήμας</span> <span class='ocrx_word' id='word_1_761' title='bbox 2278 5102 2484 5164; x_wconf 84' lang='lat' dir='ltr'><strong>tantum</strong></span> <span class='ocrx_word' id='word_1_762' title='bbox 2545 5106 2664 5150; x_wconf 90' lang='lat' dir='ltr'><strong>erat</strong></span> <span class='ocrx_word' id='word_1_763' title='bbox 2711 5095 3224 5164; x_wconf 40' lang='lat' dir='ltr'><strong>deiiciente&#39;sensu,</strong></span> <span class='ocrx_word' id='word_1_764' title='bbox 3282 5100 3563 5158; x_wconf 83' lang='lat' dir='ltr'><strong>verborum</strong></span> 
     </span>
    </p>
   </div>
   <div class='ocr_carea' id='block_1_112' title="bbox 1986 5163 2605 5230">
    <p class='ocr_par' dir='ltr' id='par_1_112' title="bbox 1986 5163 2605 5230">
     <span class='ocr_line' id='line_1_113' title="bbox 1986 5163 2605 5230; baseline 0.002 -12"><span class='ocrx_word' id='word_1_765' title='bbox 1986 5163 2328 5230; x_wconf 82' lang='lat' dir='ltr'><strong>sequentium</strong></span> <span class='ocrx_word' id='word_1_766' title='bbox 2367 5163 2605 5219; x_wconf 86' lang='lat' dir='ltr'><strong>delectu.</strong></span> 
     </span>
    </p>
   </div>
   <div class='ocr_carea' id='block_1_113' title="bbox 2059 5231 3566 5304">
    <p class='ocr_par' dir='ltr' id='par_1_113' title="bbox 2059 5231 3566 5304">
     <span class='ocr_line' id='line_1_114' title="bbox 2059 5231 3566 5304; baseline 0.008 -17"><span class='ocrx_word' id='word_1_767' title='bbox 2059 5231 2170 5303; x_wconf 83' lang='grc'><strong>(17)</strong></span> <span class='ocrx_word' id='word_1_768' title='bbox 2203 5232 2271 5304; x_wconf 76' lang='lat' dir='ltr'><strong>Et</strong></span> <span class='ocrx_word' id='word_1_769' title='bbox 2291 5233 2497 5304; x_wconf 53' lang='lat' dir='ltr'><strong>iudices</strong></span> <span class='ocrx_word' id='word_1_770' title='bbox 2522 5247 2640 5304; x_wconf 81' lang='lat' dir='ltr'><strong>sunt</strong></span> <span class='ocrx_word' id='word_1_771' title='bbox 2671 5236 3050 5304; x_wconf 80' lang='lat' dir='ltr'><strong>implacabiles.</strong></span> <span class='ocrx_word' id='word_1_772' title='bbox 3073 5235 3128 5291; x_wconf 91' lang='lat' dir='ltr'><strong>In</strong></span> <span class='ocrx_word' id='word_1_773' title='bbox 3162 5238 3221 5294; x_wconf 89' lang='lat' dir='ltr'><strong>P.</strong></span> <span class='ocrx_word' id='word_1_774' title='bbox 3245 5241 3399 5295; x_wconf 79' lang='lat' dir='ltr'><strong>deest</strong></span> <span class='ocrx_word' id='word_1_775' title='bbox 3449 5242 3566 5299; x_wconf 68' lang='lat' dir='ltr'><strong>haec</strong></span> 
     </span>
    </p>
   </div>
   <div class='ocr_carea' id='block_1_114' title="bbox 1985 5301 3565 5375">
    <p class='ocr_par' dir='ltr' id='par_1_114' title="bbox 1985 5301 3565 5375">
     <span class='ocr_line' id='line_1_115' title="bbox 1985 5301 3565 5375; baseline 0.007 -21"><span class='ocrx_word' id='word_1_776' title='bbox 1985 5301 2410 5375; x_wconf 11' lang='lat' dir='ltr'><strong>sentcnt_ia.‘Sed</strong></span> <span class='ocrx_word' id='word_1_777' title='bbox 2454 5304 2504 5357; x_wconf 92' lang='lat' dir='ltr'><strong>id</strong></span> <span class='ocrx_word' id='word_1_778' title='bbox 2526 5303 2663 5360; x_wconf 88' lang='lat' dir='ltr'><strong>Gali.</strong></span> <span class='ocrx_word' id='word_1_779' title='bbox 2699 5301 2961 5375; x_wconf 80' lang='lat' dir='ltr'><strong>scriptum</strong></span> <span class='ocrx_word' id='word_1_780' title='bbox 2978 5319 3060 5362; x_wconf 88' lang='lat' dir='ltr'><strong>est</strong></span> <span class='ocrx_word' id='word_1_781' title='bbox 3088 5311 3186 5365; x_wconf 83' lang='lat' dir='ltr'><strong>lioc</strong></span> <span class='ocrx_word' id='word_1_782' title='bbox 3229 5312 3388 5366; x_wconf 85' lang='lat' dir='ltr'><strong>modo</strong></span> <span class='ocrx_word' id='word_1_783' title='bbox 3413 5328 3428 5367; x_wconf 89' lang='lat'><strong>:</strong></span> <span class='ocrx_word' id='word_1_784' title='bbox 3454 5313 3565 5367; x_wconf 78' lang='lat' dir='ltr'><strong>Kal.</strong></span> 
     </span>
    </p>
   </div>
   <div class='ocr_carea' id='block_1_115' title="bbox 1983 5371 3561 5445">
    <p class='ocr_par' dir='ltr' id='par_1_115' title="bbox 1983 5371 3561 5445">
     <span class='ocr_line' id='line_1_116' title="bbox 1983 5371 3561 5445; baseline 0.007 -21"><span class='ocrx_word' id='word_1_785' title='bbox 1983 5371 2247 5440; x_wconf 82' lang='grc' dir='ltr'>δικαστής</span> <span class='ocrx_word' id='word_1_786' title='bbox 2286 5373 2432 5426; x_wconf 87' lang='grc' dir='ltr'>ἐστιν</span> <span class='ocrx_word' id='word_1_787' title='bbox 2482 5371 2876 5445; x_wconf 74' lang='grc' dir='ltr'>ἀπαραίτητος,</span> <span class='ocrx_word' id='word_1_788' title='bbox 2910 5381 3196 5445; x_wconf 86' lang='lat' dir='ltr'><strong>quodcum</strong></span> <span class='ocrx_word' id='word_1_789' title='bbox 3244 5383 3561 5435; x_wconf 81' lang='lat' dir='ltr'><strong>mendosum</strong></span> 
     </span>
    </p>
   </div>
   <div class='ocr_carea' id='block_1_116' title="bbox 1984 5446 3560 5520">
    <p class='ocr_par' dir='ltr' id='par_1_116' title="bbox 1984 5446 3560 5520">
     <span class='ocr_line' id='line_1_117' title="bbox 1984 5446 3560 5520; baseline 0.005 -24"><span class='ocrx_word' id='word_1_790' title='bbox 1984 5457 2104 5496; x_wconf 78' lang='lat' dir='ltr'><strong>esse</strong></span> <span class='ocrx_word' id='word_1_791' title='bbox 2156 5455 2430 5520; x_wconf 56' lang='lat' dir='ltr'><strong>censerem</strong></span> <span class='ocrx_word' id='word_1_792' title='bbox 2461 5446 2700 5520; x_wconf 77' lang='lat' dir='ltr'><strong>c9rrexi_</strong></span> <span class='ocrx_word' id='word_1_793' title='bbox 2730 5448 2820 5520; x_wconf 71' lang='grc' dir='ltr'>καὶ</span> <span class='ocrx_word' id='word_1_794' title='bbox 2863 5446 3115 5520; x_wconf 83' lang='grc' dir='ltr'>δικασταί</span> <span class='ocrx_word' id='word_1_795' title='bbox 3151 5450 3295 5501; x_wconf 88' lang='grc' dir='ltr'>εἰσιν</span> <span class='ocrx_word' id='word_1_796' title='bbox 3319 5450 3560 5520; x_wconf 66' lang='grc' dir='ltr'>ἀπαραι-</span> 
     </span>
    </p>
   </div>
   <div class='ocr_carea' id='block_1_117' title="bbox 1983 5509 3563 5587">
    <p class='ocr_par' dir='ltr' id='par_1_117' title="bbox 1983 5509 3563 5587">
     <span class='ocr_line' id='line_1_118' title="bbox 1983 5509 3563 5587; baseline 0.005 -23"><span class='ocrx_word' id='word_1_797' title='bbox 1983 5527 2157 5581; x_wconf 89' lang='grc' dir='ltr'>τητοι.</span> <span class='ocrx_word' id='word_1_798' title='bbox 2211 5509 2356 5587; x_wconf 78' lang='lat' dir='ltr'><strong>Nam</strong></span> <span class='ocrx_word' id='word_1_799' title='bbox 2393 5514 2894 5587; x_wconf 81' lang='lat' dir='ltr'><strong>prolectoiiltimum</strong></span> <span class='ocrx_word' id='word_1_800' title='bbox 2933 5518 3152 5570; x_wconf 87' lang='lat' dir='ltr'><strong>verbum</strong></span> <span class='ocrx_word' id='word_1_801' title='bbox 3211 5509 3563 5587; x_wconf 72' lang='grc' dir='ltr'>ἁπαρέτῆτος</span> 
     </span>
    </p>
   </div>
   <div class='ocr_carea' id='block_1_118' title="bbox 1984 5583 3556 5656">
    <p class='ocr_par' dir='ltr' id='par_1_118' title="bbox 1984 5583 3556 5656">
     <span class='ocr_line' id='line_1_119' title="bbox 1984 5583 3556 5656; baseline 0.006 -23"><span class='ocrx_word' id='word_1_802' title='bbox 1984 5592 2170 5656; x_wconf 78' lang='lat' dir='ltr'><strong>aperte</strong></span> <span class='ocrx_word' id='word_1_803' title='bbox 2203 5583 2453 5635; x_wconf 72' lang='lat' dir='ltr'><strong>mentium</strong></span> <span class='ocrx_word' id='word_1_804' title='bbox 2476 5586 2734 5656; x_wconf 81' lang='lat' dir='ltr'><strong>continet,</strong></span> <span class='ocrx_word' id='word_1_805' title='bbox 2765 5600 2928 5639; x_wconf 83' lang='lat' dir='ltr'><strong>cums</strong></span> <span class='ocrx_word' id='word_1_806' title='bbox 2955 5601 3050 5654; x_wconf 90' lang='lat' dir='ltr'><strong>pro</strong></span> <span class='ocrx_word' id='word_1_807' title='bbox 3073 5604 3128 5639; x_wconf 87' lang='grc' dir='ltr'><strong>αι</strong></span> <span class='ocrx_word' id='word_1_808' title='bbox 3155 5587 3226 5640; x_wconf 89' lang='lat' dir='ltr'><strong>sit</strong></span> <span class='ocrx_word' id='word_1_809' title='bbox 3257 5583 3556 5656; x_wconf 79' lang='lat' dir='ltr'><strong>scriptum;</strong></span> 
     </span>
    </p>
   </div>
   <div class='ocr_carea' id='block_1_119' title="bbox 1985 5651 3556 5722">
    <p class='ocr_par' dir='ltr' id='par_1_119' title="bbox 1985 5651 3556 5722">
     <span class='ocr_line' id='line_1_120' title="bbox 1985 5651 3556 5722; baseline 0.004 -17"><span class='ocrx_word' id='word_1_810' title='bbox 1985 5651 2177 5722; x_wconf 79' lang='lat' dir='ltr'><strong>deinde</strong></span> <span class='ocrx_word' id='word_1_811' title='bbox 2205 5666 2459 5722; x_wconf 75' lang='lat' dir='ltr'><strong>numerus</strong></span> <span class='ocrx_word' id='word_1_812' title='bbox 2488 5653 2776 5721; x_wconf 80' lang='lat' dir='ltr'><strong>singularis</strong></span> <span class='ocrx_word' id='word_1_813' title='bbox 2827 5657 2916 5722; x_wconf 88' lang='lat' dir='ltr'><strong>qui</strong></span> <span class='ocrx_word' id='word_1_814' title='bbox 2951 5651 3204 5710; x_wconf 71' lang='lat' dir='ltr'><strong>coiivenit</strong></span> <span class='ocrx_word' id='word_1_815' title='bbox 3243 5672 3345 5711; x_wconf 90' lang='lat' dir='ltr'><strong>non</strong></span> <span class='ocrx_word' id='word_1_816' title='bbox 3369 5651 3556 5712; x_wconf 53' lang='lat' dir='ltr'><strong>&#39;vidco.</strong></span> 
     </span>
    </p>
   </div>
   <div class='ocr_carea' id='block_1_120' title="bbox 1988 5717 3560 5844">
    <p class='ocr_par' dir='ltr' id='par_1_120' title="bbox 1988 5717 3560 5844">
     <span class='ocr_line' id='line_1_121' title="bbox 1988 5717 3560 5844; baseline 0.003 -65"><span class='ocrx_word' id='word_1_817' title='bbox 1988 5718 2168 5844; x_wconf 40' lang='lat'><strong>“1518)</strong></span> <span class='ocrx_word' id='word_1_818' title='bbox 2208 5717 2398 5777; x_wconf 82' lang='lat' dir='ltr'><strong>Nonne</strong></span> <span class='ocrx_word' id='word_1_819' title='bbox 2431 5723 2509 5776; x_wconf 80' lang='lat' dir='ltr'><strong>liis</strong></span> <span class='ocrx_word' id='word_1_820' title='bbox 2551 5717 2729 5778; x_wconf 63' lang='lat' dir='ltr'><strong>malis.</strong></span> <span class='ocrx_word' id='word_1_821' title='bbox 2779 5717 2909 5782; x_wconf 77' lang='lat' dir='ltr'><strong>Vide</strong></span> <span class='ocrx_word' id='word_1_822' title='bbox 2957 5734 3068 5780; x_wconf 87' lang='lat' dir='ltr'><strong>not.</strong></span> <span class='ocrx_word' id='word_1_823' title='bbox 3122 5728 3146 5780; x_wconf 84' lang='grc'><strong>1</strong></span> <span class='ocrx_word' id='word_1_824' title='bbox 3193 5725 3352 5797; x_wconf 83' lang='lat' dir='ltr'><strong>liujus</strong></span> <span class='ocrx_word' id='word_1_825' title='bbox 3385 5727 3560 5783; x_wconf 83' lang='lat' dir='ltr'><strong>homi-</strong></span> 
     </span>
    </p>
   </div>
   <div class='ocr_carea' id='block_1_121' title="bbox 2007 5808 2090 5847">
    <p class='ocr_par' dir='ltr' id='par_1_121' title="bbox 2007 5808 2090 5847">
     <span class='ocr_line' id='line_1_122' title="bbox 2007 5808 2090 5847; baseline 0 -2"><span class='ocrx_word' id='word_1_826' title='bbox 2007 5808 2090 5847; x_wconf 71' lang='lat' dir='ltr'><strong>I-‘l‘.</strong></span> 
     </span>
    </p>
   </div>
  </div>
