4150 6318
1874 580 2045 624 ANNO
2080 582 2301 625 DOMINI
2341 584 2580 628 MCXLIII

1042 764 1686 947 NILUS
1839 763 3417 953 DOXAPATBIUS

1969 1085 2482 1178 ’ΝΟΤΙΤΙΑ

1548 1282 1678 1346 (Cas.
1705 1283 1876 1333 Ouotu.
1906 1280 1979 1332 De
2001 1281 2169 1345 script.
2204 1284 2385 1335 eccles.
2414 1290 2531 1335 tom.
2561 1284 2622 1345 ll,
2657 1284 2892 1349 p.1180.)

669 1589 824 1647 Nilus
855 1602 953 1646 seu
988 1587 1243 1643 Nicolaus
1286 1596 1643 1659 cognomento
1689 1590 2050 1660 Doxapatrius
2078 1629 2092 1654 ,
2144 1588 2400 1647 Ecclesiae
2434 1590 2635 1647 Graeca
2688 1592 2922 1662 primum
2976 1590 3423 1661 archimandrita,
3482 1596 3642 1666 cujus
3696 1596 3841 1655 locus

598 1679 862 1733 natalium
899 1679 1141 1734 incertus
1177 1685 1341 1745 atque
1370 1676 1585 1747 ignotus
1614 1687 1719 1744 est,
1754 1677 1927 1733 lactus
1960 1679 2302 1749 postmodum
2338 1679 2584 1735 n0tarius
2623 1678 3011 1748 patriarchalls
3040 1677 3246 1749 Magum
3277 1678 3539 1738 Ecclesiae
3570 1685 3833 1742 Constan-

598 1767 973 1837 tin0politanre
1008 1775 1061 1821 et
1086 1765 1511 1837 protoproedrus
1538 1765 1924 1840 syncellorum,
1951 1766 2113 1821 simul
2141 1767 2304 1821 etiam
2346 1767 2707 1840 nomophylax
2744 1766 2955 1839 imperii
2986 1762 3379 1825 Romanorum.
3406 1769 3566 1826 Certe
3590 1771 3838 1829 Panormi

597 1858 652 1909 in
691 1855 877 1911 Sicilia
906 1854 1217 1925 aliquandiu
1247 1853 1472 1920 vixisse,
1500 1854 1613 1925 ipse
1644 1854 1798 1909 nobis
1832 1855 1987 1910 testis
2019 1862 2125 1910 est.
2159 1855 2363 1911 Claruit
2388 1871 2534 1911 anno
2567 1854 2728 1911 1144.
2753 1853 2857 1924 Qui
2887 1871 2984 1927 per
3007 1857 3267 1927 epistolas
3294 1872 3324 1912 a
3366 1857 3602 1931 Rogerio
3649 1859 3839 1917 Siciliae

598 1961 725 2017 rege
761 1946 998 2001 monitus
1032 1945 1252 2015 scripsit
1282 1944 1607 2015 opusculum
1632 1942 1708 1999 De
1739 1946 2003 2005 iuniorum
2032 1944 2461 2012 patriarcharum
2482 1944 2721 2009 ssdibus,
2749 1944 2891 2014 quod
2923 1953 3131 2015 postea,
3155 1960 3301 2002 anno
3338 1962 3531 2018 nempe
3567 1951 3835 2019 praedicto,

598 2033 796 2088 iusiori
824 2047 991 2103 Opere
1026 2042 1348 2102 prosecutus
1375 2042 1458 2087 est
1487 2049 1502 2086 :
1537 2031 1590 2088 in
1622 2047 1730 2101 quo
1764 2032 1831 2088 de
1860 2034 2101 2105 quinque
2139 2030 2598 2102 patriarchalibus
2629 2031 2865 2097 thronis,
2894 2032 3073 2105 iisque
3110 2033 3370 2104 subjectis
3401 2035 3838 2107 archiepiscopis,

600 2122 1058 2193 metropolitanis,
1092 2123 1387 2191 episcopis,
1428 2122 1493 2176 de
1521 2121 1965 2191 patriarchalium
1998 2121 2209 2177 sodium
2247 2120 2607 2185 institutione,
2634 2119 2824 2176 ordine
2854 2130 2910 2176 et
2937 2122 3171 2191 propriis
3202 2123 3512 2179 nominibus
3543 2124 3841 2181 luculenter

601 2213 732 2283 agit.
762 2211 842 2267 Ex
877 2213 979 2267 hac
1011 2211 1475 2282 patriarchatuum
1508 2212 1727 2277 notitia,
1759 2213 2089 2281 amplissima
2134 2211 2300 2267 multa
2334 2226 2399 2269 ac
2436 2212 2695 2282 prmelara
2734 2226 2863 2268 sane
2894 2211 3194 2282 fragmenta
3227 2213 3446 2270 exhibet
3477 2212 3590 2271 Leo
3620 2217 3841 2271 Allatius

602 2300 680 2357 De
712 2302 999 2358 concordia
1033 2299 1287 2355 Ecclesiae
1319 2299 1607 2355 Orientalis
1639 2310 1687 2354 et
1714 2297 2091 2367 Occidentalis,
2129 2300 2223 2356 lib.

2196 2322 2223 2355 ι.
2272 2317 2324 2368 t,
2362 2316 2517 2372 capp.
2548 2300 2604 2368 2,
2638 2300 2696 2368 8,
2723 2301 2780 2369 9,
2814 2301 2903 2368 10,
2937 2300 3025 2367 12,
3064 2300 3167 2370 14,
3202 2301 3290 2370 16,
3331 2305 3420 2370 17,
3452 2303 3547 2362 24.
3576 2304 3835 2375 integrum

602 2400 784 2446 autem
816 2391 1013 2447 librum
1045 2405 1113 2444 ex
1146 2388 1333 2445 codice
1362 2387 1759 2445 Bonaventura:
1787 2387 2094 2443 Wulocanii
2128 2388 2429 2445 recentiore
2460 2404 2623 2445 manu
2661 2404 2807 2445 anno
2844 2388 2977 2445 1651
3017 2389 3312 2460 descripto,
3348 2390 3539 2448 Graece
3569 2402 3626 2448 et
3660 2392 3842 2448 Latine

604 2479 655 2532 in
690 2478 865 2535 lucem
902 2477 1087 2534 emisit
1108 2476 1419 2549 Stephanus
1440 2475 1516 2531 Le
1539 2475 1717 2531 hicine
1744 2476 1928 2533 tomol
1966 2476 2243 2534 Varioruut
2266 2492 2566 2545 sacrorum,
2592 2492 2715 2546 pag.
2736 2476 2864 2543 2H,
2889 2478 3134 2550 Lugduni
3163 2477 3488 2534 Batavorum
3514 2496 3666 2536 anno
3691 2481 3840 2547 l685.

602 2566 747 2623 iu-d.
782 2564 1013 2622 Fallitur
1038 2565 1235 2621 eximie
1265 2564 1585 2621 Guillelmus
1607 2564 1785 2621 Cuvus
1836 2566 1961 2621 dum
1991 2565 2151 2622 annis
2184 2578 2399 2622 centum
2425 2568 2567 2623 hunc
2595 2569 2916 2638 scriptorem
2944 2568 3304 2640 antiquiorem
3327 2585 3488 2637 quam
3516 2572 3634 2627 fere
3666 2573 3838 2637 fuerit,

605 2656 737 2710 t'acit
770 2672 785 2710 :
817 2669 1070 2711 asserens
1114 2652 1369 2711 ﬂoruisse
1405 2669 1549 2710 anno
1600 2653 1740 2709 1043
1767 2652 1948 2710 saeculi
1987 2654 2276 2710 undecimi.
2316 2656 2493 2711 Aliam
2544 2656 2822 2714 habuisset
2875 2666 3132 2725 mentem,
3184 2658 3231 2714 si
3272 2659 3545 2730 tantisper
3594 2662 3665 2717 ad
3712 2676 3841 2731 opus

611 2744 757 2799 illius
788 2744 932 2815 quod
965 2758 1077 2814 prae
1105 2744 1358 2800 manibus
1390 2743 1599 2809 habuit,
1633 2742 1980 2798 attendisset.
2007 2742 2120 2799 illic
2144 2744 2288 2801 enim
2320 2744 2399 2799 ait
2429 2746 2627 2800 diserte
2660 2760 2720 2801 se
2747 2746 2847 2801 hoc
2876 2746 3250 2817 composuisse
3272 2748 3620 2818 opusculum,
3656 2760 3715 2804 ut
3739 2752 3843 2819 ipse

608 2841 859 2900 testatur,
898 2833 1034 2895 Erat,
1082 2836 1282 2905 Ιςχνιιν,
1339 2846 1432 2886 seu
1493 2845 1637 2886 anno
1686 2830 2003 2887 Graecorum
2050 2828 2247 2885 Consta

2201 2831 2768 2900 tantinopolitanorum
2802 2831 2964 2896 6651.
3012 2833 3065 2889 id
3112 2843 3194 2891 est
3245 2848 3389 2890 anno
3438 2836 3648 2892 Christi
3690 2838 3840 2893 1145.

609 2922 755 2977 Sane
786 2923 942 2979 Nilus
974 2920 1331 2992 Doxapatrius
1358 2920 1567 2976 diserte
1600 2919 1667 2975 ad
1697 2933 1898 2973 annum
1930 2918 2069 2974 1145
2097 2918 2299 2975 relatus
2326 2932 2353 2973 a
2384 2919 2581 2973 Carolo
2612 2919 2679 2972 du
2708 2918 2911 2974 Fresne
2934 2959 2951 2985 ,
2986 2922 3204 2975 domino
3231 2922 3297 2975 du
3327 2921 3531 2991 Cauge,
3573 2923 3631 2979 in
3678 2924 3847 2980 Indice

607 3019 891 3066 auctorum
924 3025 1089 3082 quem
1150 3007 1429 3077 subjuuxit
1475 3010 1542 3062 ad
1591 3007 1794 3062 calcem
1829 3006 2093 3062 Glossarii
2142 3007 2326 3061 media:
2359 3016 2408 3061 et
2461 3006 2657 3075 inﬁma:
2705 3002 3025 3071 Grauitatis,
3064 3007 3169 3063 col.
3205 3006 3272 3062 57
3304 3019 3357 3063 et
3381 3008 3473 3075 58,
3516 3012 3607 3066 his
3639 3014 3845 3067 verbis:

608 3098 771 3153 Nilus
798 3097 1163 3168 Doxapatrius
1192 3095 1615 3150 arcltimandrita
1642 3097 1711 3149 de
1748 3095 1988 3165 quinque
2018 3095 2472 3162 patriarcltalibus
2503 3096 2743 3160 sedibus,
2783 3095 2937 3165 cujus
2970 3094 3094 3149 libri
3125 3108 3372 3164 excerpta
3415 3100 3572 3153 uaria
3611 3101 3849 3155 describit

607 3188 714 3243 Leo
742 3184 974 3242 Allatius
1006 3187 1062 3240 in
1089 3186 1224 3238 libro
1253 3184 1327 3238 De
1362 3198 1632 3239 consensu
1661 3183 1945 3251 utriusque
1980 3180 2246 3247 Ecclesia,

2205 3198 2255 3247 ε,
2288 3198 2445 3253 pagg.
2479 3183 2567 3247 is,
2602 3181 2725 3248 too,
2758 3184 2880 3248 165,
2918 3184 3036 3251 167,
3072 3185 3197 3252 175,
3233 3184 3360 3251 tos,
3401 3187 3536 3253 2:5,
3572 3188 3700 3252 259,
3726 3189 3844 3253 255,

605 3268 734 3342 409,
768 3274 895 3341 522,
922 3273 1045 3330 552.
1090 3271 1231 3328 Vixit
1258 3274 1354 3327 sub
1387 3270 1611 3343 Rogerio
1640 3287 1757 3341 rege
1794 3272 1848 3326 in
1876 3269 2066 3327 Sicilia
2101 3288 2241 3325 anno
2283 3272 2439 3329 1145.
2477 3271 2665 3327 Editus
2706 3290 2869 3339 nuper
2898 3291 2929 3327 a
2961 3272 3229 3341 Stephano
3275 3272 3348 3329 Le
3380 3275 3568 3330 )Ioine
3611 3276 3765 3333 i685.
3798 3277 3847 3330 lu

608 3369 848 3424 editione
873 3367 1117 3421 omnium
1152 3366 1207 3420 S.
1244 3364 1530 3420 Athanasii
1561 3362 1796 3433 Operum
1843 3361 2134 3417 Parisiensi
2172 3360 2328 3424 1698,
2379 3361 2519 3432 apud
2561 3362 2905 3424 Auissonios.
2940 3364 3079 3418 inter
3108 3361 3257 3419 Vitas
3282 3376 3337 3419 et
3368 3363 3558 3433 Elegia
3594 3365 3653 3422 S.
3683 3367 3842 3420 Atha-

610 3455 750 3511 nasii
783 3456 834 3510 in
865 3454 1147 3511 Prmluiliis
1193 3467 1316 3525 pag.
1347 3466 1533 3517 cuiv,
1570 3452 1679 3506 Τοῦ
1724 3451 2078 3521 Δοξαπάτρου
2119 3452 2209 3519 qui
2246 3466 2405 3505 manu
2442 3451 2684 3507 codicem
2732 3450 3083 3508 Basiliensem
3128 3450 3361 3523 Operum
3389 3454 3678 3510 Athanasii
3706 3456 3847 3525 cujus

614 3545 960 3600 meminimus
984 3543 1222 3612 scripsit,
1243 3542 1374 3605 ἔπος
1398 3542 1450 3596 in
1474 3541 1661 3595 Arium
1691 3540 1764 3593 De
1793 3540 1949 3593 laude
1971 3539 2251 3592 Athanasii
2279 3539 2329 3591 iu
2357 3538 2539 3593 limine
2568 3539 2728 3610 hujus
2755 3540 2980 3607 codicis,
3007 3540 3212 3596 editum
3237 3558 3265 3595 a
3298 3539 3460 3597 Petro
3489 3541 3847 3599 Fclckmanno

612 3634 800 3689 Graece
834 3632 969 3689 1600
1005 3630 1397 3701 iieidclbergtc,
1427 3638 1481 3686 et
1522 3632 1575 3684 in
1614 3628 1855 3684 editione
1886 3628 2181 3683 Parisiensi
2226 3626 2384 3681 i698.
2426 3626 2629 3681 Exstat'
2655 3627 2819 3683 etiam
2864 3628 2918 3682 iu
2958 3644 3059 3683 ius.
3112 3631 3302 3685 codice
3351 3629 3548 3686 Gncco
3598 3632 3847 3687 historico

618 3722 958 3778 bibliothecae
985 3721 1250 3775 Caesarea:
1278 3717 1737 3781 Vindobonensis,
1780 3717 1902 3772 cod.
1949 3716 2039 3777 47,
2091 3732 2241 3772 num.
2263 3716 2319 3776 ‘2.
2354 3724 2411 3771 ut
2445 3716 2607 3771 habet
2648 3714 2837 3772 Petrus
2869 3714 3213 3778 Lambecius.
3250 3728 3381 3774 tom.
3422 3718 3540 3774 Vill
3572 3720 3847 3775 ϐοιιιιιιεηο

616 3812 876 3868 tat-lorum
941 3810 1102 3879 hujus
1161 3810 1530 3873 Bibliothecm,
1578 3824 1700 3878 pag.
1732 3805 1859 3873 457,
1895 3806 1977 3859 his
2020 3803 2508 3859 \'erbis:Sccundo
2547 3815 2601 3858 et
2643 3804 2863 3873 quidem
2917 3821 2946 3858 ιι
2996 3803 3091 3861 fol.
3132 3805 3254 3871 125,
3307 3821 3429 3877 pug.
3478 3807 3533 3873 l,
3580 3824 3745 3877 usque
3788 3804 3845 3860 ad

615 3901 710 3955 l'nl.
750 3899 874 3966 155,
906 3915 1029 3970 pag.
1073 3899 1126 3963 1,
1163 3897 1376 3952 Nicolai
1404 3896 1600 3950 notarii
1634 3894 2015 3963 patriarchalis
2045 3892 2256 3964 Magna-
2297 3892 2549 3946 Ecclesia:
2584 3892 3204 3961 Constantinopolitantc,
3250 3906 3298 3949 et
3342 3898 3709 3963 protoproedri
3737 3910 3848 3964 syn-

615 3990 890 4051 cellorunt,
918 3987 1079 4043 simul
1106 3988 1266 4041 etiam
1300 3984 1693 4055 nomophylocis
1732 3985 1938 4051 imperii
1986 3979 2363 4045 Romanorum,
2397 3984 2700 4051 cognomine
2732 3980 3056 4050 Doxapatri,
3091 3980 3372 4052 Expositio
3410 3987 3462 4038 iu
3514 3986 3577 4041 S.
3628 3981 3847 4054 Gregorii

620 4077 952 4133 Nazianzeni
991 4075 1323 4132 Turasticlta
1353 4076 1601 4138 iambico,
1626 4086 1675 4125 et
1709 4074 1819 4126 alia
1855 4072 1968 4142 Qus
2012 4071 2269 4125 nonnulla
2321 4073 2578 4124 carmina.
2629 4069 2944 4126 lnscribitut‘
2989 4089 3052 4126 ea
3103 4085 3263 4142 atque
3295 4076 3485 4143 incipit
3523 4076 3625 4131 hoc
3668 4076 3843 4128 modo:

616 4167 887 4221 Νικολάου
952 4166 1054 4235 τῆς
1097 4162 1726 4223 Κωνσταντινουπόλεως
1778 4159 1874 4215 τοῦ
1935 4159 2068 4213 Θεοῦ
2111 4160 2365 4227 Μεγάλης
2416 4159 2718 4228 ἐκκλησίας
2780 4160 3183 4231 πατριαρχικοῦ
3220 4163 3490 4233 νοταρίου,
3524 4166 3619 4219 καὶ
3651 4178 3845 4235 πρωτο-

620 4257 886 4328 προέδρου
952 4256 1090 4316 Δόξα
1141 4255 1331 4326 πατρὶ,
1383 4254 1646 4323 ἐξήγησις
1692 4251 1800 4305 τῶν
1839 4249 2211 4322 τετραστίχων
2270 4249 2567 4315 ἰαμϐικῶν,
2624 4249 3017 4319 παραινετικοῦ
3080 4253 3136 4304 ὲν
3197 4252 3376 4320 ἁγίοις
3433 4254 3652 4327 Harpe;
3705 4252 3847 4324 ἡμῶν

618 4346 925 4415 Γρηγορίου
945 4342 1040 4397 τοῦ
1062 4342 1351 4409 Θεολόγου.
1378 4342 1453 4395 Τὸ
1476 4340 1805 4410 ἐπίγραμμα
1826 4338 1935 4392 τῶν
1967 4336 2165 4407 στίχων
2183 4352 2197 4367 °
2224 4336 2264 4388 Γ
2268 4336 2528 4407 ρηῖορῑου
2550 4338 2706 4401 πόνος
2737 4338 2873 4407 εἰμὶ,
2896 4340 3282 4409 τετραστιχίην
3318 4341 3375 4393 δὲ
3418 4343 3727 4412 φυλάσσων,
3752 4350 3845 4396 etc.

620 4433 739 4498 Quo
781 4432 934 4486 linito
978 4427 1251 4485 Prommio
1303 4425 1549 4498 sequitur
1607 4427 1823 4481 initium
1880 4426 2120 4493 ipsorum
2184 4422 2259 4478 Te.

2206 4422 2654 4480 Vetrastichorum.
2712 4426 2912 4497 Γνώμη
2951 4433 3023 4480 α’.
3088 4428 3295 4500 [Ιρᾶξιν
3346 4426 3845 4502 προτιμήσειας,ἦ

624 4518 885 4589 υεωριαν,
930 4531 1040 4574 etc.
1073 4517 1354 4585 Expositio
1384 4527 1567 4571 autem
1597 4515 1882 4584 subjuncta
1910 4514 2097 4584 incipit
2132 4514 2216 4568 his
2248 4530 2263 4567 ι

2211 4530 2216 4565 ι
2248 4514 2425 4567 verbis
2456 4531 2468 4565 :
2499 4515 2696 4585 Διττῆς
2728 4513 2896 4586 οὔσης
2946 4516 3044 4586 τῆς
3076 4516 3312 4587 ἀληθοῦς
3344 4520 3688 4589 φιλοσοφίας,
3725 4522 3786 4589 ἦν
3825 4517 3850 4568 ὁ

624 4610 860 4681 Χριστὸς
916 4608 1011 4662 καὶ
1066 4609 1115 4662 oi
1159 4607 1445 4661 ἀπόστολοι
1480 4608 1613 4677 ἡμῖν
1661 4603 2115 4675 παραδεδώκασιν
2162 4604 2222 4655 ὲν
2274 4602 2650 4671 Εὑαγγελίοις,
2694 4605 2790 4658 καὶ
2844 4606 2964 4669 ταῖς
2997 4605 3211 4669 λοιπαῖς
3263 4608 3436 4677 ἱεραῖς
3495 4607 3702 4680 βίϐλοις
3753 4605 3851 4659 τῶν

627 4697 907 4768 "Paestum
933 4698 1027 4750 καὶ
1056 4696 1164 4751 τῶν
1201 4695 1552 4761 Ἐπιστολῶν,
1588 4695 1811 4766 καὶτῆς
1844 4695 1943 4764 μὶν
1984 4690 2266 4764 πρακτικῆι

2210 4690 2289 4762 ιῆς
2322 4691 2505 4761 οΰσης,
2533 4692 2629 4761 τῆς
2650 4690 2707 4745 δι
2739 4691 3103 4763 Θεωρητικῆς,
3135 4703 3240 4749 etc.
3276 4693 3433 4749 Plura
3465 4695 3529 4751 de
3564 4696 3647 4752 liis
3680 4693 3849 4750 Tetra-

627 4784 803 4840 sticltis
844 4785 1070 4852 aliisque
1101 4785 1159 4839 δ.
1189 4784 1434 4855 Gregorii
1472 4784 1797 4838 Nazianzeni
1826 4782 2179 4845 carminibus,
2216 4783 2336 4837 vide
2366 4792 2513 4839 tonio
2550 4784 2609 4838 ll.
2640 4786 2874 4855 Operutn
2899 4785 3073 4849 illius,
3104 4786 3330 4842 Parisiis
3362 4802 3389 4841 a
3440 4786 3725 4842 Frederico
3753 4784 3851 4838 Ilo-

630 4873 767 4928 rello
804 4872 937 4928 1611
977 4872 1167 4928 Graece
1197 4883 1249 4928 et
1284 4872 1476 4927 Latine
1508 4872 1723 4928 in-l’olio
1764 4871 2032 4926 editorum
2065 4887 2078 4924 :
2115 4881 2168 4926 et
2194 4872 2413 4940 quidem
2445 4874 2709 4943 imprimis
2754 4888 2878 4945 pag.
2920 4872 3046 4939 l56,
3094 4874 3183 4930 ubi
3234 4877 3346 4946 ipsa
3402 4875 3489 4929 illa
3540 4871 3852 4931 Tetrasticlw

628 4972 869 5019 exstant.
906 4960 971 5016 Et
998 4961 1248 5017 columna
1288 4959 1448 5025 1405,
1501 4967 1666 5028 atque
1696 4959 1970 5029 deinceps,
2018 4961 2107 5013 ubi
2139 4957 2342 5014 Niceta:
2383 4960 2741 5033 Datlybrcnsis
2776 4961 3199 5018 Commentarios
3234 4964 3286 5016 in
3324 4964 3504 5018 eadem
3538 4959 3853 5018 Telrasticha

634 5052 824 5106 Latine
851 5051 1159 5116 exhibetur,
1196 5065 1320 5105 cum
1353 5050 1571 5105 insertis
1596 5046 1786 5104 Jacobi
1818 5048 1957 5103 Billii
2000 5048 2238 5104 scholiis.
2270 5050 2375 5106 Sed
2412 5051 2479 5105 de
2526 5049 2731 5105 Νίσοιυὶ
2783 5053 2939 5107 istius
2975 5052 3288 5117 Doxapatrii
3330 5052 3703 5121 Expositione.
3749 5058 3853 5115 qua

631 5139 685 5192 in
720 5140 967 5209 prals'enti
1006 5153 1109 5193 ms.
1148 5138 1338 5195 codice
1366 5138 1617 5193 Caesareo
1645 5146 1847 5203 exstat,
1883 5136 2027 5191 nulla
2059 5153 2282 5208 prorsus
2328 5139 2398 5193 ibi
2449 5142 2651 5193 mentio
2679 5139 2757 5204 ilt,
2788 5141 2914 5209 quia
2939 5152 2996 5195 et
3023 5139 3178 5194 Billio
3227 5151 3281 5194 et
3318 5139 3548 5194 Morello
3598 5136 3849 5206 incognita

634 5228 753 5279 fuit.
786 5246 804 5275 ι
834 5227 1142 5282 Bernartius
1170 5229 1237 5281 de
1275 5223 1641 5289 Montiaucon,
1675 5227 1970 5281 monachus
1996 5224 2376 5282 Benedictinus
2403 5227 2838 5297 congregationis
2863 5227 3051 5283 Sancti
3089 5226 3260 5281 Mauri
3301 5227 3352 5282 in
3393 5228 3591 5293 Gallia,
3631 5223 3852 5278 Diarim

643 5315 887 5370 Italicum
922 5332 1062 5370 «ωηο
1097 5316 1231 5371 1⁸702
1271 5314 1493 5371 Parisiis
1525 5315 1666 5386 apud
1715 5313 1980 5383 Joannem
2010 5316 2245 5371 Anisson
2276 5316 2331 5371 in
2359 5315 2395 5369 4
2426 5316 2691 5372 edendum
2746 5318 2941 5388 sategit
2970 5356 2986 5381 ,
3048 5318 3101 5371 in
3143 5332 3249 5387 quo
3283 5316 3509 5388 plurima
3562 5317 3627 5369 ad
3680 5310 3853 5367 biblio-

638 5406 831 5459 thecas;
890 5405 1058 5459 italiae
1085 5404 1384 5473 spectantia
1416 5405 1781 5460 continentur.
1819 5404 1937 5460 illic
1960 5419 2092 5475 ergo
2122 5405 2298 5476 capite
2352 5404 2419 5460 15
2460 5405 2703 5475 loquitur
2746 5406 2812 5461 de
2869 5404 3202 5459 monasterio
3232 5416 3285 5460 et
3325 5391 3650 5461 bibliotheca
3686 5410 3853 5453 mona‘

642 5494 863 5544 chorum
900 5491 956 5545 S.
993 5492 1175 5547 Basilii
1217 5490 1531 5548 Graecorum
1566 5492 1767 5549 Bonum.
1802 5493 1955 5560 Quod
1986 5496 2207 5565 quidem
2242 5495 2551 5551 coenobium
2602 5508 2949 5563 perparvom,
2982 5492 3293 5561 nulliusque
3343 5494 3573 5547 antehac
3615 5482 3851 5545 nominis,

639 5579 745 5648 jam
793 5581 971 5635 studio
1014 5579 1077 5633 R.
1121 5581 1293 5635 l’atris
1327 5580 1474 5635 Petri
1509 5580 1779 5646 Meunitii,
1821 5583 2031 5639 ordinis
2061 5582 2536 5655 praefectiJc-stiva
2566 5581 2720 5650 copia
2763 5581 3012 5636 codicum
3062 5580 3371 5636 Graecorum
3422 5587 3728 5635 exornatur.
3774 5569 3855 5622 ιιιθ

640 5666 808 5729 enim,
839 5668 961 5735 quia
992 5668 1043 5720 in
1078 5668 1242 5723 variis
1268 5668 1372 5724 sibi
1403 5668 1665 5738 subjectis
1691 5672 2039 5737 monasteriis
2065 5670 2348 5736 Calabriae,
2389 5672 2607 5727 codices
2635 5672 2791 5737 istos,
2825 5670 3069 5724 obsoleto
3103 5683 3239 5737 pene
3285 5667 3470 5725 Graece
3515 5668 3569 5722 li!
3590 5677 3704 5737 goat
3732 5671 3843 5720 usu.

644 5755 819 5819 jacere
854 5756 1083 5812 intactos
1118 5757 1493 5827 neglectosque
1527 5768 1830 5828 acceperat,
1862 5760 2165 5816 imminenti
2202 5762 2313 5828 jam
2358 5760 2553 5816 exsilio
2586 5758 2870 5822 subduxit,
2918 5760 3082 5825 inque
3128 5758 3328 5814 Urbem
3370 5756 3559 5812 advehi
3610 5754 3659 5807 in
3710 5755 3849 5802 usum
