4150 6318
650 334 791 395 1095

1943 328 2107 389 NlLI
2149 326 2621 388 ΒΟΧΛΡΑΤΒΙΙ

3760 328 3885 392 1096

643 449 695 503 1.
774 443 1094 515 Diospolim,
1138 442 1251 497 sive
1296 440 1724 513 Ccorgiupolim,
1775 438 1830 494 2.
1883 440 2212 496 Ascalonem

2330 438 2604 511 Γεωργίου
2640 437 2847 501 πόλεως
2874 455 2886 468 ·
2916 438 2979 509 β’.
3009 438 3107 511 τὴν
3129 436 3469 503 Ἀσκάλωνος
3500 455 3511 471 ⁸
3541 456 3578 508 γ
3599 478 3613 493 .
3653 438 3868 510 τὴνῚόπ

640 534 984 603 3.1oppem;
1015 534 1065 586 1.
1103 533 1337 599 Gazam;
1364 534 1415 589 5.
1474 532 1886 598 Anthedonem;
1932 531 1983 585 6.
2025 531 2231 586 Diocle-

643 627 985 699 tianupolim,
1019 626 1071 680 7.
1110 624 1590 696 Eleutheropolim,
1620 624 1674 680 8.
1724 623 2024 694 Neapolim,
2054 622 2109 679 9.
2132 623 2231 678 Se-

644 722 874 786 bastem,
933 717 1018 772 10.
1065 716 1379 785 Jordanem,
1450 719 1538 773 11.
1578 716 1943 783 Tiberiadem,
1976 715 2064 773 η.
2099 716 2226 771 Dio-

643 829 960 879 cmsarcam,
1015 814 1102 867 15.
1154 810 1683 882 Maximianopolim,
1714 810 2224 881 MCapetoliadcm,

644 905 730 962 l5.
767 904 999 975 Myroni,
1040 904 1127 959 16.
1156 904 1486 968 Gardarum,
1511 902 1599 958 17.
1651 901 1898 968 Nazarct,
1960 901 2049 957 18.
2085 901 2229 955 Tha-

645 997 854 1049 bot‘ium
924 1004 1185 1059 montem,
1249 991 1335 1047 19.
1363 993 1784 1063 Cyriacupolim,
1841 991 1934 1047 20.
1976 992 2224 1055 Adriani,

647 1087 739 1140 2|.
764 1085 1047 1150 Gabalam,
1079 1085 1172 1139 22.
1223 1082 1450 1148 Alliam,
1481 1083 1571 1138 23.
1610 1083 1837 1149 Pharas,
1884 1084 1973 1139 26.
1999 1084 2229 1138 Helenu-

640 1179 828 1248 polim,
884 1176 977 1232 25.
1031 1178 1265 1231 Montem
1308 1176 1475 1241 Sina;
1524 1187 1578 1231 et
1602 1175 1681 1232 sic
1710 1186 1944 1246 quatuor
2003 1177 2225 1231 haecin-

638 1272 819 1344 gentia
863 1271 1043 1340 capita
1105 1278 1537 1337 permanserunt,
1569 1268 1869 1337 Romanus,
1911 1270 2229 1325 Alexandri-

642 1378 767 1431 nos,
800 1374 1031 1431 uterque
1082 1376 1221 1432 papa
1246 1368 1493 1426 vocatus,
1521 1369 1635 1416 tum
1682 1362 2073 1425 Autiochenus,
2111 1372 2224 1417 tum

640 1455 1199 1527 llierosolymitanus,
1256 1462 1487 1523 uterque
1520 1453 1831 1524 patriarcha
1863 1464 2222 1525 nuncupatus.

645 1554 928 1610 Communi
983 1554 1167 1623 utique
1214 1553 1430 1607 nomine
1482 1552 1745 1621 episcopi,
1800 1559 1855 1605 et
1922 1552 2225 1620 pootiliccs,

641 1648 833 1702 Patres
858 1647 1215 1712 vocabantur,
1260 1644 1373 1699 sive
1421 1643 1497 1697 illi
1537 1644 1796 1709 majores,
1820 1642 1933 1697 sive
1966 1643 2223 1697 minores.

646 1739 751 1793 Sed
820 1737 1001 1807 adepti
1037 1746 1164 1793 sunt
1234 1745 1346 1789 tres
1376 1734 1531 1804 primi
1560 1733 1879 1803 pattianha:
1915 1733 2019 1787 dici
2049 1749 2221 1804 papas,

2259 1273 2271 1283 '
2327 1264 2429 1335 κβ¹.
2460 1265 2559 1337 τήν
2589 1266 2776 1330 Allia;
2806 1284 2820 1298 ο

2330 543 2440 599 πης
2467 546 2481 559 ·
2512 528 2573 582 δ’.
2619 528 2716 597 τὴν
2770 528 2951 599 Γάζης
2977 545 2991 559 ’
3027 530 3089 584 ε’.
3151 531 3251 598 τὴν
3315 530 3631 600 Ἀνθηδόνος
3652 549 3667 565 ·
3701 536 3773 597 ς’.
3800 533 3885 600 τὴ)

2330 621 2963 690 Διοκλητιανουπόλεωςο
2998 620 3062 685 ς’.
3105 623 3205 695 τὴν
3259 622 3757 697 Ἐλευθεροπόλεως
3779 642 3790 655 ·
3822 634 3883 694 η’.

2329 714 2431 783 τὴν
2455 714 2816 777 Νεαπόλεωςο
2850 712 2915 769 0'.
2943 718 3041 786 τὴν
3090 716 3369 787 Σεϐαστῆς
3399 733 3411 746 ·
3459 725 3508 772 ι’.
3564 718 3667 786 τὴν
3709 718 3891 786 Ἰορδα·

2331 822 2457 859 νου·
2485 814 2575 864 ια’.
2630 808 2731 879 τὴν
2775 807 3092 880 Τιϐεριάδος
3116 826 3128 839 ο
3164 807 3251 879 ιβ’.
3289 811 3388 880 τὴν
3446 811 3883 879 Διοκα.σαρεία;·

2334 906 2425 967 ιγ’.
2453 900 2553 970 τὴν
2572 901 3135 971 Μαξιμιςινουπόλεως
3164 914 3179 930 ⁸
3208 903 3289 957 ιδ’.
3307 904 3406 974 τὴν
3432 903 3850 967 Καπετωλιέδος
3874 920 3883 931 ·

2331 992 2412 1042 ιε’.
2456 988 2563 1059 τὴν
2586 987 2782 1059 Μύρου
2806 1004 2820 1021 ·
2850 987 2947 1052 ις’.
2978 990 3078 1061 τὴν
3102 988 3343 1060 Γαδάρου
3370 1007 3383 1021 ·
3416 990 3505 1055 ιζ’.
3534 994 3635 1061 τὴν
3661 990 3756 1061 τῆς
3786 993 3888 1045 Να-

2328 1079 2494 1151 ζαρέτ
2521 1096 2534 1110 ⁸
2573 1087 2662 1153 ιη’.
2693 1084 2792 1153 τὴν
2849 1080 3135 1152 Θαδωρίου
3194 1082 3353 1152 δρους
3382 1100 3397 1116 ’
3431 1082 3516 1137 ιϐ’.
3556 1084 3657 1152 τὴν
3693 1084 3887 1154 Κυρια-

2328 1172 2673 1238 κουπόλεωςο
2703 1172 2773 1227 κ’.
2825 1174 2926 1243 τὴν
2973 1175 3197 1245 ’Δδρίας
3224 1192 3237 1206 ·
3271 1180 3378 1231 κα’.
3446 1175 3545 1245 τὴν
3606 1174 3883 1229 Γαιάλων·

2864 1274 2973 1335 κγ’.
3019 1267 3119 1339 τὴν
3172 1268 3358 1336 «rapa;
3389 1282 3404 1297 °
3443 1265 3545 1321 κδ’.
3598 1267 3699 1339 τὴν
3752 1267 3889 1320 Ἐλε-

2327 1360 2635 1423 νουπόλεως
2657 1375 2671 1389 ·
2709 1366 2812 1414 κε’.
2844 1361 2944 1430 τὴν
2964 1360 3059 1413 τοῦ
3091 1360 3249 1428 ὅρους
3299 1360 3451 1414 Σινᾶ.
3499 1361 3763 1430 Ἔμειναν
3803 1358 3886 1413 οὖν

2326 1452 2383 1505 αἱ
2415 1451 2681 1521 τέσσαρες
2740 1454 2975 1522 μεγάλαι
3023 1442 3183 1504 αὗται
3239 1450 3507 1519 κεφαλαὶ,
3536 1452 3566 1504 6
3601 1451 3835 1521 Ῥώμης,
3862 1455 3887 1506 6

2340 1542 2777 1614 Ἀλεξανδρείας,
2808 1546 3001 1607 «una;
3039 1544 3300 1615 ἑκάτερος
3340 1541 3691 1615 ὀνομασθείς,
3728 1540 3885 1597 εἴταὸ

2325 1636 2683 1708 Ἀντιοχείας,
2716 1632 2835 1690 εἶτα
2859 1640 2886 1691 6
2930 1636 3347 1709 Ἱεροσολύμων,
3374 1639 3717 1711 πατριάρχαι
3766 1639 3885 1690 ἑκά-

2325 1746 2472 1801 τεροι
2495 1729 2910 1802 ὀνομαζόμενοι.
2949 1731 3132 1802 Κοινῷ
3165 1731 3265 1802 μὲν
3297 1726 3389 1785 οὖν
3430 1731 3660 1802 ὀνόματι
3701 1732 3883 1792 πάντες

642 1842 824 1903 patres
871 1829 1098 1884 scilicet.
1152 1826 1293 1897 Papa
1327 1829 1470 1881 enim
1547 1835 1700 1879 notat
1746 1823 1981 1880 Patrem.
2033 1824 2139 1881 Sed
2168 1834 2212 1881 el

2326 1819 2619 1874 ἐπίσκοποι
2649 1819 2743 1874 καὶ
2770 1819 3049 1891 ἀρχιερεῖς
3080 1821 3175 1872 καὶ
3206 1818 3443 1887 πατέρες
3467 1821 3760 1874 καλοῦνται
3786 1821 3881 1872 εῑτε

640 1925 1026 1991 archiepiscopi
1063 1924 1341 1977 dicuntur.
1368 1921 1730 1978 Nihilominus
1762 1939 1826 1979 ει
1863 1939 1962 1978 usu
1997 1925 2219 1995 antiquo

642 2015 695 2069 id
759 2015 1017 2077 obtinuit,
1070 2014 1370 2093 Romanum
1437 2016 1783 2084 peculiariter
1838 2018 1941 2071 dici
1997 2015 2215 2085 Papam.

641 2106 899 2162 Similiter
934 2117 990 2161 et
1043 2106 1465 2163 Alexandrinum
1521 2122 1739 2177 papam.
1820 2106 2219 2164 Antiochcnom

644 2210 774 2251 vero
806 2193 1196 2265 patriarcbam,
1218 2206 1548 2266 quapropter
1569 2198 1635 2250 ad
1671 2198 1813 2252 hunc
1842 2197 1983 2251 diem
2018 2198 2221 2251 Antio-

636 2289 843 2343 chenos
873 2288 1180 2358 patriarcha
1208 2301 1548 2359 nuncupatur
1584 2292 1751 2345 tutius
1820 2290 2081 2346 Orientis.
2141 2290 2217 2345 Ita

636 2382 782 2436 enim
833 2396 950 2436 mos
982 2396 1046 2437 ex
1080 2383 1351 2452 principio
1403 2383 1655 2438 invaluit.
1686 2382 1921 2439 Vocatus
1946 2394 2029 2439 est
2055 2384 2219 2438 etiam

635 2475 945 2545 patriarcha
992 2484 1051 2532 et
1076 2475 1190 2546 ipse
1211 2476 1730 2548 Hierosolymitanus
1784 2476 1909 2532 licet
1934 2478 2219 2548 episcopus

634 2576 778 2623 esset
816 2567 918 2623 sub
962 2566 1210 2625 Cassarea
1238 2568 1291 2623 in
1344 2567 1654 2625 Palaestina.
1686 2570 1775 2624 Ait
1817 2569 2001 2640 itaque
2033 2579 2217 2625 sextus

635 2676 808 2716 canon
833 2669 1035 2716 sanctas
1067 2664 1487 2718 etwcumenicze
1510 2664 1697 2731 prima:
1713 2666 1902 2737 synodi
1931 2661 2213 2721 Nicaeum;

640 2771 661 2805 ι
698 2753 946 2823 Antiqua-
968 2754 1390 2809 consuetudines
1412 2769 1572 2809 suum
1610 2756 1841 2809 habeant
1876 2754 2060 2819 rohur,
2092 2770 2216 2826 qute

632 2854 757 2899 sunt
788 2846 841 2899 in
872 2843 1127 2915 Egypto,
1155 2844 1342 2918 Libya,
1383 2856 1434 2900 et
1459 2844 1760 2917 Pentapoli,
1797 2856 1854 2903 ut
1892 2848 2213 2903 Alexandri-

633 2951 735 2993 nus
786 2938 1070 3009 episcopus
1118 2939 1312 2994 horum
1361 2940 1599 2994 omnium
1624 2941 1818 2994 haheat
1883 2941 2207 3009 facultatem,

633 3032 1067 3102 quandoquidem
1120 3040 1178 3088 et
1224 3032 1502 3090 Romanus
1561 3034 1848 3107 episcopus
1904 3034 1956 3090 id
2010 3037 2207 3093 suevit.

2325 1914 2549 1985 μείζους
2572 1911 2683 1965 εἴτε
2712 1913 2933 1984 ἥττους,
2959 1913 3096 1965 ἀλλὰ
3123 1911 3513 1983 ἐκληρώσαντο
3530 1914 3579 1967 οί
3617 1913 3717 1982 μὲν
3748 1915 3881 1983 τρεῖς

2323 2005 2532 2076 πρῶτοι
2558 2007 2901 2077 πατριάρχαι
2926 2004 3182 2075 λέγεσθαι
3202 2007 3412 2069 πάπας.
3440 2007 3614 2077 ἠγουν
3635 2008 3875 2075 πατέρεςο

2322 2101 2515 2163 πάπας
2544 2097 2655 2169 γὰρ
2690 2098 3059 2169 ἑρμηνεύεται
3098 2100 3282 2171 πατὴρ
3304 2115 3317 2128 ·
3345 2098 3480 2153 ἀλλὰ
3522 2100 3619 2153 καὶ
3657 2098 3881 2170 ἀρχιεπί-

2323 2192 2913 2265 σκοποι,λεχθήσονται·
2932 2193 3071 2262 πλὴν
3090 2194 3248 2265 ἔσχεν
3264 2192 3323 2260 ἐξ
3340 2194 3460 2258 ἔθος
3484 2195 3719 2249 παλαιοῦ
3745 2197 3771 2247 ὁ
3794 2195 3879 2263 μὲν

2336 2285 2553 2358 Ῥώμης
2586 2288 2773 2351 ίδικῶς
2800 2286 3093 2342 καλεῖσθαι
3127 2289 3335 2351 πάπας,
3360 2286 3568 2358 ὁμοίως
3605 2288 3700 2340 καὶ
3724 2286 3879 2352 Ἀλεξο

2320 2380 2574 2453 ανδρείας
2609 2386 2795 2443 παπας
2818 2396 2835 2413 ⁶
2868 2384 2897 2436 6
2941 2381 2999 2437 δὲ
3048 2384 3141 2437 καὶ
3182 2382 3518 2453 ’Δντιοχείας
3542 2381 3873 2453 πατριάρχης

2320 2472 2717 2545 ἀναγορεύεται
2747 2473 2934 2544 πάσης
2957 2473 3059 2544 τῆς
3075 2473 3391 2544 Ἀνατολῆς,
3425 2472 3573 2527 κατὰ
3611 2472 3672 2526 τὸ
3714 2472 3769 2537 ιξ
3790 2474 3875 2542 ἀρε

2320 2564 2423 2635 χῆς
2459 2568 2745 2637 κρατῆσαν
2788 2566 2930 2630 ἔθος.
2962 2566 3197 2639 Ἐκλήθη
3240 2566 3297 2620 δι
3339 2568 3432 2620 καὶ
3458 2564 3873 2637 πατριάρχης,ό

2318 2659 2427 2712 τῶν
2468 2658 2882 2730 Ἰεροσολύμων,
2907 2661 3003 2714 καὶ
3024 2660 3118 2713 τοῦ
3172 2660 3437 2733 πρότερον
3484 2661 3781 2722 ἐπίσκοπος
3810 2656 3872 2709 ὢν

2319 2752 2415 2807 τοῦ
2458 2752 2801 2825 Καισαρείας
2858 2754 2960 2824 τῆς
3027 2756 3085 2806 ὲν
3138 2753 3493 2826 Παλαιστίνῃ.
3549 2755 3724 2824 Φησὴ
3746 2752 3871 2804 οὒνό

2316 2847 2477 2911 ἕκτος
2497 2846 2676 2901 κανὼν
2710 2846 2810 2918 τῆς
2839 2847 2899 2900 ὲν
2923 2847 3131 2919 Νικαίᾳ
3160 2848 3322 2917 ἁγίας
3375 2849 3471 2902 καὶ
3499 2845 3873 2919 οίκουμενικῆς

2318 2939 2544 3013 πρώτης
2581 2939 2827 3005 συνόδου,
2861 2959 2881 2993 ‹
2918 2940 2998 2995 Τὰ
3024 2944 3228 3013 ἀρχαῖα
3256 2942 3357 3014 ἔθη
3412 2945 3695 3012 κρατείτω
3733 2942 3797 2992 τὰ
3828 2941 3867 2991 ὲν

2314 3032 2600 3105 Αἰγύπτῳ,
2648 3035 2745 3087 καὶ
2794 3032 2996 3105 Λιϐύῃ,
3057 3036 3153 3087 καὶ
3210 3033 3569 3101 Πενταπόλει,
3602 3034 3742 3089 ὥστε
3793 3033 3861 3085 τὸν

636 3123 898 3187 Similiter
928 3126 1057 3180 etin
1087 3126 1377 3180 Antiochia
1410 3137 1464 3181 et
1490 3126 1611 3181 aliis
1662 3128 1955 3196 provinciis
1988 3128 2210 3198 privile-

2330 3126 2742 3198 Ἀλεξανδρείας
2814 3128 3115 3181 ἐπίσκοπον
3155 3130 3371 3182 πάντων
3393 3128 3605 3183 τούτων
3624 3128 3766 3199 ἔχειν
3787 3127 3867 3194 τὴν

631 3219 717 3288 gia
771 3225 1161 3273 conserventur
1213 3216 1495 3275 Ecclesiis.
1539 3239 1559 3271 ι
1615 3220 1670 3275 in
1729 3222 2037 3276 universum
2082 3237 2211 3277 vero

2325 3216 2589 3283 ἐξουσίαν,
2622 3219 2744 3272 ἐπεὶ
2780 3217 2874 3271 καὶ
2916 3216 2995 3287 τῷ
3052 3219 3112 3271 ιν
3160 3216 3351 3288 Ῥώμῃ
3402 3219 3692 3289 ἑπισκόπῳ
3733 3215 3869 3272 τοῦτο

631 3310 761 3365 illud
805 3321 954 3380 patet
1008 3311 1278 3376 omnibus.
1309 3312 1352 3367 si
1389 3313 1511 3381 quis
1555 3326 1815 3367 renuente
1873 3314 2210 3384 tnetropolita

630 3401 917 3471 episcopos
988 3400 1161 3457 factus
1209 3399 1398 3469 fuerit,
1476 3406 1617 3459 hunc
1683 3402 1934 3459 eumdem
2015 3421 2207 3475 magna

630 3496 867 3567 synodus
919 3496 1156 3550 decrevit
1203 3512 1307 3551 non
1366 3512 1489 3551 esse
1561 3498 1896 3567 episcopum.
1934 3499 2209 3568 Septimus

632 3594 809 3641 autem
874 3587 1117 3655 ejusdem
1171 3588 1360 3659 synodi
1402 3603 1573 3643 canon
1605 3591 1671 3642 de
1699 3587 1857 3643 Ailia:
1896 3585 2206 3661 Hierosoly-

631 3690 840 3729 morum
874 3676 1124 3746 episcolto
1159 3678 1272 3732 llth
1317 3680 1476 3732 habet
1511 3694 1528 3736 :
1558 3697 1575 3730 t
1611 3680 1743 3734 Cum
1769 3681 2106 3735 consuetudo
2133 3682 2209 3735 itt-

632 3768 886 3835 valncrit,
949 3783 1003 3824 et
1036 3772 1254 3825 traditio
1308 3775 1550 3842 antiqua,
1577 3771 1736 3828 ιΕΙὶιι
1767 3775 2079 3845 epiSt‘Optlttt
2113 3776 2209 3828 ho-

632 3876 768 3917 nore
794 3878 933 3929 esse,
964 3863 1159 3918 haheat
1187 3864 1411 3919 honoris
1454 3866 1723 3929 ordinem,
1761 3877 1973 3921 servata
2005 3880 2207 3923 metro-

630 3954 738 4020 poli
797 3956 1014 4025 propria
1076 3956 1359 4026 dignitate.
1428 3974 1447 4007 ι
1508 3959 1643 4023 Quid
1700 3974 1861 4027 porro
1914 3961 2013 4014 hoc
2088 3961 2208 4015 est?

631 4045 893 4110 (ἔκευθε,
954 4056 1012 4100 ut
1079 4046 1552 4115 praasigniticatum
1604 4060 1707 4113 est,
1763 4047 2206 4107 eratpalazstintc

631 4138 963 4207 metropolis,
1019 4150 1068 4193 et
1095 4139 1411 4208 possidebat
1460 4142 1832 4211 epist-Opatum
1881 4141 2207 4215 Hierosoly-

628 4245 862 4285 morum.
920 4227 1034 4285 Iloc
1092 4233 1273 4301 itaque
1330 4232 1406 4285 ait
1441 4247 1615 4288 canon
1649 4252 1662 4288 :
1691 4251 1710 4284 ι
1772 4233 1887 4289 Νοιι
1922 4246 2206 4306 ριόιιιῡτθει

627 4321 769 4391 quod
822 4310 1192 4392 Hierosolyma
1218 4322 1271 4377 in
1305 4324 1727 4392 patriarchatum
1769 4339 2019 4396 provecta
2055 4339 2202 4391 sunt,

627 4414 717 4467 illa
769 4414 991 4484 proprio
1043 4416 1247 4469 honoro
1290 4416 1580 4483 minuetur,
1635 4428 1689 4472 et
1742 4433 1770 4470 a
1825 4421 2110 4489 metropoli
2146 4420 2200 4473 in

2315 3310 2543 3380 σύνηθές
2576 3312 2744 3364 ἐστιν.
2792 3306 3022 3379 Ὁμοίως
3047 3307 3225 3363 δὲκαὶ
3264 3308 3406 3361 κατὰ
3428 3311 3527 3380 τὴν
3560 3309 3867 3378 Ἀντιόχειαν

2312 3406 2406 3457 καὶ
2442 3403 2501 3455 ἐν
2530 3404 2649 3465 ταῖς
2673 3402 2862 3465 ἄλλαις
2884 3402 3180 3472 ἐπαρχίαις
3216 3400 3286 3454 τὰ
3329 3403 3601 3474 πρεσϐεία
3621 3400 3864 3467 σώζεσθαι

2310 3499 2429 3558 ταῖς
2465 3493 2839 3565 Ἐκκλησίαις.
2869 3512 2888 3545 ι
2923 3494 3169 3547 Καθόλου
3194 3495 3249 3547 δὲ
3284 3494 3552 3565 πρόδηλον
3584 3497 3770 3557 ἐκεῖνο,
3793 3495 3861 3547 ὅτι

2311 3589 2364 3642 εἴ
2394 3606 2475 3651 τις
2514 3590 2683 3658 χωρὶς
2714 3588 2939 3658 γνώμης
2974 3586 3068 3641 τοῦ
3099 3588 3499 3657 μητροπολίτου
3529 3588 3735 3657 γένοιτο
3762 3584 3859 3639 ἐπί·

2312 3700 2535 3747 σκοπος,
2567 3682 2659 3735 τὸν
2685 3681 2925 3734 τοιοῦτον
2968 3681 3001 3749 ὴ
3046 3681 3256 3751 μεγάλη
3318 3680 3537 3747 σύνοδος
3586 3680 3746 3753 ὥρισε
3795 3679 3857 3747 μή

2312 3775 2426 3828 δεῖν
2459 3770 2598 3828 εἶναι
2621 3774 2941 3829 ἐπίσκοπον.
2974 3772 3033 3825 ’0
3058 3773 3111 3826 δὲ
3135 3773 3359 3844 ἕϐδομος
3390 3775 3573 3828 κανὼν
3589 3776 3687 3845 τῆς
3713 3771 3858 3839 αὐτῆς

2312 3868 2534 3922 συνόδου
2563 3869 2693 3939 περὶ
2728 3867 2822 3921 τοῦ
2852 3866 3063 3932 Αἰλίας,
3099 3867 3219 3937 ἦτοι
3248 3865 3823 3939 Ἰεροσολύμων,φησίν
3844 3876 3857 3891 '

2315 3976 2334 4009 ι
2364 3956 2588 4027 Ἐπειδὴ
2621 3955 2881 4027 συνήθεια
2942 3960 3275 4029 κεκράτηκε,
3319 3959 3413 4010 καὶ
3453 3959 3745 4029 παράδοσις
3776 3956 3857 4023 ἀρ·

2308 4046 2462 4117 χαία,
2493 4042 2635 4097 ὥστε
2688 4045 2781 4097 τὸν
2819 4045 3009 4107 Δίλίας
3048 4046 3347 4099 ἐπίσκοπον
3383 4048 3671 4115 τιμᾶσθαι,
3705 4044 3858 4114 ἐχέτω

2307 4140 2406 4209 τὴν
2437 4137 2761 4191 ἀκολουθίαν
2794 4138 2894 4204 τῆς
2929 4139 3117 4207 τιμῆς,
3146 4140 3212 4208 τῇ
3263 4140 3599 4208 μητροπόλει
3638 4132 3856 4205 σωζομέ-

2308 4249 2400 4285 νου
2434 4230 2528 4283 τοῦ
2550 4231 2763 4284 ἐκείνου
2796 4231 3133 4300 ἀξιώματος.
3174 4251 3193 4282 ι
3228 4233 3293 4285 Τί
3328 4232 3385 4285 δέ
3431 4235 3552 4287 ἐστι
3586 4234 3769 4294 τοῦτο;
3802 4226 3856 4280 Ἦ

2305 4325 2638 4393 Καισάρεια,
2662 4324 2734 4387 ὡς
2760 4324 3080 4396 δεδήλωται,
3103 4326 3431 4396 μητρόπολις
3459 4324 3527 4397 ἦν
3548 4328 3646 4395 τῆς
3679 4322 3856 4379 Παλαι-

2307 4420 2514 4490 στίνης.
2542 4415 2672 4489 Εἶχε
2732 4419 2789 4471 δὲ
2824 4421 3225 4491 ὲπισκοπὴντὰ
3283 4419 3657 4491 Ἰεροσόλυμα.
3707 4416 3855 4470 Τοῦτο

625 4505 991 4573 episcopatum
1055 4505 1290 4572 decidet,
1332 4510 1427 4562 sed
1459 4510 1558 4564 hac
1591 4509 1752 4563 etiam
1788 4511 1992 4564 ratione
2018 4525 2202 4565 mane-

2325 4510 2400 4567 δῦν
2425 4529 2592 4583 φησιν
2621 4512 2649 4563 6
2700 4513 2904 4573 κανὼν,
2958 4513 3039 4565 ὅτι
3096 4530 3114 4562 ι
3146 4513 3221 4565 Ού
3276 4512 3365 4566 διὰ
3394 4514 3454 4565 τὸ
3488 4513 3736 4580 γενέσθαι
3772 4507 3854 4575 τὴν

624 4591 708 4650 hit
746 4597 1056 4665 metropolis
1091 4615 1106 4651 :
1136 4610 1508 4656 verumtamen
1561 4601 1662 4658 sub
1718 4601 2205 4675 llierosolymitano

626 4687 955 4755 patriarcha.
988 4687 1347 4746 Consecrabit
1382 4707 1534 4757 vero,
1559 4703 1617 4747 ut
1650 4707 1807 4749 antea
1848 4694 2205 4749 Caasariensis

627 4776 991 4846 patriarcbam
1015 4779 1581 4853 Hierosolymitanum,
1607 4797 1659 4839 et
1687 4786 1828 4840 nulla
1856 4801 1912 4841 re
1931 4788 2203 4853 innov.tta,

624 4874 814 4928 eadem
873 4875 1187 4943 metropolis
1245 4891 1344 4932 sua
1400 4880 1632 4946 potietur
1656 4879 1951 4950 dignitate;
2002 4897 2121 4935 cum
2149 4892 2203 4937 et

624 4962 1277 5032 Constantinopolitanum
1314 4965 1690 5025 Heracleensis
1738 4972 1789 5024 in
1834 4970 2062 5026 Thracia
2092 4973 2197 5026 Eu-

627 5066 770 5122 ropae
801 5054 1141 5124 metropolita
1183 5056 1235 5111 in
1265 5058 1626 5126 patriarcham
1659 5068 1995 5128 promoveat,
2052 5063 2194 5130 quod

626 5143 896 5200 Heraclea
924 5147 1262 5217 episcopatus
1326 5159 1445 5203 erat
1473 5146 1810 5221 Byzantium,
1849 5152 2039 5220 ctipsc
2091 5151 2199 5207 He-

626 5234 914 5290 racleensis
960 5237 1245 5294 ordinabat
1292 5240 1649 5311 Byzantiuum
1716 5241 2050 5311 episcopum,
2105 5245 2193 5297 ubi

627 5338 810 5395 postea
862 5327 1361 5402 Constantinopolis
1419 5332 1751 5388 exaadiiicata
1780 5342 1882 5387 est.
1921 5351 1938 5384 ι
1966 5336 2198 5405 Propter

630 5420 770 5473 hunc
804 5421 965 5489 igitur
1030 5438 1291 5480 canouetn
1344 5423 1719 5480 Heracleensis
1757 5435 2060 5481 consecrat.
2091 5425 2197 5481 Sed

628 5512 696 5566 de
759 5513 999 5567 hisinl‘ra
1026 5516 1210 5569 statim
1236 5517 1499 5580 dicemus,
1557 5531 1680 5570 cum
1706 5518 1771 5570 de
1822 5516 2013 5572 throno
2052 5517 2196 5572 Con-

626 5606 1108 5675 stantinopolitano
1165 5624 1345 5663 sermo
1394 5610 1613 5677 incidet,
1655 5612 1869 5679 quando
1919 5622 1973 5665 et
2019 5612 2105 5666 ille
2142 5613 2194 5665 in

632 5696 1057 5761 patriarcltatum
1088 5710 1367 5767 promotus
1395 5700 1484 5765 sit,
1560 5706 1572 5770 Ξ

2317 4606 2681 4677 Ἰερουσαλὴμ
2701 4608 3115 4676 πατριαρχεῐον,
3145 4603 3237 4657 διὰ
3262 4605 3424 4657 τοῦτο
3445 4604 3853 4673 ἐλαττωθήσεται

2305 4702 2495 4769 ἐκείνη
2533 4699 2635 4765 τῆς
2665 4698 2872 4760 οἰκείας
2898 4699 3087 4767 τιμῆς,
3121 4697 3216 4750 καὶ
3268 4697 3545 4768 ὲπισκοπὴ
3588 4696 3851 4766 γενήσεται

2302 4790 2411 4843 ἀπὸ
2442 4788 2535 4843 τοῦ
2570 4786 2711 4842 εἶναι
2773 4788 3112 4859 μητρόπολις
3164 4788 3498 4853 ἐκπεσοῦσα,
3555 4787 3691 4842 ἀλλὰ
3720 4784 3852 4854 μένει

2303 4882 2400 4936 καὶ
2434 4880 2578 4936 οὕτω
2609 4880 2967 4951 μητρόπολις,
3002 4881 3121 4934 ἀλλ’
3147 4882 3251 4934 ὑπὸ
3290 4882 3368 4953 τῷ
3405 4885 3723 4953 πατριάρχη
3760 4878 3851 4932 τῶν

2312 4974 2726 5045 Ἰεροσολύμων.
2752 4974 3136 5044 Χειροτονήσει
3154 4974 3234 5040 δὲ,
3251 4974 3326 5038 ὡς
3351 4975 3446 5029 καὶ
3470 4978 3749 5047 πρότερον,
3771 4970 3850 5023 a6-

2300 5068 2390 5129 τὸς
2435 5068 2464 5117 6
2510 5068 2847 5137 Καισαρείας
2918 5065 3011 5120 τὸν
3065 5069 3417 5139 πατριάρχην
3459 5066 3846 5140 Ἰεροσολύμων.

2300 5160 2397 5212 καὶ
2426 5158 2538 5225 ἕξει
2569 5160 2628 5212 τὸ
2649 5161 2851 5212 οἰκεῖον
2878 5159 3098 5228 ἀξίωμα
3134 5162 3271 5232 αὕτη
3298 5163 3329 5231 ή
3358 5161 3688 5232 μητρόπολις
3710 5158 3846 5209 ἀκαι-

2301 5247 2600 5318 νοτόμητος
2638 5266 2650 5278 ο
2697 5250 2822 5300 ἐπεὶ
2875 5252 2969 5302 καὶ
3030 5251 3121 5302 τὸν
3162 5250 3767 5308 Κωνσταντινουπόλεως
3822 5244 3843 5293 ὁ

2300 5340 2358 5393 ἐν
2384 5343 2450 5410 τῇ
2486 5339 2738 5412 θρᾳκικῇ
2771 5340 3068 5412 Ἡρακλείᾳ
3101 5346 3198 5414 τῆς
3232 5344 3501 5413 Εὐρώπης
3532 5335 3840 5413 μητροπολί-

2297 5447 2397 5501 της
2423 5436 2724 5500 χειροτονεῖ
2769 5434 3137 5504 πατριάρχην.
3167 5437 3311 5487 Διότι
3341 5437 3402 5487 τὸ
3432 5435 3712 5499 Βυζάντιον
3738 5431 3841 5478 ἐπι·

2299 5525 2482 5591 σκοπὴ
2509 5519 2576 5594 ἦν
2613 5525 2706 5577 τοῦ
2749 5523 3099 5595 Ἡρακλείας,
3135 5529 3225 5580 καὶ
3270 5528 3431 5592 αὐτὸς
3481 5531 3508 5581 6
3538 5522 3838 5597 Ἠρακλεῖ-ας

2296 5618 2627 5686 ἐχειροτόνει
2675 5619 2763 5670 τὸν
2794 5619 3092 5683 Βυζαντίου
3151 5622 3450 5675 ἐπίσκοπον
3473 5624 3602 5676 ὅπου
3642 5620 3672 5687 ὴ
3704 5616 3835 5667 KW'

2299 5704 2740 5768 σταντινούπολις
2804 5706 3027 5778 ἐκτίσθη
3086 5709 3332 5780 ὕστερον.
3398 5728 3415 5760 ι
3461 5712 3554 5762 Διὰ
3609 5710 3696 5757 τὸν
3722 5716 3833 5767 προ·

634 5787 911 5855 γραφέντα
969 5786 1060 5842 οὖν
1102 5793 1302 5845 κανόνα
1330 5795 1627 5862 χειροτονεῖ
1674 5795 1835 5848 πάλιν
1865 5796 1893 5847 ὁ
1932 5795 2257 5865 Ἡρακλείας
2295 5796 2386 5850 τὸν
2420 5798 3065 5865 Κωνσεαντινουπόλεως.
3124 5801 3285 5855 Ἀλλὰ
3329 5803 3457 5872 περὶ
3508 5799 3687 5852 τούτου
3720 5792 3829 5858 ἑξῆς
