4122 6320
384 392 520 461 1137

1179 395 1280 456 DE
1320 394 1849 461 MONASTERIIS
1889 395 2144 461 LAICIS
2186 397 2343 461 NON
2381 395 2846 462 TRADENDiS.

3499 387 3637 457 1138

379 513 663 568 Συσταθὲν
721 513 780 567 δὲ
837 514 934 568 καὶ
986 513 1381 570 ἀνακαινισθὲν
1426 519 1579 588 παρὰ
1637 535 1962 589 χαριστικα-

2067 525 2272 573 mutata
2319 517 2374 572 in
2414 515 2696 572 suburhia.
2724 511 3139 572 Constabilitum
3167 524 3297 566 vero
3337 520 3403 567 ac
3423 509 3640 568 instau-

382 607 503 679 ρίου
543 607 589 676 (l
605 605 657 679 4)
693 608 1100 677 μοναστήριον,
1135 608 1241 662 οὑκ
1276 608 1440 678 ίσμεν
1472 611 1522 661 εί
1550 610 1909 683 εὑρεθήσεται
1941 627 1956 643 ·

379 700 520 756 ἀλλὰ
542 701 636 755 καὶ
659 701 708 754 εἰ
734 701 1120 771 εὑρεθήσεται,
1155 704 1510 773 παρανομίας
1537 703 1712 774 δῶρον
1732 703 1867 765 Θεὸς
1896 704 1959 758 οὑ

381 791 693 864 προσίεται.
727 794 771 846 Τ
775 793 881 853 ἕως
916 795 1181 863 σήμερον,
1208 793 1275 848 τὰ
1296 793 1561 866 ἐλεύθερα
1584 793 1840 850 θάλλουσι
1867 794 1960 848 καὶ

379 884 718 940 ἐπιδιδόασι·
741 885 808 938 τὰ
842 884 900 939 δὲ
929 885 1119 950 δοῦλα,
1155 884 1545 941 καταλύονται.
1582 887 1654 942 ΣΞ)
1682 884 1741 940 δὲ
1771 885 1959 957 ὅμοιόν

379 996 434 1034 τι
467 979 670 1049 λέγεις,
722 980 804 1052 τῷ
847 980 1243 1053 διατεινομένῳ
1282 982 1383 1054 τὴν
1436 981 1667 1055 διηνεκῆ
1709 980 1960 1035 δουλείαν

379 1073 670 1144 κρείττονα
696 1068 839 1128 εἶναι
863 1075 966 1144 τῆς
998 1073 1340 1145 ἐλευθερίας.
1373 1074 1498 1130 Ὀτι
1524 1075 1583 1130 δὲ
1615 1076 1716 1130 οὑκ
1744 1075 1839 1130 ἐπὶ
1866 1091 1961 1128 συ-

381 1163 572 1218 στάσει
592 1165 687 1219 καὶ
708 1164 797 1218 δια
807 1168 943 1236 μονῇ
973 1166 1150 1220 ταῦτα
1171 1166 1504 1239 δωροῦνται,
1532 1167 1696 1238 δῆλον
1718 1166 1957 1224 ἐκεῖθεν.

384 1257 460 1312 Οὑ
495 1258 607 1329 γάρ
643 1257 709 1311 τὰ
752 1257 1172 1330 καταλελυμένα
1213 1259 1516 1331 δωροῦνται
1545 1275 1559 1289 ’
1589 1258 1726 1314 ἀλλά
1757 1258 1962 1330 μᾶλλον

378 1349 452 1404 τὰ
484 1351 881 1419 συνιστάμενα,
916 1352 1012 1404 καὶ
1057 1351 1263 1424 εὑθαλῆ
1302 1350 1405 1424 τὴν
1445 1352 1708 1424 πρόσοδον
1739 1351 1957 1424 ἔχοντα.

387 1442 502 1497 Καὶ
530 1445 562 1513 ἠ
598 1443 718 1508 ταῖς
756 1443 931 1507 ἐνίαις
956 1442 1014 1497 δὲ
1039 1443 1148 1498 τῶν
1172 1443 1397 1514 δωρεῶν
1433 1445 1818 1518 προσκειμένη
1858 1444 1958 1518 [ah

384 1534 756 1608 προκειμένη]
786 1537 951 1607 χάρις
997 1537 1152 1610 δηλοῖ
1176 1539 1338 1592 τοῦτο
1376 1537 1744 1612 σαφέστερον,
1782 1541 1842 1594 ὲν
1877 1536 1961 1606 οἷς

379 1629 521 1697 φησὶ
552 1629 656 1694 τὰς
687 1631 826 1700 μετὰ
846 1627 945 1702 τὴν
964 1631 1203 1704 τυπικὴν
1231 1631 1333 1702 τῆς
1360 1633 1528 1702 μονῆς
1558 1632 1737 1698 ἔξοδον
1764 1649 1961 1706 περιτ-

378 1716 641 1782 τευοὺσας
671 1718 996 1788 προσόδους,
1035 1720 1456 1790 ἀποκερδαίνειν
1489 1722 1961 1794 άλογοπραγήτως

377 1804 472 1859 τὸν
503 1807 942 1879 χαριστικάριον.
997 1808 1062 1862 Et
1095 1808 1150 1862 δὲ
1182 1808 1346 1862 πάλιν
1376 1808 1526 1878 λέγει
1569 1809 1668 1882 [αι.
1699 1809 1959 1882 λέγοιεν],

379 1896 461 1951 δτι
498 1897 586 1954 διὰ
605 1899 667 1952 τὸ
700 1899 1165 1968 ἐξκουσσεὺεσθαι
1199 1903 1308 1957 ἀπὸ
1335 1902 1446 1958 τῶν
1470 1903 1756 1975 ἐπηρειῶν
1793 1903 1958 1958 τοῦτο

380 1987 745 2058 πράττουσιν,
780 1988 1163 2045 άκουέτωσαν·
1187 1991 1250 2046 τὸ
1279 1993 1614 2065 ἐπηρεάζειν
1651 1994 1685 2066 ἢ
1729 1995 1804 2067 μὴ
1856 1999 1957 2049 ἐπ-

378 2077 664 2149 ηρεάζειν,
695 2081 796 2150 τῆς
852 2081 1006 2152 ὑμῶν
1054 2083 1305 2149 ἐξουσίας
1349 2085 1502 2140 ἐστί·
1537 2086 1786 2141 παύσατε
1831 2089 1960 2152 τοὺς

379 2170 762 2243 ιπηρεαστὰς,
800 2174 898 2229 καὶ
941 2176 1327 2242 ὲξκουσσάτων
1357 2177 1454 2253 [aL
1501 2180 1960 2256 ὲξκουσσάτορος]

380 2263 545 2338 χρεία
575 2262 677 2318 οὑκ
712 2263 888 2321 ἔστιν.
932 2266 995 2321 Ὀ
1032 2269 1142 2339 γὰρ
1198 2269 1377 2326 ταῦτα
1428 2272 1606 2341 λέγων
1643 2273 1826 2333 ἔοικεν
1860 2277 1964 2347 ἄρ·

382 2373 556 2426 χοντι,
585 2355 876 2428 ἐλεύθερον
907 2359 1121 2430 πένητα
1169 2360 1260 2417 διὰ
1301 2363 1415 2419 τῶν
1447 2365 1618 2420 αὑτοῦ
1665 2368 1961 2441 ὑπηρετῶν

382 2446 822 2519 ξενοπροσώπως
857 2449 1242 2520 ἑπηρεάζοντι,
1268 2451 1389 2509 εἷτα
1416 2459 1496 2522 είς
1517 2457 1666 2515 ἔλεον
1686 2460 1849 2531 δῆθεν
1864 2461 1960 2517 τοῦ

385 2540 623 2610 πένητος
655 2542 955 2613 κινηθέντι,
989 2545 1086 2598 καὶ
1129 2548 1528 2618 προστάξαντι,
1572 2552 1712 2622 μετὰ
1741 2554 1962 2610 πάντων

381 2633 494 2687 τῶν
550 2635 866 2706 προσόντων
917 2637 1091 2707 αὑτῷ,
1145 2640 1240 2694 καὶ
1283 2641 1386 2713 τὴν
1436 2643 1758 2718 ἐλευθερίαν
1791 2648 1960 2704 αὑτοῦ

381 2729 704 2801 ἀφελέσθαι,
733 2733 827 2787 καὶ
847 2734 1037 2789 δοῦλον
1063 2728 1207 2792 εἶναι
1228 2737 1346 2792 ἀντ’
1375 2739 1672 2814 ἐλευθέρου
1711 2728 1728 2774 ί
1764 2745 1852 2801 ἵνα
1882 2747 1960 2819 μὴ

382 2821 790 2896 ιηρεάξηται,
819 2825 976 2898 φησί.
1006 2827 1212 2899 Σκῆψις
1236 2827 1413 2885 ταῦτα
1434 2836 1528 2886 καὶ
1551 2835 1846 2904 πρόφασις,
1867 2840 1962 2893 καὶ

381 2915 484 2986 τῆς
519 2915 976 2988 αἰσχροκερδείας
1009 2918 1466 2991 ἐπικαλύμματα.
1500 2924 1641 2980 Ποία
1675 2927 1962 2998 εὑαγγελι·

383 3008 455 3081 κὴ
483 3009 582 3062 καὶ
607 3008 726 3062 θεία
752 3009 906 3080 φωνὴ
938 3010 1265 3080 ἐνετείλατο,
1303 3015 1432 3069 ποία
1458 3015 1797 3093 άποστολικὴ
1817 3039 1960 3094 παρ·-

387 3100 596 3164 αίνεσις
614 3100 920 3169 διετάξατο,
953 3105 1085 3159 ποία
1102 3107 1352 3180 πατρικὴ
1381 3108 1474 3162 καὶ
1506 3114 1762 3186 κονονικὴ
1784 3115 1962 3186 παρά-

2063 618 2245 666 ratum
2294 625 2325 666 a
2393 608 2774 665 charisticario
2824 605 3239 671 monasterium,
3283 618 3351 658 an
3406 602 3638 660 inveniri

2063 711 2222 772 queat
2273 702 2618 771 ignoramus:
2673 699 2766 756 sed
2798 699 2924 753 licet
2955 696 3310 760 inveniretur,
3338 694 3643 765 iniquitatis

2063 796 2264 852 donum
2302 809 2406 849 non
2449 793 2685 848 admittit
2724 793 2891 848 Deus.
2949 788 3150 844 Verum
3206 787 3393 854 hodie,
3427 801 3548 858 qua:
3575 788 3644 842 li-

2063 888 2193 944 bera
2234 896 2383 952 Slllll,
2453 900 2516 940 ea
2571 884 2785 949 ﬂorent,
2842 891 2897 938 et
2937 881 3161 952 capiunt
3194 879 3641 944 incrementum;

2063 993 2185 1050 qua:
2228 992 2409 1044 serva,
2460 985 2800 1032 evertuntur.
2841 973 2924 1028 Tu
2970 986 3099 1027 vero
3136 969 3313 1027 simile
3351 970 3480 1038 quid
3514 982 3646 1038 pro-

2064 1071 2174 1127 fers
2202 1070 2276 1138 ci,
2309 1070 2401 1141 qui
2457 1068 2812 1123 contenderet
2848 1073 3161 1134 perpetuam
3226 1063 3545 1118 servitutem
3576 1061 3645 1116 li.-

2061 1162 2272 1219 bertate
2304 1163 2572 1232 potiorem
2609 1174 2752 1216 esse.
2823 1158 2976 1227 Quod
3012 1172 3178 1229 porro
3217 1170 3323 1211 non
3351 1155 3418 1210 ad
3471 1153 3642 1210 stabi-

2061 1253 2343 1310 litnenlum
2415 1262 2468 1308 et
2553 1250 3010 1324 perseverantiam
3091 1248 3180 1302 illa
3256 1246 3477 1314 dentur,
3514 1246 3645 1302 hinc

2062 1354 2304 1403 constat.
2369 1345 2486 1400 Non
2528 1345 2672 1399 enim
2721 1343 2833 1414 jam
2872 1339 3134 1396 dissoluta
3194 1339 3492 1405 donantur,
3543 1337 3645 1393 sed

2062 1437 2244 1509 potius
2290 1436 2514 1499 stantia,
2576 1445 2739 1504 atque
2788 1431 3017 1486 reditum
3080 1427 3334 1486 habentia
3393 1427 3641 1483 uberem.

2062 1529 2281 1585 Necnon
2345 1526 2670 1597 quibusdam
2727 1525 3080 1580 donationum
3115 1523 3300 1577 addita
3323 1521 3494 1592 gratia
3528 1534 3642 1575 rem

2062 1623 2306 1692 apertius
2353 1620 2622 1685 declarat,
2680 1634 2802 1674 cum
2857 1617 3078 1682 dit-itur,
3143 1625 3204 1671 ut
3258 1613 3468 1671 reditus
3522 1621 3648 1684 post

2065 1712 2367 1781 regularem
2427 1709 2746 1768 monasterii
2805 1723 3100 1779 expensam
3132 1707 3406 1770 residuos,
3458 1705 3646 1760 chari-

2065 1806 2324 1860 sticarius
2377 1806 2621 1860 obtineat
2669 1806 2880 1870 absque
2920 1802 3191 1857 rationum
3219 1800 3549 1856 redditione.
3578 1800 3638 1854 Si

2065 1913 2193 1953 vero
2228 1913 2412 1952 rursus
2453 1895 2718 1959 dixerint,
2782 1910 2841 1951 se
2870 1895 2923 1949 id
2954 1909 3139 1963 agere,
3184 1903 3298 1948 uta
3335 1890 3646 1948 vexationi-

2063 1991 2166 2047 bus
2196 1990 2513 2044 immunitas
2560 1996 2875 2058 prmstctur,
2913 1987 3137 2041 audiant
3189 1986 3642 2057 responsionem:

2067 2084 2279 2141 Vexare
2329 2093 2422 2136 aut
2459 2098 2563 2136 non
2603 2095 2820 2147 vexare,
2871 2081 2926 2135 in
2969 2089 3147 2134 vestra
3208 2087 3475 2149 potestate
3515 2084 3642 2132 est-

2061 2174 2406 2247 comprimite
2462 2182 2770 2235 vexatorcs,
2824 2186 2924 2227 nec
2952 2173 3059 2226 erit
3100 2185 3237 2242 opus
3281 2169 3647 2224 immunitatio

2063 2267 2188 2323 bus.
2255 2265 2388 2322 Nam
2433 2265 2527 2335 qui
2558 2265 2673 2320 hac
2697 2263 2958 2336 loquitur,
2993 2263 3194 2319 similis
3252 2271 3336 2318 cst
3400 2261 3643 2332 prasidi,

2063 2361 2160 2431 qui
2206 2360 2438 2416 liberum
2485 2373 2782 2430 pauperem
2825 2373 2923 2429 per
2960 2357 3244 2413 ministros
3295 2371 3426 2412 suos
3485 2355 3648 2425 quasi

2063 2453 2166 2512 Sub
2199 2452 2302 2508 alia
2321 2465 2552 2524 persona
2581 2459 2828 2516 vexaret,
2857 2449 3056 2506 deinde
3079 2449 3147 2506 ad
3180 2448 3645 2515 misericordiam,

2065 2553 2298 2619 scilicet,
2351 2550 2606 2623 pauperis
2639 2559 2820 2606 motus
2872 2557 3041 2614 esset,
3093 2547 3462 2618 jussissetque
3515 2561 3645 2602 cum

2063 2647 2317 2704 omnibus
2347 2643 2463 2715 ejus
2480 2643 2858 2709 facultatibus,
2878 2645 3043 2698 etiam
3076 2642 3382 2697 libertatem
3413 2639 3651 2706 auferri,

2062 2745 2118 2795 et
2169 2752 2267 2808 pro
2319 2735 2492 2790 libero
2535 2749 2755 2790 servum
2817 2733 2966 2788 illum
3039 2732 3196 2800 ﬁeri;
3281 2747 3350 2787 ne
3397 2741 3646 2796 vexetur,

2065 2831 2318 2886 diceret:
2377 2826 2550 2884 Fietio
2581 2829 2685 2884 ista
2717 2837 2866 2894 sunt,
2903 2836 2957 2882 et
3005 2836 3325 2900 pratestus,
3364 2825 3647 2894 turpisque

2063 2921 2202 2978 lucri
2240 2920 2530 2977 velamina.
2557 2919 2818 2988 Quaenam
2865 2918 3181 2992 evangelica
3208 2920 3506 2989 divinaque
3533 2932 3640 2974 vox

2063 3015 2362 3080 mandavit,
2388 3013 2666 3084 quodnam
2719 3013 3095 3086 apostolorum
3136 3011 3404 3069 monitum
3434 3012 3646 3068 consti-

2069 3107 2193 3172 tuit,
2215 3106 2522 3178 qualisnam
2556 3105 2777 3162 Patrum
2807 3113 2866 3162 et
2893 3120 3162 3164 canonum
3195 3105 3420 3161 traditio
3444 3104 3643 3161 delini-

381 3195 536 3260 δοσις
591 3195 761 3266 ὥρισε
790 3237 806 3263 ,
861 3198 996 3253 ποία
1046 3199 1307 3274 πολιτικὴ
1355 3204 1652 3276 νομοθεσία
1696 3208 1811 3263 άπδ
1862 3210 1958 3265 τοῦ

2065 3199 2164 3264 vit,
2211 3215 2334 3270 qua:
2377 3199 2558 3256 civilis
2588 3198 2954 3256 lexasaaculo
3004 3199 3208 3264 sanxit,
3262 3207 3322 3254 ut
3374 3197 3642 3267 templum

382 3286 581 3350 αἰῶνος
612 3286 895 3354 ἐθέσπισε,
926 3288 1057 3343 ναὸν
1097 3291 1280 3361 ἅγιον,
1317 3296 1414 3349 καὶ
1444 3299 1815 3370 μοναστήριον
1852 3303 1966 3356 δω-

382 3380 600 3451 ρεῖσθαί
637 3397 779 3446 τινι;
813 3383 934 3437 οὑδὲ
965 3385 1075 3454 γὰρ
1105 3385 1263 3440 αὑτοὶ
1294 3388 1346 3442 ot
1376 3389 1642 3462 Ἕλληνες
1671 3394 1962 3466 εὑρίσκον-

379 3484 472 3522 ται
498 3467 784 3552 εἰδωλικόν
811 3489 935 3525 τινα
962 3473 1092 3526 ναόν
1117 3475 1247 3531 ποτέ
1277 3493 1386 3531 τινι
1426 3477 1837 3553 δωρησάμενοι.
1887 3485 1963 3538 Τὸ

381 3557 512 3627 γοῦν
533 3558 688 3631 παρὰ
703 3558 878 3614 ταῦτα
893 3562 1307 3634 γινόμενον,τίς
1338 3565 1405 3621 ἂν
1436 3565 1704 3641 λογισμοῦ
1733 3573 1958 3644 Κύριος,

381 3649 591 3721 ἀγαθὸν
625 3653 837 3725 καλέσῃ
870 3655 902 3725 ἢ
946 3657 1253 3729 συμφέρον,
1303 3661 1336 3732 ἦ
1375 3662 1713 3733 οίκονομίαν,
1746 3665 1779 3736 ἦ
1829 3685 1964 3740 προ-

384 3744 640 3816 μήθειαν,
663 3747 696 3818 ἢ
725 3747 996 3815 ὠφέλειαν
1018 3752 1114 3805 καὶ
1144 3751 1405 3808 σύστασιν
1425 3772 1439 3787 ·
1460 3756 1577 3810 ἀλλ’
1603 3758 1727 3829 οὐχὶ
1761 3760 1962 3830 μᾶλλον

383 3838 701 3908 παράϐασιν
735 3841 832 3895 καὶ
858 3845 1165 3918 παρακοήν,
1197 3847 1295 3899 καὶ
1321 3847 1676 3920 παρανομίαν
1722 3851 1963 3925 ἐσχάτην

383 3933 483 3987 καὶ
511 3932 794 4003 ὀλεθρίαν,
820 3935 956 3989 Εἰπὲ
991 3939 1101 4005 γάρ
1130 3956 1255 4008 μοι,
1286 3940 1338 3993 εί
1368 3942 1397 3994 ό
1428 3942 1507 4012 τῷ
1536 3944 1766 4016 ὲπιγείῳ
1793 3946 1962 4001 ἀντά-

383 4039 485 4094 ρας
520 4023 756 4095 βασιλεῖ,
793 4027 888 4082 καὶ
918 4028 989 4081 τὰ
1022 4033 1376 4102 προσήκοντα
1409 4033 1562 4105 αὐτῷ
1588 4039 1850 4107 χρήματα
1868 4042 1964 4095 καὶ

382 4115 641 4185 κτήματα
694 4119 1198 4190 σφετερισάμενος,
1263 4123 1464 4180 ἔπειτα
1519 4126 1580 4181 δὲ
1640 4131 1736 4182 καὶ
1793 4131 1961 4187 αὑτοῦ

383 4206 752 4276 στρατοπέδου
777 4206 1200 4286 [στρατόπεδον]
1228 4214 1489 4289 δυνηθεὶς
1509 4221 1846 4292 ἀποστῆσαι,
1868 4226 1962 4278 καὶ

383 4295 479 4366 ὑφ’
508 4297 705 4371 ἑαυτὸν
739 4301 1103 4372 ποιήσασθαι.
1127 4305 1317 4360 οὐκέτι
1347 4309 1472 4363 ἐστὶ
1501 4310 1691 4378 δοῦλος
1741 4318 1964 4381 πάντως

384 4387 418 4460 ἦ
451 4389 605 4460 φίλος
633 4391 731 4446 τοῦ
761 4392 1052 4463 βασιλέως,
1083 4395 1202 4450 ἀλλ’
1233 4397 1428 4470 ἐχθρὸς
1467 4403 1562 4456 καὶ
1603 4405 1864 4476 πολέμιος
1896 4426 1910 4440 ο
1934 4410 1964 4462 ὀ

2063 3303 2321 3350 sanctum
2355 3302 2410 3350 et
2439 3293 3090 3372 monasteriumcuipiam
3127 3293 3457 3348 concedatur
3484 3290 3509 3344 ?
3538 3289 3645 3346 No-

2064 3401 2173 3455 que
2201 3385 2352 3441 enim
2413 3385 2498 3439 vel
2548 3386 2649 3454 ipsi
2702 3385 2934 3456 gentiles
2983 3385 3329 3457 reperiuntur
3407 3400 3647 3456 unquam

2065 3481 2194 3538 idoli
2218 3480 2482 3552 templum
2522 3480 2686 3537 alicui
2706 3481 3019 3539 tradidisse.
3070 3482 3228 3550 Quod
3258 3481 3424 3555 igitur
3442 3492 3637 3538 contra

2065 3579 2182 3635 haec
2233 3579 2312 3645 tit,
2359 3578 2482 3648 quis
2515 3587 2699 3634 mente
2735 3579 2996 3649 przeditus
3034 3580 3233 3634 bonum
3265 3578 3642 3649 appellaverit,

2064 3681 2159 3727 aut
2181 3670 3038 3741 commodum,dispensationem,
3059 3670 3476 3742 providentiam,
3501 3670 3656 3727 utili-

2068 3774 2259 3828 tatem,
2289 3773 2344 3820 et
2372 3766 2904 3832 commodationem;
2961 3779 3025 3821 ac
3057 3779 3164 3821 non
3226 3765 3408 3836 potius
3459 3775 3644 3821 trans-

2064 3857 2422 3929 gressionem,
2446 3857 2899 3924 inobedientiatn,
2952 3859 3295 3928 iniquitatem
3333 3868 3639 3914 extremam

2064 3964 2128 4006 ac
2176 3949 2751 4020 perniciosissimam?
2804 3948 2984 4005 Eii‘are
3019 3948 3202 4005 mihi:
3244 3949 3290 4006 si
3345 3951 3392 4005 is
3419 3947 3515 4019 qui
3545 3948 3646 4005 ad-

2063 4055 2259 4096 versus
2319 4050 2594 4096 terrenum
2617 4040 3002 4111 imperatorem
3039 4040 3351 4105 rebellavit,
3376 4041 3639 4110 pecunias

2061 4131 2547 4204 possessionesque
2579 4131 2647 4186 ad
2667 4147 2791 4188 eum
2817 4131 3154 4203 pertinentes
3176 4131 3476 4187 vindicavit
3507 4131 3642 4200 sibi,

2061 4223 2258 4279 deinde
2292 4223 2592 4278 exercitum
2625 4222 2744 4294 ejus
2775 4221 2953 4293 potuit
2982 4230 3234 4279 avertere
3261 4221 3476 4293 sibique
3495 4235 3636 4280 con-

2062 4315 2270 4382 ciliare,
2306 4331 2410 4370 non
2445 4315 2669 4371 omnino
2697 4315 2930 4385 amplius
2961 4314 3409 4386 estimperatoris
3437 4331 3633 4372 servus

2062 4406 2148 4464 vel
2187 4408 2422 4471 amicus,
2458 4407 2555 4463 sed
2609 4406 2867 4462 inimicus
2916 4417 2973 4462 et
3023 4407 3230 4472 hostis;
3282 4408 3375 4477 qui
3429 4407 3644 4464 ctelesti

381 4484 452 4538 τὰ
497 4483 577 4553 τῷ
627 4484 946 4558 ἐπουρανίῳ
990 4486 1211 4560 βασιλεῖ
1255 4492 1481 4565 Χριστῷ
1528 4497 1609 4567 τῷ
1646 4498 1768 4569 Θεῷ
1798 4501 1959 4571 ἡμῶν

2065 4498 2378 4567 imperatori
2431 4499 2650 4555 Christo
2702 4497 2814 4553 Deo
2862 4507 3054 4554 nostro
3100 4499 3376 4555 dedicatas
3426 4499 3644 4555 divinas

383 4576 787 4649 άνατεθειμένα
825 4581 950 4637 θεῖα
989 4585 1087 4638 καὶ
1137 4584 1264 4656 ιερὰ
1309 4589 1652 4660 πράγματα,
1687 4587 1778 4647 οἷα
1811 4595 1855 4648 δ’
1889 4595 1957 4652 ἂν

2062 4607 2360 4660 sacrasque
2383 4607 2492 4658 res,
2542 4592 2944 4664 qualescunque
3003 4593 3109 4647 illa
3157 4601 3312 4660 sunt,
3365 4592 3640 4663 profanat.

381 4669 477 4724 καὶ
507 4666 642 4738 risv,
669 4673 872 4728 κοινῶν
902 4676 998 4729 καὶ
1027 4676 1490 4749 σφετεριζόμενος
1514 4684 1609 4736 καὶ
1643 4683 1828 4749 ἄλλοις
1851 4690 1954 4741 δω-

2062 4683 2388 4749 iutervertit,
2419 4683 2588 4740 donat
2620 4684 2767 4751 aliis,
2829 4691 3202 4756 praetereaque
3246 4684 3494 4740 divinum
3547 4700 3644 4741 sa—

381 4761 672 4833 ροὺμενος,
705 4764 788 4819 ἔτι
818 4765 876 4820 δὲ
901 4768 996 4821 καὶ
1025 4768 1086 4823 τδ
1109 4768 1256 4824 θεῖον
1276 4773 1369 4824 καὶ
1407 4774 1554 4844 ίερδν
1577 4776 1744 4830 αὑτοῦ
1782 4796 1956 4850 στρα-

2062 4790 2325 4846 crumque
2381 4777 2500 4848 ejus
2539 4776 2838 4833 exercitum
2879 4775 3224 4850 (monachos
3272 4786 3330 4832 et
3373 4777 3643 4835 moniales

376 4854 602 4908 τόπεδον
625 4872 642 4888 ⁸
674 4858 822 4927 φημὶ
841 4857 927 4929 δὴ,
950 4860 1011 4912 τδ
1029 4859 1139 4913 τῶν
1160 4863 1414 4933 μοναχῶν
1444 4864 1542 4919 καὶ
1572 4868 1950 4937 μοναζουσῶνο

376 4946 438 4999 οὑ
467 4947 630 5016 μόνον
651 4946 742 5002 διὰ
764 4947 865 5018 τῆς
891 4949 1002 5003 τῶν
1028 4950 1346 5020 ἀναγκαίων
1375 4954 1584 5020 ἐνδείας
1621 4959 1829 5024 πιέζων
1855 4963 1954 5017 καὶ

384 5037 758 5110 στενοχωρῶν,
793 5039 934 5095 ἀλλὰ
968 5043 1066 5096 καὶ
1093 5043 1182 5097 διὰ
1203 5043 1416 5116 δωρεᾶς
1441 5047 1753 5119 ἀνθρώποις
1781 5070 1956 5108 καταο

377 5131 606 5196 δουλῶν,
639 5133 732 5187 καὶ
758 5135 886 5188 ὅσον
907 5137 969 5188 τὸ
989 5136 1076 5189 ἐπ’
1102 5138 1266 5192 αὑτὸν
1293 5139 1610 5209 ἀφιστάνων
1638 5145 1836 5211 αὐτοὺς
1858 5148 1956 5203 τοῦ

379 5224 713 5295 ἐπουρανίου
742 5225 1032 5298 βασιλέως,
1072 5229 1193 5295 πῶς
1213 5229 1440 5286 δύναται
1467 5229 1609 5289 εῐναι
1637 5235 1672 5308 ἦ
1695 5235 1954 5306 λέγεσθαι

2063 4871 2352 4943 intelligo)
2399 4888 2506 4928 nou
2572 4872 2746 4927 solum
2810 4887 2909 4944 per
2959 4887 3140 4928 rerum
3198 4872 3641 4929 necessariarum

2065 4964 2417 5036 indigentiam
2482 4966 2682 5036 premit
2737 4975 2792 5019 et
2843 4975 3117 5035 angustat,
3170 4965 3268 5022 sed
3327 4965 3494 5021 etiam
3543 4981 3642 5037 per

2063 5057 2264 5113 donum
2279 5057 2595 5114 hominibus
2615 5058 2667 5112 in
2687 5058 3004 5114 servitutem
3036 5059 3220 5124 tradit,
3264 5069 3642 5131 quantumque

2065 5150 2119 5204 in
2145 5164 2206 5205 se
2227 5158 2312 5204 est
2353 5157 2546 5204 avocat
2583 5164 2613 5202 a
2642 5147 2847 5204 cmlesti
2880 5151 3232 5220 imperatore,
3273 5164 3386 5219 qua
3419 5151 3636 5205 ratione

2064 5254 2189 5297 esse
2213 5250 2308 5296 aut
2331 5241 2438 5297 dici
2466 5251 2645 5313 potest
2687 5241 3069 5299 christianos?
3102 5241 3195 5298 Sic
3219 5256 3351 5314 ergo
3383 5241 3641 5300 inimicus

1531 5396 1717 5458 Joan.
1756 5396 1934 5477 Bapt.
1968 5397 2267 5462 Cotelerii
2299 5407 2485 5464 notua.

453 5514 564 5588 (14)
595 5516 1088 5588 Χαριστικαρίων.
1121 5518 1521 5588 Charisticarii,
1549 5531 1605 5578 et
1627 5524 1948 5581 chariatica-

381 5585 496 5661 rite,
530 5585 673 5640 infra
705 5603 718 5640 :
749 5585 944 5661 quibus
981 5589 1036 5644 in
1070 5592 1389 5646 beneficium
1414 5604 1470 5647 et
1497 5585 1727 5661 gratiam
1762 5597 1946 5653 trade-

381 5656 580 5728 bantur
605 5671 668 5710 ac
695 5658 1079 5728 praebebantur
1107 5663 1470 5728 monaSteria;
1499 5656 1667 5719 laicis
1716 5664 1832 5720 loca
1859 5682 1948 5721 sa-

2051 5526 2263 5584 Latinis
2317 5528 2711 5596 ablmcomites,
2763 5528 3154 5592 abhicomites;
3209 5529 3430 5585 abbates
3479 5530 3626 5599 laici;

2052 5600 2277 5653 abbates
2309 5600 2601 5657 milites.et
2625 5601 2896 5656 abbatiaui
2921 5600 3281 5667 appellantur.
3315 5601 3370 5654 In
3397 5603 3633 5656 concilio

2052 5668 2336 5738 Meldensi,
2363 5667 2685 5725 Antichristi
2730 5679 2786 5725 et
2821 5670 3118 5738 apocryphi
3151 5679 3411 5726 rectores.
3449 5670 3629 5734 Betim,

379 5739 508 5811 era;
536 5725 891 5811 beneficiarii,
915 5730 1292 5811 prtebeudarii.
1322 5725 1464 5786 Vide
1479 5744 1588 5811 tum
1611 5733 1948 5811 Glossaritnn
2053 5737 2130 5793 De
2159 5725 2335 5811 ίᾳὶεἱεξ
2368 5753 2472 5811 non
2504 5739 2756 5811 monachi
2785 5725 2883 5795 sed
2905 5725 3147 5798 ablitites.
3177 5725 3437 5811 Egbertu,
3463 5725 3637 5799 abba;

378 5791 604 5850 Joannis
636 5791 886 5868 ⁸Μιιιιιέξί,
916 5791 1046 5854 ἰιιιη
1083 5799 1456 5857 Balsamauem
1493 5804 1562 5858 ad
1592 5820 1854 5861 canonem
1883 5807 1948 5862 t9
2054 5791 2136 5866 tes
2161 5791 2877 5868 sine'érdtiié.{insilui}:

383 5879 455 5920 vn
488 5865 694 5936 synodi,
728 5874 782 5923 ct
824 5867 917 5927 Jus
958 5869 1476 5930 Graeco-Romanum
1508 5889 1562 5946 p.
1597 5873 1716 5944 142,
1746 5874 1872 5933 Ξὸίι.
1905 5879 1950 5932 Α
