  <div class='ocr_page' id='page_1' title='image "/cluster/home/n/w/nwhite01/storage/ocr_20150623/132/mdp.39015061535228/579.png"; bbox 0 0 4122 6320; ppageno 0'>
   <div class='ocr_carea' id='block_1_1' title="bbox 502 261 639 330">
    <p class='ocr_par' dir='ltr' id='par_1_1' title="bbox 502 261 639 330">
     <span class='ocr_line' id='line_1_1' title="bbox 502 261 639 330; baseline 0.036 -5"><span class='ocrx_word' id='word_1_1' title='bbox 502 261 639 330; x_wconf 77' lang='lat' dir='ltr'><strong>1H3</strong></span> 
     </span>
    </p>
   </div>
   <div class='ocr_carea' id='block_1_2' title="bbox 1704 275 2547 340">
    <p class='ocr_par' dir='ltr' id='par_1_2' title="bbox 1704 275 2547 340">
     <span class='ocr_line' id='line_1_2' title="bbox 1704 275 2547 340; baseline 0.001 -2"><span class='ocrx_word' id='word_1_2' title='bbox 1704 275 2031 338; x_wconf 76' lang='lat' dir='ltr'><strong>JOANNIS</strong></span> <span class='ocrx_word' id='word_1_3' title='bbox 2071 276 2547 340; x_wconf 68' lang='lat' dir='ltr'><strong>ANTIOCIIENI</strong></span> 
     </span>
    </p>
   </div>
   <div class='ocr_carea' id='block_1_3' title="bbox 3622 287 3761 352">
    <p class='ocr_par' dir='ltr' id='par_1_3' title="bbox 3622 287 3761 352">
     <span class='ocr_line' id='line_1_3' title="bbox 3622 287 3761 352; baseline -0.022 0"><span class='ocrx_word' id='word_1_4' title='bbox 3622 287 3761 352; x_wconf 63' lang='lat' dir='ltr'><strong>liii</strong></span> 
     </span>
    </p>
   </div>
   <div class='ocr_carea' id='block_1_4' title="bbox 500 386 2066 477">
    <p class='ocr_par' dir='ltr' id='par_1_4' title="bbox 500 386 2066 462">
     <span class='ocr_line' id='line_1_4' title="bbox 500 386 2066 462; baseline 0.009 -28"><span class='ocrx_word' id='word_1_5' title='bbox 500 402 851 457; x_wconf 70' lang='lat' dir='ltr'><strong>progressum</strong></span> <span class='ocrx_word' id='word_1_6' title='bbox 904 386 1164 455; x_wconf 81' lang='lat' dir='ltr'><strong>faciente,</strong></span> <span class='ocrx_word' id='word_1_7' title='bbox 1219 393 1550 449; x_wconf 79' lang='lat' dir='ltr'><strong>monasteria</strong></span> <span class='ocrx_word' id='word_1_8' title='bbox 1576 393 1791 462; x_wconf 82' lang='lat' dir='ltr'><strong>penitus</strong></span> <span class='ocrx_word' id='word_1_9' title='bbox 1813 394 2066 449; x_wconf 87' lang='lat' dir='ltr'><strong>vertenda</strong></span> 
     </span>
    </p>
   </div>
   <div class='ocr_carea' id='block_1_5' title="bbox 2170 386 3753 477">
    <p class='ocr_par' dir='ltr' id='par_1_5' title="bbox 2186 397 3753 477">
     <span class='ocr_line' id='line_1_5' title="bbox 2186 397 3753 477; baseline 0.003 -30"><span class='ocrx_word' id='word_1_10' title='bbox 2186 398 2330 451; x_wconf 82' lang='grc' dir='ltr'><strong>νῖται</strong></span> <span class='ocrx_word' id='word_1_11' title='bbox 2384 397 2478 451; x_wconf 76' lang='grc' dir='ltr'><strong>καὶ</strong></span> <span class='ocrx_word' id='word_1_12' title='bbox 2527 398 2873 468; x_wconf 70' lang='grc' dir='ltr'><strong>ἐξωμονῖται.</strong></span> <span class='ocrx_word' id='word_1_13' title='bbox 2929 398 3039 451; x_wconf 70' lang='grc' dir='ltr'><strong>Καὶ</strong></span> <span class='ocrx_word' id='word_1_14' title='bbox 3071 398 3275 453; x_wconf 78' lang='grc' dir='ltr'><strong>ἔσωθεν</strong></span> <span class='ocrx_word' id='word_1_15' title='bbox 3305 400 3401 477; x_wconf 77' lang='grc' dir='ltr'><strong>τῆς</strong></span> <span class='ocrx_word' id='word_1_16' title='bbox 3430 401 3591 470; x_wconf 82' lang='grc' dir='ltr'><strong>ἀγίας</strong></span> <span class='ocrx_word' id='word_1_17' title='bbox 3626 403 3753 470; x_wconf 55' lang='lat' dir='ltr'><strong>primo</strong></span> 
     </span>
    </p>
   </div>
   <div class='ocr_carea' id='block_1_6' title="bbox 503 478 2071 556">
    <p class='ocr_par' dir='ltr' id='par_1_6' title="bbox 503 478 2071 556">
     <span class='ocr_line' id='line_1_6' title="bbox 503 478 2071 556; baseline 0.007 -26"><span class='ocrx_word' id='word_1_18' title='bbox 503 481 613 531; x_wconf 84' lang='lat' dir='ltr'><strong>sint</strong></span> <span class='ocrx_word' id='word_1_19' title='bbox 678 478 731 533; x_wconf 88' lang='lat' dir='ltr'><strong>in</strong></span> <span class='ocrx_word' id='word_1_20' title='bbox 782 480 1062 534; x_wconf 72' lang='lat' dir='ltr'><strong>szecnlaria</strong></span> <span class='ocrx_word' id='word_1_21' title='bbox 1136 482 1473 549; x_wconf 74' lang='lat' dir='ltr'><strong>diversoria;</strong></span> <span class='ocrx_word' id='word_1_22' title='bbox 1523 487 1762 555; x_wconf 86' lang='lat' dir='ltr'><strong>quinque</strong></span> <span class='ocrx_word' id='word_1_23' title='bbox 1823 487 1877 540; x_wconf 88' lang='lat' dir='ltr'><strong>id</strong></span> <span class='ocrx_word' id='word_1_24' title='bbox 1928 486 2071 556; x_wconf 81' lang='lat' dir='ltr'><strong>quod</strong></span> 
     </span>
    </p>
   </div>
   <div class='ocr_carea' id='block_1_7' title="bbox 494 572 2072 649">
    <p class='ocr_par' dir='ltr' id='par_1_7' title="bbox 494 572 2072 649">
     <span class='ocr_line' id='line_1_7' title="bbox 494 572 2072 649; baseline 0.005 -26"><span class='ocrx_word' id='word_1_25' title='bbox 494 572 716 638; x_wconf 72' lang='lat' dir='ltr'><strong>exsequi</strong></span> <span class='ocrx_word' id='word_1_26' title='bbox 774 588 878 626; x_wconf 86' lang='lat' dir='ltr'><strong>non</strong></span> <span class='ocrx_word' id='word_1_27' title='bbox 932 574 1106 643; x_wconf 81' lang='lat' dir='ltr'><strong>potuit</strong></span> <span class='ocrx_word' id='word_1_28' title='bbox 1153 574 1490 631; x_wconf 80' lang='lat' dir='ltr'><strong>miserrimus</strong></span> <span class='ocrx_word' id='word_1_29' title='bbox 1536 579 1913 649; x_wconf 70' lang='lat' dir='ltr'><strong>(lopronymus</strong></span> <span class='ocrx_word' id='word_1_30' title='bbox 1958 580 2072 649; x_wconf 81' lang='lat' dir='ltr'><strong>(eo</strong></span> 
     </span>
    </p>
   </div>
   <div class='ocr_carea' id='block_1_8' title="bbox 494 663 2073 741">
    <p class='ocr_par' dir='ltr' id='par_1_8' title="bbox 494 663 2073 741">
     <span class='ocr_line' id='line_1_8' title="bbox 494 663 2073 741; baseline 0.006 -26"><span class='ocrx_word' id='word_1_31' title='bbox 494 663 635 716; x_wconf 84' lang='lat' dir='ltr'><strong>enim</strong></span> <span class='ocrx_word' id='word_1_32' title='bbox 666 664 755 717; x_wconf 85' lang='lat' dir='ltr'><strong>ille</strong></span> <span class='ocrx_word' id='word_1_33' title='bbox 789 664 1132 738; x_wconf 81' lang='lat' dir='ltr'><strong>collitnabat)</strong></span> <span class='ocrx_word' id='word_1_34' title='bbox 1194 684 1290 735; x_wconf 85' lang='lat' dir='ltr'><strong>per</strong></span> <span class='ocrx_word' id='word_1_35' title='bbox 1313 669 1649 724; x_wconf 76' lang='lat' dir='ltr'><strong>orthodoxos</strong></span> <span class='ocrx_word' id='word_1_36' title='bbox 1700 671 2017 741; x_wconf 82' lang='lat' dir='ltr'><strong>perﬁciatur</strong></span> <span class='ocrx_word' id='word_1_37' title='bbox 2050 670 2073 724; x_wconf 89' lang='lat'><strong>?</strong></span> 
     </span>
    </p>
   </div>
   <div class='ocr_carea' id='block_1_9' title="bbox 492 756 2070 833">
    <p class='ocr_par' dir='ltr' id='par_1_9' title="bbox 492 756 2070 833">
     <span class='ocr_line' id='line_1_9' title="bbox 492 756 2070 833; baseline 0.006 -27"><span class='ocrx_word' id='word_1_38' title='bbox 492 756 572 809; x_wconf 80' lang='lat' dir='ltr'><strong>ita</strong></span> <span class='ocrx_word' id='word_1_39' title='bbox 618 770 747 824; x_wconf 78' lang='lat' dir='ltr'><strong>ergo</strong></span> <span class='ocrx_word' id='word_1_40' title='bbox 763 757 939 814; x_wconf 84' lang='lat' dir='ltr'><strong>.draco</strong></span> <span class='ocrx_word' id='word_1_41' title='bbox 980 772 1141 813; x_wconf 73' lang='lat' dir='ltr'><strong>etiam</strong></span> <span class='ocrx_word' id='word_1_42' title='bbox 1166 775 1262 815; x_wconf 87' lang='lat' dir='ltr'><strong>eos</strong></span> <span class='ocrx_word' id='word_1_43' title='bbox 1280 761 1371 829; x_wconf 89' lang='lat' dir='ltr'><strong>qui</strong></span> <span class='ocrx_word' id='word_1_44' title='bbox 1402 762 1726 817; x_wconf 71' lang='lat' dir='ltr'><strong>donationes</strong></span> <span class='ocrx_word' id='word_1_45' title='bbox 1764 763 2070 833; x_wconf 84' lang='lat' dir='ltr'><strong>accipiunt,</strong></span> 
     </span>
    </p>
   </div>
   <div class='ocr_carea' id='block_1_10' title="bbox 490 844 2075 920">
    <p class='ocr_par' dir='ltr' id='par_1_10' title="bbox 490 844 2075 920">
     <span class='ocr_line' id='line_1_10' title="bbox 490 844 2075 920; baseline 0.004 -20"><span class='ocrx_word' id='word_1_46' title='bbox 490 844 625 914; x_wconf 78' lang='lat' dir='ltr'><strong>ipsis</strong></span> <span class='ocrx_word' id='word_1_47' title='bbox 669 846 1008 917; x_wconf 75' lang='lat' dir='ltr'><strong>cupientibus</strong></span> <span class='ocrx_word' id='word_1_48' title='bbox 1062 850 1413 905; x_wconf 83' lang='lat' dir='ltr'><strong>iuterimitac</strong></span> <span class='ocrx_word' id='word_1_49' title='bbox 1476 852 1718 907; x_wconf 83' lang='lat' dir='ltr'><strong>devorat.</strong></span> <span class='ocrx_word' id='word_1_50' title='bbox 1770 853 1944 920; x_wconf 78' lang='lat' dir='ltr'><strong>Atque</strong></span> <span class='ocrx_word' id='word_1_51' title='bbox 1992 853 2075 906; x_wconf 63' lang='lat' dir='ltr'><strong>hae</strong></span> 
     </span>
    </p>
   </div>
   <div class='ocr_carea' id='block_1_11' title="bbox 494 939 2074 1015">
    <p class='ocr_par' dir='ltr' id='par_1_11' title="bbox 494 939 2074 1015">
     <span class='ocr_line' id='line_1_11' title="bbox 494 939 2074 1015; baseline 0.006 -25"><span class='ocrx_word' id='word_1_52' title='bbox 494 944 625 992; x_wconf 84' lang='lat' dir='ltr'><strong>sunt</strong></span> <span class='ocrx_word' id='word_1_53' title='bbox 672 939 885 995; x_wconf 87' lang='lat' dir='ltr'><strong>illorum</strong></span> <span class='ocrx_word' id='word_1_54' title='bbox 924 940 1257 1010; x_wconf 74' lang='lat' dir='ltr'><strong>iniquitates,</strong></span> <span class='ocrx_word' id='word_1_55' title='bbox 1307 956 1373 998; x_wconf 87' lang='lat' dir='ltr'><strong>ne</strong></span> <span class='ocrx_word' id='word_1_56' title='bbox 1402 942 1580 999; x_wconf 86' lang='lat' dir='ltr'><strong>dicam</strong></span> <span class='ocrx_word' id='word_1_57' title='bbox 1629 943 1960 1015; x_wconf 86' lang='lat' dir='ltr'><strong>impietates,</strong></span> <span class='ocrx_word' id='word_1_58' title='bbox 2007 946 2074 999; x_wconf 88' lang='lat' dir='ltr'><strong>de</strong></span> 
     </span>
    </p>
   </div>
   <div class='ocr_carea' id='block_1_12' title="bbox 491 1029 2070 1103">
    <p class='ocr_par' dir='ltr' id='par_1_12' title="bbox 491 1029 2070 1103">
     <span class='ocr_line' id='line_1_12' title="bbox 491 1029 2070 1103; baseline 0.006 -22"><span class='ocrx_word' id='word_1_59' title='bbox 491 1029 679 1085; x_wconf 84' lang='lat' dir='ltr'><strong>multis</strong></span> <span class='ocrx_word' id='word_1_60' title='bbox 733 1046 919 1101; x_wconf 63' lang='lat' dir='ltr'><strong>pauca</strong></span> <span class='ocrx_word' id='word_1_61' title='bbox 986 1045 1319 1103; x_wconf 69' lang='lat' dir='ltr'><strong>memoratae,</strong></span> <span class='ocrx_word' id='word_1_62' title='bbox 1396 1051 1465 1092; x_wconf 90' lang='lat' dir='ltr'><strong>ne</strong></span> <span class='ocrx_word' id='word_1_63' title='bbox 1518 1036 1733 1091; x_wconf 82' lang='lat' dir='ltr'><strong>modum</strong></span> <span class='ocrx_word' id='word_1_64' title='bbox 1783 1038 2070 1093; x_wconf 75' lang='lat' dir='ltr'><strong>excederet</strong></span> 
     </span>
    </p>
   </div>
   <div class='ocr_carea' id='block_1_13' title="bbox 492 1122 845 1193">
    <p class='ocr_par' dir='ltr' id='par_1_13' title="bbox 492 1122 845 1193">
     <span class='ocr_line' id='line_1_13' title="bbox 492 1122 845 1193; baseline 0.017 -20"><span class='ocrx_word' id='word_1_65' title='bbox 492 1122 845 1193; x_wconf 75' lang='lat' dir='ltr'><strong>eunscriptio.</strong></span> 
     </span>
    </p>
   </div>
   <div class='ocr_carea' id='block_1_14' title="bbox 2178 490 3758 562">
    <p class='ocr_par' dir='ltr' id='par_1_14' title="bbox 2178 490 3758 562">
     <span class='ocr_line' id='line_1_14' title="bbox 2178 490 3758 562; baseline 0.002 -20"><span class='ocrx_word' id='word_1_66' title='bbox 2178 491 2331 560; x_wconf 84' lang='grc' dir='ltr'><strong>δρας,</strong></span> <span class='ocrx_word' id='word_1_67' title='bbox 2360 490 2404 542; x_wconf 81' lang='grc' dir='ltr'><strong>ὣ</strong></span> <span class='ocrx_word' id='word_1_68' title='bbox 2425 490 2525 561; x_wconf 76' lang='grc' dir='ltr'><strong>τῆς</strong></span> <span class='ocrx_word' id='word_1_69' title='bbox 2554 491 2802 558; x_wconf 71' lang='grc' dir='ltr'><strong>ἀτοπίας,</strong></span> <span class='ocrx_word' id='word_1_70' title='bbox 2824 493 2875 544; x_wconf 76' lang='grc' dir='ltr'><strong>οἱ</strong></span> <span class='ocrx_word' id='word_1_71' title='bbox 2900 494 3159 561; x_wconf 76' lang='grc' dir='ltr'><strong>κοσμικαὶ</strong></span> <span class='ocrx_word' id='word_1_72' title='bbox 3186 493 3473 561; x_wconf 66' lang='grc' dir='ltr'><strong>σφάζουσι,</strong></span> <span class='ocrx_word' id='word_1_73' title='bbox 3504 511 3758 562; x_wconf 71' lang='grc' dir='ltr'><strong>κρεωφα-</strong></span> 
     </span>
    </p>
   </div>
   <div class='ocr_carea' id='block_1_15' title="bbox 2180 582 3758 658">
    <p class='ocr_par' dir='ltr' id='par_1_15' title="bbox 2180 582 3758 658">
     <span class='ocr_line' id='line_1_15' title="bbox 2180 582 3758 658; baseline 0.002 -22"><span class='ocrx_word' id='word_1_74' title='bbox 2180 582 2373 649; x_wconf 84' lang='grc' dir='ltr'><strong>γοῦσι,</strong></span> <span class='ocrx_word' id='word_1_75' title='bbox 2420 583 2789 656; x_wconf 72' lang='grc' dir='ltr'><strong>τραγῳδοῦσι,</strong></span> <span class='ocrx_word' id='word_1_76' title='bbox 2836 585 2929 637; x_wconf 70' lang='grc' dir='ltr'><strong>καὶ</strong></span> <span class='ocrx_word' id='word_1_77' title='bbox 2977 586 3155 640; x_wconf 82' lang='grc' dir='ltr'><strong>πάντα</strong></span> <span class='ocrx_word' id='word_1_78' title='bbox 3196 587 3261 640; x_wconf 72' lang='grc' dir='ltr'><strong>τὰ</strong></span> <span class='ocrx_word' id='word_1_79' title='bbox 3292 589 3532 658; x_wconf 80' lang='grc' dir='ltr'><strong>κοσμικά</strong></span> <span class='ocrx_word' id='word_1_80' title='bbox 3568 588 3758 656; x_wconf 79' lang='grc' dir='ltr'><strong>ἐπιτη-</strong></span> 
     </span>
    </p>
   </div>
   <div class='ocr_carea' id='block_1_16' title="bbox 2178 672 3758 747">
    <p class='ocr_par' dir='ltr' id='par_1_16' title="bbox 2178 672 3758 747">
     <span class='ocr_line' id='line_1_16' title="bbox 2178 672 3758 747; baseline 0.002 -21"><span class='ocrx_word' id='word_1_81' title='bbox 2178 672 2425 742; x_wconf 71' lang='grc' dir='ltr'><strong>δεύματα</strong></span> <span class='ocrx_word' id='word_1_82' title='bbox 2452 674 2622 747; x_wconf 82' lang='grc' dir='ltr'><strong>δρῶσι</strong></span> <span class='ocrx_word' id='word_1_83' title='bbox 2662 673 2804 744; x_wconf 68' lang='grc' dir='ltr'><strong>μετὰ</strong></span> <span class='ocrx_word' id='word_1_84' title='bbox 2850 676 3035 745; x_wconf 75' lang='grc' dir='ltr'><strong>πάσης</strong></span> <span class='ocrx_word' id='word_1_85' title='bbox 3066 676 3338 743; x_wconf 78' lang='grc' dir='ltr'><strong>ἐξουσίας.</strong></span> <span class='ocrx_word' id='word_1_86' title='bbox 3394 679 3504 732; x_wconf 79' lang='grc' dir='ltr'><strong>Καὶ</strong></span> <span class='ocrx_word' id='word_1_87' title='bbox 3528 679 3610 738; x_wconf 78' lang='grc' dir='ltr'><strong>τίς</strong></span> <span class='ocrx_word' id='word_1_88' title='bbox 3648 679 3758 744; x_wconf 79' lang='grc' dir='ltr'><strong>ἀμ-</strong></span> 
     </span>
    </p>
   </div>
   <div class='ocr_carea' id='block_1_17' title="bbox 2182 765 3754 840">
    <p class='ocr_par' dir='ltr' id='par_1_17' title="bbox 2182 765 3754 840">
     <span class='ocr_line' id='line_1_17' title="bbox 2182 765 3754 840; baseline 0.002 -22"><span class='ocrx_word' id='word_1_89' title='bbox 2182 765 2457 834; x_wconf 77' lang='grc' dir='ltr'><strong>φιϐάλλει,</strong></span> <span class='ocrx_word' id='word_1_90' title='bbox 2515 767 2608 820; x_wconf 77' lang='grc' dir='ltr'><strong>τοῦ</strong></span> <span class='ocrx_word' id='word_1_91' title='bbox 2668 768 2860 838; x_wconf 75' lang='grc' dir='ltr'><strong>χρόνου</strong></span> <span class='ocrx_word' id='word_1_92' title='bbox 2910 769 3217 840; x_wconf 76' lang='grc' dir='ltr'><strong>προϊόντος,</strong></span> <span class='ocrx_word' id='word_1_93' title='bbox 3271 770 3369 824; x_wconf 69' lang='grc' dir='ltr'><strong>καὶ</strong></span> <span class='ocrx_word' id='word_1_94' title='bbox 3421 768 3517 824; x_wconf 77' lang='grc' dir='ltr'><strong>τοῦ</strong></span> <span class='ocrx_word' id='word_1_95' title='bbox 3579 767 3754 823; x_wconf 78' lang='grc' dir='ltr'><strong>κακοῦ</strong></span> 
     </span>
    </p>
   </div>
   <div class='ocr_carea' id='block_1_18' title="bbox 2180 857 3753 934">
    <p class='ocr_par' dir='ltr' id='par_1_18' title="bbox 2180 857 3753 934">
     <span class='ocr_line' id='line_1_18' title="bbox 2180 857 3753 934; baseline 0.004 -24"><span class='ocrx_word' id='word_1_96' title='bbox 2180 857 2614 929; x_wconf 80' lang='grc' dir='ltr'><strong>προκόπτοντος,</strong></span> <span class='ocrx_word' id='word_1_97' title='bbox 2646 859 2719 928; x_wconf 77' lang='grc' dir='ltr'><strong>μὴ</strong></span> <span class='ocrx_word' id='word_1_98' title='bbox 2740 858 2966 924; x_wconf 78' lang='grc' dir='ltr'><strong>τελείως</strong></span> <span class='ocrx_word' id='word_1_99' title='bbox 2997 861 3260 930; x_wconf 83' lang='grc' dir='ltr'><strong>γενέσθαι</strong></span> <span class='ocrx_word' id='word_1_100' title='bbox 3282 863 3353 916; x_wconf 84' lang='grc' dir='ltr'><strong>τὰ</strong></span> <span class='ocrx_word' id='word_1_101' title='bbox 3388 863 3753 934; x_wconf 69' lang='grc' dir='ltr'><strong>μοναστηρια,</strong></span> 
     </span>
    </p>
   </div>
   <div class='ocr_carea' id='block_1_19' title="bbox 2179 951 3757 1025">
    <p class='ocr_par' dir='ltr' id='par_1_19' title="bbox 2179 951 3757 1025">
     <span class='ocr_line' id='line_1_19' title="bbox 2179 951 3757 1025; baseline 0.004 -23"><span class='ocrx_word' id='word_1_102' title='bbox 2179 951 2425 1020; x_wconf 79' lang='grc' dir='ltr'><strong>κοσμικά</strong></span> <span class='ocrx_word' id='word_1_103' title='bbox 2483 952 2807 1021; x_wconf 77' lang='grc' dir='ltr'><strong>καταγώγια</strong></span> <span class='ocrx_word' id='word_1_104' title='bbox 2865 969 2880 984; x_wconf 76' lang='grc' dir='ltr'><strong>ο</strong></span> <span class='ocrx_word' id='word_1_105' title='bbox 2938 955 3033 1007; x_wconf 73' lang='grc' dir='ltr'><strong>καὶ</strong></span> <span class='ocrx_word' id='word_1_106' title='bbox 3092 956 3231 1025; x_wconf 81' lang='grc' dir='ltr'><strong>ὅπερ</strong></span> <span class='ocrx_word' id='word_1_107' title='bbox 3287 955 3389 1008; x_wconf 81' lang='grc' dir='ltr'><strong>οὐκ</strong></span> <span class='ocrx_word' id='word_1_108' title='bbox 3442 956 3681 1025; x_wconf 61' lang='grc' dir='ltr'><strong>ἠδυνήθη</strong></span> <span class='ocrx_word' id='word_1_109' title='bbox 3728 957 3757 1008; x_wconf 89' lang='grc' dir='ltr'><strong>ό</strong></span> 
     </span>
    </p>
   </div>
   <div class='ocr_carea' id='block_1_20' title="bbox 2178 1041 3756 1119">
    <p class='ocr_par' dir='ltr' id='par_1_20' title="bbox 2178 1041 3756 1119">
     <span class='ocr_line' id='line_1_20' title="bbox 2178 1041 3756 1119; baseline 0.006 -27"><span class='ocrx_word' id='word_1_110' title='bbox 2178 1041 2496 1111; x_wconf 77' lang='grc' dir='ltr'><strong>τρισάθλιος</strong></span> <span class='ocrx_word' id='word_1_111' title='bbox 2546 1043 2928 1117; x_wconf 81' lang='grc' dir='ltr'><strong>Κοπρὼνυμος</strong></span> <span class='ocrx_word' id='word_1_112' title='bbox 2987 1046 3338 1117; x_wconf 81' lang='grc' dir='ltr'><strong>κατορθῶσαι</strong></span> <span class='ocrx_word' id='word_1_113' title='bbox 3369 1063 3383 1076; x_wconf 84' lang='grc'><em>’</em></span> <span class='ocrx_word' id='word_1_114' title='bbox 3435 1046 3597 1102; x_wconf 79' lang='grc' dir='ltr'><strong>τοῦτο</strong></span> <span class='ocrx_word' id='word_1_115' title='bbox 3645 1047 3756 1119; x_wconf 66' lang='grc' dir='ltr'><strong>γὰρ</strong></span> 
     </span>
    </p>
   </div>
   <div class='ocr_carea' id='block_1_21' title="bbox 2180 1133 3750 1210">
    <p class='ocr_par' dir='ltr' id='par_1_21' title="bbox 2180 1133 3750 1210">
     <span class='ocr_line' id='line_1_21' title="bbox 2180 1133 3750 1210; baseline 0.006 -26"><span class='ocrx_word' id='word_1_116' title='bbox 2180 1133 2378 1206; x_wconf 79' lang='grc' dir='ltr'><strong>ἐκείνῳ</strong></span> <span class='ocrx_word' id='word_1_117' title='bbox 2422 1135 2626 1200; x_wconf 82' lang='grc' dir='ltr'><strong>σκοπός</strong></span> <span class='ocrx_word' id='word_1_118' title='bbox 2654 1152 2666 1166; x_wconf 83' lang='grc'><strong>·</strong></span> <span class='ocrx_word' id='word_1_119' title='bbox 2720 1136 2827 1190; x_wconf 63' lang='lat' dir='ltr'><strong>tith</strong></span> <span class='ocrx_word' id='word_1_120' title='bbox 2857 1137 2968 1190; x_wconf 82' lang='grc' dir='ltr'><strong>τῶν</strong></span> <span class='ocrx_word' id='word_1_121' title='bbox 2999 1138 3299 1210; x_wconf 79' lang='grc' dir='ltr'><strong>όρθοδόξων</strong></span> <span class='ocrx_word' id='word_1_122' title='bbox 3354 1138 3709 1210; x_wconf 73' lang='grc' dir='ltr'><strong>πληρωθῆναι</strong></span> <span class='ocrx_word' id='word_1_123' title='bbox 3735 1157 3750 1194; x_wconf 89' lang='lat'>:</span> 
     </span>
    </p>
   </div>
   <div class='ocr_carea' id='block_1_22' title="bbox 493 1215 3756 1305">
    <p class='ocr_par' dir='ltr' id='par_1_22' title="bbox 493 1215 3756 1305">
     <span class='ocr_line' id='line_1_22' title="bbox 493 1215 3756 1305; baseline 0.006 -36"><span class='ocrx_word' id='word_1_124' title='bbox 493 1215 684 1283; x_wconf 77' lang='grc' dir='ltr'><strong>υύτως</strong></span> <span class='ocrx_word' id='word_1_125' title='bbox 717 1219 903 1276; x_wconf 87' lang='grc' dir='ltr'><strong>τοίνυν</strong></span> <span class='ocrx_word' id='word_1_126' title='bbox 930 1222 961 1276; x_wconf 89' lang='grc' dir='ltr'><strong>ό</strong></span> <span class='ocrx_word' id='word_1_127' title='bbox 992 1222 1211 1293; x_wconf 79' lang='grc' dir='ltr'><strong>δράκων</strong></span> <span class='ocrx_word' id='word_1_128' title='bbox 1260 1224 1361 1278; x_wconf 73' lang='grc' dir='ltr'><strong>καὶ</strong></span> <span class='ocrx_word' id='word_1_129' title='bbox 1411 1226 1539 1287; x_wconf 76' lang='grc' dir='ltr'><strong>τοὺς</strong></span> <span class='ocrx_word' id='word_1_130' title='bbox 1574 1225 1675 1291; x_wconf 76' lang='grc' dir='ltr'><strong>τὰς</strong></span> <span class='ocrx_word' id='word_1_131' title='bbox 1716 1226 1927 1298; x_wconf 85' lang='grc' dir='ltr'><strong>δωρεὰς</strong></span> <span class='ocrx_word' id='word_1_132' title='bbox 1971 1226 2374 1297; x_wconf 78' lang='grc' dir='ltr'><strong>λαμϐάνοντας,</strong></span> <span class='ocrx_word' id='word_1_133' title='bbox 2418 1231 2589 1302; x_wconf 80' lang='grc' dir='ltr'><strong>ἡδέως</strong></span> <span class='ocrx_word' id='word_1_134' title='bbox 2625 1233 2843 1305; x_wconf 85' lang='grc' dir='ltr'><strong>ἀναιρεῖ</strong></span> <span class='ocrx_word' id='word_1_135' title='bbox 2896 1234 2993 1287; x_wconf 83' lang='grc' dir='ltr'><strong>καὶ</strong></span> <span class='ocrx_word' id='word_1_136' title='bbox 3049 1234 3363 1289; x_wconf 80' lang='grc' dir='ltr'><strong>καταπίνει.</strong></span> <span class='ocrx_word' id='word_1_137' title='bbox 3409 1235 3518 1287; x_wconf 74' lang='grc' dir='ltr'><strong>Καὶ</strong></span> <span class='ocrx_word' id='word_1_138' title='bbox 3581 1231 3756 1288; x_wconf 76' lang='grc' dir='ltr'><strong>ταῦτα</strong></span> 
     </span>
    </p>
   </div>
   <div class='ocr_carea' id='block_1_23' title="bbox 482 1312 3187 1403">
    <p class='ocr_par' dir='ltr' id='par_1_23' title="bbox 482 1312 3187 1403">
     <span class='ocr_line' id='line_1_23' title="bbox 482 1312 3187 1403; baseline 0.008 -39"><span class='ocrx_word' id='word_1_139' title='bbox 482 1312 551 1365; x_wconf 66' lang='grc' dir='ltr'><strong>τὰ</strong></span> <span class='ocrx_word' id='word_1_140' title='bbox 576 1313 758 1368; x_wconf 78' lang='grc' dir='ltr'><strong>αὐτῶν</strong></span> <span class='ocrx_word' id='word_1_141' title='bbox 785 1314 1147 1388; x_wconf 77' lang='grc' dir='ltr'><strong>ἀνομήματα,</strong></span> <span class='ocrx_word' id='word_1_142' title='bbox 1183 1316 1271 1371; x_wconf 83' lang='grc' dir='ltr'><strong>τνα</strong></span> <span class='ocrx_word' id='word_1_143' title='bbox 1302 1317 1378 1390; x_wconf 80' lang='grc' dir='ltr'><strong>μὴ</strong></span> <span class='ocrx_word' id='word_1_144' title='bbox 1411 1318 1556 1388; x_wconf 89' lang='grc' dir='ltr'><strong>λέγω</strong></span> <span class='ocrx_word' id='word_1_145' title='bbox 1590 1320 1944 1392; x_wconf 70' lang='grc' dir='ltr'><strong>ἀσεϐήματα,</strong></span> <span class='ocrx_word' id='word_1_146' title='bbox 1978 1324 2043 1377; x_wconf 79' lang='grc' dir='ltr'><strong>ἐκ</strong></span> <span class='ocrx_word' id='word_1_147' title='bbox 2081 1321 2293 1377; x_wconf 85' lang='grc' dir='ltr'><strong>πολλῶν</strong></span> <span class='ocrx_word' id='word_1_148' title='bbox 2326 1326 2505 1396; x_wconf 83' lang='grc' dir='ltr'><strong>ὀλίγα,</strong></span> <span class='ocrx_word' id='word_1_149' title='bbox 2535 1328 2622 1383; x_wconf 76' lang='grc' dir='ltr'><strong>διὰ</strong></span> <span class='ocrx_word' id='word_1_150' title='bbox 2657 1329 2755 1403; x_wconf 74' lang='grc' dir='ltr'><strong>τὴν</strong></span> <span class='ocrx_word' id='word_1_151' title='bbox 2780 1330 3187 1402; x_wconf 80' lang='grc' dir='ltr'><strong>πολυγραφίαν.</strong></span> 
     </span>
    </p>
   </div>
   <div class='ocr_carea' id='block_1_24' title="bbox 557 1409 2074 1487">
    <p class='ocr_par' dir='ltr' id='par_1_24' title="bbox 557 1409 2074 1487">
     <span class='ocr_line' id='line_1_24' title="bbox 557 1409 2074 1487; baseline 0.004 -20"><span class='ocrx_word' id='word_1_152' title='bbox 557 1409 674 1467; x_wconf 77' lang='lat' dir='ltr'><strong>XV.</strong></span> <span class='ocrx_word' id='word_1_153' title='bbox 716 1411 983 1469; x_wconf 62' lang='lat' dir='ltr'><strong>Ceterum</strong></span> <span class='ocrx_word' id='word_1_154' title='bbox 1014 1427 1238 1469; x_wconf 87' lang='lat' dir='ltr'><strong>necesse</strong></span> <span class='ocrx_word' id='word_1_155' title='bbox 1262 1422 1346 1470; x_wconf 87' lang='lat' dir='ltr'><strong>est</strong></span> <span class='ocrx_word' id='word_1_156' title='bbox 1386 1424 1445 1471; x_wconf 91' lang='lat' dir='ltr'><strong>ut</strong></span> <span class='ocrx_word' id='word_1_157' title='bbox 1492 1415 1782 1485; x_wconf 83' lang='lat' dir='ltr'><strong>loquamur</strong></span> <span class='ocrx_word' id='word_1_158' title='bbox 1811 1419 1877 1473; x_wconf 88' lang='lat' dir='ltr'><strong>de</strong></span> <span class='ocrx_word' id='word_1_159' title='bbox 1924 1417 2074 1487; x_wconf 85' lang='lat' dir='ltr'><strong>abjc-</strong></span> 
     </span>
    </p>
   </div>
   <div class='ocr_carea' id='block_1_25' title="bbox 482 1505 2074 1580">
    <p class='ocr_par' dir='ltr' id='par_1_25' title="bbox 482 1505 2074 1580">
     <span class='ocr_line' id='line_1_25' title="bbox 482 1505 2074 1580; baseline 0.002 -19"><span class='ocrx_word' id='word_1_160' title='bbox 482 1507 584 1561; x_wconf 89' lang='lat' dir='ltr'><strong>ctis</strong></span> <span class='ocrx_word' id='word_1_161' title='bbox 609 1517 661 1561; x_wconf 88' lang='lat' dir='ltr'><strong>et</strong></span> <span class='ocrx_word' id='word_1_162' title='bbox 691 1505 1089 1563; x_wconf 75' lang='lat' dir='ltr'><strong>miserabilibus</strong></span> <span class='ocrx_word' id='word_1_163' title='bbox 1119 1508 1425 1576; x_wconf 82' lang='lat' dir='ltr'><strong>monachis,</strong></span> <span class='ocrx_word' id='word_1_164' title='bbox 1451 1508 1520 1563; x_wconf 90' lang='lat' dir='ltr'><strong>de</strong></span> <span class='ocrx_word' id='word_1_165' title='bbox 1540 1510 1739 1580; x_wconf 77' lang='lat' dir='ltr'><strong>quibus</strong></span> <span class='ocrx_word' id='word_1_166' title='bbox 1767 1525 1830 1565; x_wconf 86' lang='lat' dir='ltr'><strong>ac</strong></span> <span class='ocrx_word' id='word_1_167' title='bbox 1853 1524 2074 1580; x_wconf 82' lang='lat' dir='ltr'><strong>propter</strong></span> 
     </span>
    </p>
   </div>
   <div class='ocr_carea' id='block_1_26' title="bbox 482 1598 2068 1670">
    <p class='ocr_par' dir='ltr' id='par_1_26' title="bbox 482 1598 2068 1670">
     <span class='ocr_line' id='line_1_26' title="bbox 482 1598 2068 1670; baseline 0.003 -21"><span class='ocrx_word' id='word_1_168' title='bbox 482 1612 619 1669; x_wconf 87' lang='lat' dir='ltr'><strong>quos</strong></span> <span class='ocrx_word' id='word_1_169' title='bbox 649 1610 810 1651; x_wconf 77' lang='lat' dir='ltr'><strong>ornne</strong></span> <span class='ocrx_word' id='word_1_170' title='bbox 868 1598 1110 1653; x_wconf 86' lang='lat' dir='ltr'><strong>studium</strong></span> <span class='ocrx_word' id='word_1_171' title='bbox 1162 1598 1489 1669; x_wconf 76' lang='lat' dir='ltr'><strong>iutelligibili</strong></span> <span class='ocrx_word' id='word_1_172' title='bbox 1520 1609 1578 1653; x_wconf 87' lang='lat' dir='ltr'><strong>et</strong></span> <span class='ocrx_word' id='word_1_173' title='bbox 1622 1600 1853 1670; x_wconf 87' lang='lat' dir='ltr'><strong>spiritali</strong></span> <span class='ocrx_word' id='word_1_174' title='bbox 1901 1601 2068 1666; x_wconf 89' lang='lat' dir='ltr'><strong>leoni,</strong></span> 
     </span>
    </p>
   </div>
   <div class='ocr_carea' id='block_1_27' title="bbox 2255 1420 3753 1501">
    <p class='ocr_par' dir='ltr' id='par_1_27' title="bbox 2255 1420 3753 1501">
     <span class='ocr_line' id='line_1_27' title="bbox 2255 1420 3753 1501; baseline 0.004 -24"><span class='ocrx_word' id='word_1_175' title='bbox 2255 1420 2337 1479; x_wconf 84' lang='grc' dir='ltr'><strong>ιε’.</strong></span> <span class='ocrx_word' id='word_1_176' title='bbox 2380 1426 2517 1496; x_wconf 76' lang='grc' dir='ltr'><strong>Περὶ</strong></span> <span class='ocrx_word' id='word_1_177' title='bbox 2553 1426 2610 1481; x_wconf 85' lang='grc' dir='ltr'><strong>δὲ</strong></span> <span class='ocrx_word' id='word_1_178' title='bbox 2633 1427 2741 1481; x_wconf 84' lang='grc' dir='ltr'><strong>τῶν</strong></span> <span class='ocrx_word' id='word_1_179' title='bbox 2772 1427 3044 1483; x_wconf 79' lang='grc' dir='ltr'><strong>ταπεινῶν</strong></span> <span class='ocrx_word' id='word_1_180' title='bbox 3066 1430 3159 1481; x_wconf 78' lang='grc' dir='ltr'><strong>καὶ</strong></span> <span class='ocrx_word' id='word_1_181' title='bbox 3189 1428 3445 1483; x_wconf 79' lang='grc' dir='ltr'><strong>ἐλεεινῶν</strong></span> <span class='ocrx_word' id='word_1_182' title='bbox 3478 1428 3753 1501; x_wconf 85' lang='grc' dir='ltr'><strong>μοναχῶν,</strong></span> 
     </span>
    </p>
   </div>
   <div class='ocr_carea' id='block_1_28' title="bbox 2180 1510 3753 1592">
    <p class='ocr_par' dir='ltr' id='par_1_28' title="bbox 2180 1510 3753 1592">
     <span class='ocr_line' id='line_1_28' title="bbox 2180 1510 3753 1592; baseline 0.004 -26"><span class='ocrx_word' id='word_1_183' title='bbox 2180 1516 2311 1585; x_wconf 81' lang='grc' dir='ltr'><strong>περὶ</strong></span> <span class='ocrx_word' id='word_1_184' title='bbox 2350 1510 2425 1570; x_wconf 82' lang='grc' dir='ltr'><strong>ὦν</strong></span> <span class='ocrx_word' id='word_1_185' title='bbox 2450 1519 2543 1571; x_wconf 68' lang='grc' dir='ltr'><strong>καλ⁵</strong></span> <span class='ocrx_word' id='word_1_186' title='bbox 2569 1517 2638 1570; x_wconf 80' lang='grc' dir='ltr'><strong>δι’</strong></span> <span class='ocrx_word' id='word_1_187' title='bbox 2664 1518 2759 1582; x_wconf 73' lang='grc' dir='ltr'><strong>οὓς</strong></span> <span class='ocrx_word' id='word_1_188' title='bbox 2785 1520 2816 1590; x_wconf 80' lang='grc' dir='ltr'>ὴ</span> <span class='ocrx_word' id='word_1_189' title='bbox 2842 1520 2992 1573; x_wconf 85' lang='grc' dir='ltr'><strong>πᾶσα</strong></span> <span class='ocrx_word' id='word_1_190' title='bbox 3026 1520 3231 1590; x_wconf 82' lang='grc' dir='ltr'><strong>σπουδὴ</strong></span> <span class='ocrx_word' id='word_1_191' title='bbox 3264 1519 3342 1592; x_wconf 86' lang='grc' dir='ltr'><strong>τῷ</strong></span> <span class='ocrx_word' id='word_1_192' title='bbox 3364 1520 3541 1592; x_wconf 80' lang='grc' dir='ltr'>νοητῷ</span> <span class='ocrx_word' id='word_1_193' title='bbox 3559 1520 3753 1582; x_wconf 84' lang='grc' dir='ltr'><strong>λέοντι,</strong></span> 
     </span>
    </p>
   </div>
   <div class='ocr_carea' id='block_1_29' title="bbox 2180 1608 3755 1682">
    <p class='ocr_par' dir='ltr' id='par_1_29' title="bbox 2180 1608 3755 1682">
     <span class='ocr_line' id='line_1_29' title="bbox 2180 1608 3755 1682; baseline 0.001 -21"><span class='ocrx_word' id='word_1_194' title='bbox 2180 1608 2274 1661; x_wconf 76' lang='grc' dir='ltr'><strong>καὶ</strong></span> <span class='ocrx_word' id='word_1_195' title='bbox 2305 1608 2337 1678; x_wconf 81' lang='grc' dir='ltr'><strong>ὴ</strong></span> <span class='ocrx_word' id='word_1_196' title='bbox 2366 1608 2668 1679; x_wconf 75' lang='grc' dir='ltr'><strong>ἀκόρεστος</strong></span> <span class='ocrx_word' id='word_1_197' title='bbox 2707 1610 2801 1665; x_wconf 85' lang='grc' dir='ltr'><strong>καὶ</strong></span> <span class='ocrx_word' id='word_1_198' title='bbox 2831 1611 3116 1675; x_wconf 73' lang='grc' dir='ltr'><strong>ἀνένδοτος</strong></span> <span class='ocrx_word' id='word_1_199' title='bbox 3169 1613 3360 1679; x_wconf 81' lang='grc' dir='ltr'><strong>ἔφεσις</strong></span> <span class='ocrx_word' id='word_1_200' title='bbox 3412 1614 3513 1682; x_wconf 75' lang='grc' dir='ltr'><strong>τῆς</strong></span> <span class='ocrx_word' id='word_1_201' title='bbox 3577 1613 3755 1667; x_wconf 79' lang='grc' dir='ltr'><strong>αὐτῶν</strong></span> 
     </span>
    </p>
   </div>
   <div class='ocr_carea' id='block_1_30' title="bbox 482 1687 2066 1794">
    <p class='ocr_par' dir='ltr' id='par_1_30' title="bbox 482 1687 2066 1765">
     <span class='ocr_line' id='line_1_30' title="bbox 482 1687 2066 1765; baseline 0.002 -24"><span class='ocrx_word' id='word_1_202' title='bbox 482 1699 536 1741; x_wconf 83' lang='lat' dir='ltr'><strong>et</strong></span> <span class='ocrx_word' id='word_1_203' title='bbox 567 1687 871 1744; x_wconf 79' lang='lat' dir='ltr'><strong>insatiabile</strong></span> <span class='ocrx_word' id='word_1_204' title='bbox 886 1689 1328 1763; x_wconf 83' lang='lat' dir='ltr'><strong>obstinatumque</strong></span> <span class='ocrx_word' id='word_1_205' title='bbox 1354 1707 1541 1748; x_wconf 88' lang='lat' dir='ltr'><strong>eorum</strong></span> <span class='ocrx_word' id='word_1_206' title='bbox 1572 1693 1895 1765; x_wconf 76' lang='lat' dir='ltr'><strong>perditionis</strong></span> <span class='ocrx_word' id='word_1_207' title='bbox 1926 1694 2066 1749; x_wconf 88' lang='lat' dir='ltr'><strong>desi-</strong></span> 
     </span>
    </p>
   </div>
   <div class='ocr_carea' id='block_1_31' title="bbox 2170 1687 3753 1794">
    <p class='ocr_par' dir='ltr' id='par_1_31' title="bbox 2175 1699 3753 1776">
     <span class='ocr_line' id='line_1_31' title="bbox 2175 1699 3753 1776; baseline 0.002 -23"><span class='ocrx_word' id='word_1_208' title='bbox 2175 1699 2480 1765; x_wconf 72' lang='grc' dir='ltr'><strong>ἀπωλείας,</strong></span> <span class='ocrx_word' id='word_1_209' title='bbox 2508 1700 2577 1754; x_wconf 76' lang='grc' dir='ltr'><strong>δι’</strong></span> <span class='ocrx_word' id='word_1_210' title='bbox 2599 1703 2666 1774; x_wconf 69' lang='grc' dir='ltr'><strong>ἦν</strong></span> <span class='ocrx_word' id='word_1_211' title='bbox 2694 1704 2787 1757; x_wconf 68' lang='grc' dir='ltr'><strong>καί</strong></span> <span class='ocrx_word' id='word_1_212' title='bbox 2821 1705 2991 1758; x_wconf 81' lang='grc' dir='ltr'><strong>πᾶσαι</strong></span> <span class='ocrx_word' id='word_1_213' title='bbox 3030 1706 3084 1758; x_wconf 85' lang='grc' dir='ltr'><strong>αί</strong></span> <span class='ocrx_word' id='word_1_214' title='bbox 3120 1704 3525 1776; x_wconf 81' lang='grc' dir='ltr'><strong>προειρημέναι</strong></span> <span class='ocrx_word' id='word_1_215' title='bbox 3588 1703 3753 1758; x_wconf 74' lang='grc' dir='ltr'><strong>αὐτοῦ</strong></span> 
     </span>
    </p>
   </div>
   <div class='ocr_carea' id='block_1_32' title="bbox 482 1778 2066 1868">
    <p class='ocr_par' dir='ltr' id='par_1_32' title="bbox 482 1778 2066 1855">
     <span class='ocr_line' id='line_1_32' title="bbox 482 1778 2066 1855; baseline 0.007 -27"><span class='ocrx_word' id='word_1_216' title='bbox 482 1778 732 1844; x_wconf 85' lang='lat' dir='ltr'><strong>deriutn;</strong></span> <span class='ocrx_word' id='word_1_217' title='bbox 773 1781 843 1835; x_wconf 89' lang='lat' dir='ltr'><strong>ob</strong></span> <span class='ocrx_word' id='word_1_218' title='bbox 884 1795 1047 1851; x_wconf 87' lang='lat' dir='ltr'><strong>quam</strong></span> <span class='ocrx_word' id='word_1_219' title='bbox 1086 1790 1143 1837; x_wconf 86' lang='lat' dir='ltr'><strong>et</strong></span> <span class='ocrx_word' id='word_1_220' title='bbox 1175 1793 1383 1844; x_wconf 69' lang='lat' dir='ltr'><strong>cunctae</strong></span> <span class='ocrx_word' id='word_1_221' title='bbox 1412 1784 1533 1853; x_wconf 83' lang='lat' dir='ltr'><strong>ejus</strong></span> <span class='ocrx_word' id='word_1_222' title='bbox 1582 1796 1740 1841; x_wconf 89' lang='lat' dir='ltr'><strong>antea</strong></span> <span class='ocrx_word' id='word_1_223' title='bbox 1791 1785 2066 1855; x_wconf 75' lang='lat' dir='ltr'><strong>explicata:</strong></span> 
     </span>
    </p>
   </div>
   <div class='ocr_carea' id='block_1_33' title="bbox 2170 1778 3753 1868">
    <p class='ocr_par' dir='ltr' id='par_1_33' title="bbox 2180 1795 3753 1868">
     <span class='ocr_line' id='line_1_33' title="bbox 2180 1795 3753 1868; baseline 0.001 -22"><span class='ocrx_word' id='word_1_224' title='bbox 2180 1795 2587 1865; x_wconf 87' lang='grc' dir='ltr'><strong>μηχανουργίαι</strong></span> <span class='ocrx_word' id='word_1_225' title='bbox 2621 1795 3019 1866; x_wconf 68' lang='grc' dir='ltr'><strong>ἐπενοήθησαν,</strong></span> <span class='ocrx_word' id='word_1_226' title='bbox 3040 1796 3116 1866; x_wconf 83' lang='grc' dir='ltr'><strong>μὴ</strong></span> <span class='ocrx_word' id='word_1_227' title='bbox 3146 1796 3367 1868; x_wconf 77' lang='grc' dir='ltr'><strong>φέροντι</strong></span> <span class='ocrx_word' id='word_1_228' title='bbox 3393 1795 3656 1865; x_wconf 74' lang='grc' dir='ltr'><strong>καθορᾷν,</strong></span> <span class='ocrx_word' id='word_1_229' title='bbox 3680 1796 3753 1859; x_wconf 84' lang='grc' dir='ltr'><strong>ὡς</strong></span> 
     </span>
    </p>
   </div>
   <div class='ocr_carea' id='block_1_34' title="bbox 484 1872 2066 1957">
    <p class='ocr_par' dir='ltr' id='par_1_34' title="bbox 484 1872 2066 1943">
     <span class='ocr_line' id='line_1_34' title="bbox 484 1872 2066 1943; baseline 0.006 -22"><span class='ocrx_word' id='word_1_230' title='bbox 484 1872 914 1930; x_wconf 81' lang='lat' dir='ltr'><strong>machinationes</strong></span> <span class='ocrx_word' id='word_1_231' title='bbox 938 1875 1258 1943; x_wconf 71' lang='lat' dir='ltr'><strong>excogitata:</strong></span> <span class='ocrx_word' id='word_1_232' title='bbox 1287 1875 1526 1943; x_wconf 88' lang='lat' dir='ltr'><strong>fuerunt,</strong></span> <span class='ocrx_word' id='word_1_233' title='bbox 1560 1892 1681 1939; x_wconf 75' lang='lat' dir='ltr'><strong>cum</strong></span> <span class='ocrx_word' id='word_1_234' title='bbox 1706 1876 1846 1933; x_wconf 83' lang='lat' dir='ltr'><strong>sicut</strong></span> <span class='ocrx_word' id='word_1_235' title='bbox 1867 1876 2066 1933; x_wconf 87' lang='lat' dir='ltr'><strong>dictum</strong></span> 
     </span>
    </p>
   </div>
   <div class='ocr_carea' id='block_1_35' title="bbox 2170 1872 3755 1957">
    <p class='ocr_par' dir='ltr' id='par_1_35' title="bbox 2178 1883 3755 1957">
     <span class='ocr_line' id='line_1_35' title="bbox 2178 1883 3755 1957; baseline 0.001 -23"><span class='ocrx_word' id='word_1_236' title='bbox 2178 1884 2528 1953; x_wconf 60' lang='grc' dir='ltr'><strong>προείρηται,</strong></span> <span class='ocrx_word' id='word_1_237' title='bbox 2558 1883 2659 1954; x_wconf 75' lang='grc' dir='ltr'><strong>τὴν</strong></span> <span class='ocrx_word' id='word_1_238' title='bbox 2684 1884 2751 1937; x_wconf 85' lang='grc' dir='ltr'><strong>δι’</strong></span> <span class='ocrx_word' id='word_1_239' title='bbox 2772 1885 2955 1938; x_wconf 83' lang='grc' dir='ltr'><strong>αὐτῶν</strong></span> <span class='ocrx_word' id='word_1_240' title='bbox 2993 1886 3433 1957; x_wconf 82' lang='grc' dir='ltr'><strong>προσγινόμενην</strong></span> <span class='ocrx_word' id='word_1_241' title='bbox 3459 1887 3539 1952; x_wconf 84' lang='grc' dir='ltr'><strong>τῷ</strong></span> <span class='ocrx_word' id='word_1_242' title='bbox 3567 1885 3755 1952; x_wconf 75' lang='grc' dir='ltr'><strong>κόσμῳ</strong></span> 
     </span>
    </p>
   </div>
   <div class='ocr_carea' id='block_1_36' title="bbox 482 1962 2070 2038">
    <p class='ocr_par' dir='ltr' id='par_1_36' title="bbox 482 1962 2070 2038">
     <span class='ocr_line' id='line_1_36' title="bbox 482 1962 2070 2038; baseline 0.004 -22"><span class='ocrx_word' id='word_1_243' title='bbox 482 1962 623 2027; x_wconf 79' lang='lat' dir='ltr'><strong>fuit,</strong></span> <span class='ocrx_word' id='word_1_244' title='bbox 663 1965 844 2019; x_wconf 78' lang='lat' dir='ltr'><strong>videre</strong></span> <span class='ocrx_word' id='word_1_245' title='bbox 877 1981 985 2020; x_wconf 86' lang='lat' dir='ltr'><strong>non</strong></span> <span class='ocrx_word' id='word_1_246' title='bbox 1018 1967 1316 2023; x_wconf 73' lang='lat' dir='ltr'><strong>sustineret</strong></span> <span class='ocrx_word' id='word_1_247' title='bbox 1354 1967 1586 2022; x_wconf 84' lang='lat' dir='ltr'><strong>salutem</strong></span> <span class='ocrx_word' id='word_1_248' title='bbox 1620 1984 1741 2038; x_wconf 57' lang='lat' dir='ltr'><strong>qua!</strong></span> <span class='ocrx_word' id='word_1_249' title='bbox 1770 1984 1798 2021; x_wconf 90' lang='lat' dir='ltr'><strong>a</strong></span> <span class='ocrx_word' id='word_1_250' title='bbox 1833 1966 1941 2023; x_wconf 87' lang='lat' dir='ltr'><strong>Deo</strong></span> <span class='ocrx_word' id='word_1_251' title='bbox 1974 1985 2070 2037; x_wconf 72' lang='lat' dir='ltr'><strong>per</strong></span> 
     </span>
    </p>
   </div>
   <div class='ocr_carea' id='block_1_37' title="bbox 485 2057 2068 2132">
    <p class='ocr_par' dir='ltr' id='par_1_37' title="bbox 485 2057 2068 2132">
     <span class='ocr_line' id='line_1_37' title="bbox 485 2057 2068 2132; baseline 0.008 -28"><span class='ocrx_word' id='word_1_252' title='bbox 485 2058 635 2120; x_wconf 81' lang='lat' dir='ltr'><strong>ipsos</strong></span> <span class='ocrx_word' id='word_1_253' title='bbox 661 2057 862 2113; x_wconf 90' lang='lat' dir='ltr'><strong>mundo</strong></span> <span class='ocrx_word' id='word_1_254' title='bbox 891 2058 1262 2128; x_wconf 77' lang='lat' dir='ltr'><strong>contingebat.</strong></span> <span class='ocrx_word' id='word_1_255' title='bbox 1301 2059 1433 2115; x_wconf 81' lang='lat' dir='ltr'><strong>Nam</strong></span> <span class='ocrx_word' id='word_1_256' title='bbox 1464 2062 1647 2117; x_wconf 87' lang='lat' dir='ltr'><strong>statim</strong></span> <span class='ocrx_word' id='word_1_257' title='bbox 1689 2078 1755 2118; x_wconf 83' lang='lat' dir='ltr'><strong>ac</strong></span> <span class='ocrx_word' id='word_1_258' title='bbox 1804 2062 1953 2132; x_wconf 84' lang='lat' dir='ltr'><strong>ipsos</strong></span> <span class='ocrx_word' id='word_1_259' title='bbox 1984 2062 2068 2132; x_wconf 90' lang='lat' dir='ltr'><strong>ip-</strong></span> 
     </span>
    </p>
   </div>
   <div class='ocr_carea' id='block_1_38' title="bbox 482 2152 2071 2224">
    <p class='ocr_par' dir='ltr' id='par_1_38' title="bbox 482 2152 2071 2224">
     <span class='ocr_line' id='line_1_38' title="bbox 482 2152 2071 2224; baseline 0.007 -24"><span class='ocrx_word' id='word_1_260' title='bbox 482 2162 779 2217; x_wconf 75' lang='lat' dir='ltr'><strong>sorumque</strong></span> <span class='ocrx_word' id='word_1_261' title='bbox 809 2152 1201 2206; x_wconf 81' lang='lat' dir='ltr'><strong>monasterium</strong></span> <span class='ocrx_word' id='word_1_262' title='bbox 1246 2153 1447 2209; x_wconf 88' lang='lat' dir='ltr'><strong>invasit</strong></span> <span class='ocrx_word' id='word_1_263' title='bbox 1482 2156 1923 2224; x_wconf 78' lang='lat' dir='ltr'><strong>charisticarins,</strong></span> <span class='ocrx_word' id='word_1_264' title='bbox 1947 2172 2071 2212; x_wconf 85' lang='lat' dir='ltr'><strong>om-</strong></span> 
     </span>
    </p>
   </div>
   <div class='ocr_carea' id='block_1_39' title="bbox 483 2239 2063 2315">
    <p class='ocr_par' dir='ltr' id='par_1_39' title="bbox 483 2239 2063 2315">
     <span class='ocr_line' id='line_1_39' title="bbox 483 2239 2063 2315; baseline 0.006 -22"><span class='ocrx_word' id='word_1_265' title='bbox 483 2239 680 2311; x_wconf 83' lang='lat' dir='ltr'><strong>niaque</strong></span> <span class='ocrx_word' id='word_1_266' title='bbox 716 2243 954 2310; x_wconf 82' lang='lat' dir='ltr'><strong>ipsorum</strong></span> <span class='ocrx_word' id='word_1_267' title='bbox 1004 2260 1126 2297; x_wconf 90' lang='lat' dir='ltr'><strong>cum</strong></span> <span class='ocrx_word' id='word_1_268' title='bbox 1160 2245 1294 2314; x_wconf 80' lang='lat' dir='ltr'><strong>ipsis</strong></span> <span class='ocrx_word' id='word_1_269' title='bbox 1331 2246 1381 2299; x_wconf 90' lang='lat' dir='ltr'><strong>in</strong></span> <span class='ocrx_word' id='word_1_270' title='bbox 1427 2246 1605 2302; x_wconf 87' lang='lat' dir='ltr'><strong>sinum</strong></span> <span class='ocrx_word' id='word_1_271' title='bbox 1634 2247 1871 2315; x_wconf 77' lang='lat' dir='ltr'><strong>coniecit</strong></span> <span class='ocrx_word' id='word_1_272' title='bbox 1916 2264 1980 2305; x_wconf 86' lang='lat' dir='ltr'><strong>ac</strong></span> <span class='ocrx_word' id='word_1_273' title='bbox 2009 2249 2063 2303; x_wconf 93' lang='lat' dir='ltr'><strong>in</strong></span> 
     </span>
    </p>
   </div>
   <div class='ocr_carea' id='block_1_40' title="bbox 481 2331 2066 2409">
    <p class='ocr_par' dir='ltr' id='par_1_40' title="bbox 481 2331 2066 2409">
     <span class='ocr_line' id='line_1_40' title="bbox 481 2331 2066 2409; baseline 0.006 -25"><span class='ocrx_word' id='word_1_274' title='bbox 481 2331 799 2385; x_wconf 78' lang='lat' dir='ltr'><strong>servitutem</strong></span> <span class='ocrx_word' id='word_1_275' title='bbox 869 2334 1100 2402; x_wconf 80' lang='lat' dir='ltr'><strong>redegit,</strong></span> <span class='ocrx_word' id='word_1_276' title='bbox 1168 2334 1349 2389; x_wconf 81' lang='lat' dir='ltr'><strong>intuiti</strong></span> <span class='ocrx_word' id='word_1_277' title='bbox 1419 2338 1735 2393; x_wconf 83' lang='lat' dir='ltr'><strong>monasterii</strong></span> <span class='ocrx_word' id='word_1_278' title='bbox 1800 2352 2066 2409; x_wconf 86' lang='lat' dir='ltr'><strong>suamque</strong></span> 
     </span>
    </p>
   </div>
   <div class='ocr_carea' id='block_1_41' title="bbox 479 2424 2068 2495">
    <p class='ocr_par' dir='ltr' id='par_1_41' title="bbox 479 2424 2068 2495">
     <span class='ocr_line' id='line_1_41' title="bbox 479 2424 2068 2495; baseline 0.005 -18"><span class='ocrx_word' id='word_1_279' title='bbox 479 2424 882 2493; x_wconf 85' lang='lat' dir='ltr'><strong>subactionem,</strong></span> <span class='ocrx_word' id='word_1_280' title='bbox 912 2430 1275 2482; x_wconf 81' lang='lat' dir='ltr'><strong>succumbunt</strong></span> <span class='ocrx_word' id='word_1_281' title='bbox 1308 2429 1472 2484; x_wconf 81' lang='lat' dir='ltr'><strong>etiam</strong></span> <span class='ocrx_word' id='word_1_282' title='bbox 1500 2430 1678 2495; x_wconf 87' lang='lat' dir='ltr'><strong>inviti,</strong></span> <span class='ocrx_word' id='word_1_283' title='bbox 1711 2430 1853 2486; x_wconf 87' lang='lat' dir='ltr'><strong>heul</strong></span> <span class='ocrx_word' id='word_1_284' title='bbox 1896 2446 2068 2487; x_wconf 67' lang='lat' dir='ltr'><strong>saecu-</strong></span> 
     </span>
    </p>
   </div>
   <div class='ocr_carea' id='block_1_42' title="bbox 480 2512 2065 2591">
    <p class='ocr_par' dir='ltr' id='par_1_42' title="bbox 480 2512 2065 2591">
     <span class='ocr_line' id='line_1_42' title="bbox 480 2512 2065 2591; baseline 0.008 -25"><span class='ocrx_word' id='word_1_285' title='bbox 480 2512 580 2566; x_wconf 90' lang='lat' dir='ltr'><strong>lari</strong></span> <span class='ocrx_word' id='word_1_286' title='bbox 612 2517 901 2583; x_wconf 64' lang='lat' dir='ltr'><strong>potentix:</strong></span> <span class='ocrx_word' id='word_1_287' title='bbox 929 2524 986 2572; x_wconf 88' lang='lat' dir='ltr'><strong>et</strong></span> <span class='ocrx_word' id='word_1_288' title='bbox 1020 2518 1201 2587; x_wconf 83' lang='lat' dir='ltr'><strong>inopia</strong></span> <span class='ocrx_word' id='word_1_289' title='bbox 1238 2520 1672 2576; x_wconf 84' lang='lat' dir='ltr'><strong>necessariorum</strong></span> <span class='ocrx_word' id='word_1_290' title='bbox 1710 2522 1909 2591; x_wconf 87' lang='lat' dir='ltr'><strong>pressi,</strong></span> <span class='ocrx_word' id='word_1_291' title='bbox 1944 2524 2065 2577; x_wconf 81' lang='lat' dir='ltr'><strong>vin-</strong></span> 
     </span>
    </p>
   </div>
   <div class='ocr_carea' id='block_1_43' title="bbox 477 2603 2066 2675">
    <p class='ocr_par' dir='ltr' id='par_1_43' title="bbox 477 2603 2066 2675">
     <span class='ocr_line' id='line_1_43' title="bbox 477 2603 2066 2675; baseline 0.007 -17"><span class='ocrx_word' id='word_1_292' title='bbox 477 2603 604 2670; x_wconf 85' lang='lat' dir='ltr'><strong>ctis,</strong></span> <span class='ocrx_word' id='word_1_293' title='bbox 628 2606 772 2675; x_wconf 85' lang='lat' dir='ltr'><strong>quod</strong></span> <span class='ocrx_word' id='word_1_294' title='bbox 802 2607 908 2664; x_wconf 81' lang='lat' dir='ltr'><strong>diei</strong></span> <span class='ocrx_word' id='word_1_295' title='bbox 939 2607 1367 2673; x_wconf 85' lang='lat' dir='ltr'><strong>solet,manibus</strong></span> <span class='ocrx_word' id='word_1_296' title='bbox 1395 2610 1773 2666; x_wconf 82' lang='lat' dir='ltr'><strong>cltaristicario</strong></span> <span class='ocrx_word' id='word_1_297' title='bbox 1799 2609 2066 2669; x_wconf 83' lang='lat' dir='ltr'><strong>fatnulan-</strong></span> 
     </span>
    </p>
   </div>
   <div class='ocr_carea' id='block_1_44' title="bbox 480 2695 2065 2772">
    <p class='ocr_par' dir='ltr' id='par_1_44' title="bbox 480 2695 2065 2772">
     <span class='ocr_line' id='line_1_44' title="bbox 480 2695 2065 2772; baseline 0.007 -24"><span class='ocrx_word' id='word_1_298' title='bbox 480 2708 608 2759; x_wconf 88' lang='lat' dir='ltr'><strong>tur,</strong></span> <span class='ocrx_word' id='word_1_299' title='bbox 668 2695 787 2767; x_wconf 78' lang='lat' dir='ltr'><strong>ejus</strong></span> <span class='ocrx_word' id='word_1_300' title='bbox 841 2698 1125 2770; x_wconf 76' lang='lat' dir='ltr'><strong>pmccptis</strong></span> <span class='ocrx_word' id='word_1_301' title='bbox 1172 2701 1631 2772; x_wconf 78' lang='lat' dir='ltr'><strong>szecuiaribusque</strong></span> <span class='ocrx_word' id='word_1_302' title='bbox 1695 2703 2065 2761; x_wconf 82' lang='lat' dir='ltr'><strong>voluntatibus</strong></span> 
     </span>
    </p>
   </div>
   <div class='ocr_carea' id='block_1_45' title="bbox 475 2788 2065 2866">
    <p class='ocr_par' dir='ltr' id='par_1_45' title="bbox 475 2788 2065 2866">
     <span class='ocr_line' id='line_1_45' title="bbox 475 2788 2065 2866; baseline 0.006 -24"><span class='ocrx_word' id='word_1_303' title='bbox 475 2788 794 2846; x_wconf 86' lang='lat' dir='ltr'><strong>ubedientes</strong></span> <span class='ocrx_word' id='word_1_304' title='bbox 828 2790 1002 2847; x_wconf 84' lang='lat' dir='ltr'><strong>instar</strong></span> <span class='ocrx_word' id='word_1_305' title='bbox 1028 2792 1461 2863; x_wconf 77' lang='lat' dir='ltr'><strong>mancipiorum;</strong></span> <span class='ocrx_word' id='word_1_306' title='bbox 1501 2809 1677 2866; x_wconf 86' lang='lat' dir='ltr'><strong>neque</strong></span> <span class='ocrx_word' id='word_1_307' title='bbox 1722 2810 1789 2850; x_wconf 88' lang='lat' dir='ltr'><strong>an</strong></span> <span class='ocrx_word' id='word_1_308' title='bbox 1833 2795 1965 2865; x_wconf 67' lang='lat' dir='ltr'><strong>ipsis</strong></span> <span class='ocrx_word' id='word_1_309' title='bbox 1994 2796 2065 2852; x_wconf 87' lang='lat' dir='ltr'><strong>sit</strong></span> 
     </span>
    </p>
   </div>
   <div class='ocr_carea' id='block_1_46' title="bbox 478 2868 2061 2957">
    <p class='ocr_par' dir='ltr' id='par_1_46' title="bbox 478 2868 2061 2957">
     <span class='ocr_line' id='line_1_46' title="bbox 478 2868 2061 2957; baseline 0.006 -24"><span class='ocrx_word' id='word_1_310' title='bbox 478 2879 808 2950; x_wconf 68' lang='lat' dir='ltr'><strong>prmpositus</strong></span> <span class='ocrx_word' id='word_1_311' title='bbox 860 2868 1395 2939; x_wconf 54' lang='lat' dir='ltr'><strong>animadvertentés.’</strong></span> <span class='ocrx_word' id='word_1_312' title='bbox 1428 2884 1509 2938; x_wconf 81' lang='lat' dir='ltr'><strong>Ad</strong></span> <span class='ocrx_word' id='word_1_313' title='bbox 1566 2888 1903 2957; x_wconf 75' lang='lat' dir='ltr'><strong>begnmenus</strong></span> <span class='ocrx_word' id='word_1_314' title='bbox 1965 2901 2061 2944; x_wconf 84' lang='lat' dir='ltr'><strong>seu</strong></span> 
     </span>
    </p>
   </div>
   <div class='ocr_carea' id='block_1_47' title="bbox 478 2974 2066 3051">
    <p class='ocr_par' dir='ltr' id='par_1_47' title="bbox 478 2974 2066 3051">
     <span class='ocr_line' id='line_1_47' title="bbox 478 2974 2066 3051; baseline 0.005 -25"><span class='ocrx_word' id='word_1_315' title='bbox 478 2986 682 3039; x_wconf 58' lang='lat' dir='ltr'><strong>praeses</strong></span> <span class='ocrx_word' id='word_1_316' title='bbox 706 2981 759 3029; x_wconf 89' lang='lat' dir='ltr'><strong>et</strong></span> <span class='ocrx_word' id='word_1_317' title='bbox 786 2974 999 3040; x_wconf 84' lang='lat' dir='ltr'><strong>ductor,</strong></span> <span class='ocrx_word' id='word_1_318' title='bbox 1035 2976 1082 3032; x_wconf 88' lang='lat' dir='ltr'><strong>si</strong></span> <span class='ocrx_word' id='word_1_319' title='bbox 1116 2990 1254 3033; x_wconf 89' lang='lat' dir='ltr'><strong>unus</strong></span> <span class='ocrx_word' id='word_1_320' title='bbox 1296 2990 1326 3031; x_wconf 86' lang='lat' dir='ltr'><strong>e</strong></span> <span class='ocrx_word' id='word_1_321' title='bbox 1368 2977 1529 3048; x_wconf 77' lang='lat' dir='ltr'><strong>vulgo</strong></span> <span class='ocrx_word' id='word_1_322' title='bbox 1577 2986 1683 3043; x_wconf 82' lang='lat' dir='ltr'><strong>est,</strong></span> <span class='ocrx_word' id='word_1_323' title='bbox 1715 2978 1832 3049; x_wconf 79' lang='lat' dir='ltr'><strong>ipse</strong></span> <span class='ocrx_word' id='word_1_324' title='bbox 1863 2980 2066 3051; x_wconf 87' lang='lat' dir='ltr'><strong>pariter</strong></span> 
     </span>
    </p>
   </div>
   <div class='ocr_carea' id='block_1_48' title="bbox 476 3065 2134 3162">
    <p class='ocr_par' dir='ltr' id='par_1_48' title="bbox 476 3065 2134 3162">
     <span class='ocr_line' id='line_1_48' title="bbox 476 3065 2134 3162; baseline 0.003 -42"><span class='ocrx_word' id='word_1_325' title='bbox 476 3065 842 3121; x_wconf 79' lang='lat' dir='ltr'><strong>cbaristicarii</strong></span> <span class='ocrx_word' id='word_1_326' title='bbox 895 3076 1169 3137; x_wconf 82' lang='lat' dir='ltr'><strong>potestate</strong></span> <span class='ocrx_word' id='word_1_327' title='bbox 1215 3070 1505 3137; x_wconf 86' lang='lat' dir='ltr'><strong>abripitur,</strong></span> <span class='ocrx_word' id='word_1_328' title='bbox 1560 3069 1725 3139; x_wconf 83' lang='lat' dir='ltr'><strong>ﬁtque</strong></span> <span class='ocrx_word' id='word_1_329' title='bbox 1748 3065 1819 3126; x_wconf 74' lang='lat' dir='ltr'><strong>ac</strong></span> <span class='ocrx_word' id='word_1_330' title='bbox 1866 3071 2065 3129; x_wconf 82' lang='lat' dir='ltr'><strong>dicitur</strong></span> <span class='ocrx_word' id='word_1_331' title='bbox 2091 3105 2134 3162; x_wconf 63' lang='grc' dir='ltr'>ο</span> 
     </span>
    </p>
   </div>
   <div class='ocr_carea' id='block_1_49' title="bbox 472 3161 2068 3230">
    <p class='ocr_par' dir='ltr' id='par_1_49' title="bbox 472 3161 2068 3230">
     <span class='ocr_line' id='line_1_49' title="bbox 472 3161 2068 3230; baseline 0.006 -20"><span class='ocrx_word' id='word_1_332' title='bbox 472 3171 579 3228; x_wconf 89' lang='lat' dir='ltr'><strong>pro</strong></span> <span class='ocrx_word' id='word_1_333' title='bbox 611 3162 839 3215; x_wconf 86' lang='lat' dir='ltr'><strong>ductore</strong></span> <span class='ocrx_word' id='word_1_334' title='bbox 864 3162 1082 3219; x_wconf 84' lang='lat' dir='ltr'><strong>ductus.</strong></span> <span class='ocrx_word' id='word_1_335' title='bbox 1112 3161 1268 3230; x_wconf 83' lang='lat' dir='ltr'><strong>Quod</strong></span> <span class='ocrx_word' id='word_1_336' title='bbox 1298 3164 1343 3218; x_wconf 89' lang='lat' dir='ltr'><strong>si</strong></span> <span class='ocrx_word' id='word_1_337' title='bbox 1376 3162 1559 3219; x_wconf 88' lang='lat' dir='ltr'><strong>forsan</strong></span> <span class='ocrx_word' id='word_1_338' title='bbox 1594 3179 1624 3219; x_wconf 91' lang='lat' dir='ltr'><strong>e</strong></span> <span class='ocrx_word' id='word_1_339' title='bbox 1654 3178 1880 3220; x_wconf 86' lang='lat' dir='ltr'><strong>numero</strong></span> <span class='ocrx_word' id='word_1_340' title='bbox 1902 3163 2068 3220; x_wconf 85' lang='lat' dir='ltr'><strong>fuerit</strong></span> 
     </span>
    </p>
   </div>
   <div class='ocr_carea' id='block_1_50' title="bbox 478 3249 2067 3325">
    <p class='ocr_par' dir='ltr' id='par_1_50' title="bbox 478 3249 2067 3325">
     <span class='ocr_line' id='line_1_50' title="bbox 478 3249 2067 3325; baseline 0.005 -23"><span class='ocrx_word' id='word_1_341' title='bbox 478 3249 805 3317; x_wconf 84' lang='lat' dir='ltr'><strong>spiritalium</strong></span> <span class='ocrx_word' id='word_1_342' title='bbox 839 3260 897 3307; x_wconf 90' lang='lat' dir='ltr'><strong>et</strong></span> <span class='ocrx_word' id='word_1_343' title='bbox 948 3254 1264 3323; x_wconf 87' lang='lat' dir='ltr'><strong>proborum,</strong></span> <span class='ocrx_word' id='word_1_344' title='bbox 1312 3255 1533 3311; x_wconf 84' lang='lat' dir='ltr'><strong>resistet</strong></span> <span class='ocrx_word' id='word_1_345' title='bbox 1565 3256 1783 3325; x_wconf 87' lang='lat' dir='ltr'><strong>quidem</strong></span> <span class='ocrx_word' id='word_1_346' title='bbox 1816 3271 1882 3312; x_wconf 90' lang='lat' dir='ltr'><strong>ac</strong></span> <span class='ocrx_word' id='word_1_347' title='bbox 1912 3256 2067 3311; x_wconf 84' lang='lat' dir='ltr'><strong>oblu-</strong></span> 
     </span>
    </p>
   </div>
   <div class='ocr_carea' id='block_1_51' title="bbox 478 3342 2067 3415">
    <p class='ocr_par' dir='ltr' id='par_1_51' title="bbox 478 3342 2067 3415">
     <span class='ocr_line' id='line_1_51' title="bbox 478 3342 2067 3415; baseline 0.005 -18"><span class='ocrx_word' id='word_1_348' title='bbox 478 3342 721 3399; x_wconf 86' lang='lat' dir='ltr'><strong>ctabitur</strong></span> <span class='ocrx_word' id='word_1_349' title='bbox 746 3342 1093 3415; x_wconf 84' lang='lat' dir='ltr'><strong>aliquatenus</strong></span> <span class='ocrx_word' id='word_1_350' title='bbox 1118 3348 1481 3404; x_wconf 85' lang='lat' dir='ltr'><strong>charisticarii</strong></span> <span class='ocrx_word' id='word_1_351' title='bbox 1514 3349 1823 3403; x_wconf 80' lang='lat' dir='ltr'><strong>temerariis</strong></span> <span class='ocrx_word' id='word_1_352' title='bbox 1850 3348 2067 3405; x_wconf 87' lang='lat' dir='ltr'><strong>lttsnlti-</strong></span> 
     </span>
    </p>
   </div>
   <div class='ocr_carea' id='block_1_52' title="bbox 478 3434 2065 3510">
    <p class='ocr_par' dir='ltr' id='par_1_52' title="bbox 478 3434 2065 3510">
     <span class='ocr_line' id='line_1_52' title="bbox 478 3434 2065 3510; baseline 0.006 -22"><span class='ocrx_word' id='word_1_353' title='bbox 478 3434 603 3500; x_wconf 87' lang='lat' dir='ltr'><strong>bus,</strong></span> <span class='ocrx_word' id='word_1_354' title='bbox 633 3445 799 3504; x_wconf 88' lang='lat' dir='ltr'><strong>atque</strong></span> <span class='ocrx_word' id='word_1_355' title='bbox 826 3437 997 3491; x_wconf 86' lang='lat' dir='ltr'><strong>divini</strong></span> <span class='ocrx_word' id='word_1_356' title='bbox 1023 3440 1296 3495; x_wconf 84' lang='lat' dir='ltr'><strong>sermonis</strong></span> <span class='ocrx_word' id='word_1_357' title='bbox 1324 3439 1531 3507; x_wconf 76' lang='lat' dir='ltr'><strong>ﬁstula,</strong></span> <span class='ocrx_word' id='word_1_358' title='bbox 1558 3442 1776 3495; x_wconf 77' lang='lat' dir='ltr'><strong>monitis</strong></span> <span class='ocrx_word' id='word_1_359' title='bbox 1799 3440 2065 3510; x_wconf 86' lang='lat' dir='ltr'><strong>pluribus,</strong></span> 
     </span>
    </p>
   </div>
   <div class='ocr_carea' id='block_1_53' title="bbox 480 3527 2065 3605">
    <p class='ocr_par' dir='ltr' id='par_1_53' title="bbox 480 3527 2065 3605">
     <span class='ocr_line' id='line_1_53' title="bbox 480 3527 2065 3605; baseline 0.006 -25"><span class='ocrx_word' id='word_1_360' title='bbox 480 3527 873 3599; x_wconf 85' lang='lat' dir='ltr'><strong>frequenteque</strong></span> <span class='ocrx_word' id='word_1_361' title='bbox 911 3532 1313 3600; x_wconf 84' lang='lat' dir='ltr'><strong>adhortatione,</strong></span> <span class='ocrx_word' id='word_1_362' title='bbox 1347 3538 1587 3591; x_wconf 87' lang='lat' dir='ltr'><strong>attrahet</strong></span> <span class='ocrx_word' id='word_1_363' title='bbox 1614 3534 1681 3589; x_wconf 88' lang='lat' dir='ltr'><strong>ad</strong></span> <span class='ocrx_word' id='word_1_364' title='bbox 1710 3550 1771 3591; x_wconf 86' lang='lat' dir='ltr'><strong>se</strong></span> <span class='ocrx_word' id='word_1_365' title='bbox 1805 3536 2065 3605; x_wconf 85' lang='lat' dir='ltr'><strong>quosdam</strong></span> 
     </span>
    </p>
   </div>
   <div class='ocr_carea' id='block_1_54' title="bbox 478 3617 2063 3699">
    <p class='ocr_par' dir='ltr' id='par_1_54' title="bbox 478 3617 2063 3699">
     <span class='ocr_line' id='line_1_54' title="bbox 478 3617 2063 3699; baseline 0.008 -27"><span class='ocrx_word' id='word_1_366' title='bbox 478 3617 707 3675; x_wconf 77' lang='lat' dir='ltr'><strong>fratrum</strong></span> <span class='ocrx_word' id='word_1_367' title='bbox 755 3639 771 3677; x_wconf 90' lang='lat'><strong>:</strong></span> <span class='ocrx_word' id='word_1_368' title='bbox 819 3622 912 3679; x_wconf 85' lang='lat' dir='ltr'><strong>sed</strong></span> <span class='ocrx_word' id='word_1_369' title='bbox 960 3633 1015 3680; x_wconf 87' lang='lat' dir='ltr'><strong>et</strong></span> <span class='ocrx_word' id='word_1_370' title='bbox 1072 3625 1145 3680; x_wconf 89' lang='lat' dir='ltr'><strong>illi</strong></span> <span class='ocrx_word' id='word_1_371' title='bbox 1196 3638 1481 3683; x_wconf 83' lang='lat' dir='ltr'><strong>cernentes</strong></span> <span class='ocrx_word' id='word_1_372' title='bbox 1522 3628 1667 3697; x_wconf 88' lang='lat' dir='ltr'><strong>quod</strong></span> <span class='ocrx_word' id='word_1_373' title='bbox 1720 3627 1921 3684; x_wconf 78' lang='lat' dir='ltr'><strong>fratres</strong></span> <span class='ocrx_word' id='word_1_374' title='bbox 1968 3630 2063 3699; x_wconf 85' lang='lat' dir='ltr'><strong>qui</strong></span> 
     </span>
    </p>
   </div>
   <div class='ocr_carea' id='block_1_55' title="bbox 479 3712 2064 3792">
    <p class='ocr_par' dir='ltr' id='par_1_55' title="bbox 479 3712 2064 3792">
     <span class='ocr_line' id='line_1_55' title="bbox 479 3712 2064 3792; baseline 0.007 -27"><span class='ocrx_word' id='word_1_375' title='bbox 479 3712 861 3770; x_wconf 73' lang='lat' dir='ltr'><strong>cltarlsticario</strong></span> <span class='ocrx_word' id='word_1_376' title='bbox 891 3717 1200 3785; x_wconf 66' lang='lat' dir='ltr'><strong>adiurarent,</strong></span> <span class='ocrx_word' id='word_1_377' title='bbox 1255 3719 1713 3792; x_wconf 70' lang='lat' dir='ltr'><strong>praepositumque</strong></span> <span class='ocrx_word' id='word_1_378' title='bbox 1751 3720 2064 3776; x_wconf 80' lang='lat' dir='ltr'><strong>monasterii</strong></span> 
     </span>
    </p>
   </div>
   <div class='ocr_carea' id='block_1_56' title="bbox 481 3810 2067 3883">
    <p class='ocr_par' dir='ltr' id='par_1_56' title="bbox 481 3810 2067 3883">
     <span class='ocr_line' id='line_1_56' title="bbox 481 3810 2067 3883; baseline 0.006 -23"><span class='ocrx_word' id='word_1_379' title='bbox 481 3816 866 3874; x_wconf 86' lang='lat' dir='ltr'><strong>contemnunt,</strong></span> <span class='ocrx_word' id='word_1_380' title='bbox 897 3810 1214 3865; x_wconf 86' lang='lat' dir='ltr'><strong>nonnullum</strong></span> <span class='ocrx_word' id='word_1_381' title='bbox 1237 3826 1302 3866; x_wconf 75' lang='lat' dir='ltr'><strong>ex</strong></span> <span class='ocrx_word' id='word_1_382' title='bbox 1334 3821 1489 3881; x_wconf 88' lang='lat' dir='ltr'><strong>parte</strong></span> <span class='ocrx_word' id='word_1_383' title='bbox 1514 3824 1919 3883; x_wconf 85' lang='lat' dir='ltr'><strong>consequantur</strong></span> <span class='ocrx_word' id='word_1_384' title='bbox 1944 3814 2067 3870; x_wconf 72' lang='lat' dir='ltr'><strong>vita:</strong></span> 
     </span>
    </p>
   </div>
   <div class='ocr_carea' id='block_1_57' title="bbox 478 3898 2064 3975">
    <p class='ocr_par' dir='ltr' id='par_1_57' title="bbox 478 3898 2064 3975">
     <span class='ocr_line' id='line_1_57' title="bbox 478 3898 2064 3975; baseline 0.004 -22"><span class='ocrx_word' id='word_1_385' title='bbox 478 3898 753 3966; x_wconf 82' lang='lat' dir='ltr'><strong>solatium,</strong></span> <span class='ocrx_word' id='word_1_386' title='bbox 813 3901 916 3971; x_wconf 83' lang='lat' dir='ltr'><strong>ipsi</strong></span> <span class='ocrx_word' id='word_1_387' title='bbox 970 3916 1100 3958; x_wconf 82' lang='lat' dir='ltr'><strong>vero</strong></span> <span class='ocrx_word' id='word_1_388' title='bbox 1151 3904 1562 3974; x_wconf 86' lang='lat' dir='ltr'><strong>despiciantur,</strong></span> <span class='ocrx_word' id='word_1_389' title='bbox 1626 3905 1902 3974; x_wconf 84' lang='lat' dir='ltr'><strong>palinodia</strong></span> <span class='ocrx_word' id='word_1_390' title='bbox 1958 3907 2064 3975; x_wconf 87' lang='lat' dir='ltr'><strong>nsi,</strong></span> 
     </span>
    </p>
   </div>
   <div class='ocr_carea' id='block_1_58' title="bbox 480 3992 2063 4071">
    <p class='ocr_par' dir='ltr' id='par_1_58' title="bbox 480 3992 2063 4071">
     <span class='ocr_line' id='line_1_58' title="bbox 480 3992 2063 4071; baseline 0.004 -24"><span class='ocrx_word' id='word_1_391' title='bbox 480 3992 864 4049; x_wconf 83' lang='lat' dir='ltr'><strong>cltaristicario</strong></span> <span class='ocrx_word' id='word_1_392' title='bbox 908 3996 1074 4050; x_wconf 81' lang='lat' dir='ltr'><strong>etiam</strong></span> <span class='ocrx_word' id='word_1_393' title='bbox 1118 3996 1221 4068; x_wconf 85' lang='lat' dir='ltr'><strong>ipsi</strong></span> <span class='ocrx_word' id='word_1_394' title='bbox 1274 3998 1574 4069; x_wconf 70' lang='lat' dir='ltr'><strong>adiungunt</strong></span> <span class='ocrx_word' id='word_1_395' title='bbox 1616 4014 1716 4065; x_wconf 89' lang='lat' dir='ltr'><strong>se;</strong></span> <span class='ocrx_word' id='word_1_396' title='bbox 1754 4015 1784 4054; x_wconf 78' lang='grc' dir='ltr'><strong>ιι</strong></span> <span class='ocrx_word' id='word_1_397' title='bbox 1815 4014 1924 4071; x_wconf 88' lang='lat' dir='ltr'><strong>quo</strong></span> <span class='ocrx_word' id='word_1_398' title='bbox 1958 4015 2063 4054; x_wconf 90' lang='lat' dir='ltr'><strong>non</strong></span> 
     </span>
    </p>
   </div>
   <div class='ocr_carea' id='block_1_59' title="bbox 478 4081 2065 4151">
    <p class='ocr_par' dir='ltr' id='par_1_59' title="bbox 478 4081 2065 4151">
     <span class='ocr_line' id='line_1_59' title="bbox 478 4081 2065 4151; baseline 0.006 -15"><span class='ocrx_word' id='word_1_399' title='bbox 478 4081 879 4151; x_wconf 85' lang='lat' dir='ltr'><strong>admittuntur,</strong></span> <span class='ocrx_word' id='word_1_400' title='bbox 937 4086 1111 4142; x_wconf 87' lang='lat' dir='ltr'><strong>donec</strong></span> <span class='ocrx_word' id='word_1_401' title='bbox 1160 4085 1212 4142; x_wconf 87' lang='lat' dir='ltr'><strong>ei</strong></span> <span class='ocrx_word' id='word_1_402' title='bbox 1269 4088 1616 4145; x_wconf 81' lang='lat' dir='ltr'><strong>exhibuerint</strong></span> <span class='ocrx_word' id='word_1_403' title='bbox 1656 4090 1765 4145; x_wconf 88' lang='lat' dir='ltr'><strong>odii</strong></span> <span class='ocrx_word' id='word_1_404' title='bbox 1805 4092 2065 4146; x_wconf 78' lang='lat' dir='ltr'><strong>adversus</strong></span> 
     </span>
    </p>
   </div>
   <div class='ocr_carea' id='block_1_60' title="bbox 476 4177 2067 4254">
    <p class='ocr_par' dir='ltr' id='par_1_60' title="bbox 476 4177 2067 4254">
     <span class='ocr_line' id='line_1_60' title="bbox 476 4177 2067 4254; baseline 0.004 -23"><span class='ocrx_word' id='word_1_405' title='bbox 476 4177 831 4246; x_wconf 71' lang='lat' dir='ltr'><strong>praepositum</strong></span> <span class='ocrx_word' id='word_1_406' title='bbox 866 4178 1083 4250; x_wconf 86' lang='lat' dir='ltr'><strong>aliquod</strong></span> <span class='ocrx_word' id='word_1_407' title='bbox 1113 4179 1524 4238; x_wconf 88' lang='lat' dir='ltr'><strong>documentum.</strong></span> <span class='ocrx_word' id='word_1_408' title='bbox 1567 4182 1705 4249; x_wconf 87' lang='lat' dir='ltr'><strong>Quid</strong></span> <span class='ocrx_word' id='word_1_409' title='bbox 1744 4198 1877 4254; x_wconf 78' lang='lat' dir='ltr'><strong>ergo</strong></span> <span class='ocrx_word' id='word_1_410' title='bbox 1905 4183 2067 4240; x_wconf 84' lang='lat' dir='ltr'><strong>faciet</strong></span> 
     </span>
    </p>
   </div>
   <div class='ocr_carea' id='block_1_61' title="bbox 479 4269 2065 4347">
    <p class='ocr_par' dir='ltr' id='par_1_61' title="bbox 479 4269 2065 4347">
     <span class='ocr_line' id='line_1_61' title="bbox 479 4269 2065 4347; baseline 0.007 -26"><span class='ocrx_word' id='word_1_411' title='bbox 479 4269 705 4324; x_wconf 85' lang='lat' dir='ltr'><strong>humilis</strong></span> <span class='ocrx_word' id='word_1_412' title='bbox 745 4269 834 4327; x_wconf 86' lang='lat' dir='ltr'><strong>ille</strong></span> <span class='ocrx_word' id='word_1_413' title='bbox 858 4270 1191 4342; x_wconf 69' lang='lat' dir='ltr'><strong>prmfectus?</strong></span> <span class='ocrx_word' id='word_1_414' title='bbox 1226 4274 1355 4344; x_wconf 88' lang='lat' dir='ltr'><strong>quid</strong></span> <span class='ocrx_word' id='word_1_415' title='bbox 1410 4274 1775 4347; x_wconf 77' lang='lat' dir='ltr'><strong>excogitabit?</strong></span> <span class='ocrx_word' id='word_1_416' title='bbox 1806 4277 2065 4345; x_wconf 61' lang='lat' dir='ltr'><strong>Quaenam</strong></span> 
     </span>
    </p>
   </div>
   <div class='ocr_carea' id='block_1_62' title="bbox 476 4363 2064 4435">
    <p class='ocr_par' dir='ltr' id='par_1_62' title="bbox 476 4363 2064 4435">
     <span class='ocr_line' id='line_1_62' title="bbox 476 4363 2064 4435; baseline 0.004 -18"><span class='ocrx_word' id='word_1_417' title='bbox 476 4363 653 4418; x_wconf 86' lang='lat' dir='ltr'><strong>oratio</strong></span> <span class='ocrx_word' id='word_1_418' title='bbox 682 4364 972 4434; x_wconf 77' lang='lat' dir='ltr'><strong>explicabit</strong></span> <span class='ocrx_word' id='word_1_419' title='bbox 1003 4380 1312 4435; x_wconf 87' lang='lat' dir='ltr'><strong>supremam</strong></span> <span class='ocrx_word' id='word_1_420' title='bbox 1332 4367 1446 4435; x_wconf 85' lang='lat' dir='ltr'><strong>ejus</strong></span> <span class='ocrx_word' id='word_1_421' title='bbox 1475 4366 1818 4425; x_wconf 86' lang='lat' dir='ltr'><strong>alllietionem</strong></span> <span class='ocrx_word' id='word_1_422' title='bbox 1851 4378 1905 4424; x_wconf 89' lang='lat' dir='ltr'><strong>et</strong></span> <span class='ocrx_word' id='word_1_423' title='bbox 1935 4383 2064 4425; x_wconf 88' lang='lat' dir='ltr'><strong>con-</strong></span> 
     </span>
    </p>
   </div>
   <div class='ocr_carea' id='block_1_63' title="bbox 2174 1965 3750 2040">
    <p class='ocr_par' dir='ltr' id='par_1_63' title="bbox 2174 1965 3750 2040">
     <span class='ocr_line' id='line_1_63' title="bbox 2174 1965 3750 2040; baseline 0 -20"><span class='ocrx_word' id='word_1_424' title='bbox 2174 1965 2329 2037; x_wconf 83' lang='grc' dir='ltr'><strong>παρά</strong></span> <span class='ocrx_word' id='word_1_425' title='bbox 2364 1965 2503 2020; x_wconf 83' lang='grc' dir='ltr'><strong>Θεοῦ</strong></span> <span class='ocrx_word' id='word_1_426' title='bbox 2541 1966 2845 2040; x_wconf 79' lang='grc' dir='ltr'><strong>σωτηρίαν,</strong></span> <span class='ocrx_word' id='word_1_427' title='bbox 2877 1970 3184 2038; x_wconf 81' lang='grc' dir='ltr'><strong>ἀναγκαῖον</strong></span> <span class='ocrx_word' id='word_1_428' title='bbox 3218 1972 3419 2023; x_wconf 85' lang='grc' dir='ltr'><strong>εἰπεῖν.</strong></span> <span class='ocrx_word' id='word_1_429' title='bbox 3448 1969 3602 2037; x_wconf 70' lang='lat' dir='ltr'><strong>&quot;Atta.</strong></span> <span class='ocrx_word' id='word_1_430' title='bbox 3641 1968 3750 2039; x_wconf 86' lang='grc' dir='ltr'><strong>γάρ</strong></span> 
     </span>
    </p>
   </div>
   <div class='ocr_carea' id='block_1_64' title="bbox 2174 2058 3756 2133">
    <p class='ocr_par' dir='ltr' id='par_1_64' title="bbox 2174 2058 3756 2133">
     <span class='ocr_line' id='line_1_64' title="bbox 2174 2058 3756 2133; baseline 0.001 -22"><span class='ocrx_word' id='word_1_431' title='bbox 2174 2058 2253 2129; x_wconf 83' lang='grc' dir='ltr'><strong>τῷ</strong></span> <span class='ocrx_word' id='word_1_432' title='bbox 2286 2059 2544 2131; x_wconf 78' lang='grc' dir='ltr'><strong>ἐπιϐῆναι</strong></span> <span class='ocrx_word' id='word_1_433' title='bbox 2568 2061 2754 2125; x_wconf 82' lang='grc' dir='ltr'><strong>αὐτοῖς</strong></span> <span class='ocrx_word' id='word_1_434' title='bbox 2786 2060 2884 2115; x_wconf 79' lang='grc' dir='ltr'><strong>καὶ</strong></span> <span class='ocrx_word' id='word_1_435' title='bbox 2915 2063 2981 2133; x_wconf 71' lang='grc' dir='ltr'><strong>τῇ</strong></span> <span class='ocrx_word' id='word_1_436' title='bbox 3011 2060 3189 2115; x_wconf 78' lang='grc' dir='ltr'><strong>αὐτῶν</strong></span> <span class='ocrx_word' id='word_1_437' title='bbox 3210 2064 3346 2132; x_wconf 80' lang='grc' dir='ltr'><strong>μονῇ</strong></span> <span class='ocrx_word' id='word_1_438' title='bbox 3384 2061 3477 2115; x_wconf 64' lang='grc' dir='ltr'><strong>τὸν</strong></span> <span class='ocrx_word' id='word_1_439' title='bbox 3508 2076 3756 2131; x_wconf 81' lang='grc' dir='ltr'><strong>χαριστι-</strong></span> 
     </span>
    </p>
   </div>
   <div class='ocr_carea' id='block_1_65' title="bbox 2175 2148 3751 2224">
    <p class='ocr_par' dir='ltr' id='par_1_65' title="bbox 2175 2148 3751 2224">
     <span class='ocr_line' id='line_1_65' title="bbox 2175 2148 3751 2224; baseline -0.002 -16"><span class='ocrx_word' id='word_1_440' title='bbox 2175 2156 2391 2224; x_wconf 77' lang='grc' dir='ltr'><strong>κάριον,</strong></span> <span class='ocrx_word' id='word_1_441' title='bbox 2429 2154 2525 2208; x_wconf 77' lang='grc' dir='ltr'><strong>καὶ</strong></span> <span class='ocrx_word' id='word_1_442' title='bbox 2557 2153 2735 2207; x_wconf 82' lang='grc' dir='ltr'><strong>πάντα</strong></span> <span class='ocrx_word' id='word_1_443' title='bbox 2756 2155 2824 2207; x_wconf 80' lang='grc' dir='ltr'><strong>τὰ</strong></span> <span class='ocrx_word' id='word_1_444' title='bbox 2850 2154 3033 2209; x_wconf 83' lang='grc' dir='ltr'><strong>αὐτῶν</strong></span> <span class='ocrx_word' id='word_1_445' title='bbox 3066 2155 3163 2209; x_wconf 79' lang='grc' dir='ltr'><strong>καὶ</strong></span> <span class='ocrx_word' id='word_1_446' title='bbox 3222 2156 3421 2217; x_wconf 78' lang='grc' dir='ltr'><strong>αὐτοὺς</strong></span> <span class='ocrx_word' id='word_1_447' title='bbox 3468 2148 3751 2222; x_wconf 83' lang='grc' dir='ltr'><strong>ἐγκολπώ-</strong></span> 
     </span>
    </p>
   </div>
   <div class='ocr_carea' id='block_1_66' title="bbox 2177 2240 3750 2317">
    <p class='ocr_par' dir='ltr' id='par_1_66' title="bbox 2177 2240 3750 2317">
     <span class='ocr_line' id='line_1_66' title="bbox 2177 2240 3750 2317; baseline -0.001 -21"><span class='ocrx_word' id='word_1_448' title='bbox 2177 2240 2375 2297; x_wconf 85' lang='grc' dir='ltr'><strong>σασθαι</strong></span> <span class='ocrx_word' id='word_1_449' title='bbox 2410 2245 2504 2298; x_wconf 70' lang='grc' dir='ltr'><strong>καὶ</strong></span> <span class='ocrx_word' id='word_1_450' title='bbox 2533 2244 3001 2317; x_wconf 83' lang='grc' dir='ltr'><strong>κιτακυριεῦσαι,</strong></span> <span class='ocrx_word' id='word_1_451' title='bbox 3040 2244 3117 2309; x_wconf 83' lang='grc' dir='ltr'><strong>ὼς</strong></span> <span class='ocrx_word' id='word_1_452' title='bbox 3144 2246 3468 2316; x_wconf 77' lang='grc' dir='ltr'><strong>δεδήλωται,</strong></span> <span class='ocrx_word' id='word_1_453' title='bbox 3506 2242 3750 2315; x_wconf 75' lang='grc' dir='ltr'><strong>ἑωρακό-</strong></span> 
     </span>
    </p>
   </div>
   <div class='ocr_carea' id='block_1_67' title="bbox 2174 2335 3741 2409">
    <p class='ocr_par' dir='ltr' id='par_1_67' title="bbox 2174 2335 3741 2409">
     <span class='ocr_line' id='line_1_67' title="bbox 2174 2335 3741 2409; baseline 0 -21"><span class='ocrx_word' id='word_1_454' title='bbox 2174 2353 2266 2401; x_wconf 89' lang='grc' dir='ltr'><strong>τες</strong></span> <span class='ocrx_word' id='word_1_455' title='bbox 2292 2338 2393 2409; x_wconf 78' lang='grc' dir='ltr'><strong>την</strong></span> <span class='ocrx_word' id='word_1_456' title='bbox 2413 2336 2515 2407; x_wconf 79' lang='grc' dir='ltr'><strong>τῆς</strong></span> <span class='ocrx_word' id='word_1_457' title='bbox 2536 2339 2703 2407; x_wconf 78' lang='grc' dir='ltr'><strong>μονῆς</strong></span> <span class='ocrx_word' id='word_1_458' title='bbox 2723 2339 2818 2392; x_wconf 71' lang='grc' dir='ltr'><strong>καὶ</strong></span> <span class='ocrx_word' id='word_1_459' title='bbox 2839 2336 3046 2392; x_wconf 77' lang='grc' dir='ltr'><strong>ἑαυτῶν</strong></span> <span class='ocrx_word' id='word_1_460' title='bbox 3073 2337 3499 2403; x_wconf 72' lang='grc' dir='ltr'><strong>καταδούλωσιν,</strong></span> <span class='ocrx_word' id='word_1_461' title='bbox 3536 2335 3709 2390; x_wconf 75' lang='grc' dir='ltr'><strong>ὑποκΰ</strong></span> <span class='ocrx_word' id='word_1_462' title='bbox 3728 2360 3741 2374; x_wconf 89' lang='grc'><strong>·</strong></span> 
     </span>
    </p>
   </div>
   <div class='ocr_carea' id='block_1_68' title="bbox 2175 2428 3743 2502">
    <p class='ocr_par' dir='ltr' id='par_1_68' title="bbox 2175 2428 3743 2502">
     <span class='ocr_line' id='line_1_68' title="bbox 2175 2428 3743 2502; baseline -0.002 -18"><span class='ocrx_word' id='word_1_463' title='bbox 2175 2447 2369 2484; x_wconf 82' lang='grc' dir='ltr'><strong>πτουσι</strong></span> <span class='ocrx_word' id='word_1_464' title='bbox 2394 2430 2487 2483; x_wconf 68' lang='grc' dir='ltr'><strong>καὶ</strong></span> <span class='ocrx_word' id='word_1_465' title='bbox 2509 2429 2584 2499; x_wconf 83' lang='grc' dir='ltr'><strong>μὴ</strong></span> <span class='ocrx_word' id='word_1_466' title='bbox 2614 2429 2877 2494; x_wconf 79' lang='grc' dir='ltr'><strong>θέλοντες,</strong></span> <span class='ocrx_word' id='word_1_467' title='bbox 2903 2430 3029 2500; x_wconf 80' lang='grc' dir='ltr'><strong>φεῦ,</strong></span> <span class='ocrx_word' id='word_1_468' title='bbox 3055 2433 3121 2502; x_wconf 79' lang='grc' dir='ltr'><strong>τῇ</strong></span> <span class='ocrx_word' id='word_1_469' title='bbox 3150 2433 3389 2501; x_wconf 84' lang='grc' dir='ltr'><strong>κοσμικῇ</strong></span> <span class='ocrx_word' id='word_1_470' title='bbox 3416 2428 3703 2498; x_wconf 77' lang='grc' dir='ltr'><strong>δυναστεία</strong></span> <span class='ocrx_word' id='word_1_471' title='bbox 3729 2446 3743 2460; x_wconf 79' lang='grc' dir='ltr'><strong>ο</strong></span> 
     </span>
    </p>
   </div>
   <div class='ocr_carea' id='block_1_69' title="bbox 2173 2519 3750 2591">
    <p class='ocr_par' dir='ltr' id='par_1_69' title="bbox 2173 2519 3750 2591">
     <span class='ocr_line' id='line_1_69' title="bbox 2173 2519 3750 2591; baseline -0.003 -16"><span class='ocrx_word' id='word_1_472' title='bbox 2173 2522 2268 2575; x_wconf 71' lang='grc' dir='ltr'><strong>καὶ</strong></span> <span class='ocrx_word' id='word_1_473' title='bbox 2297 2521 2403 2574; x_wconf 55' lang='lat' dir='ltr'><strong>bis?)</strong></span> <span class='ocrx_word' id='word_1_474' title='bbox 2431 2523 2531 2590; x_wconf 83' lang='grc' dir='ltr'><strong>τῆς</strong></span> <span class='ocrx_word' id='word_1_475' title='bbox 2567 2521 2775 2585; x_wconf 80' lang='grc' dir='ltr'><strong>ἐνδείας</strong></span> <span class='ocrx_word' id='word_1_476' title='bbox 2802 2522 2911 2575; x_wconf 84' lang='grc' dir='ltr'><strong>τῶν</strong></span> <span class='ocrx_word' id='word_1_477' title='bbox 2934 2520 3249 2591; x_wconf 82' lang='grc' dir='ltr'><strong>ἀναγκαίων</strong></span> <span class='ocrx_word' id='word_1_478' title='bbox 3305 2519 3626 2589; x_wconf 80' lang='grc' dir='ltr'><strong>πιεζόμενοι</strong></span> <span class='ocrx_word' id='word_1_479' title='bbox 3659 2520 3750 2571; x_wconf 84' lang='grc' dir='ltr'><strong>δε-</strong></span> 
     </span>
    </p>
   </div>
   <div class='ocr_carea' id='block_1_70' title="bbox 2173 2608 3749 2684">
    <p class='ocr_par' dir='ltr' id='par_1_70' title="bbox 2173 2608 3749 2684">
     <span class='ocr_line' id='line_1_70' title="bbox 2173 2608 3749 2684; baseline -0.001 -22"><span class='ocrx_word' id='word_1_480' title='bbox 2173 2611 2444 2680; x_wconf 73' lang='grc' dir='ltr'><strong>δεμέναις,</strong></span> <span class='ocrx_word' id='word_1_481' title='bbox 2474 2610 2503 2663; x_wconf 83' lang='grc' dir='ltr'><strong>δ</strong></span> <span class='ocrx_word' id='word_1_482' title='bbox 2530 2611 2586 2664; x_wconf 79' lang='grc' dir='ltr'><strong>δὲ</strong></span> <span class='ocrx_word' id='word_1_483' title='bbox 2618 2611 2870 2680; x_wconf 86' lang='grc' dir='ltr'><strong>λέγεται,</strong></span> <span class='ocrx_word' id='word_1_484' title='bbox 2897 2614 3019 2676; x_wconf 84' lang='grc' dir='ltr'><strong>ταῖς</strong></span> <span class='ocrx_word' id='word_1_485' title='bbox 3054 2613 3234 2684; x_wconf 71' lang='grc' dir='ltr'><strong>χερσὶ,</strong></span> <span class='ocrx_word' id='word_1_486' title='bbox 3271 2609 3654 2683; x_wconf 78' lang='grc' dir='ltr'><strong>δουλοπρεπῶς</strong></span> <span class='ocrx_word' id='word_1_487' title='bbox 3670 2608 3749 2677; x_wconf 83' lang='grc' dir='ltr'><strong>τῷ</strong></span> 
     </span>
    </p>
   </div>
   <div class='ocr_carea' id='block_1_71' title="bbox 2172 2700 3749 2775">
    <p class='ocr_par' dir='ltr' id='par_1_71' title="bbox 2172 2700 3749 2775">
     <span class='ocr_line' id='line_1_71' title="bbox 2172 2700 3749 2775; baseline -0.001 -21"><span class='ocrx_word' id='word_1_488' title='bbox 2172 2700 2571 2774; x_wconf 81' lang='grc' dir='ltr'><strong>χαριστικαρίῳ</strong></span> <span class='ocrx_word' id='word_1_489' title='bbox 2632 2703 3021 2774; x_wconf 77' lang='grc' dir='ltr'><strong>παρίστανται,</strong></span> <span class='ocrx_word' id='word_1_490' title='bbox 3104 2702 3529 2775; x_wconf 83' lang='grc' dir='ltr'><strong>πειταρχοῦντες</strong></span> <span class='ocrx_word' id='word_1_491' title='bbox 3590 2700 3749 2771; x_wconf 84' lang='grc' dir='ltr'><strong>δίκην</strong></span> 
     </span>
    </p>
   </div>
   <div class='ocr_carea' id='block_1_72' title="bbox 2172 2794 3749 2866">
    <p class='ocr_par' dir='ltr' id='par_1_72' title="bbox 2172 2794 3749 2866">
     <span class='ocr_line' id='line_1_72' title="bbox 2172 2794 3749 2866; baseline -0.001 -18"><span class='ocrx_word' id='word_1_492' title='bbox 2172 2794 2525 2864; x_wconf 81' lang='grc' dir='ltr'><strong>ἀνδραπόδων</strong></span> <span class='ocrx_word' id='word_1_493' title='bbox 2562 2797 2674 2858; x_wconf 78' lang='grc' dir='ltr'><strong>τοῖς</strong></span> <span class='ocrx_word' id='word_1_494' title='bbox 2709 2794 2889 2849; x_wconf 83' lang='grc' dir='ltr'><strong>αὐτῶν</strong></span> <span class='ocrx_word' id='word_1_495' title='bbox 2917 2795 3257 2866; x_wconf 79' lang='grc' dir='ltr'><strong>διατάγμασι</strong></span> <span class='ocrx_word' id='word_1_496' title='bbox 3314 2796 3407 2851; x_wconf 75' lang='grc' dir='ltr'><strong>καὶ</strong></span> <span class='ocrx_word' id='word_1_497' title='bbox 3460 2795 3749 2865; x_wconf 78' lang='grc' dir='ltr'><strong>κοσμικοῖς</strong></span> 
     </span>
    </p>
   </div>
   <div class='ocr_carea' id='block_1_73' title="bbox 2171 2884 3748 2960">
    <p class='ocr_par' dir='ltr' id='par_1_73' title="bbox 2171 2884 3748 2960">
     <span class='ocr_line' id='line_1_73' title="bbox 2171 2884 3748 2960; baseline -0.001 -19"><span class='ocrx_word' id='word_1_498' title='bbox 2171 2884 2473 2956; x_wconf 83' lang='grc' dir='ltr'><strong>θελήμασιν</strong></span> <span class='ocrx_word' id='word_1_499' title='bbox 2508 2904 2525 2920; x_wconf 77' lang='grc' dir='ltr'><strong><em>ο</em></strong></span> <span class='ocrx_word' id='word_1_500' title='bbox 2556 2886 2681 2941; x_wconf 76' lang='grc' dir='ltr'><strong>οὐδὲ</strong></span> <span class='ocrx_word' id='word_1_501' title='bbox 2710 2890 2759 2941; x_wconf 78' lang='grc' dir='ltr'><strong>εί</strong></span> <span class='ocrx_word' id='word_1_502' title='bbox 2801 2886 2951 2943; x_wconf 78' lang='grc' dir='ltr'><strong>ἔστιν</strong></span> <span class='ocrx_word' id='word_1_503' title='bbox 2987 2888 3172 2951; x_wconf 79' lang='grc' dir='ltr'><strong>αὐτοῖς</strong></span> <span class='ocrx_word' id='word_1_504' title='bbox 3204 2886 3486 2960; x_wconf 79' lang='grc' dir='ltr'><strong>προεστὼς</strong></span> <span class='ocrx_word' id='word_1_505' title='bbox 3522 2886 3748 2941; x_wconf 76' lang='grc' dir='ltr'><strong>ἐπιστάο</strong></span> 
     </span>
    </p>
   </div>
   <div class='ocr_carea' id='block_1_74' title="bbox 2174 2972 3745 3049">
    <p class='ocr_par' dir='ltr' id='par_1_74' title="bbox 2174 2972 3745 3049">
     <span class='ocr_line' id='line_1_74' title="bbox 2174 2972 3745 3049; baseline -0.002 -20"><span class='ocrx_word' id='word_1_506' title='bbox 2174 2992 2348 3046; x_wconf 91' lang='grc' dir='ltr'><strong>μενοι.</strong></span> <span class='ocrx_word' id='word_1_507' title='bbox 2387 2975 2449 3029; x_wconf 80' lang='grc'><strong>’0</strong></span> <span class='ocrx_word' id='word_1_508' title='bbox 2480 2976 2535 3030; x_wconf 78' lang='grc' dir='ltr'><strong>δὲ</strong></span> <span class='ocrx_word' id='word_1_509' title='bbox 2566 2975 2889 3047; x_wconf 81' lang='grc' dir='ltr'><strong>ἡγούμενος,</strong></span> <span class='ocrx_word' id='word_1_510' title='bbox 2915 2979 2965 3031; x_wconf 85' lang='grc' dir='ltr'><strong>εί</strong></span> <span class='ocrx_word' id='word_1_511' title='bbox 3000 2977 3102 3049; x_wconf 79' lang='grc' dir='ltr'><strong>μὲν</strong></span> <span class='ocrx_word' id='word_1_512' title='bbox 3136 2978 3246 3033; x_wconf 84' lang='grc' dir='ltr'><strong>τῶν</strong></span> <span class='ocrx_word' id='word_1_513' title='bbox 3267 2977 3476 3032; x_wconf 78' lang='grc' dir='ltr'>πολλῶν</span> <span class='ocrx_word' id='word_1_514' title='bbox 3497 2972 3579 3039; x_wconf 74' lang='grc' dir='ltr'><strong>εἷς</strong></span> <span class='ocrx_word' id='word_1_515' title='bbox 3604 2975 3745 3041; x_wconf 82' lang='grc' dir='ltr'><strong>ἐστὶ,</strong></span> 
     </span>
    </p>
   </div>
   <div class='ocr_carea' id='block_1_75' title="bbox 2173 3068 3743 3143">
    <p class='ocr_par' dir='ltr' id='par_1_75' title="bbox 2173 3068 3743 3143">
     <span class='ocr_line' id='line_1_75' title="bbox 2173 3068 3743 3143; baseline -0.002 -21"><span class='ocrx_word' id='word_1_516' title='bbox 2173 3070 2547 3141; x_wconf 74' lang='grc' dir='ltr'><strong>συναπᾶγεται</strong></span> <span class='ocrx_word' id='word_1_517' title='bbox 2613 3069 2708 3123; x_wconf 82' lang='grc' dir='ltr'><strong>καὶ</strong></span> <span class='ocrx_word' id='word_1_518' title='bbox 2795 3070 2961 3135; x_wconf 77' lang='grc' dir='ltr'><strong>αὐτὸς</strong></span> <span class='ocrx_word' id='word_1_519' title='bbox 3022 3072 3091 3143; x_wconf 81' lang='grc' dir='ltr'><strong>τῇ</strong></span> <span class='ocrx_word' id='word_1_520' title='bbox 3158 3070 3255 3126; x_wconf 74' lang='grc' dir='ltr'><strong>τοῦ</strong></span> <span class='ocrx_word' id='word_1_521' title='bbox 3318 3068 3743 3143; x_wconf 86' lang='grc' dir='ltr'><strong>χαριστικαρίου</strong></span> 
     </span>
    </p>
   </div>
   <div class='ocr_carea' id='block_1_76' title="bbox 2170 3162 3742 3236">
    <p class='ocr_par' dir='ltr' id='par_1_76' title="bbox 2170 3162 3742 3236">
     <span class='ocr_line' id='line_1_76' title="bbox 2170 3162 3742 3236; baseline -0.003 -20"><span class='ocrx_word' id='word_1_522' title='bbox 2170 3162 2413 3236; x_wconf 76' lang='grc' dir='ltr'><strong>ἐξουσίᾳ,</strong></span> <span class='ocrx_word' id='word_1_523' title='bbox 2447 3162 2541 3217; x_wconf 77' lang='grc' dir='ltr'><strong>καὶ</strong></span> <span class='ocrx_word' id='word_1_524' title='bbox 2580 3163 2793 3230; x_wconf 86' lang='grc' dir='ltr'><strong>γίνεται</strong></span> <span class='ocrx_word' id='word_1_525' title='bbox 2830 3164 2929 3217; x_wconf 77' lang='grc' dir='ltr'><strong>καὶ</strong></span> <span class='ocrx_word' id='word_1_526' title='bbox 2983 3164 3203 3233; x_wconf 82' lang='grc' dir='ltr'><strong>λέγεται</strong></span> <span class='ocrx_word' id='word_1_527' title='bbox 3270 3164 3393 3218; x_wconf 73' lang='grc' dir='ltr'><strong>ἀντὶ</strong></span> <span class='ocrx_word' id='word_1_528' title='bbox 3435 3162 3742 3234; x_wconf 72' lang='grc' dir='ltr'><strong>ἡγουμένου</strong></span> 
     </span>
    </p>
   </div>
   <div class='ocr_carea' id='block_1_77' title="bbox 2168 3252 3742 3330">
    <p class='ocr_par' dir='ltr' id='par_1_77' title="bbox 2168 3252 3742 3330">
     <span class='ocr_line' id='line_1_77' title="bbox 2168 3252 3742 3330; baseline -0.006 -16"><span class='ocrx_word' id='word_1_529' title='bbox 2168 3261 2456 3330; x_wconf 78' lang='grc' dir='ltr'><strong>ἀγόμενος.</strong></span> <span class='ocrx_word' id='word_1_530' title='bbox 2491 3258 2552 3311; x_wconf 67' lang='lat' dir='ltr'><strong>lii</strong></span> <span class='ocrx_word' id='word_1_531' title='bbox 2583 3258 2641 3312; x_wconf 75' lang='grc' dir='ltr'><strong>δὲ</strong></span> <span class='ocrx_word' id='word_1_532' title='bbox 2674 3257 2813 3330; x_wconf 79' lang='grc' dir='ltr'><strong>τύχῃ</strong></span> <span class='ocrx_word' id='word_1_533' title='bbox 2854 3252 2995 3312; x_wconf 79' lang='grc' dir='ltr'><strong>εἷναί</strong></span> <span class='ocrx_word' id='word_1_534' title='bbox 3057 3274 3141 3322; x_wconf 88' lang='grc' dir='ltr'><strong>τις</strong></span> <span class='ocrx_word' id='word_1_535' title='bbox 3195 3256 3292 3311; x_wconf 81' lang='grc' dir='ltr'><strong>τοῦ</strong></span> <span class='ocrx_word' id='word_1_536' title='bbox 3358 3252 3742 3325; x_wconf 78' lang='grc' dir='ltr'><strong>πνευματικῶν</strong></span> 
     </span>
    </p>
   </div>
   <div class='ocr_carea' id='block_1_78' title="bbox 2168 3346 3742 3423">
    <p class='ocr_par' dir='ltr' id='par_1_78' title="bbox 2168 3346 3742 3423">
     <span class='ocr_line' id='line_1_78' title="bbox 2168 3346 3742 3423; baseline -0.005 -17"><span class='ocrx_word' id='word_1_537' title='bbox 2168 3354 2262 3406; x_wconf 72' lang='grc' dir='ltr'><strong>καὶ</strong></span> <span class='ocrx_word' id='word_1_538' title='bbox 2289 3351 2509 3418; x_wconf 86' lang='grc' dir='ltr'><strong>λογίων.</strong></span> <span class='ocrx_word' id='word_1_539' title='bbox 2533 3350 2749 3421; x_wconf 76' lang='grc' dir='ltr'><strong>ἀντέχει</strong></span> <span class='ocrx_word' id='word_1_540' title='bbox 2783 3350 2884 3419; x_wconf 77' lang='grc' dir='ltr'><strong>μὲν</strong></span> <span class='ocrx_word' id='word_1_541' title='bbox 2921 3348 3051 3423; x_wconf 72' lang='grc' dir='ltr'><strong>ἀχρι</strong></span> <span class='ocrx_word' id='word_1_542' title='bbox 3078 3348 3224 3413; x_wconf 72' lang='grc' dir='ltr'><strong>τινὸς</strong></span> <span class='ocrx_word' id='word_1_543' title='bbox 3261 3348 3357 3402; x_wconf 77' lang='grc' dir='ltr'><strong>καὶ</strong></span> <span class='ocrx_word' id='word_1_544' title='bbox 3416 3346 3742 3403; x_wconf 78' lang='grc' dir='ltr'><strong>ἀνθίσταται</strong></span> 
     </span>
    </p>
   </div>
   <div class='ocr_carea' id='block_1_79' title="bbox 2165 3437 3742 3515">
    <p class='ocr_par' dir='ltr' id='par_1_79' title="bbox 2165 3437 3742 3515">
     <span class='ocr_line' id='line_1_79' title="bbox 2165 3437 3742 3515; baseline -0.004 -17"><span class='ocrx_word' id='word_1_545' title='bbox 2165 3447 2286 3508; x_wconf 81' lang='grc' dir='ltr'><strong>ταῖς</strong></span> <span class='ocrx_word' id='word_1_546' title='bbox 2342 3441 2440 3497; x_wconf 84' lang='grc' dir='ltr'><strong>τοῦ</strong></span> <span class='ocrx_word' id='word_1_547' title='bbox 2493 3438 2913 3515; x_wconf 79' lang='grc' dir='ltr'><strong>χαριστικαρίου</strong></span> <span class='ocrx_word' id='word_1_548' title='bbox 2980 3441 3313 3512; x_wconf 77' lang='grc' dir='ltr'><strong>παραλόγοις</strong></span> <span class='ocrx_word' id='word_1_549' title='bbox 3364 3441 3586 3511; x_wconf 82' lang='grc' dir='ltr'><strong>ὁρμαῖς,</strong></span> <span class='ocrx_word' id='word_1_550' title='bbox 3646 3437 3742 3492; x_wconf 83' lang='grc' dir='ltr'><strong>καὶ</strong></span> 
     </span>
    </p>
   </div>
   <div class='ocr_carea' id='block_1_80' title="bbox 2168 3530 3737 3608">
    <p class='ocr_par' dir='ltr' id='par_1_80' title="bbox 2168 3530 3737 3608">
     <span class='ocr_line' id='line_1_80' title="bbox 2168 3530 3737 3608; baseline -0.002 -19"><span class='ocrx_word' id='word_1_551' title='bbox 2168 3537 2470 3591; x_wconf 78' lang='grc' dir='ltr'><strong>ἐπισπᾶται</strong></span> <span class='ocrx_word' id='word_1_552' title='bbox 2510 3536 2650 3608; x_wconf 80' lang='grc' dir='ltr'><strong>πρὸς</strong></span> <span class='ocrx_word' id='word_1_553' title='bbox 2683 3530 2880 3590; x_wconf 79' lang='grc' dir='ltr'><strong>ἐαυτὸν</strong></span> <span class='ocrx_word' id='word_1_554' title='bbox 2899 3537 2973 3608; x_wconf 74' lang='grc' dir='ltr'><strong>τῇ</strong></span> <span class='ocrx_word' id='word_1_555' title='bbox 2991 3534 3086 3589; x_wconf 82' lang='grc' dir='ltr'><strong>τοῦ</strong></span> <span class='ocrx_word' id='word_1_556' title='bbox 3126 3534 3273 3588; x_wconf 89' lang='grc' dir='ltr'><strong>θείου</strong></span> <span class='ocrx_word' id='word_1_557' title='bbox 3302 3533 3463 3601; x_wconf 86' lang='grc' dir='ltr'><strong>λόγου</strong></span> <span class='ocrx_word' id='word_1_558' title='bbox 3495 3531 3737 3604; x_wconf 78' lang='grc' dir='ltr'><strong>σύριγγι,</strong></span> 
     </span>
    </p>
   </div>
   <div class='ocr_carea' id='block_1_81' title="bbox 2164 3624 3740 3701">
    <p class='ocr_par' dir='ltr' id='par_1_81' title="bbox 2164 3624 3740 3701">
     <span class='ocr_line' id='line_1_81' title="bbox 2164 3624 3740 3701; baseline -0.006 -16"><span class='ocrx_word' id='word_1_559' title='bbox 2164 3631 2231 3700; x_wconf 75' lang='grc' dir='ltr'><strong>τῇ</strong></span> <span class='ocrx_word' id='word_1_560' title='bbox 2265 3628 2438 3700; x_wconf 74' lang='grc' dir='ltr'>πολλῇ</span> <span class='ocrx_word' id='word_1_561' title='bbox 2469 3627 2726 3701; x_wconf 79' lang='grc' dir='ltr'><strong>νουθεσίᾳ</strong></span> <span class='ocrx_word' id='word_1_562' title='bbox 2752 3628 2926 3699; x_wconf 64' lang='grc' dir='ltr'><strong>καὶ.τῇ</strong></span> <span class='ocrx_word' id='word_1_563' title='bbox 2956 3629 3141 3699; x_wconf 75' lang='grc' dir='ltr'><strong>πυκνῇ</strong></span> <span class='ocrx_word' id='word_1_564' title='bbox 3161 3626 3531 3698; x_wconf 77' lang='grc' dir='ltr'><strong>παρακλήσει,</strong></span> <span class='ocrx_word' id='word_1_565' title='bbox 3565 3624 3740 3685; x_wconf 82' lang='grc' dir='ltr'><strong>ἐνίους</strong></span> 
     </span>
    </p>
   </div>
   <div class='ocr_carea' id='block_1_82' title="bbox 2164 3715 3739 3793">
    <p class='ocr_par' dir='ltr' id='par_1_82' title="bbox 2164 3715 3739 3793">
     <span class='ocr_line' id='line_1_82' title="bbox 2164 3715 3739 3793; baseline -0.008 -14"><span class='ocrx_word' id='word_1_566' title='bbox 2164 3723 2275 3779; x_wconf 87' lang='grc' dir='ltr'><strong>τῶν</strong></span> <span class='ocrx_word' id='word_1_567' title='bbox 2300 3723 2549 3793; x_wconf 81' lang='grc' dir='ltr'>ἀδελφῶν</span> <span class='ocrx_word' id='word_1_568' title='bbox 2570 3738 2588 3755; x_wconf 69' lang='grc' dir='ltr'><strong>ο</strong></span> <span class='ocrx_word' id='word_1_569' title='bbox 2619 3721 2760 3776; x_wconf 84' lang='grc' dir='ltr'><strong>ἀλλὰ</strong></span> <span class='ocrx_word' id='word_1_570' title='bbox 2785 3722 2883 3778; x_wconf 78' lang='grc' dir='ltr'><strong>καὶ</strong></span> <span class='ocrx_word' id='word_1_571' title='bbox 2910 3720 3068 3776; x_wconf 78' lang='grc' dir='ltr'><strong>αὐτοὶ</strong></span> <span class='ocrx_word' id='word_1_572' title='bbox 3095 3719 3328 3789; x_wconf 80' lang='grc' dir='ltr'><strong>ὁρῶντες</strong></span> <span class='ocrx_word' id='word_1_573' title='bbox 3358 3719 3509 3783; x_wconf 74' lang='grc' dir='ltr'><strong>τοὺς,</strong></span> <span class='ocrx_word' id='word_1_574' title='bbox 3535 3715 3611 3787; x_wconf 81' lang='grc' dir='ltr'><strong>τῷ</strong></span> <span class='ocrx_word' id='word_1_575' title='bbox 3640 3731 3739 3786; x_wconf 66' lang='grc' dir='ltr'><strong>χαι</strong></span> 
     </span>
    </p>
   </div>
   <div class='ocr_carea' id='block_1_83' title="bbox 2166 3808 3742 3890">
    <p class='ocr_par' dir='ltr' id='par_1_83' title="bbox 2166 3808 3742 3890">
     <span class='ocr_line' id='line_1_83' title="bbox 2166 3808 3742 3890; baseline -0.009 -18"><span class='ocrx_word' id='word_1_576' title='bbox 2166 3816 2495 3890; x_wconf 75' lang='grc' dir='ltr'><strong>ριστικαρίῳ</strong></span> <span class='ocrx_word' id='word_1_577' title='bbox 2520 3814 2965 3887; x_wconf 77' lang='grc' dir='ltr'><strong>προσανέχοντας</strong></span> <span class='ocrx_word' id='word_1_578' title='bbox 2997 3811 3285 3881; x_wconf 76' lang='grc' dir='ltr'><strong>ἀδελφοὺς,</strong></span> <span class='ocrx_word' id='word_1_579' title='bbox 3342 3808 3447 3864; x_wconf 60' lang='grc' dir='ltr'><strong>καὶ</strong></span> <span class='ocrx_word' id='word_1_580' title='bbox 3476 3808 3639 3864; x_wconf 57' lang='lat' dir='ltr'><strong>cincti</strong></span> <span class='ocrx_word' id='word_1_581' title='bbox 3672 3808 3742 3878; x_wconf 73' lang='grc' dir='ltr'><strong>δὴ</strong></span> 
     </span>
    </p>
   </div>
   <div class='ocr_carea' id='block_1_84' title="bbox 2164 3899 3737 3979">
    <p class='ocr_par' dir='ltr' id='par_1_84' title="bbox 2164 3899 3737 3979">
     <span class='ocr_line' id='line_1_84' title="bbox 2164 3899 3737 3979; baseline -0.006 -17"><span class='ocrx_word' id='word_1_582' title='bbox 2164 3907 2259 3962; x_wconf 81' lang='grc' dir='ltr'><strong>τοῦ</strong></span> <span class='ocrx_word' id='word_1_583' title='bbox 2291 3906 2597 3979; x_wconf 71' lang='grc' dir='ltr'><strong>ἡγουμένου</strong></span> <span class='ocrx_word' id='word_1_584' title='bbox 2627 3905 3113 3977; x_wconf 77' lang='grc' dir='ltr'><strong>περιφρονοῦντας,</strong></span> <span class='ocrx_word' id='word_1_585' title='bbox 3176 3905 3408 3975; x_wconf 80' lang='grc' dir='ltr'><strong>μερικῆς</strong></span> <span class='ocrx_word' id='word_1_586' title='bbox 3432 3917 3579 3966; x_wconf 88' lang='grc' dir='ltr'><strong>τινος</strong></span> <span class='ocrx_word' id='word_1_587' title='bbox 3602 3899 3737 3971; x_wconf 54' lang='grc' dir='ltr'><strong>πμ·</strong></span> 
     </span>
    </p>
   </div>
   <div class='ocr_carea' id='block_1_85' title="bbox 2164 3992 3737 4069">
    <p class='ocr_par' dir='ltr' id='par_1_85' title="bbox 2164 3992 3737 4069">
     <span class='ocr_line' id='line_1_85' title="bbox 2164 3992 3737 4069; baseline -0.005 -16"><span class='ocrx_word' id='word_1_588' title='bbox 2164 3998 2317 4063; x_wconf 87' lang='grc' dir='ltr'><strong>νοίας</strong></span> <span class='ocrx_word' id='word_1_589' title='bbox 2364 3996 2749 4069; x_wconf 77' lang='grc' dir='ltr'><strong>ἀξιουμένους,</strong></span> <span class='ocrx_word' id='word_1_590' title='bbox 2789 3996 3020 4062; x_wconf 70' lang='grc' dir='ltr'><strong>ἑαυτοὺς</strong></span> <span class='ocrx_word' id='word_1_591' title='bbox 3069 3996 3127 4051; x_wconf 79' lang='grc' dir='ltr'><strong>δὲ</strong></span> <span class='ocrx_word' id='word_1_592' title='bbox 3191 3992 3737 4067; x_wconf 82' lang='grc' dir='ltr'><strong>παραϐλεπομένους,</strong></span> 
     </span>
    </p>
   </div>
   <div class='ocr_carea' id='block_1_86' title="bbox 2166 4085 3741 4163">
    <p class='ocr_par' dir='ltr' id='par_1_86' title="bbox 2166 4085 3741 4163">
     <span class='ocr_line' id='line_1_86' title="bbox 2166 4085 3741 4163; baseline -0.006 -17"><span class='ocrx_word' id='word_1_593' title='bbox 2166 4090 2469 4163; x_wconf 73' lang='grc' dir='ltr'><strong>παλινῳδίᾳ</strong></span> <span class='ocrx_word' id='word_1_594' title='bbox 2499 4090 2863 4163; x_wconf 74' lang='grc' dir='ltr'><strong>χρησάμενοι,</strong></span> <span class='ocrx_word' id='word_1_595' title='bbox 2902 4088 2981 4160; x_wconf 82' lang='grc' dir='ltr'><strong>τῷ</strong></span> <span class='ocrx_word' id='word_1_596' title='bbox 3012 4085 3416 4159; x_wconf 85' lang='grc' dir='ltr'><strong>χαριστικαρίῳ</strong></span> <span class='ocrx_word' id='word_1_597' title='bbox 3468 4086 3564 4139; x_wconf 83' lang='grc' dir='ltr'><strong>καὶ</strong></span> <span class='ocrx_word' id='word_1_598' title='bbox 3588 4085 3741 4139; x_wconf 79' lang='grc' dir='ltr'><strong>αὐτοὶ</strong></span> 
     </span>
    </p>
   </div>
   <div class='ocr_carea' id='block_1_87' title="bbox 2166 4172 3741 4257">
    <p class='ocr_par' dir='ltr' id='par_1_87' title="bbox 2166 4172 3741 4257">
     <span class='ocr_line' id='line_1_87' title="bbox 2166 4172 3741 4257; baseline -0.005 -20"><span class='ocrx_word' id='word_1_599' title='bbox 2166 4183 2584 4257; x_wconf 84' lang='grc' dir='ltr'><strong>προστίθενται,</strong></span> <span class='ocrx_word' id='word_1_600' title='bbox 2618 4181 2696 4254; x_wconf 73' lang='grc' dir='ltr'><strong>μὴ</strong></span> <span class='ocrx_word' id='word_1_601' title='bbox 2725 4180 3164 4253; x_wconf 82' lang='grc' dir='ltr'><strong>παραδεχόμενοι</strong></span> <span class='ocrx_word' id='word_1_602' title='bbox 3216 4179 3309 4233; x_wconf 81' lang='grc' dir='ltr'><strong>ὑπ’</strong></span> <span class='ocrx_word' id='word_1_603' title='bbox 3343 4172 3533 4244; x_wconf 77' lang='grc' dir='ltr'><strong>αὐτοῦ,</strong></span> <span class='ocrx_word' id='word_1_604' title='bbox 3581 4178 3741 4248; x_wconf 83' lang='grc' dir='ltr'><strong>ἀχρις</strong></span> 
     </span>
    </p>
   </div>
   <div class='ocr_carea' id='block_1_88' title="bbox 2166 4269 3741 4348">
    <p class='ocr_par' dir='ltr' id='par_1_88' title="bbox 2166 4269 3741 4348">
     <span class='ocr_line' id='line_1_88' title="bbox 2166 4269 3741 4348; baseline -0.004 -20"><span class='ocrx_word' id='word_1_605' title='bbox 2166 4269 2228 4329; x_wconf 71' lang='grc' dir='ltr'><strong>οὗ</strong></span> <span class='ocrx_word' id='word_1_606' title='bbox 2262 4275 2465 4348; x_wconf 76' lang='grc' dir='ltr'><strong>δείγμά</strong></span> <span class='ocrx_word' id='word_1_607' title='bbox 2485 4292 2538 4329; x_wconf 90' lang='grc' dir='ltr'><strong>τι</strong></span> <span class='ocrx_word' id='word_1_608' title='bbox 2559 4275 2662 4347; x_wconf 80' lang='grc' dir='ltr'><strong>τῆς</strong></span> <span class='ocrx_word' id='word_1_609' title='bbox 2685 4273 2823 4343; x_wconf 72' lang='grc' dir='ltr'><strong>πρὸς</strong></span> <span class='ocrx_word' id='word_1_610' title='bbox 2853 4273 2946 4327; x_wconf 68' lang='grc' dir='ltr'><strong>τὸν</strong></span> <span class='ocrx_word' id='word_1_611' title='bbox 2969 4270 3389 4343; x_wconf 69' lang='grc' dir='ltr'><strong>καθηγούμενον</strong></span> <span class='ocrx_word' id='word_1_612' title='bbox 3446 4270 3741 4340; x_wconf 77' lang='grc' dir='ltr'><strong>ἀπεχθείας</strong></span> 
     </span>
    </p>
   </div>
   <div class='ocr_carea' id='block_1_89' title="bbox 2167 4362 3741 4442">
    <p class='ocr_par' dir='ltr' id='par_1_89' title="bbox 2167 4362 3741 4442">
     <span class='ocr_line' id='line_1_89' title="bbox 2167 4362 3741 4442; baseline -0.007 -16"><span class='ocrx_word' id='word_1_613' title='bbox 2167 4370 2317 4442; x_wconf 82' lang='grc' dir='ltr'><strong>αὑτῷ</strong></span> <span class='ocrx_word' id='word_1_614' title='bbox 2343 4368 2699 4441; x_wconf 84' lang='grc' dir='ltr'><strong>παράσχωσι.</strong></span> <span class='ocrx_word' id='word_1_615' title='bbox 2726 4366 2794 4420; x_wconf 82' lang='grc' dir='ltr'><strong>Τί</strong></span> <span class='ocrx_word' id='word_1_616' title='bbox 2814 4362 2912 4420; x_wconf 80' lang='grc' dir='ltr'><strong>οὖν</strong></span> <span class='ocrx_word' id='word_1_617' title='bbox 2944 4366 3163 4437; x_wconf 77' lang='grc' dir='ltr'><strong>ποιησει</strong></span> <span class='ocrx_word' id='word_1_618' title='bbox 3180 4363 3210 4418; x_wconf 82' lang='grc' dir='ltr'><strong>ό</strong></span> <span class='ocrx_word' id='word_1_619' title='bbox 3237 4363 3498 4426; x_wconf 75' lang='grc' dir='ltr'><strong>ταπεινὸς</strong></span> <span class='ocrx_word' id='word_1_620' title='bbox 3531 4363 3741 4423; x_wconf 81' lang='grc' dir='ltr'><strong>ἐκεῖνος</strong></span> 
     </span>
    </p>
   </div>
   <div class='ocr_carea' id='block_1_90' title="bbox 476 4454 2066 4535">
    <p class='ocr_par' dir='ltr' id='par_1_90' title="bbox 476 4455 2065 4533">
     <span class='ocr_line' id='line_1_90' title="bbox 476 4455 2065 4533; baseline 0.003 -21"><span class='ocrx_word' id='word_1_621' title='bbox 476 4455 584 4512; x_wconf 85' lang='lat' dir='ltr'><strong>silii</strong></span> <span class='ocrx_word' id='word_1_622' title='bbox 607 4456 867 4527; x_wconf 80' lang='lat' dir='ltr'><strong>inopiam,</strong></span> <span class='ocrx_word' id='word_1_623' title='bbox 891 4458 1020 4514; x_wconf 90' lang='lat' dir='ltr'><strong>dum</strong></span> <span class='ocrx_word' id='word_1_624' title='bbox 1048 4458 1243 4530; x_wconf 84' lang='lat' dir='ltr'><strong>aspicit</strong></span> <span class='ocrx_word' id='word_1_625' title='bbox 1277 4459 1582 4516; x_wconf 85' lang='lat' dir='ltr'><strong>animarum</strong></span> <span class='ocrx_word' id='word_1_626' title='bbox 1620 4476 1847 4531; x_wconf 91' lang='lat' dir='ltr'><strong>quarum</strong></span> <span class='ocrx_word' id='word_1_627' title='bbox 1881 4470 2065 4533; x_wconf 89' lang='lat' dir='ltr'><strong>pastor</strong></span> 
     </span>
    </p>
   </div>
   <div class='ocr_carea' id='block_1_91' title="bbox 2170 4454 3741 4535">
    <p class='ocr_par' dir='ltr' id='par_1_91' title="bbox 2170 4454 3741 4535">
     <span class='ocr_line' id='line_1_91' title="bbox 2170 4454 3741 4535; baseline -0.007 -18"><span class='ocrx_word' id='word_1_628' title='bbox 2170 4461 2514 4535; x_wconf 76' lang='grc' dir='ltr'><strong>ἡγούμενοςς</strong></span> <span class='ocrx_word' id='word_1_629' title='bbox 2555 4459 2612 4513; x_wconf 85' lang='grc' dir='ltr'><strong>τί</strong></span> <span class='ocrx_word' id='word_1_630' title='bbox 2665 4458 3136 4531; x_wconf 75' lang='grc' dir='ltr'><strong>διανοηθήσεταις</strong></span> <span class='ocrx_word' id='word_1_631' title='bbox 3191 4457 3347 4520; x_wconf 82' lang='grc' dir='ltr'><strong>ποῖος</strong></span> <span class='ocrx_word' id='word_1_632' title='bbox 3395 4454 3741 4526; x_wconf 79' lang='grc' dir='ltr'><strong>παραστήσει</strong></span> 
     </span>
    </p>
   </div>
   <div class='ocr_carea' id='block_1_92' title="bbox 479 4549 2062 4625">
    <p class='ocr_par' dir='ltr' id='par_1_92' title="bbox 479 4549 2062 4625">
     <span class='ocr_line' id='line_1_92' title="bbox 479 4549 2062 4625; baseline 0.003 -22"><span class='ocrx_word' id='word_1_633' title='bbox 479 4560 563 4605; x_wconf 77' lang='lat' dir='ltr'><strong>est</strong></span> <span class='ocrx_word' id='word_1_634' title='bbox 592 4550 899 4615; x_wconf 72' lang='lat' dir='ltr'><strong>interitum,</strong></span> <span class='ocrx_word' id='word_1_635' title='bbox 945 4549 1191 4607; x_wconf 76' lang='lat' dir='ltr'><strong>Numinis</strong></span> <span class='ocrx_word' id='word_1_636' title='bbox 1237 4562 1649 4625; x_wconf 82' lang='lat' dir='ltr'><strong>contemptum,</strong></span> <span class='ocrx_word' id='word_1_637' title='bbox 1677 4569 1838 4609; x_wconf 88' lang='lat' dir='ltr'><strong>omne</strong></span> <span class='ocrx_word' id='word_1_638' title='bbox 1887 4553 2062 4610; x_wconf 81' lang='lat' dir='ltr'><strong>sancti</strong></span> 
     </span>
    </p>
   </div>
   <div class='ocr_carea' id='block_1_93' title="bbox 479 4642 2064 4716">
    <p class='ocr_par' dir='ltr' id='par_1_93' title="bbox 479 4642 2064 4716">
     <span class='ocr_line' id='line_1_93' title="bbox 479 4642 2064 4716; baseline 0.003 -19"><span class='ocrx_word' id='word_1_639' title='bbox 479 4642 689 4698; x_wconf 85' lang='lat' dir='ltr'><strong>ordinis</strong></span> <span class='ocrx_word' id='word_1_640' title='bbox 710 4642 1030 4711; x_wconf 88' lang='lat' dir='ltr'><strong>periculum,</strong></span> <span class='ocrx_word' id='word_1_641' title='bbox 1055 4653 1360 4716; x_wconf 86' lang='lat' dir='ltr'><strong>cunctaque</strong></span> <span class='ocrx_word' id='word_1_642' title='bbox 1374 4644 1486 4714; x_wconf 80' lang='lat' dir='ltr'><strong>jam</strong></span> <span class='ocrx_word' id='word_1_643' title='bbox 1510 4646 1651 4702; x_wconf 84' lang='lat' dir='ltr'><strong>dicta</strong></span> <span class='ocrx_word' id='word_1_644' title='bbox 1673 4647 2014 4703; x_wconf 88' lang='lat' dir='ltr'><strong>lnconnnoda</strong></span> <span class='ocrx_word' id='word_1_645' title='bbox 2038 4645 2064 4701; x_wconf 75' lang='grc' dir='ltr'><em>ἳ</em></span> 
     </span>
    </p>
   </div>
   <div class='ocr_carea' id='block_1_94' title="bbox 479 4732 2063 4806">
    <p class='ocr_par' dir='ltr' id='par_1_94' title="bbox 479 4732 2063 4806">
     <span class='ocr_line' id='line_1_94' title="bbox 479 4732 2063 4806; baseline 0.003 -18"><span class='ocrx_word' id='word_1_646' title='bbox 479 4732 670 4803; x_wconf 83' lang='lat' dir='ltr'><strong>Neque</strong></span> <span class='ocrx_word' id='word_1_647' title='bbox 715 4748 845 4791; x_wconf 85' lang='lat' dir='ltr'><strong>vero</strong></span> <span class='ocrx_word' id='word_1_648' title='bbox 875 4736 1086 4804; x_wconf 87' lang='lat' dir='ltr'><strong>prolato</strong></span> <span class='ocrx_word' id='word_1_649' title='bbox 1130 4734 1307 4791; x_wconf 81' lang='lat' dir='ltr'><strong>solum</strong></span> <span class='ocrx_word' id='word_1_650' title='bbox 1356 4736 1517 4791; x_wconf 88' lang='lat' dir='ltr'><strong>modo</strong></span> <span class='ocrx_word' id='word_1_651' title='bbox 1562 4747 1787 4806; x_wconf 87' lang='lat' dir='ltr'><strong>pereunt</strong></span> <span class='ocrx_word' id='word_1_652' title='bbox 1830 4734 2063 4792; x_wconf 86' lang='lat' dir='ltr'><strong>humiles</strong></span> 
     </span>
    </p>
   </div>
   <div class='ocr_carea' id='block_1_95' title="bbox 484 4825 2064 4897">
    <p class='ocr_par' dir='ltr' id='par_1_95' title="bbox 484 4825 2064 4897">
     <span class='ocr_line' id='line_1_95' title="bbox 484 4825 2064 4897; baseline 0.003 -19"><span class='ocrx_word' id='word_1_653' title='bbox 484 4825 755 4894; x_wconf 83' lang='lat' dir='ltr'><strong>monachi,</strong></span> <span class='ocrx_word' id='word_1_654' title='bbox 806 4826 1210 4897; x_wconf 77' lang='lat' dir='ltr'><strong>sed.multiplex</strong></span> <span class='ocrx_word' id='word_1_655' title='bbox 1243 4839 1327 4884; x_wconf 86' lang='lat' dir='ltr'><strong>est</strong></span> <span class='ocrx_word' id='word_1_656' title='bbox 1351 4842 1541 4884; x_wconf 88' lang='lat' dir='ltr'><strong>eorum</strong></span> <span class='ocrx_word' id='word_1_657' title='bbox 1576 4830 1855 4884; x_wconf 84' lang='lat' dir='ltr'><strong>interitus.</strong></span> <span class='ocrx_word' id='word_1_658' title='bbox 1899 4826 2064 4883; x_wconf 57' lang='lat' dir='ltr'><strong>Nam.</strong></span> 
     </span>
    </p>
   </div>
   <div class='ocr_carea' id='block_1_96' title="bbox 482 4916 2060 4989">
    <p class='ocr_par' dir='ltr' id='par_1_96' title="bbox 482 4916 2060 4989">
     <span class='ocr_line' id='line_1_96' title="bbox 482 4916 2060 4989; baseline 0.003 -20"><span class='ocrx_word' id='word_1_659' title='bbox 482 4932 587 4986; x_wconf 85' lang='lat' dir='ltr'><strong>que</strong></span> <span class='ocrx_word' id='word_1_660' title='bbox 619 4918 670 4971; x_wconf 87' lang='lat' dir='ltr'><strong>in</strong></span> <span class='ocrx_word' id='word_1_661' title='bbox 698 4916 865 4971; x_wconf 86' lang='lat' dir='ltr'><strong>multa</strong></span> <span class='ocrx_word' id='word_1_662' title='bbox 888 4917 1121 4973; x_wconf 85' lang='lat' dir='ltr'><strong>absurda</strong></span> <span class='ocrx_word' id='word_1_663' title='bbox 1153 4933 1249 4988; x_wconf 88' lang='lat' dir='ltr'><strong>per</strong></span> <span class='ocrx_word' id='word_1_664' title='bbox 1274 4919 1623 4989; x_wconf 70' lang='lat' dir='ltr'><strong>indigentiam</strong></span> <span class='ocrx_word' id='word_1_665' title='bbox 1677 4918 2060 4985; x_wconf 81' lang='lat' dir='ltr'><strong>devolvuntur;</strong></span> 
     </span>
    </p>
   </div>
   <div class='ocr_carea' id='block_1_97' title="bbox 484 5010 2064 5083">
    <p class='ocr_par' dir='ltr' id='par_1_97' title="bbox 484 5010 2064 5083">
     <span class='ocr_line' id='line_1_97' title="bbox 484 5010 2064 5083; baseline 0.003 -20"><span class='ocrx_word' id='word_1_666' title='bbox 484 5010 901 5080; x_wconf 76' lang='lat' dir='ltr'><strong>negotiatiOnem</strong></span> <span class='ocrx_word' id='word_1_667' title='bbox 933 5020 1206 5075; x_wconf 79' lang='lat' dir='ltr'><strong>exercent,</strong></span> <span class='ocrx_word' id='word_1_668' title='bbox 1228 5019 1397 5066; x_wconf 85' lang='lat' dir='ltr'><strong>artem</strong></span> <span class='ocrx_word' id='word_1_669' title='bbox 1421 5011 1763 5083; x_wconf 84' lang='lat' dir='ltr'><strong>cauponiam,</strong></span> <span class='ocrx_word' id='word_1_670' title='bbox 1792 5026 2064 5083; x_wconf 85' lang='lat' dir='ltr'><strong>omneque</strong></span> 
     </span>
    </p>
   </div>
   <div class='ocr_carea' id='block_1_98' title="bbox 484 5103 2055 5175">
    <p class='ocr_par' dir='ltr' id='par_1_98' title="bbox 484 5103 2055 5175">
     <span class='ocr_line' id='line_1_98' title="bbox 484 5103 2055 5175; baseline 0.002 -16"><span class='ocrx_word' id='word_1_671' title='bbox 484 5104 745 5159; x_wconf 66' lang='lat' dir='ltr'><strong>simulare</strong></span> <span class='ocrx_word' id='word_1_672' title='bbox 778 5103 1109 5168; x_wconf 88' lang='lat' dir='ltr'><strong>institutum,</strong></span> <span class='ocrx_word' id='word_1_673' title='bbox 1156 5112 1379 5174; x_wconf 87' lang='lat' dir='ltr'><strong>propter</strong></span> <span class='ocrx_word' id='word_1_674' title='bbox 1432 5104 1798 5161; x_wconf 87' lang='lat' dir='ltr'><strong>miserabilem</strong></span> <span class='ocrx_word' id='word_1_675' title='bbox 1852 5119 2055 5175; x_wconf 82' lang='lat' dir='ltr'><strong>corpo-</strong></span> 
     </span>
    </p>
   </div>
   <div class='ocr_carea' id='block_1_99' title="bbox 484 5196 2061 5267">
    <p class='ocr_par' dir='ltr' id='par_1_99' title="bbox 484 5196 2061 5267">
     <span class='ocr_line' id='line_1_99' title="bbox 484 5196 2061 5267; baseline 0.001 -16"><span class='ocrx_word' id='word_1_676' title='bbox 484 5214 633 5253; x_wconf 78' lang='lat' dir='ltr'><strong>ream</strong></span> <span class='ocrx_word' id='word_1_677' title='bbox 661 5199 850 5252; x_wconf 86' lang='lat' dir='ltr'><strong>vitam.</strong></span> <span class='ocrx_word' id='word_1_678' title='bbox 885 5196 1162 5265; x_wconf 81' lang='lat' dir='ltr'><strong>Ejusmodi</strong></span> <span class='ocrx_word' id='word_1_679' title='bbox 1196 5204 1285 5253; x_wconf 84' lang='lat' dir='ltr'><strong>est</strong></span> <span class='ocrx_word' id='word_1_680' title='bbox 1315 5211 1435 5267; x_wconf 67' lang='lat' dir='ltr'><strong>qua:</strong></span> <span class='ocrx_word' id='word_1_681' title='bbox 1482 5196 1537 5252; x_wconf 87' lang='lat' dir='ltr'><strong>in</strong></span> <span class='ocrx_word' id='word_1_682' title='bbox 1579 5198 1819 5253; x_wconf 86' lang='lat' dir='ltr'><strong>virorum</strong></span> <span class='ocrx_word' id='word_1_683' title='bbox 1867 5212 2061 5255; x_wconf 89' lang='lat' dir='ltr'><strong>mona-</strong></span> 
     </span>
    </p>
   </div>
   <div class='ocr_carea' id='block_1_100' title="bbox 485 5288 2059 5361">
    <p class='ocr_par' dir='ltr' id='par_1_100' title="bbox 485 5288 2059 5361">
     <span class='ocr_line' id='line_1_100' title="bbox 485 5288 2059 5361; baseline 0.001 -17"><span class='ocrx_word' id='word_1_684' title='bbox 485 5289 669 5345; x_wconf 82' lang='lat' dir='ltr'><strong>steriis</strong></span> <span class='ocrx_word' id='word_1_685' title='bbox 703 5290 814 5358; x_wconf 80' lang='lat' dir='ltr'><strong>agit</strong></span> <span class='ocrx_word' id='word_1_686' title='bbox 844 5290 1133 5361; x_wconf 78' lang='lat' dir='ltr'><strong>agiturque</strong></span> <span class='ocrx_word' id='word_1_687' title='bbox 1163 5288 1438 5360; x_wconf 83' lang='lat' dir='ltr'><strong>impietas.</strong></span> <span class='ocrx_word' id='word_1_688' title='bbox 1484 5289 1616 5345; x_wconf 88' lang='lat' dir='ltr'><strong>Eam</strong></span> <span class='ocrx_word' id='word_1_689' title='bbox 1647 5302 1827 5345; x_wconf 87' lang='lat' dir='ltr'><strong>autem</strong></span> <span class='ocrx_word' id='word_1_690' title='bbox 1853 5307 1973 5360; x_wconf 73' lang='lat' dir='ltr'><strong>quas</strong></span> <span class='ocrx_word' id='word_1_691' title='bbox 2006 5293 2059 5347; x_wconf 88' lang='lat' dir='ltr'><strong>in</strong></span> 
     </span>
    </p>
   </div>
   <div class='ocr_carea' id='block_1_101' title="bbox 486 5380 2060 5450">
    <p class='ocr_par' dir='ltr' id='par_1_101' title="bbox 486 5380 2060 5450">
     <span class='ocr_line' id='line_1_101' title="bbox 486 5380 2060 5450; baseline 0.002 -16"><span class='ocrx_word' id='word_1_692' title='bbox 486 5380 773 5434; x_wconf 77' lang='lat' dir='ltr'><strong>mulierum</strong></span> <span class='ocrx_word' id='word_1_693' title='bbox 810 5381 1157 5435; x_wconf 86' lang='lat' dir='ltr'><strong>monasteriis</strong></span> <span class='ocrx_word' id='word_1_694' title='bbox 1190 5390 1460 5444; x_wconf 84' lang='lat' dir='ltr'><strong>versatur,</strong></span> <span class='ocrx_word' id='word_1_695' title='bbox 1513 5380 1636 5450; x_wconf 88' lang='lat' dir='ltr'><strong>quis</strong></span> <span class='ocrx_word' id='word_1_696' title='bbox 1683 5395 1867 5436; x_wconf 87' lang='lat' dir='ltr'><strong>sermo</strong></span> <span class='ocrx_word' id='word_1_697' title='bbox 1910 5397 2060 5437; x_wconf 84' lang='lat' dir='ltr'><strong>asse-</strong></span> 
     </span>
    </p>
   </div>
   <div class='ocr_carea' id='block_1_102' title="bbox 487 5469 2061 5540">
    <p class='ocr_par' dir='ltr' id='par_1_102' title="bbox 487 5469 2061 5540">
     <span class='ocr_line' id='line_1_102' title="bbox 487 5469 2061 5540; baseline 0.006 -20"><span class='ocrx_word' id='word_1_698' title='bbox 487 5484 705 5540; x_wconf 81' lang='lat' dir='ltr'><strong>quetur,</strong></span> <span class='ocrx_word' id='word_1_699' title='bbox 730 5472 799 5525; x_wconf 84' lang='lat' dir='ltr'><strong>ub</strong></span> <span class='ocrx_word' id='word_1_700' title='bbox 821 5473 944 5527; x_wconf 80' lang='lat' dir='ltr'><strong>mali</strong></span> <span class='ocrx_word' id='word_1_701' title='bbox 969 5471 1346 5527; x_wconf 79' lang='lat' dir='ltr'><strong>nimietatem?</strong></span> <span class='ocrx_word' id='word_1_702' title='bbox 1371 5469 1504 5537; x_wconf 85' lang='lat' dir='ltr'><strong>Quis</strong></span> <span class='ocrx_word' id='word_1_703' title='bbox 1526 5485 1630 5527; x_wconf 88' lang='lat' dir='ltr'><strong>non</strong></span> <span class='ocrx_word' id='word_1_704' title='bbox 1656 5470 1803 5526; x_wconf 87' lang='lat' dir='ltr'><strong>tlehit</strong></span> <span class='ocrx_word' id='word_1_705' title='bbox 1829 5485 2061 5530; x_wconf 84' lang='lat' dir='ltr'><strong>cernens</strong></span> 
     </span>
    </p>
   </div>
   <div class='ocr_carea' id='block_1_103' title="bbox 490 5562 2057 5634">
    <p class='ocr_par' dir='ltr' id='par_1_103' title="bbox 490 5562 2057 5634">
     <span class='ocr_line' id='line_1_103' title="bbox 490 5562 2057 5634; baseline 0.002 -18"><span class='ocrx_word' id='word_1_706' title='bbox 490 5577 580 5616; x_wconf 75' lang='lat' dir='ltr'><strong>res</strong></span> <span class='ocrx_word' id='word_1_707' title='bbox 612 5564 836 5619; x_wconf 81' lang='lat' dir='ltr'><strong>horrore</strong></span> <span class='ocrx_word' id='word_1_708' title='bbox 891 5562 1122 5634; x_wconf 77' lang='lat' dir='ltr'><strong>plenas?</strong></span> <span class='ocrx_word' id='word_1_709' title='bbox 1166 5562 1300 5617; x_wconf 82' lang='lat' dir='ltr'><strong>Nam</strong></span> <span class='ocrx_word' id='word_1_710' title='bbox 1333 5579 1454 5617; x_wconf 89' lang='lat' dir='ltr'><strong>cum</strong></span> <span class='ocrx_word' id='word_1_711' title='bbox 1505 5563 1778 5633; x_wconf 61' lang='lat' dir='ltr'><strong>praedictis</strong></span> <span class='ocrx_word' id='word_1_712' title='bbox 1824 5566 2057 5619; x_wconf 81' lang='lat' dir='ltr'><strong>virilium</strong></span> 
     </span>
    </p>
   </div>
   <div class='ocr_carea' id='block_1_104' title="bbox 492 5656 2059 5721">
    <p class='ocr_par' dir='ltr' id='par_1_104' title="bbox 492 5656 2059 5721">
     <span class='ocr_line' id='line_1_104' title="bbox 492 5656 2059 5721; baseline 0.003 -14"><span class='ocrx_word' id='word_1_713' title='bbox 492 5658 942 5711; x_wconf 81' lang='lat' dir='ltr'><strong>monasteriorum</strong></span> <span class='ocrx_word' id='word_1_714' title='bbox 990 5656 1409 5721; x_wconf 82' lang='lat' dir='ltr'><strong>calamitatibus.</strong></span> <span class='ocrx_word' id='word_1_715' title='bbox 1470 5656 1574 5709; x_wconf 91' lang='lat' dir='ltr'><strong>alia</strong></span> <span class='ocrx_word' id='word_1_716' title='bbox 1633 5656 1948 5710; x_wconf 84' lang='lat' dir='ltr'><strong>molestiora</strong></span> <span class='ocrx_word' id='word_1_717' title='bbox 2003 5656 2059 5712; x_wconf 86' lang='lat' dir='ltr'><strong>in</strong></span> 
     </span>
    </p>
   </div>
   <div class='ocr_carea' id='block_1_105' title="bbox 493 5747 2055 5823">
    <p class='ocr_par' dir='ltr' id='par_1_105' title="bbox 493 5747 2055 5823">
     <span class='ocr_line' id='line_1_105' title="bbox 493 5747 2055 5823; baseline 0.003 -17"><span class='ocrx_word' id='word_1_718' title='bbox 493 5748 611 5807; x_wconf 72' lang='lat' dir='ltr'><strong>istis</strong></span> <span class='ocrx_word' id='word_1_719' title='bbox 646 5761 997 5823; x_wconf 68' lang='lat' dir='ltr'><strong>peraguntur.</strong></span> <span class='ocrx_word' id='word_1_720' title='bbox 1052 5748 1256 5811; x_wconf 71' lang='lat' dir='ltr'><strong>Ditiora</strong></span> <span class='ocrx_word' id='word_1_721' title='bbox 1287 5750 1497 5807; x_wconf 80' lang='lat' dir='ltr'><strong>illorum</strong></span> <span class='ocrx_word' id='word_1_722' title='bbox 1527 5748 1805 5823; x_wconf 81' lang='lat' dir='ltr'><strong>primariis</strong></span> <span class='ocrx_word' id='word_1_723' title='bbox 1837 5747 1968 5809; x_wconf 81' lang='lat' dir='ltr'><strong>viris</strong></span> <span class='ocrx_word' id='word_1_724' title='bbox 2003 5750 2055 5811; x_wconf 86' lang='lat' dir='ltr'><strong>in</strong></span> 
     </span>
    </p>
   </div>
   <div class='ocr_carea' id='block_1_106' title="bbox 2166 4546 3741 4626">
    <p class='ocr_par' dir='ltr' id='par_1_106' title="bbox 2166 4546 3741 4626">
     <span class='ocr_line' id='line_1_106' title="bbox 2166 4546 3741 4626; baseline -0.008 -16"><span class='ocrx_word' id='word_1_725' title='bbox 2166 4556 2330 4625; x_wconf 86' lang='grc' dir='ltr'><strong>λόγος</strong></span> <span class='ocrx_word' id='word_1_726' title='bbox 2356 4551 2457 4626; x_wconf 72' lang='grc' dir='ltr'><strong>τὴν</strong></span> <span class='ocrx_word' id='word_1_727' title='bbox 2506 4548 2959 4622; x_wconf 75' lang='grc' dir='ltr'><strong>ὑπερϐάλλουσαν</strong></span> <span class='ocrx_word' id='word_1_728' title='bbox 3008 4547 3178 4604; x_wconf 81' lang='grc' dir='ltr'><strong>αὐτοῦ</strong></span> <span class='ocrx_word' id='word_1_729' title='bbox 3237 4546 3439 4617; x_wconf 59' lang='lat' dir='ltr'><strong>anew.</strong></span> <span class='ocrx_word' id='word_1_730' title='bbox 3490 4548 3585 4600; x_wconf 75' lang='grc' dir='ltr'><strong>καὶ</strong></span> <span class='ocrx_word' id='word_1_731' title='bbox 3642 4546 3741 4615; x_wconf 79' lang='grc' dir='ltr'><strong>τὴν</strong></span> 
     </span>
    </p>
   </div>
   <div class='ocr_carea' id='block_1_107' title="bbox 2165 4636 3739 4719">
    <p class='ocr_par' dir='ltr' id='par_1_107' title="bbox 2165 4636 3739 4719">
     <span class='ocr_line' id='line_1_107' title="bbox 2165 4636 3739 4719; baseline -0.008 -18"><span class='ocrx_word' id='word_1_732' title='bbox 2165 4646 2506 4719; x_wconf 83' lang='grc' dir='ltr'><strong>ἀμηχανίαν,</strong></span> <span class='ocrx_word' id='word_1_733' title='bbox 2535 4643 2772 4715; x_wconf 84' lang='grc' dir='ltr'><strong>ὁρῶντος</strong></span> <span class='ocrx_word' id='word_1_734' title='bbox 2791 4642 2893 4714; x_wconf 72' lang='grc' dir='ltr'><strong>την</strong></span> <span class='ocrx_word' id='word_1_735' title='bbox 2913 4640 3023 4697; x_wconf 84' lang='grc' dir='ltr'><strong>τῶν</strong></span> <span class='ocrx_word' id='word_1_736' title='bbox 3044 4640 3138 4695; x_wconf 84' lang='grc' dir='ltr'><strong>ὑπ’</strong></span> <span class='ocrx_word' id='word_1_737' title='bbox 3171 4638 3341 4694; x_wconf 81' lang='grc' dir='ltr'><strong>αὐτοῦ</strong></span> <span class='ocrx_word' id='word_1_738' title='bbox 3370 4636 3739 4709; x_wconf 80' lang='grc' dir='ltr'><strong>ποιμαινομέο</strong></span> 
     </span>
    </p>
   </div>
   <div class='ocr_carea' id='block_1_108' title="bbox 2166 4730 3739 4811">
    <p class='ocr_par' dir='ltr' id='par_1_108' title="bbox 2166 4730 3739 4811">
     <span class='ocr_line' id='line_1_108' title="bbox 2166 4730 3739 4811; baseline -0.008 -16"><span class='ocrx_word' id='word_1_739' title='bbox 2166 4758 2273 4795; x_wconf 89' lang='grc' dir='ltr'><strong>νων</strong></span> <span class='ocrx_word' id='word_1_740' title='bbox 2290 4737 2482 4811; x_wconf 77' lang='grc' dir='ltr'><strong>ψυχῶν</strong></span> <span class='ocrx_word' id='word_1_741' title='bbox 2503 4734 2809 4801; x_wconf 79' lang='grc' dir='ltr'><strong>ἀπώλειαν,</strong></span> <span class='ocrx_word' id='word_1_742' title='bbox 2837 4732 2936 4788; x_wconf 76' lang='grc' dir='ltr'><strong>καὶ</strong></span> <span class='ocrx_word' id='word_1_743' title='bbox 2959 4734 3061 4805; x_wconf 79' lang='grc' dir='ltr'><strong>τὴν</strong></span> <span class='ocrx_word' id='word_1_744' title='bbox 3089 4735 3173 4797; x_wconf 85' lang='grc' dir='ltr'><strong>είς</strong></span> <span class='ocrx_word' id='word_1_745' title='bbox 3199 4731 3264 4786; x_wconf 78' lang='grc' dir='ltr'><strong>τὸ</strong></span> <span class='ocrx_word' id='word_1_746' title='bbox 3287 4731 3431 4786; x_wconf 83' lang='grc' dir='ltr'><strong>θεῖον</strong></span> <span class='ocrx_word' id='word_1_747' title='bbox 3463 4730 3739 4800; x_wconf 76' lang='grc' dir='ltr'><strong>καταφρό-</strong></span> 
     </span>
    </p>
   </div>
   <div class='ocr_carea' id='block_1_109' title="bbox 2164 4823 3739 4905">
    <p class='ocr_par' dir='ltr' id='par_1_109' title="bbox 2164 4823 3739 4905">
     <span class='ocr_line' id='line_1_109' title="bbox 2164 4823 3739 4905; baseline -0.01 -17"><span class='ocrx_word' id='word_1_748' title='bbox 2164 4832 2461 4905; x_wconf 75' lang='grc' dir='ltr'><strong>νησιν,τδν</strong></span> <span class='ocrx_word' id='word_1_749' title='bbox 2520 4827 2620 4884; x_wconf 80' lang='grc' dir='ltr'><strong>τοῦ</strong></span> <span class='ocrx_word' id='word_1_750' title='bbox 2668 4828 2827 4897; x_wconf 84' lang='grc' dir='ltr'><strong>ἁγίου</strong></span> <span class='ocrx_word' id='word_1_751' title='bbox 2886 4825 3175 4897; x_wconf 78' lang='grc' dir='ltr'><strong>τάγματος</strong></span> <span class='ocrx_word' id='word_1_752' title='bbox 3229 4823 3410 4877; x_wconf 78' lang='grc' dir='ltr'><strong>πάντα</strong></span> <span class='ocrx_word' id='word_1_753' title='bbox 3470 4823 3739 4884; x_wconf 77' lang='grc' dir='ltr'><strong>κίνδυνον,</strong></span> 
     </span>
    </p>
   </div>
   <div class='ocr_carea' id='block_1_110' title="bbox 2164 4909 3736 4988">
    <p class='ocr_par' dir='ltr' id='par_1_110' title="bbox 2164 4909 3736 4988">
     <span class='ocr_line' id='line_1_110' title="bbox 2164 4909 3736 4988; baseline -0.009 -12"><span class='ocrx_word' id='word_1_754' title='bbox 2164 4923 2262 4976; x_wconf 78' lang='grc' dir='ltr'><strong>καὶ</strong></span> <span class='ocrx_word' id='word_1_755' title='bbox 2289 4922 2471 4975; x_wconf 80' lang='grc' dir='ltr'><strong>πάντα</strong></span> <span class='ocrx_word' id='word_1_756' title='bbox 2502 4917 2569 4974; x_wconf 80' lang='grc' dir='ltr'><strong>τὰ</strong></span> <span class='ocrx_word' id='word_1_757' title='bbox 2592 4916 2862 4988; x_wconf 85' lang='grc' dir='ltr'><strong>είρημένα</strong></span> <span class='ocrx_word' id='word_1_758' title='bbox 2889 4914 3066 4971; x_wconf 77' lang='grc' dir='ltr'><strong>ἄτοπα</strong></span> <span class='ocrx_word' id='word_1_759' title='bbox 3104 4930 3120 4983; x_wconf 91' lang='lat'><strong>;</strong></span> <span class='ocrx_word' id='word_1_760' title='bbox 3147 4913 3211 4968; x_wconf 76' lang='grc' dir='ltr'><strong>οὔ</strong></span> <span class='ocrx_word' id='word_1_761' title='bbox 3242 4912 3321 4984; x_wconf 85' lang='grc' dir='ltr'><strong>τῷ</strong></span> <span class='ocrx_word' id='word_1_762' title='bbox 3369 4912 3643 4984; x_wconf 76' lang='grc' dir='ltr'><strong>εἰρημένῳ</strong></span> <span class='ocrx_word' id='word_1_763' title='bbox 3680 4909 3736 4963; x_wconf 68' lang='grc' dir='ltr'><strong>δέ</strong></span> 
     </span>
    </p>
   </div>
   <div class='ocr_carea' id='block_1_111' title="bbox 2165 5001 3739 5086">
    <p class='ocr_par' dir='ltr' id='par_1_111' title="bbox 2165 5001 3739 5086">
     <span class='ocr_line' id='line_1_111' title="bbox 2165 5001 3739 5086; baseline -0.008 -18"><span class='ocrx_word' id='word_1_764' title='bbox 2165 5014 2354 5086; x_wconf 84' lang='grc' dir='ltr'><strong>τρόπῳ</strong></span> <span class='ocrx_word' id='word_1_765' title='bbox 2380 5013 2541 5083; x_wconf 88' lang='grc' dir='ltr'><strong>μόνον</strong></span> <span class='ocrx_word' id='word_1_766' title='bbox 2569 5008 2898 5063; x_wconf 84' lang='grc' dir='ltr'><strong>ἀπόλλυνται</strong></span> <span class='ocrx_word' id='word_1_767' title='bbox 2924 5009 2973 5062; x_wconf 78' lang='lat' dir='ltr'><strong>oi</strong></span> <span class='ocrx_word' id='word_1_768' title='bbox 3030 5006 3279 5061; x_wconf 78' lang='grc' dir='ltr'><strong>ταπεινοὶ</strong></span> <span class='ocrx_word' id='word_1_769' title='bbox 3332 5007 3579 5076; x_wconf 64' lang='grc' dir='ltr'><strong>μοναχοὶ,</strong></span> <span class='ocrx_word' id='word_1_770' title='bbox 3599 5001 3739 5056; x_wconf 88' lang='grc' dir='ltr'><strong>ἀλλά</strong></span> 
     </span>
    </p>
   </div>
   <div class='ocr_carea' id='block_1_112' title="bbox 2168 5093 3739 5174">
    <p class='ocr_par' dir='ltr' id='par_1_112' title="bbox 2168 5093 3739 5174">
     <span class='ocr_line' id='line_1_112' title="bbox 2168 5093 3739 5174; baseline -0.008 -15"><span class='ocrx_word' id='word_1_771' title='bbox 2168 5105 2505 5174; x_wconf 83' lang='grc' dir='ltr'><strong>πολύτροπος</strong></span> <span class='ocrx_word' id='word_1_772' title='bbox 2547 5100 2786 5173; x_wconf 83' lang='grc' dir='ltr'><strong>ὑπάρχει</strong></span> <span class='ocrx_word' id='word_1_773' title='bbox 2813 5102 2840 5154; x_wconf 90' lang='grc' dir='ltr'><strong>ό</strong></span> <span class='ocrx_word' id='word_1_774' title='bbox 2866 5100 3090 5173; x_wconf 71' lang='grc' dir='ltr'><strong>ὄλεθρος</strong></span> <span class='ocrx_word' id='word_1_775' title='bbox 3156 5098 3359 5154; x_wconf 81' lang='grc' dir='ltr'><strong>αὐτῶν.</strong></span> <span class='ocrx_word' id='word_1_776' title='bbox 3433 5098 3532 5160; x_wconf 72' lang='lat' dir='ltr'><strong>El;</strong></span> <span class='ocrx_word' id='word_1_777' title='bbox 3569 5093 3739 5148; x_wconf 74' lang='grc' dir='ltr'><strong>πολλὰ</strong></span> 
     </span>
    </p>
   </div>
   <div class='ocr_carea' id='block_1_113' title="bbox 2164 5187 3739 5265">
    <p class='ocr_par' dir='ltr' id='par_1_113' title="bbox 2164 5187 3739 5265">
     <span class='ocr_line' id='line_1_113' title="bbox 2164 5187 3739 5265; baseline -0.008 -15"><span class='ocrx_word' id='word_1_778' title='bbox 2164 5197 2273 5265; x_wconf 82' lang='grc' dir='ltr'><strong>γὰρ</strong></span> <span class='ocrx_word' id='word_1_779' title='bbox 2298 5195 2477 5249; x_wconf 84' lang='grc' dir='ltr'><strong>ἀτοπα</strong></span> <span class='ocrx_word' id='word_1_780' title='bbox 2515 5190 2623 5245; x_wconf 76' lang='grc' dir='ltr'><strong>ὑπὸ</strong></span> <span class='ocrx_word' id='word_1_781' title='bbox 2658 5191 2760 5261; x_wconf 79' lang='grc' dir='ltr'><strong>τῆς</strong></span> <span class='ocrx_word' id='word_1_782' title='bbox 2787 5193 2997 5257; x_wconf 78' lang='grc' dir='ltr'><strong>ἐνδείας</strong></span> <span class='ocrx_word' id='word_1_783' title='bbox 3026 5190 3397 5254; x_wconf 80' lang='grc' dir='ltr'><strong>ἐκκυλίονται,</strong></span> <span class='ocrx_word' id='word_1_784' title='bbox 3434 5187 3739 5259; x_wconf 81' lang='grc' dir='ltr'><strong>ἐμπορείαν</strong></span> 
     </span>
    </p>
   </div>
   <div class='ocr_carea' id='block_1_114' title="bbox 2164 5281 3742 5357">
    <p class='ocr_par' dir='ltr' id='par_1_114' title="bbox 2164 5281 3742 5357">
     <span class='ocr_line' id='line_1_114' title="bbox 2164 5281 3742 5357; baseline -0.006 -16"><span class='ocrx_word' id='word_1_785' title='bbox 2164 5290 2260 5341; x_wconf 79' lang='grc' dir='ltr'><strong>καὶ</strong></span> <span class='ocrx_word' id='word_1_786' title='bbox 2289 5286 2595 5355; x_wconf 84' lang='grc' dir='ltr'><strong>καπηλείαν</strong></span> <span class='ocrx_word' id='word_1_787' title='bbox 2622 5283 2721 5339; x_wconf 75' lang='grc' dir='ltr'><strong>καὶ</strong></span> <span class='ocrx_word' id='word_1_788' title='bbox 2779 5284 2889 5338; x_wconf 78' lang='grc' dir='ltr'><strong>πᾶν</strong></span> <span class='ocrx_word' id='word_1_789' title='bbox 2928 5283 3185 5357; x_wconf 74' lang='grc' dir='ltr'><strong>βιωτικδν</strong></span> <span class='ocrx_word' id='word_1_790' title='bbox 3232 5281 3573 5354; x_wconf 77' lang='grc' dir='ltr'><strong>ἐπιτήδευμα</strong></span> <span class='ocrx_word' id='word_1_791' title='bbox 3608 5295 3742 5350; x_wconf 81' lang='grc' dir='ltr'><strong>μετ-</strong></span> 
     </span>
    </p>
   </div>
   <div class='ocr_carea' id='block_1_115' title="bbox 2164 5368 3738 5448">
    <p class='ocr_par' dir='ltr' id='par_1_115' title="bbox 2164 5368 3738 5448">
     <span class='ocr_line' id='line_1_115' title="bbox 2164 5368 3738 5448; baseline -0.005 -18"><span class='ocrx_word' id='word_1_792' title='bbox 2164 5374 2475 5448; x_wconf 78' lang='grc' dir='ltr'><strong>ερχόμενοι.</strong></span> <span class='ocrx_word' id='word_1_793' title='bbox 2535 5373 2627 5428; x_wconf 79' lang='grc' dir='ltr'><strong>διὰ</strong></span> <span class='ocrx_word' id='word_1_794' title='bbox 2682 5372 2784 5446; x_wconf 79' lang='grc' dir='ltr'><strong>τὴν</strong></span> <span class='ocrx_word' id='word_1_795' title='bbox 2837 5372 3080 5443; x_wconf 79' lang='grc' dir='ltr'><strong>ἐλεεινὴν</strong></span> <span class='ocrx_word' id='word_1_796' title='bbox 3112 5370 3436 5442; x_wconf 76' lang='grc' dir='ltr'><strong>σωματικὴν</strong></span> <span class='ocrx_word' id='word_1_797' title='bbox 3479 5370 3665 5440; x_wconf 73' lang='grc' dir='ltr'><strong>ζωήνο</strong></span> <span class='ocrx_word' id='word_1_798' title='bbox 3702 5368 3738 5438; x_wconf 72' lang='grc' dir='ltr'><strong>ἠ</strong></span> 
     </span>
    </p>
   </div>
   <div class='ocr_carea' id='block_1_116' title="bbox 2167 5462 3735 5540">
    <p class='ocr_par' dir='ltr' id='par_1_116' title="bbox 2167 5462 3735 5540">
     <span class='ocr_line' id='line_1_116' title="bbox 2167 5462 3735 5540; baseline -0.003 -19"><span class='ocrx_word' id='word_1_799' title='bbox 2167 5470 2267 5540; x_wconf 80' lang='grc' dir='ltr'><strong>μὲν</strong></span> <span class='ocrx_word' id='word_1_800' title='bbox 2304 5464 2400 5522; x_wconf 82' lang='grc' dir='ltr'><strong>οὖν</strong></span> <span class='ocrx_word' id='word_1_801' title='bbox 2429 5468 2512 5531; x_wconf 88' lang='grc' dir='ltr'><strong>είς</strong></span> <span class='ocrx_word' id='word_1_802' title='bbox 2541 5465 2611 5521; x_wconf 81' lang='grc' dir='ltr'><strong>τά</strong></span> <span class='ocrx_word' id='word_1_803' title='bbox 2672 5465 2888 5538; x_wconf 81' lang='grc' dir='ltr'><strong>ἀνδρῷα</strong></span> <span class='ocrx_word' id='word_1_804' title='bbox 2949 5467 3287 5538; x_wconf 83' lang='grc' dir='ltr'><strong>μοναστήρια</strong></span> <span class='ocrx_word' id='word_1_805' title='bbox 3336 5462 3638 5536; x_wconf 79' lang='grc' dir='ltr'><strong>ἐνεργοΰσα</strong></span> <span class='ocrx_word' id='word_1_806' title='bbox 3698 5463 3735 5536; x_wconf 69' lang='grc' dir='ltr'>ἢ</span> 
     </span>
    </p>
   </div>
   <div class='ocr_carea' id='block_1_117' title="bbox 2163 5558 3742 5631">
    <p class='ocr_par' dir='ltr' id='par_1_117' title="bbox 2163 5558 3742 5631">
     <span class='ocr_line' id='line_1_117' title="bbox 2163 5558 3742 5631; baseline -0.003 -18"><span class='ocrx_word' id='word_1_807' title='bbox 2163 5559 2537 5631; x_wconf 76' lang='grc' dir='ltr'><strong>ἐνεργουμένη</strong></span> <span class='ocrx_word' id='word_1_808' title='bbox 2562 5559 2813 5623; x_wconf 79' lang='grc' dir='ltr'><strong>ἀσέϐεια,</strong></span> <span class='ocrx_word' id='word_1_809' title='bbox 2843 5558 3091 5627; x_wconf 80' lang='grc' dir='ltr'><strong>τοιαύτη.</strong></span> <span class='ocrx_word' id='word_1_810' title='bbox 3121 5559 3233 5629; x_wconf 80' lang='grc' dir='ltr'><strong>Τῆς</strong></span> <span class='ocrx_word' id='word_1_811' title='bbox 3265 5558 3321 5612; x_wconf 74' lang='grc' dir='ltr'><strong>δὲ</strong></span> <span class='ocrx_word' id='word_1_812' title='bbox 3350 5560 3431 5622; x_wconf 86' lang='grc' dir='ltr'><strong>είς</strong></span> <span class='ocrx_word' id='word_1_813' title='bbox 3451 5558 3520 5613; x_wconf 88' lang='grc' dir='ltr'><strong>τά</strong></span> <span class='ocrx_word' id='word_1_814' title='bbox 3547 5573 3742 5626; x_wconf 82' lang='grc' dir='ltr'><strong>γυναι-</strong></span> 
     </span>
    </p>
   </div>
   <div class='ocr_carea' id='block_1_118' title="bbox 2164 5648 3735 5724">
    <p class='ocr_par' dir='ltr' id='par_1_118' title="bbox 2164 5648 3735 5724">
     <span class='ocr_line' id='line_1_118' title="bbox 2164 5648 3735 5724; baseline -0.003 -17"><span class='ocrx_word' id='word_1_815' title='bbox 2164 5657 2312 5718; x_wconf 79' lang='grc' dir='ltr'><strong>κεῖα,</strong></span> <span class='ocrx_word' id='word_1_816' title='bbox 2343 5654 2425 5715; x_wconf 85' lang='grc' dir='ltr'><strong>τίς</strong></span> <span class='ocrx_word' id='word_1_817' title='bbox 2456 5653 2523 5706; x_wconf 85' lang='grc' dir='ltr'><strong>ἂν</strong></span> <span class='ocrx_word' id='word_1_818' title='bbox 2554 5650 2803 5722; x_wconf 77' lang='grc' dir='ltr'><strong>ἐφίκοιτο</strong></span> <span class='ocrx_word' id='word_1_819' title='bbox 2850 5651 3031 5719; x_wconf 82' lang='grc' dir='ltr'><strong>λόγος,</strong></span> <span class='ocrx_word' id='word_1_820' title='bbox 3059 5652 3148 5707; x_wconf 88' lang='grc' dir='ltr'><strong>διά</strong></span> <span class='ocrx_word' id='word_1_821' title='bbox 3172 5652 3272 5724; x_wconf 81' lang='grc' dir='ltr'><strong>τὴν</strong></span> <span class='ocrx_word' id='word_1_822' title='bbox 3311 5650 3620 5723; x_wconf 78' lang='grc' dir='ltr'><strong>ὑπερϐολὴν</strong></span> <span class='ocrx_word' id='word_1_823' title='bbox 3636 5648 3735 5704; x_wconf 78' lang='grc' dir='ltr'><strong>τοῦ</strong></span> 
     </span>
    </p>
   </div>
   <div class='ocr_carea' id='block_1_119' title="bbox 2163 5744 3736 5818">
    <p class='ocr_par' dir='ltr' id='par_1_119' title="bbox 2163 5744 3736 5818">
     <span class='ocr_line' id='line_1_119' title="bbox 2163 5744 3736 5818; baseline -0.003 -16"><span class='ocrx_word' id='word_1_824' title='bbox 2163 5746 2371 5818; x_wconf 64' lang='grc' dir='ltr'><strong>κακῶς</strong></span> <span class='ocrx_word' id='word_1_825' title='bbox 2403 5747 2500 5812; x_wconf 86' lang='grc' dir='ltr'><strong>Τίς</strong></span> <span class='ocrx_word' id='word_1_826' title='bbox 2531 5744 2607 5818; x_wconf 76' lang='grc' dir='ltr'><strong>μὴ</strong></span> <span class='ocrx_word' id='word_1_827' title='bbox 2635 5744 2858 5801; x_wconf 82' lang='grc' dir='ltr'><strong>κλαύσει</strong></span> <span class='ocrx_word' id='word_1_828' title='bbox 2889 5746 3039 5818; x_wconf 87' lang='grc' dir='ltr'><strong>όρῶν</strong></span> <span class='ocrx_word' id='word_1_829' title='bbox 3099 5746 3166 5802; x_wconf 76' lang='grc' dir='ltr'><strong>τὰ</strong></span> <span class='ocrx_word' id='word_1_830' title='bbox 3214 5747 3418 5818; x_wconf 76' lang='grc' dir='ltr'><strong>φρίκης</strong></span> <span class='ocrx_word' id='word_1_831' title='bbox 3444 5745 3736 5813; x_wconf 55' lang='lat' dir='ltr'><strong>avdit)“;</strong></span> 
     </span>
    </p>
   </div>
  </div>
