4040 6330
551 346 699 415 .1151

1282 358 1602 421 JOANNIS
1640 362 1980 422 COMNENI
2035 361 2397 424 NOVELL/E
2431 360 3109 425 CONSTlTUTIONES.

3686 356 3819 421 1152

563 467 714 524 omni
735 464 929 536 injuria
951 477 1009 523 et
1028 469 1313 527 vexatione
1335 472 1522 528 libent:
1541 485 1855 539 serventur,
1875 484 2039 542 tthue
2061 473 2141 527 ni—

2242 472 2617 543 διατηρεῖσθαι
2655 474 2838 542 πάσης
2860 471 3129 542 ἐπηρείας
3151 484 3210 525 τε
3238 468 3334 523 καὶ
3363 467 3687 532 κακώσεως,
3730 472 3821 522 καὶ

566 558 643 613 hil
677 572 759 613 ea:
794 557 976 613 dan‘mi
1014 560 1097 614 vel
1131 562 1447 618 detrimenti
1488 566 1821 621 sustineant?
1849 567 2139 635 Propterea

564 666 669 705 nec
698 651 775 713 id.
809 651 955 721 quod
986 654 1148 707 modo
1167 652 1235 708 ad
1266 669 1427 710 aures
1450 658 1765 712 serenitatis
1794 668 1992 712 nostra:
2017 672 2142 725 per-

562 744 736 809 venit,
760 744 1172 802 iaemendatum
1197 749 1431 820 relinqui
1459 752 1648 804 voluit.
1673 750 1881 820 Quippe
1906 750 2137 806 relatum

564 836 725 893 nobis
747 847 855 903 eat,
874 840 1136 908 quosdam
1159 840 1563 910 provinciarum
1588 841 1846 911 pmides
1880 842 2040 895 simul
2061 850 2144 896 at-

562 940 673 999 que
708 929 992 999 pontiﬁces
1036 932 1201 987 rebus
1238 932 1493 987 humanis
1539 933 1897 999 excesserint,
1925 934 2142 989 auferre

561 1021 771 1084 omnia,
809 1035 932 1092 qua:
969 1021 1025 1075 in
1049 1022 1325 1091 cpiscopio
1348 1022 1672 1091 reperiatur,
1702 1023 1816 1077 sive
1844 1023 2054 1092 species
2086 1032 2142 1078 et

563 1124 655 1165 res
669 1112 936 1178 quzcdam,
960 1114 1073 1168 sive
1090 1112 1333 1182 pecuniae
1358 1127 1745 1183 nonnunquam
1774 1115 2005 1168 inventa:
2024 1112 2141 1167 fue-

566 1201 715 1267 rint;
746 1211 919 1256 morte
962 1204 1237 1272 pontificis
1274 1204 1483 1259 lucrum
1537 1220 1598 1259 se
1641 1207 1910 1272 quoddam
1952 1216 2141 1259 itaetna

566 1292 967 1359 existimantes,
1013 1312 1136 1350 cum
1168 1311 1358 1367 reapse
1384 1312 1494 1352 non
1535 1295 1680 1350 licita
1712 1296 1891 1351 facere
1931 1310 2140 1363 praesu-

566 1392 742 1449 mant,
765 1393 819 1438 et
849 1399 935 1440 res
958 1385 1167 1442 alienas
1200 1397 1480 1455 usurpem.
1503 1387 1735 1455 Quidam
1760 1402 1887 1441 vero
1914 1401 2010 1456 per
2046 1401 2144 1456 ap-

565 1476 835 1545 paritores
858 1492 986 1533 suos
1008 1477 1366 1533 ecclesiarum
1394 1494 1481 1533 res
1511 1479 1840 1543 auferentes,
1859 1493 1889 1532 a
1910 1491 2141 1535 conatus

565 1564 790 1621 absurdi
813 1567 972 1639 culpa
1003 1570 1185 1638 specie
1209 1580 1367 1625 tenus
1398 1570 1673 1625 immunes
1697 1585 1819 1625 sese
1840 1568 2067 1624 faciunt.

636 1750 999 1817 Quamobrem
1024 1751 1278 1823 maiestas
1304 1767 1420 1806 mea
1450 1752 1662 1807 facinus
1697 1752 1803 1807 hoc
1832 1752 2137 1818 improbum

2241 564 2377 636 μηδὲ
2407 564 2507 634 τὴν
2536 563 2751 617 οίανοῦν
2785 562 2992 632 βλάϐην
3015 562 3049 632 ἢ
3074 558 3282 631 ζημίαν
3320 559 3692 629 ὕφίστασθαι;
3736 560 3823 612 διὰ

2237 655 2412 712 ταῦτα
2434 657 2557 710 οὐδὲ
2588 657 2649 709 τὸ
2680 653 2778 710 νῦν
2806 657 2889 718 είς
2931 654 3102 717 ἀκοὰς
3135 653 3237 720 τῆς
3259 652 3418 723 ἡμῶν
3458 652 3615 705 ἐλθὸν
3645 653 3820 721 γαλη-

2238 752 2461 819 νότητος
2489 747 2821 820 ἀδιόρθωτον
2848 746 3246 816 ἀπολειφθῆναι
3275 744 3563 815 ἠθέλησεν.
3614 746 3820 813 Ἀνηγ-

2238 840 2408 910 γέλθη
2449 840 2559 911 γάρ
2595 842 2748 913 ἡμῖν,
2781 839 2857 901 ὥς
2892 853 3040 901 τινες
3071 836 3182 891 τῶν
3211 838 3355 891 κατά
3398 833 3583 905 χώρας
3619 837 3819 905 ἀρχόν-

2239 950 2349 987 των
2379 934 2497 1003 ἀμα
2525 931 2604 987 τῶ
2636 928 2948 987 ἀπώιιῖηαι
2980 930 3109 994 τοῦς
3150 927 3431 1000 ἀρχιερεῖς
3455 928 3822 998 ἀφαιροῦνται

2239 1026 2421 1080 πάντα
2455 1023 2527 1078 τά
2560 1022 2936 1094 εὑρισκόμενα
2962 1024 3022 1075 ὲν
3049 1021 3127 1091 τῷ
3155 1022 3516 1093 επισκοπείῳ,
3554 1022 3671 1074 εἴτε
3706 1021 3822 1088 είδη

2239 1117 2349 1171 είσί
2372 1132 2493 1170 τινα
2525 1116 2622 1169 καὶ
2656 1117 2962 1186 πράγματα
3002 1113 3037 1186 ἢ
3070 1112 3335 1179 πολλάκις
3370 1114 3635 1183 χρήματα
3660 1114 3823 1182 εὕρεο

2241 1210 2405 1275 θεῖεν,
2452 1208 2670 1280 ἑρμαίφ
2720 1208 3145 1277 ἐντετυχηκέναι
3190 1207 3434 1278 οἰόμενοι
3481 1210 3550 1277 τῇ
3590 1206 3822 1274 τελευτῇ

2239 1301 2335 1356 τοῦ
2360 1299 2667 1371 ἀρχιερέως
2694 1303 2761 1372 τῇ
2786 1300 2847 1353 δὲ
2876 1299 3111 1373 ἀληθείᾳ
3134 1297 3243 1352 τῶν
3276 1297 3355 1370 μὴ
3384 1299 3699 1369 ἐφειμένων
3722 1299 3822 1351 αύ-

2238 1397 2354 1457 τοῖς
2390 1396 2843 1465 κατατολμῶντες
2873 1394 2967 1447 καὶ
3009 1389 3370 1463 ἑξιδιούμενοι
3412 1391 3480 1445 τά
3512 1390 3777 1459 ἀλλότρια
3806 1406 3819 1419 ·

2239 1487 2383 1551 τινες
2429 1488 2487 1542 δὲ
2533 1487 2624 1541 διά
2668 1486 2778 1541 τῶν
2817 1482 3303 1556 ἐξυπηρετούντων
3352 1483 3535 1546 αὐτοῖς
3592 1484 3665 1536 τὰ
3717 1481 3823 1533 τῶν

2239 1578 2549 1649 ἐκκλησιῶν
2575 1577 2974 1648 ἀφαιρούμενοι
3002 1574 3244 1639 ὲξάντεις
3270 1574 3499 1636 ἑαυτοὺς
3534 1573 3617 1642 τῷ
3644 1574 3821 1626 δοκεῖν

2239 1671 2546 1726 καθιστῶσι
2575 1670 2672 1724 τοῦ
2706 1669 2915 1724 ἀτόπου
2945 1667 3144 1721 τούτου
3170 1666 3603 1737 ἐγχειρήματος.

2350 1762 2773 1819 Ἀναστίλλουσα
2828 1760 2963 1829 γοῦν
3021 1761 3123 1829 τὴν
3177 1758 3439 1830 τοιαύτην
3506 1759 3823 1829 παράλογον

564 1858 850 1903 coercens.
893 1852 949 1899 et
992 1845 1135 1897 hanc
1181 1845 1425 1897 avaritiae
1481 1844 1717 1913 speciem
1763 1860 2137 1913 compescens,

2244 1856 2444 1927 πρᾶξιν
2485 1858 2517 1925 ἠ
2556 1855 2803 1927 βασιλεία
2835 1825 2937 1925 μου
2964 1825 3159 1907 καὶ-τὸ
3199 1825 3443 1906 τοιοῦτον
3484 1825 3601 1921 τῆς-
3628 1852 3823 1903 πλεον-

566 1950 664 2005 per
695 1933 971 1989 Novellam
1020 1939 1158 1990 banc
1188 1939 1522 1991 sanctionem
1567 1939 1779 2001 statuit,
1822 1954 1893 1993 ne
1933 1941 2055 2007 quis
2084 1939 2138 1994 in

567 2037 844 2097 posterum
896 2029 1138 2097 cujusvis
1191 2030 1482 2099 provincia:
1531 2046 1732 2099 praeses
1772 2038 1895 2096 post
1932 2031 2138 2083 obitum

568 2118 920 2185 provincialis
968 2118 1371 2189 metropolitani
1430 2120 1512 2171 vel
1563 2120 1998 2189 archiepiscopi,
2056 2120 2139 2175 vel

567 2209 834 2279 episcopi,
865 2209 1162 2278 quidquam
1212 2209 1444 2278 accipiat
1494 2208 1563 2264 de
1608 2209 1770 2264 rebus
1804 2210 2141 2265 exstantibus

569 2302 625 2355 in
665 2303 827 2355 domo
865 2300 1269 2370 metropolitani
1326 2299 1410 2355 vel
1464 2301 1860 2371 archiepiscopi
1926 2302 2011 2355 vel
2085 2300 2140 2357 in

568 2393 896 2448 suburbanis
938 2408 1149 2455 earum,
1205 2392 1289 2447 vel
1337 2392 1591 2463 praediis,
1641 2393 1726 2447 vel
1779 2393 1994 2465 agellis,
2061 2394 2141 2449 vel

568 2486 953 2552 monasteriis;
1008 2486 1122 2539 sive
1170 2486 1379 2539 numini
1430 2486 1540 2539 sint
1583 2486 1697 2541 sive
1745 2488 1977 2555 species,
2028 2488 2141 2542 sive

569 2594 679 2643 res,
710 2579 824 2630 sive
850 2576 1129 2640 animalia,
1157 2576 1237 2629 vel
1267 2576 1396 2641 alia,
1424 2590 1546 2645 quae
1574 2576 1641 2630 ad
1685 2591 1781 2630 eos
1817 2576 2093 2643 pertinent
2123 2595 2138 2633 :

570 2671 678 2724 into
708 2684 776 2723 ne
806 2669 887 2723 vel
929 2668 1029 2737 ipsi
1072 2682 1298 2738 prorsus
1328 2683 1424 2723 eas
1455 2670 1852 2735 ingrediantur,
1885 2668 1966 2725 vel
1993 2670 2141 2739 ipso-

572 2777 690 2816 tum
742 2763 1101 2830 apparitores.
1148 2761 1357 2830 Quippe
1411 2761 1813 2830 provinciarum
1862 2762 2141 2833 prasidcs,

570 2855 663 2921 qui
690 2868 760 2907 eo
803 2868 862 2907 se
899 2852 1329 2918 conferunt,aut
1356 2852 1621 2921 quosdam
1653 2856 1896 2920 mittunt,
1933 2866 1987 2909 et
2021 2856 2141 2911 adi—

572 2955 726 2999 munt
758 2945 841 2999 vel
873 2958 940 2999 ex
975 2944 1270 3015 episcopali
1302 2943 1486 3009 domo,
1520 2944 1603 2999 vel
1632 2960 1698 2999 ex
1726 2945 2053 3002 suburbanis
2085 2956 2142 3002 et

576 3038 922 3092 monasteriis
950 3037 1162 3107 species
1182 3036 1465 3103 quasdam,
1489 3045 1579 3090 aut
1607 3053 1717 3105 res,
1744 3046 1838 3093 aut
1862 3055 2140 3103 nummos,

2240 1951 2391 2018 εξίας
2421 1948 2559 2015 εἶδος
2593 1948 3043 2019 ἀναχαιτίζουσα,
3090 1945 3387 2015 διορίζεται
3421 1944 3511 1997 διά
3547 1943 3646 1996 τοῦ
3678 1961 3821 1996 πασ-

2240 2043 2391 2106 όντο;
2430 2041 2628 2113 νεαροῦ
2659 2041 3059 2111 θεσπίσματος,
3106 2037 3313 2109 μηδένα
3358 2035 3451 2090 τοῦ
3481 2034 3678 2089 λοιποῦ
3716 2037 3824 2087 τῶν

2241 2134 2521 2205 ἀρχόντων
2578 2133 2812 2202 ἑκάστης
2869 2128 3141 2200 ἐπαρχίας
3204 2127 3346 2197 μετά
3406 2124 3674 2195 τελευτὴν
3728 2123 3823 2177 τοῦ

2241 2227 2595 2298 ἀπαρχεώτου
2630 2221 3033 2295 μητροπολίτω
3075 2221 3109 2292 ἢ
3158 2219 3601 2293 ἀρχιεπισκόπου
3640 2219 3825 2288 ῆεπιο

2243 2314 2445 2367 σκόπου
2477 2309 2958 2381 ἀναλαμϐάνεσθαι
2996 2309 3105 2363 ἀπδ
3127 2307 3238 2362 τῶν
3289 2307 3464 2361 όντων
3496 2308 3554 2361 ἑν
3600 2310 3670 2377 τῇ
3717 2323 3823 2375 μηο

2240 2404 2499 2475 τροπόλει
2530 2404 2562 2474 ἢ
2592 2405 2650 2457 ἐν
2673 2405 2739 2474 τῇ
2771 2402 3181 2474 ἀρχιεπισκοπῇ
3211 2399 3245 2470 ἢ
3273 2401 3335 2453 ὲν
3363 2400 3478 2463 τοῖς
3519 2398 3617 2453 ὑπ’
3652 2398 3825 2460 αύτάς

2241 2495 2591 2566 προαστείοις
2618 2493 2652 2563 ἢ
2679 2492 2903 2565 χωρίοις
2926 2493 2962 2563 ἢ
3001 2491 3270 2563 ἀγριδίοις
3294 2490 3329 2562 ἢ
3365 2490 3766 2561 μοναστηρίοις
3792 2488 3824 2559 ἢ

2242 2586 2559 2657 νομίσματα
2594 2584 2627 2655 ἢ
2664 2584 2780 2655 εῖδη
2816 2583 2943 2635 τινὰ
2977 2584 3012 2657 ἢ
3046 2582 3357 2652 πράγματα
3385 2580 3420 2651 ἢ
3447 2579 3565 2644 ζῶα
3591 2582 3626 2650 ἦ
3658 2578 3826 2647 {septi

2240 2696 2362 2733 τινα
2410 2677 2738 2749 διαφέροντα
2790 2677 2999 2740 αὐτοῖς,
3046 2674 3188 2729 ἀλλὰ
3250 2673 3387 2745 μηδὲ
3440 2672 3581 2735 ὅλως
3642 2674 3826 2727 ἐκεῖσε

2241 2766 2583 2839 εἰσέρχεσθαι
2620 2766 2760 2839 μήτε
2789 2767 2991 2830 αὐτοὺς
3015 2765 3156 2836 μήτε
3182 2766 3311 2829 τοῦς
3341 2761 3826 2833 ἐξυπηρετοῦντας

2242 2861 2450 2922 αὐτοῖς.
2499 2858 2679 2913 Ἀὐτοὶ
2727 2858 2829 2930 μὲν
2871 2858 2981 2929 γάρ
3008 2857 3061 2910 oi
3098 2857 3211 2911 τῶν
3238 2855 3435 2929 χωρῶν
3470 2856 3739 2927 ἄρχοντες
3778 2854 3827 2906 oi

2240 2953 2611 3026 ἀπερχόμενοι
2637 2952 2671 3023 ἢ
2701 2949 3127 3014 ἀποστέλλοντες
3158 2966 3335 3016 τινας,
3366 2949 3463 3005 καὶ
3508 2947 3830 3019 ἀναλαμδω

2242 3045 2531 3118 νόμενοιῆ
2577 3046 2686 3099 ἀπὸ
2717 3043 2815 3100 τοῦ
2861 3045 3229 3098 ἐπισκοπείου
3280 3042 3316 3113 ἢ
3364 3041 3473 3096 ἀπὸ
3519 3040 3629 3094 τῶν
3689 3057 3830 3109 προ-

571 3138 669 3183 attt
730 3130 1026 3196 animalia;
1079 3129 1387 3200 persolvent
1458 3129 1748 3193 Ecclesia.
1812 3132 1901 3185 cui
1954 3132 2141 3187 subest

2243 3141 2480 3195 ἀστείων
2512 3140 2603 3194 καὶ
2648 3137 3033 3210 μοναστηρίων
3074 3136 3191 3207 εῖδη
3218 3135 3345 3231 τιν-ἀ
3385 3135 3763 3231 {trp-dentata
3792 3134 3827 3203 ἢ

570 3222 770 3277 damno
812 3222 1005 3277 aﬂecta
1034 3222 1229 3278 domus
1256 3223 1614 3294 episcopalis,
1662 3223 1744 3279 vel
1773 3226 2141 3296 archiepisco-

2246 3228 2560 3299 νομίσματα
2596 3227 2631 3298 ἢ
2668 3226 2785 3292 ζῶα
2807 3225 3189 3296 καταθήσουσι
3220 3222 3359 3293 πρὸς
3388 3223 3490 3293 τὴν
3519 3220 3831 3293 ἐκκλησίαν

570 3314 727 3383 palis,
758 3315 837 3368 vel
870 3316 1308 3384 tnetropolitana,
1330 3330 1675 3371 nummorum
1704 3316 1869 3372 libras
1896 3334 1995 3381 ιιι,
2018 3334 2143 3387 qua:

570 3407 707 3461 citra
773 3408 1169 3462 recusationem
1230 3408 1487 3463 Ecclesia:
1523 3409 1909 3463 detrimentum
1970 3425 2144 3480 passae

571 3500 845 3552 numerari
910 3500 1149 3565 debent,
1197 3500 1303 3554 hoc
1361 3501 1479 3570 ipso
1536 3500 1780 3556 facinore
1840 3503 2142 3570 maiestatis

569 3591 735 3646 etiam
780 3598 983 3644 nostra:
1032 3592 1460 3660 indignationem
1522 3593 1839 3649 suscitante.
1888 3597 2045 3661 Quod
2094 3596 2142 3651 si

570 3681 693 3752 quis
716 3697 782 3737 ex
818 3683 1085 3739 ministris
1124 3699 1314 3739 eorum
1361 3685 1468 3741 tale
1510 3687 1639 3757 quid
1672 3688 1882 3750 fecerit,
1920 3689 2044 3744 licet
2086 3690 2140 3743 in

569 3775 832 3846 dignitate
861 3774 932 3831 sit
955 3777 1306 3843 constitutus,
1330 3778 1505 3849 primo
1538 3780 1756 3847 quidem
1787 3794 1890 3835 ceu
1916 3780 2145 3837 violator

569 3868 731 3924 edicti
762 3869 933 3924 nostri
963 3869 1147 3937 ﬂagris
1176 3880 1231 3926 et
1257 3879 1480 3925 tonsura
1514 3872 1907 3943 castigabitur;
1942 3872 2141 3932 deinde

570 3974 699 4015 vero
722 3964 884 4014 etiam
922 3963 1102 4017 multae
1134 3963 1351 4016 nomine
1381 3978 1727 4018 nummorum
1763 3964 1912 4020 librat
1944 3980 2037 4021 sex
2074 3969 2144 4024 ab

571 4064 641 4103 co
665 4051 970 4121 exigentur.
997 4053 1091 4107 Sin
1124 4053 1242 4122 ejus
1270 4056 1614 4123 episcopatus
1644 4055 1964 4111 clericorum
1992 4059 2143 4129 quis-

572 4141 717 4212 piam
747 4144 816 4197 de
849 4143 1007 4197 rebus
1039 4143 1284 4199 ecclesia:
1329 4146 1576 4200 nonnihil
1607 4148 1903 4217 compilare
1934 4149 2143 4220 deprat-

571 4236 776 4291 hensus
824 4234 1027 4298 fuerit,
1062 4236 1280 4306 quando
1312 4237 1581 4307 maiestati
1623 4252 1754 4293 mea:
1781 4239 2142 4310 significatum

571 4335 680 4389 est,
737 4342 767 4380 a
822 4325 1037 4381 clericis
1085 4340 1193 4382 non
1244 4342 1415 4397 pauca
1472 4329 1596 4383 talia
1629 4331 1923 4399 designari,
1954 4334 2146 4387 statuit

569 4420 671 4474 hos
706 4433 923 4489 quoque
961 4428 1081 4489 post
1118 4430 1429 4475 accuratam
1482 4422 1609 4477 facti
1642 4424 2041 4492 probationem,
2077 4441 2141 4479 ac

2242 3318 2280 3395 ᾖ
2306 3322 2595 3377 ὑπόκειται
2625 3321 2662 3391 ἠ
2690 3318 2853 3373 τοῦτο
2884 3316 3138 3371 παθοῦσα
3188 3315 3467 3387 επισκοπὴ
3498 3315 3529 3386 ἢ
3559 3317 3828 3385 ἀρχιεπι-

2246 3410 2426 3483 σκοπὴ
2463 3412 2497 3483 ἢ
2541 3410 2895 3482 μητρόπολις,
2924 3408 3283 3479 νομισμάτων
3323 3406 3511 3476 λίτρας
3546 3405 3639 3475 ιβ’.
3676 3406 3831 3474 ὀφει-

2244 3502 2444 3566 λούσας
2470 3499 2822 3558 ἀποδίδοσθαι
2855 3498 3283 3569 ἀπροφασίστως
3318 3498 3455 3569 πρδς
3481 3496 3577 3568 τὴν
3609 3496 3829 3568 ζημιω-

2245 3595 2432 3650 θεῐσαν
2459 3591 2812 3663 Ἐκκλησίαν,
2835 3593 2971 3662 πρὸς
2989 3608 3069 3662 τῳ
3093 3594 3188 3645 καὶ
3210 3592 3311 3663 τὴν
3327 3593 3393 3645 εκ
3414 3591 3514 3661 τῆς
3540 3590 3829 3661 βασιλείας

2244 3686 2404 3758 ἡμῶν
2455 3684 2867 3740 ἐπισπάσασθαι
2930 3685 3333 3754 ἀγανάκτησιν.
3391 3683 3454 3737 Et
3496 3683 3554 3736 δέ
3586 3701 3673 3748 τις
3720 3682 3830 3737 τῶν

2244 3780 2732 3851 δξυπηρετούντων
2792 3778 2979 3841 αὐτοῖς
3002 3774 3250 3831 τοιοῦτόν
3300 3793 3357 3831 τι
3419 3776 3826 3847 διαπράξεται,

2244 3873 2351 3926 κᾶν
2398 3871 2774 3943 ἀξιωματικδς
2818 3871 2928 3939 εῖη,
2964 3869 3183 3939 πρῶτον
3232 3867 3333 3940 μιν
3377 3868 3454 3933 ὡς
3497 3868 3828 3939 παραϐάτης

2243 3963 2339 4019 τοῦ
2380 3964 2653 4035 ἡμετέρου
2681 3962 3112 4033 προστάγματος
3153 3959 3247 4014 διά
3287 3960 3498 4031 δαρμοῦ
3549 3976 3827 4031 σωφρονι-

2245 4057 2507 4126 σθήσεταε
2562 4056 2657 4109 καὶ
2710 4056 2936 4125 κουρᾶς,
2974 4053 3169 4106 ἔπειτα
3216 4052 3273 4106 δὲ
3318 4054 3413 4106 καὶ
3455 4051 3597 4122 λόγῳ
3629 4052 3829 4120 ποινῆς

2244 4147 2689 4219 ἀπαιτηθήσεται
2718 4144 2911 4215 λίτρας
2942 4143 3297 4214 νομισμάτων
3317 4143 3379 4210 ἐξ
3414 4144 3515 4215 (3).
3552 4144 3614 4196 El
3644 4143 3706 4197 δὲ
3739 4146 3829 4197 καὶ

2246 4240 2356 4294 τῶν
2386 4240 2450 4292 ἐκ
2476 4240 2575 4308 τῆς
2622 4236 2884 4301 τοιαύτης
2937 4236 3252 4305 ἐπισκοπῆς
3308 4234 3592 4305 κληρικῶν
3622 4254 3717 4299 τις
3755 4237 3831 4298 ὡς

2247 4331 2580 4401 ύφελόμενός
2626 4346 2750 4383 τινα
2804 4328 2915 4382 τῶν
2946 4328 3048 4397 τῆς
3087 4328 3422 4397 Ἐκκλησίας
3477 4330 3829 4397 πραγμάτων

2247 4424 2527 4495 φωραθείη
2575 4420 2903 4494 (τολμᾶσθαι
2947 4420 3060 4489 γάρ
3112 4419 3178 4489 δὴ
3225 4419 3325 4473 καὶ
3370 4417 3599 4472 τοιαῦτα
3654 4419 3829 4472 πολλά

567 4509 971 4578 perceptionem
997 4509 1265 4575 veritatis,
1288 4512 1458 4580 gradu
1489 4525 1585 4564 suo
1611 4512 1946 4579 spoliandos,
1972 4514 2135 4567 veluti

2243 4516 2395 4589 παρὰ
2436 4514 2548 4569 τῶν
2593 4514 2876 4585 κληρικῶν
2921 4515 2954 4584 ἡ
2994 4511 3243 4584 βασιλεία
3291 4528 3394 4581 μου
3447 4510 3826 4582 ἀνεδιδάχθη),

568 4600 661 4669 qui
710 4600 822 4656 Deo
849 4613 1169 4656 consecrata
1221 4603 1460 4673 rapiant,
1515 4614 1567 4657 et
1622 4604 1802 4673 palam
1860 4606 2142 4677 sacrilegis

573 4695 803 4748 trahendi
835 4694 966 4748 sint.
988 4693 1172 4763 Itaque
1200 4711 1308 4750 non
1334 4694 1516 4750 licebit
1541 4697 1608 4751 ab
1636 4698 1739 4753 hoc
1768 4707 2012 4768 tempore
2044 4715 2143 4754 nec

565 4782 879 4853 iudicibus,
928 4801 1030 4841 nec
1083 4787 1557 4855 descriptoribus,
1612 4804 1713 4844 nec
1755 4793 2139 4859 quaastoribus.

569 4893 671 4933 nec
705 4880 953 4946 ducibus,
984 4896 1085 4935 nec
1115 4882 1458 4949 praetoribus.
1485 4895 1583 4934 nec
1612 4881 2009 4950 provisoribus.
2041 4896 2141 4936 nec

570 4969 713 5036 aliis,
765 4969 967 5040 quibus
1020 4972 1313 5026 servitutes
1359 4970 1569 5027 ﬁscales
1611 4972 1833 5027 credita:
1878 4981 2037 5036 sunt,
2083 4982 2143 5026 ut

570 5071 692 5133 post
722 5062 929 5116 obitum
957 5062 1295 5130 pontiﬁcum,
1319 5062 1544 5117 omnino
1576 5064 1768 5119 domos
1798 5064 2141 5134 episcOpales

572 5154 793 5215 adeant,
824 5162 921 5207 aut
953 5169 1038 5207 res
1064 5168 1251 5208 earum
1287 5156 1593 5211 immobiles
1644 5167 1739 5211 aut
1787 5158 2143 5222 monasteria,

573 5246 750 5315 deque
800 5247 884 5299 his
941 5246 1243 5316 quidquam
1277 5263 1502 5317 prorsus
1539 5248 1811 5310 auferant,
1849 5264 1948 5303 nec
1984 5251 2147 5303 lisca-

573 5338 704 5393 lium
732 5339 1149 5407 pcnsitationum
1179 5349 1435 5408 praetextu
1458 5341 1699 5411 subjecta
1718 5340 1931 5410 juribus
1963 5342 2145 5395 Eccle-

571 5430 668 5485 sia:
720 5430 1131 5498 ingrediantur,
1166 5441 1221 5486 et
1265 5447 1387 5499 quae
1430 5433 1617 5486 volunt
1671 5432 1943 5487 auferant.
1996 5432 2140 5499 Quin

574 5524 739 5577 etiam
768 5523 812 5578 si
851 5523 982 5593 quid
1016 5525 1517 5593 archiepiscopatus
1547 5524 1680 5580 lisco
1712 5526 1927 5591 debeat,
1962 5526 2143 5581 clerici

577 5619 942 5680 arcessantur,
971 5626 1035 5668 ac
1065 5612 1333 5683 siquidem
1357 5612 1623 5682 liquidum
1655 5613 1983 5685 minimeque
2013 5630 2143 5669 con-

2240 4610 2539 4681 διορίζεται
2560 4607 2655 4662 καὶ
2682 4607 2911 4670 τούτους
2948 4606 3087 4674 μετά
3106 4605 3312 4675 ἀκριϐῆ
3335 4605 3558 4675 ἔλεγχον
3586 4606 3691 4656 καὶ
3730 4604 3827 4673 τῆς

2241 4701 2502 4773 ἀληθείας
2533 4699 2841 4769 κατάληψιν
2873 4697 2969 4751 τοῦ
3010 4698 3217 4751 οίκείου
3253 4696 3545 4751 ἐκπίπτειν
3577 4694 3826 4765 βαθμοῦ,

2240 4797 2315 4860 ὡς
2340 4795 2411 4850 τά
2430 4794 2507 4865 τῷ
2529 4792 2649 4864 θεῷ
2675 4790 3072 4860 ἀνατεθειμὲνα
3102 4790 3539 4860 ἀφαιρουμένους
3563 4791 3663 4842 καὶ
3690 4791 3827 4858 ίερο-

2242 4886 2601 4951 σύλουςάντικ
2612 4903 2704 4956 ρυς
2721 4883 3129 4952 λογιζομένους.
3148 4881 3262 4934 Οὐκ
3282 4879 3494 4946 ἐξέσται
3511 4878 3699 4933 τοίνυν
3722 4880 3825 4932 ἀπὸ

2239 4981 2335 5033 τοῦ
2379 4980 2647 5049 παρόντος
2684 4976 2809 5030 οὔτε
2849 4976 3063 5043 κριταῖς
3095 4970 3221 5026 οὔτε
3248 4970 3661 5043 ἀναγραφεῦσιν
3704 4971 3826 5026 οὔτε

2238 5072 2581 5142 πράκτορσιν
2609 5068 2731 5121 οὔτε
2756 5066 2935 5131 δουξὶν
2952 5064 3074 5117 οὕτε
3095 5066 3422 5137 στρατηγοῖς
3440 5061 3569 5117 οὔτε
3590 5081 3826 5135 προνοη-

2242 5164 2361 5223 ταῖς
2379 5160 2501 5215 οὕτε
2536 5160 2714 5221 ἄλλοις
2742 5174 2851 5210 τισι
2878 5157 3220 5224 δημοσιακάς
3242 5153 3488 5215 δουλείας
3512 5156 3825 5225 ὲγκεχειρι-

2244 5254 2499 5323 σμένους,
2532 5252 2671 5323 μετά
2698 5251 2961 5320 τελευτὴν
2984 5250 3094 5302 τῶν
3119 5246 3426 5318 ἀρχιερέων
3453 5246 3827 5317 παραϐάλλειν

2246 5342 2383 5405 ὅλως
2436 5342 2548 5403 τοῖς
2599 5338 2973 5400 ὲπισκοπείοις
3015 5336 3195 5407 ἦτοῖς
3244 5333 3591 5405 διαφέρουσιν
3639 5335 3826 5397 αὐτοῖς

2248 5434 2529 5503 ἀκινήτοις
2558 5432 2591 5504 ἢ
2623 5430 3011 5505 μοναστῃρίοις
3033 5429 3127 5483 καὶ
3146 5425 3500 5496 ἀφαιρεῖσθαί
3526 5442 3575 5478 τι
3610 5424 3679 5478 τδ
3707 5426 3826 5480 σύν·

2252 5525 2373 5576 ολον
2413 5522 2472 5588 ὲξ
2515 5523 2718 5585 αὐτῶν,
2745 5519 2869 5573 οὔτε
2908 5519 3016 5591 μὴν
3049 5514 3318 5589 προφάσει
3353 5515 3712 5585 δημοσιακῶν
3740 5534 3826 5569 τε-

2248 5611 2538 5684 λεσμάτων
2562 5610 2905 5683 εἰσέρχεσθαι
2940 5612 3020 5675 είς
3051 5608 3121 5665 τὰ
3138 5606 3240 5679 τῆς
3276 5606 3607 5676 Ἐκκλησίας
3643 5606 3824 5663 δίκαια

652 5790 731 5863 (3)
769 5790 894 5850 Περ
946 5807 1200 5867 corrupta
1254 5802 1402 5852 sunt.
1436 5793 1604 5855 Forte
1633 5796 1986 5868 νομισμάτων
2034 5793 2321 5853 delendum
2351 5804 2453 5849 cst.
