4122 6320
345 369 478 433 1153
1283 383 1598 445 ΝΟΤΙΤΙΛ
1639 385 1724 447 IN
1759 384 1973 449 ISAAC

1961 387 2094 449 IUM
2147 389 2662 454 CATHOLICUM.
3454 400 3589 467 1154

335 483 430 585 uel.
456 484 813 556 ἀφαιρεῖσθαι
844 487 878 543 ἆ
911 490 1216 563 βούλονται.
1257 495 1420 550 Ἀ).λᾶ
1474 499 1569 551 καὶ
1604 498 1660 552 εἴ
1683 517 1736 553 τι
1764 498 1916 570 παρὰ
1944 535 1963 590 λ

1967 533 1992 590 ι
2022 507 2321 558 troversum
2348 517 2471 559 esse
2500 505 2767 574 paruerit,
2802 507 2944 578 quod
2982 521 3010 560 τι
3043 517 3197 578 parte
3236 510 3486 568 ecclesia:
3534 516 3595 569 fi—

328 573 428 642 τῆς
453 576 896 654 ἀρχιεπισκοπῆς
925 591 1284 655 χρεωςτεῖται
1322 589 1400 662 τῷ
1428 589 1696 662 δημοσίῳ,
1735 609 1910 661 μετα·
1944 573 1956 590 ⁴

1969 573 1992 590 ’
2020 609 2147 648 scus
2192 599 2431 664 postulat
2478 614 2493 652 :
2535 608 2594 652 ut
2627 599 2730 654 hoc
2779 601 2952 668 ipsum
2982 602 3165 658 clerici
3205 617 3268 657 ex
3331 607 3597 665 reditibus

330 665 563 737 κλήτους
599 670 845 739 γίνεσθαι
895 679 1022 740 τοὺς
1066 679 1386 751 κληρικοὺς,
1427 683 1521 737 καὶ
1562 684 1612 736 εί
1643 684 1912 756 πρόδηλον

2022 685 2277 743 Ecclesia:
2319 689 2452 743 fisco
2484 699 2759 759 praestent.
2795 689 2913 746 Non
2959 703 3137 747 tamen
3188 699 3442 765 quaestori
3475 696 3594 754 lici-

328 759 424 809 καὶ
459 761 859 831 ἀναιμεείϐολον,
890 769 952 820 τὸ
990 772 1142 843 παρά
1171 771 1268 825 τοῦ
1310 774 1574 844 δημοσίου
1615 775 1912 845 ἐπιζητού-

2021 788 2132 832 tum
2186 788 2342 847 esto,
2413 790 2473 835 ut
2527 781 2598 837 ob
2647 782 2957 853 hujusmodi
3011 759 3229 839 causam
3282 788 3598 844 suburbana

331 866 494 915 μενον
523 856 632 908 ἀπὸ
655 859 750 911 τοῦ
784 861 981 932 μέρους
1010 866 1107 933 τῆς
1153 865 1480 937 Ἐκκλψίας
1515 871 1733 939 φανείη,
1775 869 1907 933 τοὺς

2018 871 2218 939 ιιτωάἰει
2250 884 2598 943 pervagetur,
2629 885 2684 930 et
2718 890 2841 944 qn:e
2893 875 3020 931 velit
3053 877 3289 944 auferat,
3340 881 3429 949 qui
3464 894 3591 936 vero

328 944 623 1015 κληρικοὺς
669 950 830 1006 τοῦτο
856 955 964 1008 ἀπὸ
989 956 1099 1010 τῶν
1127 958 1226 1028 τῆς
1277 961 1580 1030 ἐκκλησίας
1625 962 1905 1034 προσόδων

1810 962 1905 1016 Ξων
2011 963 2390 1034 designabitur
2431 966 2674 1036 pontifex
2712 967 2966 1026 Ecciesiae
3008 973 3128 1038 jura
3177 944 3438 1029 tuebitur.

325 1042 531 1098 διδόναι
578 1047 714 1118 πρὸς
756 1051 848 1104 τὸν
888 1051 1152 1123 δημόσιον
1181 1072 1199 1096 '-
1270 1057 1347 1128 μὴ
1399 1057 1584 1128 μέντοι
1634 1060 1723 1113 ἐπ’
1766 1060 1950 1123 ἀδείας
1978 1060 2125 1132 ἔχειν
2153 1061 2242 1115 τὸν
2278 1062 2565 1134 πράκτορα
2626 1062 2715 1118 διὰ
2747 1064 2849 1136 τὴν
2872 1066 3134 1139 τοιαύτην
3163 1069 3342 1123 αἰτίαν
3360 1087 3592 1143 περιπο-

328 1135 507 1193 λεύειν
565 1144 648 1206 είς
700 1144 770 1197 τὰ
828 1146 1153 1217 προάστεια,
1218 1152 1310 1204 καὶ
1375 1154 1731 1223 ἀφαιρεῖσθαι
1761 1153 1800 1209 ἃ
1828 1153 2112 1227 βούλονται
2147 1157 2246 1227 (4).
2293 1155 2354 1212 ’0
2387 1156 2448 1213 δὲ
2496 1135 3101 1232 ιιτροχειριοθηςιόμιενος⁷
3139 1135 3450 1236 ἀρχιερεὺς.
3477 1165 3589 1220 τῶν

326 1233 431 1303 τῆς
468 1235 799 1310 Ἐκκλησίας
823 1243 1178 1315 ἀντιλήψεται
1201 1247 1448 1304 δικαίων.

401 1321 531 1397 Εἶχε
575 1329 636 1382 τὺ
672 1332 806 1402 μηνὶ
841 1334 1136 1408 ’Λπριλλίῳ
1181 1339 1559 1411 ἰπινεμὴσεως
1593 1340 1660 1412 β’,
1687 1342 1757 1398 δι’
1780 1343 1908 1415 ἔρυ-

2106 1345 2229 1402 Dat.
2259 1363 2446 1403 mense
2469 1348 2659 1418 Aprili,
2697 1349 2991 1406 indictione
3020 1351 3257 1408 secunda
3293 1354 3470 1410 rubris
3494 1355 3584 1413 lit-

327 1417 477 1514 ρρῶν
521 1424 870 1514 γραμμάτων
917 1426 1015 1480 τοῦ
1064 1429 1331 1498 κραταιοῦ
1389 1434 1485 1486 καὶ
1522 1435 1680 1502 ἁγίου
1744 1435 1905 1506 ἡμῶν

2016 1438 2152 1494 teris
2179 1441 2529 1509 praepotentis
2559 1450 2617 1497 et
2650 1443 3006 1498 sacratissimi
3033 1444 3291 1514 principis
3329 1446 3501 1502 nostri
3530 1449 3583 1504 in

328 1507 595 1602 βαοιλέως
634 1509 776 1583 [τοῦ)
826 1517 1351 1593 Πορφυρογεννήτου
1387 1525 1598 1596 Κυρίου
1651 1527 1903 1582 Ἰωάννου

2009 1507 2458 1600 Porpliyranati.
2496 1529 2702 1587 domini
2731 1530 2957 1588 Joannis
2989 1507 3276 1602 Comneui,
3311 1550 3432 1592 cum
3472 1536 3588 1595 usi-

322 1599 421 1654 τοῦ
468 1603 782 1677 Κομνηνοῢ,
819 1611 914 1663 καὶ
943 1612 978 1684 ἡ
1024 1610 1113 1667 διὰ
1146 1614 1320 1686 κηροῦ
1355 1615 1596 1688 συνήθης
1641 1619 1900 1691 σφραγίς.

943 1612 978 1684 ἡ
1024 1610 1113 1667 διὰ
1146 1614 1320 1686 κηροῦ
1355 1615 1596 1688 συνήθης
1641 1619 1900 1691 σφραγίς.
2011 1630 2126 1676 lato
2159 1599 2320 1677 cereo
2346 1621 2546 1693 sigillo.

397 1755 475 1830 (4)
511 1759 620 1816 Aut
647 1761 902 1834 βούλεται
947 1765 1257 1840 legendum,
1289 1782 1387 1828 aut
1417 1774 1576 1845 paulo
1603 1786 1729 1833 ante
1763 1776 1891 1842 τοὺς
1930 1793 2025 1851 πρε

647 1761 902 1834 βούλεται
947 1765 1257 1840 legendum,
1289 1782 1387 1828 aut
1417 1774 1576 1845 paulo
1603 1786 1729 1833 ante
1763 1776 1891 1842 τοὺς
1930 1777 2273 1851 πράκτορας.

324 1957 3573 2004 -——.__________.____.________________________________

1587 2138 1764 2186 ΔιιΝο
1811 2139 2043 2189 DOIINI
2080 2143 2300 2190 Μίδην

1477 2320 2113 2505 ISAAC
2136 2325 2397 2506 US

937 2635 1383 2730 MAGNJE
1483 2643 2068 2733 ARMENIAE
2158 2645 2945 2745 CATHOLICUS.

1624 2990 2273 3107 NOTlTIA.

1041 3213 1291 3276 (Galland.
1319 3213 1559 3265 Veterum
1591 3211 1790 3264 Patrum
1825 3212 2082 3276 Biblioth.,
2116 3219 2238 3266 tom.
2274 3214 2403 3276 XIV,
2441 3217 2646 3282 Proleg.
2679 3233 2729 3284 ι).
2754 3215 2865 3282 xv.)

398 3493 660 3549 Catholici
686 3492 902 3563 {nomen
937 3505 1104 3564 penes
1145 3491 1432 3549 Armenios
1459 3490 1646 3547 titulus
1677 3498 1762 3547 est
1805 3491 2186 3560 patriarchalis
2218 3493 2339 3548 sive
2397 3491 2896 3563 archiepiscopalis,
2930 3491 3178 3565 idemque
3220 3495 3364 3554 valet
3405 3507 3569 3572 atque

317 3588 669 3643 cacumenicus
701 3587 754 3642 in
779 3583 1014 3642 CPtanis
1032 3585 1383 3657 patriarcbis.
1424 3582 1515 3641 Sic
1552 3598 1718 3655 porro
1751 3582 2008 3653 appellari
2049 3583 2301 3636 videntur
2328 3595 2395 3637 ex
2425 3594 2490 3636 eo
2518 3581 2661 3651 quod
2695 3579 2922 3650 reliquis
2942 3581 3070 3651 ζιιιε
3093 3583 3327 3642 rationis
3349 3592 3566 3658 episco-

317 3678 403 3748 pis
456 3676 797 3731 immineant.
845 3674 1008 3730 Forte
1063 3683 1350 3743 postquam
1399 3682 1644 3744 tempore
1697 3670 1904 3742 Pelagii
1931 3681 1987 3725 et
2022 3666 2082 3724 S.
2111 3668 2364 3738 Gregorii
2407 3667 2483 3722 Μ.
2520 3665 2761 3725 Joannes
2789 3664 3079 3736 Jejunator
3117 3672 3168 3726 in
3199 3685 3300 3728 sua
3356 3677 3567 3746 synodo

311 3763 528 3820 CPtana
579 3765 704 3819 anni
739 3763 844 3819 589
889 3761 1199 3831 huiusmodi
1247 3760 1464 3816 titulum
1500 3774 1765 3832 usurpare
1798 3760 1989 3828 cmpit.
2019 3759 2295 3815 innocenti
2336 3757 2570 3816 fortasse
2617 3762 2685 3816 de
2730 3776 2921 3827 causa,
2968 3761 3063 3816 sed
3101 3777 3295 3832 magna
3350 3764 3566 3823 illorum

309 3854 631 3925 pontificum
685 3852 951 3923 zelotypia
979 3889 996 3916 ,
1029 3851 1333 3907 verentium
1387 3863 1456 3904 ne
1502 3849 1700 3920 aliquis
1752 3848 2001 3904 subesset
2032 3862 2227 3902 error:
2267 3846 2521 3904 videntes
2563 3849 2950 3906 Armeniorum
2999 3853 3327 3921 patriarcha
3368 3853 3424 3908 in
3463 3868 3565 3909 sua

309 3946 581 4003 “meum
615 3943 1046 4016 Ροτεενεηνίεεο
1072 3942 1340 4008 cpjanos,
1373 3941 1637 4012 quidquid
1670 3940 1725 3994 in
1756 3933 2093 3996 contrarium
2126 3934 2474 3990 obstitissent
2501 3932 2737 3992 Romani
2772 3937 3099 4008 pontifices;
3137 3949 3201 3995 ut
3235 3954 3342 3995 non
3383 3941 3563 3994 mino-

315 4033 396 4088 ris
419 4033 702 4102 dignitatis
734 4033 788 4085 in
819 4047 919 4086 sua
947 4041 1110 4100 gente
1144 4029 1496 4092 haberentur,
1524 4026 1794 4096 simulque
1817 4026 1997 4080 minus
2025 4022 2211 4075 odioso
2245 4021 2513 4076 vocabulo
2553 4024 2629 4077 uti
2662 4025 2998 4091 viderentur,
3025 4024 3293 4080 Catholici
3322 4026 3565 4096 appella-

312 4122 516 4178 tionem
554 4132 987 4188 assnmpserunt,
1026 4118 1243 4174 nemine
1276 4120 1602 4171 adversante
1631 4115 1772 4184 quod
1808 4113 2004 4168 sciam.
2040 4107 2170 4164 Fuit
2199 4109 2367 4178 igitur
2401 4109 2620 4165 lsaacus
2650 4113 2718 4166 de
2756 4126 2866 4179 quo
2897 4111 3189 4182 loquimur,
3219 4127 3428 4185 magna
3453 4115 3561 4169 Ar-

309 4212 503 4264 menias
540 4207 873 4263 Catholicus.
911 4206 961 4261 Is
990 4207 1132 4260 inter
1166 4205 1456 4258 Armenios
1505 4201 1793 4256 haereticos
1847 4211 2010 4254 natus
2040 4206 2094 4250 et
2119 4195 2382 4252 educatus
2412 4205 2496 4252 est
2518 4236 2534 4260 .
2567 4205 2732 4268 atque
2771 4197 3088 4256 Catboiicos
3117 4200 3562 4272 orthodososque

307 4299 378 4353 ab
410 4297 566 4352 initio
591 4295 827 4352 ludibrio
846 4294 1036 4351 habuit
1063 4291 1166 4366 (a).
1193 4291 1514 4347 Sacerdotio
1534 4290 1676 4343 inter
1695 4303 1824 4344 suos
1851 4288 2163 4343 cumulatus
2181 4298 2285 4343 est.
2315 4286 2423 4345 Sed
2457 4287 2553 4344 Dei
2584 4288 2862 4359 aspirante
2880 4289 3081 4361 gratia,
3102 4290 3327 4362 disjecta
3354 4294 3560 4349 erroris

306 4385 561 4457 caligine,
599 4385 813 4454 occepit
857 4383 1108 4438 deserere
1151 4379 1420 4437 simul'et
1449 4378 1732 4434 confutare
1759 4390 1981 4430 suorum
2030 4390 2269 4434 errores.
2311 4375 2386 4430 Ea
2430 4391 2488 4431 re
2528 4375 2732 4433 factum
2784 4389 2893 4444 est,
2917 4386 2978 4432 ut
3013 4378 3156 4447 apud
3186 4393 3383 4433 omnes
3414 4379 3560 4439 illius

306 4474 450 4530 fama
475 4475 806 4543 vulgaretur,
833 4472 1163 4526 orthodoxos
1205 4466 1477 4531 videlicet,
1519 4466 1649 4521 dum
1696 4464 1912 4519 interim
1944 4467 2082 4533 apud
2110 4465 2396 4520 Armenios
2430 4481 2558 4522 suos
2583 4481 2756 4537 usque
2789 4465 2922 4521 adeo
2942 4466 3182 4536 graviter
3211 4464 3457 4531 olfeudit,
3493 4477 3555 4525 ut

305 4578 412 4618 non
443 4563 602 4617 modo
636 4559 1063 4616 sacerdotalibus
1096 4557 1297 4613 muniis
1332 4552 1776 4616 interdiceretur,
1816 4567 2004 4606 verum
2053 4552 2242 4618 etiam,
2285 4557 2558 4624 proposita
2605 4553 3055 4611 interfectoribus
3103 4555 3227 4624 ejus
3279 4561 3556 4622 mercede,

303 4652 509 4724 pluries
541 4660 874 4721 quaereretur
898 4649 968 4703 ad
996 4663 1204 4704 necem.
1235 4645 1364 4700 Erat
1392 4646 1508 4700 haec
1537 4656 1744 4698 merces
1773 4641 1929 4696 venia
1963 4650 2310 4712 peccatorum
2355 4641 2690 4696 certissima.
2729 4639 2827 4695 llis
2865 4641 3108 4713 agitatus
3138 4645 3312 4701 turbis
3339 4646 3404 4700 ad
3425 4662 3558 4701 san-

302 4740 595 4793 ctissimam
627 4734 967 4807 metropolim
1001 4731 1247 4804 cenfugit
1284 4731 1387 4801 (ὁ).
1419 4730 1497 4787 Eo
1522 4729 1742 4785 nomine
1780 4726 2012 4784 Romam
2043 4727 2268 4800 intelligi
2306 4727 2464 4783 facile
2497 4728 2801 4784 suadebunt
2827 4744 2890 4784 ea
2917 4745 3040 4800 qua:
3067 4733 3269 4802 passim
3303 4734 3461 4789 docet
3500 4741 3559 4790 et

304 4827 563 4894 loquitur,
593 4821 896 4880 conformis
942 4822 1116 4891 magis
1159 4821 1400 4874 moribus
1443 4815 1812 4871 Romanorum
1845 4829 2012 4886 quam
2052 4816 2388 4873 Graecorum.
2423 4815 2754 4871 Memoratur
2801 4817 3018 4874 lsaacus
3061 4829 3248 4876 noster
3301 4837 3331 4875 a
3372 4821 3558 4876 Theo-

307 4917 480 4981 riano,
513 4914 603 4984 qni
651 4914 797 4966 circa
842 4911 909 4964 Α.
953 4906 1019 4964 C.
1074 4906 1213 4964 H70
1243 4907 1529 4975 scripsisse
1576 4902 1773 4969 fertur,
1806 4915 1863 4956 ιιι
1900 4906 2036 4959 scite
2067 4903 2451 4959 animadvertit
2487 4901 2770 4961 Fabricius
2803 4905 2898 4978 (ε).
2923 4905 3070 4963 Duas
3097 4908 3214 4979 ejus
3257 4907 3558 4965 invectivas

300 5018 437 5074 quas
488 5001 698 5073 primus
742 4998 934 5054 extulit
980 4995 1338 5052 Combellsius
1382 4994 1437 5048 in
1469 4990 1712 5048 Auctarii
1746 4992 1828 5046 sui
1882 5001 2030 5047 tomo
2063 4991 2125 5046 ιι.
2166 5005 2197 5046 a
2250 4992 2408 5047 nobis
2461 4991 2588 5048 inde
2641 5002 2897 5064 acceptas
2945 4992 3001 5050 in
3049 5009 3246 5065 penum
3308 5005 3555 5052 nostrum

303 5090 731 5148 transtulimus:
766 5086 968 5142 habent
1000 5085 1146 5141 enim
1189 5089 1633 5153 argumentorum
1663 5089 1720 5136 et
1755 5078 2102 5145 eruditionis,
2135 5079 2278 5135 haud
2308 5080 2436 5136 alibi
2480 5081 2714 5138 fortasse
2761 5082 3125 5148 invenienda,
3165 5096 3403 5154 segetem
3446 5099 3556 5140 non

298 5183 575 5254 exiguam.
607 5178 739 5246 Quae
766 5178 926 5234 fuerit
949 5176 1165 5233 tandem
1205 5173 1685 5232 hominis-fortuna
1718 5185 1824 5226 non
1846 5177 2083 5226 constat.
2118 5166 2252 5222 Illud
2291 5169 2669 5225 animadverto
2694 5183 2760 5225 ex
2788 5169 3042 5226 Fabricio
3063 5170 3188 5244 (d):
3221 5171 3362 5241 apud
3387 5169 3553 5225 Lam-

299 5274 515 5329 becium
546 5270 618 5342 (ε)
663 5265 936 5324 recenseri
968 5267 1110 5320 inter
1133 5264 1334 5331 scripta
1360 5259 1639 5329 Euthymii
1665 5257 1925 5330 Zigabeni
1955 5255 2240 5326 epistolam
2276 5257 2572 5326 quamdam
2611 5258 2941 5314 invectivam
2968 5259 3234 5315 adversus
3263 5258 3555 5314 Armenios

297 5359 757 5428 Tbcopascbitas.
784 5355 938 5424 cujus
964 5353 1177 5408 initium
1206 5358 1310 5416 est,
1353 5348 1692 5420 Ἐπειδήπερ
1730 5344 1925 5416 Εὐτυχέ

1927 5344 1982 5416 ης
2022 5345 2119 5399 καὶ
2142 5345 2459 5415 Διόσκορος.
2484 5345 2619 5401 Cum
2657 5358 2840 5402 autem
2885 5363 2916 5402 a
2951 5347 3132 5404 verbis
3164 5347 3272 5403 illis
3310 5347 3555 5403 ordiatur

298 5450 564 5507 invectiva
594 5446 765 5515 prima
800 5443 1041 5514 ejusdem
1076 5437 1384 5508 argumenti
1425 5452 1543 5505 qua:
1571 5436 1757 5491 lsaaco
1791 5446 1976 5490 nostro
2006 5435 2261 5488 tribuitur
2289 5452 2304 5500 ;
2335 5438 2536 5504 quibus
2565 5434 2646 5491 fas
2671 5443 2755 5491 est
2783 5436 3028 5493 codicem
3065 5436 3219 5493 illum
3259 5433 3553 5491 Lambeciu

299 5545 660 5596 memoratum
693 5535 982 5604 inspicere,
1017 5529 1320 5601 dijudicare
1358 5538 1656 5598 patuerunt
1687 5525 1814 5596 quis
1851 5540 1879 5577 a
1920 5537 2030 5593 quo
2069 5524 2363 5592 acceperit.

370 5713 447 5782 (a)
483 5712 624 5768 Infra
658 5715 713 5771 in
740 5710 1011 5770 Invectiva
1039 5702 1105 5770 ΙΙ,
1131 5721 1278 5761 num.
1311 5703 1347 5758 2
1377 5702 1496 5758 init.
2050 5698 2128 5782 ςιι)
2152 5696 2293 5782 ibid.
2331 5707 2463 5782 tgtn.
2503 5693 2771 5782 VII-$233.
2805 5701 2929 5758 473,

483 5766 892 5842 ιυιὰίιιῖἱιίίἯ
939 5849 981 5855 __
1091 5766 1100 5770 ’
1199 5848 1291 5855 __
1439 5853 1445 5855 Α
1513 5843 1549 5855 η
2049 5766 2120 5838 (ε)
2152 5767 2305 5824 Tom.
2346 5768 2409 5833 ν,
2439 5782 2559 5838 pag.
2594 5766 2711 5822 I27.

371 5843 440 5928 (ei
476 5857 608 5910 Bibl.
645 5856 739 5912 Gr.
773 5865 906 5913 tom.
939 5849 1009 5916 x-,
1035 5863 1158 5920 pag.
1198 5848 1315 5915 175,
1359 5853 1484 5901 nota
