4040 6330
315 385 446 450 1157

1378 382 1670 444 ORATIO
1711 381 2007 443 CONTRA
2048 380 2319 442 ARMEN
2328 381 2466 444 103.

3422 384 3561 452 1158

308 516 454 570 γονε,
501 497 596 553 καὶ
638 499 739 551 οὑκ
788 495 902 567 ἔχει
945 498 973 550 ὁ
1017 496 1250 566 Χριστος
1303 495 1363 550 ἐν
1410 494 1558 567 αὑτῷ
1609 498 1754 547 σώαν
1787 493 1878 564 τὴν

1989 490 2289 546 divinitatis
2331 493 2665 546 demutatam
2708 490 2881 558 aiunt,
2908 505 3007 548 nec
3036 493 3335 565 Christum,
3367 498 3562 556 huma-

308 590 586 663 ἡμετέραν
613 587 776 656 φύσιν
802 604 816 618 ο
845 587 906 640 οὑ
931 587 1098 656 σῶμα
1113 587 1244 656 ἡμῖν
1267 584 1553 654 ὁμοοὺσιον
1572 623 1586 647 ,
1616 584 1677 635 οὑ
1704 585 1883 654 σάρκα

306 683 403 737 καὶ
447 682 617 735 ὀστᾶο
647 681 710 733 οὑ
762 680 1008 749 κεφαλήν
1035 696 1047 710 υ
1082 679 1141 732 οὑ
1187 681 1380 749 χεῖρας
1429 677 1521 730 καὶ
1571 676 1742 739 πόδας
1774 691 1789 707 ο
1817 675 1879 728 οὑ

305 775 492 843 σχῆμα
539 769 829 842 ἀνθρώπου
857 789 871 804 ο
911 771 1048 825 ἀλλὰ
1079 771 1304 840 γέγονεν
1336 769 1540 827 ἁπλοῦς
1577 769 1672 822 καὶ
1715 766 1884 820 ἀσύν-

305 863 478 928 οετος,
507 863 697 935 ὥσπερ
724 859 788 935 ἦν
816 864 910 917 καλ.
934 864 1038 934 πρὸ
1057 865 1153 934 τῆς
1179 865 1525 933 σαρκώσεως.
1554 865 1660 918 Καὶ
1689 861 1878 931 ὧσπερ

305 951 522 1018 σταγὼν
548 952 810 1022 μέλιτοςῆ
840 951 992 1016 ὄξους
1027 954 1455 1023 συνανακραθὲν,
1485 954 1582 1008 καὶ
1609 969 1881 1006 καταπον-

304 1042 483 1094 τισθὲν
513 1043 571 1094 ὲν
601 1042 826 1109 πελάγει
850 1043 951 1113 τῆς
980 1043 1274 1116 Θαλάσσης,
1302 1045 1484 1098 οὑκέτι
1514 1045 1726 1116 ὁρᾶται,
1752 1043 1878 1096 οὔτε

303 1131 638 1200 ὑφίσταται·
668 1132 844 1198 οὓτως
879 1137 1013 1203 φασὶ
1057 1138 1151 1189 καὶ
1179 1137 1240 1190 τὸ
1270 1137 1429 1204 σῶμα
1462 1139 1638 1193 ἐκεῖνο
1682 1139 1740 1190 ἐν
1776 1129 1819 1205 ᾧ
1848 1138 1876 1190 ὁ

303 1225 536 1294 Χριστὸς
575 1227 653 1295 (2)
701 1227 955 1293 ἀνέλαϐε,
998 1229 1408 1299 συνανακραθὲν
1449 1230 1545 1283 καὶ
1597 1246 1876 1283 καταπον-

302 1312 488 1366 τισϐὲν
525 1316 584 1366 ἑν
640 1314 872 1383 πελάγει
926 1317 1029 1384 τῆς
1065 1316 1339 1386 Θεότητος,
1376 1317 1560 1370 οὑκέτι
1590 1317 1780 1387 ὁρᾶται
1819 1319 1877 1368 ὲν

301 1406 546 1478 Χριστῷ,
591 1407 716 1463 οὔτε
753 1409 891 1463 σῶον
923 1410 979 1466 ἐν
1004 1409 1152 1480 αὑτῷ
1185 1410 1499 1478 ὑφίσταται,
1544 1411 1668 1463 οὗτε
1712 1410 1874 1475 σώζει

301 1499 402 1568 τὴν
435 1499 629 1553 ἑαυτοῦ
665 1499 850 1569 φύσιν,
904 1500 1028 1555 οὔτε
1062 1503 1324 1571 φυλάττει
1367 1505 1468 1572 τὴν
1512 1503 1706 1557 ἑαυτοῦ
1743 1503 1874 1556 ίδιόο

300 1606 440 1660 τητα
464 1607 478 1621 ·
509 1592 604 1645 καὶ
629 1591 721 1645 διὰ
747 1591 906 1646 τοῦτό
927 1610 1112 1664 φασιν,
1144 1593 1244 1648 οῦκ
1274 1597 1412 1648 εἰσιν
1444 1596 1503 1648 ἐν
1528 1594 1749 1667 Χριστῷ
1782 1593 1876 1647 δύο

303 1681 519 1750 φύσεις,
553 1683 803 1755 Θεότητος
829 1687 923 1738 καί
950 1684 1394 1757 άνϐρωπότητος·
1416 1686 1551 1740 ἀλλὰ
1583 1687 1684 1755 μία
1713 1684 1874 1754 φύσις

301 1776 398 1846 ὅλη
443 1775 543 1845 τῆς
590 1775 868 1849 θεότητος.
902 1779 1066 1833 Ὅθεν
1105 1781 1200 1833 καὶ
1242 1781 1342 1844 τὰς
1386 1780 1718 1850 παραδόσεις
1771 1783 1873 1849 τῆς

302 1866 599 1939 καθολικῆς
668 1869 1037 1941 Ἐκκλησίας,
1094 1870 1190 1924 καὶ
1242 1872 1353 1924 τῶν
1412 1872 1727 1943 μυστηρίων
1778 1872 1873 1925 τοῦ

301 1958 561 2029 Χριστοῦ,
601 1963 746 2014 κατὰ
772 1961 872 2032 τὴν
915 1963 1046 2033 μίαν
1076 1960 1263 2032 φύσιν,
1291 1963 1358 2034 ἢν
1387 1965 1444 2015 ιν
1462 1962 1682 2034 Χριστῷ
1713 1964 1875 2033 βλασ-

301 2052 580 2122 φημοῦσι,
646 2055 831 2119 πάσας
907 2054 1423 2126 μεταστρέψαντες,
1497 2057 1877 2126 παραπλήσιον

300 2143 508 2208 ταύτας
553 2145 992 2216 ἐκαινοτόμησαν
1017 2159 1031 2176 ⁸
1072 2149 1168 2200 καὶ
1211 2148 1312 2218 τὴν
1354 2146 1644 2202 κοινωνίαν
1675 2147 1731 2202 δὲ
1767 2148 1877 2200 τῶν

307 2239 647 2309 μυστηρίων,
675 2239 842 2310 ἤγουν
876 2241 976 2311 τὴν
1004 2240 1195 2296 θυσίαν
1215 2242 1308 2296 τοῦ
1338 2241 1527 2314 ἄρτου,
1554 2241 1652 2310 τῆς
1677 2241 1876 2313 σαρκὸς

303 2324 401 2379 τοῦ
431 2326 694 2396 Χριστοῦ,
727 2329 788 2381 οὑ
829 2329 986 2402 σῶμα
1015 2331 1256 2403 Χριστοῦ
1288 2331 1382 2386 τοῦ
1422 2332 1560 2385 Θεοῦ
1603 2332 1873 2401 λέγουσιν,

301 2416 378 2482 ὡς
427 2421 588 2484 αὑτὸς
627 2423 655 2475 δ
695 2421 930 2492 Χριστὸς
981 2423 1244 2494 είρηκενο
1291 2425 1429 2478 ἀλλὰ
1471 2425 1722 2495 θεότητα.
1765 2424 1877 2478 Καὶ

301 2511 532 2574 ταύταις
571 2515 690 2576 ταῖς
724 2515 1074 2586 μυθολογίαις
1114 2517 1210 2571 καὶ
1253 2518 1626 2588 βλασφημίαις
1655 2520 1878 2589 ὑπερει-

305 2603 521 2674 δόμενοι
545 2621 560 2635 ⁸
598 2607 801 2677 μᾶλλον
831 2608 888 2660 δὲ
929 2607 1240 2681 καλαμίνην
1274 2609 1471 2680 ῥάϐδον
1511 2611 1724 2674 ἑαυτοῖς
1745 2612 1879 2662 ὑποο

304 2699 627 2769 στήσαντες,
667 2699 768 2769 τὴν
797 2698 1214 2771 ὲνανορὼπησιν
1259 2701 1354 2756 τοῦ
1390 2704 1714 2773 μονογενοῦς
1744 2703 1877 2759 Υίοῦ

303 2791 401 2844 τοῦ
431 2790 696 2863 Θεοῦ,.ῆν-
715 2791 782 2846 τὰ
810 2794 1400 2866 τέσσαμιεὺαγγέλια
1420 2797 1752 2865 δεικνύουσι,
1782 2801 1879 2854 καὶ

306 2882 508 2946 πάντες
538 2882 590 2934 oi
631 2882 923 2936 ἀπόστολοι
972 2885 1112 2954 μετὰ
1143 2886 1252 2938 τῶν
1297 2885 1577 2957 ϐεοφόρων
1619 2890 1880 2958 Πατέρων

306 2970 696 3040 κηρύττουσιν,
727 2965 874 3026 οὗτοι
893 2973 1173 3039 παντελῶς
1203 2975 1497 3046 ἀρνοῦνται
1531 2978 1625 3031 καὶ
1651 2977 1882 3049 ἀνατρέ-

304 3081 520 3119 πουσιν.

1983 597 2109 636 nam
2146 595 2392 636 naturam
2427 584 2478 635 in
2506 583 2624 655 ipso
2653 599 2872 641 schare
2899 587 3222 642 incolumem
3248 606 3261 641 :
3291 605 3398 644 non
3437 607 3562 648 cor-

1982 692 2082 745 pus
2114 677 2666 746 ejusdem-nouantur
2717 678 3060 745 substantiae,
3095 696 3200 734 non
3237 697 3455 738 carnem
3495 700 3565 741 ac

1981 781 2129 830 ossa,
2156 781 2259 821 non
2297 775 2483 837 caput,
2520 782 2625 822 non
2671 784 2858 824 manus
2886 785 2949 822 ac
2981 771 3166 839 pedes,
3197 788 3300 826 non
3330 775 3566 830 hominis

1981 857 2227 928 ﬁguram,
2268 862 2360 910 sed
2397 857 2596 912 factum
2635 859 2959 928 simplicem,
2999 876 3064 914 ac
3094 873 3373 931 expertem
3412 880 3565 920 corn-

1981 949 2302 1018 priSiliOtiis,
2339 950 2609 1019 quomodo
2648 951 2881 1006 habt-hat
2928 961 3056 1007 ante
3105 953 3558 1013 incarnationem.

1979 1041 2154 1111 Atque
2221 1054 2280 1096 ut
2325 1043 2499 1097 mellis
2559 1053 2653 1096 aut
2712 1044 2847 1097 accti
2905 1055 3088 1114 gutta,
3149 1049 3319 1102 maris
3371 1050 3561 1119 pelago

1979 1135 2291 1197 commista,
2337 1144 2498 1202 atque
2545 1134 2596 1187 in
2631 1149 2697 1188 eo
2729 1149 2925 1200 mersa,
2961 1151 3065 1192 non
3120 1141 3352 1208 amplius
3382 1141 3560 1196 oculis

1979 1235 2270 1304 conspicua
2335 1244 2441 1297 est,
2505 1246 2666 1289 autvc
2729 1236 2984 1291 consistit
3039 1255 3051 1292 :
3118 1239 3214 1302 ita,
3284 1239 3562 1310 inquiunt,

1976 1336 2031 1380 et
2077 1328 2220 1396 quod
2274 1326 2526 1382 Christus
2570 1331 2863 1398 assumpsit
2921 1344 3143 1401 corpus,
3179 1332 3462 1388 confusum
3496 1351 3560 1390 ac

1977 1432 2213 1472 mersum
2239 1418 2455 1473 deitaiis
2485 1420 2695 1489 pelago,
2724 1419 2867 1475 haud
2903 1421 3163 1492 deinceps
3192 1425 3244 1479 in
3283 1427 3398 1494 ipso
3439 1441 3564 1482 cer-

1978 1508 2146 1574 nitur,
2184 1517 2277 1562 aut
2305 1509 2558 1565 consistit
2595 1510 2902 1576 incolume;
2934 1529 3033 1568 nec
3079 1525 3262 1570 servat
3311 1528 3559 1573 naturam

1975 1615 2150 1664 suam,
2174 1609 2266 1654 aut
2284 1602 2665 1668 prOprietatcm
2695 1604 2907 1658 retinet:
2929 1616 3090 1675 atque
3107 1608 3262 1674 adeo,
3286 1609 3555 1678 inquiunt,

1976 1704 2080 1744 neu
2111 1692 2226 1744 duae
2258 1704 2384 1745 sunt
2430 1693 2480 1746 in
2516 1691 2729 1748 Christo
2759 1704 2966 1751 natura:
3009 1697 3228 1753 deitatis
3259 1715 3321 1756 ac
3362 1702 3563 1756 huma-

1977 1782 2185 1844 nitatis,
2217 1783 2308 1838 sed
2344 1798 2446 1837 una
2474 1789 2764 1851 duntaxat,
2793 1795 2901 1842 tota
2931 1789 3163 1844 deitatis.
3187 1790 3364 1858 Quare
3392 1793 3560 1849 etiam

1981 1872 2234 1928 Ecclesia:
2283 1875 2564 1929 catholica:
2614 1875 2953 1944 traditiones,
3000 1895 3065 1935 ac
3115 1881 3322 1938 Christi
3377 1898 3560 1938 sacra-

1977 1973 2282 2015 mentorum
2307 2003 2319 2024 ,
2352 1977 2448 2032 pro
2485 1963 2642 2017 unius
2687 1964 2832 2020 illius
2870 1977 3081 2024 natura:
3126 1971 3358 2036 ratione,
3394 1987 3561 2041 quam

1978 2052 2350 2122 blasphemant
2381 2056 2433 2106 in
2467 2054 2707 2123 Christo,
2758 2067 3053 2126 mutantes,
3088 2061 3339 2118 similiter
3392 2078 3568 2121 novas

1979 2145 2151 2198 moliti
2188 2156 2353 2210 sunt;
2391 2160 2453 2199 ac
2484 2158 2952 2204 sacramentorum
2995 2149 3456 2220 communionem,
3502 2155 3562 2210 id

1976 2249 2081 2305 est,
2114 2255 2268 2308 pains
2321 2242 2670 2306 sacrificium,
2698 2244 2789 2313 qui
2821 2253 2906 2300 est
2950 2245 3152 2301 Christi
3202 2262 3355 2311 caro.
3385 2240 3577 2303 hatth

1976 2350 2248 2404 quaquam
2280 2337 2479 2390 Christi
2527 2335 2618 2390 Dii
2650 2353 2849 2407 corpus
2881 2340 3172 2408 appellant,
3198 2340 3273 2395 uti
3302 2340 3570 2399 Christus

1978 2433 2095 2497 ipse
2126 2429 2285 2493 dixit,
2313 2431 2405 2482 sed
2447 2431 2701 2483 deitatem
2731 2447 2746 2484 ι
2778 2433 2951 2502 iisque
2981 2433 3177 2488 fabulis
3210 2450 3274 2490 ac
3302 2435 3559 2508 blasphe-

1980 2521 2104 2572 miis
2143 2520 2276 2581 nisi,
2326 2521 2454 2587 quin
2510 2522 2690 2588 potius
2743 2536 2845 2576 ceu
2893 2523 3253 2579 arundinem
3305 2526 3558 2582 baculum

1977 2610 2078 2664 sibi
2114 2610 2457 2676 adhibentes,
2499 2612 2758 2681 unigeniti
2803 2611 2924 2667 Filii
2966 2616 3060 2669 Dei
3092 2615 3557 2685 incarnationem,

1977 2715 2138 2768 quam
2208 2711 2475 2769 quaterna
2531 2703 2823 2772 Evangelia
2875 2705 3206 2776 ostendunt,
3259 2723 3558 2780 omnesque

1980 2794 2207 2865 apostoli
2241 2809 2364 2848 cum
2392 2794 2614 2850 deiter-is
2641 2795 2892 2852 Pati-ibus
2922 2801 3244 2869 praedicant,
3276 2800 3311 2854 ii
3339 2803 3558 2872 penitus

1982 2898 2180 2956 negant
2212 2895 2376 2956 atque
2409 2895 2684 2943 evertunt.

375 3151 452 3208 Γ.
492 3153 659 3210 Ὀοεν
706 3156 889 3227 ὴμείς,
931 3157 1054 3229 οὑχὶ
1099 3158 1494 3229 διορθώσασθαι
1527 3162 1725 3229 αὐτοὺς
1757 3164 1878 3236 βου-

2054 3150 2143 3207 ιιι.
2185 3151 2448 3218 Quocirca
2501 3165 2628 3216 nos,
2672 3166 2780 3206 non
2816 3162 3071 3223 tanquam
3106 3154 3381 3226 corrigere
3425 3155 3558 3212 veli-

303 3245 520 3318 λόμενοι
557 3248 730 3304 ταῦτα
760 3253 1049 3322 γράφομεν
1072 3268 1088 3283 ⁸
1115 3253 1514 3326 διορθώσασθαι
1546 3258 1658 3328 γὰρ
1679 3259 1880 3323 αὐτοὺς

305 3335 566 3393 ἀδύνατον
595 3339 691 3392 καὶ
714 3341 828 3401 τοῖς
852 3341 1126 3408 ἀγγέλοις.
1159 3343 1224 3396 0i
1249 3345 1358 3413 γὰρ
1378 3345 1530 3416 αὑτῷ
1552 3346 1626 3416 τῷ
1657 3347 1879 3419 Χριστῷ

304 3427 385 3500 τῷ
422 3428 538 3502 Υίῷ
571 3429 668 3483 τοῦ
698 3430 834 3484 Θεοῦ
877 3431 956 3502 τῷ
995 3439 1405 3508 σεσαρκωμὲνῳ
1453 3437 1595 3508 Θεῷ,
1637 3439 1734 3492 καὶ
1767 3442 1880 3506 τοῖς

305 3523 724 3591 εὑαγγελισταῐς
784 3527 881 3580 καὶ
919 3526 1243 3590 ἀποστόλοις
1283 3531 1452 3585 αὑτοῦ
1487 3531 1562 3602 μὴ
1621 3533 1884 3602 πειθόμε-

303 3631 408 3682 νοι,
448 3617 589 3688 μήτε
631 3616 1002 3683 πιστεύοντες,
1041 3620 1148 3672 τίνι
1188 3622 1360 3696 ἑτέρῳ
1393 3623 1534 3694 ἁγίῳ
1574 3622 1881 3696 διδασκάλῳ

307 3707 557 3780 ιπιγείῳ,
594 3709 628 3779 ἢ
660 3711 970 3782 ἐπουρανίῳ
1013 3711 1231 3783 ἀγγέλῳ
1278 3715 1724 3788 πιστεύσουσινῆ
1762 3733 1883 3770 πει-

307 3800 644 3870 σθήσονταις
708 3801 852 3856 Ἀλλ’
902 3803 988 3858 (va
1031 3804 1290 3860 ἀσέϐειαν
1341 3807 1437 3860 καὶ
1485 3809 1881 3881 χριστομαχίαν

306 3894 592 3961 σὺτῶν,ὲξ
637 3894 806 3950 αὐτοῦ
831 3895 927 3950 τοῦ
963 3897 1224 3968 Χριστοῦ,
1257 3901 1352 3952 καὶ
1390 3901 1484 3955 τοῦ
1516 3903 1877 3971 Εὑαγγελίου,

307 3980 538 4037 καὶτῶν
575 3981 747 4037 αὑτοῦ
787 3984 1102 4040 ἀποστόλων
1137 3986 1479 4054 ἐλέγξαντες,
1514 3991 1642 4054 τοὺς
1675 3993 1740 4046 ὲκ
1777 3994 1880 4065 τῆς

305 4070 589 4144 ὄροοδόξου
620 4072 854 4137 πίστεως
896 4074 993 4126 ὑπ’
1022 4076 1204 4129 αὑτῶν
1248 4077 1336 4131 διὰ
1361 4079 1562 4145 παντὸς
1587 4083 1878 4154 πλανωμέο

306 4180 429 4227 νους
461 4165 525 4218 lx
558 4164 657 4236 τῆς
683 4164 864 4218 αὑτῶν
887 4167 1143 4230 ὰσεσείας
1171 4168 1650 4242 ὲλευοερὼσωμεν.
1681 4174 1742 4227 Εί
1769 4175 1878 4247 γὰρ

303 4253 431 4308 οὔτε
481 4254 559 4326 τῷ
611 4256 835 4326 Χριστῷ
875 4257 1194 4312 πιστεύουσι
1238 4263 1364 4330 περὶ
1396 4262 1591 4316 ἑαυτοῦ
1643 4263 1879 4333 λέγοντι,

305 4347 430 4402 οὔτε
461 4351 576 4411 τοῖς
621 4349 1045 4418 εὑαγγελισταῖς
1087 4351 1185 4406 καὶ
1224 4354 1545 4418 ἀποστόλοις
1573 4356 1877 4426 πείθονται,

305 4443 418 4504 τοῖς
464 4441 631 4494 αὑτὸν
680 4442 1104 4512 σεσαρκωμένον
1141 4443 1268 4498 καθ’
1317 4446 1465 4515 ἡμᾶς
1497 4446 1874 4518 κηρύττουσιν,

1981 3261 2134 3311 mus,
2193 3247 2267 3299 ita
2327 3245 2651 3312 scribimus;
2706 3261 2831 3299 nam
2890 3260 2990 3302 nec
3040 3249 3213 3318 angeli
3263 3251 3561 3308 emendare

1980 3340 2212 3409 possint.
2245 3337 2346 3405 Qui
2383 3337 2527 3392 enim
2560 3354 2659 3392 nec
2683 3337 2784 3407 ipsi
2824 3339 3044 3393 Christo
3071 3340 3166 3395 Dei
3213 3338 3350 3396 Filio
3374 3341 3559 3397 incar-

1980 3441 2130 3495 nato,
2181 3429 2408 3501 ejusque
2469 3431 2819 3500 evangelistis
2877 3446 2942 3486 ac
2993 3433 3254 3500 apostolis
3303 3433 3561 3501 credunt,

1979 3525 2163 3594 utique
2194 3539 2291 3578 nec
2334 3521 2430 3575 ulli
2472 3522 2562 3575 alii
2609 3532 2824 3577 terreno
2868 3524 3101 3590 doctori,
3143 3535 3306 3579 autve
3342 3525 3556 3582 cmlesti

1977 3615 2168 3687 angelo
2195 3615 2498 3679 credentes,
2535 3614 2692 3668 iidem
2720 3614 2828 3668 sint
2857 3615 3117 3680 habituri,
3149 3631 3211 3670 ac
3239 3618 3320 3672 eis
3350 3633 3558 3673 morem

1978 3706 2222 3778 gesturi:
2254 3709 2349 3761 sed
2383 3716 2440 3760 ut
2475 3720 2661 3759 eorum
2695 3707 3030 3776 impietatem
3078 3720 3144 3762 ac
3186 3708 3238 3761 in
3277 3707 3560 3765 Christum

1979 3799 2202 3853 hostiles
2245 3798 2478 3862 animos,
2533 3812 2598 3852 ex
2653 3797 2775 3864 ipso
2839 3798 3083 3863 Christo,
3133 3813 3196 3852 ac
3243 3798 3557 3869 Evangelia.

1978 3882 2202 3960 ejusque
2233 3890 2499 3959 apostolis
2528 3899 2910 3959 coarguentcs,
2954 3905 3092 3960 quos
3139 3890 3214 3945 illi
3258 3892 3325 3947 de
3369 3894 3558 3946 ortho-

1979 3985 2244 4038 doxorum
2275 3982 2475 4036 castris
2508 3983 2560 4035 in
2594 3995 2834 4036 errorem
2865 3983 3145 4052 impellere
3173 3999 3279 4038 non
3313 3995 3555 4050 cessant,

1980 4074 2050 4128 ab
2101 4089 2290 4128 eorum
2338 4073 2616 4142 impietate
2667 4072 2979 4128 liberemus.
3040 4072 3176 4128 Cum
3241 4075 3387 4130 enim
3455 4091 3559 4131 nec

1977 4169 2193 4224 Christo
2219 4169 2286 4223 de
2318 4181 2375 4223 se
2402 4167 2638 4235 loquenti
2677 4166 2924 4231 credant,
2964 4182 3063 4220 nec
3108 4167 3457 4238 evangelistis
3488 4181 3555 4222 ae

1979 4260 2240 4329 apostolis
2277 4261 2667 4327 obsequantur,
2702 4257 2794 4328 qui
2831 4272 2953 4312 eum
2999 4259 3156 4314 nobis
3195 4261 3424 4315 similem
3465 4260 3556 4316 in.

1978 4362 2264 4405 carnatum
2298 4349 2628 4419 praedicant;
2657 4363 2755 4402 nec
2787 4350 2994 4404 sanctis
3023 4363 3088 4403 ac
3126 4350 3345 4406 deil‘eris
3379 4350 3557 4406 Patri-

1979 4442 2082 4498 hus
2118 4445 2489 4513 acquiescant,
2520 4443 2609 4511 qui
2645 4442 2708 4495 iis
2741 4455 2999 4505 consone,
3035 4442 3335 4512 periectum
3387 4443 3556 4498 Deum

305 4535 432 4586 οὕτε
453 4536 566 4596 τοίς
595 4534 772 4604 ἁγίοις
798 4535 894 4587 καὶ
920 4533 1196 4606 θεοφόροις
1222 4536 1501 4609 Πατράσιν
1525 4540 1878 4610 ἀρέσκονται,

1985 4549 2047 4588 ac
2073 4534 2375 4602 perfectum
2408 4535 2702 4596 hominem,
2727 4534 2782 4586 in
2811 4534 3026 4588 duabus
3056 4535 3312 4604 perfectis
3345 4535 3558 4590 naturis

308 4626 419 4688 τοῖς
442 4624 758 4694 eaptptbvwc
775 4617 992 4680 ’τέλειον
1016 4627 1176 4692 Θεὸν,
1207 4626 1301 4681 καὶ
1334 4628 1538 4685 τέλειον
1569 4632 1881 4701 ἄνθρωπον,

308 4720 368 4769 ἐν
395 4717 492 4771 δύο
538 4717 772 4780 τελείαις
822 4719 1018 4785 φύσεσι
1063 4718 1155 4773 τὸν
1194 4720 1431 4792 Χριστὸν
1474 4721 1829 4792 ὁμολογοῦσιν
1861 4741 1878 4759 ’

308 4811 432 4866 οὔτε
475 4811 534 4867 δι
580 4815 701 4877 ταῖς
757 4813 914 4876 ίδίαις
961 4814 1169 4866 ἑαυτῶν
1225 4821 1631 4885 πανηγυρικαῖς
1676 4819 1883 4888 βίσλοις

308 4904 645 4968 πιστεύουσι,
678 4901 772 4958 δύο
801 4901 1016 4972 φύσεις,
1047 4904 1142 4957 καὶ
1169 4904 1263 4960 δύο
1297 4907 1582 4976 ἐνεργείας
1608 4909 1701 4962 ἐπὶ
1742 4911 1878 4978 Χριο

310 4995 439 5049 στοῦ
495 4997 903 5063 διδασκούσαις,
955 4996 1138 5060 καθὼς
1194 4999 1457 5070 μυριάκις
1518 5000 1883 5072 ὑπεδείξαμεν

307 5090 492 5152 αὐτοῖς
523 5089 588 5143 ix
611 5089 721 5142 τῶν
754 5089 904 5142 ίδίων
941 5089 1120 5143 αὐτῶν
1159 5089 1403 5161 βιϐλίων,
1438 5092 1535 5146 καὶ
1567 5095 1633 5164 τῇ
1683 5094 1883 5164 Ἀρμεο

305 5181 432 5234 νίων
455 5178 720 5251 διαλέκτῳ
738 5179 1161 5250 γεγραμμένων,
1187 5181 1301 5244 sub;
1327 5184 1428 5236 οὐκ
1456 5183 1564 5237 εἰσὶ
1592 5184 1884 5254 προφανῶς

309 5272 822 5343 χριστομάχοι,;καὶ
867 5272 1184 5342 Μανιχαίοι,
1233 5273 1364 5345 μίαν
1405 5277 1567 5346 φύσιν
1621 5280 1714 5332 κσὶ
1755 5279 1884 5349 μίαν

310 5367 588 5436 ἐνέργειαν
617 5369 676 5419 ὲν
707 5363 928 5436 Χριστῷ
957 5366 1408 5438 βλασφημοῦντες
1427 5371 1506 5439 (3)
1535 5369 1635 5442 τὴν
1663 5371 1881 5443 σάρκω-

309 5475 428 5525 σιν;
472 5461 534 5514 Et
562 5460 692 5530 γὰρ,
723 5461 861 5515 ἄλλα
899 5462 999 5532 μὲν
1018 5463 1049 5517 ό
1075 5462 1312 5536 Χριστὸς
1343 5463 1587 5518 διδάσκει
1631 5466 1760 5538 περὶ
1788 5463 1880 5518 αὑ-

300 5553 423 5613 τοῦ,
460 5553 553 5604 καὶ
580 5553 630 5604 ot
679 5550 1090 5620 εὑαγγελισταὶ,
1141 5553 1233 5607 καὶ
1261 5553 1312 5606 oi
1352 5551 1660 5614 ἀπόστολοι,
1707 5551 1800 5605 καὶ
1828 5552 1878 5604 oi

307 5644 453 5704 ἅγιοι
483 5643 722 5716 unum
742 5658 755 5672 ·
787 5637 942 5698 οῦτοι
967 5644 1025 5700 δὲ
1059 5644 1229 5718 ἔτερα
1256 5644 1477 5702 ιναντία
1509 5645 1607 5701 τοῦ
1635 5644 1881 5718 Χριστοῦ

378 5771 455 5838 (ἰ)
495 5768 638 5841 Lege
669 5772 698 5825 δ
729 5773 984 5842 Χριστός.

378 5842 455 5911 i5)
500 5847 654 5898 Deest
684 5845 844 5913 μετά.

1981 4624 2257 4680 Christum
2310 4626 2670 4680 conﬁtentur:
2719 4640 2782 4680 ac
2828 4641 2927 4680 nec
2974 4626 3210 4696 propriis
3242 4641 3429 4681 eorum
3474 4626 3556 4698 (ὁ)

1980 4718 2190 4774 iestivis
2217 4717 2368 4772 libris
2403 4718 2636 4771 habeant
2665 4718 2844 4780 iidem,
2898 4717 3092 4786 quibus
3134 4718 3270 4772 (luas
3309 4727 3555 4784 naturas,

1983 4825 2049 4863 ac
2091 4811 2224 4863 duas
2268 4811 2609 4878 operatimies
2659 4808 2712 4861 in
2769 4808 2988 4863 Christo
3035 4809 3318 4869 docentur,
3352 4808 3430 4861 uti
3481 4822 3554 4864 ex

1986 4905 2175 4960 iisdem
2215 4904 2347 4973 ipsis
2375 4901 2526 4957 libris
2557 4901 2738 4972 lingua
2772 4900 3056 4955 Armeuica
3087 4901 3328 4972 scriptis,
3358 4899 3557 4956 millies

1982 4995 2086 5051 illis
2133 4995 2516 5065 probavimus;
2563 4997 2835 5063 quomodo
2867 5007 2978 5049 non
3022 4993 3308 5062 perspicuo
3347 4991 3554 5049 Christi

1982 5089 2166 5143 hostes
2189 5093 2314 5140 sunt
2341 5100 2403 5139 ac
2434 5084 2738 5148 Manichaei,
2768 5084 2862 5150 qui
2893 5098 3055 5138 unam
3083 5092 3337 5137 naturam
3369 5095 3557 5137 unam-

1980 5196 2087 5252 que
2140 5180 2512 5252 operationem
2566 5178 2619 5232 in
2683 5175 2898 5232 Christo
2945 5185 3067 5246 post
3124 5174 3556 5233 incarnationem

1982 5272 2403 5345 blasphement‘l
2456 5270 2736 5340 Siquidem
2788 5270 2976 5337 enim,
3026 5269 3277 5325 Christus
3332 5266 3556 5337 quidem

1984 5370 2100 5439 ipse
2151 5368 2255 5421 alia
2308 5367 2376 5420 de
2425 5367 2625 5436 seipso,
2676 5378 2742 5419 ac
2791 5361 3134 5430 evangelista:
3184 5376 3250 5416 ac
3300 5357 3555 5430 apostoli.

1985 5460 2267 5532 sanctique
2302 5457 2491 5514 Patres
2522 5460 2756 5519 docent;
2782 5456 2836 5511 lii
2857 5464 3035 5509 autem
3063 5453 3191 5516 alia,
3229 5453 3468 5514 Christo,
3499 5458 3557 5506 et

1986 5553 2332 5623 evangelistis
2400 5566 2465 5605 ac
2533 5549 2795 5619 apostolis
2857 5549 3131 5602 contraria
3163 5545 3465 5617 loquuntur
3489 5557 3556 5598 ac

1987 5646 2306 5715 praedicant,
2338 5657 2457 5713 quae
2480 5654 2655 5709 neque
2678 5639 2956 5704 Christus,
2989 5650 3161 5707 neque
3185 5633 3550 5706 evangelista,

2046 5773 2126 5846 (ί)
2170 5771 2380 5843 Potius,
2410 5772 2650 5831 omnium
2677 5771 2933 5831 manibus
2966 5769 3130 5828 tritis.
