  <div class='ocr_page' id='page_1' title='image "/cluster/home/n/w/nwhite01/storage/ocr_20150623/132/mdp.39015061535228/587.png"; bbox 0 0 4040 6330; ppageno 0'>
   <div class='ocr_carea' id='block_1_1' title="bbox 558 396 690 463">
    <p class='ocr_par' dir='ltr' id='par_1_1' title="bbox 558 396 690 463">
     <span class='ocr_line' id='line_1_1' title="bbox 558 396 690 463; baseline 0.015 -4"><span class='ocrx_word' id='word_1_1' title='bbox 558 396 690 463; x_wconf 67' lang='lat' dir='ltr'><strong>llS‘J</strong></span> 
     </span>
    </p>
   </div>
   <div class='ocr_carea' id='block_1_2' title="bbox 1622 394 2731 459">
    <p class='ocr_par' dir='ltr' id='par_1_2' title="bbox 1622 394 2731 459">
     <span class='ocr_line' id='line_1_2' title="bbox 1622 394 2731 459; baseline -0.002 -1"><span class='ocrx_word' id='word_1_2' title='bbox 1622 398 1869 458; x_wconf 74' lang='lat' dir='ltr'><strong>ISAACI</strong></span> <span class='ocrx_word' id='word_1_3' title='bbox 1912 396 2212 459; x_wconf 75' lang='lat' dir='ltr'><strong>ARMENI</strong></span> <span class='ocrx_word' id='word_1_4' title='bbox 2227 394 2286 455; x_wconf 47' lang='lat' dir='ltr'><strong>lli</strong></span> <span class='ocrx_word' id='word_1_5' title='bbox 2321 397 2731 459; x_wconf 67' lang='lat' dir='ltr'><strong>CATIIOIJCI</strong></span> 
     </span>
    </p>
   </div>
   <div class='ocr_carea' id='block_1_3' title="bbox 3662 396 3797 461">
    <p class='ocr_par' dir='ltr' id='par_1_3' title="bbox 3662 396 3797 461">
     <span class='ocr_line' id='line_1_3' title="bbox 3662 396 3797 461; baseline -0.022 0"><span class='ocrx_word' id='word_1_6' title='bbox 3662 396 3797 461; x_wconf 82' lang='lat'><strong>1160</strong></span> 
     </span>
    </p>
   </div>
   <div class='ocr_carea' id='block_1_4' title="bbox 552 510 2124 583">
    <p class='ocr_par' dir='ltr' id='par_1_4' title="bbox 552 512 2124 583">
     <span class='ocr_line' id='line_1_4' title="bbox 552 512 2124 583; baseline -0.001 -17"><span class='ocrx_word' id='word_1_7' title='bbox 552 530 727 581; x_wconf 78' lang='lat' dir='ltr'><strong>neque</strong></span> <span class='ocrx_word' id='word_1_8' title='bbox 753 514 981 582; x_wconf 85' lang='lat' dir='ltr'><strong>apostoli</strong></span> <span class='ocrx_word' id='word_1_9' title='bbox 1007 513 1294 575; x_wconf 73' lang='lat' dir='ltr'><strong>dixerunt;</strong></span> <span class='ocrx_word' id='word_1_10' title='bbox 1324 512 1448 583; x_wconf 84' lang='lat' dir='ltr'><strong>quid</strong></span> <span class='ocrx_word' id='word_1_11' title='bbox 1470 512 1613 566; x_wconf 81' lang='lat' dir='ltr'><strong>aliud</strong></span> <span class='ocrx_word' id='word_1_12' title='bbox 1634 513 1946 577; x_wconf 79' lang='lat' dir='ltr'><strong>ostendunt,</strong></span> <span class='ocrx_word' id='word_1_13' title='bbox 1970 528 2124 579; x_wconf 80' lang='lat' dir='ltr'><strong>quam</strong></span> 
     </span>
    </p>
   </div>
   <div class='ocr_carea' id='block_1_5' title="bbox 2225 510 3801 583">
    <p class='ocr_par' dir='ltr' id='par_1_5' title="bbox 2237 510 3801 581">
     <span class='ocr_line' id='line_1_5' title="bbox 2237 510 3801 581; baseline 0 -16"><span class='ocrx_word' id='word_1_14' title='bbox 2237 512 2333 565; x_wconf 82' lang='grc' dir='ltr'>καὶ</span> <span class='ocrx_word' id='word_1_15' title='bbox 2366 513 2476 563; x_wconf 85' lang='grc' dir='ltr'>τῶν</span> <span class='ocrx_word' id='word_1_16' title='bbox 2515 514 2921 581; x_wconf 75' lang='grc' dir='ltr'>εὑαγγελιστῶν</span> <span class='ocrx_word' id='word_1_17' title='bbox 2968 514 3061 565; x_wconf 59' lang='grc' dir='ltr'><strong>καὶ</strong></span> <span class='ocrx_word' id='word_1_18' title='bbox 3109 512 3423 566; x_wconf 76' lang='grc' dir='ltr'>ἀποστόλων</span> <span class='ocrx_word' id='word_1_19' title='bbox 3461 510 3685 577; x_wconf 76' lang='grc' dir='ltr'>λέγουσι</span> <span class='ocrx_word' id='word_1_20' title='bbox 3716 512 3801 565; x_wconf 74' lang='grc' dir='ltr'><strong>καὶ</strong></span> 
     </span>
    </p>
   </div>
   <div class='ocr_carea' id='block_1_6' title="bbox 546 602 2123 674">
    <p class='ocr_par' dir='ltr' id='par_1_6' title="bbox 546 602 2123 674">
     <span class='ocr_line' id='line_1_6' title="bbox 546 602 2123 674; baseline -0.002 -15"><span class='ocrx_word' id='word_1_21' title='bbox 546 622 606 659; x_wconf 86' lang='lat' dir='ltr'><strong>se</strong></span> <span class='ocrx_word' id='word_1_22' title='bbox 635 606 837 674; x_wconf 80' lang='lat' dir='ltr'><strong>liquido</strong></span> <span class='ocrx_word' id='word_1_23' title='bbox 869 606 1141 659; x_wconf 70' lang='lat' dir='ltr'><strong>Christum</strong></span> <span class='ocrx_word' id='word_1_24' title='bbox 1178 620 1397 674; x_wconf 82' lang='lat' dir='ltr'><strong>negare,</strong></span> <span class='ocrx_word' id='word_1_25' title='bbox 1432 620 1494 658; x_wconf 86' lang='lat' dir='ltr'><strong>ac</strong></span> <span class='ocrx_word' id='word_1_26' title='bbox 1536 602 1903 672; x_wconf 72' lang='lat' dir='ltr'><strong>Evangeliunt,</strong></span> <span class='ocrx_word' id='word_1_27' title='bbox 1951 604 2123 657; x_wconf 80' lang='lat' dir='ltr'><strong>facto-</strong></span> 
     </span>
    </p>
   </div>
   <div class='ocr_carea' id='block_1_7' title="bbox 547 695 2127 765">
    <p class='ocr_par' dir='ltr' id='par_1_7' title="bbox 547 695 2127 765">
     <span class='ocr_line' id='line_1_7' title="bbox 547 695 2127 765; baseline -0.001 -15"><span class='ocrx_word' id='word_1_28' title='bbox 547 714 682 765; x_wconf 80' lang='lat' dir='ltr'><strong>sqne</strong></span> <span class='ocrx_word' id='word_1_29' title='bbox 727 701 1093 763; x_wconf 65' lang='lat' dir='ltr'><strong>apostoiornm</strong></span> <span class='ocrx_word' id='word_1_30' title='bbox 1145 699 1354 762; x_wconf 81' lang='lat' dir='ltr'><strong>hoStes,</strong></span> <span class='ocrx_word' id='word_1_31' title='bbox 1404 713 1468 752; x_wconf 89' lang='lat' dir='ltr'><strong>ac</strong></span> <span class='ocrx_word' id='word_1_32' title='bbox 1518 708 1825 751; x_wconf 85' lang='lat' dir='ltr'><strong>sanctorum</strong></span> <span class='ocrx_word' id='word_1_33' title='bbox 1863 695 2127 749; x_wconf 72' lang='lat' dir='ltr'><strong>l&#39;atrnm?</strong></span> 
     </span>
    </p>
   </div>
   <div class='ocr_carea' id='block_1_8' title="bbox 2232 603 3802 677">
    <p class='ocr_par' dir='ltr' id='par_1_8' title="bbox 2232 603 3802 677">
     <span class='ocr_line' id='line_1_8' title="bbox 2232 603 3802 677; baseline -0.002 -19"><span class='ocrx_word' id='word_1_34' title='bbox 2232 604 2586 674; x_wconf 74' lang='grc' dir='ltr'><strong>κηρύττουσι,</strong></span> <span class='ocrx_word' id='word_1_35' title='bbox 2613 607 2756 674; x_wconf 76' lang='grc' dir='ltr'>ἅπερ</span> <span class='ocrx_word' id='word_1_36' title='bbox 2783 604 2906 659; x_wconf 69' lang='grc' dir='ltr'>οὔτε</span> <span class='ocrx_word' id='word_1_37' title='bbox 2938 606 2967 658; x_wconf 79' lang='grc' dir='ltr'><strong>ὁ</strong></span> <span class='ocrx_word' id='word_1_38' title='bbox 2995 607 3247 677; x_wconf 66' lang='grc' dir='ltr'>Χριστὸς.</span> <span class='ocrx_word' id='word_1_39' title='bbox 3281 603 3403 657; x_wconf 78' lang='grc' dir='ltr'>οὕτε</span> <span class='ocrx_word' id='word_1_40' title='bbox 3435 606 3485 657; x_wconf 82' lang='grc' dir='ltr'><strong>οί</strong></span> <span class='ocrx_word' id='word_1_41' title='bbox 3516 606 3802 673; x_wconf 72' lang='grc' dir='ltr'>εὐαγγελιο</span> 
     </span>
    </p>
   </div>
   <div class='ocr_carea' id='block_1_9' title="bbox 2238 696 3805 769">
    <p class='ocr_par' dir='ltr' id='par_1_9' title="bbox 2238 696 3805 769">
     <span class='ocr_line' id='line_1_9' title="bbox 2238 696 3805 769; baseline -0.001 -20"><span class='ocrx_word' id='word_1_42' title='bbox 2238 698 2363 749; x_wconf 59' lang='lat' dir='ltr'><strong>emi.</strong></span> <span class='ocrx_word' id='word_1_43' title='bbox 2391 700 2483 749; x_wconf 83' lang='grc' dir='ltr'><strong>καὶ</strong></span> <span class='ocrx_word' id='word_1_44' title='bbox 2520 700 2568 749; x_wconf 76' lang='grc' dir='ltr'>οἱ</span> <span class='ocrx_word' id='word_1_45' title='bbox 2600 698 2887 752; x_wconf 68' lang='grc' dir='ltr'>ἀπόστολοι</span> <span class='ocrx_word' id='word_1_46' title='bbox 2915 699 3170 769; x_wconf 77' lang='grc' dir='ltr'>είρήκασι</span> <span class='ocrx_word' id='word_1_47' title='bbox 3199 712 3211 722; x_wconf 92' lang='grc'><strong>·</strong></span> <span class='ocrx_word' id='word_1_48' title='bbox 3239 698 3293 750; x_wconf 81' lang='grc' dir='ltr'><strong>τί</strong></span> <span class='ocrx_word' id='word_1_49' title='bbox 3315 698 3503 765; x_wconf 71' lang='grc' dir='ltr'>ἕτερον</span> <span class='ocrx_word' id='word_1_50' title='bbox 3533 696 3805 749; x_wconf 71' lang='grc' dir='ltr'>δεικνύου-</span> 
     </span>
    </p>
   </div>
   <div class='ocr_carea' id='block_1_10' title="bbox 548 791 3803 866">
    <p class='ocr_par' dir='ltr' id='par_1_10' title="bbox 548 791 3803 866">
     <span class='ocr_line' id='line_1_10' title="bbox 548 791 3803 866; baseline -0 -21"><span class='ocrx_word' id='word_1_51' title='bbox 548 812 654 855; x_wconf 82' lang='grc' dir='ltr'>σιν,</span> <span class='ocrx_word' id='word_1_52' title='bbox 700 794 732 862; x_wconf 83' lang='grc' dir='ltr'>ἦ</span> <span class='ocrx_word' id='word_1_53' title='bbox 781 796 862 847; x_wconf 74' lang='grc' dir='ltr'>ὅτι</span> <span class='ocrx_word' id='word_1_54' title='bbox 909 796 1201 863; x_wconf 62' lang='grc' dir='ltr'>προφανῶς</span> <span class='ocrx_word' id='word_1_55' title='bbox 1239 796 1470 865; x_wconf 70' lang='grc' dir='ltr'>ἀρνητειὶ</span> <span class='ocrx_word' id='word_1_56' title='bbox 1509 793 1604 847; x_wconf 84' lang='grc' dir='ltr'><strong>τοῦ</strong></span> <span class='ocrx_word' id='word_1_57' title='bbox 1655 793 1891 865; x_wconf 81' lang='grc' dir='ltr'>Χριστοῦ</span> <span class='ocrx_word' id='word_1_58' title='bbox 1950 793 2046 845; x_wconf 69' lang='grc' dir='ltr'><strong>καὶ</strong></span> <span class='ocrx_word' id='word_1_59' title='bbox 2108 793 2203 847; x_wconf 81' lang='grc' dir='ltr'><strong>τοῦ</strong></span> <span class='ocrx_word' id='word_1_60' title='bbox 2240 794 2594 863; x_wconf 82' lang='grc' dir='ltr'>Εὑαγγελίου,</span> <span class='ocrx_word' id='word_1_61' title='bbox 2662 795 2848 866; x_wconf 79' lang='grc' dir='ltr'>ἐχθροὶ</span> <span class='ocrx_word' id='word_1_62' title='bbox 2898 796 2955 850; x_wconf 72' lang='grc' dir='ltr'><strong>δὲ</strong></span> <span class='ocrx_word' id='word_1_63' title='bbox 2999 795 3107 848; x_wconf 83' lang='grc' dir='ltr'><strong>τῶν</strong></span> <span class='ocrx_word' id='word_1_64' title='bbox 3161 794 3500 859; x_wconf 75' lang='grc' dir='ltr'>ἀποστόλων,</span> <span class='ocrx_word' id='word_1_65' title='bbox 3552 793 3645 845; x_wconf 77' lang='grc' dir='ltr'><strong>καὶ</strong></span> <span class='ocrx_word' id='word_1_66' title='bbox 3695 791 3803 844; x_wconf 83' lang='grc' dir='ltr'>τῶν</span> 
     </span>
    </p>
   </div>
   <div class='ocr_carea' id='block_1_11' title="bbox 546 886 1357 956">
    <p class='ocr_par' dir='ltr' id='par_1_11' title="bbox 546 886 1357 956">
     <span class='ocr_line' id='line_1_11' title="bbox 546 886 1357 956; baseline -0.004 -15"><span class='ocrx_word' id='word_1_67' title='bbox 546 888 618 953; x_wconf 84' lang='grc' dir='ltr'><strong>ἀγ</strong></span> <span class='ocrx_word' id='word_1_68' title='bbox 628 886 722 940; x_wconf 77' lang='grc' dir='ltr'>ἔων</span> <span class='ocrx_word' id='word_1_69' title='bbox 755 889 1003 956; x_wconf 77' lang='grc' dir='ltr'>πολέμιοι</span> <span class='ocrx_word' id='word_1_70' title='bbox 1030 890 1319 955; x_wconf 68' lang='grc' dir='ltr'>γεγῦνασιν</span> <span class='ocrx_word' id='word_1_71' title='bbox 1343 904 1357 953; x_wconf 90' lang='lat'><strong>;</strong></span> 
     </span>
    </p>
   </div>
   <div class='ocr_carea' id='block_1_12' title="bbox 617 977 2123 1047">
    <p class='ocr_par' dir='ltr' id='par_1_12' title="bbox 617 977 2123 1047">
     <span class='ocr_line' id='line_1_12' title="bbox 617 977 2123 1047; baseline -0.003 -12"><span class='ocrx_word' id='word_1_72' title='bbox 617 982 707 1037; x_wconf 71' lang='lat' dir='ltr'><strong>IV.</strong></span> <span class='ocrx_word' id='word_1_73' title='bbox 751 981 941 1033; x_wconf 84' lang='lat' dir='ltr'><strong>Dieant</strong></span> <span class='ocrx_word' id='word_1_74' title='bbox 986 981 1165 1046; x_wconf 83' lang='lat' dir='ltr'><strong>itaque</strong></span> <span class='ocrx_word' id='word_1_75' title='bbox 1202 982 1353 1035; x_wconf 86' lang='lat' dir='ltr'><strong>nobis</strong></span> <span class='ocrx_word' id='word_1_76' title='bbox 1398 980 1617 1047; x_wconf 82' lang='lat' dir='ltr'><strong>pessimi</strong></span> <span class='ocrx_word' id='word_1_77' title='bbox 1662 979 1899 1034; x_wconf 77' lang='lat' dir='ltr'><strong>hzeretici</strong></span> <span class='ocrx_word' id='word_1_78' title='bbox 1930 977 2123 1031; x_wconf 82' lang='lat' dir='ltr'><strong>Arme-</strong></span> 
     </span>
    </p>
   </div>
   <div class='ocr_carea' id='block_1_13' title="bbox 544 1070 2121 1137">
    <p class='ocr_par' dir='ltr' id='par_1_13' title="bbox 544 1070 2121 1137">
     <span class='ocr_line' id='line_1_13' title="bbox 544 1070 2121 1137; baseline -0.006 -9"><span class='ocrx_word' id='word_1_79' title='bbox 544 1074 649 1137; x_wconf 84' lang='lat' dir='ltr'><strong>nii,</strong></span> <span class='ocrx_word' id='word_1_80' title='bbox 701 1073 970 1126; x_wconf 84' lang='lat' dir='ltr'><strong>tenebrosi</strong></span> <span class='ocrx_word' id='word_1_81' title='bbox 1032 1071 1105 1124; x_wconf 76' lang='lat' dir='ltr'><strong>illi</strong></span> <span class='ocrx_word' id='word_1_82' title='bbox 1164 1073 1308 1124; x_wconf 75' lang='lat' dir='ltr'><strong>circa</strong></span> <span class='ocrx_word' id='word_1_83' title='bbox 1360 1071 1563 1129; x_wconf 88' lang='lat' dir='ltr'><strong>lumen.</strong></span> <span class='ocrx_word' id='word_1_84' title='bbox 1617 1084 1743 1137; x_wconf 74' lang='lat' dir='ltr'><strong>erga</strong></span> <span class='ocrx_word' id='word_1_85' title='bbox 1794 1070 2121 1137; x_wconf 76' lang='lat' dir='ltr'><strong>sapientiam</strong></span> 
     </span>
    </p>
   </div>
   <div class='ocr_carea' id='block_1_14' title="bbox 548 1162 2123 1233">
    <p class='ocr_par' dir='ltr' id='par_1_14' title="bbox 548 1162 2123 1233">
     <span class='ocr_line' id='line_1_14' title="bbox 548 1162 2123 1233; baseline -0.006 -12"><span class='ocrx_word' id='word_1_86' title='bbox 548 1167 873 1229; x_wconf 78' lang='lat' dir='ltr'><strong>insolentes,</strong></span> <span class='ocrx_word' id='word_1_87' title='bbox 918 1180 1017 1233; x_wconf 83' lang='lat' dir='ltr'><strong>pro</strong></span> <span class='ocrx_word' id='word_1_88' title='bbox 1055 1163 1250 1232; x_wconf 80' lang='lat' dir='ltr'><strong>quilms</strong></span> <span class='ocrx_word' id='word_1_89' title='bbox 1286 1162 1536 1217; x_wconf 69' lang='lat' dir='ltr'><strong>Christus</strong></span> <span class='ocrx_word' id='word_1_90' title='bbox 1594 1162 1764 1229; x_wconf 77' lang='lat' dir='ltr'><strong>gratis</strong></span> <span class='ocrx_word' id='word_1_91' title='bbox 1809 1162 2123 1215; x_wconf 74' lang='lat' dir='ltr'><strong>incarnatus</strong></span> 
     </span>
    </p>
   </div>
   <div class='ocr_carea' id='block_1_15' title="bbox 546 1250 2124 1326">
    <p class='ocr_par' dir='ltr' id='par_1_15' title="bbox 546 1250 2124 1326">
     <span class='ocr_line' id='line_1_15' title="bbox 546 1250 2124 1326; baseline -0.005 -14"><span class='ocrx_word' id='word_1_92' title='bbox 546 1265 649 1320; x_wconf 75' lang='lat' dir='ltr'><strong>est,</strong></span> <span class='ocrx_word' id='word_1_93' title='bbox 682 1258 887 1326; x_wconf 74' lang='lat' dir='ltr'><strong>ingrata</strong></span> <span class='ocrx_word' id='word_1_94' title='bbox 920 1266 1123 1316; x_wconf 78' lang='lat' dir='ltr'><strong>creata,</strong></span> <span class='ocrx_word' id='word_1_95' title='bbox 1153 1255 1273 1308; x_wconf 87' lang='lat' dir='ltr'><strong>mali</strong></span> <span class='ocrx_word' id='word_1_96' title='bbox 1302 1256 1588 1324; x_wconf 80' lang='lat' dir='ltr'><strong>ﬁgmenta:</strong></span> <span class='ocrx_word' id='word_1_97' title='bbox 1622 1255 1897 1315; x_wconf 84' lang='lat' dir='ltr'><strong>unde,‘ant</strong></span> <span class='ocrx_word' id='word_1_98' title='bbox 1928 1250 2124 1320; x_wconf 82' lang='lat' dir='ltr'><strong>quibus</strong></span> 
     </span>
    </p>
   </div>
   <div class='ocr_carea' id='block_1_16' title="bbox 545 1341 2122 1415">
    <p class='ocr_par' dir='ltr' id='par_1_16' title="bbox 545 1341 2122 1415">
     <span class='ocr_line' id='line_1_16' title="bbox 545 1341 2122 1415; baseline -0.006 -14"><span class='ocrx_word' id='word_1_99' title='bbox 545 1363 612 1401; x_wconf 79' lang='lat' dir='ltr'><strong>ex</strong></span> <span class='ocrx_word' id='word_1_100' title='bbox 645 1345 992 1415; x_wconf 42' lang='lat' dir='ltr'><strong>evangwlistis</strong></span> <span class='ocrx_word' id='word_1_101' title='bbox 1039 1359 1104 1400; x_wconf 85' lang='lat' dir='ltr'><strong>ac</strong></span> <span class='ocrx_word' id='word_1_102' title='bbox 1136 1346 1418 1415; x_wconf 85' lang='lat' dir='ltr'><strong>apostolis,</strong></span> <span class='ocrx_word' id='word_1_103' title='bbox 1447 1344 1527 1397; x_wconf 83' lang='lat' dir='ltr'><strong>vel</strong></span> <span class='ocrx_word' id='word_1_104' title='bbox 1580 1344 1803 1397; x_wconf 77' lang='lat' dir='ltr'><strong>deil‘eris</strong></span> <span class='ocrx_word' id='word_1_105' title='bbox 1855 1341 2122 1404; x_wconf 72' lang='lat' dir='ltr'><strong>l’atribns,</strong></span> 
     </span>
    </p>
   </div>
   <div class='ocr_carea' id='block_1_17' title="bbox 552 1436 2126 1504">
    <p class='ocr_par' dir='ltr' id='par_1_17' title="bbox 552 1436 2126 1504">
     <span class='ocr_line' id='line_1_17' title="bbox 552 1436 2126 1504; baseline -0.004 -11"><span class='ocrx_word' id='word_1_106' title='bbox 552 1440 828 1494; x_wconf 70' lang='lat' dir='ltr'><strong>inventam</strong></span> <span class='ocrx_word' id='word_1_107' title='bbox 888 1442 1027 1493; x_wconf 82' lang='lat' dir='ltr'><strong>hanc</strong></span> <span class='ocrx_word' id='word_1_108' title='bbox 1096 1438 1462 1504; x_wconf 77' lang='lat' dir='ltr'><strong>negationem,</strong></span> <span class='ocrx_word' id='word_1_109' title='bbox 1514 1446 1571 1490; x_wconf 92' lang='lat' dir='ltr'><strong>nt</strong></span> <span class='ocrx_word' id='word_1_110' title='bbox 1619 1436 1894 1498; x_wconf 84' lang='lat' dir='ltr'><strong>Christus,</strong></span> <span class='ocrx_word' id='word_1_111' title='bbox 1952 1446 2126 1501; x_wconf 80' lang='lat' dir='ltr'><strong>neque</strong></span> 
     </span>
    </p>
   </div>
   <div class='ocr_carea' id='block_1_18' title="bbox 545 1526 2125 1597">
    <p class='ocr_par' dir='ltr' id='par_1_18' title="bbox 545 1526 2125 1597">
     <span class='ocr_line' id='line_1_18' title="bbox 545 1526 2125 1597; baseline -0.003 -14"><span class='ocrx_word' id='word_1_112' title='bbox 545 1548 765 1585; x_wconf 79' lang='lat' dir='ltr'><strong>carnem</strong></span> <span class='ocrx_word' id='word_1_113' title='bbox 826 1531 1051 1594; x_wconf 80' lang='lat' dir='ltr'><strong>haheat,</strong></span> <span class='ocrx_word' id='word_1_114' title='bbox 1114 1542 1289 1597; x_wconf 85' lang='lat' dir='ltr'><strong>neque</strong></span> <span class='ocrx_word' id='word_1_115' title='bbox 1352 1542 1519 1592; x_wconf 85' lang='lat' dir='ltr'><strong>ossa,</strong></span> <span class='ocrx_word' id='word_1_116' title='bbox 1583 1541 1763 1595; x_wconf 79' lang='lat' dir='ltr'><strong>neque</strong></span> <span class='ocrx_word' id='word_1_117' title='bbox 1829 1526 2125 1578; x_wconf 85' lang='lat' dir='ltr'><strong>humanam</strong></span> 
     </span>
    </p>
   </div>
   <div class='ocr_carea' id='block_1_19' title="bbox 546 1616 2125 1689">
    <p class='ocr_par' dir='ltr' id='par_1_19' title="bbox 546 1616 2125 1689">
     <span class='ocr_line' id='line_1_19' title="bbox 546 1616 2125 1689; baseline -0.006 -14"><span class='ocrx_word' id='word_1_118' title='bbox 546 1630 824 1686; x_wconf 84' lang='lat' dir='ltr'><strong>naturam,</strong></span> <span class='ocrx_word' id='word_1_119' title='bbox 883 1635 1059 1689; x_wconf 85' lang='lat' dir='ltr'><strong>neque</strong></span> <span class='ocrx_word' id='word_1_120' title='bbox 1112 1620 1465 1682; x_wconf 79' lang='lat' dir='ltr'><strong>voluntatem,</strong></span> <span class='ocrx_word' id='word_1_121' title='bbox 1508 1633 1685 1688; x_wconf 88' lang='lat' dir='ltr'><strong>neque</strong></span> <span class='ocrx_word' id='word_1_122' title='bbox 1731 1616 2125 1683; x_wconf 86' lang='lat' dir='ltr'><strong>operationem,</strong></span> 
     </span>
    </p>
   </div>
   <div class='ocr_carea' id='block_1_20' title="bbox 546 1706 2123 1780">
    <p class='ocr_par' dir='ltr' id='par_1_20' title="bbox 546 1706 2123 1780">
     <span class='ocr_line' id='line_1_20' title="bbox 546 1706 2123 1780; baseline -0.006 -13"><span class='ocrx_word' id='word_1_123' title='bbox 546 1714 843 1780; x_wconf 76' lang='lat' dir='ltr'><strong>przedicent</strong></span> <span class='ocrx_word' id='word_1_124' title='bbox 878 1729 891 1765; x_wconf 91' lang='lat'><strong>:</strong></span> <span class='ocrx_word' id='word_1_125' title='bbox 920 1727 1019 1767; x_wconf 89' lang='lat' dir='ltr'><strong>nec</strong></span> <span class='ocrx_word' id='word_1_126' title='bbox 1058 1710 1229 1765; x_wconf 89' lang='lat' dir='ltr'><strong>solam</strong></span> <span class='ocrx_word' id='word_1_127' title='bbox 1273 1710 1601 1777; x_wconf 79' lang='lat' dir='ltr'><strong>simplicem,</strong></span> <span class='ocrx_word' id='word_1_128' title='bbox 1636 1725 1698 1762; x_wconf 87' lang='lat' dir='ltr'><strong>ac</strong></span> <span class='ocrx_word' id='word_1_129' title='bbox 1727 1708 1873 1760; x_wconf 83' lang='lat' dir='ltr'><strong>omni</strong></span> <span class='ocrx_word' id='word_1_130' title='bbox 1927 1706 2123 1759; x_wconf 84' lang='lat' dir='ltr'><strong>nudam</strong></span> 
     </span>
    </p>
   </div>
   <div class='ocr_carea' id='block_1_21' title="bbox 2301 974 3804 1050">
    <p class='ocr_par' dir='ltr' id='par_1_21' title="bbox 2301 974 3804 1050">
     <span class='ocr_line' id='line_1_21' title="bbox 2301 974 3804 1050; baseline -0.001 -18"><span class='ocrx_word' id='word_1_131' title='bbox 2301 980 2377 1033; x_wconf 80' lang='lat' dir='ltr'><strong>A&#39;.</strong></span> <span class='ocrx_word' id='word_1_132' title='bbox 2419 980 2748 1034; x_wconf 78' lang='grc' dir='ltr'>Είπάτωσαν</span> <span class='ocrx_word' id='word_1_133' title='bbox 2774 974 2867 1033; x_wconf 66' lang='grc' dir='ltr'>οὖν</span> <span class='ocrx_word' id='word_1_134' title='bbox 2902 980 3034 1049; x_wconf 76' lang='grc' dir='ltr'><strong>ἡμῖν</strong></span> <span class='ocrx_word' id='word_1_135' title='bbox 3076 978 3127 1032; x_wconf 86' lang='grc' dir='ltr'>οῑ</span> <span class='ocrx_word' id='word_1_136' title='bbox 3154 980 3507 1050; x_wconf 66' lang='grc' dir='ltr'>παμπόνηροι</span> <span class='ocrx_word' id='word_1_137' title='bbox 3539 978 3804 1050; x_wconf 76' lang='grc' dir='ltr'>αἱρετικοὶ</span> 
     </span>
    </p>
   </div>
   <div class='ocr_carea' id='block_1_22' title="bbox 2239 1070 3804 1141">
    <p class='ocr_par' dir='ltr' id='par_1_22' title="bbox 2239 1070 3804 1141">
     <span class='ocr_line' id='line_1_22' title="bbox 2239 1070 3804 1141; baseline -0.001 -16"><span class='ocrx_word' id='word_1_138' title='bbox 2239 1070 2517 1141; x_wconf 80' lang='grc' dir='ltr'><strong>Ἀρμένιοι</strong></span> <span class='ocrx_word' id='word_1_139' title='bbox 2551 1089 2564 1102; x_wconf 78' lang='grc' dir='ltr'><strong>ο</strong></span> <span class='ocrx_word' id='word_1_140' title='bbox 2606 1074 2655 1125; x_wconf 80' lang='grc' dir='ltr'>οἱ</span> <span class='ocrx_word' id='word_1_141' title='bbox 2696 1073 2961 1125; x_wconf 80' lang='grc' dir='ltr'>σκοτεινοὶ</span> <span class='ocrx_word' id='word_1_142' title='bbox 3004 1073 3131 1140; x_wconf 76' lang='grc' dir='ltr'>περὶ</span> <span class='ocrx_word' id='word_1_143' title='bbox 3177 1072 3237 1124; x_wconf 84' lang='grc' dir='ltr'><strong>τὸ</strong></span> <span class='ocrx_word' id='word_1_144' title='bbox 3274 1071 3390 1140; x_wconf 78' lang='grc' dir='ltr'>φῶς</span> <span class='ocrx_word' id='word_1_145' title='bbox 3414 1085 3432 1103; x_wconf 88' lang='grc'><strong>·</strong></span> <span class='ocrx_word' id='word_1_146' title='bbox 3463 1073 3511 1124; x_wconf 81' lang='grc' dir='ltr'>οἱ</span> <span class='ocrx_word' id='word_1_147' title='bbox 3548 1070 3675 1141; x_wconf 66' lang='grc' dir='ltr'>περὶ</span> <span class='ocrx_word' id='word_1_148' title='bbox 3708 1071 3804 1141; x_wconf 75' lang='grc' dir='ltr'><strong>τὴν</strong></span> 
     </span>
    </p>
   </div>
   <div class='ocr_carea' id='block_1_23' title="bbox 2228 1157 3805 1234">
    <p class='ocr_par' dir='ltr' id='par_1_23' title="bbox 2228 1157 3805 1234">
     <span class='ocr_line' id='line_1_23' title="bbox 2228 1157 3805 1234; baseline 0.001 -21"><span class='ocrx_word' id='word_1_149' title='bbox 2228 1164 2424 1231; x_wconf 73' lang='grc' dir='ltr'>σοφίαν</span> <span class='ocrx_word' id='word_1_150' title='bbox 2461 1162 2781 1217; x_wconf 76' lang='grc' dir='ltr'>ἀπαίδευτοι</span> <span class='ocrx_word' id='word_1_151' title='bbox 2804 1181 2817 1193; x_wconf 93' lang='grc'><strong>·</strong></span> <span class='ocrx_word' id='word_1_152' title='bbox 2848 1163 2989 1234; x_wconf 76' lang='grc' dir='ltr'>ὑπὲρ</span> <span class='ocrx_word' id='word_1_153' title='bbox 3014 1157 3090 1217; x_wconf 83' lang='grc' dir='ltr'>ὧν</span> <span class='ocrx_word' id='word_1_154' title='bbox 3123 1163 3357 1234; x_wconf 69' lang='grc' dir='ltr'>Χριστὸς</span> <span class='ocrx_word' id='word_1_155' title='bbox 3393 1162 3600 1232; x_wconf 82' lang='grc' dir='ltr'>δωρεὰν</span> <span class='ocrx_word' id='word_1_156' title='bbox 3638 1165 3805 1233; x_wconf 79' lang='grc' dir='ltr'>ἐσαρ-</span> 
     </span>
    </p>
   </div>
   <div class='ocr_carea' id='block_1_24' title="bbox 2227 1254 3803 1325">
    <p class='ocr_par' dir='ltr' id='par_1_24' title="bbox 2227 1254 3803 1325">
     <span class='ocr_line' id='line_1_24' title="bbox 2227 1254 3803 1325; baseline 0.001 -17"><span class='ocrx_word' id='word_1_157' title='bbox 2227 1254 2380 1323; x_wconf 84' lang='grc' dir='ltr'><strong>κὼΟη</strong></span> <span class='ocrx_word' id='word_1_158' title='bbox 2410 1271 2425 1287; x_wconf 89' lang='grc'><strong>·</strong></span> <span class='ocrx_word' id='word_1_159' title='bbox 2470 1256 2538 1310; x_wconf 64' lang='grc' dir='ltr'>τὰ</span> <span class='ocrx_word' id='word_1_160' title='bbox 2593 1256 2868 1325; x_wconf 79' lang='grc' dir='ltr'><strong>ἀχάριστα</strong></span> <span class='ocrx_word' id='word_1_161' title='bbox 2919 1257 3194 1321; x_wconf 76' lang='grc' dir='ltr'>κτίσματα</span> <span class='ocrx_word' id='word_1_162' title='bbox 3225 1272 3242 1287; x_wconf 92' lang='grc'><strong>·</strong></span> <span class='ocrx_word' id='word_1_163' title='bbox 3292 1255 3361 1309; x_wconf 85' lang='grc' dir='ltr'><strong>τά</strong></span> <span class='ocrx_word' id='word_1_164' title='bbox 3417 1256 3513 1309; x_wconf 88' lang='grc' dir='ltr'><strong>τοῦ</strong></span> <span class='ocrx_word' id='word_1_165' title='bbox 3564 1255 3803 1325; x_wconf 76' lang='grc' dir='ltr'>πονηροῦ</span> 
     </span>
    </p>
   </div>
   <div class='ocr_carea' id='block_1_25' title="bbox 2229 1345 3804 1417">
    <p class='ocr_par' dir='ltr' id='par_1_25' title="bbox 2229 1345 3804 1417">
     <span class='ocr_line' id='line_1_25' title="bbox 2229 1345 3804 1417; baseline -0.001 -18"><span class='ocrx_word' id='word_1_166' title='bbox 2229 1345 2566 1415; x_wconf 72' lang='grc' dir='ltr'>πλάσματα·</span> <span class='ocrx_word' id='word_1_167' title='bbox 2612 1346 2795 1411; x_wconf 72' lang='grc' dir='ltr'>πόθεν,</span> <span class='ocrx_word' id='word_1_168' title='bbox 2835 1346 2866 1417; x_wconf 83' lang='grc' dir='ltr'><strong>ἦ</strong></span> <span class='ocrx_word' id='word_1_169' title='bbox 2918 1350 2983 1399; x_wconf 86' lang='grc' dir='ltr'>ἐκ</span> <span class='ocrx_word' id='word_1_170' title='bbox 3036 1348 3207 1399; x_wconf 77' lang='grc' dir='ltr'>ποίοιν</span> <span class='ocrx_word' id='word_1_171' title='bbox 3262 1345 3671 1416; x_wconf 79' lang='grc' dir='ltr'>εὑαγγελιστῶν</span> <span class='ocrx_word' id='word_1_172' title='bbox 3716 1348 3804 1397; x_wconf 65' lang='grc' dir='ltr'><strong>καὶ</strong></span> 
     </span>
    </p>
   </div>
   <div class='ocr_carea' id='block_1_26' title="bbox 2230 1438 3805 1510">
    <p class='ocr_par' dir='ltr' id='par_1_26' title="bbox 2230 1438 3805 1510">
     <span class='ocr_line' id='line_1_26' title="bbox 2230 1438 3805 1510; baseline -0.001 -20"><span class='ocrx_word' id='word_1_173' title='bbox 2230 1438 2566 1501; x_wconf 76' lang='grc' dir='ltr'><strong>ἀποστόλων,</strong></span> <span class='ocrx_word' id='word_1_174' title='bbox 2603 1439 2636 1509; x_wconf 81' lang='grc' dir='ltr'><strong>ἢ</strong></span> <span class='ocrx_word' id='word_1_175' title='bbox 2672 1440 2949 1510; x_wconf 70' lang='grc' dir='ltr'>οεοφόρων</span> <span class='ocrx_word' id='word_1_176' title='bbox 2989 1439 3251 1507; x_wconf 78' lang='grc' dir='ltr'>Πατέρων</span> <span class='ocrx_word' id='word_1_177' title='bbox 3300 1438 3507 1510; x_wconf 79' lang='grc' dir='ltr'>ταύτην</span> <span class='ocrx_word' id='word_1_178' title='bbox 3552 1439 3805 1508; x_wconf 76' lang='grc' dir='ltr'><strong>εὑρόντες</strong></span> 
     </span>
    </p>
   </div>
   <div class='ocr_carea' id='block_1_27' title="bbox 2228 1530 3807 1602">
    <p class='ocr_par' dir='ltr' id='par_1_27' title="bbox 2228 1530 3807 1602">
     <span class='ocr_line' id='line_1_27' title="bbox 2228 1530 3807 1602; baseline -0.001 -19"><span class='ocrx_word' id='word_1_179' title='bbox 2228 1531 2326 1601; x_wconf 78' lang='grc' dir='ltr'>τὴν</span> <span class='ocrx_word' id='word_1_180' title='bbox 2349 1530 2601 1602; x_wconf 81' lang='grc' dir='ltr'>ἄρνησιν,</span> <span class='ocrx_word' id='word_1_181' title='bbox 2646 1533 2781 1601; x_wconf 80' lang='grc' dir='ltr'>μήτε</span> <span class='ocrx_word' id='word_1_182' title='bbox 2812 1533 2990 1602; x_wconf 83' lang='grc' dir='ltr'>σάρκα</span> <span class='ocrx_word' id='word_1_183' title='bbox 3015 1534 3109 1584; x_wconf 70' lang='grc' dir='ltr'><strong>καὶ</strong></span> <span class='ocrx_word' id='word_1_184' title='bbox 3139 1532 3298 1597; x_wconf 81' lang='grc' dir='ltr'>ὀστᾶ,</span> <span class='ocrx_word' id='word_1_185' title='bbox 3334 1532 3471 1601; x_wconf 79' lang='grc' dir='ltr'>μήτε</span> <span class='ocrx_word' id='word_1_186' title='bbox 3520 1530 3689 1600; x_wconf 77' lang='grc' dir='ltr'>φύσιν</span> <span class='ocrx_word' id='word_1_187' title='bbox 3719 1533 3807 1584; x_wconf 84' lang='grc' dir='ltr'>ἀν-</span> 
     </span>
    </p>
   </div>
   <div class='ocr_carea' id='block_1_28' title="bbox 2232 1618 3806 1693">
    <p class='ocr_par' dir='ltr' id='par_1_28' title="bbox 2232 1618 3806 1693">
     <span class='ocr_line' id='line_1_28' title="bbox 2232 1618 3806 1693; baseline 0.001 -21"><span class='ocrx_word' id='word_1_188' title='bbox 2232 1618 2530 1690; x_wconf 74' lang='grc' dir='ltr'>θρωπίνην,</span> <span class='ocrx_word' id='word_1_189' title='bbox 2571 1624 2708 1691; x_wconf 73' lang='grc' dir='ltr'>μήτε</span> <span class='ocrx_word' id='word_1_190' title='bbox 2752 1621 2993 1692; x_wconf 81' lang='grc' dir='ltr'>Θέληοιν,</span> <span class='ocrx_word' id='word_1_191' title='bbox 3032 1624 3168 1693; x_wconf 84' lang='grc' dir='ltr'>μήτε</span> <span class='ocrx_word' id='word_1_192' title='bbox 3213 1622 3500 1693; x_wconf 71' lang='grc' dir='ltr'><strong>ἐνέργειαν</strong></span> <span class='ocrx_word' id='word_1_193' title='bbox 3539 1622 3689 1691; x_wconf 75' lang='grc' dir='ltr'>ἔχειν</span> <span class='ocrx_word' id='word_1_194' title='bbox 3720 1622 3806 1673; x_wconf 70' lang='grc' dir='ltr'>τὸν</span> 
     </span>
    </p>
   </div>
   <div class='ocr_carea' id='block_1_29' title="bbox 2233 1709 3806 1783">
    <p class='ocr_par' dir='ltr' id='par_1_29' title="bbox 2233 1709 3806 1783">
     <span class='ocr_line' id='line_1_29' title="bbox 2233 1709 3806 1783; baseline 0.003 -20"><span class='ocrx_word' id='word_1_195' title='bbox 2233 1709 2469 1778; x_wconf 68' lang='grc' dir='ltr'>Χριστὸν</span> <span class='ocrx_word' id='word_1_196' title='bbox 2516 1712 2889 1783; x_wconf 71' lang='grc' dir='ltr'>κηρύττουσι·</span> <span class='ocrx_word' id='word_1_197' title='bbox 2934 1714 3165 1783; x_wconf 83' lang='grc' dir='ltr'>οεὸτητα</span> <span class='ocrx_word' id='word_1_198' title='bbox 3197 1713 3251 1766; x_wconf 78' lang='grc' dir='ltr'><strong>δὲ</strong></span> <span class='ocrx_word' id='word_1_199' title='bbox 3289 1714 3459 1783; x_wconf 70' lang='grc' dir='ltr'>μόνην</span> <span class='ocrx_word' id='word_1_200' title='bbox 3499 1715 3679 1783; x_wconf 76' lang='grc' dir='ltr'>ἀπλῆν</span> <span class='ocrx_word' id='word_1_201' title='bbox 3715 1714 3806 1767; x_wconf 82' lang='grc' dir='ltr'>καὶ</span> 
     </span>
    </p>
   </div>
   <div class='ocr_carea' id='block_1_30' title="bbox 546 1768 2124 1872">
    <p class='ocr_par' dir='ltr' id='par_1_30' title="bbox 546 1805 2124 1872">
     <span class='ocr_line' id='line_1_30' title="bbox 546 1805 2124 1872; baseline -0.002 -16"><span class='ocrx_word' id='word_1_202' title='bbox 546 1806 939 1872; x_wconf 82' lang='lat' dir='ltr'><strong>compositione</strong></span> <span class='ocrx_word' id='word_1_203' title='bbox 982 1805 1241 1857; x_wconf 79' lang='lat' dir='ltr'><strong>deitatem</strong></span> <span class='ocrx_word' id='word_1_204' title='bbox 1268 1841 1282 1866; x_wconf 94' lang='lat'><strong>,</strong></span> <span class='ocrx_word' id='word_1_205' title='bbox 1311 1816 1580 1870; x_wconf 81' lang='lat' dir='ltr'><strong>unamque</strong></span> <span class='ocrx_word' id='word_1_206' title='bbox 1616 1810 1864 1853; x_wconf 75' lang='lat' dir='ltr'><strong>naturam</strong></span> <span class='ocrx_word' id='word_1_207' title='bbox 1902 1818 1963 1853; x_wconf 84' lang='lat' dir='ltr'><strong>ae.</strong></span> <span class='ocrx_word' id='word_1_208' title='bbox 1994 1818 2124 1868; x_wconf 84' lang='lat' dir='ltr'><strong>ope-</strong></span> 
     </span>
    </p>
   </div>
   <div class='ocr_carea' id='block_1_31' title="bbox 2225 1768 3806 1872">
    <p class='ocr_par' dir='ltr' id='par_1_31' title="bbox 2229 1797 3806 1869">
     <span class='ocr_line' id='line_1_31' title="bbox 2229 1797 3806 1869; baseline -0.001 -19"><span class='ocrx_word' id='word_1_209' title='bbox 2229 1797 2541 1862; x_wconf 83' lang='grc' dir='ltr'>ἀσύνοετον,</span> <span class='ocrx_word' id='word_1_210' title='bbox 2571 1802 2661 1851; x_wconf 73' lang='grc' dir='ltr'><strong>καὶ</strong></span> <span class='ocrx_word' id='word_1_211' title='bbox 2692 1804 2818 1868; x_wconf 77' lang='grc' dir='ltr'>μίαν</span> <span class='ocrx_word' id='word_1_212' title='bbox 2847 1801 3010 1867; x_wconf 72' lang='grc' dir='ltr'>φύσιν</span> <span class='ocrx_word' id='word_1_213' title='bbox 3035 1802 3125 1852; x_wconf 71' lang='grc' dir='ltr'>καὶ</span> <span class='ocrx_word' id='word_1_214' title='bbox 3156 1802 3457 1869; x_wconf 76' lang='grc' dir='ltr'><strong>ἐνέργειαν,</strong></span> <span class='ocrx_word' id='word_1_215' title='bbox 3478 1800 3551 1861; x_wconf 81' lang='grc' dir='ltr'><strong>ὡς</strong></span> <span class='ocrx_word' id='word_1_216' title='bbox 3570 1799 3669 1853; x_wconf 69' lang='grc' dir='ltr'><strong>καὶ</strong></span> <span class='ocrx_word' id='word_1_217' title='bbox 3705 1800 3806 1868; x_wconf 66' lang='grc' dir='ltr'><strong>προ</strong></span> 
     </span>
    </p>
   </div>
   <div class='ocr_carea' id='block_1_32' title="bbox 544 1892 2126 1959">
    <p class='ocr_par' dir='ltr' id='par_1_32' title="bbox 544 1892 2126 1959">
     <span class='ocr_line' id='line_1_32' title="bbox 544 1892 2126 1959; baseline -0.003 -10"><span class='ocrx_word' id='word_1_218' title='bbox 544 1897 838 1959; x_wconf 83' lang='lat' dir='ltr'><strong>rationem,</strong></span> <span class='ocrx_word' id='word_1_219' title='bbox 870 1895 947 1947; x_wconf 89' lang='lat' dir='ltr'><strong>uti</strong></span> <span class='ocrx_word' id='word_1_220' title='bbox 975 1894 1138 1949; x_wconf 84' lang='lat' dir='ltr'><strong>etiam</strong></span> <span class='ocrx_word' id='word_1_221' title='bbox 1180 1901 1306 1947; x_wconf 84' lang='lat' dir='ltr'><strong>ante</strong></span> <span class='ocrx_word' id='word_1_222' title='bbox 1336 1892 1787 1955; x_wconf 83' lang='lat' dir='ltr'><strong>incarnationem,</strong></span> <span class='ocrx_word' id='word_1_223' title='bbox 1823 1894 1874 1945; x_wconf 91' lang='lat' dir='ltr'><strong>in</strong></span> <span class='ocrx_word' id='word_1_224' title='bbox 1910 1894 2126 1947; x_wconf 87' lang='lat' dir='ltr'><strong>Christo</strong></span> 
     </span>
    </p>
   </div>
   <div class='ocr_carea' id='block_1_33' title="bbox 544 1983 2121 2056">
    <p class='ocr_par' dir='ltr' id='par_1_33' title="bbox 544 1983 2121 2056">
     <span class='ocr_line' id='line_1_33' title="bbox 544 1983 2121 2056; baseline -0.004 -15"><span class='ocrx_word' id='word_1_225' title='bbox 544 1988 925 2056; x_wconf 70' lang='lat' dir='ltr'><strong>przedicantes,</strong></span> <span class='ocrx_word' id='word_1_226' title='bbox 990 1984 1297 2040; x_wconf 75' lang='lat' dir='ltr'><strong>horreant?</strong></span> <span class='ocrx_word' id='word_1_227' title='bbox 1349 1983 1388 2037; x_wconf 93' lang='lat' dir='ltr'><strong>li</strong></span> <span class='ocrx_word' id='word_1_228' title='bbox 1440 1984 1721 2038; x_wconf 78' lang='lat' dir='ltr'><strong>enimvero</strong></span> <span class='ocrx_word' id='word_1_229' title='bbox 1783 1985 2121 2053; x_wconf 73' lang='lat' dir='ltr'><strong>itttpit&#39;lalntn</strong></span> 
     </span>
    </p>
   </div>
   <div class='ocr_carea' id='block_1_34' title="bbox 549 2076 2121 2158">
    <p class='ocr_par' dir='ltr' id='par_1_34' title="bbox 549 2076 2121 2158">
     <span class='ocr_line' id='line_1_34' title="bbox 549 2076 2121 2158; baseline -0.001 -26"><span class='ocrx_word' id='word_1_230' title='bbox 549 2080 985 2158; x_wconf 73' lang='lat' dir='ltr'><strong>redargutionenl</strong></span> <span class='ocrx_word' id='word_1_231' title='bbox 1043 2078 1321 2141; x_wconf 85' lang='lat' dir='ltr'><strong>timentes,</strong></span> <span class='ocrx_word' id='word_1_232' title='bbox 1388 2076 1643 2130; x_wconf 82' lang='lat' dir='ltr'><strong>simulate</strong></span> <span class='ocrx_word' id='word_1_233' title='bbox 1726 2078 2057 2145; x_wconf 82' lang='lat' dir='ltr'><strong>respondent</strong></span> <span class='ocrx_word' id='word_1_234' title='bbox 2108 2096 2121 2131; x_wconf 90' lang='lat'><strong>:</strong></span> 
     </span>
    </p>
   </div>
   <div class='ocr_carea' id='block_1_35' title="bbox 546 2168 2125 2234">
    <p class='ocr_par' dir='ltr' id='par_1_35' title="bbox 546 2168 2125 2234">
     <span class='ocr_line' id='line_1_35' title="bbox 546 2168 2125 2234; baseline -0.002 -9"><span class='ocrx_word' id='word_1_235' title='bbox 546 2172 625 2225; x_wconf 81' lang='lat' dir='ltr'><strong>Ita</strong></span> <span class='ocrx_word' id='word_1_236' title='bbox 654 2187 805 2234; x_wconf 86' lang='lat' dir='ltr'><strong>vero,</strong></span> <span class='ocrx_word' id='word_1_237' title='bbox 840 2170 1114 2225; x_wconf 81' lang='lat' dir='ltr'><strong>Christum</strong></span> <span class='ocrx_word' id='word_1_238' title='bbox 1148 2171 1310 2225; x_wconf 84' lang='lat' dir='ltr'><strong>Deum</strong></span> <span class='ocrx_word' id='word_1_239' title='bbox 1345 2186 1409 2223; x_wconf 87' lang='lat' dir='ltr'><strong>ac</strong></span> <span class='ocrx_word' id='word_1_240' title='bbox 1456 2171 1726 2223; x_wconf 86' lang='lat' dir='ltr'><strong>hominem</strong></span> <span class='ocrx_word' id='word_1_241' title='bbox 1759 2170 2005 2223; x_wconf 76' lang='lat' dir='ltr'><strong>dicimus.</strong></span> <span class='ocrx_word' id='word_1_242' title='bbox 2046 2168 2125 2222; x_wconf 76' lang='lat' dir='ltr'><strong>Ad</strong></span> 
     </span>
    </p>
   </div>
   <div class='ocr_carea' id='block_1_36' title="bbox 544 2261 2126 2334">
    <p class='ocr_par' dir='ltr' id='par_1_36' title="bbox 544 2261 2126 2334">
     <span class='ocr_line' id='line_1_36' title="bbox 544 2261 2126 2334; baseline 0 -20"><span class='ocrx_word' id='word_1_243' title='bbox 544 2280 684 2334; x_wconf 85' lang='lat' dir='ltr'><strong>quos</strong></span> <span class='ocrx_word' id='word_1_244' title='bbox 706 2264 1035 2318; x_wconf 87' lang='lat' dir='ltr'><strong>dicendum:</strong></span> <span class='ocrx_word' id='word_1_245' title='bbox 1071 2261 1214 2316; x_wconf 81' lang='lat' dir='ltr'><strong>Bene</strong></span> <span class='ocrx_word' id='word_1_246' title='bbox 1238 2263 1303 2317; x_wconf 84' lang='lat' dir='ltr'><strong>de</strong></span> <span class='ocrx_word' id='word_1_247' title='bbox 1341 2264 1494 2318; x_wconf 84' lang='lat' dir='ltr'><strong>vobis</strong></span> <span class='ocrx_word' id='word_1_248' title='bbox 1518 2264 1736 2331; x_wconf 71' lang='lat' dir='ltr'><strong>scripsit</strong></span> <span class='ocrx_word' id='word_1_249' title='bbox 1774 2277 1998 2329; x_wconf 80' lang='lat' dir='ltr'><strong>magnus</strong></span> <span class='ocrx_word' id='word_1_250' title='bbox 2040 2262 2126 2315; x_wconf 88' lang='lat' dir='ltr'><strong>ille</strong></span> 
     </span>
    </p>
   </div>
   <div class='ocr_carea' id='block_1_37' title="bbox 547 2352 2123 2425">
    <p class='ocr_par' dir='ltr' id='par_1_37' title="bbox 547 2352 2123 2425">
     <span class='ocr_line' id='line_1_37' title="bbox 547 2352 2123 2425; baseline -0.001 -18"><span class='ocrx_word' id='word_1_251' title='bbox 547 2354 845 2425; x_wconf 64' lang='lat' dir='ltr'><strong>Gregorius</strong></span> <span class='ocrx_word' id='word_1_252' title='bbox 906 2352 1251 2422; x_wconf 68' lang='lat' dir='ltr'><strong>Theologns:</strong></span> <span class='ocrx_word' id='word_1_253' title='bbox 1289 2372 1309 2406; x_wconf 79' lang='grc' dir='ltr'><strong>ι</strong></span> <span class='ocrx_word' id='word_1_254' title='bbox 1371 2353 1489 2408; x_wconf 83' lang='lat' dir='ltr'><strong>Non</strong></span> <span class='ocrx_word' id='word_1_255' title='bbox 1550 2354 1767 2407; x_wconf 82' lang='lat' dir='ltr'><strong>invenio</strong></span> <span class='ocrx_word' id='word_1_256' title='bbox 1822 2352 2123 2420; x_wconf 83' lang='lat' dir='ltr'><strong>simplicem</strong></span> 
     </span>
    </p>
   </div>
   <div class='ocr_carea' id='block_1_38' title="bbox 546 2443 2125 2512">
    <p class='ocr_par' dir='ltr' id='par_1_38' title="bbox 546 2443 2125 2512">
     <span class='ocr_line' id='line_1_38' title="bbox 546 2443 2125 2512; baseline -0.003 -13"><span class='ocrx_word' id='word_1_257' title='bbox 546 2447 923 2500; x_wconf 85' lang='lat' dir='ltr'><strong>Armeniorum</strong></span> <span class='ocrx_word' id='word_1_258' title='bbox 977 2447 1291 2512; x_wconf 74' lang='lat' dir='ltr'><strong>nationem;</strong></span> <span class='ocrx_word' id='word_1_259' title='bbox 1322 2446 1414 2500; x_wconf 87' lang='lat' dir='ltr'><strong>sed</strong></span> <span class='ocrx_word' id='word_1_260' title='bbox 1453 2445 1605 2499; x_wconf 76' lang='lat' dir='ltr'><strong>valde</strong></span> <span class='ocrx_word' id='word_1_261' title='bbox 1642 2453 1836 2498; x_wconf 76' lang='lat' dir='ltr'><strong>tectam</strong></span> <span class='ocrx_word' id='word_1_262' title='bbox 1870 2459 1930 2497; x_wconf 90' lang='lat' dir='ltr'><strong>ac</strong></span> <span class='ocrx_word' id='word_1_263' title='bbox 1973 2443 2125 2496; x_wconf 88' lang='lat' dir='ltr'><strong>dolo-</strong></span> 
     </span>
    </p>
   </div>
   <div class='ocr_carea' id='block_1_39' title="bbox 546 2535 2126 2608">
    <p class='ocr_par' dir='ltr' id='par_1_39' title="bbox 546 2535 2126 2608">
     <span class='ocr_line' id='line_1_39' title="bbox 546 2535 2126 2608; baseline -0.001 -15"><span class='ocrx_word' id='word_1_264' title='bbox 546 2554 664 2593; x_wconf 67' lang='lat' dir='ltr'><strong>sam</strong></span> <span class='ocrx_word' id='word_1_265' title='bbox 691 2539 792 2607; x_wconf 79' lang='lat'><strong>(5).</strong></span> <span class='ocrx_word' id='word_1_266' title='bbox 828 2556 846 2587; x_wconf 79' lang='grc' dir='ltr'><strong>ι</strong></span> <span class='ocrx_word' id='word_1_267' title='bbox 872 2535 986 2592; x_wconf 90' lang='lat' dir='ltr'><strong>lloc</strong></span> <span class='ocrx_word' id='word_1_268' title='bbox 1009 2549 1115 2601; x_wconf 76' lang='grc' dir='ltr'>εει,</span> <span class='ocrx_word' id='word_1_269' title='bbox 1151 2553 1257 2591; x_wconf 93' lang='lat' dir='ltr'><strong>non</strong></span> <span class='ocrx_word' id='word_1_270' title='bbox 1294 2547 1471 2592; x_wconf 81' lang='lat' dir='ltr'><strong>rectos</strong></span> <span class='ocrx_word' id='word_1_271' title='bbox 1494 2554 1555 2592; x_wconf 85' lang='lat' dir='ltr'><strong>ac</strong></span> <span class='ocrx_word' id='word_1_272' title='bbox 1582 2549 1815 2608; x_wconf 88' lang='lat' dir='ltr'><strong>apertos,</strong></span> <span class='ocrx_word' id='word_1_273' title='bbox 1849 2539 1944 2591; x_wconf 85' lang='lat' dir='ltr'><strong>sed</strong></span> <span class='ocrx_word' id='word_1_274' title='bbox 1968 2537 2126 2591; x_wconf 85' lang='lat' dir='ltr'><strong>valde</strong></span> 
     </span>
    </p>
   </div>
   <div class='ocr_carea' id='block_1_40' title="bbox 550 2628 2124 2699">
    <p class='ocr_par' dir='ltr' id='par_1_40' title="bbox 550 2628 2124 2699">
     <span class='ocr_line' id='line_1_40' title="bbox 550 2628 2124 2699; baseline -0.003 -14"><span class='ocrx_word' id='word_1_275' title='bbox 550 2630 815 2699; x_wconf 78' lang='lat' dir='ltr'><strong>malignos</strong></span> <span class='ocrx_word' id='word_1_276' title='bbox 849 2644 914 2684; x_wconf 89' lang='lat' dir='ltr'><strong>ac</strong></span> <span class='ocrx_word' id='word_1_277' title='bbox 961 2629 1225 2685; x_wconf 88' lang='lat' dir='ltr'><strong>occultos.</strong></span> <span class='ocrx_word' id='word_1_278' title='bbox 1260 2628 1541 2699; x_wconf 80' lang='lat' dir='ltr'><strong>Siquidem</strong></span> <span class='ocrx_word' id='word_1_279' title='bbox 1593 2630 1738 2684; x_wconf 89' lang='lat' dir='ltr'><strong>enim</strong></span> <span class='ocrx_word' id='word_1_280' title='bbox 1798 2631 1849 2683; x_wconf 87' lang='lat' dir='ltr'><strong>in</strong></span> <span class='ocrx_word' id='word_1_281' title='bbox 1887 2630 2124 2695; x_wconf 83' lang='lat' dir='ltr'><strong>Christo,</strong></span> 
     </span>
    </p>
   </div>
   <div class='ocr_carea' id='block_1_41' title="bbox 546 2722 2126 2794">
    <p class='ocr_par' dir='ltr' id='par_1_41' title="bbox 546 2722 2126 2794">
     <span class='ocr_line' id='line_1_41' title="bbox 546 2722 2126 2794; baseline -0.001 -15"><span class='ocrx_word' id='word_1_282' title='bbox 546 2739 723 2794; x_wconf 82' lang='lat' dir='ltr'><strong>neque</strong></span> <span class='ocrx_word' id='word_1_283' title='bbox 753 2738 973 2778; x_wconf 87' lang='lat' dir='ltr'><strong>carnem</strong></span> <span class='ocrx_word' id='word_1_284' title='bbox 1032 2738 1095 2777; x_wconf 87' lang='lat' dir='ltr'><strong>ac</strong></span> <span class='ocrx_word' id='word_1_285' title='bbox 1125 2738 1249 2777; x_wconf 78' lang='lat' dir='ltr'><strong>ossa</strong></span> <span class='ocrx_word' id='word_1_286' title='bbox 1284 2723 1639 2786; x_wconf 76' lang='lat' dir='ltr'><strong>conﬁtemini,</strong></span> <span class='ocrx_word' id='word_1_287' title='bbox 1675 2738 1850 2791; x_wconf 84' lang='lat' dir='ltr'><strong>neque</strong></span> <span class='ocrx_word' id='word_1_288' title='bbox 1892 2722 2126 2777; x_wconf 86' lang='lat' dir='ltr'><strong>hominis</strong></span> 
     </span>
    </p>
   </div>
   <div class='ocr_carea' id='block_1_42' title="bbox 548 2813 2124 2884">
    <p class='ocr_par' dir='ltr' id='par_1_42' title="bbox 548 2813 2124 2884">
     <span class='ocr_line' id='line_1_42' title="bbox 548 2813 2124 2884; baseline -0.003 -14"><span class='ocrx_word' id='word_1_289' title='bbox 548 2828 826 2881; x_wconf 82' lang='lat' dir='ltr'><strong>naturam,</strong></span> <span class='ocrx_word' id='word_1_290' title='bbox 873 2829 1050 2884; x_wconf 88' lang='lat' dir='ltr'><strong>neque</strong></span> <span class='ocrx_word' id='word_1_291' title='bbox 1095 2817 1489 2884; x_wconf 87' lang='lat' dir='ltr'><strong>operationem,</strong></span> <span class='ocrx_word' id='word_1_292' title='bbox 1534 2831 1633 2869; x_wconf 90' lang='lat' dir='ltr'><strong>nec</strong></span> <span class='ocrx_word' id='word_1_293' title='bbox 1683 2816 1824 2869; x_wconf 70' lang='lat' dir='ltr'><strong>serti</strong></span> <span class='ocrx_word' id='word_1_294' title='bbox 1876 2813 2124 2879; x_wconf 79' lang='lat' dir='ltr'><strong>formam,</strong></span> 
     </span>
    </p>
   </div>
   <div class='ocr_carea' id='block_1_43' title="bbox 548 2905 2123 2975">
    <p class='ocr_par' dir='ltr' id='par_1_43' title="bbox 548 2905 2123 2975">
     <span class='ocr_line' id='line_1_43' title="bbox 548 2905 2123 2975; baseline -0.002 -14"><span class='ocrx_word' id='word_1_295' title='bbox 548 2922 651 2962; x_wconf 85' lang='lat' dir='ltr'><strong>nec</strong></span> <span class='ocrx_word' id='word_1_296' title='bbox 703 2921 902 2975; x_wconf 86' lang='lat' dir='ltr'><strong>corpus</strong></span> <span class='ocrx_word' id='word_1_297' title='bbox 960 2905 1239 2975; x_wconf 85' lang='lat' dir='ltr'><strong>passibile,</strong></span> <span class='ocrx_word' id='word_1_298' title='bbox 1289 2920 1353 2960; x_wconf 89' lang='lat' dir='ltr'><strong>ac</strong></span> <span class='ocrx_word' id='word_1_299' title='bbox 1416 2905 1669 2967; x_wconf 83' lang='lat' dir='ltr'><strong>tnOrlale,</strong></span> <span class='ocrx_word' id='word_1_300' title='bbox 1720 2905 2123 2972; x_wconf 79' lang='lat' dir='ltr'><strong>olmoxiumque</strong></span> 
     </span>
    </p>
   </div>
   <div class='ocr_carea' id='block_1_44' title="bbox 551 2996 2122 3068">
    <p class='ocr_par' dir='ltr' id='par_1_44' title="bbox 551 2996 2122 3068">
     <span class='ocr_line' id='line_1_44' title="bbox 551 2996 2122 3068; baseline -0.003 -16"><span class='ocrx_word' id='word_1_301' title='bbox 551 2998 913 3068; x_wconf 89' lang='lat' dir='ltr'><strong>corruptioni,</strong></span> <span class='ocrx_word' id='word_1_302' title='bbox 941 3014 1004 3051; x_wconf 89' lang='lat' dir='ltr'><strong>ac</strong></span> <span class='ocrx_word' id='word_1_303' title='bbox 1032 2997 1275 3067; x_wconf 78' lang='lat' dir='ltr'><strong>ejusdem</strong></span> <span class='ocrx_word' id='word_1_304' title='bbox 1324 2996 1600 3051; x_wconf 88' lang='lat' dir='ltr'><strong>nobiscmn</strong></span> <span class='ocrx_word' id='word_1_305' title='bbox 1634 2998 1982 3062; x_wconf 70' lang='lat' dir='ltr'><strong>substantiae;</strong></span> <span class='ocrx_word' id='word_1_306' title='bbox 2026 2998 2122 3051; x_wconf 81' lang='lat' dir='ltr'><strong>sed</strong></span> 
     </span>
    </p>
   </div>
   <div class='ocr_carea' id='block_1_45' title="bbox 551 3088 2196 3169">
    <p class='ocr_par' dir='ltr' id='par_1_45' title="bbox 551 3088 2196 3169">
     <span class='ocr_line' id='line_1_45' title="bbox 551 3088 2196 3169; baseline -0.001 -25"><span class='ocrx_word' id='word_1_307' title='bbox 551 3101 800 3144; x_wconf 84' lang='lat' dir='ltr'><strong>naturam</strong></span> <span class='ocrx_word' id='word_1_308' title='bbox 857 3105 1043 3152; x_wconf 81' lang='lat' dir='ltr'><strong>tinam,</strong></span> <span class='ocrx_word' id='word_1_309' title='bbox 1101 3094 1268 3142; x_wconf 79' lang='lat' dir='ltr'><strong>totum</strong></span> <span class='ocrx_word' id='word_1_310' title='bbox 1328 3088 1607 3152; x_wconf 85' lang='lat' dir='ltr'><strong>deitatem,</strong></span> <span class='ocrx_word' id='word_1_311' title='bbox 1666 3088 1993 3155; x_wconf 77' lang='lat' dir='ltr'><strong>simplicem,</strong></span> <span class='ocrx_word' id='word_1_312' title='bbox 2058 3103 2196 3169; x_wconf 68' lang='lat' dir='ltr'><strong>acc</strong></span> 
     </span>
    </p>
   </div>
   <div class='ocr_carea' id='block_1_46' title="bbox 548 3175 2125 3249">
    <p class='ocr_par' dir='ltr' id='par_1_46' title="bbox 548 3175 2125 3249">
     <span class='ocr_line' id='line_1_46' title="bbox 548 3175 2125 3249; baseline -0.001 -14"><span class='ocrx_word' id='word_1_313' title='bbox 548 3190 824 3249; x_wconf 81' lang='lat' dir='ltr'><strong>expertem</strong></span> <span class='ocrx_word' id='word_1_314' title='bbox 855 3175 1265 3247; x_wconf 84' lang='lat' dir='ltr'><strong>compositionis</strong></span> <span class='ocrx_word' id='word_1_315' title='bbox 1309 3195 1327 3235; x_wconf 88' lang='lat'><strong>:</strong></span> <span class='ocrx_word' id='word_1_316' title='bbox 1373 3180 1466 3249; x_wconf 87' lang='lat' dir='ltr'><strong>qui</strong></span> <span class='ocrx_word' id='word_1_317' title='bbox 1510 3193 1603 3234; x_wconf 85' lang='lat' dir='ltr'><strong>vos</strong></span> <span class='ocrx_word' id='word_1_318' title='bbox 1636 3178 1820 3247; x_wconf 55' lang='lat' dir='ltr'><strong>,Deum</strong></span> <span class='ocrx_word' id='word_1_319' title='bbox 1851 3194 1915 3233; x_wconf 83' lang='lat' dir='ltr'><strong>ac</strong></span> <span class='ocrx_word' id='word_1_320' title='bbox 1952 3180 2125 3236; x_wconf 81' lang='lat' dir='ltr'><strong>homi-</strong></span> 
     </span>
    </p>
   </div>
   <div class='ocr_carea' id='block_1_47' title="bbox 550 3269 2123 3339">
    <p class='ocr_par' dir='ltr' id='par_1_47' title="bbox 550 3269 2123 3339">
     <span class='ocr_line' id='line_1_47' title="bbox 550 3269 2123 3339; baseline -0.002 -12"><span class='ocrx_word' id='word_1_321' title='bbox 550 3287 677 3327; x_wconf 89' lang='lat' dir='ltr'><strong>nem</strong></span> <span class='ocrx_word' id='word_1_322' title='bbox 723 3270 993 3338; x_wconf 79' lang='lat' dir='ltr'><strong>simulate,</strong></span> <span class='ocrx_word' id='word_1_323' title='bbox 1032 3274 1097 3325; x_wconf 86' lang='lat' dir='ltr'><strong>ad</strong></span> <span class='ocrx_word' id='word_1_324' title='bbox 1135 3270 1410 3325; x_wconf 86' lang='lat' dir='ltr'><strong>auditores</strong></span> <span class='ocrx_word' id='word_1_325' title='bbox 1440 3269 1809 3339; x_wconf 75' lang='lat' dir='ltr'><strong>decipiendos,</strong></span> <span class='ocrx_word' id='word_1_326' title='bbox 1848 3269 2123 3325; x_wconf 88' lang='lat' dir='ltr'><strong>Christum</strong></span> 
     </span>
    </p>
   </div>
   <div class='ocr_carea' id='block_1_48' title="bbox 550 3361 2124 3432">
    <p class='ocr_par' dir='ltr' id='par_1_48' title="bbox 550 3361 2124 3432">
     <span class='ocr_line' id='line_1_48' title="bbox 550 3361 2124 3432; baseline -0.003 -11"><span class='ocrx_word' id='word_1_327' title='bbox 550 3364 731 3421; x_wconf 89' lang='lat' dir='ltr'><strong>dicere</strong></span> <span class='ocrx_word' id='word_1_328' title='bbox 761 3379 866 3419; x_wconf 88' lang='lat' dir='ltr'><strong>non</strong></span> <span class='ocrx_word' id='word_1_329' title='bbox 904 3363 1104 3432; x_wconf 82' lang='lat' dir='ltr'><strong>pudet?</strong></span> <span class='ocrx_word' id='word_1_330' title='bbox 1150 3363 1281 3429; x_wconf 85' lang='lat' dir='ltr'><strong>Quis</strong></span> <span class='ocrx_word' id='word_1_331' title='bbox 1308 3372 1611 3431; x_wconf 84' lang='lat' dir='ltr'><strong>quantusve</strong></span> <span class='ocrx_word' id='word_1_332' title='bbox 1658 3362 1822 3417; x_wconf 87' lang='lat' dir='ltr'><strong>homo</strong></span> <span class='ocrx_word' id='word_1_333' title='bbox 1853 3361 2124 3430; x_wconf 85' lang='lat' dir='ltr'><strong>Christus,</strong></span> 
     </span>
    </p>
   </div>
   <div class='ocr_carea' id='block_1_49' title="bbox 548 3452 2121 3528">
    <p class='ocr_par' dir='ltr' id='par_1_49' title="bbox 548 3452 2121 3528">
     <span class='ocr_line' id='line_1_49' title="bbox 548 3452 2121 3528; baseline -0.003 -20"><span class='ocrx_word' id='word_1_334' title='bbox 548 3457 643 3528; x_wconf 86' lang='lat' dir='ltr'><strong>qui</strong></span> <span class='ocrx_word' id='word_1_335' title='bbox 670 3473 770 3511; x_wconf 91' lang='lat' dir='ltr'><strong>nec</strong></span> <span class='ocrx_word' id='word_1_336' title='bbox 789 3471 1029 3519; x_wconf 86' lang='lat' dir='ltr'><strong>carnem,</strong></span> <span class='ocrx_word' id='word_1_337' title='bbox 1054 3470 1152 3509; x_wconf 88' lang='lat' dir='ltr'><strong>nec</strong></span> <span class='ocrx_word' id='word_1_338' title='bbox 1178 3470 1323 3518; x_wconf 85' lang='lat' dir='ltr'><strong>ossa,</strong></span> <span class='ocrx_word' id='word_1_339' title='bbox 1344 3469 1443 3508; x_wconf 86' lang='lat' dir='ltr'><strong>nec</strong></span> <span class='ocrx_word' id='word_1_340' title='bbox 1465 3452 1609 3508; x_wconf 79' lang='lat' dir='ltr'><strong>servi</strong></span> <span class='ocrx_word' id='word_1_341' title='bbox 1640 3452 1836 3507; x_wconf 80' lang='lat' dir='ltr'><strong>habeat</strong></span> <span class='ocrx_word' id='word_1_342' title='bbox 1866 3452 2121 3520; x_wconf 76' lang='lat' dir='ltr'><strong>formam;</strong></span> 
     </span>
    </p>
   </div>
   <div class='ocr_carea' id='block_1_50' title="bbox 551 3545 2123 3614">
    <p class='ocr_par' dir='ltr' id='par_1_50' title="bbox 551 3545 2123 3614">
     <span class='ocr_line' id='line_1_50' title="bbox 551 3545 2123 3614; baseline -0.004 -10"><span class='ocrx_word' id='word_1_343' title='bbox 551 3564 654 3605; x_wconf 86' lang='lat' dir='ltr'><strong>nec</strong></span> <span class='ocrx_word' id='word_1_344' title='bbox 682 3556 931 3603; x_wconf 85' lang='lat' dir='ltr'><strong>naturam</strong></span> <span class='ocrx_word' id='word_1_345' title='bbox 978 3547 1235 3612; x_wconf 84' lang='lat' dir='ltr'><strong>hominis,</strong></span> <span class='ocrx_word' id='word_1_346' title='bbox 1271 3561 1371 3600; x_wconf 89' lang='lat' dir='ltr'><strong>nec</strong></span> <span class='ocrx_word' id='word_1_347' title='bbox 1400 3545 1752 3609; x_wconf 84' lang='lat' dir='ltr'><strong>voluntatem,</strong></span> <span class='ocrx_word' id='word_1_348' title='bbox 1787 3558 1886 3598; x_wconf 87' lang='lat' dir='ltr'><strong>nec</strong></span> <span class='ocrx_word' id='word_1_349' title='bbox 1926 3558 2123 3614; x_wconf 86' lang='lat' dir='ltr'><strong>opera-</strong></span> 
     </span>
    </p>
   </div>
   <div class='ocr_carea' id='block_1_51' title="bbox 549 3634 2123 3706">
    <p class='ocr_par' dir='ltr' id='par_1_51' title="bbox 549 3634 2123 3706">
     <span class='ocr_line' id='line_1_51' title="bbox 549 3634 2123 3706; baseline -0.006 -10"><span class='ocrx_word' id='word_1_350' title='bbox 549 3642 777 3706; x_wconf 88' lang='lat' dir='ltr'><strong>tionem,</strong></span> <span class='ocrx_word' id='word_1_351' title='bbox 814 3655 912 3695; x_wconf 86' lang='lat' dir='ltr'><strong>ncc</strong></span> <span class='ocrx_word' id='word_1_352' title='bbox 939 3647 1123 3705; x_wconf 86' lang='lat' dir='ltr'><strong>caput,</strong></span> <span class='ocrx_word' id='word_1_353' title='bbox 1157 3654 1257 3693; x_wconf 90' lang='lat' dir='ltr'><strong>nee</strong></span> <span class='ocrx_word' id='word_1_354' title='bbox 1289 3652 1499 3699; x_wconf 79' lang='lat' dir='ltr'><strong>manus,</strong></span> <span class='ocrx_word' id='word_1_355' title='bbox 1542 3647 1639 3689; x_wconf 90' lang='lat' dir='ltr'><strong>nee</strong></span> <span class='ocrx_word' id='word_1_356' title='bbox 1670 3634 1876 3705; x_wconf 76' lang='lat' dir='ltr'><strong>pedes?</strong></span> <span class='ocrx_word' id='word_1_357' title='bbox 1900 3634 2051 3700; x_wconf 88' lang='lat' dir='ltr'><strong>Quod</strong></span> <span class='ocrx_word' id='word_1_358' title='bbox 2077 3634 2123 3689; x_wconf 87' lang='lat' dir='ltr'><strong>si</strong></span> 
     </span>
    </p>
   </div>
   <div class='ocr_carea' id='block_1_52' title="bbox 551 3726 2123 3797">
    <p class='ocr_par' dir='ltr' id='par_1_52' title="bbox 551 3726 2123 3797">
     <span class='ocr_line' id='line_1_52' title="bbox 551 3726 2123 3797; baseline -0.004 -10"><span class='ocrx_word' id='word_1_359' title='bbox 551 3735 729 3787; x_wconf 75' lang='lat' dir='ltr'><strong>omina</strong></span> <span class='ocrx_word' id='word_1_360' title='bbox 763 3734 876 3787; x_wconf 64' lang='lat' dir='ltr'><strong>haec</strong></span> <span class='ocrx_word' id='word_1_361' title='bbox 900 3734 1176 3787; x_wconf 88' lang='lat' dir='ltr'><strong>Christmn</strong></span> <span class='ocrx_word' id='word_1_362' title='bbox 1224 3730 1423 3785; x_wconf 84' lang='lat' dir='ltr'><strong>habere</strong></span> <span class='ocrx_word' id='word_1_363' title='bbox 1455 3726 1720 3792; x_wconf 79' lang='lat' dir='ltr'><strong>fatemini,</strong></span> <span class='ocrx_word' id='word_1_364' title='bbox 1752 3737 1915 3797; x_wconf 84' lang='lat' dir='ltr'><strong>atque</strong></span> <span class='ocrx_word' id='word_1_365' title='bbox 1947 3728 1999 3779; x_wconf 87' lang='lat' dir='ltr'><strong>id</strong></span> <span class='ocrx_word' id='word_1_366' title='bbox 2029 3741 2123 3780; x_wconf 86' lang='lat' dir='ltr'><strong>ve-</strong></span> 
     </span>
    </p>
   </div>
   <div class='ocr_carea' id='block_1_53' title="bbox 550 3821 2123 3893">
    <p class='ocr_par' dir='ltr' id='par_1_53' title="bbox 550 3821 2123 3893">
     <span class='ocr_line' id='line_1_53' title="bbox 550 3821 2123 3893; baseline -0.004 -15"><span class='ocrx_word' id='word_1_367' title='bbox 550 3825 733 3889; x_wconf 84' lang='lat' dir='ltr'><strong>ritate,</strong></span> <span class='ocrx_word' id='word_1_368' title='bbox 788 3839 895 3878; x_wconf 90' lang='lat' dir='ltr'><strong>non</strong></span> <span class='ocrx_word' id='word_1_369' title='bbox 948 3822 1306 3893; x_wconf 84' lang='lat' dir='ltr'><strong>apparentia,</strong></span> <span class='ocrx_word' id='word_1_370' title='bbox 1357 3823 1631 3891; x_wconf 84' lang='lat' dir='ltr'><strong>quomodo</strong></span> <span class='ocrx_word' id='word_1_371' title='bbox 1676 3834 1781 3875; x_wconf 87' lang='lat' dir='ltr'><strong>non</strong></span> <span class='ocrx_word' id='word_1_372' title='bbox 1842 3821 2123 3889; x_wconf 81' lang='lat' dir='ltr'><strong>perspicue</strong></span> 
     </span>
    </p>
   </div>
   <div class='ocr_carea' id='block_1_54' title="bbox 551 3914 2124 3983">
    <p class='ocr_par' dir='ltr' id='par_1_54' title="bbox 551 3914 2124 3983">
     <span class='ocr_line' id='line_1_54' title="bbox 551 3914 2124 3983; baseline -0.003 -12"><span class='ocrx_word' id='word_1_373' title='bbox 551 3917 688 3971; x_wconf 81' lang='lat' dir='ltr'><strong>duas</strong></span> <span class='ocrx_word' id='word_1_374' title='bbox 726 3916 890 3973; x_wconf 80' lang='lat' dir='ltr'><strong>habet</strong></span> <span class='ocrx_word' id='word_1_375' title='bbox 929 3928 1175 3980; x_wconf 85' lang='lat' dir='ltr'><strong>naturas,</strong></span> <span class='ocrx_word' id='word_1_376' title='bbox 1211 3915 1449 3969; x_wconf 81' lang='lat' dir='ltr'><strong>divinam</strong></span> <span class='ocrx_word' id='word_1_377' title='bbox 1496 3925 1658 3983; x_wconf 77' lang='lat' dir='ltr'><strong>atQue</strong></span> <span class='ocrx_word' id='word_1_378' title='bbox 1709 3914 2033 3978; x_wconf 83' lang='lat' dir='ltr'><strong>humanam,</strong></span> <span class='ocrx_word' id='word_1_379' title='bbox 2065 3921 2124 3966; x_wconf 90' lang='lat' dir='ltr'><strong>ut</strong></span> 
     </span>
    </p>
   </div>
   <div class='ocr_carea' id='block_1_55' title="bbox 552 4002 2121 4071">
    <p class='ocr_par' dir='ltr' id='par_1_55' title="bbox 552 4002 2121 4071">
     <span class='ocr_line' id='line_1_55' title="bbox 552 4002 2121 4071; baseline -0.004 -8"><span class='ocrx_word' id='word_1_380' title='bbox 552 4010 716 4063; x_wconf 82' lang='lat' dir='ltr'><strong>etiam</strong></span> <span class='ocrx_word' id='word_1_381' title='bbox 755 4011 861 4063; x_wconf 88' lang='lat' dir='ltr'><strong>duo</strong></span> <span class='ocrx_word' id='word_1_382' title='bbox 888 4007 1134 4071; x_wconf 86' lang='lat' dir='ltr'><strong>nomina,</strong></span> <span class='ocrx_word' id='word_1_383' title='bbox 1165 4005 1258 4063; x_wconf 84' lang='lat' dir='ltr'><strong>Dei</strong></span> <span class='ocrx_word' id='word_1_384' title='bbox 1307 4006 1561 4061; x_wconf 85' lang='lat' dir='ltr'><strong>nimirum</strong></span> <span class='ocrx_word' id='word_1_385' title='bbox 1605 4019 1671 4058; x_wconf 82' lang='lat' dir='ltr'><strong>ac</strong></span> <span class='ocrx_word' id='word_1_386' title='bbox 1700 4003 1936 4057; x_wconf 72' lang='lat' dir='ltr'><strong>hominis</strong></span> <span class='ocrx_word' id='word_1_387' title='bbox 1977 4002 2121 4057; x_wconf 85' lang='lat' dir='ltr'><strong>ohti-</strong></span> 
     </span>
    </p>
   </div>
   <div class='ocr_carea' id='block_1_56' title="bbox 553 4095 2118 4171">
    <p class='ocr_par' dir='ltr' id='par_1_56' title="bbox 553 4095 2118 4171">
     <span class='ocr_line' id='line_1_56' title="bbox 553 4095 2118 4171; baseline -0.003 -18"><span class='ocrx_word' id='word_1_388' title='bbox 553 4101 681 4155; x_wconf 86' lang='lat' dir='ltr'><strong>net&#39;!</strong></span> <span class='ocrx_word' id='word_1_389' title='bbox 713 4100 1046 4171; x_wconf 82' lang='lat' dir='ltr'><strong>Quapropter</strong></span> <span class='ocrx_word' id='word_1_390' title='bbox 1076 4100 1269 4169; x_wconf 87' lang='lat' dir='ltr'><strong>liquet,</strong></span> <span class='ocrx_word' id='word_1_391' title='bbox 1302 4114 1423 4152; x_wconf 89' lang='lat' dir='ltr'><strong>cum</strong></span> <span class='ocrx_word' id='word_1_392' title='bbox 1476 4112 1585 4151; x_wconf 88' lang='lat' dir='ltr'><strong>non</strong></span> <span class='ocrx_word' id='word_1_393' title='bbox 1638 4095 1775 4150; x_wconf 85' lang='lat' dir='ltr'><strong>duas</strong></span> <span class='ocrx_word' id='word_1_394' title='bbox 1814 4104 2038 4149; x_wconf 83' lang='lat' dir='ltr'><strong>naturas</strong></span> <span class='ocrx_word' id='word_1_395' title='bbox 2064 4096 2118 4149; x_wconf 90' lang='lat' dir='ltr'><strong>in</strong></span> 
     </span>
    </p>
   </div>
   <div class='ocr_carea' id='block_1_57' title="bbox 554 4187 2120 4260">
    <p class='ocr_par' dir='ltr' id='par_1_57' title="bbox 554 4187 2120 4260">
     <span class='ocr_line' id='line_1_57' title="bbox 554 4187 2120 4260; baseline -0.004 -13"><span class='ocrx_word' id='word_1_396' title='bbox 554 4192 773 4248; x_wconf 85' lang='lat' dir='ltr'><strong>Christo</strong></span> <span class='ocrx_word' id='word_1_397' title='bbox 799 4192 1100 4260; x_wconf 80' lang='lat' dir='ltr'><strong>fateamini,</strong></span> <span class='ocrx_word' id='word_1_398' title='bbox 1125 4193 1288 4246; x_wconf 89' lang='lat' dir='ltr'><strong>Deum</strong></span> <span class='ocrx_word' id='word_1_399' title='bbox 1321 4206 1418 4245; x_wconf 80' lang='lat' dir='ltr'><strong>vos</strong></span> <span class='ocrx_word' id='word_1_400' title='bbox 1447 4206 1511 4244; x_wconf 90' lang='lat' dir='ltr'><strong>ac</strong></span> <span class='ocrx_word' id='word_1_401' title='bbox 1540 4189 1809 4244; x_wconf 89' lang='lat' dir='ltr'><strong>hominem</strong></span> <span class='ocrx_word' id='word_1_402' title='bbox 1839 4187 2120 4241; x_wconf 86' lang='lat' dir='ltr'><strong>Christum</strong></span> 
     </span>
    </p>
   </div>
   <div class='ocr_carea' id='block_1_58' title="bbox 555 4280 2062 4354">
    <p class='ocr_par' dir='ltr' id='par_1_58' title="bbox 555 4280 2062 4354">
     <span class='ocr_line' id='line_1_58' title="bbox 555 4280 2062 4354; baseline -0.005 -15"><span class='ocrx_word' id='word_1_403' title='bbox 555 4284 736 4340; x_wconf 86' lang='lat' dir='ltr'><strong>dicere</strong></span> <span class='ocrx_word' id='word_1_404' title='bbox 771 4302 867 4354; x_wconf 86' lang='lat' dir='ltr'><strong>per</strong></span> <span class='ocrx_word' id='word_1_405' title='bbox 898 4287 1323 4349; x_wconf 84' lang='lat' dir='ltr'><strong>simulationem,</strong></span> <span class='ocrx_word' id='word_1_406' title='bbox 1354 4292 1413 4337; x_wconf 91' lang='lat' dir='ltr'><strong>ut</strong></span> <span class='ocrx_word' id='word_1_407' title='bbox 1447 4283 1723 4335; x_wconf 81' lang='lat' dir='ltr'><strong>auditores</strong></span> <span class='ocrx_word' id='word_1_408' title='bbox 1754 4280 2062 4348; x_wconf 82' lang='lat' dir='ltr'><strong>decipiatis.</strong></span> 
     </span>
    </p>
   </div>
   <div class='ocr_carea' id='block_1_59' title="bbox 632 4369 2117 4444">
    <p class='ocr_par' dir='ltr' id='par_1_59' title="bbox 632 4369 2117 4444">
     <span class='ocr_line' id='line_1_59' title="bbox 632 4369 2117 4444; baseline -0.003 -19"><span class='ocrx_word' id='word_1_409' title='bbox 632 4374 691 4428; x_wconf 86' lang='lat' dir='ltr'><strong>V.</strong></span> <span class='ocrx_word' id='word_1_410' title='bbox 727 4374 1005 4444; x_wconf 80' lang='lat' dir='ltr'><strong>Siquidem</strong></span> <span class='ocrx_word' id='word_1_411' title='bbox 1045 4389 1175 4442; x_wconf 72' lang='lat' dir='ltr'><strong>ergo</strong></span> <span class='ocrx_word' id='word_1_412' title='bbox 1224 4374 1425 4427; x_wconf 89' lang='lat' dir='ltr'><strong>Christi</strong></span> <span class='ocrx_word' id='word_1_413' title='bbox 1452 4386 1581 4425; x_wconf 84' lang='lat' dir='ltr'><strong>caro</strong></span> <span class='ocrx_word' id='word_1_414' title='bbox 1622 4371 1895 4424; x_wconf 87' lang='lat' dir='ltr'><strong>demutata</strong></span> <span class='ocrx_word' id='word_1_415' title='bbox 1949 4378 2033 4424; x_wconf 87' lang='lat' dir='ltr'><strong>est</strong></span> <span class='ocrx_word' id='word_1_416' title='bbox 2063 4369 2117 4423; x_wconf 92' lang='lat' dir='ltr'><strong>in</strong></span> 
     </span>
    </p>
   </div>
   <div class='ocr_carea' id='block_1_60' title="bbox 2225 1891 3807 1961">
    <p class='ocr_par' dir='ltr' id='par_1_60' title="bbox 2225 1891 3807 1961">
     <span class='ocr_line' id='line_1_60' title="bbox 2225 1891 3807 1961; baseline 0.001 -18"><span class='ocrx_word' id='word_1_417' title='bbox 2225 1891 2325 1956; x_wconf 72' lang='grc' dir='ltr'><strong>τῆς</strong></span> <span class='ocrx_word' id='word_1_418' title='bbox 2352 1893 2680 1958; x_wconf 82' lang='grc' dir='ltr'>σαρκώσεως</span> <span class='ocrx_word' id='word_1_419' title='bbox 2709 1894 2764 1944; x_wconf 71' lang='grc' dir='ltr'>ὲν</span> <span class='ocrx_word' id='word_1_420' title='bbox 2795 1892 3016 1961; x_wconf 78' lang='grc' dir='ltr'><strong>Χριστῷ</strong></span> <span class='ocrx_word' id='word_1_421' title='bbox 3045 1891 3429 1961; x_wconf 80' lang='grc' dir='ltr'>κηρύττοντες,</span> <span class='ocrx_word' id='word_1_422' title='bbox 3462 1893 3523 1943; x_wconf 85' lang='grc' dir='ltr'><strong>οὑ</strong></span> <span class='ocrx_word' id='word_1_423' title='bbox 3549 1893 3807 1960; x_wconf 78' lang='grc' dir='ltr'>φρίττου-</span> 
     </span>
    </p>
   </div>
   <div class='ocr_carea' id='block_1_61' title="bbox 2227 1982 3805 2054">
    <p class='ocr_par' dir='ltr' id='par_1_61' title="bbox 2227 1982 3805 2054">
     <span class='ocr_line' id='line_1_61' title="bbox 2227 1982 3805 2054; baseline 0.001 -20"><span class='ocrx_word' id='word_1_424' title='bbox 2227 1999 2348 2047; x_wconf 77' lang='grc' dir='ltr'>σινς</span> <span class='ocrx_word' id='word_1_425' title='bbox 2389 1985 2451 2036; x_wconf 85' lang='grc' dir='ltr'>Οί</span> <span class='ocrx_word' id='word_1_426' title='bbox 2480 1983 2537 2036; x_wconf 78' lang='grc' dir='ltr'><strong>δὲ</strong></span> <span class='ocrx_word' id='word_1_427' title='bbox 2570 1982 2662 2037; x_wconf 76' lang='grc' dir='ltr'>τὸν</span> <span class='ocrx_word' id='word_1_428' title='bbox 2705 1983 2923 2052; x_wconf 76' lang='grc' dir='ltr'>ἔλεγχον</span> <span class='ocrx_word' id='word_1_429' title='bbox 2973 1983 3082 2036; x_wconf 83' lang='grc' dir='ltr'>τῶν</span> <span class='ocrx_word' id='word_1_430' title='bbox 3136 1982 3401 2036; x_wconf 75' lang='grc' dir='ltr'>ἀσεϐειῶν</span> <span class='ocrx_word' id='word_1_431' title='bbox 3437 1983 3805 2054; x_wconf 70' lang='grc' dir='ltr'>ὑφορώμεντι,</span> 
     </span>
    </p>
   </div>
   <div class='ocr_carea' id='block_1_62' title="bbox 2226 2076 3806 2147">
    <p class='ocr_par' dir='ltr' id='par_1_62' title="bbox 2226 2076 3806 2147">
     <span class='ocr_line' id='line_1_62' title="bbox 2226 2076 3806 2147; baseline -0.001 -17"><span class='ocrx_word' id='word_1_432' title='bbox 2226 2078 2285 2130; x_wconf 76' lang='grc' dir='ltr'>ὲν</span> <span class='ocrx_word' id='word_1_433' title='bbox 2316 2076 2603 2146; x_wconf 80' lang='grc' dir='ltr'>ὑποκρίσει</span> <span class='ocrx_word' id='word_1_434' title='bbox 2636 2078 3023 2147; x_wconf 80' lang='grc' dir='ltr'>ἀποκρίνονται</span> <span class='ocrx_word' id='word_1_435' title='bbox 3052 2092 3066 2107; x_wconf 89' lang='grc'>⁶</span> <span class='ocrx_word' id='word_1_436' title='bbox 3108 2077 3239 2143; x_wconf 75' lang='grc' dir='ltr'>Ναὶ,</span> <span class='ocrx_word' id='word_1_437' title='bbox 3301 2079 3487 2146; x_wconf 63' lang='grc' dir='ltr'>φασιν,</span> <span class='ocrx_word' id='word_1_438' title='bbox 3532 2078 3670 2131; x_wconf 67' lang='lat' dir='ltr'><strong>Elsz</strong></span> <span class='ocrx_word' id='word_1_439' title='bbox 3712 2081 3806 2133; x_wconf 72' lang='grc' dir='ltr'><strong>καὶ</strong></span> 
     </span>
    </p>
   </div>
   <div class='ocr_carea' id='block_1_63' title="bbox 2226 2166 3804 2240">
    <p class='ocr_par' dir='ltr' id='par_1_63' title="bbox 2226 2166 3804 2240">
     <span class='ocr_line' id='line_1_63' title="bbox 2226 2166 3804 2240; baseline 0 -19"><span class='ocrx_word' id='word_1_440' title='bbox 2226 2166 2514 2238; x_wconf 76' lang='grc' dir='ltr'>ἄνθρωπον</span> <span class='ocrx_word' id='word_1_441' title='bbox 2555 2169 2788 2238; x_wconf 79' lang='grc' dir='ltr'>λέγομεν</span> <span class='ocrx_word' id='word_1_442' title='bbox 2817 2169 2909 2221; x_wconf 74' lang='grc' dir='ltr'><strong>τὸν</strong></span> <span class='ocrx_word' id='word_1_443' title='bbox 2951 2169 3207 2237; x_wconf 73' lang='grc' dir='ltr'>Χριστόν.</span> <span class='ocrx_word' id='word_1_444' title='bbox 3251 2170 3394 2239; x_wconf 75' lang='grc' dir='ltr'><strong>Πρὸς</strong></span> <span class='ocrx_word' id='word_1_445' title='bbox 3429 2168 3526 2232; x_wconf 81' lang='grc' dir='ltr'><strong>οὓς</strong></span> <span class='ocrx_word' id='word_1_446' title='bbox 3568 2170 3804 2240; x_wconf 76' lang='grc' dir='ltr'>ῥητέονο</span> 
     </span>
    </p>
   </div>
   <div class='ocr_carea' id='block_1_64' title="bbox 2225 2258 3805 2331">
    <p class='ocr_par' dir='ltr' id='par_1_64' title="bbox 2225 2258 3805 2331">
     <span class='ocr_line' id='line_1_64' title="bbox 2225 2258 3805 2331; baseline 0.002 -21"><span class='ocrx_word' id='word_1_447' title='bbox 2225 2258 2309 2311; x_wconf 86' lang='grc' dir='ltr'>ὅτι</span> <span class='ocrx_word' id='word_1_448' title='bbox 2358 2258 2539 2321; x_wconf 84' lang='grc' dir='ltr'>καλῶς</span> <span class='ocrx_word' id='word_1_449' title='bbox 2570 2259 2777 2327; x_wconf 69' lang='grc' dir='ltr'>ἔγραψε</span> <span class='ocrx_word' id='word_1_450' title='bbox 2831 2260 2961 2331; x_wconf 74' lang='grc' dir='ltr'>περὶ</span> <span class='ocrx_word' id='word_1_451' title='bbox 2992 2260 3148 2330; x_wconf 80' lang='grc' dir='ltr'>ὑμῶν</span> <span class='ocrx_word' id='word_1_452' title='bbox 3178 2262 3205 2313; x_wconf 80' lang='grc' dir='ltr'>ὁ</span> <span class='ocrx_word' id='word_1_453' title='bbox 3242 2262 3411 2329; x_wconf 79' lang='grc' dir='ltr'>μέγας</span> <span class='ocrx_word' id='word_1_454' title='bbox 3444 2260 3750 2331; x_wconf 79' lang='grc' dir='ltr'>Γρηγόριος</span> <span class='ocrx_word' id='word_1_455' title='bbox 3776 2261 3805 2313; x_wconf 82' lang='grc' dir='ltr'><strong>ὁ</strong></span> 
     </span>
    </p>
   </div>
   <div class='ocr_carea' id='block_1_65' title="bbox 2225 2348 3804 2423">
    <p class='ocr_par' dir='ltr' id='par_1_65' title="bbox 2225 2348 3804 2423">
     <span class='ocr_line' id='line_1_65' title="bbox 2225 2348 3804 2423; baseline 0.003 -22"><span class='ocrx_word' id='word_1_456' title='bbox 2225 2348 2489 2417; x_wconf 83' lang='grc' dir='ltr'>Θεολόγος</span> <span class='ocrx_word' id='word_1_457' title='bbox 2513 2367 2529 2382; x_wconf 90' lang='grc'><strong>·</strong></span> <span class='ocrx_word' id='word_1_458' title='bbox 2564 2368 2581 2399; x_wconf 88' lang='grc' dir='ltr'><strong>ι</strong></span> <span class='ocrx_word' id='word_1_459' title='bbox 2617 2351 2728 2420; x_wconf 71' lang='grc' dir='ltr'><strong>Οὒχ</strong></span> <span class='ocrx_word' id='word_1_460' title='bbox 2769 2349 2975 2405; x_wconf 74' lang='grc' dir='ltr'>ἁπλοῦν</span> <span class='ocrx_word' id='word_1_461' title='bbox 2999 2352 3157 2420; x_wconf 79' lang='grc' dir='ltr'>γένος</span> <span class='ocrx_word' id='word_1_462' title='bbox 3191 2352 3428 2422; x_wconf 76' lang='grc' dir='ltr'>εὑρίσκω</span> <span class='ocrx_word' id='word_1_463' title='bbox 3452 2353 3562 2405; x_wconf 85' lang='grc' dir='ltr'>τῶν</span> <span class='ocrx_word' id='word_1_464' title='bbox 3600 2352 3804 2423; x_wconf 80' lang='grc' dir='ltr'>Ἀρμε-</span> 
     </span>
    </p>
   </div>
   <div class='ocr_carea' id='block_1_66' title="bbox 2225 2442 3801 2513">
    <p class='ocr_par' dir='ltr' id='par_1_66' title="bbox 2225 2442 3801 2513">
     <span class='ocr_line' id='line_1_66' title="bbox 2225 2442 3801 2513; baseline 0.002 -19"><span class='ocrx_word' id='word_1_465' title='bbox 2225 2444 2354 2495; x_wconf 83' lang='grc' dir='ltr'>νίων</span> <span class='ocrx_word' id='word_1_466' title='bbox 2374 2458 2390 2473; x_wconf 85' lang='grc'><strong>·</strong></span> <span class='ocrx_word' id='word_1_467' title='bbox 2415 2443 2549 2496; x_wconf 80' lang='grc' dir='ltr'><strong>ἀλλά</strong></span> <span class='ocrx_word' id='word_1_468' title='bbox 2567 2443 2689 2496; x_wconf 85' lang='grc' dir='ltr'>λίαν</span> <span class='ocrx_word' id='word_1_469' title='bbox 2711 2444 2953 2513; x_wconf 76' lang='grc' dir='ltr'>κρυπτὸν</span> <span class='ocrx_word' id='word_1_470' title='bbox 2983 2461 3043 2498; x_wconf 89' lang='grc' dir='ltr'><strong>τε</strong></span> <span class='ocrx_word' id='word_1_471' title='bbox 3067 2445 3161 2497; x_wconf 74' lang='grc' dir='ltr'><strong>καὶ</strong></span> <span class='ocrx_word' id='word_1_472' title='bbox 3185 2442 3389 2513; x_wconf 74' lang='grc' dir='ltr'>ὕφαλον</span> <span class='ocrx_word' id='word_1_473' title='bbox 3417 2461 3430 2474; x_wconf 88' lang='grc'><strong>·</strong></span> <span class='ocrx_word' id='word_1_474' title='bbox 3460 2465 3477 2497; x_wconf 71' lang='grc' dir='ltr'><strong>ι</strong></span> <span class='ocrx_word' id='word_1_475' title='bbox 3500 2448 3801 2513; x_wconf 79' lang='grc' dir='ltr'>τουτέστιν,</span> 
     </span>
    </p>
   </div>
   <div class='ocr_carea' id='block_1_67' title="bbox 2226 2534 3803 2606">
    <p class='ocr_par' dir='ltr' id='par_1_67' title="bbox 2226 2534 3803 2606">
     <span class='ocr_line' id='line_1_67' title="bbox 2226 2534 3803 2606; baseline 0.002 -21"><span class='ocrx_word' id='word_1_476' title='bbox 2226 2534 2325 2586; x_wconf 85' lang='grc' dir='ltr'><strong>οὑκ</strong></span> <span class='ocrx_word' id='word_1_477' title='bbox 2365 2534 2559 2604; x_wconf 80' lang='grc' dir='ltr'>ὸρῦοὑς</span> <span class='ocrx_word' id='word_1_478' title='bbox 2590 2534 2686 2588; x_wconf 75' lang='grc' dir='ltr'>καὶ</span> <span class='ocrx_word' id='word_1_479' title='bbox 2720 2537 3009 2604; x_wconf 72' lang='grc' dir='ltr'>φανεροὺς,</span> <span class='ocrx_word' id='word_1_480' title='bbox 3057 2535 3194 2589; x_wconf 82' lang='grc' dir='ltr'>ἀλλὰ</span> <span class='ocrx_word' id='word_1_481' title='bbox 3239 2538 3334 2589; x_wconf 83' lang='grc' dir='ltr'><strong>καὶ</strong></span> <span class='ocrx_word' id='word_1_482' title='bbox 3375 2537 3581 2606; x_wconf 73' lang='grc' dir='ltr'>σφόδρα</span> <span class='ocrx_word' id='word_1_483' title='bbox 3631 2551 3803 2606; x_wconf 74' lang='grc' dir='ltr'>πονη-</span> 
     </span>
    </p>
   </div>
   <div class='ocr_carea' id='block_1_68' title="bbox 2227 2626 3801 2701">
    <p class='ocr_par' dir='ltr' id='par_1_68' title="bbox 2227 2626 3801 2701">
     <span class='ocr_line' id='line_1_68' title="bbox 2227 2626 3801 2701; baseline 0.002 -23"><span class='ocrx_word' id='word_1_484' title='bbox 2227 2627 2354 2696; x_wconf 75' lang='grc' dir='ltr'>ροὺς</span> <span class='ocrx_word' id='word_1_485' title='bbox 2391 2628 2483 2679; x_wconf 74' lang='grc' dir='ltr'><strong>καὶ</strong></span> <span class='ocrx_word' id='word_1_486' title='bbox 2513 2626 2799 2696; x_wconf 76' lang='grc' dir='ltr'>κρυφίους.</span> <span class='ocrx_word' id='word_1_487' title='bbox 2837 2627 2898 2682; x_wconf 83' lang='grc' dir='ltr'><strong>Εἰ</strong></span> <span class='ocrx_word' id='word_1_488' title='bbox 2924 2628 3032 2699; x_wconf 65' lang='grc' dir='ltr'>γὰρ</span> <span class='ocrx_word' id='word_1_489' title='bbox 3063 2631 3198 2699; x_wconf 74' lang='grc' dir='ltr'>μήτε</span> <span class='ocrx_word' id='word_1_490' title='bbox 3226 2628 3411 2701; x_wconf 80' lang='grc' dir='ltr'>σάρκα</span> <span class='ocrx_word' id='word_1_491' title='bbox 3455 2633 3550 2683; x_wconf 79' lang='grc' dir='ltr'>καὶ</span> <span class='ocrx_word' id='word_1_492' title='bbox 3583 2631 3721 2683; x_wconf 78' lang='grc' dir='ltr'>ὀστᾶ</span> <span class='ocrx_word' id='word_1_493' title='bbox 3746 2632 3801 2682; x_wconf 73' lang='grc' dir='ltr'>ἐν</span> 
     </span>
    </p>
   </div>
   <div class='ocr_carea' id='block_1_69' title="bbox 2226 2715 3800 2791">
    <p class='ocr_par' dir='ltr' id='par_1_69' title="bbox 2226 2715 3800 2791">
     <span class='ocr_line' id='line_1_69' title="bbox 2226 2715 3800 2791; baseline 0.001 -23"><span class='ocrx_word' id='word_1_494' title='bbox 2226 2715 2448 2787; x_wconf 81' lang='grc' dir='ltr'>Χριστῷ</span> <span class='ocrx_word' id='word_1_495' title='bbox 2492 2719 2807 2789; x_wconf 79' lang='grc' dir='ltr'>ὁμολογεῖτε</span> <span class='ocrx_word' id='word_1_496' title='bbox 2840 2734 2856 2749; x_wconf 75' lang='grc' dir='ltr'><strong>ο</strong></span> <span class='ocrx_word' id='word_1_497' title='bbox 2896 2720 3035 2788; x_wconf 82' lang='grc' dir='ltr'>μήτε</span> <span class='ocrx_word' id='word_1_498' title='bbox 3084 2720 3247 2786; x_wconf 77' lang='grc' dir='ltr'>φύσιν</span> <span class='ocrx_word' id='word_1_499' title='bbox 3289 2719 3605 2791; x_wconf 75' lang='grc' dir='ltr'>ἀνορὼπου,</span> <span class='ocrx_word' id='word_1_500' title='bbox 3662 2722 3800 2789; x_wconf 81' lang='grc' dir='ltr'>μήτε</span> 
     </span>
    </p>
   </div>
   <div class='ocr_carea' id='block_1_70' title="bbox 2226 2807 3805 2881">
    <p class='ocr_par' dir='ltr' id='par_1_70' title="bbox 2226 2807 3805 2881">
     <span class='ocr_line' id='line_1_70' title="bbox 2226 2807 3805 2881; baseline 0.001 -21"><span class='ocrx_word' id='word_1_501' title='bbox 2226 2808 2530 2878; x_wconf 77' lang='grc' dir='ltr'>ἐνέργειαν,</span> <span class='ocrx_word' id='word_1_502' title='bbox 2566 2809 2705 2879; x_wconf 84' lang='grc' dir='ltr'>μήτε</span> <span class='ocrx_word' id='word_1_503' title='bbox 2741 2808 2930 2861; x_wconf 74' lang='grc' dir='ltr'>δούλου</span> <span class='ocrx_word' id='word_1_504' title='bbox 2968 2807 3205 2881; x_wconf 72' lang='grc' dir='ltr'>μορφὴν,</span> <span class='ocrx_word' id='word_1_505' title='bbox 3248 2811 3385 2879; x_wconf 74' lang='grc' dir='ltr'>μήτε</span> <span class='ocrx_word' id='word_1_506' title='bbox 3433 2810 3589 2879; x_wconf 81' lang='grc' dir='ltr'>σῶμα</span> <span class='ocrx_word' id='word_1_507' title='bbox 3626 2810 3805 2878; x_wconf 74' lang='grc' dir='ltr'>παθη-</span> 
     </span>
    </p>
   </div>
   <div class='ocr_carea' id='block_1_71' title="bbox 2224 2899 3802 2971">
    <p class='ocr_par' dir='ltr' id='par_1_71' title="bbox 2224 2899 3802 2971">
     <span class='ocr_line' id='line_1_71' title="bbox 2224 2899 3802 2971; baseline -0.001 -18"><span class='ocrx_word' id='word_1_508' title='bbox 2224 2901 2338 2964; x_wconf 64' lang='grc' dir='ltr'>τὶν,</span> <span class='ocrx_word' id='word_1_509' title='bbox 2374 2902 2465 2953; x_wconf 79' lang='grc' dir='ltr'>καὶ</span> <span class='ocrx_word' id='word_1_510' title='bbox 2497 2899 2712 2971; x_wconf 62' lang='grc' dir='ltr'>θνητὸν,</span> <span class='ocrx_word' id='word_1_511' title='bbox 2750 2902 2843 2952; x_wconf 72' lang='grc' dir='ltr'><strong>καὶ</strong></span> <span class='ocrx_word' id='word_1_512' title='bbox 2878 2899 3141 2968; x_wconf 76' lang='grc' dir='ltr'>φῦαρτδν,</span> <span class='ocrx_word' id='word_1_513' title='bbox 3168 2903 3263 2955; x_wconf 75' lang='grc' dir='ltr'>καὶ</span> <span class='ocrx_word' id='word_1_514' title='bbox 3298 2902 3430 2971; x_wconf 75' lang='grc' dir='ltr'><strong>ἡμῖν</strong></span> <span class='ocrx_word' id='word_1_515' title='bbox 3464 2901 3754 2970; x_wconf 74' lang='grc' dir='ltr'>ὀμοοὺσιον</span> <span class='ocrx_word' id='word_1_516' title='bbox 3786 2916 3802 2931; x_wconf 91' lang='grc'><strong>·</strong></span> 
     </span>
    </p>
   </div>
   <div class='ocr_carea' id='block_1_72' title="bbox 2226 2991 3805 3064">
    <p class='ocr_par' dir='ltr' id='par_1_72' title="bbox 2226 2991 3805 3064">
     <span class='ocr_line' id='line_1_72' title="bbox 2226 2991 3805 3064; baseline 0.001 -20"><span class='ocrx_word' id='word_1_517' title='bbox 2226 2993 2363 3046; x_wconf 68' lang='grc' dir='ltr'>ἀλλὰ</span> <span class='ocrx_word' id='word_1_518' title='bbox 2394 2992 2525 3062; x_wconf 86' lang='grc' dir='ltr'>μίαν</span> <span class='ocrx_word' id='word_1_519' title='bbox 2562 2992 2751 3061; x_wconf 77' lang='grc' dir='ltr'>φύσιν,</span> <span class='ocrx_word' id='word_1_520' title='bbox 2783 2992 2911 3061; x_wconf 83' lang='grc' dir='ltr'>ὅλην</span> <span class='ocrx_word' id='word_1_521' title='bbox 2947 2991 3198 3064; x_wconf 77' lang='grc' dir='ltr'>θεότητα,</span> <span class='ocrx_word' id='word_1_522' title='bbox 3227 2993 3406 3064; x_wconf 85' lang='grc' dir='ltr'>ἀπλῆν</span> <span class='ocrx_word' id='word_1_523' title='bbox 3434 2993 3531 3047; x_wconf 78' lang='grc' dir='ltr'>καὶ</span> <span class='ocrx_word' id='word_1_524' title='bbox 3567 2993 3805 3047; x_wconf 72' lang='grc' dir='ltr'>ἀσύνθε-</span> 
     </span>
    </p>
   </div>
   <div class='ocr_carea' id='block_1_73' title="bbox 2226 3084 3805 3156">
    <p class='ocr_par' dir='ltr' id='par_1_73' title="bbox 2226 3084 3805 3156">
     <span class='ocr_line' id='line_1_73' title="bbox 2226 3084 3805 3156; baseline 0 -18"><span class='ocrx_word' id='word_1_525' title='bbox 2226 3101 2356 3139; x_wconf 87' lang='grc' dir='ltr'>τον·</span> <span class='ocrx_word' id='word_1_526' title='bbox 2398 3085 2513 3149; x_wconf 84' lang='grc' dir='ltr'><strong>πώς</strong></span> <span class='ocrx_word' id='word_1_527' title='bbox 2563 3084 2696 3138; x_wconf 78' lang='grc' dir='ltr'>Θεδν</span> <span class='ocrx_word' id='word_1_528' title='bbox 2748 3085 2842 3137; x_wconf 73' lang='grc' dir='ltr'>καὶ</span> <span class='ocrx_word' id='word_1_529' title='bbox 2891 3084 3184 3155; x_wconf 77' lang='grc' dir='ltr'>ἄνθρωπον</span> <span class='ocrx_word' id='word_1_530' title='bbox 3223 3086 3280 3137; x_wconf 75' lang='grc' dir='ltr'>ὲν</span> <span class='ocrx_word' id='word_1_531' title='bbox 3328 3084 3614 3155; x_wconf 81' lang='grc' dir='ltr'>ὑποκρίσει</span> <span class='ocrx_word' id='word_1_532' title='bbox 3664 3086 3805 3156; x_wconf 69' lang='grc' dir='ltr'>πρὸς</span> 
     </span>
    </p>
   </div>
   <div class='ocr_carea' id='block_1_74' title="bbox 2228 3176 3802 3249">
    <p class='ocr_par' dir='ltr' id='par_1_74' title="bbox 2228 3176 3802 3249">
     <span class='ocr_line' id='line_1_74' title="bbox 2228 3176 3802 3249; baseline -0.002 -17"><span class='ocrx_word' id='word_1_533' title='bbox 2228 3177 2450 3246; x_wconf 77' lang='grc' dir='ltr'>ἀπάτην</span> <span class='ocrx_word' id='word_1_534' title='bbox 2488 3177 2599 3231; x_wconf 82' lang='grc' dir='ltr'>τῶν</span> <span class='ocrx_word' id='word_1_535' title='bbox 2628 3177 2937 3231; x_wconf 79' lang='grc' dir='ltr'>ἀκουόντων</span> <span class='ocrx_word' id='word_1_536' title='bbox 2977 3176 3254 3245; x_wconf 82' lang='grc' dir='ltr'>λέγοντες,</span> <span class='ocrx_word' id='word_1_537' title='bbox 3300 3177 3402 3231; x_wconf 90' lang='grc' dir='ltr'><strong>οὑκ</strong></span> <span class='ocrx_word' id='word_1_538' title='bbox 3440 3176 3802 3249; x_wconf 76' lang='grc' dir='ltr'>αἰσχύνεσθες</span> 
     </span>
    </p>
   </div>
   <div class='ocr_carea' id='block_1_75' title="bbox 2228 3270 3803 3344">
    <p class='ocr_par' dir='ltr' id='par_1_75' title="bbox 2228 3270 3803 3344">
     <span class='ocr_line' id='line_1_75' title="bbox 2228 3270 3803 3344; baseline 0 -19"><span class='ocrx_word' id='word_1_539' title='bbox 2228 3272 2479 3336; x_wconf 78' lang='grc' dir='ltr'>Ποταπὺς</span> <span class='ocrx_word' id='word_1_540' title='bbox 2499 3270 2785 3344; x_wconf 79' lang='grc' dir='ltr'>ἄνθρωπός</span> <span class='ocrx_word' id='word_1_541' title='bbox 2814 3273 2962 3325; x_wconf 80' lang='grc' dir='ltr'>ἐστιν</span> <span class='ocrx_word' id='word_1_542' title='bbox 2990 3272 3018 3322; x_wconf 84' lang='grc' dir='ltr'>ὀ</span> <span class='ocrx_word' id='word_1_543' title='bbox 3049 3272 3306 3342; x_wconf 68' lang='grc' dir='ltr'>Χριστὸς,</span> <span class='ocrx_word' id='word_1_544' title='bbox 3342 3270 3417 3344; x_wconf 77' lang='grc' dir='ltr'><strong>μὴ</strong></span> <span class='ocrx_word' id='word_1_545' title='bbox 3450 3272 3586 3339; x_wconf 65' lang='grc' dir='ltr'>ἔνων</span> <span class='ocrx_word' id='word_1_546' title='bbox 3616 3272 3803 3341; x_wconf 69' lang='grc' dir='ltr'>σάρκα</span> 
     </span>
    </p>
   </div>
   <div class='ocr_carea' id='block_1_76' title="bbox 2226 3360 3803 3433">
    <p class='ocr_par' dir='ltr' id='par_1_76' title="bbox 2226 3360 3803 3433">
     <span class='ocr_line' id='line_1_76' title="bbox 2226 3360 3803 3433; baseline -0.001 -18"><span class='ocrx_word' id='word_1_547' title='bbox 2226 3362 2319 3416; x_wconf 69' lang='grc' dir='ltr'>καὶ</span> <span class='ocrx_word' id='word_1_548' title='bbox 2359 3362 2495 3415; x_wconf 84' lang='grc' dir='ltr'>ὀστᾶ</span> <span class='ocrx_word' id='word_1_549' title='bbox 2525 3364 2621 3416; x_wconf 79' lang='grc' dir='ltr'>καὶ</span> <span class='ocrx_word' id='word_1_550' title='bbox 2661 3362 2874 3432; x_wconf 65' lang='grc' dir='ltr'>μορφὴν</span> <span class='ocrx_word' id='word_1_551' title='bbox 2907 3360 3123 3427; x_wconf 86' lang='grc' dir='ltr'>δούλου,</span> <span class='ocrx_word' id='word_1_552' title='bbox 3169 3363 3264 3414; x_wconf 78' lang='grc' dir='ltr'>καὶ</span> <span class='ocrx_word' id='word_1_553' title='bbox 3301 3361 3463 3429; x_wconf 78' lang='grc' dir='ltr'>φύσιν</span> <span class='ocrx_word' id='word_1_554' title='bbox 3485 3360 3803 3433; x_wconf 77' lang='grc' dir='ltr'>ἀνθρώπου,</span> 
     </span>
    </p>
   </div>
   <div class='ocr_carea' id='block_1_77' title="bbox 2226 3454 3807 3526">
    <p class='ocr_par' dir='ltr' id='par_1_77' title="bbox 2226 3454 3807 3526">
     <span class='ocr_line' id='line_1_77' title="bbox 2226 3454 3807 3526; baseline -0.002 -15"><span class='ocrx_word' id='word_1_555' title='bbox 2226 3455 2322 3511; x_wconf 76' lang='grc' dir='ltr'>καὶ</span> <span class='ocrx_word' id='word_1_556' title='bbox 2345 3454 2586 3526; x_wconf 76' lang='grc' dir='ltr'>οέλησιν,</span> <span class='ocrx_word' id='word_1_557' title='bbox 2609 3456 2703 3508; x_wconf 81' lang='grc' dir='ltr'>καὶ</span> <span class='ocrx_word' id='word_1_558' title='bbox 2734 3455 3037 3525; x_wconf 76' lang='grc' dir='ltr'>ἐνέργειαν,</span> <span class='ocrx_word' id='word_1_559' title='bbox 3070 3456 3163 3509; x_wconf 70' lang='grc' dir='ltr'>καὶ</span> <span class='ocrx_word' id='word_1_560' title='bbox 3189 3454 3448 3525; x_wconf 76' lang='grc' dir='ltr'>κεφαλὴν,</span> <span class='ocrx_word' id='word_1_561' title='bbox 3470 3454 3564 3507; x_wconf 80' lang='grc' dir='ltr'>καὶ</span> <span class='ocrx_word' id='word_1_562' title='bbox 3584 3455 3807 3525; x_wconf 76' lang='grc' dir='ltr'>κείρας,</span> 
     </span>
    </p>
   </div>
   <div class='ocr_carea' id='block_1_78' title="bbox 2226 3544 3809 3616">
    <p class='ocr_par' dir='ltr' id='par_1_78' title="bbox 2226 3544 3809 3616">
     <span class='ocr_line' id='line_1_78' title="bbox 2226 3544 3809 3616; baseline -0.001 -15"><span class='ocrx_word' id='word_1_563' title='bbox 2226 3547 2323 3601; x_wconf 78' lang='grc' dir='ltr'>καὶ</span> <span class='ocrx_word' id='word_1_564' title='bbox 2352 3546 2551 3613; x_wconf 80' lang='grc' dir='ltr'><strong>πόδας;</strong></span> <span class='ocrx_word' id='word_1_565' title='bbox 2590 3546 2652 3600; x_wconf 75' lang='lat' dir='ltr'><strong>Et</strong></span> <span class='ocrx_word' id='word_1_566' title='bbox 2688 3546 2744 3599; x_wconf 78' lang='grc' dir='ltr'><strong>δὲ</strong></span> <span class='ocrx_word' id='word_1_567' title='bbox 2768 3545 2945 3599; x_wconf 85' lang='grc' dir='ltr'>ταῦτα</span> <span class='ocrx_word' id='word_1_568' title='bbox 2978 3545 3155 3599; x_wconf 75' lang='grc' dir='ltr'>πάντα</span> <span class='ocrx_word' id='word_1_569' title='bbox 3186 3545 3499 3616; x_wconf 78' lang='grc' dir='ltr'>ὁμολογεῖτε</span> <span class='ocrx_word' id='word_1_570' title='bbox 3528 3544 3674 3616; x_wconf 80' lang='grc' dir='ltr'>ἔχειν</span> <span class='ocrx_word' id='word_1_571' title='bbox 3709 3545 3809 3599; x_wconf 80' lang='grc' dir='ltr'>τδν</span> 
     </span>
    </p>
   </div>
   <div class='ocr_carea' id='block_1_79' title="bbox 2225 3620 3809 3711">
    <p class='ocr_par' dir='ltr' id='par_1_79' title="bbox 2225 3620 3809 3711">
     <span class='ocr_line' id='line_1_79' title="bbox 2225 3620 3809 3711; baseline -0.003 -17"><span class='ocrx_word' id='word_1_572' title='bbox 2225 3636 2464 3711; x_wconf 72' lang='grc' dir='ltr'>Χριστὸν</span> <span class='ocrx_word' id='word_1_573' title='bbox 2493 3620 2550 3692; x_wconf 63' lang='grc' dir='ltr'>ἓν</span> <span class='ocrx_word' id='word_1_574' title='bbox 2576 3637 2831 3709; x_wconf 77' lang='grc' dir='ltr'><strong>ἀληθείᾳ,</strong></span> <span class='ocrx_word' id='word_1_575' title='bbox 2864 3636 2956 3692; x_wconf 78' lang='grc' dir='ltr'>καὶ</span> <span class='ocrx_word' id='word_1_576' title='bbox 2999 3639 3059 3689; x_wconf 82' lang='grc' dir='ltr'><strong>οὑ</strong></span> <span class='ocrx_word' id='word_1_577' title='bbox 3090 3638 3311 3708; x_wconf 78' lang='grc' dir='ltr'>δοκήσει</span> <span class='ocrx_word' id='word_1_578' title='bbox 3339 3654 3354 3669; x_wconf 77' lang='grc' dir='ltr'><strong>ο</strong></span> <span class='ocrx_word' id='word_1_579' title='bbox 3392 3638 3511 3701; x_wconf 82' lang='grc' dir='ltr'>πῶς</span> <span class='ocrx_word' id='word_1_580' title='bbox 3542 3639 3642 3692; x_wconf 83' lang='grc' dir='ltr'><strong>οὑκ</strong></span> <span class='ocrx_word' id='word_1_581' title='bbox 3684 3637 3809 3707; x_wconf 75' lang='grc' dir='ltr'>ἔχει</span> 
     </span>
    </p>
   </div>
   <div class='ocr_carea' id='block_1_80' title="bbox 2224 3729 3811 3802">
    <p class='ocr_par' dir='ltr' id='par_1_80' title="bbox 2224 3729 3811 3802">
     <span class='ocr_line' id='line_1_80' title="bbox 2224 3729 3811 3802; baseline -0.001 -19"><span class='ocrx_word' id='word_1_582' title='bbox 2224 3731 2523 3802; x_wconf 79' lang='grc' dir='ltr'>προφανῶς</span> <span class='ocrx_word' id='word_1_583' title='bbox 2566 3730 2658 3783; x_wconf 81' lang='grc' dir='ltr'><strong>δύο</strong></span> <span class='ocrx_word' id='word_1_584' title='bbox 2701 3729 2891 3798; x_wconf 78' lang='grc' dir='ltr'>φύσεις</span> <span class='ocrx_word' id='word_1_585' title='bbox 2923 3729 2954 3783; x_wconf 84' lang='grc'>6</span> <span class='ocrx_word' id='word_1_586' title='bbox 2988 3730 3222 3801; x_wconf 83' lang='grc' dir='ltr'>Χριστός</span> <span class='ocrx_word' id='word_1_587' title='bbox 3246 3746 3263 3762; x_wconf 88' lang='grc'><strong>·</strong></span> <span class='ocrx_word' id='word_1_588' title='bbox 3293 3730 3527 3797; x_wconf 77' lang='grc' dir='ltr'>θεότητα</span> <span class='ocrx_word' id='word_1_589' title='bbox 3571 3730 3668 3783; x_wconf 75' lang='grc' dir='ltr'><strong>καὶ</strong></span> <span class='ocrx_word' id='word_1_590' title='bbox 3706 3731 3811 3783; x_wconf 83' lang='grc' dir='ltr'>ἁν-</span> 
     </span>
    </p>
   </div>
   <div class='ocr_carea' id='block_1_81' title="bbox 2226 3818 3806 3892">
    <p class='ocr_par' dir='ltr' id='par_1_81' title="bbox 2226 3818 3806 3892">
     <span class='ocr_line' id='line_1_81' title="bbox 2226 3818 3806 3892; baseline 0.001 -18"><span class='ocrx_word' id='word_1_591' title='bbox 2226 3820 2571 3892; x_wconf 75' lang='grc' dir='ltr'>Θρωπὸτητα,</span> <span class='ocrx_word' id='word_1_592' title='bbox 2608 3821 2796 3892; x_wconf 83' lang='grc' dir='ltr'>ὥσπερ</span> <span class='ocrx_word' id='word_1_593' title='bbox 2828 3820 2942 3891; x_wconf 76' lang='grc' dir='ltr'>ἔχει</span> <span class='ocrx_word' id='word_1_594' title='bbox 2972 3819 3066 3874; x_wconf 82' lang='grc' dir='ltr'><strong>δύο</strong></span> <span class='ocrx_word' id='word_1_595' title='bbox 3094 3821 3356 3892; x_wconf 77' lang='grc' dir='ltr'>ὀνόματα,</span> <span class='ocrx_word' id='word_1_596' title='bbox 3392 3818 3527 3873; x_wconf 84' lang='grc' dir='ltr'>Θεοῦ</span> <span class='ocrx_word' id='word_1_597' title='bbox 3567 3820 3663 3874; x_wconf 77' lang='grc' dir='ltr'><strong>καὶ</strong></span> <span class='ocrx_word' id='word_1_598' title='bbox 3703 3822 3806 3875; x_wconf 81' lang='grc' dir='ltr'>ἀν-</span> 
     </span>
    </p>
   </div>
   <div class='ocr_carea' id='block_1_82' title="bbox 2226 3912 3806 3985">
    <p class='ocr_par' dir='ltr' id='par_1_82' title="bbox 2226 3912 3806 3985">
     <span class='ocr_line' id='line_1_82' title="bbox 2226 3912 3806 3985; baseline -0.001 -17"><span class='ocrx_word' id='word_1_599' title='bbox 2226 3914 2447 3985; x_wconf 84' lang='grc' dir='ltr'>θρώπου</span> <span class='ocrx_word' id='word_1_600' title='bbox 2474 3931 2488 3980; x_wconf 92' lang='lat'><strong>;</strong></span> <span class='ocrx_word' id='word_1_601' title='bbox 2520 3914 2686 3967; x_wconf 79' lang='grc' dir='ltr'>Ὅθεν</span> <span class='ocrx_word' id='word_1_602' title='bbox 2730 3913 2999 3983; x_wconf 78' lang='grc' dir='ltr'>πρόδηλον</span> <span class='ocrx_word' id='word_1_603' title='bbox 3033 3914 3116 3967; x_wconf 86' lang='grc' dir='ltr'><strong>ὅτι</strong></span> <span class='ocrx_word' id='word_1_604' title='bbox 3150 3912 3246 3967; x_wconf 77' lang='grc' dir='ltr'><strong>δύο</strong></span> <span class='ocrx_word' id='word_1_605' title='bbox 3272 3912 3462 3982; x_wconf 68' lang='grc' dir='ltr'>φύσεις</span> <span class='ocrx_word' id='word_1_606' title='bbox 3490 3914 3548 3966; x_wconf 68' lang='grc' dir='ltr'>ιν</span> <span class='ocrx_word' id='word_1_607' title='bbox 3572 3912 3806 3984; x_wconf 79' lang='grc' dir='ltr'>Χριστῷ</span> 
     </span>
    </p>
   </div>
   <div class='ocr_carea' id='block_1_83' title="bbox 2228 4003 3807 4077">
    <p class='ocr_par' dir='ltr' id='par_1_83' title="bbox 2228 4003 3807 4077">
     <span class='ocr_line' id='line_1_83' title="bbox 2228 4003 3807 4077; baseline 0.001 -20"><span class='ocrx_word' id='word_1_608' title='bbox 2228 4008 2304 4077; x_wconf 77' lang='grc' dir='ltr'><strong>μὴ</strong></span> <span class='ocrx_word' id='word_1_609' title='bbox 2325 4005 2739 4074; x_wconf 82' lang='grc' dir='ltr'>ὁμολογοῦντες,</span> <span class='ocrx_word' id='word_1_610' title='bbox 2765 4006 2898 4059; x_wconf 70' lang='grc' dir='ltr'>Θεὸν</span> <span class='ocrx_word' id='word_1_611' title='bbox 2922 4006 3017 4060; x_wconf 81' lang='grc' dir='ltr'>καὶ</span> <span class='ocrx_word' id='word_1_612' title='bbox 3042 4003 3331 4077; x_wconf 72' lang='grc' dir='ltr'>ἄνθρωπον</span> <span class='ocrx_word' id='word_1_613' title='bbox 3355 4006 3448 4060; x_wconf 66' lang='grc' dir='ltr'><strong>τον</strong></span> <span class='ocrx_word' id='word_1_614' title='bbox 3480 4004 3725 4075; x_wconf 74' lang='grc' dir='ltr'>Χριστὸν</span> <span class='ocrx_word' id='word_1_615' title='bbox 3744 4008 3807 4060; x_wconf 71' lang='grc' dir='ltr'><strong>εν</strong></span> 
     </span>
    </p>
   </div>
   <div class='ocr_carea' id='block_1_84' title="bbox 2225 4096 3623 4170">
    <p class='ocr_par' dir='ltr' id='par_1_84' title="bbox 2225 4096 3623 4170">
     <span class='ocr_line' id='line_1_84' title="bbox 2225 4096 3623 4170; baseline 0.002 -19"><span class='ocrx_word' id='word_1_616' title='bbox 2225 4097 2514 4169; x_wconf 83' lang='grc' dir='ltr'>ὑποκρίσει</span> <span class='ocrx_word' id='word_1_617' title='bbox 2540 4097 2677 4170; x_wconf 63' lang='grc' dir='ltr'>πρὸς</span> <span class='ocrx_word' id='word_1_618' title='bbox 2701 4098 2919 4169; x_wconf 77' lang='grc' dir='ltr'>ἀπάτην</span> <span class='ocrx_word' id='word_1_619' title='bbox 2937 4096 3045 4152; x_wconf 83' lang='grc' dir='ltr'>τῶν</span> <span class='ocrx_word' id='word_1_620' title='bbox 3072 4097 3381 4152; x_wconf 77' lang='grc' dir='ltr'>ἀκουόντων</span> <span class='ocrx_word' id='word_1_621' title='bbox 3416 4096 3623 4167; x_wconf 79' lang='grc' dir='ltr'>λέγετε.</span> 
     </span>
    </p>
   </div>
   <div class='ocr_carea' id='block_1_85' title="bbox 2294 4361 3808 4438">
    <p class='ocr_par' dir='ltr' id='par_1_85' title="bbox 2294 4361 3808 4438">
     <span class='ocr_line' id='line_1_85' title="bbox 2294 4361 3808 4438; baseline 0.002 -20"><span class='ocrx_word' id='word_1_622' title='bbox 2294 4365 2371 4418; x_wconf 84' lang='lat' dir='ltr'><strong>E&#39;.</strong></span> <span class='ocrx_word' id='word_1_623' title='bbox 2415 4364 2476 4417; x_wconf 86' lang='lat' dir='ltr'><strong>Ei</strong></span> <span class='ocrx_word' id='word_1_624' title='bbox 2514 4361 2610 4418; x_wconf 81' lang='grc' dir='ltr'><strong>οῦν</strong></span> <span class='ocrx_word' id='word_1_625' title='bbox 2643 4362 2781 4435; x_wconf 78' lang='grc' dir='ltr'>σάρξ</span> <span class='ocrx_word' id='word_1_626' title='bbox 2806 4362 2902 4416; x_wconf 87' lang='grc' dir='ltr'><strong>τοῦ</strong></span> <span class='ocrx_word' id='word_1_627' title='bbox 2946 4362 3183 4431; x_wconf 80' lang='grc' dir='ltr'>Χριστοῦ</span> <span class='ocrx_word' id='word_1_628' title='bbox 3224 4364 3306 4428; x_wconf 81' lang='grc' dir='ltr'>είς</span> <span class='ocrx_word' id='word_1_629' title='bbox 3344 4363 3508 4434; x_wconf 82' lang='grc' dir='ltr'>φύσιν</span> <span class='ocrx_word' id='word_1_630' title='bbox 3539 4363 3808 4438; x_wconf 76' lang='grc' dir='ltr'>θεότητος</span> 
     </span>
    </p>
   </div>
   <div class='ocr_carea' id='block_1_86' title="bbox 554 4451 2124 4533">
    <p class='ocr_par' dir='ltr' id='par_1_86' title="bbox 554 4461 2119 4533">
     <span class='ocr_line' id='line_1_86' title="bbox 554 4461 2119 4533; baseline -0.006 -11"><span class='ocrx_word' id='word_1_631' title='bbox 554 4466 772 4522; x_wconf 84' lang='lat' dir='ltr'><strong>deitatis</strong></span> <span class='ocrx_word' id='word_1_632' title='bbox 803 4478 1070 4533; x_wconf 85' lang='lat' dir='ltr'><strong>naturam,</strong></span> <span class='ocrx_word' id='word_1_633' title='bbox 1107 4482 1170 4521; x_wconf 87' lang='lat' dir='ltr'><strong>ac</strong></span> <span class='ocrx_word' id='word_1_634' title='bbox 1196 4463 1435 4532; x_wconf 79' lang='lat' dir='ltr'><strong>ejusdem</strong></span> <span class='ocrx_word' id='word_1_635' title='bbox 1471 4478 1593 4517; x_wconf 90' lang='lat' dir='ltr'><strong>eum</strong></span> <span class='ocrx_word' id='word_1_636' title='bbox 1625 4461 1827 4517; x_wconf 89' lang='lat' dir='ltr'><strong>deitate</strong></span> <span class='ocrx_word' id='word_1_637' title='bbox 1868 4463 2119 4515; x_wconf 88' lang='lat' dir='ltr'><strong>substan-</strong></span> 
     </span>
    </p>
   </div>
   <div class='ocr_carea' id='block_1_87' title="bbox 2225 4451 3807 4533">
    <p class='ocr_par' dir='ltr' id='par_1_87' title="bbox 2225 4453 3807 4527">
     <span class='ocr_line' id='line_1_87' title="bbox 2225 4453 3807 4527; baseline 0.003 -19"><span class='ocrx_word' id='word_1_638' title='bbox 2225 4456 2417 4525; x_wconf 61' lang='lat' dir='ltr'><strong>tuon,</strong></span> <span class='ocrx_word' id='word_1_639' title='bbox 2465 4455 2561 4509; x_wconf 71' lang='grc' dir='ltr'><strong>καὶ</strong></span> <span class='ocrx_word' id='word_1_640' title='bbox 2612 4454 2895 4525; x_wconf 78' lang='grc' dir='ltr'>ὁμοούσιος</span> <span class='ocrx_word' id='word_1_641' title='bbox 2941 4456 3007 4524; x_wconf 81' lang='grc' dir='ltr'>τῇ</span> <span class='ocrx_word' id='word_1_642' title='bbox 3048 4453 3263 4524; x_wconf 73' lang='grc' dir='ltr'>Θεότητι</span> <span class='ocrx_word' id='word_1_643' title='bbox 3306 4457 3520 4523; x_wconf 77' lang='grc' dir='ltr'>γέγονε,</span> <span class='ocrx_word' id='word_1_644' title='bbox 3555 4456 3653 4509; x_wconf 77' lang='grc' dir='ltr'>καὶ</span> <span class='ocrx_word' id='word_1_645' title='bbox 3701 4458 3807 4527; x_wconf 82' lang='grc' dir='ltr'>μία</span> 
     </span>
    </p>
   </div>
   <div class='ocr_carea' id='block_1_88' title="bbox 554 4552 2121 4626">
    <p class='ocr_par' dir='ltr' id='par_1_88' title="bbox 554 4552 2121 4626">
     <span class='ocr_line' id='line_1_88' title="bbox 554 4552 2121 4626; baseline -0.002 -16"><span class='ocrx_word' id='word_1_646' title='bbox 554 4558 641 4612; x_wconf 66' lang='lat' dir='ltr'><strong>tiae</strong></span> <span class='ocrx_word' id='word_1_647' title='bbox 685 4558 874 4613; x_wconf 76' lang='lat' dir='ltr'><strong>eﬂecta</strong></span> <span class='ocrx_word' id='word_1_648' title='bbox 901 4567 1005 4620; x_wconf 79' lang='lat' dir='ltr'><strong>est,</strong></span> <span class='ocrx_word' id='word_1_649' title='bbox 1047 4569 1237 4626; x_wconf 84' lang='lat' dir='ltr'><strong>estque</strong></span> <span class='ocrx_word' id='word_1_650' title='bbox 1268 4570 1374 4609; x_wconf 88' lang='lat' dir='ltr'><strong>una</strong></span> <span class='ocrx_word' id='word_1_651' title='bbox 1404 4555 1579 4609; x_wconf 83' lang='lat' dir='ltr'><strong>deitas</strong></span> <span class='ocrx_word' id='word_1_652' title='bbox 1619 4552 1821 4617; x_wconf 84' lang='lat' dir='ltr'><strong>Patris,</strong></span> <span class='ocrx_word' id='word_1_653' title='bbox 1852 4567 1915 4605; x_wconf 88' lang='lat' dir='ltr'><strong>ac</strong></span> <span class='ocrx_word' id='word_1_654' title='bbox 1940 4553 2121 4607; x_wconf 74' lang='lat' dir='ltr'><strong>carnis</strong></span> 
     </span>
    </p>
   </div>
   <div class='ocr_carea' id='block_1_89' title="bbox 553 4644 2119 4717">
    <p class='ocr_par' dir='ltr' id='par_1_89' title="bbox 553 4644 2119 4717">
     <span class='ocr_line' id='line_1_89' title="bbox 553 4644 2119 4717; baseline -0.006 -11"><span class='ocrx_word' id='word_1_655' title='bbox 553 4651 777 4717; x_wconf 79' lang='lat' dir='ltr'><strong>Christi,</strong></span> <span class='ocrx_word' id='word_1_656' title='bbox 801 4653 946 4706; x_wconf 86' lang='lat' dir='ltr'><strong>sicut</strong></span> <span class='ocrx_word' id='word_1_657' title='bbox 980 4650 1219 4704; x_wconf 76' lang='lat' dir='ltr'><strong>lueretici</strong></span> <span class='ocrx_word' id='word_1_658' title='bbox 1252 4649 1466 4711; x_wconf 85' lang='lat' dir='ltr'><strong>docent,</strong></span> <span class='ocrx_word' id='word_1_659' title='bbox 1494 4660 1558 4701; x_wconf 85' lang='lat' dir='ltr'><strong>ac</strong></span> <span class='ocrx_word' id='word_1_660' title='bbox 1585 4645 1787 4699; x_wconf 89' lang='lat' dir='ltr'><strong>idcirco</strong></span> <span class='ocrx_word' id='word_1_661' title='bbox 1824 4660 1925 4697; x_wconf 84' lang='lat' dir='ltr'><strong>una</strong></span> <span class='ocrx_word' id='word_1_662' title='bbox 1960 4652 2043 4697; x_wconf 90' lang='lat' dir='ltr'><strong>est</strong></span> <span class='ocrx_word' id='word_1_663' title='bbox 2068 4644 2119 4696; x_wconf 94' lang='lat' dir='ltr'><strong>in</strong></span> 
     </span>
    </p>
   </div>
   <div class='ocr_carea' id='block_1_90' title="bbox 552 4732 2124 4808">
    <p class='ocr_par' dir='ltr' id='par_1_90' title="bbox 552 4732 2124 4808">
     <span class='ocr_line' id='line_1_90' title="bbox 552 4732 2124 4808; baseline -0.005 -13"><span class='ocrx_word' id='word_1_664' title='bbox 552 4744 768 4797; x_wconf 91' lang='lat' dir='ltr'><strong>Christo</strong></span> <span class='ocrx_word' id='word_1_665' title='bbox 806 4750 1023 4808; x_wconf 81' lang='lat' dir='ltr'><strong>natura,</strong></span> <span class='ocrx_word' id='word_1_666' title='bbox 1055 4750 1163 4795; x_wconf 88' lang='lat' dir='ltr'><strong>tota</strong></span> <span class='ocrx_word' id='word_1_667' title='bbox 1191 4738 1400 4799; x_wconf 82' lang='lat' dir='ltr'><strong>deitas;</strong></span> <span class='ocrx_word' id='word_1_668' title='bbox 1443 4739 1628 4803; x_wconf 81' lang='lat' dir='ltr'><strong>utique</strong></span> <span class='ocrx_word' id='word_1_669' title='bbox 1677 4732 1878 4790; x_wconf 85' lang='lat' dir='ltr'><strong>Christi</strong></span> <span class='ocrx_word' id='word_1_670' title='bbox 1908 4748 2124 4802; x_wconf 83' lang='lat' dir='ltr'><strong>quoque</strong></span> 
     </span>
    </p>
   </div>
   <div class='ocr_carea' id='block_1_91' title="bbox 552 4825 2121 4901">
    <p class='ocr_par' dir='ltr' id='par_1_91' title="bbox 552 4825 2121 4901">
     <span class='ocr_line' id='line_1_91' title="bbox 552 4825 2121 4901; baseline -0.008 -12"><span class='ocrx_word' id='word_1_671' title='bbox 552 4848 681 4889; x_wconf 82' lang='lat' dir='ltr'><strong>caro</strong></span> <span class='ocrx_word' id='word_1_672' title='bbox 706 4834 851 4887; x_wconf 88' lang='lat' dir='ltr'><strong>omni</strong></span> <span class='ocrx_word' id='word_1_673' title='bbox 886 4844 1123 4901; x_wconf 85' lang='lat' dir='ltr'><strong>tempore</strong></span> <span class='ocrx_word' id='word_1_674' title='bbox 1149 4848 1212 4885; x_wconf 85' lang='lat' dir='ltr'><strong>ac</strong></span> <span class='ocrx_word' id='word_1_675' title='bbox 1244 4831 1361 4885; x_wconf 88' lang='lat' dir='ltr'><strong>loco</strong></span> <span class='ocrx_word' id='word_1_676' title='bbox 1392 4839 1510 4882; x_wconf 87' lang='lat' dir='ltr'><strong>erat</strong></span> <span class='ocrx_word' id='word_1_677' title='bbox 1540 4844 1569 4880; x_wconf 85' lang='lat' dir='ltr'><strong>a</strong></span> <span class='ocrx_word' id='word_1_678' title='bbox 1598 4825 1756 4881; x_wconf 85' lang='lat' dir='ltr'><strong>Patre</strong></span> <span class='ocrx_word' id='word_1_679' title='bbox 1785 4826 2121 4893; x_wconf 76' lang='lat' dir='ltr'><strong>inseparabi-</strong></span> 
     </span>
    </p>
   </div>
   <div class='ocr_carea' id='block_1_92' title="bbox 555 4919 2119 4995">
    <p class='ocr_par' dir='ltr' id='par_1_92' title="bbox 555 4919 2119 4995">
     <span class='ocr_line' id='line_1_92' title="bbox 555 4919 2119 4995; baseline -0.008 -11"><span class='ocrx_word' id='word_1_680' title='bbox 555 4932 643 4993; x_wconf 86' lang='lat' dir='ltr'><strong>lis,</strong></span> <span class='ocrx_word' id='word_1_681' title='bbox 662 4933 737 4983; x_wconf 90' lang='lat' dir='ltr'><strong>uti</strong></span> <span class='ocrx_word' id='word_1_682' title='bbox 764 4938 819 4985; x_wconf 87' lang='lat' dir='ltr'><strong>et</strong></span> <span class='ocrx_word' id='word_1_683' title='bbox 846 4928 1047 4983; x_wconf 85' lang='lat' dir='ltr'><strong>Christi</strong></span> <span class='ocrx_word' id='word_1_684' title='bbox 1078 4928 1269 4982; x_wconf 86' lang='lat' dir='ltr'><strong>deitas.</strong></span> <span class='ocrx_word' id='word_1_685' title='bbox 1296 4923 1572 4995; x_wconf 79' lang='lat' dir='ltr'><strong>Siquidem</strong></span> <span class='ocrx_word' id='word_1_686' title='bbox 1591 4936 1723 4991; x_wconf 75' lang='lat' dir='ltr'><strong>ergo</strong></span> <span class='ocrx_word' id='word_1_687' title='bbox 1741 4919 1942 4976; x_wconf 86' lang='lat' dir='ltr'><strong>Christi</strong></span> <span class='ocrx_word' id='word_1_688' title='bbox 1968 4933 2119 4982; x_wconf 85' lang='lat' dir='ltr'><strong>caro,</strong></span> 
     </span>
    </p>
   </div>
   <div class='ocr_carea' id='block_1_93' title="bbox 552 5007 2123 5082">
    <p class='ocr_par' dir='ltr' id='par_1_93' title="bbox 552 5007 2123 5082">
     <span class='ocr_line' id='line_1_93' title="bbox 552 5007 2123 5082; baseline -0.012 -5"><span class='ocrx_word' id='word_1_689' title='bbox 552 5031 747 5077; x_wconf 85' lang='lat' dir='ltr'><strong>natura</strong></span> <span class='ocrx_word' id='word_1_690' title='bbox 804 5020 1021 5073; x_wconf 84' lang='lat' dir='ltr'><strong>deitatis</strong></span> <span class='ocrx_word' id='word_1_691' title='bbox 1071 5012 1281 5077; x_wconf 71' lang='lat' dir='ltr'><strong>,eli‘ecta</strong></span> <span class='ocrx_word' id='word_1_692' title='bbox 1336 5023 1457 5076; x_wconf 86' lang='lat' dir='ltr'><strong>est,</strong></span> <span class='ocrx_word' id='word_1_693' title='bbox 1518 5011 1789 5082; x_wconf 87' lang='lat' dir='ltr'><strong>quomodo</strong></span> <span class='ocrx_word' id='word_1_694' title='bbox 1844 5007 2123 5061; x_wconf 80' lang='lat' dir='ltr'><strong>Passionis</strong></span> 
     </span>
    </p>
   </div>
   <div class='ocr_carea' id='block_1_94' title="bbox 553 5098 2119 5181">
    <p class='ocr_par' dir='ltr' id='par_1_94' title="bbox 553 5098 2119 5181">
     <span class='ocr_line' id='line_1_94' title="bbox 553 5098 2119 5181; baseline -0.009 -16"><span class='ocrx_word' id='word_1_695' title='bbox 553 5121 795 5181; x_wconf 80' lang='lat' dir='ltr'><strong>tempore</strong></span> <span class='ocrx_word' id='word_1_696' title='bbox 819 5109 935 5180; x_wconf 82' lang='lat' dir='ltr'><strong>ejus</strong></span> <span class='ocrx_word' id='word_1_697' title='bbox 962 5122 1089 5162; x_wconf 84' lang='lat' dir='ltr'><strong>caro</strong></span> <span class='ocrx_word' id='word_1_698' title='bbox 1118 5122 1224 5161; x_wconf 90' lang='lat' dir='ltr'><strong>non</strong></span> <span class='ocrx_word' id='word_1_699' title='bbox 1258 5115 1373 5159; x_wconf 83' lang='lat' dir='ltr'><strong>erat</strong></span> <span class='ocrx_word' id='word_1_700' title='bbox 1405 5106 1458 5158; x_wconf 89' lang='lat' dir='ltr'><strong>in</strong></span> <span class='ocrx_word' id='word_1_701' title='bbox 1489 5103 1646 5159; x_wconf 67' lang='lat' dir='ltr'><strong>cmlis</strong></span> <span class='ocrx_word' id='word_1_702' title='bbox 1690 5098 2060 5169; x_wconf 82' lang='lat' dir='ltr'><strong>inseparabilis</strong></span> <span class='ocrx_word' id='word_1_703' title='bbox 2089 5112 2119 5151; x_wconf 69' lang='grc' dir='ltr'><strong>ο</strong></span> 
     </span>
    </p>
   </div>
   <div class='ocr_carea' id='block_1_95' title="bbox 553 5194 2120 5270">
    <p class='ocr_par' dir='ltr' id='par_1_95' title="bbox 553 5194 2120 5270">
     <span class='ocr_line' id='line_1_95' title="bbox 553 5194 2120 5270; baseline -0.008 -14"><span class='ocrx_word' id='word_1_704' title='bbox 553 5202 733 5265; x_wconf 85' lang='lat' dir='ltr'><strong>Patre,</strong></span> <span class='ocrx_word' id='word_1_705' title='bbox 774 5202 935 5270; x_wconf 84' lang='lat' dir='ltr'><strong>inque</strong></span> <span class='ocrx_word' id='word_1_706' title='bbox 988 5196 1200 5253; x_wconf 76' lang='lat' dir='ltr'><strong>inferno</strong></span> <span class='ocrx_word' id='word_1_707' title='bbox 1249 5212 1370 5250; x_wconf 91' lang='lat' dir='ltr'><strong>cum</strong></span> <span class='ocrx_word' id='word_1_708' title='bbox 1421 5194 1536 5263; x_wconf 74' lang='lat' dir='ltr'><strong>ejus</strong></span> <span class='ocrx_word' id='word_1_709' title='bbox 1571 5194 1775 5256; x_wconf 77' lang='lat' dir='ltr'><strong>animo,</strong></span> <span class='ocrx_word' id='word_1_710' title='bbox 1811 5202 1971 5261; x_wconf 84' lang='lat' dir='ltr'><strong>atque</strong></span> <span class='ocrx_word' id='word_1_711' title='bbox 1998 5206 2120 5243; x_wconf 88' lang='lat' dir='ltr'><strong>cum</strong></span> 
     </span>
    </p>
   </div>
   <div class='ocr_carea' id='block_1_96' title="bbox 552 5279 2125 5361">
    <p class='ocr_par' dir='ltr' id='par_1_96' title="bbox 552 5279 2125 5361">
     <span class='ocr_line' id='line_1_96' title="bbox 552 5279 2125 5361; baseline -0.01 -14"><span class='ocrx_word' id='word_1_712' title='bbox 552 5295 759 5348; x_wconf 89' lang='lat' dir='ltr'><strong>latrone</strong></span> <span class='ocrx_word' id='word_1_713' title='bbox 794 5292 846 5345; x_wconf 92' lang='lat' dir='ltr'><strong>in</strong></span> <span class='ocrx_word' id='word_1_714' title='bbox 882 5290 1154 5361; x_wconf 77' lang='lat' dir='ltr'><strong>paradiso,</strong></span> <span class='ocrx_word' id='word_1_715' title='bbox 1192 5288 1337 5343; x_wconf 92' lang='lat' dir='ltr'><strong>nullo</strong></span> <span class='ocrx_word' id='word_1_716' title='bbox 1378 5288 1658 5355; x_wconf 84' lang='lat' dir='ltr'><strong>utriusque</strong></span> <span class='ocrx_word' id='word_1_717' title='bbox 1682 5281 1783 5337; x_wconf 88' lang='lat' dir='ltr'><strong>loci</strong></span> <span class='ocrx_word' id='word_1_718' title='bbox 1822 5279 2030 5337; x_wconf 54' lang='lat' dir='ltr'><strong>defectu</strong></span> <span class='ocrx_word' id='word_1_719' title='bbox 2059 5294 2125 5333; x_wconf 87' lang='lat' dir='ltr'><strong>ac</strong></span> 
     </span>
    </p>
   </div>
   <div class='ocr_carea' id='block_1_97' title="bbox 554 5371 2123 5454">
    <p class='ocr_par' dir='ltr' id='par_1_97' title="bbox 554 5371 2123 5454">
     <span class='ocr_line' id='line_1_97' title="bbox 554 5371 2123 5454; baseline -0.008 -15"><span class='ocrx_word' id='word_1_720' title='bbox 554 5382 936 5454; x_wconf 82' lang='lat' dir='ltr'><strong>inseparabilis</strong></span> <span class='ocrx_word' id='word_1_721' title='bbox 970 5383 1258 5446; x_wconf 78' lang='lat' dir='ltr'><strong>exsistens,</strong></span> <span class='ocrx_word' id='word_1_722' title='bbox 1290 5380 1368 5433; x_wconf 91' lang='lat' dir='ltr'><strong>uti</strong></span> <span class='ocrx_word' id='word_1_723' title='bbox 1394 5387 1451 5433; x_wconf 82' lang='lat' dir='ltr'><strong>et</strong></span> <span class='ocrx_word' id='word_1_724' title='bbox 1493 5376 1666 5433; x_wconf 80' lang='lat' dir='ltr'><strong>deitas</strong></span> <span class='ocrx_word' id='word_1_725' title='bbox 1707 5371 1849 5428; x_wconf 77' lang='lat' dir='ltr'><strong>fuit?</strong></span> <span class='ocrx_word' id='word_1_726' title='bbox 1881 5374 1974 5428; x_wconf 88' lang='lat' dir='ltr'><strong>sed</strong></span> <span class='ocrx_word' id='word_1_727' title='bbox 2003 5373 2123 5442; x_wconf 76' lang='lat' dir='ltr'><strong>ejus</strong></span> 
     </span>
    </p>
   </div>
   <div class='ocr_carea' id='block_1_98' title="bbox 554 5462 2120 5543">
    <p class='ocr_par' dir='ltr' id='par_1_98' title="bbox 554 5462 2120 5543">
     <span class='ocr_line' id='line_1_98' title="bbox 554 5462 2120 5543; baseline -0.007 -16"><span class='ocrx_word' id='word_1_728' title='bbox 554 5489 751 5542; x_wconf 77' lang='lat' dir='ltr'><strong>corpus</strong></span> <span class='ocrx_word' id='word_1_729' title='bbox 797 5475 849 5527; x_wconf 90' lang='lat' dir='ltr'><strong>in</strong></span> <span class='ocrx_word' id='word_1_730' title='bbox 882 5474 1130 5543; x_wconf 75' lang='lat' dir='ltr'><strong>sepulcro</strong></span> <span class='ocrx_word' id='word_1_731' title='bbox 1173 5480 1441 5524; x_wconf 87' lang='lat' dir='ltr'><strong>mortuum</strong></span> <span class='ocrx_word' id='word_1_732' title='bbox 1488 5465 1723 5534; x_wconf 73' lang='lat' dir='ltr'><strong>iacebat,</strong></span> <span class='ocrx_word' id='word_1_733' title='bbox 1763 5479 1826 5519; x_wconf 86' lang='lat' dir='ltr'><strong>ac</strong></span> <span class='ocrx_word' id='word_1_734' title='bbox 1862 5462 2120 5529; x_wconf 75' lang='lat' dir='ltr'><strong>inanimo,</strong></span> 
     </span>
    </p>
   </div>
   <div class='ocr_carea' id='block_1_99' title="bbox 554 5553 2123 5633">
    <p class='ocr_par' dir='ltr' id='par_1_99' title="bbox 554 5553 2123 5633">
     <span class='ocr_line' id='line_1_99' title="bbox 554 5553 2123 5633; baseline -0.008 -16"><span class='ocrx_word' id='word_1_735' title='bbox 554 5562 967 5633; x_wconf 87' lang='lat' dir='ltr'><strong>immotumque,</strong></span> <span class='ocrx_word' id='word_1_736' title='bbox 1012 5579 1076 5617; x_wconf 80' lang='lat' dir='ltr'><strong>ac</strong></span> <span class='ocrx_word' id='word_1_737' title='bbox 1132 5558 1619 5627; x_wconf 85' lang='lat' dir='ltr'><strong>circumscriptum,</strong></span> <span class='ocrx_word' id='word_1_738' title='bbox 1661 5555 1875 5610; x_wconf 88' lang='lat' dir='ltr'><strong>tametsi</strong></span> <span class='ocrx_word' id='word_1_739' title='bbox 1920 5553 2123 5608; x_wconf 82' lang='lat' dir='ltr'><strong>Christi</strong></span> 
     </span>
    </p>
   </div>
   <div class='ocr_carea' id='block_1_100' title="bbox 554 5644 2123 5723">
    <p class='ocr_par' dir='ltr' id='par_1_100' title="bbox 554 5644 2123 5723">
     <span class='ocr_line' id='line_1_100' title="bbox 554 5644 2123 5723; baseline -0.008 -14"><span class='ocrx_word' id='word_1_740' title='bbox 554 5657 727 5709; x_wconf 80' lang='lat' dir='ltr'><strong>deitas</strong></span> <span class='ocrx_word' id='word_1_741' title='bbox 762 5656 829 5710; x_wconf 87' lang='lat' dir='ltr'><strong>ab</strong></span> <span class='ocrx_word' id='word_1_742' title='bbox 855 5671 921 5711; x_wconf 92' lang='lat' dir='ltr'><strong>eo</strong></span> <span class='ocrx_word' id='word_1_743' title='bbox 967 5652 1342 5723; x_wconf 84' lang='lat' dir='ltr'><strong>inseparabilis</strong></span> <span class='ocrx_word' id='word_1_744' title='bbox 1369 5657 1507 5706; x_wconf 86' lang='lat' dir='ltr'><strong>erat.</strong></span> <span class='ocrx_word' id='word_1_745' title='bbox 1541 5650 1673 5704; x_wconf 90' lang='lat' dir='ltr'><strong>Dum</strong></span> <span class='ocrx_word' id='word_1_746' title='bbox 1706 5646 1849 5703; x_wconf 87' lang='lat' dir='ltr'><strong>enim</strong></span> <span class='ocrx_word' id='word_1_747' title='bbox 1884 5644 2123 5701; x_wconf 69' lang='lat' dir='ltr'><strong>haeretici</strong></span> 
     </span>
    </p>
   </div>
   <div class='ocr_carea' id='block_1_101' title="bbox 552 5736 2120 5815">
    <p class='ocr_par' dir='ltr' id='par_1_101' title="bbox 552 5736 2120 5815">
     <span class='ocr_line' id='line_1_101' title="bbox 552 5736 2120 5815; baseline -0.004 -17"><span class='ocrx_word' id='word_1_748' title='bbox 552 5746 796 5799; x_wconf 79' lang='lat' dir='ltr'><strong>Armenii</strong></span> <span class='ocrx_word' id='word_1_749' title='bbox 831 5746 1063 5813; x_wconf 84' lang='lat' dir='ltr'><strong>probare</strong></span> <span class='ocrx_word' id='word_1_750' title='bbox 1095 5746 1320 5815; x_wconf 82' lang='lat' dir='ltr'><strong>possint,</strong></span> <span class='ocrx_word' id='word_1_751' title='bbox 1352 5742 1748 5799; x_wconf 88' lang='lat' dir='ltr'><strong>sanctissimum</strong></span> <span class='ocrx_word' id='word_1_752' title='bbox 1790 5737 1990 5793; x_wconf 85' lang='lat' dir='ltr'><strong>Christi</strong></span> <span class='ocrx_word' id='word_1_753' title='bbox 2029 5736 2120 5791; x_wconf 85' lang='lat' dir='ltr'><strong>Dei</strong></span> 
     </span>
    </p>
   </div>
   <div class='ocr_carea' id='block_1_102' title="bbox 629 5840 1228 5911">
    <p class='ocr_par' dir='ltr' id='par_1_102' title="bbox 629 5840 1228 5911">
     <span class='ocr_line' id='line_1_102' title="bbox 629 5840 1228 5911; baseline -0.005 -18"><span class='ocrx_word' id='word_1_754' title='bbox 629 5841 704 5911; x_wconf 76' lang='lat'><strong>(5)</strong></span> <span class='ocrx_word' id='word_1_755' title='bbox 746 5840 909 5909; x_wconf 69' lang='grc' dir='ltr'><strong>Οτι-ς.</strong></span> <span class='ocrx_word' id='word_1_756' title='bbox 954 5851 1097 5896; x_wconf 85' lang='lat' dir='ltr'><strong>orat.</strong></span> <span class='ocrx_word' id='word_1_757' title='bbox 1137 5840 1228 5894; x_wconf 72' lang='lat'><strong>‘20.</strong></span> 
     </span>
    </p>
   </div>
   <div class='ocr_carea' id='block_1_103' title="bbox 2224 4546 3806 4619">
    <p class='ocr_par' dir='ltr' id='par_1_103' title="bbox 2224 4546 3806 4619">
     <span class='ocr_line' id='line_1_103' title="bbox 2224 4546 3806 4619; baseline 0.003 -19"><span class='ocrx_word' id='word_1_758' title='bbox 2224 4546 2415 4616; x_wconf 80' lang='grc' dir='ltr'><strong>οεότης</strong></span> <span class='ocrx_word' id='word_1_759' title='bbox 2439 4546 2555 4600; x_wconf 77' lang='grc' dir='ltr'>ἐστὶ</span> <span class='ocrx_word' id='word_1_760' title='bbox 2570 4546 2665 4600; x_wconf 87' lang='grc' dir='ltr'><strong>τοῦ</strong></span> <span class='ocrx_word' id='word_1_761' title='bbox 2695 4546 2910 4617; x_wconf 82' lang='grc' dir='ltr'>Πατρὸς</span> <span class='ocrx_word' id='word_1_762' title='bbox 2940 4547 3149 4616; x_wconf 77' lang='grc' dir='ltr'>καὶτῆς</span> <span class='ocrx_word' id='word_1_763' title='bbox 3179 4547 3381 4616; x_wconf 76' lang='grc' dir='ltr'>σαρκὸς</span> <span class='ocrx_word' id='word_1_764' title='bbox 3409 4546 3505 4600; x_wconf 88' lang='grc' dir='ltr'><strong>τοῦ</strong></span> <span class='ocrx_word' id='word_1_765' title='bbox 3530 4548 3806 4619; x_wconf 79' lang='grc' dir='ltr'>Χριστοῦ,</span> 
     </span>
    </p>
   </div>
   <div class='ocr_carea' id='block_1_104' title="bbox 2220 4636 3810 4709">
    <p class='ocr_par' dir='ltr' id='par_1_104' title="bbox 2220 4636 3810 4709">
     <span class='ocr_line' id='line_1_104' title="bbox 2220 4636 3810 4709; baseline 0.002 -18"><span class='ocrx_word' id='word_1_766' title='bbox 2220 4639 2295 4703; x_wconf 83' lang='grc' dir='ltr'><strong>ὡς</strong></span> <span class='ocrx_word' id='word_1_767' title='bbox 2323 4640 2372 4691; x_wconf 80' lang='lat' dir='ltr'><strong>oi</strong></span> <span class='ocrx_word' id='word_1_768' title='bbox 2398 4639 2666 4709; x_wconf 76' lang='grc' dir='ltr'>αἰρετικοὶ</span> <span class='ocrx_word' id='word_1_769' title='bbox 2687 4636 3091 4706; x_wconf 71' lang='grc' dir='ltr'>δογματίζουσι,</span> <span class='ocrx_word' id='word_1_770' title='bbox 3120 4636 3212 4689; x_wconf 77' lang='grc' dir='ltr'><strong>καὶ</strong></span> <span class='ocrx_word' id='word_1_771' title='bbox 3229 4637 3318 4690; x_wconf 79' lang='grc' dir='ltr'><strong>διὰ</strong></span> <span class='ocrx_word' id='word_1_772' title='bbox 3338 4637 3495 4691; x_wconf 85' lang='grc' dir='ltr'>τοῦτο</span> <span class='ocrx_word' id='word_1_773' title='bbox 3512 4639 3609 4707; x_wconf 85' lang='grc' dir='ltr'>μία</span> <span class='ocrx_word' id='word_1_774' title='bbox 3633 4640 3810 4708; x_wconf 75' lang='grc' dir='ltr'>φύσις</span> 
     </span>
    </p>
   </div>
   <div class='ocr_carea' id='block_1_105' title="bbox 2221 4728 3808 4806">
    <p class='ocr_par' dir='ltr' id='par_1_105' title="bbox 2221 4728 3808 4806">
     <span class='ocr_line' id='line_1_105' title="bbox 2221 4728 3808 4806; baseline 0.001 -23"><span class='ocrx_word' id='word_1_775' title='bbox 2221 4733 2279 4784; x_wconf 82' lang='grc' dir='ltr'>ὲν</span> <span class='ocrx_word' id='word_1_776' title='bbox 2325 4729 2544 4801; x_wconf 84' lang='grc' dir='ltr'>Χριστῷ</span> <span class='ocrx_word' id='word_1_777' title='bbox 2604 4728 2700 4798; x_wconf 77' lang='grc' dir='ltr'><strong>ὅλη</strong></span> <span class='ocrx_word' id='word_1_778' title='bbox 2742 4728 2935 4798; x_wconf 79' lang='grc' dir='ltr'><strong>Θεότης</strong></span> <span class='ocrx_word' id='word_1_779' title='bbox 2966 4744 2983 4761; x_wconf 78' lang='grc'><em>’</em></span> <span class='ocrx_word' id='word_1_780' title='bbox 3030 4728 3296 4798; x_wconf 77' lang='grc' dir='ltr'>πρόδηλον</span> <span class='ocrx_word' id='word_1_781' title='bbox 3343 4730 3424 4782; x_wconf 78' lang='grc' dir='ltr'>ὅτι</span> <span class='ocrx_word' id='word_1_782' title='bbox 3453 4732 3543 4783; x_wconf 73' lang='grc' dir='ltr'>καὶ</span> <span class='ocrx_word' id='word_1_783' title='bbox 3581 4730 3614 4801; x_wconf 71' lang='grc' dir='ltr'>ἡ</span> <span class='ocrx_word' id='word_1_784' title='bbox 3660 4732 3808 4806; x_wconf 71' lang='grc' dir='ltr'>σὰρξ</span> 
     </span>
    </p>
   </div>
   <div class='ocr_carea' id='block_1_106' title="bbox 2220 4818 3805 4896">
    <p class='ocr_par' dir='ltr' id='par_1_106' title="bbox 2220 4818 3805 4896">
     <span class='ocr_line' id='line_1_106' title="bbox 2220 4818 3805 4896; baseline 0.001 -23"><span class='ocrx_word' id='word_1_785' title='bbox 2220 4821 2313 4875; x_wconf 87' lang='grc' dir='ltr'><strong>τοῦ</strong></span> <span class='ocrx_word' id='word_1_786' title='bbox 2346 4818 2606 4891; x_wconf 85' lang='grc' dir='ltr'>Χριστοῦ,</span> <span class='ocrx_word' id='word_1_787' title='bbox 2647 4822 2704 4873; x_wconf 77' lang='grc' dir='ltr'>ὲν</span> <span class='ocrx_word' id='word_1_788' title='bbox 2736 4822 2901 4874; x_wconf 81' lang='grc' dir='ltr'>παντὶ</span> <span class='ocrx_word' id='word_1_789' title='bbox 2946 4820 3125 4889; x_wconf 88' lang='grc' dir='ltr'>καιρῷ</span> <span class='ocrx_word' id='word_1_790' title='bbox 3165 4822 3260 4872; x_wconf 78' lang='grc' dir='ltr'>καὶ</span> <span class='ocrx_word' id='word_1_791' title='bbox 3295 4820 3475 4892; x_wconf 82' lang='grc' dir='ltr'>χρόνῳ</span> <span class='ocrx_word' id='word_1_792' title='bbox 3498 4820 3594 4874; x_wconf 73' lang='grc' dir='ltr'>καὶ</span> <span class='ocrx_word' id='word_1_793' title='bbox 3616 4823 3805 4896; x_wconf 77' lang='grc' dir='ltr'>τόπῳ,</span> 
     </span>
    </p>
   </div>
   <div class='ocr_carea' id='block_1_107' title="bbox 2220 4907 3806 4985">
    <p class='ocr_par' dir='ltr' id='par_1_107' title="bbox 2220 4907 3806 4985">
     <span class='ocr_line' id='line_1_107' title="bbox 2220 4907 3806 4985; baseline 0.001 -17"><span class='ocrx_word' id='word_1_794' title='bbox 2220 4914 2314 4968; x_wconf 89' lang='grc' dir='ltr'><strong>τοῦ</strong></span> <span class='ocrx_word' id='word_1_795' title='bbox 2358 4913 2570 4984; x_wconf 73' lang='grc' dir='ltr'>[ἰατρὸς</span> <span class='ocrx_word' id='word_1_796' title='bbox 2619 4911 2923 4984; x_wconf 81' lang='grc' dir='ltr'>ἀχώριστος</span> <span class='ocrx_word' id='word_1_797' title='bbox 2968 4907 3058 4985; x_wconf 78' lang='grc' dir='ltr'>ἦν,</span> <span class='ocrx_word' id='word_1_798' title='bbox 3108 4911 3298 4983; x_wconf 81' lang='grc' dir='ltr'>ὥσπερ</span> <span class='ocrx_word' id='word_1_799' title='bbox 3335 4913 3369 4983; x_wconf 76' lang='grc' dir='ltr'><strong>ἠ</strong></span> <span class='ocrx_word' id='word_1_800' title='bbox 3418 4911 3511 4965; x_wconf 89' lang='grc' dir='ltr'><strong>τοῦ</strong></span> <span class='ocrx_word' id='word_1_801' title='bbox 3552 4914 3806 4983; x_wconf 68' lang='grc' dir='ltr'>Χριστοῦ</span> 
     </span>
    </p>
   </div>
   <div class='ocr_carea' id='block_1_108' title="bbox 2221 5002 3808 5079">
    <p class='ocr_par' dir='ltr' id='par_1_108' title="bbox 2221 5002 3808 5079">
     <span class='ocr_line' id='line_1_108' title="bbox 2221 5002 3808 5079; baseline 0.002 -21"><span class='ocrx_word' id='word_1_802' title='bbox 2221 5006 2437 5075; x_wconf 79' lang='grc' dir='ltr'><strong>Θεότης.</strong></span> <span class='ocrx_word' id='word_1_803' title='bbox 2489 5004 2552 5060; x_wconf 83' lang='grc' dir='ltr'>Εἰ</span> <span class='ocrx_word' id='word_1_804' title='bbox 2581 5004 2712 5075; x_wconf 91' lang='grc' dir='ltr'>γοῦν</span> <span class='ocrx_word' id='word_1_805' title='bbox 2742 5006 2776 5076; x_wconf 84' lang='grc' dir='ltr'>ή</span> <span class='ocrx_word' id='word_1_806' title='bbox 2810 5002 2947 5072; x_wconf 80' lang='grc' dir='ltr'>σὰρξ</span> <span class='ocrx_word' id='word_1_807' title='bbox 2990 5002 3087 5055; x_wconf 86' lang='grc' dir='ltr'><strong>τοῦ</strong></span> <span class='ocrx_word' id='word_1_808' title='bbox 3132 5002 3369 5073; x_wconf 86' lang='grc' dir='ltr'>Χριστοῦ</span> <span class='ocrx_word' id='word_1_809' title='bbox 3407 5004 3567 5074; x_wconf 80' lang='grc' dir='ltr'>φύσει</span> <span class='ocrx_word' id='word_1_810' title='bbox 3600 5005 3808 5079; x_wconf 83' lang='grc' dir='ltr'><strong>θεότη-</strong></span> 
     </span>
    </p>
   </div>
   <div class='ocr_carea' id='block_1_109' title="bbox 2219 5095 3809 5168">
    <p class='ocr_par' dir='ltr' id='par_1_109' title="bbox 2219 5095 3809 5168">
     <span class='ocr_line' id='line_1_109' title="bbox 2219 5095 3809 5168; baseline 0.003 -19"><span class='ocrx_word' id='word_1_811' title='bbox 2219 5113 2313 5161; x_wconf 82' lang='grc' dir='ltr'>τος</span> <span class='ocrx_word' id='word_1_812' title='bbox 2344 5096 2537 5167; x_wconf 79' lang='grc' dir='ltr'>γέγονε</span> <span class='ocrx_word' id='word_1_813' title='bbox 2560 5113 2576 5127; x_wconf 75' lang='grc' dir='ltr'><strong>ο</strong></span> <span class='ocrx_word' id='word_1_814' title='bbox 2613 5096 2731 5159; x_wconf 84' lang='grc' dir='ltr'><strong>πῶς</strong></span> <span class='ocrx_word' id='word_1_815' title='bbox 2763 5097 2823 5151; x_wconf 82' lang='grc' dir='ltr'>ὲν</span> <span class='ocrx_word' id='word_1_816' title='bbox 2856 5095 2934 5166; x_wconf 86' lang='grc' dir='ltr'>τῷ</span> <span class='ocrx_word' id='word_1_817' title='bbox 2986 5095 3165 5168; x_wconf 86' lang='grc' dir='ltr'>καιρῷ</span> <span class='ocrx_word' id='word_1_818' title='bbox 3203 5096 3296 5149; x_wconf 87' lang='grc' dir='ltr'><strong>τοῦ</strong></span> <span class='ocrx_word' id='word_1_819' title='bbox 3357 5096 3564 5160; x_wconf 86' lang='grc' dir='ltr'>πάοους</span> <span class='ocrx_word' id='word_1_820' title='bbox 3596 5099 3661 5151; x_wconf 68' lang='grc' dir='ltr'>ἐν</span> <span class='ocrx_word' id='word_1_821' title='bbox 3714 5100 3809 5155; x_wconf 79' lang='grc' dir='ltr'>οὑ-</span> 
     </span>
    </p>
   </div>
   <div class='ocr_carea' id='block_1_110' title="bbox 2225 5183 3806 5259">
    <p class='ocr_par' dir='ltr' id='par_1_110' title="bbox 2225 5183 3806 5259">
     <span class='ocr_line' id='line_1_110' title="bbox 2225 5183 3806 5259; baseline 0.002 -18"><span class='ocrx_word' id='word_1_822' title='bbox 2225 5190 2404 5259; x_wconf 81' lang='grc' dir='ltr'>ρανοῖς</span> <span class='ocrx_word' id='word_1_823' title='bbox 2427 5188 2527 5241; x_wconf 85' lang='grc' dir='ltr'><strong>οὑκ</strong></span> <span class='ocrx_word' id='word_1_824' title='bbox 2552 5183 2622 5256; x_wconf 77' lang='grc' dir='ltr'>ἦν</span> <span class='ocrx_word' id='word_1_825' title='bbox 2649 5187 2681 5255; x_wconf 81' lang='grc' dir='ltr'>ἠ</span> <span class='ocrx_word' id='word_1_826' title='bbox 2710 5188 2847 5259; x_wconf 81' lang='grc' dir='ltr'>σάρξ</span> <span class='ocrx_word' id='word_1_827' title='bbox 2889 5187 3055 5240; x_wconf 88' lang='grc' dir='ltr'>αὑτοῦ</span> <span class='ocrx_word' id='word_1_828' title='bbox 3083 5186 3177 5241; x_wconf 88' lang='grc' dir='ltr'><strong>τοῦ</strong></span> <span class='ocrx_word' id='word_1_829' title='bbox 3208 5186 3423 5259; x_wconf 78' lang='grc' dir='ltr'>Πατρδς</span> <span class='ocrx_word' id='word_1_830' title='bbox 3466 5187 3806 5259; x_wconf 82' lang='grc' dir='ltr'>ἀχώριστος,</span> 
     </span>
    </p>
   </div>
   <div class='ocr_carea' id='block_1_111' title="bbox 2222 5279 3808 5356">
    <p class='ocr_par' dir='ltr' id='par_1_111' title="bbox 2222 5279 3808 5356">
     <span class='ocr_line' id='line_1_111' title="bbox 2222 5279 3808 5356; baseline 0.002 -23"><span class='ocrx_word' id='word_1_831' title='bbox 2222 5282 2317 5333; x_wconf 74' lang='grc' dir='ltr'><strong>καὶ</strong></span> <span class='ocrx_word' id='word_1_832' title='bbox 2360 5281 2421 5333; x_wconf 76' lang='grc' dir='ltr'>ὲν</span> <span class='ocrx_word' id='word_1_833' title='bbox 2472 5279 2554 5350; x_wconf 84' lang='grc' dir='ltr'>τῷ</span> <span class='ocrx_word' id='word_1_834' title='bbox 2591 5279 2692 5353; x_wconf 73' lang='grc' dir='ltr'><strong>ᾄδῃ</strong></span> <span class='ocrx_word' id='word_1_835' title='bbox 2737 5280 2878 5349; x_wconf 80' lang='grc' dir='ltr'>μετὰ</span> <span class='ocrx_word' id='word_1_836' title='bbox 2904 5282 3005 5351; x_wconf 79' lang='grc' dir='ltr'><strong>τῆς</strong></span> <span class='ocrx_word' id='word_1_837' title='bbox 3037 5280 3218 5350; x_wconf 78' lang='grc' dir='ltr'>ψυχῆς</span> <span class='ocrx_word' id='word_1_838' title='bbox 3268 5280 3461 5345; x_wconf 86' lang='grc' dir='ltr'>αὑτοῦ,</span> <span class='ocrx_word' id='word_1_839' title='bbox 3502 5280 3597 5333; x_wconf 79' lang='grc' dir='ltr'>καὶ</span> <span class='ocrx_word' id='word_1_840' title='bbox 3632 5286 3694 5336; x_wconf 75' lang='grc' dir='ltr'>ὲν</span> <span class='ocrx_word' id='word_1_841' title='bbox 3726 5285 3808 5356; x_wconf 82' lang='grc' dir='ltr'>τῷ</span> 
     </span>
    </p>
   </div>
   <div class='ocr_carea' id='block_1_112' title="bbox 2224 5370 3810 5445">
    <p class='ocr_par' dir='ltr' id='par_1_112' title="bbox 2224 5370 3810 5445">
     <span class='ocr_line' id='line_1_112' title="bbox 2224 5370 3810 5445; baseline 0.003 -21"><span class='ocrx_word' id='word_1_842' title='bbox 2224 5371 2538 5441; x_wconf 82' lang='grc' dir='ltr'>παραδείσῳ</span> <span class='ocrx_word' id='word_1_843' title='bbox 2570 5371 2711 5440; x_wconf 87' lang='grc' dir='ltr'><strong>μετά</strong></span> <span class='ocrx_word' id='word_1_844' title='bbox 2734 5372 2830 5425; x_wconf 87' lang='grc' dir='ltr'><strong>τοῦ</strong></span> <span class='ocrx_word' id='word_1_845' title='bbox 2872 5370 3094 5444; x_wconf 79' lang='grc' dir='ltr'>λῃστοῦ,</span> <span class='ocrx_word' id='word_1_846' title='bbox 3123 5373 3182 5424; x_wconf 70' lang='grc' dir='ltr'>ιν</span> <span class='ocrx_word' id='word_1_847' title='bbox 3218 5372 3550 5445; x_wconf 83' lang='grc' dir='ltr'>ἀμφοτέροις</span> <span class='ocrx_word' id='word_1_848' title='bbox 3578 5374 3810 5430; x_wconf 77' lang='grc' dir='ltr'>ἀνελλι-</span> 
     </span>
    </p>
   </div>
   <div class='ocr_carea' id='block_1_113' title="bbox 2223 5461 3803 5535">
    <p class='ocr_par' dir='ltr' id='par_1_113' title="bbox 2223 5461 3803 5535">
     <span class='ocr_line' id='line_1_113' title="bbox 2223 5461 3803 5535; baseline 0.003 -20"><span class='ocrx_word' id='word_1_849' title='bbox 2223 5461 2329 5533; x_wconf 79' lang='grc' dir='ltr'><strong>πὴς</strong></span> <span class='ocrx_word' id='word_1_850' title='bbox 2359 5464 2453 5514; x_wconf 75' lang='grc' dir='ltr'><strong>καὶ</strong></span> <span class='ocrx_word' id='word_1_851' title='bbox 2474 5462 2803 5532; x_wconf 79' lang='grc' dir='ltr'>ἀχὼριστος,</span> <span class='ocrx_word' id='word_1_852' title='bbox 2834 5461 3021 5534; x_wconf 81' lang='grc' dir='ltr'>ὥσπερ</span> <span class='ocrx_word' id='word_1_853' title='bbox 3048 5464 3198 5535; x_wconf 75' lang='grc' dir='ltr'>καὶὴ</span> <span class='ocrx_word' id='word_1_854' title='bbox 3221 5463 3411 5533; x_wconf 78' lang='grc' dir='ltr'>Θεότης</span> <span class='ocrx_word' id='word_1_855' title='bbox 3433 5465 3764 5534; x_wconf 72' lang='grc' dir='ltr'>ὑπάρχουσα</span> <span class='ocrx_word' id='word_1_856' title='bbox 3790 5485 3803 5499; x_wconf 92' lang='grc'><strong>·</strong></span> 
     </span>
    </p>
   </div>
   <div class='ocr_carea' id='block_1_114' title="bbox 2222 5554 3809 5630">
    <p class='ocr_par' dir='ltr' id='par_1_114' title="bbox 2222 5554 3809 5630">
     <span class='ocr_line' id='line_1_114' title="bbox 2222 5554 3809 5630; baseline 0.005 -23"><span class='ocrx_word' id='word_1_857' title='bbox 2222 5554 2340 5607; x_wconf 85' lang='grc' dir='ltr'>ἀλλ’</span> <span class='ocrx_word' id='word_1_858' title='bbox 2368 5555 2426 5606; x_wconf 75' lang='grc' dir='ltr'>ἐν</span> <span class='ocrx_word' id='word_1_859' title='bbox 2457 5556 2533 5623; x_wconf 82' lang='grc' dir='ltr'>τῷ</span> <span class='ocrx_word' id='word_1_860' title='bbox 2563 5555 2721 5624; x_wconf 82' lang='grc' dir='ltr'><strong>τάφῳ</strong></span> <span class='ocrx_word' id='word_1_861' title='bbox 2748 5555 2929 5608; x_wconf 77' lang='grc' dir='ltr'>ἔκειτο</span> <span class='ocrx_word' id='word_1_862' title='bbox 2955 5555 3148 5627; x_wconf 76' lang='grc' dir='ltr'>νεκρὸν</span> <span class='ocrx_word' id='word_1_863' title='bbox 3173 5555 3379 5624; x_wconf 79' lang='grc' dir='ltr'>ἄψυχον</span> <span class='ocrx_word' id='word_1_864' title='bbox 3408 5557 3506 5611; x_wconf 71' lang='grc' dir='ltr'>καὶ</span> <span class='ocrx_word' id='word_1_865' title='bbox 3536 5559 3809 5630; x_wconf 82' lang='grc' dir='ltr'>ἀκίνητον</span> 
     </span>
    </p>
   </div>
   <div class='ocr_carea' id='block_1_115' title="bbox 2224 5647 3806 5720">
    <p class='ocr_par' dir='ltr' id='par_1_115' title="bbox 2224 5647 3806 5720">
     <span class='ocr_line' id='line_1_115' title="bbox 2224 5647 3806 5720; baseline 0.005 -22"><span class='ocrx_word' id='word_1_866' title='bbox 2224 5647 2288 5699; x_wconf 82' lang='grc' dir='ltr'>τὸ</span> <span class='ocrx_word' id='word_1_867' title='bbox 2321 5647 2481 5717; x_wconf 83' lang='grc' dir='ltr'>σῶμα</span> <span class='ocrx_word' id='word_1_868' title='bbox 2517 5649 2705 5713; x_wconf 77' lang='grc' dir='ltr'>αὑτοῦ,</span> <span class='ocrx_word' id='word_1_869' title='bbox 2733 5650 2828 5705; x_wconf 76' lang='grc' dir='ltr'><strong>καὶ</strong></span> <span class='ocrx_word' id='word_1_870' title='bbox 2858 5648 3254 5720; x_wconf 84' lang='grc' dir='ltr'>περιγραπτὸν,</span> <span class='ocrx_word' id='word_1_871' title='bbox 3283 5650 3331 5700; x_wconf 85' lang='grc' dir='ltr'><strong>εί</strong></span> <span class='ocrx_word' id='word_1_872' title='bbox 3362 5651 3456 5702; x_wconf 83' lang='grc' dir='ltr'>καὶ</span> <span class='ocrx_word' id='word_1_873' title='bbox 3481 5649 3806 5720; x_wconf 70' lang='grc' dir='ltr'>ἀχώριστοι,-</span> 
     </span>
    </p>
   </div>
   <div class='ocr_carea' id='block_1_116' title="bbox 2223 5732 3803 5813">
    <p class='ocr_par' dir='ltr' id='par_1_116' title="bbox 2223 5732 3803 5813">
     <span class='ocr_line' id='line_1_116' title="bbox 2223 5732 3803 5813; baseline 0.006 -26"><span class='ocrx_word' id='word_1_874' title='bbox 2223 5732 2292 5807; x_wconf 78' lang='grc' dir='ltr'>ἦν</span> <span class='ocrx_word' id='word_1_875' title='bbox 2313 5737 2373 5803; x_wconf 79' lang='grc' dir='ltr'>ἐξ</span> <span class='ocrx_word' id='word_1_876' title='bbox 2406 5738 2571 5793; x_wconf 85' lang='grc' dir='ltr'>αὑτοῦ</span> <span class='ocrx_word' id='word_1_877' title='bbox 2599 5742 2632 5810; x_wconf 79' lang='grc' dir='ltr'>ὴ</span> <span class='ocrx_word' id='word_1_878' title='bbox 2658 5738 2753 5795; x_wconf 87' lang='grc' dir='ltr'><strong>τοῦ</strong></span> <span class='ocrx_word' id='word_1_879' title='bbox 2798 5736 3032 5811; x_wconf 80' lang='grc' dir='ltr'>Χριστοῦ</span> <span class='ocrx_word' id='word_1_880' title='bbox 3074 5740 3300 5810; x_wconf 76' lang='grc' dir='ltr'><strong>ϐεὸτης;</strong></span> <span class='ocrx_word' id='word_1_881' title='bbox 3346 5739 3471 5793; x_wconf 81' lang='grc' dir='ltr'>Ἐἀν</span> <span class='ocrx_word' id='word_1_882' title='bbox 3516 5742 3629 5813; x_wconf 86' lang='grc' dir='ltr'><strong>γὰρ</strong></span> <span class='ocrx_word' id='word_1_883' title='bbox 3660 5743 3803 5796; x_wconf 80' lang='grc' dir='ltr'>ἀπο-</span> 
     </span>
    </p>
   </div>
  </div>
