  <div class='ocr_page' id='page_1' title='image "/cluster/home/n/w/nwhite01/storage/ocr_20150623/132/mdp.39015061535228/596.png"; bbox 0 0 4122 6320; ppageno 0'>
   <div class='ocr_carea' id='block_1_1' title="bbox 376 367 510 434">
    <p class='ocr_par' dir='ltr' id='par_1_1' title="bbox 376 367 510 434">
     <span class='ocr_line' id='line_1_1' title="bbox 376 367 510 434; baseline -0.015 0"><span class='ocrx_word' id='word_1_1' title='bbox 376 367 510 434; x_wconf 76' lang='grc'><strong>1177</strong></span> 
     </span>
    </p>
   </div>
   <div class='ocr_carea' id='block_1_2' title="bbox 1435 378 2590 452">
    <p class='ocr_par' dir='ltr' id='par_1_2' title="bbox 1435 378 2590 452">
     <span class='ocr_line' id='line_1_2' title="bbox 1435 378 2590 452; baseline 0.01 -12"><span class='ocrx_word' id='word_1_2' title='bbox 1435 378 1725 441; x_wconf 79' lang='lat' dir='ltr'><strong>ORATIO</strong></span> <span class='ocrx_word' id='word_1_3' title='bbox 1762 381 1791 442; x_wconf 87' lang='grc' dir='ltr'>Ι</span> <span class='ocrx_word' id='word_1_4' title='bbox 1830 380 2131 444; x_wconf 55' lang='lat' dir='ltr'><strong>CONTRA</strong></span> <span class='ocrx_word' id='word_1_5' title='bbox 2171 386 2590 452; x_wconf 77' lang='lat' dir='ltr'><strong>ARMENIOS.</strong></span> 
     </span>
    </p>
   </div>
   <div class='ocr_carea' id='block_1_3' title="bbox 3483 387 3619 450">
    <p class='ocr_par' dir='ltr' id='par_1_3' title="bbox 3483 387 3619 450">
     <span class='ocr_line' id='line_1_3' title="bbox 3483 387 3619 450; baseline -0.037 0"><span class='ocrx_word' id='word_1_6' title='bbox 3483 387 3619 450; x_wconf 78' lang='lat' dir='ltr'><strong>H78</strong></span> 
     </span>
    </p>
   </div>
   <div class='ocr_carea' id='block_1_4' title="bbox 376 485 1946 574">
    <p class='ocr_par' dir='ltr' id='par_1_4' title="bbox 376 485 1943 567">
     <span class='ocr_line' id='line_1_4' title="bbox 376 485 1943 567; baseline 0.008 -30"><span class='ocrx_word' id='word_1_7' title='bbox 376 486 576 540; x_wconf 75' lang='grc' dir='ltr'><strong>ἐκείνοι</strong></span> <span class='ocrx_word' id='word_1_8' title='bbox 607 485 816 552; x_wconf 78' lang='grc' dir='ltr'><strong>ἀτελῶς</strong></span> <span class='ocrx_word' id='word_1_9' title='bbox 837 503 852 519; x_wconf 74' lang='grc' dir='ltr'><strong>ο</strong></span> <span class='ocrx_word' id='word_1_10' title='bbox 879 490 1051 564; x_wconf 81' lang='grc' dir='ltr'><strong>ὅσπερ</strong></span> <span class='ocrx_word' id='word_1_11' title='bbox 1078 490 1197 548; x_wconf 69' lang='grc' dir='ltr'><strong>ἐστὶ</strong></span> <span class='ocrx_word' id='word_1_12' title='bbox 1248 492 1419 559; x_wconf 86' lang='grc' dir='ltr'><strong>τύπος</strong></span> <span class='ocrx_word' id='word_1_13' title='bbox 1455 496 1620 567; x_wconf 77' lang='grc' dir='ltr'><strong>μόνον</strong></span> <span class='ocrx_word' id='word_1_14' title='bbox 1640 537 1659 566; x_wconf 83' lang='grc'><strong><em>,</em></strong></span> <span class='ocrx_word' id='word_1_15' title='bbox 1691 495 1788 554; x_wconf 75' lang='grc' dir='ltr'><strong>καὶ</strong></span> <span class='ocrx_word' id='word_1_16' title='bbox 1812 495 1943 551; x_wconf 81' lang='grc' dir='ltr'><strong>σκιά</strong></span> 
     </span>
    </p>
   </div>
   <div class='ocr_carea' id='block_1_5' title="bbox 2050 485 3616 574">
    <p class='ocr_par' dir='ltr' id='par_1_5' title="bbox 2050 501 3616 574">
     <span class='ocr_line' id='line_1_5' title="bbox 2050 501 3616 574; baseline 0.005 -24"><span class='ocrx_word' id='word_1_17' title='bbox 2050 513 2222 569; x_wconf 85' lang='lat' dir='ltr'><strong>neque</strong></span> <span class='ocrx_word' id='word_1_18' title='bbox 2242 516 2492 574; x_wconf 75' lang='lat' dir='ltr'><strong>azytnnm</strong></span> <span class='ocrx_word' id='word_1_19' title='bbox 2525 519 2738 571; x_wconf 86' lang='lat' dir='ltr'><strong>panem,</strong></span> <span class='ocrx_word' id='word_1_20' title='bbox 2766 505 2842 558; x_wconf 99' lang='lat' dir='ltr'><strong>uti</strong></span> <span class='ocrx_word' id='word_1_21' title='bbox 2873 504 2950 558; x_wconf 83' lang='lat' dir='ltr'><strong>iiii</strong></span> <span class='ocrx_word' id='word_1_22' title='bbox 2993 501 3307 569; x_wconf 72' lang='lat' dir='ltr'><strong>itnpt&#39;rl‘ectc</strong></span> <span class='ocrx_word' id='word_1_23' title='bbox 3338 506 3616 559; x_wconf 80' lang='lat' dir='ltr'><strong>sacrilica-</strong></span> 
     </span>
    </p>
   </div>
   <div class='ocr_carea' id='block_1_6' title="bbox 371 576 1939 656">
    <p class='ocr_par' dir='ltr' id='par_1_6' title="bbox 371 576 1939 656">
     <span class='ocr_line' id='line_1_6' title="bbox 371 576 1939 656; baseline 0.008 -26"><span class='ocrx_word' id='word_1_24' title='bbox 371 576 466 630; x_wconf 76' lang='grc' dir='ltr'><strong>τοῦ</strong></span> <span class='ocrx_word' id='word_1_25' title='bbox 501 580 776 652; x_wconf 77' lang='grc' dir='ltr'><strong>ἡμετέρου</strong></span> <span class='ocrx_word' id='word_1_26' title='bbox 819 581 990 652; x_wconf 88' lang='grc' dir='ltr'><strong>ἄρτου</strong></span> <span class='ocrx_word' id='word_1_27' title='bbox 1019 601 1037 616; x_wconf 77' lang='grc' dir='ltr'><strong>ο</strong></span> <span class='ocrx_word' id='word_1_28' title='bbox 1085 583 1202 640; x_wconf 82' lang='grc' dir='ltr'><strong>ἀλλ’</strong></span> <span class='ocrx_word' id='word_1_29' title='bbox 1236 586 1404 656; x_wconf 88' lang='grc' dir='ltr'><strong>ἄρτον</strong></span> <span class='ocrx_word' id='word_1_30' title='bbox 1433 585 1644 643; x_wconf 70' lang='grc' dir='ltr'><strong>τέλειον</strong></span> <span class='ocrx_word' id='word_1_31' title='bbox 1676 600 1694 620; x_wconf 74' lang='grc' dir='ltr'><strong>ο</strong></span> <span class='ocrx_word' id='word_1_32' title='bbox 1726 585 1939 643; x_wconf 71' lang='grc' dir='ltr'><strong>τίλειον</strong></span> 
     </span>
    </p>
   </div>
   <div class='ocr_carea' id='block_1_7' title="bbox 376 665 1940 748">
    <p class='ocr_par' dir='ltr' id='par_1_7' title="bbox 376 665 1940 748">
     <span class='ocr_line' id='line_1_7' title="bbox 376 665 1940 748; baseline 0.009 -28"><span class='ocrx_word' id='word_1_33' title='bbox 376 665 665 739; x_wconf 64' lang='grc' dir='ltr'><strong>ἄνθρωπον</strong></span> <span class='ocrx_word' id='word_1_34' title='bbox 700 671 960 742; x_wconf 75' lang='grc' dir='ltr'><strong>Χριστὸν,</strong></span> <span class='ocrx_word' id='word_1_35' title='bbox 988 674 1084 727; x_wconf 84' lang='grc' dir='ltr'><strong>τδν</strong></span> <span class='ocrx_word' id='word_1_36' title='bbox 1107 676 1528 748; x_wconf 72' lang='grc' dir='ltr'><strong>σεσαρκωμένον</strong></span> <span class='ocrx_word' id='word_1_37' title='bbox 1550 676 1706 743; x_wconf 75' lang='grc' dir='ltr'><strong>Θεὸν,</strong></span> <span class='ocrx_word' id='word_1_38' title='bbox 1734 677 1822 733; x_wconf 73' lang='grc' dir='ltr'><strong>διὰ</strong></span> <span class='ocrx_word' id='word_1_39' title='bbox 1843 677 1940 734; x_wconf 77' lang='grc' dir='ltr'><strong>τοῦ</strong></span> 
     </span>
    </p>
   </div>
   <div class='ocr_carea' id='block_1_8' title="bbox 374 759 1940 843">
    <p class='ocr_par' dir='ltr' id='par_1_8' title="bbox 374 759 1940 843">
     <span class='ocr_line' id='line_1_8' title="bbox 374 759 1940 843; baseline 0.008 -31"><span class='ocrx_word' id='word_1_40' title='bbox 374 759 580 815; x_wconf 93' lang='grc' dir='ltr'><strong>τελείου</strong></span> <span class='ocrx_word' id='word_1_41' title='bbox 609 761 801 832; x_wconf 86' lang='grc' dir='ltr'><strong>ἄρτου,</strong></span> <span class='ocrx_word' id='word_1_42' title='bbox 829 767 922 819; x_wconf 79' lang='grc' dir='ltr'><strong>καὶ</strong></span> <span class='ocrx_word' id='word_1_43' title='bbox 959 765 1080 838; x_wconf 72' lang='lat'><strong>(26)</strong></span> <span class='ocrx_word' id='word_1_44' title='bbox 1114 768 1210 822; x_wconf 80' lang='grc' dir='ltr'><strong>τοῦ</strong></span> <span class='ocrx_word' id='word_1_45' title='bbox 1245 768 1501 840; x_wconf 84' lang='grc' dir='ltr'><strong>σώματος</strong></span> <span class='ocrx_word' id='word_1_46' title='bbox 1525 769 1694 824; x_wconf 80' lang='grc' dir='ltr'><strong>αὐτοῦ</strong></span> <span class='ocrx_word' id='word_1_47' title='bbox 1733 769 1940 843; x_wconf 83' lang='grc' dir='ltr'><strong>κηρύτ-</strong></span> 
     </span>
    </p>
   </div>
   <div class='ocr_carea' id='block_1_9' title="bbox 371 855 1942 935">
    <p class='ocr_par' dir='ltr' id='par_1_9' title="bbox 371 855 1942 935">
     <span class='ocr_line' id='line_1_9' title="bbox 371 855 1942 935; baseline 0.008 -30"><span class='ocrx_word' id='word_1_48' title='bbox 371 867 580 921; x_wconf 85' lang='grc' dir='ltr'><strong>τοντες.</strong></span> <span class='ocrx_word' id='word_1_49' title='bbox 629 855 842 929; x_wconf 84' lang='grc' dir='ltr'><strong>Ὠσπερ</strong></span> <span class='ocrx_word' id='word_1_50' title='bbox 896 858 1008 932; x_wconf 77' lang='grc' dir='ltr'><strong>γὰρ</strong></span> <span class='ocrx_word' id='word_1_51' title='bbox 1059 862 1259 917; x_wconf 70' lang='grc' dir='ltr'><strong>ἐκεῖνοι</strong></span> <span class='ocrx_word' id='word_1_52' title='bbox 1298 862 1397 918; x_wconf 70' lang='grc' dir='ltr'><strong>ἕνα</strong></span> <span class='ocrx_word' id='word_1_53' title='bbox 1449 863 1546 918; x_wconf 81' lang='grc' dir='ltr'><strong>καὶ</strong></span> <span class='ocrx_word' id='word_1_54' title='bbox 1603 863 1769 934; x_wconf 85' lang='grc' dir='ltr'><strong>μόνον</strong></span> <span class='ocrx_word' id='word_1_55' title='bbox 1797 861 1942 935; x_wconf 70' lang='grc' dir='ltr'><strong>εἰχον</strong></span> 
     </span>
    </p>
   </div>
   <div class='ocr_carea' id='block_1_10' title="bbox 372 944 1942 1025">
    <p class='ocr_par' dir='ltr' id='par_1_10' title="bbox 372 944 1942 1025">
     <span class='ocr_line' id='line_1_10' title="bbox 372 944 1942 1025; baseline 0.01 -27"><span class='ocrx_word' id='word_1_56' title='bbox 372 944 500 999; x_wconf 82' lang='grc' dir='ltr'><strong>ναδν</strong></span> <span class='ocrx_word' id='word_1_57' title='bbox 530 947 589 1000; x_wconf 76' lang='grc' dir='ltr'><strong>ὲν</strong></span> <span class='ocrx_word' id='word_1_58' title='bbox 631 947 996 1025; x_wconf 82' lang='grc' dir='ltr'><strong>Ἰερουσαλήμ</strong></span> <span class='ocrx_word' id='word_1_59' title='bbox 1022 970 1038 985; x_wconf 75' lang='grc' dir='ltr'><strong>ο</strong></span> <span class='ocrx_word' id='word_1_60' title='bbox 1073 955 1236 1024; x_wconf 81' lang='grc' dir='ltr'><strong>ἡμεῖς</strong></span> <span class='ocrx_word' id='word_1_61' title='bbox 1263 954 1319 1009; x_wconf 80' lang='grc' dir='ltr'><strong>δὲ</strong></span> <span class='ocrx_word' id='word_1_62' title='bbox 1349 954 1580 1016; x_wconf 80' lang='grc' dir='ltr'><strong>πολλοὺς</strong></span> <span class='ocrx_word' id='word_1_63' title='bbox 1603 957 1746 1011; x_wconf 79' lang='grc' dir='ltr'><strong>κατά</strong></span> <span class='ocrx_word' id='word_1_64' title='bbox 1771 957 1942 1013; x_wconf 84' lang='grc' dir='ltr'><strong>τόπον</strong></span> 
     </span>
    </p>
   </div>
   <div class='ocr_carea' id='block_1_11' title="bbox 372 1035 1943 1120">
    <p class='ocr_par' dir='ltr' id='par_1_11' title="bbox 372 1035 1943 1120">
     <span class='ocr_line' id='line_1_11' title="bbox 372 1035 1943 1120; baseline 0.01 -30"><span class='ocrx_word' id='word_1_65' title='bbox 372 1035 782 1111; x_wconf 78' lang='grc' dir='ltr'><strong>ἀναριθμήτους</strong></span> <span class='ocrx_word' id='word_1_66' title='bbox 817 1056 832 1072; x_wconf 80' lang='grc'><strong>⁸</strong></span> <span class='ocrx_word' id='word_1_67' title='bbox 859 1045 954 1097; x_wconf 76' lang='grc' dir='ltr'><strong>καὶ</strong></span> <span class='ocrx_word' id='word_1_68' title='bbox 985 1044 1175 1118; x_wconf 81' lang='grc' dir='ltr'><strong>ὥσπερ</strong></span> <span class='ocrx_word' id='word_1_69' title='bbox 1207 1048 1405 1102; x_wconf 77' lang='grc' dir='ltr'><strong>ἐκεῖνοι</strong></span> <span class='ocrx_word' id='word_1_70' title='bbox 1434 1047 1496 1101; x_wconf 81' lang='grc' dir='ltr'><strong>τὸ</strong></span> <span class='ocrx_word' id='word_1_71' title='bbox 1522 1049 1714 1120; x_wconf 81' lang='grc' dir='ltr'><strong>Πάσχα</strong></span> <span class='ocrx_word' id='word_1_72' title='bbox 1749 1052 1808 1102; x_wconf 75' lang='grc' dir='ltr'><strong>ὲν</strong></span> <span class='ocrx_word' id='word_1_73' title='bbox 1843 1048 1943 1105; x_wconf 83' lang='grc' dir='ltr'><strong>Ἱε-</strong></span> 
     </span>
    </p>
   </div>
   <div class='ocr_carea' id='block_1_12' title="bbox 376 1131 1941 1215">
    <p class='ocr_par' dir='ltr' id='par_1_12' title="bbox 376 1131 1941 1215">
     <span class='ocr_line' id='line_1_12' title="bbox 376 1131 1941 1215; baseline 0.01 -32"><span class='ocrx_word' id='word_1_74' title='bbox 376 1131 662 1202; x_wconf 78' lang='grc' dir='ltr'><strong>ρουσαλὴμ</strong></span> <span class='ocrx_word' id='word_1_75' title='bbox 713 1134 876 1205; x_wconf 83' lang='grc' dir='ltr'><strong>μόνον</strong></span> <span class='ocrx_word' id='word_1_76' title='bbox 920 1137 1138 1193; x_wconf 78' lang='grc' dir='ltr'><strong>ἐτέλουν</strong></span> <span class='ocrx_word' id='word_1_77' title='bbox 1161 1156 1174 1172; x_wconf 76' lang='grc' dir='ltr'><strong>ο</strong></span> <span class='ocrx_word' id='word_1_78' title='bbox 1220 1142 1388 1213; x_wconf 84' lang='grc' dir='ltr'><strong>ἡμεῖς</strong></span> <span class='ocrx_word' id='word_1_79' title='bbox 1414 1141 1470 1195; x_wconf 83' lang='grc' dir='ltr'><strong>δὲ</strong></span> <span class='ocrx_word' id='word_1_80' title='bbox 1513 1144 1570 1197; x_wconf 82' lang='grc' dir='ltr'><strong>ὲν</strong></span> <span class='ocrx_word' id='word_1_81' title='bbox 1603 1143 1756 1215; x_wconf 80' lang='grc' dir='ltr'><strong>πάσῃ</strong></span> <span class='ocrx_word' id='word_1_82' title='bbox 1787 1145 1941 1199; x_wconf 74' lang='grc' dir='ltr'><strong>πόλει</strong></span> 
     </span>
    </p>
   </div>
   <div class='ocr_carea' id='block_1_13' title="bbox 373 1227 1944 1312">
    <p class='ocr_par' dir='ltr' id='par_1_13' title="bbox 373 1227 1944 1312">
     <span class='ocr_line' id='line_1_13' title="bbox 373 1227 1944 1312; baseline 0.01 -33"><span class='ocrx_word' id='word_1_83' title='bbox 373 1227 747 1298; x_wconf 74' lang='grc' dir='ltr'><strong>ἑορτάζομεν·</strong></span> <span class='ocrx_word' id='word_1_84' title='bbox 774 1233 868 1285; x_wconf 78' lang='grc' dir='ltr'><strong>καὶ</strong></span> <span class='ocrx_word' id='word_1_85' title='bbox 900 1232 1088 1304; x_wconf 82' lang='grc' dir='ltr'><strong>ὥσπερ</strong></span> <span class='ocrx_word' id='word_1_86' title='bbox 1133 1237 1333 1290; x_wconf 78' lang='grc' dir='ltr'><strong>ἐκεῖνοι</strong></span> <span class='ocrx_word' id='word_1_87' title='bbox 1359 1236 1422 1289; x_wconf 81' lang='grc' dir='ltr'><strong>τὸ</strong></span> <span class='ocrx_word' id='word_1_88' title='bbox 1463 1237 1659 1309; x_wconf 80' lang='grc' dir='ltr'><strong>Πάσχα</strong></span> <span class='ocrx_word' id='word_1_89' title='bbox 1696 1241 1763 1312; x_wconf 80' lang='grc' dir='ltr'><strong>τῇ</strong></span> <span class='ocrx_word' id='word_1_90' title='bbox 1817 1256 1944 1294; x_wconf 82' lang='grc' dir='ltr'><strong>τεσο</strong></span> 
     </span>
    </p>
   </div>
   <div class='ocr_carea' id='block_1_14' title="bbox 375 1323 1943 1408">
    <p class='ocr_par' dir='ltr' id='par_1_14' title="bbox 375 1323 1943 1408">
     <span class='ocr_line' id='line_1_14' title="bbox 375 1323 1943 1408; baseline 0.01 -35"><span class='ocrx_word' id='word_1_91' title='bbox 375 1323 850 1398; x_wconf 79' lang='grc' dir='ltr'><strong>σαρεσκαιδεκάτῃ</strong></span> <span class='ocrx_word' id='word_1_92' title='bbox 880 1327 980 1397; x_wconf 83' lang='grc' dir='ltr'><strong>τῆς</strong></span> <span class='ocrx_word' id='word_1_93' title='bbox 1025 1328 1258 1400; x_wconf 83' lang='grc' dir='ltr'><strong>σελήνης</strong></span> <span class='ocrx_word' id='word_1_94' title='bbox 1305 1330 1658 1400; x_wconf 74' lang='grc' dir='ltr'><strong>ἑορτάζουσιν</strong></span> <span class='ocrx_word' id='word_1_95' title='bbox 1677 1375 1691 1399; x_wconf 85' lang='grc'><strong><em>,</em></strong></span> <span class='ocrx_word' id='word_1_96' title='bbox 1722 1334 1781 1386; x_wconf 79' lang='grc' dir='ltr'><strong>ἐν</strong></span> <span class='ocrx_word' id='word_1_97' title='bbox 1810 1327 1844 1408; x_wconf 73' lang='grc' dir='ltr'><strong>ᾖ</strong></span> <span class='ocrx_word' id='word_1_98' title='bbox 1874 1333 1943 1389; x_wconf 82' lang='grc' dir='ltr'><strong>ἂν</strong></span> 
     </span>
    </p>
   </div>
   <div class='ocr_carea' id='block_1_15' title="bbox 373 1415 1941 1498">
    <p class='ocr_par' dir='ltr' id='par_1_15' title="bbox 373 1415 1941 1498">
     <span class='ocr_line' id='line_1_15' title="bbox 373 1415 1941 1498; baseline 0.009 -31"><span class='ocrx_word' id='word_1_99' title='bbox 373 1415 553 1486; x_wconf 70' lang='grc' dir='ltr'><strong>ἡμέρᾳ</strong></span> <span class='ocrx_word' id='word_1_100' title='bbox 591 1419 908 1491; x_wconf 81' lang='grc' dir='ltr'><strong>καταντήσῃ</strong></span> <span class='ocrx_word' id='word_1_101' title='bbox 945 1437 960 1450; x_wconf 92' lang='grc'><strong>·</strong></span> <span class='ocrx_word' id='word_1_102' title='bbox 992 1423 1153 1492; x_wconf 73' lang='grc' dir='ltr'><strong>ἡμεῖς</strong></span> <span class='ocrx_word' id='word_1_103' title='bbox 1186 1422 1265 1487; x_wconf 79' lang='grc' dir='ltr'><strong>δὲ,</strong></span> <span class='ocrx_word' id='word_1_104' title='bbox 1308 1425 1366 1478; x_wconf 73' lang='grc' dir='ltr'><strong>ἐν</strong></span> <span class='ocrx_word' id='word_1_105' title='bbox 1407 1425 1660 1498; x_wconf 77' lang='grc' dir='ltr'><strong>κυριακῇ</strong></span> <span class='ocrx_word' id='word_1_106' title='bbox 1686 1425 1941 1494; x_wconf 78' lang='grc' dir='ltr'><strong>πάντοτε,</strong></span> 
     </span>
    </p>
   </div>
   <div class='ocr_carea' id='block_1_16' title="bbox 376 1507 1945 1589">
    <p class='ocr_par' dir='ltr' id='par_1_16' title="bbox 376 1507 1945 1589">
     <span class='ocr_line' id='line_1_16' title="bbox 376 1507 1945 1589; baseline 0.01 -30"><span class='ocrx_word' id='word_1_107' title='bbox 376 1507 553 1562; x_wconf 75' lang='grc' dir='ltr'><strong>πάντα</strong></span> <span class='ocrx_word' id='word_1_108' title='bbox 605 1511 1000 1583; x_wconf 81' lang='grc' dir='ltr'><strong>περισσότερον</strong></span> <span class='ocrx_word' id='word_1_109' title='bbox 1047 1516 1180 1586; x_wconf 80' lang='grc' dir='ltr'><strong>παρ’</strong></span> <span class='ocrx_word' id='word_1_110' title='bbox 1227 1515 1474 1580; x_wconf 76' lang='grc' dir='ltr'><strong>ἐκείνους</strong></span> <span class='ocrx_word' id='word_1_111' title='bbox 1516 1516 1773 1589; x_wconf 72' lang='grc' dir='ltr'><strong>ἔχοντεςο</strong></span> <span class='ocrx_word' id='word_1_112' title='bbox 1798 1518 1945 1575; x_wconf 78' lang='grc' dir='ltr'><strong>οὕτω</strong></span> 
     </span>
    </p>
   </div>
   <div class='ocr_carea' id='block_1_17' title="bbox 375 1599 1943 1684">
    <p class='ocr_par' dir='ltr' id='par_1_17' title="bbox 375 1599 1943 1684">
     <span class='ocr_line' id='line_1_17' title="bbox 375 1599 1943 1684; baseline 0.008 -30"><span class='ocrx_word' id='word_1_113' title='bbox 375 1599 537 1669; x_wconf 82' lang='grc' dir='ltr'><strong>δῆλον</strong></span> <span class='ocrx_word' id='word_1_114' title='bbox 560 1603 646 1657; x_wconf 82' lang='grc' dir='ltr'><strong>δτι</strong></span> <span class='ocrx_word' id='word_1_115' title='bbox 669 1605 767 1659; x_wconf 76' lang='grc' dir='ltr'><strong>καὶ</strong></span> <span class='ocrx_word' id='word_1_116' title='bbox 797 1608 825 1660; x_wconf 93' lang='lat'><strong>6</strong></span> <span class='ocrx_word' id='word_1_117' title='bbox 854 1608 1020 1680; x_wconf 86' lang='grc' dir='ltr'><strong>ἄρτος</strong></span> <span class='ocrx_word' id='word_1_118' title='bbox 1049 1608 1151 1678; x_wconf 80' lang='grc' dir='ltr'><strong>τῆς</strong></span> <span class='ocrx_word' id='word_1_119' title='bbox 1188 1607 1379 1675; x_wconf 79' lang='grc' dir='ltr'><strong>θυσίας</strong></span> <span class='ocrx_word' id='word_1_120' title='bbox 1423 1610 1580 1681; x_wconf 84' lang='grc' dir='ltr'><strong>ἡμῶν</strong></span> <span class='ocrx_word' id='word_1_121' title='bbox 1621 1612 1943 1684; x_wconf 76' lang='grc' dir='ltr'><strong>περισσότεο</strong></span> 
     </span>
    </p>
   </div>
   <div class='ocr_carea' id='block_1_18' title="bbox 376 1693 1943 1774">
    <p class='ocr_par' dir='ltr' id='par_1_18' title="bbox 376 1693 1943 1774">
     <span class='ocr_line' id='line_1_18' title="bbox 376 1693 1943 1774; baseline 0.008 -30"><span class='ocrx_word' id='word_1_122' title='bbox 376 1707 469 1763; x_wconf 89' lang='grc' dir='ltr'><strong>ρος</strong></span> <span class='ocrx_word' id='word_1_123' title='bbox 503 1693 712 1762; x_wconf 82' lang='grc' dir='ltr'>ὀφείλει</span> <span class='ocrx_word' id='word_1_124' title='bbox 745 1693 906 1764; x_wconf 74' lang='grc' dir='ltr'><strong>εἶναι,</strong></span> <span class='ocrx_word' id='word_1_125' title='bbox 942 1699 1040 1752; x_wconf 81' lang='grc' dir='ltr'><strong>καὶ</strong></span> <span class='ocrx_word' id='word_1_126' title='bbox 1067 1698 1400 1772; x_wconf 83' lang='grc' dir='ltr'><strong>τελειότερον</strong></span> <span class='ocrx_word' id='word_1_127' title='bbox 1418 1701 1561 1772; x_wconf 78' lang='grc' dir='ltr'><strong>ὑπὲρ</strong></span> <span class='ocrx_word' id='word_1_128' title='bbox 1581 1702 1689 1756; x_wconf 86' lang='grc' dir='ltr'><strong>τῶν</strong></span> <span class='ocrx_word' id='word_1_129' title='bbox 1715 1702 1943 1774; x_wconf 78' lang='grc' dir='ltr'><strong>ἀζύμων</strong></span> 
     </span>
    </p>
   </div>
   <div class='ocr_carea' id='block_1_19' title="bbox 373 1783 1942 1864">
    <p class='ocr_par' dir='ltr' id='par_1_19' title="bbox 373 1783 1942 1864">
     <span class='ocr_line' id='line_1_19' title="bbox 373 1783 1942 1864; baseline 0.009 -27"><span class='ocrx_word' id='word_1_130' title='bbox 373 1783 484 1839; x_wconf 81' lang='grc' dir='ltr'><strong>τῶν</strong></span> <span class='ocrx_word' id='word_1_131' title='bbox 528 1787 860 1852; x_wconf 80' lang='grc' dir='ltr'><strong>Ἰουδαϊκῶν,</strong></span> <span class='ocrx_word' id='word_1_132' title='bbox 897 1791 1081 1856; x_wconf 85' lang='grc' dir='ltr'><strong>καθώς</strong></span> <span class='ocrx_word' id='word_1_133' title='bbox 1114 1809 1280 1862; x_wconf 77' lang='grc' dir='ltr'><strong>φησιν</strong></span> <span class='ocrx_word' id='word_1_134' title='bbox 1312 1796 1340 1846; x_wconf 90' lang='lat'><strong>6</strong></span> <span class='ocrx_word' id='word_1_135' title='bbox 1371 1795 1530 1864; x_wconf 76' lang='grc' dir='ltr'><strong>ἅγιος</strong></span> <span class='ocrx_word' id='word_1_136' title='bbox 1559 1795 1772 1860; x_wconf 86' lang='grc' dir='ltr'><strong>Παῦλος</strong></span> <span class='ocrx_word' id='word_1_137' title='bbox 1795 1837 1810 1863; x_wconf 87' lang='grc'><em>,</em></span> <span class='ocrx_word' id='word_1_138' title='bbox 1847 1799 1942 1851; x_wconf 72' lang='grc' dir='ltr'><strong>καὶ</strong></span> 
     </span>
    </p>
   </div>
   <div class='ocr_carea' id='block_1_20' title="bbox 374 1877 1941 1961">
    <p class='ocr_par' dir='ltr' id='par_1_20' title="bbox 374 1877 1941 1961">
     <span class='ocr_line' id='line_1_20' title="bbox 374 1877 1941 1961; baseline 0.01 -31"><span class='ocrx_word' id='word_1_139' title='bbox 374 1877 681 1949; x_wconf 84' lang='grc' dir='ltr'><strong>Γρηγόριος</strong></span> <span class='ocrx_word' id='word_1_140' title='bbox 713 1880 978 1952; x_wconf 80' lang='grc' dir='ltr'><strong>Θεολόγος</strong></span> <span class='ocrx_word' id='word_1_141' title='bbox 1005 1902 1019 1915; x_wconf 90' lang='grc'><strong>·</strong></span> <span class='ocrx_word' id='word_1_142' title='bbox 1061 1902 1081 1936; x_wconf 77' lang='grc' dir='ltr'><strong>ε</strong></span> <span class='ocrx_word' id='word_1_143' title='bbox 1112 1885 1194 1939; x_wconf 87' lang='grc' dir='ltr'><strong>Τά</strong></span> <span class='ocrx_word' id='word_1_144' title='bbox 1224 1885 1433 1958; x_wconf 85' lang='grc' dir='ltr'><strong>ἀρχαῖα</strong></span> <span class='ocrx_word' id='word_1_145' title='bbox 1469 1888 1751 1961; x_wconf 79' lang='grc' dir='ltr'><strong>παρῆλθεν</strong></span> <span class='ocrx_word' id='word_1_146' title='bbox 1777 1905 1793 1920; x_wconf 88' lang='grc'>⁶</span> <span class='ocrx_word' id='word_1_147' title='bbox 1828 1891 1941 1945; x_wconf 86' lang='grc' dir='ltr'><strong>ίδοὺ</strong></span> 
     </span>
    </p>
   </div>
   <div class='ocr_carea' id='block_1_21' title="bbox 373 1969 1277 2040">
    <p class='ocr_par' dir='ltr' id='par_1_21' title="bbox 373 1969 1277 2040">
     <span class='ocr_line' id='line_1_21' title="bbox 373 1969 1277 2040; baseline 0.008 -18"><span class='ocrx_word' id='word_1_148' title='bbox 373 1969 483 2040; x_wconf 82' lang='grc' dir='ltr'><strong>γὰρ</strong></span> <span class='ocrx_word' id='word_1_149' title='bbox 510 1969 702 2040; x_wconf 80' lang='grc' dir='ltr'><strong>γέγονε</strong></span> <span class='ocrx_word' id='word_1_150' title='bbox 731 1973 796 2027; x_wconf 83' lang='grc' dir='ltr'><strong>τὰ</strong></span> <span class='ocrx_word' id='word_1_151' title='bbox 827 1973 1008 2029; x_wconf 80' lang='grc' dir='ltr'><strong>πάντα</strong></span> <span class='ocrx_word' id='word_1_152' title='bbox 1037 1976 1223 2031; x_wconf 78' lang='grc' dir='ltr'><strong>καινά.</strong></span> <span class='ocrx_word' id='word_1_153' title='bbox 1257 1994 1277 2029; x_wconf 67' lang='grc' dir='ltr'><strong>ι</strong></span> 
     </span>
    </p>
   </div>
   <div class='ocr_carea' id='block_1_22' title="bbox 443 2063 1946 2140">
    <p class='ocr_par' dir='ltr' id='par_1_22' title="bbox 443 2063 1946 2140">
     <span class='ocr_line' id='line_1_22' title="bbox 443 2063 1946 2140; baseline 0.008 -24"><span class='ocrx_word' id='word_1_154' title='bbox 443 2063 581 2117; x_wconf 86' lang='grc' dir='ltr'><strong>ΤΟΥ</strong></span> <span class='ocrx_word' id='word_1_155' title='bbox 608 2063 1141 2122; x_wconf 79' lang='grc' dir='ltr'><strong>ΧΡΥΣΟΣΤΟΜΟΥ.</strong></span> <span class='ocrx_word' id='word_1_156' title='bbox 1175 2067 1249 2123; x_wconf 84' lang='lat' dir='ltr'><strong>B’.</strong></span> <span class='ocrx_word' id='word_1_157' title='bbox 1301 2070 1584 2138; x_wconf 75' lang='grc' dir='ltr'><strong>Ὡσαύτως</strong></span> <span class='ocrx_word' id='word_1_158' title='bbox 1622 2070 1718 2127; x_wconf 80' lang='grc' dir='ltr'><strong>καὶ</strong></span> <span class='ocrx_word' id='word_1_159' title='bbox 1746 2073 1776 2126; x_wconf 89' lang='lat'><strong>6</strong></span> <span class='ocrx_word' id='word_1_160' title='bbox 1802 2073 1946 2140; x_wconf 81' lang='grc' dir='ltr'><strong>θεῖος</strong></span> 
     </span>
    </p>
   </div>
   <div class='ocr_carea' id='block_1_23' title="bbox 369 2156 1944 2236">
    <p class='ocr_par' dir='ltr' id='par_1_23' title="bbox 369 2156 1944 2236">
     <span class='ocr_line' id='line_1_23' title="bbox 369 2156 1944 2236; baseline 0.01 -26"><span class='ocrx_word' id='word_1_161' title='bbox 369 2156 759 2228; x_wconf 82' lang='grc' dir='ltr'><strong>Χρυσόστομος</strong></span> <span class='ocrx_word' id='word_1_162' title='bbox 788 2161 1040 2235; x_wconf 76' lang='grc' dir='ltr'><strong>περὶτῆς</strong></span> <span class='ocrx_word' id='word_1_163' title='bbox 1075 2164 1319 2229; x_wconf 75' lang='grc' dir='ltr'><strong>Παλαιᾶς</strong></span> <span class='ocrx_word' id='word_1_164' title='bbox 1348 2182 1513 2236; x_wconf 83' lang='grc' dir='ltr'><strong>φησιν</strong></span> <span class='ocrx_word' id='word_1_165' title='bbox 1558 2183 1572 2198; x_wconf 78' lang='grc'><strong>⁸</strong></span> <span class='ocrx_word' id='word_1_166' title='bbox 1615 2186 1636 2221; x_wconf 80' lang='grc' dir='ltr'><strong>ι</strong></span> <span class='ocrx_word' id='word_1_167' title='bbox 1690 2168 1842 2226; x_wconf 75' lang='grc' dir='ltr'>Ἐκεῖ</span> <span class='ocrx_word' id='word_1_168' title='bbox 1884 2174 1944 2227; x_wconf 83' lang='grc' dir='ltr'><strong>τὺ</strong></span> 
     </span>
    </p>
   </div>
   <div class='ocr_carea' id='block_1_24' title="bbox 371 2243 1944 2337">
    <p class='ocr_par' dir='ltr' id='par_1_24' title="bbox 371 2243 1944 2337">
     <span class='ocr_line' id='line_1_24' title="bbox 371 2243 1944 2337; baseline 0.011 -36"><span class='ocrx_word' id='word_1_169' title='bbox 371 2249 632 2320; x_wconf 82' lang='grc' dir='ltr'><strong>γράμμα,</strong></span> <span class='ocrx_word' id='word_1_170' title='bbox 665 2243 768 2305; x_wconf 81' lang='grc' dir='ltr'><strong>ὧδε</strong></span> <span class='ocrx_word' id='word_1_171' title='bbox 802 2255 864 2306; x_wconf 82' lang='grc' dir='ltr'><strong>τὸ</strong></span> <span class='ocrx_word' id='word_1_172' title='bbox 902 2255 1125 2324; x_wconf 84' lang='grc' dir='ltr'><strong>πνεῦμα</strong></span> <span class='ocrx_word' id='word_1_173' title='bbox 1152 2272 1167 2288; x_wconf 75' lang='grc' dir='ltr'><strong>ο</strong></span> <span class='ocrx_word' id='word_1_174' title='bbox 1205 2259 1325 2311; x_wconf 68' lang='grc' dir='ltr'><strong>ἐκεῖ</strong></span> <span class='ocrx_word' id='word_1_175' title='bbox 1367 2259 1401 2328; x_wconf 87' lang='grc' dir='ltr'><strong>ἡ</strong></span> <span class='ocrx_word' id='word_1_176' title='bbox 1457 2257 1726 2328; x_wconf 72' lang='grc' dir='ltr'><strong>κιϐωτὸς,</strong></span> <span class='ocrx_word' id='word_1_177' title='bbox 1767 2256 1870 2317; x_wconf 81' lang='grc' dir='ltr'><strong>ὧδε</strong></span> <span class='ocrx_word' id='word_1_178' title='bbox 1911 2266 1944 2337; x_wconf 90' lang='grc' dir='ltr'><strong>ἡ</strong></span> 
     </span>
    </p>
   </div>
   <div class='ocr_carea' id='block_1_25' title="bbox 374 2341 1948 2428">
    <p class='ocr_par' dir='ltr' id='par_1_25' title="bbox 374 2341 1948 2428">
     <span class='ocr_line' id='line_1_25' title="bbox 374 2341 1948 2428; baseline 0.011 -35"><span class='ocrx_word' id='word_1_179' title='bbox 374 2341 687 2413; x_wconf 71' lang='grc' dir='ltr'><strong>παρθένος*</strong></span> <span class='ocrx_word' id='word_1_180' title='bbox 716 2345 834 2398; x_wconf 72' lang='grc' dir='ltr'><strong>ἐκεῖ</strong></span> <span class='ocrx_word' id='word_1_181' title='bbox 859 2345 1052 2417; x_wconf 76' lang='grc' dir='ltr'><strong>ῥάϐδος</strong></span> <span class='ocrx_word' id='word_1_182' title='bbox 1090 2347 1328 2422; x_wconf 80' lang='grc' dir='ltr'><strong>Ἀαρὼν,</strong></span> <span class='ocrx_word' id='word_1_183' title='bbox 1361 2343 1464 2407; x_wconf 79' lang='grc' dir='ltr'><strong>ὦδε</strong></span> <span class='ocrx_word' id='word_1_184' title='bbox 1489 2356 1518 2409; x_wconf 88' lang='lat'><strong>6</strong></span> <span class='ocrx_word' id='word_1_185' title='bbox 1551 2357 1810 2428; x_wconf 78' lang='grc' dir='ltr'><strong>σταυρὸςο</strong></span> <span class='ocrx_word' id='word_1_186' title='bbox 1831 2358 1948 2411; x_wconf 70' lang='grc' dir='ltr'><strong>εκεῖ</strong></span> 
     </span>
    </p>
   </div>
   <div class='ocr_carea' id='block_1_26' title="bbox 371 2429 1943 2518">
    <p class='ocr_par' dir='ltr' id='par_1_26' title="bbox 371 2429 1943 2518">
     <span class='ocr_line' id='line_1_26' title="bbox 371 2429 1943 2518; baseline 0.011 -32"><span class='ocrx_word' id='word_1_187' title='bbox 371 2436 440 2487; x_wconf 86' lang='grc' dir='ltr'><strong>τά</strong></span> <span class='ocrx_word' id='word_1_188' title='bbox 469 2435 676 2507; x_wconf 74' lang='grc' dir='ltr'><strong>ἄζυμα,</strong></span> <span class='ocrx_word' id='word_1_189' title='bbox 712 2429 815 2494; x_wconf 80' lang='grc' dir='ltr'><strong>ὦδε</strong></span> <span class='ocrx_word' id='word_1_190' title='bbox 844 2441 873 2494; x_wconf 91' lang='lat'><strong>6</strong></span> <span class='ocrx_word' id='word_1_191' title='bbox 905 2441 1073 2513; x_wconf 87' lang='grc' dir='ltr'><strong>ἄρτος</strong></span> <span class='ocrx_word' id='word_1_192' title='bbox 1102 2459 1118 2475; x_wconf 89' lang='grc'><strong>·</strong></span> <span class='ocrx_word' id='word_1_193' title='bbox 1152 2434 1324 2500; x_wconf 75' lang='grc' dir='ltr'><strong>ὲκεϊὸ</strong></span> <span class='ocrx_word' id='word_1_194' title='bbox 1353 2446 1550 2517; x_wconf 70' lang='grc' dir='ltr'><strong>ἀμνδς,</strong></span> <span class='ocrx_word' id='word_1_195' title='bbox 1600 2440 1705 2504; x_wconf 77' lang='grc' dir='ltr'><strong>ὦδε</strong></span> <span class='ocrx_word' id='word_1_196' title='bbox 1737 2449 1767 2502; x_wconf 84' lang='grc'>6</span> <span class='ocrx_word' id='word_1_197' title='bbox 1802 2449 1943 2518; x_wconf 78' lang='grc' dir='ltr'><strong>Χρι-</strong></span> 
     </span>
    </p>
   </div>
   <div class='ocr_carea' id='block_1_27' title="bbox 377 2526 1945 2614">
    <p class='ocr_par' dir='ltr' id='par_1_27' title="bbox 377 2526 1945 2614">
     <span class='ocr_line' id='line_1_27' title="bbox 377 2526 1945 2614; baseline 0.013 -35"><span class='ocrx_word' id='word_1_198' title='bbox 377 2526 523 2591; x_wconf 85' lang='grc' dir='ltr'><strong>στός.</strong></span> <span class='ocrx_word' id='word_1_199' title='bbox 566 2527 727 2584; x_wconf 83' lang='grc' dir='ltr'><strong>Ἀλλά</strong></span> <span class='ocrx_word' id='word_1_200' title='bbox 757 2531 809 2584; x_wconf 91' lang='grc' dir='ltr'><strong>τί</strong></span> <span class='ocrx_word' id='word_1_201' title='bbox 841 2549 1009 2601; x_wconf 82' lang='grc' dir='ltr'><strong>φασιν</strong></span> <span class='ocrx_word' id='word_1_202' title='bbox 1054 2536 1103 2590; x_wconf 89' lang='grc' dir='ltr'><strong>οί</strong></span> <span class='ocrx_word' id='word_1_203' title='bbox 1136 2534 1422 2606; x_wconf 75' lang='grc' dir='ltr'><strong>ἀπειθεῐςς</strong></span> <span class='ocrx_word' id='word_1_204' title='bbox 1458 2539 1583 2595; x_wconf 86' lang='grc' dir='ltr'><strong>Ὅτι</strong></span> <span class='ocrx_word' id='word_1_205' title='bbox 1619 2540 1648 2596; x_wconf 89' lang='lat'><strong>6</strong></span> <span class='ocrx_word' id='word_1_206' title='bbox 1688 2540 1854 2614; x_wconf 88' lang='grc' dir='ltr'><strong>ἄρτος</strong></span> <span class='ocrx_word' id='word_1_207' title='bbox 1885 2543 1945 2598; x_wconf 81' lang='lat' dir='ltr'><strong><em>6v</em></strong></span> 
     </span>
    </p>
   </div>
   <div class='ocr_carea' id='block_1_28' title="bbox 374 2621 1948 2707">
    <p class='ocr_par' dir='ltr' id='par_1_28' title="bbox 374 2621 1948 2707">
     <span class='ocr_line' id='line_1_28' title="bbox 374 2621 1948 2707; baseline 0.011 -34"><span class='ocrx_word' id='word_1_208' title='bbox 374 2621 614 2690; x_wconf 54' lang='grc' dir='ltr'><strong>Χριστος</strong></span> <span class='ocrx_word' id='word_1_209' title='bbox 657 2622 892 2678; x_wconf 77' lang='grc' dir='ltr'><strong>δέδωκεν</strong></span> <span class='ocrx_word' id='word_1_210' title='bbox 939 2624 1150 2698; x_wconf 84' lang='grc' dir='ltr'><strong>ἄζυμος</strong></span> <span class='ocrx_word' id='word_1_211' title='bbox 1197 2622 1289 2701; x_wconf 72' lang='grc' dir='ltr'><strong>ἦν,</strong></span> <span class='ocrx_word' id='word_1_212' title='bbox 1337 2629 1426 2686; x_wconf 85' lang='grc' dir='ltr'><strong>διά</strong></span> <span class='ocrx_word' id='word_1_213' title='bbox 1450 2632 1609 2690; x_wconf 81' lang='grc' dir='ltr'><strong>τοῦτο</strong></span> <span class='ocrx_word' id='word_1_214' title='bbox 1641 2635 1738 2691; x_wconf 73' lang='grc' dir='ltr'><strong>καὶ</strong></span> <span class='ocrx_word' id='word_1_215' title='bbox 1783 2638 1948 2707; x_wconf 76' lang='grc' dir='ltr'><strong>ἡμεῖς</strong></span> 
     </span>
    </p>
   </div>
   <div class='ocr_carea' id='block_1_29' title="bbox 375 2710 1945 2784">
    <p class='ocr_par' dir='ltr' id='par_1_29' title="bbox 375 2710 1945 2784">
     <span class='ocr_line' id='line_1_29' title="bbox 375 2710 1945 2784; baseline 0.006 -18"><span class='ocrx_word' id='word_1_216' title='bbox 375 2710 562 2780; x_wconf 86' lang='grc' dir='ltr'><strong>ἄζυμα</strong></span> <span class='ocrx_word' id='word_1_217' title='bbox 593 2715 982 2784; x_wconf 81' lang='grc' dir='ltr'><strong>προσφέρομεν</strong></span> <span class='ocrx_word' id='word_1_218' title='bbox 1018 2716 1097 2781; x_wconf 89' lang='grc' dir='ltr'><strong>είς</strong></span> <span class='ocrx_word' id='word_1_219' title='bbox 1137 2716 1353 2773; x_wconf 80' lang='grc' dir='ltr'><strong>θυσίαν.</strong></span> <span class='ocrx_word' id='word_1_220' title='bbox 1394 2720 1567 2776; x_wconf 84' lang='grc' dir='ltr'><strong>Παντί</strong></span> <span class='ocrx_word' id='word_1_221' title='bbox 1594 2738 1658 2777; x_wconf 84' lang='grc' dir='ltr'><strong>τε</strong></span> <span class='ocrx_word' id='word_1_222' title='bbox 1686 2723 1781 2777; x_wconf 75' lang='grc' dir='ltr'><strong>καὶ</strong></span> <span class='ocrx_word' id='word_1_223' title='bbox 1811 2740 1945 2778; x_wconf 84' lang='grc' dir='ltr'><strong>παν-</strong></span> 
     </span>
    </p>
   </div>
   <div class='ocr_carea' id='block_1_30' title="bbox 374 2800 1947 2882">
    <p class='ocr_par' dir='ltr' id='par_1_30' title="bbox 374 2800 1947 2882">
     <span class='ocr_line' id='line_1_30' title="bbox 374 2800 1947 2882; baseline 0.009 -28"><span class='ocrx_word' id='word_1_224' title='bbox 374 2800 544 2874; x_wconf 83' lang='grc' dir='ltr'><strong>ταχοῦ</strong></span> <span class='ocrx_word' id='word_1_225' title='bbox 578 2802 657 2874; x_wconf 82' lang='grc' dir='ltr'>τῷ</span> <span class='ocrx_word' id='word_1_226' title='bbox 688 2804 911 2878; x_wconf 80' lang='grc' dir='ltr'><strong>Χριστῷ</strong></span> <span class='ocrx_word' id='word_1_227' title='bbox 938 2805 1350 2882; x_wconf 63' lang='grc' dir='ltr'><strong>ἐναντιούμενοι</strong></span> <span class='ocrx_word' id='word_1_228' title='bbox 1379 2811 1430 2866; x_wconf 78' lang='lat' dir='ltr'><strong>ei</strong></span> <span class='ocrx_word' id='word_1_229' title='bbox 1451 2812 1682 2878; x_wconf 75' lang='grc' dir='ltr'><strong>ἀνόσιοι.</strong></span> <span class='ocrx_word' id='word_1_230' title='bbox 1718 2815 1947 2880; x_wconf 74' lang='grc' dir='ltr'><strong>καὶτοῖς</strong></span> 
     </span>
    </p>
   </div>
   <div class='ocr_carea' id='block_1_31' title="bbox 374 2894 1944 2977">
    <p class='ocr_par' dir='ltr' id='par_1_31' title="bbox 374 2894 1944 2977">
     <span class='ocr_line' id='line_1_31' title="bbox 374 2894 1944 2977; baseline 0.011 -30"><span class='ocrx_word' id='word_1_231' title='bbox 374 2894 556 2965; x_wconf 77' lang='grc' dir='ltr'><strong>λύγοις</strong></span> <span class='ocrx_word' id='word_1_232' title='bbox 586 2895 788 2964; x_wconf 74' lang='grc' dir='ltr'><strong>αὐτῶν,</strong></span> <span class='ocrx_word' id='word_1_233' title='bbox 815 2899 907 2953; x_wconf 70' lang='grc' dir='ltr'><strong>καὶ</strong></span> <span class='ocrx_word' id='word_1_234' title='bbox 936 2902 1050 2964; x_wconf 75' lang='grc' dir='ltr'><strong>τοῖς</strong></span> <span class='ocrx_word' id='word_1_235' title='bbox 1084 2901 1292 2974; x_wconf 74' lang='grc' dir='ltr'><strong>ἔργοις,</strong></span> <span class='ocrx_word' id='word_1_236' title='bbox 1329 2903 1511 2972; x_wconf 80' lang='grc' dir='ltr'><strong>καθὼς</strong></span> <span class='ocrx_word' id='word_1_237' title='bbox 1539 2906 1944 2977; x_wconf 70' lang='grc' dir='ltr'><strong>ἀποδέδεικται,</strong></span> 
     </span>
    </p>
   </div>
   <div class='ocr_carea' id='block_1_32' title="bbox 374 2983 1946 3074">
    <p class='ocr_par' dir='ltr' id='par_1_32' title="bbox 374 2983 1946 3074">
     <span class='ocr_line' id='line_1_32' title="bbox 374 2983 1946 3074; baseline 0.011 -35"><span class='ocrx_word' id='word_1_238' title='bbox 374 2983 471 3040; x_wconf 81' lang='grc' dir='ltr'><strong>νῦν</strong></span> <span class='ocrx_word' id='word_1_239' title='bbox 502 2986 594 3041; x_wconf 86' lang='grc' dir='ltr'><strong>τδν</strong></span> <span class='ocrx_word' id='word_1_240' title='bbox 619 2988 857 3061; x_wconf 68' lang='grc' dir='ltr'><strong>Χριστλν</strong></span> <span class='ocrx_word' id='word_1_241' title='bbox 889 2994 986 3063; x_wconf 78' lang='grc' dir='ltr'><strong>τῆς</strong></span> <span class='ocrx_word' id='word_1_242' title='bbox 1009 2993 1222 3049; x_wconf 72' lang='grc' dir='ltr'><strong>ἑαυτῶν</strong></span> <span class='ocrx_word' id='word_1_243' title='bbox 1251 2995 1508 3061; x_wconf 73' lang='grc' dir='ltr'><strong>ἀσεϐείας</strong></span> <span class='ocrx_word' id='word_1_244' title='bbox 1536 3001 1632 3055; x_wconf 73' lang='grc' dir='ltr'><strong>καὶ</strong></span> <span class='ocrx_word' id='word_1_245' title='bbox 1661 2999 1946 3074; x_wconf 73' lang='grc' dir='ltr'><strong>ἀρνήσεως</strong></span> 
     </span>
    </p>
   </div>
   <div class='ocr_carea' id='block_1_33' title="bbox 381 3079 1947 3168">
    <p class='ocr_par' dir='ltr' id='par_1_33' title="bbox 381 3079 1947 3168">
     <span class='ocr_line' id='line_1_33' title="bbox 381 3079 1947 3168; baseline 0.01 -37"><span class='ocrx_word' id='word_1_246' title='bbox 381 3079 638 3151; x_wconf 84' lang='grc' dir='ltr'><strong>μάρτυρα</strong></span> <span class='ocrx_word' id='word_1_247' title='bbox 695 3082 1065 3168; x_wconf 58' lang='grc' dir='ltr'><strong>προσαλλετη</strong></span> <span class='ocrx_word' id='word_1_248' title='bbox 1128 3087 1334 3156; x_wconf 85' lang='grc' dir='ltr'><strong>Ἔστω,</strong></span> <span class='ocrx_word' id='word_1_249' title='bbox 1373 3090 1460 3145; x_wconf 76' lang='grc' dir='ltr'><strong>ὅτι</strong></span> <span class='ocrx_word' id='word_1_250' title='bbox 1516 3089 1548 3144; x_wconf 94' lang='lat'><strong>6</strong></span> <span class='ocrx_word' id='word_1_251' title='bbox 1606 3091 1769 3164; x_wconf 82' lang='grc' dir='ltr'><strong>ἄρτος</strong></span> <span class='ocrx_word' id='word_1_252' title='bbox 1816 3093 1879 3147; x_wconf 78' lang='grc' dir='ltr'><strong>ὃν</strong></span> <span class='ocrx_word' id='word_1_253' title='bbox 1918 3094 1947 3147; x_wconf 85' lang='lat'><strong>6</strong></span> 
     </span>
    </p>
   </div>
   <div class='ocr_carea' id='block_1_34' title="bbox 2045 595 3613 666">
    <p class='ocr_par' dir='ltr' id='par_1_34' title="bbox 2045 595 3613 666">
     <span class='ocr_line' id='line_1_34' title="bbox 2045 595 3613 666; baseline 0.004 -22"><span class='ocrx_word' id='word_1_254' title='bbox 2045 606 2187 658; x_wconf 84' lang='lat' dir='ltr'><strong>ntus,</strong></span> <span class='ocrx_word' id='word_1_255' title='bbox 2213 595 2305 664; x_wconf 88' lang='lat' dir='ltr'><strong>qui</strong></span> <span class='ocrx_word' id='word_1_256' title='bbox 2332 604 2418 651; x_wconf 81' lang='lat' dir='ltr'><strong>est</strong></span> <span class='ocrx_word' id='word_1_257' title='bbox 2445 604 2654 650; x_wconf 85' lang='lat' dir='ltr'><strong>tantum</strong></span> <span class='ocrx_word' id='word_1_258' title='bbox 2685 597 2856 666; x_wconf 78' lang='lat' dir='ltr'><strong>tlgura</strong></span> <span class='ocrx_word' id='word_1_259' title='bbox 2889 611 2951 650; x_wconf 90' lang='lat' dir='ltr'><strong>ac</strong></span> <span class='ocrx_word' id='word_1_260' title='bbox 2976 596 3166 652; x_wconf 88' lang='lat' dir='ltr'><strong>umbra</strong></span> <span class='ocrx_word' id='word_1_261' title='bbox 3199 597 3354 664; x_wconf 83' lang='lat' dir='ltr'><strong>panis</strong></span> <span class='ocrx_word' id='word_1_262' title='bbox 3407 598 3613 662; x_wconf 76' lang='lat' dir='ltr'><strong>nostri;</strong></span> 
     </span>
    </p>
   </div>
   <div class='ocr_carea' id='block_1_35' title="bbox 2043 680 3614 757">
    <p class='ocr_par' dir='ltr' id='par_1_35' title="bbox 2043 680 3614 757">
     <span class='ocr_line' id='line_1_35' title="bbox 2043 680 3614 757; baseline 0.004 -20"><span class='ocrx_word' id='word_1_263' title='bbox 2043 680 2140 738; x_wconf 82' lang='lat' dir='ltr'><strong>sed</strong></span> <span class='ocrx_word' id='word_1_264' title='bbox 2173 682 2467 752; x_wconf 77' lang='lat' dir='ltr'><strong>perfectum</strong></span> <span class='ocrx_word' id='word_1_265' title='bbox 2501 701 2715 757; x_wconf 86' lang='lat' dir='ltr'><strong>panem,</strong></span> <span class='ocrx_word' id='word_1_266' title='bbox 2749 687 3050 756; x_wconf 81' lang='lat' dir='ltr'><strong>perfectum</strong></span> <span class='ocrx_word' id='word_1_267' title='bbox 3109 688 3381 742; x_wconf 80' lang='lat' dir='ltr'><strong>hominem</strong></span> <span class='ocrx_word' id='word_1_268' title='bbox 3425 687 3614 743; x_wconf 83' lang='lat' dir='ltr'><strong>Chris-</strong></span> 
     </span>
    </p>
   </div>
   <div class='ocr_carea' id='block_1_36' title="bbox 2045 773 3614 853">
    <p class='ocr_par' dir='ltr' id='par_1_36' title="bbox 2045 773 3614 853">
     <span class='ocr_line' id='line_1_36' title="bbox 2045 773 3614 853; baseline 0.004 -26"><span class='ocrx_word' id='word_1_269' title='bbox 2045 780 2158 828; x_wconf 89' lang='lat' dir='ltr'><strong>tunt</strong></span> <span class='ocrx_word' id='word_1_270' title='bbox 2217 773 2386 830; x_wconf 86' lang='lat' dir='ltr'><strong>Deum</strong></span> <span class='ocrx_word' id='word_1_271' title='bbox 2442 777 2807 841; x_wconf 84' lang='lat' dir='ltr'><strong>incarnatum,</strong></span> <span class='ocrx_word' id='word_1_272' title='bbox 2866 779 3088 850; x_wconf 74' lang='lat' dir='ltr'><strong>perfecti</strong></span> <span class='ocrx_word' id='word_1_273' title='bbox 3135 781 3293 849; x_wconf 81' lang='lat' dir='ltr'><strong>panis</strong></span> <span class='ocrx_word' id='word_1_274' title='bbox 3343 781 3614 853; x_wconf 82' lang='lat' dir='ltr'><strong>symbolo,</strong></span> 
     </span>
    </p>
   </div>
   <div class='ocr_carea' id='block_1_37' title="bbox 2045 871 3613 939">
    <p class='ocr_par' dir='ltr' id='par_1_37' title="bbox 2045 871 3613 939">
     <span class='ocr_line' id='line_1_37' title="bbox 2045 871 3613 939; baseline 0.004 -17"><span class='ocrx_word' id='word_1_275' title='bbox 2045 881 2156 922; x_wconf 87' lang='lat' dir='ltr'><strong>una</strong></span> <span class='ocrx_word' id='word_1_276' title='bbox 2182 881 2304 923; x_wconf 91' lang='lat' dir='ltr'><strong>cum</strong></span> <span class='ocrx_word' id='word_1_277' title='bbox 2335 884 2562 939; x_wconf 89' lang='lat' dir='ltr'><strong>corpore</strong></span> <span class='ocrx_word' id='word_1_278' title='bbox 2584 874 2961 939; x_wconf 63' lang='lat' dir='ltr'><strong>pradicantes.</strong></span> <span class='ocrx_word' id='word_1_279' title='bbox 2993 871 3127 927; x_wconf 83' lang='lat' dir='ltr'><strong>Nam</strong></span> <span class='ocrx_word' id='word_1_280' title='bbox 3156 874 3297 928; x_wconf 90' lang='lat' dir='ltr'><strong>sicut</strong></span> <span class='ocrx_word' id='word_1_281' title='bbox 3318 873 3392 928; x_wconf 90' lang='lat' dir='ltr'><strong>illi</strong></span> <span class='ocrx_word' id='word_1_282' title='bbox 3448 890 3613 928; x_wconf 91' lang='lat' dir='ltr'><strong>unum</strong></span> 
     </span>
    </p>
   </div>
   <div class='ocr_carea' id='block_1_38' title="bbox 2043 958 3614 1034">
    <p class='ocr_par' dir='ltr' id='par_1_38' title="bbox 2043 958 3614 1034">
     <span class='ocr_line' id='line_1_38' title="bbox 2043 958 3614 1034; baseline 0.002 -19"><span class='ocrx_word' id='word_1_283' title='bbox 2043 960 2310 1016; x_wconf 72' lang='lat' dir='ltr'><strong>duntaxat</strong></span> <span class='ocrx_word' id='word_1_284' title='bbox 2336 958 2724 1034; x_wconf 82' lang='lat' dir='ltr'><strong>Hierosolymis</strong></span> <span class='ocrx_word' id='word_1_285' title='bbox 2748 962 3021 1020; x_wconf 90' lang='lat' dir='ltr'><strong>habebant</strong></span> <span class='ocrx_word' id='word_1_286' title='bbox 3047 963 3327 1033; x_wconf 89' lang='lat' dir='ltr'><strong>templum,</strong></span> <span class='ocrx_word' id='word_1_287' title='bbox 3355 980 3453 1019; x_wconf 87' lang='lat' dir='ltr'><strong>nos</strong></span> <span class='ocrx_word' id='word_1_288' title='bbox 3512 980 3614 1020; x_wconf 81' lang='lat' dir='ltr'><strong>au-</strong></span> 
     </span>
    </p>
   </div>
   <div class='ocr_carea' id='block_1_39' title="bbox 2045 1051 3613 1125">
    <p class='ocr_par' dir='ltr' id='par_1_39' title="bbox 2045 1051 3613 1125">
     <span class='ocr_line' id='line_1_39' title="bbox 2045 1051 3613 1125; baseline 0.004 -18"><span class='ocrx_word' id='word_1_289' title='bbox 2045 1051 2155 1107; x_wconf 78' lang='lat' dir='ltr'><strong>tem</strong></span> <span class='ocrx_word' id='word_1_290' title='bbox 2179 1053 2328 1119; x_wconf 83' lang='lat' dir='ltr'><strong>plura</strong></span> <span class='ocrx_word' id='word_1_291' title='bbox 2359 1053 2447 1111; x_wconf 87' lang='lat' dir='ltr'><strong>hic</strong></span> <span class='ocrx_word' id='word_1_292' title='bbox 2480 1053 2592 1108; x_wconf 89' lang='lat' dir='ltr'><strong>illic</strong></span> <span class='ocrx_word' id='word_1_293' title='bbox 2622 1055 3072 1125; x_wconf 81' lang='lat' dir='ltr'><strong>innumerabilia;</strong></span> <span class='ocrx_word' id='word_1_294' title='bbox 3106 1072 3169 1113; x_wconf 91' lang='lat' dir='ltr'><strong>ac</strong></span> <span class='ocrx_word' id='word_1_295' title='bbox 3205 1060 3346 1114; x_wconf 79' lang='lat' dir='ltr'><strong>sicut</strong></span> <span class='ocrx_word' id='word_1_296' title='bbox 3376 1056 3451 1112; x_wconf 91' lang='lat' dir='ltr'><strong>illi</strong></span> <span class='ocrx_word' id='word_1_297' title='bbox 3483 1057 3613 1112; x_wconf 83' lang='lat' dir='ltr'><strong>Hie-</strong></span> 
     </span>
    </p>
   </div>
   <div class='ocr_carea' id='block_1_40' title="bbox 2046 1144 3614 1214">
    <p class='ocr_par' dir='ltr' id='par_1_40' title="bbox 2046 1144 3614 1214">
     <span class='ocr_line' id='line_1_40' title="bbox 2046 1144 3614 1214; baseline 0.004 -17"><span class='ocrx_word' id='word_1_298' title='bbox 2046 1144 2334 1214; x_wconf 84' lang='lat' dir='ltr'><strong>rosolymis</strong></span> <span class='ocrx_word' id='word_1_299' title='bbox 2363 1145 2535 1202; x_wconf 90' lang='lat' dir='ltr'><strong>solum</strong></span> <span class='ocrx_word' id='word_1_300' title='bbox 2557 1144 2769 1204; x_wconf 79' lang='lat' dir='ltr'><strong>Pascha</strong></span> <span class='ocrx_word' id='word_1_301' title='bbox 2798 1146 3170 1214; x_wconf 82' lang='lat' dir='ltr'><strong>celebrabant,</strong></span> <span class='ocrx_word' id='word_1_302' title='bbox 3213 1165 3309 1205; x_wconf 89' lang='lat' dir='ltr'><strong>nos</strong></span> <span class='ocrx_word' id='word_1_303' title='bbox 3350 1159 3528 1205; x_wconf 85' lang='lat' dir='ltr'><strong>autem</strong></span> <span class='ocrx_word' id='word_1_304' title='bbox 3561 1149 3614 1204; x_wconf 90' lang='lat' dir='ltr'><strong>in</strong></span> 
     </span>
    </p>
   </div>
   <div class='ocr_carea' id='block_1_41' title="bbox 2042 1237 3616 1310">
    <p class='ocr_par' dir='ltr' id='par_1_41' title="bbox 2042 1237 3616 1310">
     <span class='ocr_line' id='line_1_41' title="bbox 2042 1237 3616 1310; baseline 0.004 -20"><span class='ocrx_word' id='word_1_305' title='bbox 2042 1237 2189 1293; x_wconf 86' lang='lat' dir='ltr'><strong>omni</strong></span> <span class='ocrx_word' id='word_1_306' title='bbox 2222 1237 2557 1295; x_wconf 82' lang='lat' dir='ltr'><strong>celebramus</strong></span> <span class='ocrx_word' id='word_1_307' title='bbox 2585 1241 2757 1308; x_wconf 83' lang='lat' dir='ltr'><strong>urbe;</strong></span> <span class='ocrx_word' id='word_1_308' title='bbox 2782 1251 2947 1310; x_wconf 86' lang='lat' dir='ltr'><strong>atque</strong></span> <span class='ocrx_word' id='word_1_309' title='bbox 2980 1249 3039 1296; x_wconf 91' lang='lat' dir='ltr'><strong>ut</strong></span> <span class='ocrx_word' id='word_1_310' title='bbox 3065 1241 3140 1297; x_wconf 88' lang='lat' dir='ltr'><strong>illi</strong></span> <span class='ocrx_word' id='word_1_311' title='bbox 3169 1241 3445 1298; x_wconf 84' lang='lat' dir='ltr'><strong>celebrant</strong></span> <span class='ocrx_word' id='word_1_312' title='bbox 3491 1242 3616 1297; x_wconf 89' lang='lat' dir='ltr'><strong>luna</strong></span> 
     </span>
    </p>
   </div>
   <div class='ocr_carea' id='block_1_42' title="bbox 2042 1331 3617 1405">
    <p class='ocr_par' dir='ltr' id='par_1_42' title="bbox 2042 1331 3617 1405">
     <span class='ocr_line' id='line_1_42' title="bbox 2042 1331 3617 1405; baseline 0.003 -19"><span class='ocrx_word' id='word_1_313' title='bbox 2042 1343 2242 1403; x_wconf 87' lang='lat' dir='ltr'><strong>quarta</strong></span> <span class='ocrx_word' id='word_1_314' title='bbox 2269 1331 2502 1400; x_wconf 86' lang='lat' dir='ltr'><strong>decima,</strong></span> <span class='ocrx_word' id='word_1_315' title='bbox 2528 1349 2848 1405; x_wconf 85' lang='lat' dir='ltr'><strong>quacunque</strong></span> <span class='ocrx_word' id='word_1_316' title='bbox 2876 1336 3090 1390; x_wconf 82' lang='lat' dir='ltr'><strong>tandem</strong></span> <span class='ocrx_word' id='word_1_317' title='bbox 3140 1335 3228 1390; x_wconf 87' lang='lat' dir='ltr'><strong>illa</strong></span> <span class='ocrx_word' id='word_1_318' title='bbox 3287 1336 3373 1392; x_wconf 88' lang='lat' dir='ltr'><strong>die</strong></span> <span class='ocrx_word' id='word_1_319' title='bbox 3421 1352 3617 1392; x_wconf 89' lang='lat' dir='ltr'><strong>occur-</strong></span> 
     </span>
    </p>
   </div>
   <div class='ocr_carea' id='block_1_43' title="bbox 2045 1424 3617 1494">
    <p class='ocr_par' dir='ltr' id='par_1_43' title="bbox 2045 1424 3617 1494">
     <span class='ocr_line' id='line_1_43' title="bbox 2045 1424 3617 1494; baseline -0.003 -14"><span class='ocrx_word' id='word_1_320' title='bbox 2045 1433 2177 1482; x_wconf 84' lang='lat' dir='ltr'><strong>rat:</strong></span> <span class='ocrx_word' id='word_1_321' title='bbox 2212 1438 2314 1479; x_wconf 88' lang='lat' dir='ltr'><strong>nos</strong></span> <span class='ocrx_word' id='word_1_322' title='bbox 2340 1434 2518 1479; x_wconf 88' lang='lat' dir='ltr'><strong>autem</strong></span> <span class='ocrx_word' id='word_1_323' title='bbox 2553 1438 2770 1494; x_wconf 84' lang='lat' dir='ltr'><strong>semper</strong></span> <span class='ocrx_word' id='word_1_324' title='bbox 2812 1424 3088 1480; x_wconf 89' lang='lat' dir='ltr'><strong>Dominica</strong></span> <span class='ocrx_word' id='word_1_325' title='bbox 3129 1427 3238 1489; x_wconf 89' lang='lat' dir='ltr'><strong>die,</strong></span> <span class='ocrx_word' id='word_1_326' title='bbox 3271 1424 3452 1479; x_wconf 84' lang='lat' dir='ltr'><strong>omnia</strong></span> <span class='ocrx_word' id='word_1_327' title='bbox 3508 1438 3617 1492; x_wconf 79' lang='lat' dir='ltr'><strong>pra:</strong></span> 
     </span>
    </p>
   </div>
   <div class='ocr_carea' id='block_1_44' title="bbox 2045 1513 3617 1586">
    <p class='ocr_par' dir='ltr' id='par_1_44' title="bbox 2045 1513 3617 1586">
     <span class='ocr_line' id='line_1_44' title="bbox 2045 1513 3617 1586; baseline -0.004 -18"><span class='ocrx_word' id='word_1_328' title='bbox 2045 1514 2150 1571; x_wconf 86' lang='lat' dir='ltr'><strong>illis</strong></span> <span class='ocrx_word' id='word_1_329' title='bbox 2179 1514 2442 1586; x_wconf 87' lang='lat' dir='ltr'><strong>ampliora</strong></span> <span class='ocrx_word' id='word_1_330' title='bbox 2467 1514 2729 1570; x_wconf 85' lang='lat' dir='ltr'><strong>habentes</strong></span> <span class='ocrx_word' id='word_1_331' title='bbox 2761 1532 2776 1567; x_wconf 87' lang='lat'><strong>:</strong></span> <span class='ocrx_word' id='word_1_332' title='bbox 2814 1514 2884 1569; x_wconf 90' lang='lat' dir='ltr'><strong>ita</strong></span> <span class='ocrx_word' id='word_1_333' title='bbox 2912 1513 3098 1584; x_wconf 86' lang='lat' dir='ltr'><strong>liquet,</strong></span> <span class='ocrx_word' id='word_1_334' title='bbox 3130 1529 3228 1582; x_wconf 88' lang='lat' dir='ltr'><strong>par</strong></span> <span class='ocrx_word' id='word_1_335' title='bbox 3254 1528 3400 1576; x_wconf 89' lang='lat' dir='ltr'><strong>esse,</strong></span> <span class='ocrx_word' id='word_1_336' title='bbox 3428 1521 3488 1568; x_wconf 89' lang='lat' dir='ltr'><strong>ut</strong></span> <span class='ocrx_word' id='word_1_337' title='bbox 3518 1528 3617 1566; x_wconf 71' lang='lat' dir='ltr'><strong>&quot;Ov</strong></span> 
     </span>
    </p>
   </div>
   <div class='ocr_carea' id='block_1_45' title="bbox 2043 1603 3618 1678">
    <p class='ocr_par' dir='ltr' id='par_1_45' title="bbox 2043 1603 3618 1678">
     <span class='ocr_line' id='line_1_45' title="bbox 2043 1603 3618 1678; baseline -0.002 -18"><span class='ocrx_word' id='word_1_338' title='bbox 2043 1606 2143 1660; x_wconf 87' lang='lat' dir='ltr'><strong>stri</strong></span> <span class='ocrx_word' id='word_1_339' title='bbox 2195 1621 2409 1677; x_wconf 89' lang='lat' dir='ltr'><strong>quoque</strong></span> <span class='ocrx_word' id='word_1_340' title='bbox 2453 1606 2702 1663; x_wconf 79' lang='lat' dir='ltr'><strong>sacriﬁcii</strong></span> <span class='ocrx_word' id='word_1_341' title='bbox 2738 1606 2893 1678; x_wconf 91' lang='lat' dir='ltr'><strong>panis</strong></span> <span class='ocrx_word' id='word_1_342' title='bbox 2934 1613 3174 1676; x_wconf 68' lang='lat' dir='ltr'><strong>praestet,</strong></span> <span class='ocrx_word' id='word_1_343' title='bbox 3215 1620 3281 1662; x_wconf 88' lang='lat' dir='ltr'><strong>ac</strong></span> <span class='ocrx_word' id='word_1_344' title='bbox 3329 1603 3618 1673; x_wconf 78' lang='lat' dir='ltr'><strong>perfectior</strong></span> 
     </span>
    </p>
   </div>
   <div class='ocr_carea' id='block_1_46' title="bbox 2046 1698 3618 1772">
    <p class='ocr_par' dir='ltr' id='par_1_46' title="bbox 2046 1698 3618 1772">
     <span class='ocr_line' id='line_1_46' title="bbox 2046 1698 3618 1772; baseline -0.002 -17"><span class='ocrx_word' id='word_1_345' title='bbox 2046 1698 2117 1755; x_wconf 85' lang='lat' dir='ltr'><strong>sit</strong></span> <span class='ocrx_word' id='word_1_346' title='bbox 2154 1702 2359 1772; x_wconf 79' lang='lat' dir='ltr'><strong>azymis</strong></span> <span class='ocrx_word' id='word_1_347' title='bbox 2403 1698 2738 1765; x_wconf 72' lang='lat' dir='ltr'><strong>Judaaorum,</strong></span> <span class='ocrx_word' id='word_1_348' title='bbox 2771 1699 3224 1768; x_wconf 83' lang='lat' dir='ltr'><strong>quemadmodum</strong></span> <span class='ocrx_word' id='word_1_349' title='bbox 3268 1699 3343 1753; x_wconf 84' lang='lat' dir='ltr'><strong>ait</strong></span> <span class='ocrx_word' id='word_1_350' title='bbox 3397 1706 3618 1752; x_wconf 88' lang='lat' dir='ltr'><strong>sanctus</strong></span> 
     </span>
    </p>
   </div>
   <div class='ocr_carea' id='block_1_47' title="bbox 2049 1788 3619 1864">
    <p class='ocr_par' dir='ltr' id='par_1_47' title="bbox 2049 1788 3619 1864">
     <span class='ocr_line' id='line_1_47' title="bbox 2049 1788 3619 1864; baseline 0 -19"><span class='ocrx_word' id='word_1_351' title='bbox 2049 1789 2248 1846; x_wconf 85' lang='lat' dir='ltr'><strong>Paulus</strong></span> <span class='ocrx_word' id='word_1_352' title='bbox 2294 1806 2360 1848; x_wconf 86' lang='lat' dir='ltr'><strong>ac</strong></span> <span class='ocrx_word' id='word_1_353' title='bbox 2407 1792 2702 1864; x_wconf 76' lang='lat' dir='ltr'><strong>Gregorius</strong></span> <span class='ocrx_word' id='word_1_354' title='bbox 2756 1789 3106 1862; x_wconf 73' lang='lat' dir='ltr'><strong>Theologus:</strong></span> <span class='ocrx_word' id='word_1_355' title='bbox 3152 1789 3340 1846; x_wconf 80' lang='lat' dir='ltr'><strong>Vetera</strong></span> <span class='ocrx_word' id='word_1_356' title='bbox 3391 1788 3619 1845; x_wconf 53' lang='lat' dir='ltr'><strong>tremis.</strong></span> 
     </span>
    </p>
   </div>
   <div class='ocr_carea' id='block_1_48' title="bbox 2051 1884 3076 1955">
    <p class='ocr_par' dir='ltr' id='par_1_48' title="bbox 2051 1884 3076 1955">
     <span class='ocr_line' id='line_1_48' title="bbox 2051 1884 3076 1955; baseline -0.002 -15"><span class='ocrx_word' id='word_1_357' title='bbox 2051 1893 2184 1940; x_wconf 78' lang='lat' dir='ltr'><strong>runt</strong></span> <span class='ocrx_word' id='word_1_358' title='bbox 2208 1901 2227 1944; x_wconf 90' lang='lat'><strong><em>:</em></strong></span> <span class='ocrx_word' id='word_1_359' title='bbox 2248 1902 2362 1940; x_wconf 68' lang='lat' dir='ltr'><strong>ecce</strong></span> <span class='ocrx_word' id='word_1_360' title='bbox 2396 1902 2526 1940; x_wconf 76' lang='lat' dir='ltr'><strong>nova</strong></span> <span class='ocrx_word' id='word_1_361' title='bbox 2557 1884 2700 1955; x_wconf 78' lang='lat' dir='ltr'><strong>facta</strong></span> <span class='ocrx_word' id='word_1_362' title='bbox 2726 1893 2848 1940; x_wconf 82' lang='lat' dir='ltr'><strong>sunt</strong></span> <span class='ocrx_word' id='word_1_363' title='bbox 2878 1884 3076 1938; x_wconf 80' lang='lat' dir='ltr'><strong>omnia.</strong></span> 
     </span>
    </p>
   </div>
   <div class='ocr_carea' id='block_1_49' title="bbox 2119 2071 3619 2145">
    <p class='ocr_par' dir='ltr' id='par_1_49' title="bbox 2119 2071 3619 2145">
     <span class='ocr_line' id='line_1_49' title="bbox 2119 2071 3619 2145; baseline -0.003 -12"><span class='ocrx_word' id='word_1_364' title='bbox 2119 2074 2630 2134; x_wconf 74' lang='lat' dir='ltr'><strong>CllRYSOSTOM].</strong></span> <span class='ocrx_word' id='word_1_365' title='bbox 2650 2074 2714 2131; x_wconf 90' lang='lat' dir='ltr'><strong>ll.</strong></span> <span class='ocrx_word' id='word_1_366' title='bbox 2743 2074 2867 2132; x_wconf 86' lang='lat' dir='ltr'><strong>Pari</strong></span> <span class='ocrx_word' id='word_1_367' title='bbox 2890 2088 3103 2145; x_wconf 86' lang='lat' dir='ltr'><strong>quoque</strong></span> <span class='ocrx_word' id='word_1_368' title='bbox 3121 2073 3350 2138; x_wconf 75' lang='lat' dir='ltr'><strong>ratione,</strong></span> <span class='ocrx_word' id='word_1_369' title='bbox 3380 2071 3619 2128; x_wconf 86' lang='lat' dir='ltr'><strong>admira-</strong></span> 
     </span>
    </p>
   </div>
   <div class='ocr_carea' id='block_1_50' title="bbox 2047 2162 3620 2241">
    <p class='ocr_par' dir='ltr' id='par_1_50' title="bbox 2047 2162 3620 2241">
     <span class='ocr_line' id='line_1_50' title="bbox 2047 2162 3620 2241; baseline -0.006 -15"><span class='ocrx_word' id='word_1_370' title='bbox 2047 2169 2172 2226; x_wconf 87' lang='lat' dir='ltr'><strong>bilis</strong></span> <span class='ocrx_word' id='word_1_371' title='bbox 2200 2168 2287 2224; x_wconf 88' lang='lat' dir='ltr'><strong>ille</strong></span> <span class='ocrx_word' id='word_1_372' title='bbox 2315 2169 2740 2241; x_wconf 79' lang='lat' dir='ltr'><strong>Cbtysostomus</strong></span> <span class='ocrx_word' id='word_1_373' title='bbox 2764 2166 2837 2222; x_wconf 86' lang='lat' dir='ltr'><strong>ita</strong></span> <span class='ocrx_word' id='word_1_374' title='bbox 2878 2165 3040 2222; x_wconf 83' lang='lat' dir='ltr'><strong>habet</strong></span> <span class='ocrx_word' id='word_1_375' title='bbox 3093 2165 3161 2221; x_wconf 89' lang='lat' dir='ltr'><strong>de</strong></span> <span class='ocrx_word' id='word_1_376' title='bbox 3208 2162 3386 2221; x_wconf 80' lang='lat' dir='ltr'><strong>Veteri</strong></span> <span class='ocrx_word' id='word_1_377' title='bbox 3429 2162 3620 2221; x_wconf 84' lang='lat' dir='ltr'><strong>Testa-</strong></span> 
     </span>
    </p>
   </div>
   <div class='ocr_carea' id='block_1_51' title="bbox 2050 2254 3620 2327">
    <p class='ocr_par' dir='ltr' id='par_1_51' title="bbox 2050 2254 3620 2327">
     <span class='ocr_line' id='line_1_51' title="bbox 2050 2254 3620 2327; baseline -0.004 -12"><span class='ocrx_word' id='word_1_378' title='bbox 2050 2271 2272 2316; x_wconf 89' lang='lat' dir='ltr'><strong>mento:</strong></span> <span class='ocrx_word' id='word_1_379' title='bbox 2318 2277 2338 2313; x_wconf 75' lang='grc' dir='ltr'><strong>ε</strong></span> <span class='ocrx_word' id='word_1_380' title='bbox 2377 2259 2488 2314; x_wconf 87' lang='lat' dir='ltr'><strong>Illic</strong></span> <span class='ocrx_word' id='word_1_381' title='bbox 2520 2259 2723 2323; x_wconf 85' lang='lat' dir='ltr'><strong>littera,</strong></span> <span class='ocrx_word' id='word_1_382' title='bbox 2763 2258 2856 2314; x_wconf 87' lang='lat' dir='ltr'><strong>hic</strong></span> <span class='ocrx_word' id='word_1_383' title='bbox 2888 2257 3114 2327; x_wconf 88' lang='lat' dir='ltr'><strong>spiritus</strong></span> <span class='ocrx_word' id='word_1_384' title='bbox 3152 2272 3169 2312; x_wconf 91' lang='lat'><strong>:</strong></span> <span class='ocrx_word' id='word_1_385' title='bbox 3202 2255 3313 2312; x_wconf 89' lang='lat' dir='ltr'><strong>illic</strong></span> <span class='ocrx_word' id='word_1_386' title='bbox 3349 2269 3500 2320; x_wconf 85' lang='lat' dir='ltr'><strong>arca,</strong></span> <span class='ocrx_word' id='word_1_387' title='bbox 3529 2254 3620 2309; x_wconf 90' lang='lat' dir='ltr'><strong>hic</strong></span> 
     </span>
    </p>
   </div>
   <div class='ocr_carea' id='block_1_52' title="bbox 2049 2345 3619 2423">
    <p class='ocr_par' dir='ltr' id='par_1_52' title="bbox 2049 2345 3619 2423">
     <span class='ocr_line' id='line_1_52' title="bbox 2049 2345 3619 2423; baseline -0.003 -17"><span class='ocrx_word' id='word_1_388' title='bbox 2049 2352 2199 2423; x_wconf 77' lang='lat' dir='ltr'><strong>virgo</strong></span> <span class='ocrx_word' id='word_1_389' title='bbox 2223 2368 2239 2408; x_wconf 87' lang='lat'><strong>:</strong></span> <span class='ocrx_word' id='word_1_390' title='bbox 2272 2351 2384 2407; x_wconf 89' lang='lat' dir='ltr'><strong>illic</strong></span> <span class='ocrx_word' id='word_1_391' title='bbox 2411 2352 2558 2417; x_wconf 68' lang='lat' dir='ltr'><strong>virga</strong></span> <span class='ocrx_word' id='word_1_392' title='bbox 2584 2349 2783 2412; x_wconf 81' lang='lat' dir='ltr'><strong>Aaron,</strong></span> <span class='ocrx_word' id='word_1_393' title='bbox 2818 2349 2906 2406; x_wconf 89' lang='lat' dir='ltr'><strong>hic</strong></span> <span class='ocrx_word' id='word_1_394' title='bbox 2926 2364 3057 2405; x_wconf 77' lang='lat' dir='ltr'><strong>crux</strong></span> <span class='ocrx_word' id='word_1_395' title='bbox 3086 2365 3101 2403; x_wconf 90' lang='lat'><strong>:</strong></span> <span class='ocrx_word' id='word_1_396' title='bbox 3131 2347 3240 2403; x_wconf 91' lang='lat' dir='ltr'><strong>illic</strong></span> <span class='ocrx_word' id='word_1_397' title='bbox 3265 2363 3476 2418; x_wconf 81' lang='lat' dir='ltr'><strong>azyma,</strong></span> <span class='ocrx_word' id='word_1_398' title='bbox 3531 2345 3619 2402; x_wconf 87' lang='lat' dir='ltr'><strong>hic</strong></span> 
     </span>
    </p>
   </div>
   <div class='ocr_carea' id='block_1_53' title="bbox 2048 2437 3619 2516">
    <p class='ocr_par' dir='ltr' id='par_1_53' title="bbox 2048 2437 3619 2516">
     <span class='ocr_line' id='line_1_53' title="bbox 2048 2437 3619 2516; baseline -0.004 -17"><span class='ocrx_word' id='word_1_399' title='bbox 2048 2444 2207 2516; x_wconf 84' lang='lat' dir='ltr'><strong>panis</strong></span> <span class='ocrx_word' id='word_1_400' title='bbox 2240 2463 2256 2501; x_wconf 89' lang='lat'><strong>:</strong></span> <span class='ocrx_word' id='word_1_401' title='bbox 2287 2443 2396 2500; x_wconf 86' lang='lat' dir='ltr'><strong>illic</strong></span> <span class='ocrx_word' id='word_1_402' title='bbox 2424 2458 2618 2514; x_wconf 75' lang='lat' dir='ltr'><strong>agnus,</strong></span> <span class='ocrx_word' id='word_1_403' title='bbox 2648 2441 2736 2497; x_wconf 88' lang='lat' dir='ltr'><strong>hic</strong></span> <span class='ocrx_word' id='word_1_404' title='bbox 2755 2441 3027 2497; x_wconf 80' lang='lat' dir='ltr'><strong>Christus.</strong></span> <span class='ocrx_word' id='word_1_405' title='bbox 3064 2459 3084 2493; x_wconf 76' lang='grc' dir='ltr'><strong>ι</strong></span> <span class='ocrx_word' id='word_1_406' title='bbox 3123 2438 3435 2502; x_wconf 78' lang='lat' dir='ltr'><strong>Enimvero,</strong></span> <span class='ocrx_word' id='word_1_407' title='bbox 3488 2437 3619 2508; x_wconf 87' lang='lat' dir='ltr'><strong>quid</strong></span> 
     </span>
    </p>
   </div>
   <div class='ocr_carea' id='block_1_54' title="bbox 2048 2530 3620 2604">
    <p class='ocr_par' dir='ltr' id='par_1_54' title="bbox 2048 2530 3620 2604">
     <span class='ocr_line' id='line_1_54' title="bbox 2048 2530 3620 2604; baseline -0.008 -9"><span class='ocrx_word' id='word_1_408' title='bbox 2048 2539 2201 2595; x_wconf 88' lang='lat' dir='ltr'><strong>aiunt</strong></span> <span class='ocrx_word' id='word_1_409' title='bbox 2242 2533 2551 2593; x_wconf 82' lang='lat' dir='ltr'><strong>increduli?</strong></span> <span class='ocrx_word' id='word_1_410' title='bbox 2599 2533 2824 2604; x_wconf 85' lang='lat' dir='ltr'><strong>Nempe,</strong></span> <span class='ocrx_word' id='word_1_411' title='bbox 2879 2548 3072 2604; x_wconf 88' lang='lat' dir='ltr'><strong>panem</strong></span> <span class='ocrx_word' id='word_1_412' title='bbox 3141 2548 3303 2602; x_wconf 89' lang='lat' dir='ltr'><strong>quem</strong></span> <span class='ocrx_word' id='word_1_413' title='bbox 3368 2530 3620 2586; x_wconf 89' lang='lat' dir='ltr'><strong>Christus</strong></span> 
     </span>
    </p>
   </div>
   <div class='ocr_carea' id='block_1_55' title="bbox 2051 2621 3620 2698">
    <p class='ocr_par' dir='ltr' id='par_1_55' title="bbox 2051 2621 3620 2698">
     <span class='ocr_line' id='line_1_55' title="bbox 2051 2621 3620 2698; baseline -0.008 -10"><span class='ocrx_word' id='word_1_414' title='bbox 2051 2632 2198 2688; x_wconf 87' lang='lat' dir='ltr'><strong>dedit</strong></span> <span class='ocrx_word' id='word_1_415' title='bbox 2226 2644 2476 2698; x_wconf 81' lang='lat' dir='ltr'><strong>azymum</strong></span> <span class='ocrx_word' id='word_1_416' title='bbox 2504 2628 2715 2685; x_wconf 79' lang='lat' dir='ltr'><strong>fuisse:</strong></span> <span class='ocrx_word' id='word_1_417' title='bbox 2747 2642 2813 2685; x_wconf 88' lang='lat' dir='ltr'><strong>ac</strong></span> <span class='ocrx_word' id='word_1_418' title='bbox 2841 2627 3044 2682; x_wconf 86' lang='lat' dir='ltr'><strong>idcirco</strong></span> <span class='ocrx_word' id='word_1_419' title='bbox 3073 2640 3262 2698; x_wconf 81' lang='lat' dir='ltr'><strong>azyma</strong></span> <span class='ocrx_word' id='word_1_420' title='bbox 3285 2623 3342 2679; x_wconf 89' lang='lat' dir='ltr'><strong>in</strong></span> <span class='ocrx_word' id='word_1_421' title='bbox 3403 2621 3620 2678; x_wconf 80' lang='lat' dir='ltr'><strong>sacriﬁ-</strong></span> 
     </span>
    </p>
   </div>
   <div class='ocr_carea' id='block_1_56' title="bbox 2048 2711 3620 2793">
    <p class='ocr_par' dir='ltr' id='par_1_56' title="bbox 2048 2711 3620 2793">
     <span class='ocr_line' id='line_1_56' title="bbox 2048 2711 3620 2793; baseline -0.008 -14"><span class='ocrx_word' id='word_1_422' title='bbox 2048 2724 2134 2780; x_wconf 89' lang='lat' dir='ltr'><strong>cio</strong></span> <span class='ocrx_word' id='word_1_423' title='bbox 2178 2721 2394 2778; x_wconf 80' lang='lat' dir='ltr'><strong>oii’erre.</strong></span> <span class='ocrx_word' id='word_1_424' title='bbox 2441 2719 2603 2793; x_wconf 76' lang='lat' dir='ltr'><strong>Ergo,</strong></span> <span class='ocrx_word' id='word_1_425' title='bbox 2662 2721 2753 2791; x_wconf 86' lang='lat' dir='ltr'><strong>qui</strong></span> <span class='ocrx_word' id='word_1_426' title='bbox 2797 2732 3016 2789; x_wconf 83' lang='lat' dir='ltr'><strong>semper</strong></span> <span class='ocrx_word' id='word_1_427' title='bbox 3046 2733 3111 2773; x_wconf 86' lang='lat' dir='ltr'><strong>ac</strong></span> <span class='ocrx_word' id='word_1_428' title='bbox 3159 2716 3360 2786; x_wconf 87' lang='lat' dir='ltr'><strong>ubique</strong></span> <span class='ocrx_word' id='word_1_429' title='bbox 3400 2711 3620 2770; x_wconf 63' lang='lat' dir='ltr'><strong>Christo</strong></span> 
     </span>
    </p>
   </div>
   <div class='ocr_carea' id='block_1_57' title="bbox 2049 2808 3622 2887">
    <p class='ocr_par' dir='ltr' id='par_1_57' title="bbox 2049 2808 3622 2887">
     <span class='ocr_line' id='line_1_57' title="bbox 2049 2808 3622 2887; baseline -0.005 -14"><span class='ocrx_word' id='word_1_430' title='bbox 2049 2816 2436 2884; x_wconf 82' lang='lat' dir='ltr'><strong>adversamini,</strong></span> <span class='ocrx_word' id='word_1_431' title='bbox 2459 2816 2607 2887; x_wconf 86' lang='lat' dir='ltr'><strong>impii</strong></span> <span class='ocrx_word' id='word_1_432' title='bbox 2632 2815 2905 2880; x_wconf 89' lang='lat' dir='ltr'><strong>homines,</strong></span> <span class='ocrx_word' id='word_1_433' title='bbox 2929 2814 3108 2870; x_wconf 77' lang='lat' dir='ltr'><strong>verbis</strong></span> <span class='ocrx_word' id='word_1_434' title='bbox 3124 2811 3329 2883; x_wconf 89' lang='lat' dir='ltr'><strong>pariter</strong></span> <span class='ocrx_word' id='word_1_435' title='bbox 3357 2826 3424 2867; x_wconf 90' lang='lat' dir='ltr'><strong>ac</strong></span> <span class='ocrx_word' id='word_1_436' title='bbox 3462 2808 3622 2865; x_wconf 79' lang='lat' dir='ltr'><strong>factis</strong></span> 
     </span>
    </p>
   </div>
   <div class='ocr_carea' id='block_1_58' title="bbox 2049 2901 3621 2980">
    <p class='ocr_par' dir='ltr' id='par_1_58' title="bbox 2049 2901 3621 2980">
     <span class='ocr_line' id='line_1_58' title="bbox 2049 2901 3621 2980; baseline -0.008 -15"><span class='ocrx_word' id='word_1_437' title='bbox 2049 2909 2271 2974; x_wconf 85' lang='lat' dir='ltr'><strong>vestris,</strong></span> <span class='ocrx_word' id='word_1_438' title='bbox 2301 2908 2378 2965; x_wconf 92' lang='lat' dir='ltr'><strong>uti</strong></span> <span class='ocrx_word' id='word_1_439' title='bbox 2402 2906 2688 2980; x_wconf 86' lang='lat' dir='ltr'><strong>probatum</strong></span> <span class='ocrx_word' id='word_1_440' title='bbox 2719 2903 2845 2971; x_wconf 78' lang='lat' dir='ltr'><strong>fuit,</strong></span> <span class='ocrx_word' id='word_1_441' title='bbox 2889 2901 3165 2960; x_wconf 84' lang='lat' dir='ltr'><strong>Christum</strong></span> <span class='ocrx_word' id='word_1_442' title='bbox 3227 2915 3374 2956; x_wconf 88' lang='lat' dir='ltr'><strong>nunc</strong></span> <span class='ocrx_word' id='word_1_443' title='bbox 3416 2905 3621 2953; x_wconf 75' lang='lat' dir='ltr'><strong>vestra:</strong></span> 
     </span>
    </p>
   </div>
   <div class='ocr_carea' id='block_1_59' title="bbox 2049 2988 3611 3074">
    <p class='ocr_par' dir='ltr' id='par_1_59' title="bbox 2049 2988 3611 3074">
     <span class='ocr_line' id='line_1_59' title="bbox 2049 2988 3611 3074; baseline -0.01 -16"><span class='ocrx_word' id='word_1_444' title='bbox 2049 3002 2342 3074; x_wconf 86' lang='lat' dir='ltr'><strong>impietatis</strong></span> <span class='ocrx_word' id='word_1_445' title='bbox 2371 3014 2436 3056; x_wconf 88' lang='lat' dir='ltr'><strong>ac</strong></span> <span class='ocrx_word' id='word_1_446' title='bbox 2473 2998 2776 3070; x_wconf 81' lang='lat' dir='ltr'><strong>negationis</strong></span> <span class='ocrx_word' id='word_1_447' title='bbox 2820 3004 3010 3052; x_wconf 83' lang='lat' dir='ltr'><strong>testem</strong></span> <span class='ocrx_word' id='word_1_448' title='bbox 3063 2988 3403 3064; x_wconf 70' lang='lat' dir='ltr'><strong>producitis!</strong></span> <span class='ocrx_word' id='word_1_449' title='bbox 3455 2989 3611 3054; x_wconf 82' lang='lat' dir='ltr'><strong>Esto,</strong></span> 
     </span>
    </p>
   </div>
   <div class='ocr_carea' id='block_1_60' title="bbox 2052 3077 3621 3164">
    <p class='ocr_par' dir='ltr' id='par_1_60' title="bbox 2052 3077 3621 3164">
     <span class='ocr_line' id='line_1_60' title="bbox 2052 3077 3621 3164; baseline -0.009 -16"><span class='ocrx_word' id='word_1_450' title='bbox 2052 3092 2215 3150; x_wconf 78' lang='lat' dir='ltr'><strong>fuerit</strong></span> <span class='ocrx_word' id='word_1_451' title='bbox 2243 3107 2403 3164; x_wconf 88' lang='lat' dir='ltr'><strong>quem</strong></span> <span class='ocrx_word' id='word_1_452' title='bbox 2431 3088 2681 3147; x_wconf 85' lang='lat' dir='ltr'><strong>Christus</strong></span> <span class='ocrx_word' id='word_1_453' title='bbox 2709 3087 2857 3144; x_wconf 84' lang='lat' dir='ltr'><strong>dedit</strong></span> <span class='ocrx_word' id='word_1_454' title='bbox 2884 3100 3102 3155; x_wconf 51' lang='lat' dir='ltr'><strong>paneng</strong></span> <span class='ocrx_word' id='word_1_455' title='bbox 3160 3094 3404 3153; x_wconf 82' lang='lat' dir='ltr'><strong>azymus.</strong></span> <span class='ocrx_word' id='word_1_456' title='bbox 3451 3077 3621 3149; x_wconf 82' lang='lat' dir='ltr'><strong>Equi-</strong></span> 
     </span>
    </p>
   </div>
   <div class='ocr_carea' id='block_1_61' title="bbox 374 3171 1946 3258">
    <p class='ocr_par' dir='ltr' id='par_1_61' title="bbox 374 3171 1942 3258">
     <span class='ocr_line' id='line_1_61' title="bbox 374 3171 1942 3258; baseline 0.011 -33"><span class='ocrx_word' id='word_1_457' title='bbox 374 3171 613 3245; x_wconf 81' lang='grc' dir='ltr'><strong>Χριστὸς</strong></span> <span class='ocrx_word' id='word_1_458' title='bbox 644 3176 909 3242; x_wconf 75' lang='grc' dir='ltr'><strong>δέδωκεν,</strong></span> <span class='ocrx_word' id='word_1_459' title='bbox 950 3179 1161 3250; x_wconf 79' lang='grc' dir='ltr'><strong>ἄζυμον</strong></span> <span class='ocrx_word' id='word_1_460' title='bbox 1205 3177 1274 3254; x_wconf 78' lang='grc' dir='ltr'><strong>ἦν</strong></span> <span class='ocrx_word' id='word_1_461' title='bbox 1304 3200 1319 3216; x_wconf 79' lang='grc' dir='ltr'><strong><em>ο</em></strong></span> <span class='ocrx_word' id='word_1_462' title='bbox 1348 3183 1377 3239; x_wconf 87' lang='lat'><strong>6</strong></span> <span class='ocrx_word' id='word_1_463' title='bbox 1411 3182 1513 3256; x_wconf 63' lang='grc' dir='ltr'><strong>μιν</strong></span> <span class='ocrx_word' id='word_1_464' title='bbox 1559 3181 1656 3240; x_wconf 72' lang='grc' dir='ltr'><strong>οὖν</strong></span> <span class='ocrx_word' id='word_1_465' title='bbox 1703 3183 1942 3258; x_wconf 79' lang='grc' dir='ltr'><strong>Χριστὸς</strong></span> 
     </span>
    </p>
   </div>
   <div class='ocr_carea' id='block_1_62' title="bbox 2050 3171 3621 3258">
    <p class='ocr_par' dir='ltr' id='par_1_62' title="bbox 2055 3179 3621 3256">
     <span class='ocr_line' id='line_1_62' title="bbox 2055 3179 3621 3256; baseline -0.011 -14"><span class='ocrx_word' id='word_1_466' title='bbox 2055 3187 2174 3245; x_wconf 87' lang='lat' dir='ltr'><strong>dem</strong></span> <span class='ocrx_word' id='word_1_467' title='bbox 2203 3185 2313 3255; x_wconf 86' lang='lat' dir='ltr'><strong>ille,</strong></span> <span class='ocrx_word' id='word_1_468' title='bbox 2348 3183 2418 3242; x_wconf 84' lang='lat' dir='ltr'><strong>ob</strong></span> <span class='ocrx_word' id='word_1_469' title='bbox 2446 3183 2726 3256; x_wconf 75' lang='lat' dir='ltr'><strong>angustias</strong></span> <span class='ocrx_word' id='word_1_470' title='bbox 2755 3179 3040 3252; x_wconf 88' lang='lat' dir='ltr'><strong>temporis.</strong></span> <span class='ocrx_word' id='word_1_471' title='bbox 3067 3185 3222 3234; x_wconf 89' lang='lat' dir='ltr'><strong>utne</strong></span> <span class='ocrx_word' id='word_1_472' title='bbox 3260 3183 3467 3231; x_wconf 86' lang='lat' dir='ltr'><strong>tantum</strong></span> <span class='ocrx_word' id='word_1_473' title='bbox 3525 3187 3621 3229; x_wconf 84' lang='lat' dir='ltr'><strong>sa-</strong></span> 
     </span>
    </p>
   </div>
   <div class='ocr_carea' id='block_1_63' title="bbox 375 3264 1946 3350">
    <p class='ocr_par' dir='ltr' id='par_1_63' title="bbox 375 3264 1946 3350">
     <span class='ocr_line' id='line_1_63' title="bbox 375 3264 1946 3350; baseline 0.012 -32"><span class='ocrx_word' id='word_1_474' title='bbox 375 3264 520 3318; x_wconf 90' lang='grc' dir='ltr'><strong>κατά</strong></span> <span class='ocrx_word' id='word_1_475' title='bbox 561 3270 925 3339; x_wconf 78' lang='grc' dir='ltr'><strong>στενοχωρίαν</strong></span> <span class='ocrx_word' id='word_1_476' title='bbox 956 3271 1051 3324; x_wconf 82' lang='grc' dir='ltr'><strong>τοῦ</strong></span> <span class='ocrx_word' id='word_1_477' title='bbox 1087 3275 1281 3345; x_wconf 81' lang='grc' dir='ltr'><strong>καιροῦ</strong></span> <span class='ocrx_word' id='word_1_478' title='bbox 1305 3316 1321 3343; x_wconf 85' lang='grc'><em>,</em></span> <span class='ocrx_word' id='word_1_479' title='bbox 1354 3275 1444 3332; x_wconf 76' lang='grc' dir='ltr'><strong>ἴνα</strong></span> <span class='ocrx_word' id='word_1_480' title='bbox 1493 3278 1568 3350; x_wconf 75' lang='grc' dir='ltr'><strong>μὴ</strong></span> <span class='ocrx_word' id='word_1_481' title='bbox 1600 3280 1946 3350; x_wconf 78' lang='grc' dir='ltr'><strong>ἀπαράθοτον</strong></span> 
     </span>
    </p>
   </div>
   <div class='ocr_carea' id='block_1_64' title="bbox 375 3357 1946 3446">
    <p class='ocr_par' dir='ltr' id='par_1_64' title="bbox 375 3357 1946 3446">
     <span class='ocr_line' id='line_1_64' title="bbox 375 3357 1946 3446; baseline 0.011 -36"><span class='ocrx_word' id='word_1_482' title='bbox 375 3357 713 3434; x_wconf 74' lang='grc' dir='ltr'><strong>καταλειφθῇ</strong></span> <span class='ocrx_word' id='word_1_483' title='bbox 739 3360 801 3413; x_wconf 76' lang='grc' dir='ltr'><strong>τὸ</strong></span> <span class='ocrx_word' id='word_1_484' title='bbox 824 3361 1144 3433; x_wconf 78' lang='grc' dir='ltr'><strong>τηλικοῦτον</strong></span> <span class='ocrx_word' id='word_1_485' title='bbox 1174 3366 1307 3438; x_wconf 78' lang='grc' dir='ltr'><strong>παρ’</strong></span> <span class='ocrx_word' id='word_1_486' title='bbox 1343 3368 1511 3426; x_wconf 82' lang='grc' dir='ltr'><strong>αὐτοῦ</strong></span> <span class='ocrx_word' id='word_1_487' title='bbox 1540 3370 1643 3440; x_wconf 84' lang='grc' dir='ltr'><strong>τῆς</strong></span> <span class='ocrx_word' id='word_1_488' title='bbox 1667 3373 1946 3446; x_wconf 83' lang='grc' dir='ltr'><strong>σωτηρίας</strong></span> 
     </span>
    </p>
   </div>
   <div class='ocr_carea' id='block_1_65' title="bbox 379 3453 1946 3540">
    <p class='ocr_par' dir='ltr' id='par_1_65' title="bbox 379 3453 1946 3540">
     <span class='ocr_line' id='line_1_65' title="bbox 379 3453 1946 3540; baseline 0.011 -37"><span class='ocrx_word' id='word_1_489' title='bbox 379 3453 704 3540; x_wconf 57' lang='grc' dir='ltr'><strong>μυστήριον,</strong></span> <span class='ocrx_word' id='word_1_490' title='bbox 733 3455 920 3527; x_wconf 77' lang='grc' dir='ltr'><strong>ἐπειδὴ</strong></span> <span class='ocrx_word' id='word_1_491' title='bbox 939 3457 1076 3528; x_wconf 82' lang='grc' dir='ltr'><strong>αὐτῇ</strong></span> <span class='ocrx_word' id='word_1_492' title='bbox 1095 3461 1160 3530; x_wconf 74' lang='grc' dir='ltr'><strong>τῇ</strong></span> <span class='ocrx_word' id='word_1_493' title='bbox 1193 3458 1314 3531; x_wconf 77' lang='grc' dir='ltr'><strong>ὥρᾳ</strong></span> <span class='ocrx_word' id='word_1_494' title='bbox 1338 3466 1454 3527; x_wconf 82' lang='grc' dir='ltr'><strong>τοῖς</strong></span> <span class='ocrx_word' id='word_1_495' title='bbox 1489 3462 1768 3530; x_wconf 83' lang='grc' dir='ltr'><strong>Ἰουδαίοις</strong></span> <span class='ocrx_word' id='word_1_496' title='bbox 1799 3481 1946 3540; x_wconf 82' lang='grc' dir='ltr'><strong>πσρ-</strong></span> 
     </span>
    </p>
   </div>
   <div class='ocr_carea' id='block_1_66' title="bbox 373 3539 1945 3631">
    <p class='ocr_par' dir='ltr' id='par_1_66' title="bbox 373 3539 1945 3631">
     <span class='ocr_line' id='line_1_66' title="bbox 373 3539 1945 3631; baseline 0.01 -33"><span class='ocrx_word' id='word_1_497' title='bbox 373 3542 596 3610; x_wconf 82' lang='grc' dir='ltr'><strong>εδίδοτο,</strong></span> <span class='ocrx_word' id='word_1_498' title='bbox 642 3539 757 3599; x_wconf 74' lang='grc' dir='ltr'><strong>οἷον</strong></span> <span class='ocrx_word' id='word_1_499' title='bbox 791 3546 955 3618; x_wconf 85' lang='grc' dir='ltr'><strong>ἄρτον</strong></span> <span class='ocrx_word' id='word_1_500' title='bbox 1002 3548 1146 3603; x_wconf 85' lang='grc' dir='ltr'><strong>κατά</strong></span> <span class='ocrx_word' id='word_1_501' title='bbox 1174 3550 1273 3623; x_wconf 82' lang='grc' dir='ltr'><strong>τὴν</strong></span> <span class='ocrx_word' id='word_1_502' title='bbox 1327 3550 1478 3624; x_wconf 81' lang='grc' dir='ltr'><strong>ὥραν</strong></span> <span class='ocrx_word' id='word_1_503' title='bbox 1523 3556 1743 3628; x_wconf 76' lang='grc' dir='ltr'><strong>ἐκείνην</strong></span> <span class='ocrx_word' id='word_1_504' title='bbox 1791 3539 1945 3631; x_wconf 77' lang='grc' dir='ltr'><strong>εὗρε,</strong></span> 
     </span>
    </p>
   </div>
   <div class='ocr_carea' id='block_1_67' title="bbox 376 3637 1950 3722">
    <p class='ocr_par' dir='ltr' id='par_1_67' title="bbox 376 3637 1950 3722">
     <span class='ocr_line' id='line_1_67' title="bbox 376 3637 1950 3722; baseline 0.011 -32"><span class='ocrx_word' id='word_1_505' title='bbox 376 3637 660 3711; x_wconf 79' lang='grc' dir='ltr'><strong>παρέδωκε</strong></span> <span class='ocrx_word' id='word_1_506' title='bbox 695 3656 710 3672; x_wconf 78' lang='grc'><em>’</em></span> <span class='ocrx_word' id='word_1_507' title='bbox 745 3638 831 3694; x_wconf 76' lang='grc' dir='ltr'><strong>ἵνα</strong></span> <span class='ocrx_word' id='word_1_508' title='bbox 863 3640 939 3711; x_wconf 78' lang='grc' dir='ltr'><strong>μὴ</strong></span> <span class='ocrx_word' id='word_1_509' title='bbox 969 3643 1248 3705; x_wconf 82' lang='grc' dir='ltr'><strong>παντελῶς</strong></span> <span class='ocrx_word' id='word_1_510' title='bbox 1278 3645 1634 3722; x_wconf 78' lang='grc' dir='ltr'><strong>ἀποστερήσῃ</strong></span> <span class='ocrx_word' id='word_1_511' title='bbox 1667 3652 1824 3720; x_wconf 75' lang='grc' dir='ltr'><strong>ἡμᾶς</strong></span> <span class='ocrx_word' id='word_1_512' title='bbox 1851 3653 1950 3722; x_wconf 82' lang='grc' dir='ltr'><strong>τῆς</strong></span> 
     </span>
    </p>
   </div>
   <div class='ocr_carea' id='block_1_68' title="bbox 374 3729 1948 3813">
    <p class='ocr_par' dir='ltr' id='par_1_68' title="bbox 374 3729 1948 3813">
     <span class='ocr_line' id='line_1_68' title="bbox 374 3729 1948 3813; baseline 0.011 -30"><span class='ocrx_word' id='word_1_513' title='bbox 374 3729 710 3803; x_wconf 77' lang='grc' dir='ltr'><strong>τηλικαύτης</strong></span> <span class='ocrx_word' id='word_1_514' title='bbox 745 3734 1022 3806; x_wconf 84' lang='grc' dir='ltr'><strong>σωτηρίας</strong></span> <span class='ocrx_word' id='word_1_515' title='bbox 1043 3776 1057 3799; x_wconf 85' lang='grc'><em>,</em></span> <span class='ocrx_word' id='word_1_516' title='bbox 1092 3730 1163 3809; x_wconf 75' lang='grc' dir='ltr'><strong>ἧς</strong></span> <span class='ocrx_word' id='word_1_517' title='bbox 1191 3739 1339 3808; x_wconf 79' lang='grc' dir='ltr'><strong>ἡμᾶς</strong></span> <span class='ocrx_word' id='word_1_518' title='bbox 1384 3743 1682 3813; x_wconf 83' lang='grc' dir='ltr'><strong>ἐχαρίσατο</strong></span> <span class='ocrx_word' id='word_1_519' title='bbox 1714 3744 1821 3809; x_wconf 74' lang='grc' dir='ltr'><strong>ἕως</strong></span> <span class='ocrx_word' id='word_1_520' title='bbox 1852 3744 1948 3800; x_wconf 70' lang='grc' dir='ltr'><strong>τοῦ</strong></span> 
     </span>
    </p>
   </div>
   <div class='ocr_carea' id='block_1_69' title="bbox 377 3823 1951 3907">
    <p class='ocr_par' dir='ltr' id='par_1_69' title="bbox 377 3823 1951 3907">
     <span class='ocr_line' id='line_1_69' title="bbox 377 3823 1951 3907; baseline 0.01 -30"><span class='ocrx_word' id='word_1_521' title='bbox 377 3823 598 3888; x_wconf 72' lang='grc' dir='ltr'><strong>αἰῶνος,</strong></span> <span class='ocrx_word' id='word_1_522' title='bbox 626 3826 687 3879; x_wconf 83' lang='grc' dir='ltr'><strong>τὸ</strong></span> <span class='ocrx_word' id='word_1_523' title='bbox 719 3827 986 3895; x_wconf 85' lang='grc' dir='ltr'><strong>πανὰγιον</strong></span> <span class='ocrx_word' id='word_1_524' title='bbox 1012 3827 1108 3881; x_wconf 75' lang='grc' dir='ltr'><strong>καὶ</strong></span> <span class='ocrx_word' id='word_1_525' title='bbox 1136 3829 1254 3900; x_wconf 73' lang='grc'><strong>(25)</strong></span> <span class='ocrx_word' id='word_1_526' title='bbox 1285 3830 1554 3896; x_wconf 82' lang='grc' dir='ltr'><strong>ζωοποιδν</strong></span> <span class='ocrx_word' id='word_1_527' title='bbox 1592 3834 1758 3889; x_wconf 79' lang='grc' dir='ltr'><strong>αὐτοῦ</strong></span> <span class='ocrx_word' id='word_1_528' title='bbox 1788 3836 1951 3907; x_wconf 86' lang='grc' dir='ltr'><strong>σῶμα</strong></span> 
     </span>
    </p>
   </div>
   <div class='ocr_carea' id='block_1_70' title="bbox 375 3915 1949 3991">
    <p class='ocr_par' dir='ltr' id='par_1_70' title="bbox 375 3915 1949 3991">
     <span class='ocr_line' id='line_1_70' title="bbox 375 3915 1949 3991; baseline 0.009 -21"><span class='ocrx_word' id='word_1_529' title='bbox 375 3915 694 3988; x_wconf 78' lang='grc' dir='ltr'><strong>καταξιὼσῃ</strong></span> <span class='ocrx_word' id='word_1_530' title='bbox 725 3919 875 3989; x_wconf 78' lang='grc' dir='ltr'><strong>ἡμᾶς</strong></span> <span class='ocrx_word' id='word_1_531' title='bbox 905 3918 1134 3986; x_wconf 73' lang='grc' dir='ltr'><strong>ἐσθίειν,</strong></span> <span class='ocrx_word' id='word_1_532' title='bbox 1164 3923 1257 3976; x_wconf 76' lang='grc' dir='ltr'><strong>καὶ</strong></span> <span class='ocrx_word' id='word_1_533' title='bbox 1279 3921 1350 3976; x_wconf 82' lang='grc' dir='ltr'><strong>δι’</strong></span> <span class='ocrx_word' id='word_1_534' title='bbox 1373 3923 1541 3978; x_wconf 81' lang='grc' dir='ltr'><strong>αὑτοῦ</strong></span> <span class='ocrx_word' id='word_1_535' title='bbox 1564 3925 1949 3991; x_wconf 80' lang='grc' dir='ltr'><strong>ζωοποιεῖσθαι</strong></span> 
     </span>
    </p>
   </div>
   <div class='ocr_carea' id='block_1_71' title="bbox 375 4010 1951 4084">
    <p class='ocr_par' dir='ltr' id='par_1_71' title="bbox 375 4010 1951 4084">
     <span class='ocr_line' id='line_1_71' title="bbox 375 4010 1951 4084; baseline 0.009 -21"><span class='ocrx_word' id='word_1_536' title='bbox 375 4010 547 4079; x_wconf 78' lang='grc' dir='ltr'><strong>ἡμᾶς,</strong></span> <span class='ocrx_word' id='word_1_537' title='bbox 580 4011 677 4064; x_wconf 77' lang='grc' dir='ltr'><strong>καὶ</strong></span> <span class='ocrx_word' id='word_1_538' title='bbox 710 4012 1116 4080; x_wconf 82' lang='grc' dir='ltr'><strong>συγκοινωνοὺς</strong></span> <span class='ocrx_word' id='word_1_539' title='bbox 1150 4015 1322 4070; x_wconf 84' lang='grc' dir='ltr'><strong>αὐτοῦ</strong></span> <span class='ocrx_word' id='word_1_540' title='bbox 1355 4017 1638 4084; x_wconf 67' lang='grc' dir='ltr'><strong>γενέσθαι,</strong></span> <span class='ocrx_word' id='word_1_541' title='bbox 1672 4019 1788 4074; x_wconf 85' lang='grc' dir='ltr'><strong>ἀλλ’</strong></span> <span class='ocrx_word' id='word_1_542' title='bbox 1827 4022 1951 4077; x_wconf 66' lang='grc' dir='ltr'><strong>οὐδὲ</strong></span> 
     </span>
    </p>
   </div>
   <div class='ocr_carea' id='block_1_72' title="bbox 375 4101 1948 4182">
    <p class='ocr_par' dir='ltr' id='par_1_72' title="bbox 375 4101 1948 4182">
     <span class='ocr_line' id='line_1_72' title="bbox 375 4101 1948 4182; baseline 0.008 -27"><span class='ocrx_word' id='word_1_543' title='bbox 375 4101 617 4174; x_wconf 76' lang='grc' dir='ltr'><strong>επρεπεν</strong></span> <span class='ocrx_word' id='word_1_544' title='bbox 639 4105 805 4158; x_wconf 80' lang='grc' dir='ltr'><strong>αὐτὸν</strong></span> <span class='ocrx_word' id='word_1_545' title='bbox 831 4103 954 4157; x_wconf 82' lang='grc' dir='ltr'><strong>τότε</strong></span> <span class='ocrx_word' id='word_1_546' title='bbox 984 4104 1150 4176; x_wconf 89' lang='grc' dir='ltr'><strong>ἄρτον</strong></span> <span class='ocrx_word' id='word_1_547' title='bbox 1172 4107 1374 4163; x_wconf 71' lang='grc' dir='ltr'><strong>τέλειον</strong></span> <span class='ocrx_word' id='word_1_548' title='bbox 1400 4109 1493 4164; x_wconf 74' lang='grc' dir='ltr'><strong>ἐπὶ</strong></span> <span class='ocrx_word' id='word_1_549' title='bbox 1525 4112 1717 4182; x_wconf 76' lang='grc' dir='ltr'><strong>χεῖρας</strong></span> <span class='ocrx_word' id='word_1_550' title='bbox 1741 4113 1948 4180; x_wconf 75' lang='grc' dir='ltr'><strong>λαόεῖν,</strong></span> 
     </span>
    </p>
   </div>
   <div class='ocr_carea' id='block_1_73' title="bbox 375 4191 1950 4274">
    <p class='ocr_par' dir='ltr' id='par_1_73' title="bbox 375 4191 1950 4274">
     <span class='ocr_line' id='line_1_73' title="bbox 375 4191 1950 4274; baseline 0.009 -27"><span class='ocrx_word' id='word_1_551' title='bbox 375 4194 462 4249; x_wconf 71' lang='grc' dir='ltr'><strong>διὰ</strong></span> <span class='ocrx_word' id='word_1_552' title='bbox 495 4194 556 4248; x_wconf 71' lang='grc' dir='ltr'><strong>τὸ</strong></span> <span class='ocrx_word' id='word_1_553' title='bbox 594 4191 736 4250; x_wconf 77' lang='grc' dir='ltr'><strong>εἶναι</strong></span> <span class='ocrx_word' id='word_1_554' title='bbox 782 4196 881 4260; x_wconf 84' lang='grc' dir='ltr'><strong>τὰς</strong></span> <span class='ocrx_word' id='word_1_555' title='bbox 933 4198 1149 4267; x_wconf 83' lang='grc' dir='ltr'><strong>ἡμέρας</strong></span> <span class='ocrx_word' id='word_1_556' title='bbox 1181 4199 1394 4265; x_wconf 78' lang='grc' dir='ltr'><strong>ὲκείνας</strong></span> <span class='ocrx_word' id='word_1_557' title='bbox 1419 4201 1531 4255; x_wconf 87' lang='grc' dir='ltr'><strong>τῶν</strong></span> <span class='ocrx_word' id='word_1_558' title='bbox 1562 4203 1815 4274; x_wconf 81' lang='grc' dir='ltr'><strong>ἀζύμων,</strong></span> <span class='ocrx_word' id='word_1_559' title='bbox 1863 4206 1950 4261; x_wconf 84' lang='grc' dir='ltr'><strong>ἶνα</strong></span> 
     </span>
    </p>
   </div>
   <div class='ocr_carea' id='block_1_74' title="bbox 380 4285 1948 4366">
    <p class='ocr_par' dir='ltr' id='par_1_74' title="bbox 380 4285 1948 4366">
     <span class='ocr_line' id='line_1_74' title="bbox 380 4285 1948 4366; baseline 0.009 -28"><span class='ocrx_word' id='word_1_560' title='bbox 380 4286 457 4358; x_wconf 76' lang='grc' dir='ltr'><strong>μὴ</strong></span> <span class='ocrx_word' id='word_1_561' title='bbox 506 4285 786 4356; x_wconf 68' lang='grc' dir='ltr'><strong>πρόφασιν</strong></span> <span class='ocrx_word' id='word_1_562' title='bbox 816 4287 891 4356; x_wconf 83' lang='grc' dir='ltr'><strong>δῷ</strong></span> <span class='ocrx_word' id='word_1_563' title='bbox 926 4290 1041 4352; x_wconf 79' lang='grc' dir='ltr'><strong>τοῖς</strong></span> <span class='ocrx_word' id='word_1_564' title='bbox 1082 4289 1362 4356; x_wconf 81' lang='grc' dir='ltr'><strong>Ἰουδαίοις</strong></span> <span class='ocrx_word' id='word_1_565' title='bbox 1402 4298 1735 4366; x_wconf 80' lang='grc' dir='ltr'><strong>κατηγορεῖν</strong></span> <span class='ocrx_word' id='word_1_566' title='bbox 1780 4297 1948 4353; x_wconf 78' lang='grc' dir='ltr'><strong>αὑτοῦ</strong></span> 
     </span>
    </p>
   </div>
   <div class='ocr_carea' id='block_1_75' title="bbox 377 4372 1951 4450">
    <p class='ocr_par' dir='ltr' id='par_1_75' title="bbox 377 4372 1951 4450">
     <span class='ocr_line' id='line_1_75' title="bbox 377 4372 1951 4450; baseline 0.008 -23"><span class='ocrx_word' id='word_1_567' title='bbox 377 4372 450 4437; x_wconf 86' lang='grc' dir='ltr'><strong>ὡς</strong></span> <span class='ocrx_word' id='word_1_568' title='bbox 482 4374 757 4436; x_wconf 65' lang='grc' dir='ltr'><strong>ἀντιθέου,</strong></span> <span class='ocrx_word' id='word_1_569' title='bbox 785 4377 881 4431; x_wconf 78' lang='grc' dir='ltr'><strong>καὶ</strong></span> <span class='ocrx_word' id='word_1_570' title='bbox 903 4377 994 4430; x_wconf 84' lang='grc' dir='ltr'><strong>τὸν</strong></span> <span class='ocrx_word' id='word_1_571' title='bbox 1028 4377 1193 4448; x_wconf 82' lang='grc' dir='ltr'><strong>νόμον</strong></span> <span class='ocrx_word' id='word_1_572' title='bbox 1223 4379 1611 4445; x_wconf 84' lang='grc' dir='ltr'><strong>καταλύοντος.</strong></span> <span class='ocrx_word' id='word_1_573' title='bbox 1635 4382 1873 4450; x_wconf 81' lang='grc' dir='ltr'><strong>Τούτους</strong></span> <span class='ocrx_word' id='word_1_574' title='bbox 1893 4385 1951 4440; x_wconf 67' lang='grc' dir='ltr'><strong>δὲ</strong></span> 
     </span>
    </p>
   </div>
   <div class='ocr_carea' id='block_1_76' title="bbox 377 4467 1948 4543">
    <p class='ocr_par' dir='ltr' id='par_1_76' title="bbox 377 4467 1948 4543">
     <span class='ocr_line' id='line_1_76' title="bbox 377 4467 1948 4543; baseline 0.018 -39"><span class='ocrx_word' id='word_1_575' title='bbox 377 4467 504 4532; x_wconf 66' lang='grc' dir='ltr'><strong>τοὺς</strong></span> <span class='ocrx_word' id='word_1_576' title='bbox 531 4469 939 4539; x_wconf 69' lang='grc' dir='ltr'><strong>χριστομάχους</strong></span> <span class='ocrx_word' id='word_1_577' title='bbox 973 4467 1056 4534; x_wconf 86' lang='grc' dir='ltr'><strong>τίς</strong></span> <span class='ocrx_word' id='word_1_578' title='bbox 1089 4472 1117 4524; x_wconf 93' lang='lat'><strong>6</strong></span> <span class='ocrx_word' id='word_1_579' title='bbox 1153 4472 1589 4540; x_wconf 77' lang='grc' dir='ltr'><strong>καταναγκάζων</strong></span> <span class='ocrx_word' id='word_1_580' title='bbox 1641 4475 1948 4543; x_wconf 76' lang='grc' dir='ltr'><strong>Ἰουδαϊκῶς</strong></span> 
     </span>
    </p>
   </div>
   <div class='ocr_carea' id='block_1_77' title="bbox 378 4558 1947 4641">
    <p class='ocr_par' dir='ltr' id='par_1_77' title="bbox 378 4558 1947 4641">
     <span class='ocr_line' id='line_1_77' title="bbox 378 4558 1947 4641; baseline 0.01 -32"><span class='ocrx_word' id='word_1_581' title='bbox 378 4559 714 4629; x_wconf 70' lang='grc' dir='ltr'><strong>προσφέρειν</strong></span> <span class='ocrx_word' id='word_1_582' title='bbox 740 4558 974 4631; x_wconf 78' lang='grc' dir='ltr'><strong>ἄζυμον.</strong></span> <span class='ocrx_word' id='word_1_583' title='bbox 1025 4562 1122 4616; x_wconf 68' lang='grc' dir='ltr'><strong>καὶ</strong></span> <span class='ocrx_word' id='word_1_584' title='bbox 1167 4563 1231 4616; x_wconf 87' lang='grc' dir='ltr'><strong>ού</strong></span> <span class='ocrx_word' id='word_1_585' title='bbox 1286 4561 1496 4619; x_wconf 80' lang='grc' dir='ltr'><strong>τέλειον</strong></span> <span class='ocrx_word' id='word_1_586' title='bbox 1547 4566 1734 4636; x_wconf 83' lang='grc' dir='ltr'><strong>ἄρτον,</strong></span> <span class='ocrx_word' id='word_1_587' title='bbox 1786 4569 1947 4641; x_wconf 84' lang='grc' dir='ltr'><strong>εῐπερ</strong></span> 
     </span>
    </p>
   </div>
   <div class='ocr_carea' id='block_1_78' title="bbox 375 4651 1946 4734">
    <p class='ocr_par' dir='ltr' id='par_1_78' title="bbox 375 4651 1946 4734">
     <span class='ocr_line' id='line_1_78' title="bbox 375 4651 1946 4734; baseline 0.009 -31"><span class='ocrx_word' id='word_1_588' title='bbox 375 4651 582 4704; x_wconf 79' lang='grc' dir='ltr'><strong>τέλειον</strong></span> <span class='ocrx_word' id='word_1_589' title='bbox 607 4651 899 4720; x_wconf 83' lang='grc' dir='ltr'><strong>ἄνθρωπον</strong></span> <span class='ocrx_word' id='word_1_590' title='bbox 933 4652 1098 4706; x_wconf 67' lang='grc' dir='ltr'><strong>αὑτὸν</strong></span> <span class='ocrx_word' id='word_1_591' title='bbox 1137 4654 1494 4726; x_wconf 81' lang='grc' dir='ltr'><strong>κηρύττουσι,</strong></span> <span class='ocrx_word' id='word_1_592' title='bbox 1532 4658 1626 4714; x_wconf 69' lang='grc' dir='ltr'><strong>τὸν</strong></span> <span class='ocrx_word' id='word_1_593' title='bbox 1659 4676 1946 4734; x_wconf 88' lang='grc' dir='ltr'><strong>σεσαρκω-</strong></span> 
     </span>
    </p>
   </div>
   <div class='ocr_carea' id='block_1_79' title="bbox 380 4741 1947 4824">
    <p class='ocr_par' dir='ltr' id='par_1_79' title="bbox 380 4741 1947 4824">
     <span class='ocr_line' id='line_1_79' title="bbox 380 4741 1947 4824; baseline 0.008 -29"><span class='ocrx_word' id='word_1_594' title='bbox 380 4743 544 4814; x_wconf 80' lang='grc' dir='ltr'><strong>μένον</strong></span> <span class='ocrx_word' id='word_1_595' title='bbox 578 4741 752 4807; x_wconf 77' lang='grc' dir='ltr'><strong>Θεὸνς</strong></span> <span class='ocrx_word' id='word_1_596' title='bbox 782 4743 1008 4809; x_wconf 79' lang='grc' dir='ltr'><strong>Πάντως</strong></span> <span class='ocrx_word' id='word_1_597' title='bbox 1034 4745 1144 4816; x_wconf 73' lang='grc' dir='ltr'><strong>γὰρ</strong></span> <span class='ocrx_word' id='word_1_598' title='bbox 1170 4745 1361 4817; x_wconf 83' lang='grc' dir='ltr'><strong>ὥσπερ</strong></span> <span class='ocrx_word' id='word_1_599' title='bbox 1394 4747 1718 4824; x_wconf 76' lang='grc' dir='ltr'><strong>κωλυόμεθα</strong></span> <span class='ocrx_word' id='word_1_600' title='bbox 1748 4767 1947 4823; x_wconf 83' lang='grc' dir='ltr'><strong>συννη-</strong></span> 
     </span>
    </p>
   </div>
   <div class='ocr_carea' id='block_1_80' title="bbox 379 4835 1949 4912">
    <p class='ocr_par' dir='ltr' id='par_1_80' title="bbox 379 4835 1949 4912">
     <span class='ocr_line' id='line_1_80' title="bbox 379 4835 1949 4912; baseline 0.006 -23"><span class='ocrx_word' id='word_1_601' title='bbox 379 4836 605 4890; x_wconf 74' lang='grc' dir='ltr'><strong>στεῦσαι</strong></span> <span class='ocrx_word' id='word_1_602' title='bbox 629 4837 744 4901; x_wconf 80' lang='grc' dir='ltr'><strong>τοῖς</strong></span> <span class='ocrx_word' id='word_1_603' title='bbox 785 4835 1087 4902; x_wconf 78' lang='grc' dir='ltr'><strong>Ἰουδαίοις,</strong></span> <span class='ocrx_word' id='word_1_604' title='bbox 1122 4839 1219 4891; x_wconf 80' lang='grc' dir='ltr'><strong>καὶ</strong></span> <span class='ocrx_word' id='word_1_605' title='bbox 1260 4839 1324 4894; x_wconf 79' lang='grc' dir='ltr'><strong>τὸ</strong></span> <span class='ocrx_word' id='word_1_606' title='bbox 1369 4839 1562 4912; x_wconf 78' lang='grc' dir='ltr'><strong>Πάσχα</strong></span> <span class='ocrx_word' id='word_1_607' title='bbox 1600 4840 1721 4912; x_wconf 83' lang='grc' dir='ltr'><strong>μετ’</strong></span> <span class='ocrx_word' id='word_1_608' title='bbox 1766 4843 1949 4899; x_wconf 79' lang='grc' dir='ltr'><strong>αὐτῶν</strong></span> 
     </span>
    </p>
   </div>
   <div class='ocr_carea' id='block_1_81' title="bbox 378 4927 1948 5001">
    <p class='ocr_par' dir='ltr' id='par_1_81' title="bbox 378 4927 1948 5001">
     <span class='ocr_line' id='line_1_81' title="bbox 378 4927 1948 5001; baseline 0.006 -20"><span class='ocrx_word' id='word_1_609' title='bbox 378 4927 681 4999; x_wconf 78' lang='grc' dir='ltr'><strong>ἑορτάζειν,</strong></span> <span class='ocrx_word' id='word_1_610' title='bbox 730 4929 826 4982; x_wconf 80' lang='grc' dir='ltr'><strong>καὶ</strong></span> <span class='ocrx_word' id='word_1_611' title='bbox 873 4929 1342 5001; x_wconf 78' lang='grc' dir='ltr'><strong>περιτέμνεσθαι,</strong></span> <span class='ocrx_word' id='word_1_612' title='bbox 1398 4933 1497 4987; x_wconf 75' lang='grc' dir='ltr'><strong>καὶ</strong></span> <span class='ocrx_word' id='word_1_613' title='bbox 1548 4933 1610 4987; x_wconf 83' lang='grc' dir='ltr'><strong>τὸ</strong></span> <span class='ocrx_word' id='word_1_614' title='bbox 1669 4934 1948 4990; x_wconf 73' lang='grc' dir='ltr'><strong>Σάϐϐατον</strong></span> 
     </span>
    </p>
   </div>
   <div class='ocr_carea' id='block_1_82' title="bbox 377 5019 1951 5093">
    <p class='ocr_par' dir='ltr' id='par_1_82' title="bbox 377 5019 1951 5093">
     <span class='ocr_line' id='line_1_82' title="bbox 377 5019 1951 5093; baseline 0.003 -20"><span class='ocrx_word' id='word_1_615' title='bbox 377 5020 591 5089; x_wconf 70' lang='grc' dir='ltr'><strong>ἀργεῖν,</strong></span> <span class='ocrx_word' id='word_1_616' title='bbox 615 5019 710 5074; x_wconf 73' lang='grc' dir='ltr'><strong>καὶ</strong></span> <span class='ocrx_word' id='word_1_617' title='bbox 731 5019 956 5090; x_wconf 84' lang='grc' dir='ltr'><strong>χοιρίων</strong></span> <span class='ocrx_word' id='word_1_618' title='bbox 977 5020 1156 5093; x_wconf 81' lang='grc' dir='ltr'><strong>κρεῶν</strong></span> <span class='ocrx_word' id='word_1_619' title='bbox 1186 5021 1488 5092; x_wconf 71' lang='grc' dir='ltr'><strong>ἀπέχεσθαι</strong></span> <span class='ocrx_word' id='word_1_620' title='bbox 1513 5036 1527 5052; x_wconf 82' lang='grc'><strong><em>⁸</em></strong></span> <span class='ocrx_word' id='word_1_621' title='bbox 1551 5022 1696 5078; x_wconf 81' lang='grc' dir='ltr'><strong>οὔτω</strong></span> <span class='ocrx_word' id='word_1_622' title='bbox 1745 5026 1951 5083; x_wconf 80' lang='grc' dir='ltr'><strong>κωλυό-</strong></span> 
     </span>
    </p>
   </div>
   <div class='ocr_carea' id='block_1_83' title="bbox 383 5113 1696 5185">
    <p class='ocr_par' dir='ltr' id='par_1_83' title="bbox 383 5113 1696 5185">
     <span class='ocr_line' id='line_1_83' title="bbox 383 5113 1696 5185; baseline 0.004 -19"><span class='ocrx_word' id='word_1_623' title='bbox 383 5113 527 5183; x_wconf 85' lang='grc' dir='ltr'><strong>μεθα</strong></span> <span class='ocrx_word' id='word_1_624' title='bbox 556 5113 652 5168; x_wconf 71' lang='grc' dir='ltr'><strong>καὶ</strong></span> <span class='ocrx_word' id='word_1_625' title='bbox 674 5114 735 5165; x_wconf 70' lang='grc' dir='ltr'><strong>τὸ</strong></span> <span class='ocrx_word' id='word_1_626' title='bbox 757 5114 970 5185; x_wconf 84' lang='grc' dir='ltr'><strong>ἀζυμον</strong></span> <span class='ocrx_word' id='word_1_627' title='bbox 1003 5113 1344 5184; x_wconf 74' lang='grc' dir='ltr'><strong>προσφέρειν</strong></span> <span class='ocrx_word' id='word_1_628' title='bbox 1366 5113 1446 5178; x_wconf 80' lang='grc' dir='ltr'><strong>είς</strong></span> <span class='ocrx_word' id='word_1_629' title='bbox 1480 5114 1696 5171; x_wconf 84' lang='grc' dir='ltr'><strong>θυσίαν.</strong></span> 
     </span>
    </p>
   </div>
   <div class='ocr_carea' id='block_1_84' title="bbox 446 5204 1954 5281">
    <p class='ocr_par' dir='ltr' id='par_1_84' title="bbox 446 5204 1954 5281">
     <span class='ocr_line' id='line_1_84' title="bbox 446 5204 1954 5281; baseline 0.003 -21"><span class='ocrx_word' id='word_1_630' title='bbox 446 5206 523 5262; x_wconf 81' lang='lat' dir='ltr'><strong>I&quot;.</strong></span> <span class='ocrx_word' id='word_1_631' title='bbox 560 5205 770 5267; x_wconf 79' lang='grc' dir='ltr'><strong>¹¹’Δλλως</strong></span> <span class='ocrx_word' id='word_1_632' title='bbox 801 5220 860 5259; x_wconf 86' lang='grc' dir='ltr'><strong>τε</strong></span> <span class='ocrx_word' id='word_1_633' title='bbox 893 5205 952 5260; x_wconf 72' lang='grc' dir='ltr'><strong>δὲ</strong></span> <span class='ocrx_word' id='word_1_634' title='bbox 984 5204 1092 5276; x_wconf 71' lang='grc' dir='ltr'><strong>πρὸ</strong></span> <span class='ocrx_word' id='word_1_635' title='bbox 1122 5205 1219 5276; x_wconf 85' lang='grc' dir='ltr'><strong>τῆς</strong></span> <span class='ocrx_word' id='word_1_636' title='bbox 1251 5205 1451 5277; x_wconf 75' lang='grc' dir='ltr'><strong>ἑορτῆς</strong></span> <span class='ocrx_word' id='word_1_637' title='bbox 1493 5206 1589 5262; x_wconf 70' lang='grc' dir='ltr'><strong>τοῦ</strong></span> <span class='ocrx_word' id='word_1_638' title='bbox 1622 5209 1813 5281; x_wconf 80' lang='grc' dir='ltr'><strong>Πάσχα</strong></span> <span class='ocrx_word' id='word_1_639' title='bbox 1857 5209 1954 5264; x_wconf 73' lang='grc' dir='ltr'><strong>καὶ</strong></span> 
     </span>
    </p>
   </div>
   <div class='ocr_carea' id='block_1_85' title="bbox 379 5296 1957 5370">
    <p class='ocr_par' dir='ltr' id='par_1_85' title="bbox 379 5296 1957 5370">
     <span class='ocr_line' id='line_1_85' title="bbox 379 5296 1957 5370; baseline 0.003 -19"><span class='ocrx_word' id='word_1_640' title='bbox 379 5297 490 5352; x_wconf 81' lang='grc' dir='ltr'><strong>τῶν</strong></span> <span class='ocrx_word' id='word_1_641' title='bbox 520 5297 646 5363; x_wconf 77' lang='grc' dir='ltr'><strong>Ἀζύ</strong></span> <span class='ocrx_word' id='word_1_642' title='bbox 656 5313 772 5366; x_wconf 83' lang='grc' dir='ltr'><strong>μων</strong></span> <span class='ocrx_word' id='word_1_643' title='bbox 795 5297 1019 5366; x_wconf 79' lang='grc' dir='ltr'><strong>γέγονεν</strong></span> <span class='ocrx_word' id='word_1_644' title='bbox 1035 5297 1064 5349; x_wconf 89' lang='lat'><strong>6</strong></span> <span class='ocrx_word' id='word_1_645' title='bbox 1078 5297 1312 5362; x_wconf 80' lang='grc' dir='ltr'><strong>δεῖπνος,</strong></span> <span class='ocrx_word' id='word_1_646' title='bbox 1343 5296 1437 5352; x_wconf 72' lang='grc' dir='ltr'><strong>καὶ</strong></span> <span class='ocrx_word' id='word_1_647' title='bbox 1451 5297 1617 5370; x_wconf 83' lang='grc' dir='ltr'><strong>ἀρτον</strong></span> <span class='ocrx_word' id='word_1_648' title='bbox 1637 5299 1957 5370; x_wconf 74' lang='grc' dir='ltr'><strong>ἐδείπνησεν</strong></span> 
     </span>
    </p>
   </div>
   <div class='ocr_carea' id='block_1_86' title="bbox 381 5386 1958 5460">
    <p class='ocr_par' dir='ltr' id='par_1_86' title="bbox 381 5386 1958 5460">
     <span class='ocr_line' id='line_1_86' title="bbox 381 5386 1958 5460; baseline -0.001 -17"><span class='ocrx_word' id='word_1_649' title='bbox 381 5392 409 5443; x_wconf 90' lang='lat'><strong>6</strong></span> <span class='ocrx_word' id='word_1_650' title='bbox 435 5390 671 5460; x_wconf 76' lang='grc' dir='ltr'><strong>Χριστὸς</strong></span> <span class='ocrx_word' id='word_1_651' title='bbox 702 5389 839 5460; x_wconf 72' lang='grc' dir='ltr'><strong>μετὰ</strong></span> <span class='ocrx_word' id='word_1_652' title='bbox 865 5387 973 5442; x_wconf 86' lang='grc' dir='ltr'><strong>τῶν</strong></span> <span class='ocrx_word' id='word_1_653' title='bbox 1002 5387 1278 5459; x_wconf 81' lang='grc' dir='ltr'><strong>μαθητῶν,</strong></span> <span class='ocrx_word' id='word_1_654' title='bbox 1307 5386 1492 5451; x_wconf 82' lang='grc' dir='ltr'><strong>καθώς</strong></span> <span class='ocrx_word' id='word_1_655' title='bbox 1521 5404 1684 5459; x_wconf 83' lang='grc' dir='ltr'><strong>φησιν</strong></span> <span class='ocrx_word' id='word_1_656' title='bbox 1708 5387 1737 5440; x_wconf 89' lang='lat'><strong>6</strong></span> <span class='ocrx_word' id='word_1_657' title='bbox 1765 5387 1958 5442; x_wconf 79' lang='grc' dir='ltr'><strong>Θεολύ-</strong></span> 
     </span>
    </p>
   </div>
   <div class='ocr_carea' id='block_1_87' title="bbox 382 5478 1958 5554">
    <p class='ocr_par' dir='ltr' id='par_1_87' title="bbox 382 5478 1958 5554">
     <span class='ocr_line' id='line_1_87' title="bbox 382 5478 1958 5554; baseline -0.002 -17"><span class='ocrx_word' id='word_1_658' title='bbox 382 5500 476 5550; x_wconf 88' lang='grc' dir='ltr'><strong>γος</strong></span> <span class='ocrx_word' id='word_1_659' title='bbox 507 5484 756 5554; x_wconf 78' lang='grc' dir='ltr'><strong>Ἰωάννης</strong></span> <span class='ocrx_word' id='word_1_660' title='bbox 777 5501 790 5512; x_wconf 70' lang='grc' dir='ltr'><strong>σ</strong></span> <span class='ocrx_word' id='word_1_661' title='bbox 820 5482 914 5535; x_wconf 73' lang='grc' dir='ltr'><strong>καὶ</strong></span> <span class='ocrx_word' id='word_1_662' title='bbox 942 5485 970 5535; x_wconf 84' lang='grc' dir='ltr'>ὀ</span> <span class='ocrx_word' id='word_1_663' title='bbox 999 5480 1198 5544; x_wconf 82' lang='grc' dir='ltr'><strong>Ἰούδας</strong></span> <span class='ocrx_word' id='word_1_664' title='bbox 1233 5478 1444 5553; x_wconf 78' lang='grc' dir='ltr'><strong>[μετὰ]</strong></span> <span class='ocrx_word' id='word_1_665' title='bbox 1476 5478 1495 5549; x_wconf 92' lang='grc'>(</span> <span class='ocrx_word' id='word_1_666' title='bbox 1511 5479 1610 5552; x_wconf 77' lang='lat'><strong>‘26)</strong></span> <span class='ocrx_word' id='word_1_667' title='bbox 1636 5480 1735 5551; x_wconf 80' lang='grc' dir='ltr'><strong>τὴν</strong></span> <span class='ocrx_word' id='word_1_668' title='bbox 1761 5480 1958 5552; x_wconf 86' lang='grc' dir='ltr'><strong>προδο-</strong></span> 
     </span>
    </p>
   </div>
   <div class='ocr_carea' id='block_1_88' title="bbox 385 5572 1956 5647">
    <p class='ocr_par' dir='ltr' id='par_1_88' title="bbox 385 5572 1956 5647">
     <span class='ocr_line' id='line_1_88' title="bbox 385 5572 1956 5647; baseline -0.002 -17"><span class='ocrx_word' id='word_1_669' title='bbox 385 5576 507 5631; x_wconf 85' lang='grc' dir='ltr'><strong>σίαν</strong></span> <span class='ocrx_word' id='word_1_670' title='bbox 538 5575 676 5647; x_wconf 82' lang='grc' dir='ltr'><strong>μετὰ</strong></span> <span class='ocrx_word' id='word_1_671' title='bbox 703 5573 797 5627; x_wconf 81' lang='grc' dir='ltr'><strong>τοῦ</strong></span> <span class='ocrx_word' id='word_1_672' title='bbox 827 5574 990 5645; x_wconf 79' lang='grc' dir='ltr'><strong>ἄρτου</strong></span> <span class='ocrx_word' id='word_1_673' title='bbox 1022 5573 1265 5644; x_wconf 73' lang='grc' dir='ltr'><strong>ἐποίησε.</strong></span> <span class='ocrx_word' id='word_1_674' title='bbox 1295 5574 1374 5645; x_wconf 81' lang='grc' dir='ltr'><strong>Τῇ</strong></span> <span class='ocrx_word' id='word_1_675' title='bbox 1406 5572 1516 5645; x_wconf 83' lang='grc' dir='ltr'><strong>γάρ</strong></span> <span class='ocrx_word' id='word_1_676' title='bbox 1548 5580 1619 5644; x_wconf 80' lang='grc' dir='ltr'><strong>ιγ’</strong></span> <span class='ocrx_word' id='word_1_677' title='bbox 1642 5572 1823 5647; x_wconf 75' lang='grc' dir='ltr'><strong>ἡμέρᾳ</strong></span> <span class='ocrx_word' id='word_1_678' title='bbox 1853 5574 1956 5645; x_wconf 77' lang='grc' dir='ltr'><strong>τῆς</strong></span> 
     </span>
    </p>
   </div>
   <div class='ocr_carea' id='block_1_89' title="bbox 453 5714 922 5786">
    <p class='ocr_par' dir='ltr' id='par_1_89' title="bbox 453 5714 922 5786">
     <span class='ocr_line' id='line_1_89' title="bbox 453 5714 922 5786; baseline 0.004 -18"><span class='ocrx_word' id='word_1_679' title='bbox 453 5714 567 5786; x_wconf 65' lang='grc'><strong>(24)</strong></span> <span class='ocrx_word' id='word_1_680' title='bbox 597 5715 737 5786; x_wconf 58' lang='lat' dir='ltr'><strong>hege</strong></span> <span class='ocrx_word' id='word_1_681' title='bbox 763 5714 922 5786; x_wconf 78' lang='grc' dir='ltr'><strong>μετὰ.</strong></span> 
     </span>
    </p>
   </div>
   <div class='ocr_carea' id='block_1_90' title="bbox 454 5784 992 5854">
    <p class='ocr_par' dir='ltr' id='par_1_90' title="bbox 454 5784 992 5854">
     <span class='ocr_line' id='line_1_90' title="bbox 454 5784 992 5854; baseline -0.002 -16"><span class='ocrx_word' id='word_1_682' title='bbox 454 5784 567 5854; x_wconf 69' lang='grc'>(25)</span> <span class='ocrx_word' id='word_1_683' title='bbox 599 5784 882 5838; x_wconf 64' lang='grc' dir='ltr'><strong>Εοὲισκαὶ</strong></span> <span class='ocrx_word' id='word_1_684' title='bbox 909 5786 992 5838; x_wconf 87' lang='grc' dir='ltr'><strong>τό.</strong></span> 
     </span>
    </p>
   </div>
   <div class='ocr_carea' id='block_1_91' title="bbox 456 5794 1410 5929">
    <p class='ocr_par' dir='ltr' id='par_1_91' title="bbox 456 5794 1410 5929">
     <span class='ocr_line' id='line_1_91' title="bbox 456 5794 992 5854; baseline -0.002 -16"><span class='ocrx_word' id='word_1_685' title='bbox 456 5794 545 5854; x_wconf 75' lang='lat'><strong>(25</strong></span> <span class='ocrx_word' id='word_1_686' title='bbox 599 5794 759 5838; x_wconf 74' lang='lat' dir='ltr'><strong>Forte</strong></span> <span class='ocrx_word' id='word_1_687' title='bbox 786 5794 882 5838; x_wconf 75' lang='grc' dir='ltr'><strong>καὶ</strong></span> <span class='ocrx_word' id='word_1_688' title='bbox 909 5794 992 5838; x_wconf 81' lang='grc' dir='ltr'><strong>τό.</strong></span> 
     </span>
     <span class='ocr_line' id='line_1_92' title="bbox 456 5794 1410 5929; baseline -0.001 -20"><span class='ocrx_word' id='word_1_689' title='bbox 456 5794 567 5929; x_wconf 63' lang='grc' dir='ltr'><strong>(εδῖ</strong></span> <span class='ocrx_word' id='word_1_690' title='bbox 602 5854 757 5912; x_wconf 79' lang='lat' dir='ltr'><strong>Fortr.</strong></span> <span class='ocrx_word' id='word_1_691' title='bbox 787 5856 926 5926; x_wconf 81' lang='grc' dir='ltr'><strong>μετά</strong></span> <span class='ocrx_word' id='word_1_692' title='bbox 956 5855 1125 5926; x_wconf 82' lang='grc' dir='ltr'><strong>ἄρτου</strong></span> <span class='ocrx_word' id='word_1_693' title='bbox 1157 5848 1410 5918; x_wconf 76' lang='grc' dir='ltr'><strong>ἐξελθών.</strong></span> 
     </span>
    </p>
   </div>
   <div class='ocr_carea' id='block_1_92' title="bbox 2052 3268 3620 3352">
    <p class='ocr_par' dir='ltr' id='par_1_92' title="bbox 2052 3268 3620 3352">
     <span class='ocr_line' id='line_1_93' title="bbox 2052 3268 3620 3352; baseline -0.011 -16"><span class='ocrx_word' id='word_1_694' title='bbox 2052 3281 2180 3337; x_wconf 86' lang='lat' dir='ltr'><strong>lutis</strong></span> <span class='ocrx_word' id='word_1_695' title='bbox 2212 3279 2529 3352; x_wconf 81' lang='lat' dir='ltr'><strong>mysterium</strong></span> <span class='ocrx_word' id='word_1_696' title='bbox 2562 3277 2632 3332; x_wconf 80' lang='lat' dir='ltr'><strong>ab</strong></span> <span class='ocrx_word' id='word_1_697' title='bbox 2656 3292 2722 3332; x_wconf 90' lang='lat' dir='ltr'><strong>eo</strong></span> <span class='ocrx_word' id='word_1_698' title='bbox 2752 3290 2856 3330; x_wconf 91' lang='lat' dir='ltr'><strong>non</strong></span> <span class='ocrx_word' id='word_1_699' title='bbox 2890 3273 3146 3328; x_wconf 87' lang='lat' dir='ltr'><strong>traditum</strong></span> <span class='ocrx_word' id='word_1_700' title='bbox 3195 3268 3620 3338; x_wconf 85' lang='lat' dir='ltr'><strong>relinqueretur.</strong></span> 
     </span>
    </p>
   </div>
   <div class='ocr_carea' id='block_1_93' title="bbox 2047 3363 3623 3443">
    <p class='ocr_par' dir='ltr' id='par_1_93' title="bbox 2047 3363 3623 3443">
     <span class='ocr_line' id='line_1_94' title="bbox 2047 3363 3623 3443; baseline -0.01 -13"><span class='ocrx_word' id='word_1_701' title='bbox 2047 3389 2115 3430; x_wconf 90' lang='lat' dir='ltr'><strong>eo</strong></span> <span class='ocrx_word' id='word_1_702' title='bbox 2136 3373 2279 3443; x_wconf 82' lang='lat' dir='ltr'><strong>quod</strong></span> <span class='ocrx_word' id='word_1_703' title='bbox 2305 3373 2494 3428; x_wconf 88' lang='lat' dir='ltr'><strong>eadem</strong></span> <span class='ocrx_word' id='word_1_704' title='bbox 2527 3370 2660 3425; x_wconf 87' lang='lat' dir='ltr'><strong>hora</strong></span> <span class='ocrx_word' id='word_1_705' title='bbox 2689 3365 2893 3424; x_wconf 68' lang='lat' dir='ltr'><strong>Iudaeis</strong></span> <span class='ocrx_word' id='word_1_706' title='bbox 2922 3363 3222 3421; x_wconf 86' lang='lat' dir='ltr'><strong>tradendus</strong></span> <span class='ocrx_word' id='word_1_707' title='bbox 3260 3370 3427 3426; x_wconf 85' lang='lat' dir='ltr'><strong>esset,</strong></span> <span class='ocrx_word' id='word_1_708' title='bbox 3485 3373 3623 3430; x_wconf 85' lang='lat' dir='ltr'><strong>qua-</strong></span> 
     </span>
    </p>
   </div>
   <div class='ocr_carea' id='block_1_94' title="bbox 2048 3452 3621 3536">
    <p class='ocr_par' dir='ltr' id='par_1_94' title="bbox 2048 3452 3621 3536">
     <span class='ocr_line' id='line_1_95' title="bbox 2048 3452 3621 3536; baseline -0.01 -15"><span class='ocrx_word' id='word_1_709' title='bbox 2048 3464 2154 3521; x_wconf 89' lang='lat' dir='ltr'><strong>lem</strong></span> <span class='ocrx_word' id='word_1_710' title='bbox 2187 3478 2380 3536; x_wconf 89' lang='lat' dir='ltr'><strong>panem</strong></span> <span class='ocrx_word' id='word_1_711' title='bbox 2405 3477 2502 3533; x_wconf 91' lang='lat' dir='ltr'><strong>pro</strong></span> <span class='ocrx_word' id='word_1_712' title='bbox 2535 3471 2776 3529; x_wconf 87' lang='lat' dir='ltr'><strong>tempore</strong></span> <span class='ocrx_word' id='word_1_713' title='bbox 2806 3457 3031 3523; x_wconf 76' lang='lat' dir='ltr'><strong>invenit,</strong></span> <span class='ocrx_word' id='word_1_714' title='bbox 3061 3455 3224 3510; x_wconf 88' lang='lat' dir='ltr'><strong>talem</strong></span> <span class='ocrx_word' id='word_1_715' title='bbox 3262 3452 3526 3508; x_wconf 85' lang='lat' dir='ltr'><strong>tradidit:</strong></span> <span class='ocrx_word' id='word_1_716' title='bbox 3561 3457 3621 3505; x_wconf 84' lang='lat' dir='ltr'><strong>ut</strong></span> 
     </span>
    </p>
   </div>
   <div class='ocr_carea' id='block_1_95' title="bbox 2051 3540 3622 3618">
    <p class='ocr_par' dir='ltr' id='par_1_95' title="bbox 2051 3540 3622 3618">
     <span class='ocr_line' id='line_1_96' title="bbox 2051 3540 3622 3618; baseline -0.011 -6"><span class='ocrx_word' id='word_1_717' title='bbox 2051 3572 2119 3612; x_wconf 90' lang='lat' dir='ltr'><strong>ne</strong></span> <span class='ocrx_word' id='word_1_718' title='bbox 2139 3556 2361 3610; x_wconf 89' lang='lat' dir='ltr'><strong>omnino</strong></span> <span class='ocrx_word' id='word_1_719' title='bbox 2390 3561 2536 3608; x_wconf 86' lang='lat' dir='ltr'><strong>tanta</strong></span> <span class='ocrx_word' id='word_1_720' title='bbox 2565 3566 2666 3608; x_wconf 86' lang='lat' dir='ltr'><strong>nos</strong></span> <span class='ocrx_word' id='word_1_721' title='bbox 2691 3549 2868 3605; x_wconf 83' lang='lat' dir='ltr'><strong>salute</strong></span> <span class='ocrx_word' id='word_1_722' title='bbox 2894 3549 3158 3618; x_wconf 76' lang='lat' dir='ltr'><strong>privaret,</strong></span> <span class='ocrx_word' id='word_1_723' title='bbox 3188 3561 3349 3618; x_wconf 89' lang='lat' dir='ltr'><strong>quam</strong></span> <span class='ocrx_word' id='word_1_724' title='bbox 3373 3542 3524 3599; x_wconf 87' lang='lat' dir='ltr'><strong>nobis</strong></span> <span class='ocrx_word' id='word_1_725' title='bbox 3555 3540 3622 3596; x_wconf 84' lang='lat' dir='ltr'><strong>ad</strong></span> 
     </span>
    </p>
   </div>
   <div class='ocr_carea' id='block_1_96' title="bbox 2052 3636 3623 3716">
    <p class='ocr_par' dir='ltr' id='par_1_96' title="bbox 2052 3636 3623 3716">
     <span class='ocr_line' id='line_1_97' title="bbox 2052 3636 3623 3716; baseline -0.012 -12"><span class='ocrx_word' id='word_1_726' title='bbox 2052 3661 2226 3716; x_wconf 86' lang='lat' dir='ltr'><strong>usque</strong></span> <span class='ocrx_word' id='word_1_727' title='bbox 2251 3644 2433 3701; x_wconf 68' lang='lat' dir='ltr'><strong>saeculi</strong></span> <span class='ocrx_word' id='word_1_728' title='bbox 2464 3643 2624 3698; x_wconf 82' lang='lat' dir='ltr'><strong>tinem</strong></span> <span class='ocrx_word' id='word_1_729' title='bbox 2650 3640 2878 3711; x_wconf 73' lang='lat' dir='ltr'><strong>largitus</strong></span> <span class='ocrx_word' id='word_1_730' title='bbox 2905 3646 3013 3706; x_wconf 80' lang='lat' dir='ltr'><strong>est,</strong></span> <span class='ocrx_word' id='word_1_731' title='bbox 3044 3651 3108 3693; x_wconf 86' lang='lat' dir='ltr'><strong>ac</strong></span> <span class='ocrx_word' id='word_1_732' title='bbox 3131 3636 3441 3708; x_wconf 70' lang='lat' dir='ltr'><strong>dignatione</strong></span> <span class='ocrx_word' id='word_1_733' title='bbox 3492 3649 3623 3688; x_wconf 85' lang='lat' dir='ltr'><strong>san-</strong></span> 
     </span>
    </p>
   </div>
   <div class='ocr_carea' id='block_1_97' title="bbox 2051 3726 3623 3805">
    <p class='ocr_par' dir='ltr' id='par_1_97' title="bbox 2051 3726 3623 3805">
     <span class='ocr_line' id='line_1_98' title="bbox 2051 3726 3623 3805; baseline -0.011 -10"><span class='ocrx_word' id='word_1_734' title='bbox 2051 3738 2356 3796; x_wconf 88' lang='lat' dir='ltr'><strong>ctissimum</strong></span> <span class='ocrx_word' id='word_1_735' title='bbox 2383 3749 2545 3792; x_wconf 92' lang='lat' dir='ltr'><strong>suum</strong></span> <span class='ocrx_word' id='word_1_736' title='bbox 2593 3747 2792 3805; x_wconf 87' lang='lat' dir='ltr'><strong>corpus</strong></span> <span class='ocrx_word' id='word_1_737' title='bbox 2839 3729 3275 3787; x_wconf 87' lang='lat' dir='ltr'><strong>manducandum</strong></span> <span class='ocrx_word' id='word_1_738' title='bbox 3335 3726 3623 3799; x_wconf 67' lang='lat' dir='ltr'><strong>praeberet,</strong></span> 
     </span>
    </p>
   </div>
   <div class='ocr_carea' id='block_1_98' title="bbox 2050 3819 3622 3903">
    <p class='ocr_par' dir='ltr' id='par_1_98' title="bbox 2050 3819 3622 3903">
     <span class='ocr_line' id='line_1_99' title="bbox 2050 3819 3622 3903; baseline -0.01 -13"><span class='ocrx_word' id='word_1_739' title='bbox 2050 3847 2115 3890; x_wconf 85' lang='lat' dir='ltr'><strong>ac</strong></span> <span class='ocrx_word' id='word_1_740' title='bbox 2140 3847 2236 3903; x_wconf 91' lang='lat' dir='ltr'><strong>per</strong></span> <span class='ocrx_word' id='word_1_741' title='bbox 2255 3829 2385 3886; x_wconf 86' lang='lat' dir='ltr'><strong>illud</strong></span> <span class='ocrx_word' id='word_1_742' title='bbox 2415 3827 2740 3894; x_wconf 72' lang='lat' dir='ltr'><strong>viviﬁcaret,</strong></span> <span class='ocrx_word' id='word_1_743' title='bbox 2769 3825 2964 3897; x_wconf 83' lang='lat' dir='ltr'><strong>suique</strong></span> <span class='ocrx_word' id='word_1_744' title='bbox 2999 3822 3419 3896; x_wconf 86' lang='lat' dir='ltr'><strong>comparticipcs</strong></span> <span class='ocrx_word' id='word_1_745' title='bbox 3473 3819 3622 3875; x_wconf 81' lang='lat' dir='ltr'><strong>lace-</strong></span> 
     </span>
    </p>
   </div>
   <div class='ocr_carea' id='block_1_99' title="bbox 2052 3911 3610 3992">
    <p class='ocr_par' dir='ltr' id='par_1_99' title="bbox 2052 3911 3610 3992">
     <span class='ocr_line' id='line_1_100' title="bbox 2052 3911 3610 3992; baseline -0.01 -12"><span class='ocrx_word' id='word_1_746' title='bbox 2052 3935 2157 3981; x_wconf 86' lang='lat' dir='ltr'><strong>ret.</strong></span> <span class='ocrx_word' id='word_1_747' title='bbox 2185 3925 2254 3978; x_wconf 79' lang='lat' dir='ltr'><strong>At</strong></span> <span class='ocrx_word' id='word_1_748' title='bbox 2286 3934 2463 3992; x_wconf 89' lang='lat' dir='ltr'><strong>neque</strong></span> <span class='ocrx_word' id='word_1_749' title='bbox 2483 3920 2728 3982; x_wconf 88' lang='lat' dir='ltr'><strong>decebat,</strong></span> <span class='ocrx_word' id='word_1_750' title='bbox 2763 3928 2824 3973; x_wconf 91' lang='lat' dir='ltr'><strong>ut</strong></span> <span class='ocrx_word' id='word_1_751' title='bbox 2884 3916 2938 3972; x_wconf 92' lang='lat' dir='ltr'><strong>id</strong></span> <span class='ocrx_word' id='word_1_752' title='bbox 2989 3915 3251 3985; x_wconf 87' lang='lat' dir='ltr'><strong>temporis</strong></span> <span class='ocrx_word' id='word_1_753' title='bbox 3306 3911 3610 3982; x_wconf 81' lang='lat' dir='ltr'><strong>perfectum</strong></span> 
     </span>
    </p>
   </div>
   <div class='ocr_carea' id='block_1_100' title="bbox 2052 4003 3624 4089">
    <p class='ocr_par' dir='ltr' id='par_1_100' title="bbox 2052 4003 3624 4089">
     <span class='ocr_line' id='line_1_101' title="bbox 2052 4003 3624 4089; baseline -0.011 -16"><span class='ocrx_word' id='word_1_754' title='bbox 2052 4032 2243 4089; x_wconf 88' lang='lat' dir='ltr'><strong>panem</strong></span> <span class='ocrx_word' id='word_1_755' title='bbox 2274 4015 2327 4072; x_wconf 92' lang='lat' dir='ltr'><strong>in</strong></span> <span class='ocrx_word' id='word_1_756' title='bbox 2354 4028 2545 4070; x_wconf 85' lang='lat' dir='ltr'><strong>manus</strong></span> <span class='ocrx_word' id='word_1_757' title='bbox 2572 4011 2862 4079; x_wconf 86' lang='lat' dir='ltr'><strong>acciperet.</strong></span> <span class='ocrx_word' id='word_1_758' title='bbox 2888 4023 2956 4065; x_wconf 90' lang='lat' dir='ltr'><strong>eo</strong></span> <span class='ocrx_word' id='word_1_759' title='bbox 2997 4007 3142 4079; x_wconf 87' lang='lat' dir='ltr'><strong>quod</strong></span> <span class='ocrx_word' id='word_1_760' title='bbox 3193 4006 3309 4059; x_wconf 83' lang='lat' dir='ltr'><strong>dies</strong></span> <span class='ocrx_word' id='word_1_761' title='bbox 3355 4003 3430 4059; x_wconf 91' lang='lat' dir='ltr'><strong>illi</strong></span> <span class='ocrx_word' id='word_1_762' title='bbox 3492 4016 3624 4074; x_wconf 75' lang='lat' dir='ltr'><strong>azy-</strong></span> 
     </span>
    </p>
   </div>
   <div class='ocr_carea' id='block_1_101' title="bbox 2053 4097 3622 4168">
    <p class='ocr_par' dir='ltr' id='par_1_101' title="bbox 2053 4097 3622 4168">
     <span class='ocr_line' id='line_1_102' title="bbox 2053 4097 3622 4168; baseline -0.011 -2"><span class='ocrx_word' id='word_1_763' title='bbox 2053 4125 2264 4167; x_wconf 88' lang='lat' dir='ltr'><strong>morum</strong></span> <span class='ocrx_word' id='word_1_764' title='bbox 2295 4114 2477 4164; x_wconf 83' lang='lat' dir='ltr'><strong>essent</strong></span> <span class='ocrx_word' id='word_1_765' title='bbox 2508 4112 2567 4161; x_wconf 92' lang='lat' dir='ltr'><strong>ut</strong></span> <span class='ocrx_word' id='word_1_766' title='bbox 2596 4118 2663 4160; x_wconf 89' lang='lat' dir='ltr'><strong>no</strong></span> <span class='ocrx_word' id='word_1_767' title='bbox 2690 4100 2899 4159; x_wconf 69' lang='lat' dir='ltr'><strong>Iudaeis</strong></span> <span class='ocrx_word' id='word_1_768' title='bbox 2926 4113 3114 4154; x_wconf 81' lang='lat' dir='ltr'><strong>ansam</strong></span> <span class='ocrx_word' id='word_1_769' title='bbox 3146 4097 3412 4168; x_wconf 65' lang='lat' dir='ltr'><strong>praeberet</strong></span> <span class='ocrx_word' id='word_1_770' title='bbox 3456 4108 3622 4149; x_wconf 80' lang='lat' dir='ltr'><strong>accu-</strong></span> 
     </span>
    </p>
   </div>
   <div class='ocr_carea' id='block_1_102' title="bbox 2053 4184 3620 4266">
    <p class='ocr_par' dir='ltr' id='par_1_102' title="bbox 2053 4184 3620 4266">
     <span class='ocr_line' id='line_1_103' title="bbox 2053 4184 3620 4266; baseline -0.012 -8"><span class='ocrx_word' id='word_1_771' title='bbox 2053 4201 2210 4257; x_wconf 86' lang='lat' dir='ltr'><strong>sandi</strong></span> <span class='ocrx_word' id='word_1_772' title='bbox 2263 4198 2409 4254; x_wconf 81' lang='lat' dir='ltr'><strong>velut</strong></span> <span class='ocrx_word' id='word_1_773' title='bbox 2451 4195 2701 4266; x_wconf 87' lang='lat' dir='ltr'><strong>impium,</strong></span> <span class='ocrx_word' id='word_1_774' title='bbox 2759 4207 2824 4248; x_wconf 89' lang='lat' dir='ltr'><strong>ac</strong></span> <span class='ocrx_word' id='word_1_775' title='bbox 2889 4189 3185 4246; x_wconf 77' lang='lat' dir='ltr'><strong>solventem</strong></span> <span class='ocrx_word' id='word_1_776' title='bbox 3240 4186 3464 4257; x_wconf 70' lang='lat' dir='ltr'><strong>legem:</strong></span> <span class='ocrx_word' id='word_1_777' title='bbox 3517 4184 3620 4239; x_wconf 82' lang='lat' dir='ltr'><strong>hos</strong></span> 
     </span>
    </p>
   </div>
   <div class='ocr_carea' id='block_1_103' title="bbox 2055 4277 3620 4357">
    <p class='ocr_par' dir='ltr' id='par_1_103' title="bbox 2055 4277 3620 4357">
     <span class='ocr_line' id='line_1_104' title="bbox 2055 4277 3620 4357; baseline -0.013 -6"><span class='ocrx_word' id='word_1_778' title='bbox 2055 4303 2237 4351; x_wconf 83' lang='lat' dir='ltr'><strong>autem</strong></span> <span class='ocrx_word' id='word_1_779' title='bbox 2260 4288 2468 4349; x_wconf 88' lang='lat' dir='ltr'><strong>Christi</strong></span> <span class='ocrx_word' id='word_1_780' title='bbox 2504 4289 2692 4343; x_wconf 81' lang='lat' dir='ltr'><strong>hostes</strong></span> <span class='ocrx_word' id='word_1_781' title='bbox 2717 4285 2970 4357; x_wconf 85' lang='lat' dir='ltr'><strong>quisnam</strong></span> <span class='ocrx_word' id='word_1_782' title='bbox 3000 4281 3166 4351; x_wconf 75' lang='lat' dir='ltr'><strong>cogit,</strong></span> <span class='ocrx_word' id='word_1_783' title='bbox 3199 4287 3260 4334; x_wconf 91' lang='lat' dir='ltr'><strong>ut</strong></span> <span class='ocrx_word' id='word_1_784' title='bbox 3310 4277 3620 4332; x_wconf 66' lang='lat' dir='ltr'><strong>Judazorunt</strong></span> 
     </span>
    </p>
   </div>
   <div class='ocr_carea' id='block_1_104' title="bbox 2054 4369 3621 4455">
    <p class='ocr_par' dir='ltr' id='par_1_104' title="bbox 2054 4369 3621 4455">
     <span class='ocr_line' id='line_1_105' title="bbox 2054 4369 3621 4455; baseline -0.016 -12"><span class='ocrx_word' id='word_1_785' title='bbox 2054 4401 2205 4444; x_wconf 88' lang='lat' dir='ltr'><strong>more</strong></span> <span class='ocrx_word' id='word_1_786' title='bbox 2231 4396 2479 4455; x_wconf 82' lang='lat' dir='ltr'><strong>azytnum</strong></span> <span class='ocrx_word' id='word_1_787' title='bbox 2509 4378 2765 4442; x_wconf 85' lang='lat' dir='ltr'><strong>oll‘erant,</strong></span> <span class='ocrx_word' id='word_1_788' title='bbox 2796 4384 2854 4432; x_wconf 90' lang='lat' dir='ltr'><strong>et</strong></span> <span class='ocrx_word' id='word_1_789' title='bbox 2895 4389 3002 4430; x_wconf 92' lang='lat' dir='ltr'><strong>non</strong></span> <span class='ocrx_word' id='word_1_790' title='bbox 3057 4369 3356 4444; x_wconf 76' lang='lat' dir='ltr'><strong>perfectum</strong></span> <span class='ocrx_word' id='word_1_791' title='bbox 3400 4381 3621 4437; x_wconf 89' lang='lat' dir='ltr'><strong>panem,</strong></span> 
     </span>
    </p>
   </div>
   <div class='ocr_carea' id='block_1_105' title="bbox 2055 4459 3621 4549">
    <p class='ocr_par' dir='ltr' id='par_1_105' title="bbox 2055 4459 3621 4549">
     <span class='ocr_line' id='line_1_106' title="bbox 2055 4459 3621 4549; baseline -0.016 -14"><span class='ocrx_word' id='word_1_792' title='bbox 2055 4477 2323 4549; x_wconf 87' lang='lat' dir='ltr'><strong>siquidem</strong></span> <span class='ocrx_word' id='word_1_793' title='bbox 2370 4469 2669 4544; x_wconf 77' lang='lat' dir='ltr'><strong>perfectum</strong></span> <span class='ocrx_word' id='word_1_794' title='bbox 2730 4465 3007 4524; x_wconf 90' lang='lat' dir='ltr'><strong>hominem</strong></span> <span class='ocrx_word' id='word_1_795' title='bbox 3059 4461 3228 4517; x_wconf 77' lang='lat' dir='ltr'><strong>Deum</strong></span> <span class='ocrx_word' id='word_1_796' title='bbox 3276 4459 3621 4513; x_wconf 86' lang='lat' dir='ltr'><strong>incarnatum</strong></span> 
     </span>
    </p>
   </div>
   <div class='ocr_carea' id='block_1_106' title="bbox 2054 4557 3621 4643">
    <p class='ocr_par' dir='ltr' id='par_1_106' title="bbox 2054 4557 3621 4643">
     <span class='ocr_line' id='line_1_107' title="bbox 2054 4557 3621 4643; baseline -0.016 -15"><span class='ocrx_word' id='word_1_797' title='bbox 2054 4568 2394 4643; x_wconf 72' lang='lat' dir='ltr'><strong>praedicant?</strong></span> <span class='ocrx_word' id='word_1_798' title='bbox 2453 4564 2623 4620; x_wconf 86' lang='lat' dir='ltr'><strong>Plane</strong></span> <span class='ocrx_word' id='word_1_799' title='bbox 2675 4561 2819 4619; x_wconf 90' lang='lat' dir='ltr'><strong>enim</strong></span> <span class='ocrx_word' id='word_1_800' title='bbox 2875 4557 2957 4615; x_wconf 90' lang='lat' dir='ltr'><strong>uti</strong></span> <span class='ocrx_word' id='word_1_801' title='bbox 3009 4564 3260 4612; x_wconf 79' lang='lat' dir='ltr'><strong>vetamur</strong></span> <span class='ocrx_word' id='word_1_802' title='bbox 3321 4567 3426 4607; x_wconf 90' lang='lat' dir='ltr'><strong>una</strong></span> <span class='ocrx_word' id='word_1_803' title='bbox 3497 4566 3621 4606; x_wconf 86' lang='lat' dir='ltr'><strong>cum</strong></span> 
     </span>
    </p>
   </div>
   <div class='ocr_carea' id='block_1_107' title="bbox 2054 4645 3626 4731">
    <p class='ocr_par' dir='ltr' id='par_1_107' title="bbox 2054 4645 3626 4731">
     <span class='ocr_line' id='line_1_108' title="bbox 2054 4645 3626 4731; baseline -0.015 -12"><span class='ocrx_word' id='word_1_804' title='bbox 2054 4659 2547 4731; x_wconf 69' lang='lat' dir='ltr'><strong>Jutlmisjeiunare,</strong></span> <span class='ocrx_word' id='word_1_805' title='bbox 2580 4671 2644 4712; x_wconf 89' lang='lat' dir='ltr'><strong>ac</strong></span> <span class='ocrx_word' id='word_1_806' title='bbox 2667 4669 2792 4711; x_wconf 87' lang='lat' dir='ltr'><strong>cum</strong></span> <span class='ocrx_word' id='word_1_807' title='bbox 2839 4653 2919 4709; x_wconf 90' lang='lat' dir='ltr'><strong>eis</strong></span> <span class='ocrx_word' id='word_1_808' title='bbox 2960 4649 3239 4706; x_wconf 77' lang='lat' dir='ltr'><strong>celebrare</strong></span> <span class='ocrx_word' id='word_1_809' title='bbox 3289 4645 3521 4707; x_wconf 85' lang='lat' dir='ltr'><strong>Pascha,</strong></span> <span class='ocrx_word' id='word_1_810' title='bbox 3570 4652 3626 4697; x_wconf 90' lang='lat' dir='ltr'><strong>et</strong></span> 
     </span>
    </p>
   </div>
   <div class='ocr_carea' id='block_1_108' title="bbox 2055 4736 3622 4817">
    <p class='ocr_par' dir='ltr' id='par_1_108' title="bbox 2055 4736 3622 4817">
     <span class='ocr_line' id='line_1_109' title="bbox 2055 4736 3622 4817; baseline -0.018 -4"><span class='ocrx_word' id='word_1_811' title='bbox 2055 4751 2397 4817; x_wconf 85' lang='lat' dir='ltr'><strong>circumcidi,</strong></span> <span class='ocrx_word' id='word_1_812' title='bbox 2425 4765 2490 4804; x_wconf 92' lang='lat' dir='ltr'><strong>ac</strong></span> <span class='ocrx_word' id='word_1_813' title='bbox 2522 4748 2766 4805; x_wconf 87' lang='lat' dir='ltr'><strong>Sabbato</strong></span> <span class='ocrx_word' id='word_1_814' title='bbox 2795 4757 3014 4804; x_wconf 76' lang='lat' dir='ltr'><strong>vacare,</strong></span> <span class='ocrx_word' id='word_1_815' title='bbox 3039 4750 3204 4809; x_wconf 88' lang='lat' dir='ltr'><strong>atque</strong></span> <span class='ocrx_word' id='word_1_816' title='bbox 3226 4754 3256 4791; x_wconf 92' lang='lat' dir='ltr'><strong>a</strong></span> <span class='ocrx_word' id='word_1_817' title='bbox 3274 4736 3451 4791; x_wconf 89' lang='lat' dir='ltr'><strong>suillis</strong></span> <span class='ocrx_word' id='word_1_818' title='bbox 3503 4749 3622 4788; x_wconf 84' lang='lat' dir='ltr'><strong>car-</strong></span> 
     </span>
    </p>
   </div>
   <div class='ocr_carea' id='block_1_109' title="bbox 2057 4828 3618 4912">
    <p class='ocr_par' dir='ltr' id='par_1_109' title="bbox 2057 4828 3618 4912">
     <span class='ocr_line' id='line_1_110' title="bbox 2057 4828 3618 4912; baseline -0.015 -7"><span class='ocrx_word' id='word_1_819' title='bbox 2057 4849 2218 4905; x_wconf 87' lang='lat' dir='ltr'><strong>nibus</strong></span> <span class='ocrx_word' id='word_1_820' title='bbox 2239 4844 2516 4901; x_wconf 78' lang='lat' dir='ltr'><strong>abstinere</strong></span> <span class='ocrx_word' id='word_1_821' title='bbox 2546 4861 2561 4896; x_wconf 91' lang='lat'><strong>:</strong></span> <span class='ocrx_word' id='word_1_822' title='bbox 2585 4843 2664 4898; x_wconf 85' lang='lat' dir='ltr'><strong>ita</strong></span> <span class='ocrx_word' id='word_1_823' title='bbox 2693 4841 2856 4899; x_wconf 88' lang='lat' dir='ltr'><strong>etiam</strong></span> <span class='ocrx_word' id='word_1_824' title='bbox 2883 4837 3233 4912; x_wconf 86' lang='lat' dir='ltr'><strong>prohibemur</strong></span> <span class='ocrx_word' id='word_1_825' title='bbox 3259 4844 3507 4901; x_wconf 81' lang='lat' dir='ltr'><strong>azytnunt</strong></span> <span class='ocrx_word' id='word_1_826' title='bbox 3562 4828 3618 4882; x_wconf 93' lang='lat' dir='ltr'><strong>in</strong></span> 
     </span>
    </p>
   </div>
   <div class='ocr_carea' id='block_1_110' title="bbox 2056 4937 2565 4999">
    <p class='ocr_par' dir='ltr' id='par_1_110' title="bbox 2056 4937 2565 4999">
     <span class='ocr_line' id='line_1_111' title="bbox 2056 4937 2565 4999; baseline -0.01 0"><span class='ocrx_word' id='word_1_827' title='bbox 2056 4938 2331 4999; x_wconf 74' lang='lat' dir='ltr'><strong>sacriﬁcio</strong></span> <span class='ocrx_word' id='word_1_828' title='bbox 2349 4937 2565 4996; x_wconf 77' lang='lat' dir='ltr'><strong>otlcrre.</strong></span> 
     </span>
    </p>
   </div>
   <div class='ocr_carea' id='block_1_111' title="bbox 2134 5195 3629 5272">
    <p class='ocr_par' dir='ltr' id='par_1_111' title="bbox 2134 5195 3629 5272">
     <span class='ocr_line' id='line_1_112' title="bbox 2134 5195 3629 5272; baseline -0.007 -13"><span class='ocrx_word' id='word_1_829' title='bbox 2134 5203 2230 5259; x_wconf 88' lang='lat' dir='ltr'><strong>lli.</strong></span> <span class='ocrx_word' id='word_1_830' title='bbox 2268 5201 2487 5272; x_wconf 82' lang='lat' dir='ltr'><strong>Alioqui</strong></span> <span class='ocrx_word' id='word_1_831' title='bbox 2531 5209 2710 5256; x_wconf 86' lang='lat' dir='ltr'><strong>autem</strong></span> <span class='ocrx_word' id='word_1_832' title='bbox 2741 5197 2857 5270; x_wconf 69' lang='grc' dir='ltr'><strong>(ετ)</strong></span> <span class='ocrx_word' id='word_1_833' title='bbox 2888 5205 3109 5268; x_wconf 87' lang='lat' dir='ltr'><strong>peracta</strong></span> <span class='ocrx_word' id='word_1_834' title='bbox 3141 5195 3245 5251; x_wconf 82' lang='lat' dir='ltr'><strong>fuit</strong></span> <span class='ocrx_word' id='word_1_835' title='bbox 3297 5208 3454 5250; x_wconf 74' lang='lat' dir='ltr'><strong>cmna</strong></span> <span class='ocrx_word' id='word_1_836' title='bbox 3504 5201 3629 5248; x_wconf 79' lang='lat' dir='ltr'><strong>ante</strong></span> 
     </span>
    </p>
   </div>
   <div class='ocr_carea' id='block_1_112' title="bbox 2066 5285 3627 5363">
    <p class='ocr_par' dir='ltr' id='par_1_112' title="bbox 2066 5285 3627 5363">
     <span class='ocr_line' id='line_1_113' title="bbox 2066 5285 3627 5363; baseline -0.008 -12"><span class='ocrx_word' id='word_1_837' title='bbox 2066 5297 2264 5354; x_wconf 77' lang='lat' dir='ltr'><strong>festum</strong></span> <span class='ocrx_word' id='word_1_838' title='bbox 2300 5294 2525 5351; x_wconf 62' lang='lat' dir='ltr'><strong>Pascha:</strong></span> <span class='ocrx_word' id='word_1_839' title='bbox 2573 5309 2638 5349; x_wconf 83' lang='lat' dir='ltr'><strong>ac</strong></span> <span class='ocrx_word' id='word_1_840' title='bbox 2672 5292 3024 5363; x_wconf 76' lang='lat' dir='ltr'><strong>Azymorum,</strong></span> <span class='ocrx_word' id='word_1_841' title='bbox 3060 5291 3223 5358; x_wconf 91' lang='lat' dir='ltr'><strong>inque</strong></span> <span class='ocrx_word' id='word_1_842' title='bbox 3265 5303 3327 5343; x_wconf 91' lang='lat' dir='ltr'><strong>ea</strong></span> <span class='ocrx_word' id='word_1_843' title='bbox 3377 5285 3627 5342; x_wconf 72' lang='lat' dir='ltr'><strong>Christus</strong></span> 
     </span>
    </p>
   </div>
   <div class='ocr_carea' id='block_1_113' title="bbox 2065 5376 3627 5456">
    <p class='ocr_par' dir='ltr' id='par_1_113' title="bbox 2065 5376 3627 5456">
     <span class='ocr_line' id='line_1_114' title="bbox 2065 5376 3627 5456; baseline -0.007 -13"><span class='ocrx_word' id='word_1_844' title='bbox 2065 5405 2186 5443; x_wconf 81' lang='lat' dir='ltr'><strong>cum</strong></span> <span class='ocrx_word' id='word_1_845' title='bbox 2247 5387 2526 5456; x_wconf 87' lang='lat' dir='ltr'><strong>discipulis</strong></span> <span class='ocrx_word' id='word_1_846' title='bbox 2578 5401 2774 5456; x_wconf 88' lang='lat' dir='ltr'><strong>panem</strong></span> <span class='ocrx_word' id='word_1_847' title='bbox 2825 5383 3080 5448; x_wconf 87' lang='lat' dir='ltr'><strong>comedit,</strong></span> <span class='ocrx_word' id='word_1_848' title='bbox 3128 5381 3208 5435; x_wconf 92' lang='lat' dir='ltr'><strong>uti</strong></span> <span class='ocrx_word' id='word_1_849' title='bbox 3255 5378 3490 5435; x_wconf 80' lang='lat' dir='ltr'><strong>Joannes</strong></span> <span class='ocrx_word' id='word_1_850' title='bbox 3536 5376 3627 5432; x_wconf 83' lang='lat' dir='ltr'><strong>ille</strong></span> 
     </span>
    </p>
   </div>
   <div class='ocr_carea' id='block_1_114' title="bbox 2061 5471 3624 5551">
    <p class='ocr_par' dir='ltr' id='par_1_114' title="bbox 2061 5471 3624 5551">
     <span class='ocr_line' id='line_1_115' title="bbox 2061 5471 3624 5551; baseline -0.01 -14"><span class='ocrx_word' id='word_1_851' title='bbox 2061 5479 2373 5551; x_wconf 73' lang='lat' dir='ltr'><strong>Theologus</strong></span> <span class='ocrx_word' id='word_1_852' title='bbox 2402 5479 2553 5534; x_wconf 87' lang='lat' dir='ltr'><strong>dicit.</strong></span> <span class='ocrx_word' id='word_1_853' title='bbox 2595 5477 2766 5534; x_wconf 68' lang='lat' dir='ltr'><strong>ludas</strong></span> <span class='ocrx_word' id='word_1_854' title='bbox 2798 5475 2911 5548; x_wconf 73' lang='lat'><strong>(28)</strong></span> <span class='ocrx_word' id='word_1_855' title='bbox 2964 5489 3181 5545; x_wconf 85' lang='lat' dir='ltr'><strong>quoque</strong></span> <span class='ocrx_word' id='word_1_856' title='bbox 3211 5471 3454 5542; x_wconf 89' lang='lat' dir='ltr'><strong>(accepto</strong></span> <span class='ocrx_word' id='word_1_857' title='bbox 3485 5483 3624 5539; x_wconf 86' lang='lat' dir='ltr'><strong>pane</strong></span> 
     </span>
    </p>
   </div>
   <div class='ocr_carea' id='block_1_115' title="bbox 2058 5560 3625 5644">
    <p class='ocr_par' dir='ltr' id='par_1_115' title="bbox 2058 5560 3625 5644">
     <span class='ocr_line' id='line_1_116' title="bbox 2058 5560 3625 5644; baseline -0.01 -15"><span class='ocrx_word' id='word_1_858' title='bbox 2058 5569 2335 5644; x_wconf 75' lang='lat' dir='ltr'><strong>egressus)</strong></span> <span class='ocrx_word' id='word_1_859' title='bbox 2398 5570 2556 5641; x_wconf 85' lang='lat' dir='ltr'><strong>panis</strong></span> <span class='ocrx_word' id='word_1_860' title='bbox 2600 5565 2933 5623; x_wconf 87' lang='lat' dir='ltr'><strong>adminiculo</strong></span> <span class='ocrx_word' id='word_1_861' title='bbox 2981 5562 3239 5635; x_wconf 85' lang='lat' dir='ltr'><strong>prodidit.</strong></span> <span class='ocrx_word' id='word_1_862' title='bbox 3280 5560 3413 5616; x_wconf 77' lang='lat' dir='ltr'><strong>Nam</strong></span> <span class='ocrx_word' id='word_1_863' title='bbox 3465 5561 3625 5614; x_wconf 89' lang='lat' dir='ltr'><strong>tertia</strong></span> 
     </span>
    </p>
   </div>
   <div class='ocr_carea' id='block_1_116' title="bbox 2132 5697 3620 5792">
    <p class='ocr_par' dir='ltr' id='par_1_116' title="bbox 2132 5697 3620 5792">
     <span class='ocr_line' id='line_1_117' title="bbox 2132 5697 3620 5792; baseline -0.007 -28"><span class='ocrx_word' id='word_1_864' title='bbox 2132 5709 2242 5792; x_wconf 62' lang='lat' dir='ltr'><strong>(f2?)</strong></span> <span class='ocrx_word' id='word_1_865' title='bbox 2271 5711 2348 5792; x_wconf 67' lang='lat' dir='ltr'><strong>ita</strong></span> <span class='ocrx_word' id='word_1_866' title='bbox 2386 5709 2497 5792; x_wconf 65' lang='lat' dir='ltr'><strong>[ere</strong></span> <span class='ocrx_word' id='word_1_867' title='bbox 2527 5706 2896 5792; x_wconf 39' lang='grc' dir='ltr'><strong>Πτερίη-ςυστ.</strong></span> <span class='ocrx_word' id='word_1_868' title='bbox 2930 5717 3115 5760; x_wconf 87' lang='lat' dir='ltr'><strong>recens</strong></span> <span class='ocrx_word' id='word_1_869' title='bbox 3154 5708 3370 5758; x_wconf 88' lang='lat' dir='ltr'><strong>secutus</strong></span> <span class='ocrx_word' id='word_1_870' title='bbox 3409 5706 3492 5756; x_wconf 85' lang='lat' dir='ltr'><strong>est</strong></span> <span class='ocrx_word' id='word_1_871' title='bbox 3520 5697 3620 5754; x_wconf 69' lang='lat' dir='ltr'><strong>Pev</strong></span> 
     </span>
    </p>
   </div>
   <div class='ocr_carea' id='block_1_117' title="bbox 2059 5777 2917 5847">
    <p class='ocr_par' dir='ltr' id='par_1_117' title="bbox 2059 5777 2917 5847">
     <span class='ocr_line' id='line_1_118' title="bbox 2059 5777 2917 5847; baseline -0.008 -10"><span class='ocrx_word' id='word_1_872' title='bbox 2059 5777 2253 5846; x_wconf 62' lang='lat' dir='ltr'><strong>tatiius&#39;,</strong></span> <span class='ocrx_word' id='word_1_873' title='bbox 2289 5779 2502 5834; x_wconf 68' lang='lat' dir='ltr'><strong>Ratio».</strong></span> <span class='ocrx_word' id='word_1_874' title='bbox 2534 5788 2692 5847; x_wconf 81' lang='lat' dir='ltr'><strong>temp.</strong></span> <span class='ocrx_word' id='word_1_875' title='bbox 2725 5777 2817 5847; x_wconf 83' lang='lat' dir='ltr'><strong>lib.</strong></span> <span class='ocrx_word' id='word_1_876' title='bbox 2847 5790 2917 5830; x_wconf 76' lang='lat' dir='ltr'><strong>vn.</strong></span> 
     </span>
    </p>
   </div>
   <div class='ocr_carea' id='block_1_118' title="bbox 2129 5839 3315 5922">
    <p class='ocr_par' dir='ltr' id='par_1_118' title="bbox 2129 5839 3315 5922">
     <span class='ocr_line' id='line_1_119' title="bbox 2129 5839 3315 5922; baseline -0.007 -19"><span class='ocrx_word' id='word_1_877' title='bbox 2129 5839 2251 5922; x_wconf 45' lang='lat' dir='ltr'><strong>(Q86</strong></span> <span class='ocrx_word' id='word_1_878' title='bbox 2273 5849 2472 5907; x_wconf 74' lang='lat' dir='ltr'><strong>Confer</strong></span> <span class='ocrx_word' id='word_1_879' title='bbox 2507 5839 2753 5919; x_wconf 71' lang='lat' dir='ltr'><strong>Theoph.</strong></span> <span class='ocrx_word' id='word_1_880' title='bbox 2795 5845 2849 5900; x_wconf 91' lang='lat' dir='ltr'><strong>in</strong></span> <span class='ocrx_word' id='word_1_881' title='bbox 2881 5859 2929 5900; x_wconf 89' lang='lat' dir='ltr'><strong>c.</strong></span> <span class='ocrx_word' id='word_1_882' title='bbox 2970 5857 3095 5899; x_wconf 69' lang='lat' dir='ltr'><strong>aut</strong></span> <span class='ocrx_word' id='word_1_883' title='bbox 3127 5839 3315 5897; x_wconf 75' lang='lat' dir='ltr'><strong>Matth.</strong></span> 
     </span>
    </p>
   </div>
  </div>
