4122 6320
559 309 689 377 1191

1613 315 1862 377 ISAACI
1904 316 2279 378 ARMENI/E
2319 315 2730 380 CATHOLICI

3660 310 3803 379 1192

554 439 920 483 trecentorum
984 428 1168 483 decem
1227 435 1283 484 et
1350 435 1473 483 octo
1532 439 1849 485 sanctorum
1904 430 2123 486 Patrum

2236 445 2408 499 ματος
2470 429 2844 500 κληρονόμους
2894 426 3119 492 τούτους
3176 425 3657 498 εἷργάσαντοςτξς
3706 426 3806 481 οὖν

558 518 826 577 Νιαειηιιιι
858 522 1146 593 synodum,
1187 530 1299 575 tres
1345 534 1610 591 personas
1641 536 1731 577 seu
1778 522 2121 594 hypostases,

555 628 826 680 unamque
855 614 1223 667 substantiam
1262 613 1378 668 sive
1409 621 1659 667 naturam
1692 614 1743 668 in
1788 624 1979 669 sancta
2004 613 2125 669 Tri-

554 706 726 760 nitate
759 706 1172 774 praedicantem,
1207 720 1311 759 non
1359 719 1454 760 eos
1482 716 1734 775 tauquam
1783 705 2126 761 adversarios

552 797 748 861 oderit,
782 812 843 851 ac
871 807 1129 865 negantes
1159 795 1430 851 Nicmnam
1452 800 1739 867 synodum,
1760 797 1850 867 qui
1876 809 2122 851 naturam

552 903 839 959 personam
874 905 993 945 esse
1023 890 1185 960 impie
1218 904 1281 945 ac
1312 889 1477 946 stulte
1510 889 1735 944 dicant!

1144 1107 1376 1168 CAPUT
1412 1108 1531 1165 Ill.

743 1203 819 1259 De
845 1204 948 1271 piis
975 1203 1309 1275 dogmatibus
1336 1218 1454 1274 quc
1484 1202 1721 1258 Armenii
1752 1214 1963 1275 negant.

622 1385 664 1439 1.
700 1383 833 1453 Quis
858 1385 1091 1441 audiens
1132 1393 1355 1438 sanctos
1386 1397 1575 1440 Omnes
1610 1399 1674 1439 ac
1715 1400 1745 1439 a
1776 1383 1886 1440 Deo
1918 1381 2126 1442 adlatos

546 1477 764 1543 Patres,
801 1478 1083 1547 ipsamque
1111 1476 1387 1531 Nicaenatn
1422 1477 1687 1547 synodum
1717 1478 1851 1533 duas
1884 1480 1938 1533 in
1963 1479 2125 1534 Chri-

547 1580 634 1624 sto
688 1578 912 1624 naturas
962 1569 1367 1638 praedicantes,
1420 1572 1878 1639 quemadmodum
1933 1582 2123 1628 sancta

2226 520 2441 574 ἀκούων
2464 521 2561 595 τὴν
2596 522 2656 575 ἐν
2686 520 2896 592 Νικαίᾳ
2925 528 2974 577 α’
3012 520 3114 592 τὴν
3145 520 3307 590 ἁγίαν
3339 518 3450 573 τῶν
3484 526 3591 591 τιη¹
3625 519 3803 587 ἁγίων

2227 614 2492 686 Πατέρων
2544 612 2790 681 σύνοδον,
2831 616 2956 685 τρία
3013 615 3280 685 πρόσωπα
3331 616 3424 670 καὶ
3448 615 3801 681 ὑποστάσεις,

2225 708 2320 761 καὶ
2345 710 2473 777 μίαν
2503 707 2694 761 οὐσίαν
2727 707 2847 779 ἦτοι
2895 707 3090 776 φύσιν,
3121 708 3214 760 ἐπὶ
3248 707 3345 774 τῆς
3376 708 3541 776 ἁγίας
3568 706 3802 778 Τρεάδος

2225 801 2629 870 κηρύττουσιν,
2659 802 2721 855 ού
2758 804 2913 870 μισεῖ
2947 800 3172 863 τούτους
3200 798 3277 864 ὡς
3302 799 3533 871 ἐχθροὺς
3574 799 3664 854 καὶ
3698 802 3802 873 ἀρ-

2224 893 2392 963 νητάς
2415 893 2513 963 τῆς
2541 894 2599 947 ὲν
2647 894 2856 967 Nimio
2897 894 3139 959 συνόδου,
3172 894 3272 966 τὴν
3318 895 3483 963 φύσιν
3509 896 3801 965 πρίσωπον

2224 984 2436 1049 ἀσεϐῶς
2473 984 2567 1039 καὶ
2599 985 2844 1057 ἀνοήτως
2885 984 3185 1054 λέγονταςς

2739 1098 3135 1155 ΚΕΦΑΛΑΙυΝ
3167 1098 3268 1158 ιΒ’.

2223 1192 2367 1263 Περὶ
2414 1189 2535 1248 τῶν
2600 1192 3225 1318 εὐσεσῶηΑδοπὲέάτων
3250 1185 3342 1247 ὧν
3393 1193 3716 1264 ἀρνοῦνται
3742 1194 3799 1249 οι

2915 1282 2993 1318 ou
3068 1281 3166 1318 ιοι.

2910 1281 3166 1333 ρμενιοι.

2292 1377 2375 1433 A'.
2406 1376 2504 1441 Τις
2534 1377 2751 1431 ἀκούων
2776 1378 2984 1442 πάντας
3011 1379 3136 1441 τοὺς
3158 1355 3344 1445 ἁγίους
3378 1378 3471 1433 καὶ
3506 1378 3801 1451 θεοφόρους

2225 1471 2500 1541 Πατέρας,
2528 1470 2628 1526 καὶ
2656 1472 2829 1543 αὐτὴν
2860 1472 2962 1543 τὴν
2994 1475 3053 1527 ὲν
3084 1473 3287 1547 Νικαῐᾳ
3312 1474 3549 1541 σύνοδον,
3586 1474 3680 1528 δύο
3701 1475 3801 1544 φύ-

2226 1581 2342 1628 σεις
2385 1564 2444 1619 ἐν
2485 1563 2712 1636 Χριστῷ
2740 1565 3146 1637 κηρύττοντας,
3187 1567 3263 1630 ὡς
3290 1569 3384 1621 καὶ
3426 1571 3459 1639 ἠ
3486 1572 3544 1623 ἐν
3580 1570 3804 1638 Χαλκίς-

548 1662 789 1733 synodus
840 1661 1321 1728 Chalcedonensis,
1397 1664 1500 1717 hoc
1553 1674 1674 1732 est,
1726 1678 1815 1720 res
1877 1680 2122 1723 seorsum

2224 1656 2338 1712 δόνι
2377 1655 2508 1727 ἁγία
2537 1657 2778 1726 σύνοδος,
2807 1660 3090 1713 τούτέστιν
3123 1662 3230 1734 ἰδίᾳ
3258 1660 3432 1733 ἀληθῆ
3475 1661 3800 1731 πράγματα,

551 1768 714 1809 veras
742 1793 756 1816 ,
803 1753 1062 1809 deitatem
1098 1768 1163 1808 ac
1195 1753 1609 1818 humanitatem,
1663 1756 1717 1808 in
1756 1770 1857 1809 una
1890 1769 2121 1827 persona

2227 1749 2459 1821 θεότητα
2516 1752 2613 1805 καὶ
2671 1749 3105 1824 ἀνθρωπότητα,
3140 1757 3197 1805 ὲν
3261 1753 3340 1809 ἑνὶ
3392 1754 3673 1824 προσώπῳ
3708 1756 3803 1807 καὶ

550 1862 613 1903 ac
672 1848 979 1918 hypostasi,
1031 1862 1135 1903 non
1189 1848 1258 1903 ab
1307 1849 1427 1904 istis
1479 1847 1757 1914 resilierit.
1813 1852 2007 1920 dieque
2058 1868 2121 1909 ac

2234 1844 2335 1915 μιᾷ
2365 1842 2679 1907 ὑποστάσει,
2709 1844 2810 1898 ούκ
2847 1844 3173 1915 δκφεύξεται
3206 1847 3452 1910 τούτους,
3481 1848 3570 1900 καὶ
3604 1846 3803 1901 ἀναθε-

550 1945 709 1987 nocte
741 1949 834 1989 eos
868 1933 1171 1999 devoverit,
1207 1937 1297 2006 qui
1335 1952 1494 1992 uuam
1525 1948 1774 1995 naturain
1806 1952 1972 1996 totam
2004 1942 2122 1998 dei-

551 2034 713 2079 tatem
758 2026 809 2079 in
856 2025 1074 2081 Christo
1107 2029 1403 2098 praedicent
1430 2068 1445 2095 ,
1474 2043 1707 2101 eumque
1751 2034 1924 2088 media
1972 2045 2125 2103 parte

548 2128 745 2187 tte.ch
766 2118 790 2173 ἳ

622 2211 689 2265 ll.
745 2211 879 2277 Quis
928 2214 1154 2267 audiens
1198 2212 1473 2267 Christum
1527 2215 1799 2272 dicentem
1862 2219 2122 2289 apostolis

548 2313 669 2370 post
706 2305 1160 2360 resurrectionem
1194 2326 1207 2359 :
1248 2304 1470 2377 Palpate
1510 2325 1611 2373 me,
1658 2326 1722 2364 ac
1753 2310 1944 2376 uidete,
1994 2316 2121 2384 quia

549 2412 761 2449 carnem
793 2413 856 2449 ac
896 2412 1020 2450 ossa
1065 2397 1231 2452 habeo
1260 2400 1332 2463 ",
1381 2414 1485 2454 non
1532 2399 1737 2457 ChrlSli
1782 2404 2122 2462 adversarios

554 2504 617 2541 at:
653 2488 1005 2543 antichristus
1059 2490 1191 2544 istos
1234 2490 1609 2562 appellaverit,
1645 2495 1735 2563 qui
1774 2495 1892 2565 ejus
1923 2507 2122 2567 negent

551 2593 794 2643 carnem,
830 2593 893 2633 ac
930 2580 1101 2633 instar
1133 2591 1296 2648 guttae
1330 2583 1506 2640 mellis
1555 2593 1651 2639 aut
1693 2587 1853 2652 aceti,
1904 2587 2122 2643 deitatls

550 2670 738 2741 pelago
771 2672 1071 2727 demersam
1097 2675 1302 2739 dicant,
1328 2684 1493 2746 atque
1522 2677 1867 2746 inuisibilem,
1899 2694 1965 2736 ac
2001 2681 2121 2736 sine

548 2764 848 2820 substantia
875 2779 998 2822 esse
1027 2764 1226 2823 factam
1256 2767 1529 2825 doceant?

622 2950 712 3007 ill.
750 2952 886 3019 Quis
936 2954 1174 3022 iterum,
1221 2957 1396 3028 ipsum
1448 2961 1671 3019 audiens
1717 2962 2004 3021 Dominum
2056 2981 2121 3024 ac

550 3044 718 3098 Deum
742 3056 989 3101 nostrum
1012 3048 1302 3115 dicentem,
1328 3049 1453 3119 quia
1519 3052 1645 3109 Veni
1686 3057 1920 3111 animum
1949 3076 2117 3115 meam

2232 1935 2452 2007 ματίσει
2501 1937 2716 2007 ἡμέρας
2770 1935 2865 1991 καὶ
2906 1938 3121 2002 νυκτὸς,
3161 1938 3292 2009 μῑαν
3334 1940 3497 2008 φύσιν
3517 1938 3648 2009 ὃλην
3687 1938 3805 1991 θεό-

2226 2046 2366 2097 τητα
2407 2030 2466 2084 ἐν
2508 2029 2734 2100 Χριστῷ
2781 2031 3174 2103 κηρύττοντας,
3206 2032 3299 2086 καὶ
3347 2032 3406 2085 τὸ
3430 2033 3602 2103 ἥμισυ
3634 2029 3803 2085 αὐτοῦ

2226 2121 2474 2191 ἀπαρνου
2483 2119 2678 2189 μένους
2708 2137 2722 2187 ;

2298 2211 2371 2264 B’.
2406 2212 2502 2278 Τίς
2532 2212 2747 2266 ἀκούων
2782 2210 2879 2266 τοῦ
2925 2210 3164 2283 Χριστοῦ
3211 2213 3347 2285 μετά
3378 2213 3475 2285 τὴν
3502 2214 3801 2269 ἀνάστασιν

2226 2304 2479 2373 λέγοντος
2528 2308 2639 2369 τοῖς
2679 2305 3002 2371 ἀποστόλοις
3028 2319 3044 2335 ’
3085 2306 3499 2376 Ψηλαφθξσατέ
3542 2324 3646 2377 μοι
3698 2308 3798 2361 καὶ

2227 2397 2383 2452 loses
2404 2441 2418 2465 ,
2452 2397 2538 2452 ὅτι
2564 2398 2764 2468 σάρκα
2790 2399 2908 2469 ἔχω
2934 2402 3033 2454 καὶ
3069 2399 3220 2457 ὀστᾶ
3246 2419 3258 2431 ·
3296 2402 3355 2453 ού
3396 2415 3800 2471 χριστομαχους

2226 2489 2451 2553 τούτους
2507 2492 2605 2544 καὶ
2667 2490 3045 2562 ἀντιχρίστους
3087 2493 3437 2556 ἀποκαλέσει,
3491 2495 3590 2563 τὴν
3620 2492 3797 2561 σάρκα

2225 2582 2393 2637 αὐτοῦ
2419 2583 2811 2655 ἀρνουμένους,
2837 2587 2929 2638 καὶ
2952 2586 3026 2648 ὡς
3052 2586 3290 2655 σταγόνα
3315 2584 3535 2654 μέλιτος
3559 2586 3591 2655 ἢ
3615 2584 3792 2650 ὄξους,

2224 2676 2285 2729 ιν
2313 2673 2392 2745 τῷ
2425 2675 2653 2744 πελάγει
2714 2677 2811 2748 τῆς
2845 2675 3098 2748 θεότητος
3154 2679 3658 2747 καταποντισθῆναι
3707 2679 3796 2732 λέ-

2225 2782 2442 2835 γοντας,
2480 2766 2578 2820 καὶ
2609 2769 2864 2837 ἀόρατον,
2893 2769 2988 2821 aiat
3016 2767 3289 2831 ἀνούσιον,
3320 2776 3414 2821 καὶ
3441 2767 3795 2837 ἀνύπαρκτον

2225 2860 2557 2931 γεγενῆσθαι
2591 2858 2959 2933 κηρύττοντας
2982 2876 2999 2928 ;

2300 2951 2375 3009 F'.
2412 2952 2513 3014 Τίς
2566 2950 2784 3005 ἀκούων
2843 2949 3008 3004 πάλιν
3067 2948 3235 3003 αὑτοῦ
3293 2947 3391 3003 τοῦ
3438 2947 3647 3019 Κυρίου
3700 2947 3798 3001 καὶ

2224 3041 2361 3097 Θεοῦ
2381 3043 2538 3114 ἡμῶν
2566 3042 2839 3111 λέγοντος,
2858 3043 2936 3095 ὅτι
2958 3040 3182 3099 Ἦλθον
3209 3037 3422 3111 ψυχήν
3441 3058 3563 3111 μου
3587 3037 3798 3093 δοῦναι

550 3138 683 3189 dare
716 3137 1127 3207 redemptionem
1156 3156 1253 3209 pro
1282 3142 1467 3199 multis
1489 3145 1536 3178 "
1567 3163 1583 3213 ;
1617 3160 1683 3202 ac
1709 3163 1726 3201 :
1754 3148 1866 3219 Ego
1892 3152 2123 3206 animam

2227 3136 2456 3203 λύτρον
2476 3135 2611 3189 ἀντὶ
2649 3130 2899 3189 πολλῶν
2924 3151 2939 3166 ν
2973 3137 3071 3187 καὶ
3096 3173 3110 3198 ,
3145 3134 3226 3187 ὅτι
3269 3131 3418 3202 Ἐγὼ
3444 3130 3558 3200 τὴν
3584 3133 3798 3201 ψυχήν

553 3242 721 3281 meam
750 3245 885 3297 pono
915 3247 1011 3298 pro
1045 3233 1228 3288 ovibus
1262 3235 1391 3288 meis
1417 3235 1484 3302 ²⁶;
1523 3245 1611 3292 et:
1643 3236 1811 3295 Panis
1845 3259 2000 3310 quem
2028 3259 2123 3313 ego

551 3320 712 3383 dabo,
768 3337 895 3373 caro
948 3337 1064 3376 mea
1115 3333 1229 3389 est,
1279 3340 1438 3396 quam
1476 3342 1569 3397 ego
1613 3327 1751 3382 dabo
1798 3346 1894 3397 pro
1938 3334 2123 3389 mundi

550 3411 661 3464 vita
685 3411 768 3468 ’ἰ
800 3410 1041 3482 itemque
1068 3412 1341 3470 dicentem
1374 3418 1439 3471 ad
1468 3416 1683 3475 Judmos
1712 3438 1727 3476 :
1757 3419 1951 3478 Solvite
1993 3434 2126 3479 tem-

550 3502 697 3569 plum
725 3504 843 3569 Itoc,
872 3516 920 3558 et
945 3506 999 3559 in
1032 3507 1200 3562 tribus
1243 3508 1425 3564 diebus
1469 3513 1706 3568 excitabo
1736 3515 1873 3570 illud
1899 3516 1947 3551 "
1974 3534 1991 3573 :
2017 3534 2124 3575 non

553 3591 713 3657 istos,
747 3604 801 3648 ut
840 3593 933 3649 Del
967 3596 1154 3654 hostes
1186 3602 1583 3666 essecrabitur.
1628 3620 1693 3658 ac
1726 3606 2122 3676 adversabitur,

552 3686 645 3756 qui
679 3686 882 3742 Christi
914 3689 1166 3746 deitatem
1215 3707 1319 3746 una
1360 3709 1480 3748 cum
1524 3711 1689 3753 carne
1728 3700 2036 3767 passibilem
2062 3716 2127 3757 ac

555 3774 864 3842 mortalem,
900 3777 1045 3833 sicut
1078 3779 1264 3847 Arius,
1315 3781 1715 3853 blasphemeut,
1764 3788 2047 3860 ipsumque
2092 3806 2123 3847 a

551 3865 715 3922 Patre
744 3870 1040 3940 separent?

624 4046 715 4105 iV.
747 4047 883 4115 Quis
940 4060 1162 4108 sanctos
1215 4055 1488 4124 apostolos
1540 4057 1804 4127 audiens,
1860 4060 2124 4123 Joannem

556 4137 917 4211 Theologum,
946 4157 1008 4197 ac
1042 4159 1292 4215 magnum
1320 4146 1545 4204 Paulqu
1573 4166 1588 4204 :
1631 4149 1782 4207 illum
1827 4155 2044 4224 quidem
2073 4160 2124 4217 in

556 4230 846 4301 Evangelia
878 4234 1145 4290 dicentem
1182 4254 1196 4291 :
1242 4237 1463 4295 Verbum
1503 4260 1630 4298 caro
1676 4246 1876 4317 factum
1915 4265 2029 4315 est,
2076 4263 2128 4307 et

552 4321 809 4376 habitarit
838 4326 895 4378 in
946 4328 1095 4382 nobis
1120 4327 1201 4394 ”;
1254 4329 1397 4387 hunc
1450 4344 1629 4389 autem
1693 4342 1759 4392 ad
1812 4339 2125 4399 Corinthios

550 4416 906 4483 scribentem,
935 4429 991 4473 et
1018 4421 1070 4475 in
1102 4422 1215 4476 haec
1248 4425 1407 4479 verba
1443 4443 1541 4482 nos
1573 4430 1934 4501 alloqucntem
1966 4453 1979 4489 :
2023 4435 2123 4490 Vos

2203 3258 2210 3265 -
2220 3246 2339 3299 μου
2375 3230 2576 3298 τίθημι
2605 3226 2759 3296 ὑπὲρ
2796 3225 2917 3281 τῶν
2953 3226 3265 3295 προϐάτων
3281 3243 3399 3296 μου
3425 3242 3440 3258 ·
3472 3224 3563 3278 καὶ
3597 3226 3705 3286 ὃτι,
3744 3227 3799 3277 ’0

2224 3321 2406 3391 ἄρτος
2436 3320 2508 3374 ὃν
2536 3318 2651 3390 ἐγὼ
2683 3320 2855 3373 δώσω
2884 3361 2900 3387 ,
2934 3320 2972 3387 ἡ
3010 3318 3165 3389 σάρξ
3187 3319 3307 3388 μού
3343 3319 3534 3385 ἐστιν,
3570 3316 3650 3385 ἦν
3685 3316 3804 3387 ἐγὼ

2223 3413 2396 3467 δώσω
2424 3410 2579 3485 ὑπὲρ
2601 3410 2715 3481 τῆς
2754 3411 2857 3466 τοῦ
2885 3412 3121 3481 κόσμου
3152 3409 3303 3481 ζωῆς
3328 3427 3343 3444 ·
3376 3412 3470 3466 καὶ
3497 3412 3634 3483 πρὸς
3664 3412 3801 3466 ἰουο

2224 3506 2411 3569 ὁσίους
2438 3506 2699 3573 λέγοντος
2718 3522 2731 3539 ·
2768 3505 3007 3560 Λύσατε
3040 3504 3149 3559 τὸν
3178 3506 3328 3558 ναὸν
3349 3504 3586 3569 τοῦτον,
3611 3502 3803 3558 καὶέν·

2227 3597 2431 3667 τρισὶν
2460 3596 2709 3667 ἡμέραις
2742 3596 2924 3668 ἐτερῶ
2955 3597 3143 3651 αὐτόν
3162 3612 3179 3628 ο
3208 3594 3268 3648 ού
3299 3593 3648 3667 βδελύσσεται
3677 3595 3807 3650 τοεὲ-

2223 3707 2351 3755 τους
2380 3690 2457 3753 ὡς
2490 3688 2794 3760 θεομάχους
2829 3690 2923 3742 καὶ
2948 3687 3382 3758 ἀποστρέφεται,
3417 3686 3673 3758 παθητὴν
3702 3687 3804 3742 καὶ

2226 3784 2430 3854 θνητὴν
2473 3782 2572 3853 τὴν
2621 3782 2856 3852 θεότητα
2899 3780 3140 3852 Χριστοῦ
3185 3783 3285 3836 σὺν
3322 3784 3389 3853 τῇ
3426 3781 3593 3850 σαρκὶ
3623 3779 3800 3852 βλασο

2225 3875 2569 3946 φημοῖητας,
2613 3874 2688 3939 ὠς
2732 3877 2761 3930 ὁ
2810 3876 3050 3947 Ἄρειος,
3094 3875 3188 3929 καὶ
3229 3872 3322 3928 τοῦ
3373 3874 3586 3946 Πατρδς
3634 3874 3803 3928 αὑτὸν

2225 3967 2667 4038 ἀποχωρίςοντας
2694 3983 2711 4035 ;

2294 4062 2369 4114 A'.
2406 4060 2500 4124 Τίς
2532 4060 2752 4115 ἀκούων
2797 4059 2905 4115 τῶν
2946 4060 3122 4130 ἁγίων
3162 4062 3501 4129 ἀποστόλων,
3548 4062 3801 4116 Ἰωάννου

2223 4153 2321 4207 τοῦ
2366 4153 2655 4225 Θεολόγου,
2705 4155 2801 4207 καὶ
2844 4154 2943 4207 τοῦ
2980 4154 3223 4226 μεγάλου
3255 4154 3508 4209 Παύλουο
3541 4156 3637 4208 τοῦ
3695 4153 3799 4223 μὲν

2224 4244 2477 4313 λέγοντος
2531 4247 2591 4298 ἑν
2642 4244 2721 4316 τῷ
2773 4244 3121 4317 Εύαγγελίῳ,
3153 4246 3237 4301 ὅτι
3274 4246 3340 4301 Ὀ
3390 4246 3583 4317 Λόγος
3639 4244 3800 4315 σὰρξ

2224 4338 2485 4408 ἐγένετο,
2538 4338 2636 4394 καὶ
2692 4338 3048 4405 ἐσκήνωσεν
3090 4340 3161 4394 ἐν
3201 4337 3351 4409 ἡμῖν
3386 4358 3399 4373 ·
3453 4340 3549 4392 τοῦ
3579 4340 3635 4393 δι
3663 4340 3801 4409 γρά-

2228 4450 2417 4503 φοντος
2453 4434 2549 4487 καὶ
2577 4434 2711 4503 πρὸς
2744 4435 2890 4504 ἡμᾶς
2922 4433 2982 4487 λέ
2994 4451 3197 4502 γοντοςσ
3234 4434 3433 4504 Ὑμεῖς
3461 4433 3604 4490 ἐστε
3625 4433 3799 4504 σῶμα

549 4507 675 4561 estis
709 4525 897 4578 corpus
950 4509 1175 4580 Christi,
1230 4533 1292 4570 ac
1330 4524 1557 4572 membra
1606 4537 1670 4574 ea:
1713 4537 1861 4588 parte
1887 4525 1966 4592 ³⁹;
2017 4536 2116 4584 et:

2224 4524 2498 4594 Χριστοῦ,
2523 4526 2618 4579 καὶ
2646 4526 2802 4595 μέλη
2825 4528 2893 4579 ἐκ
2913 4528 3158 4593 μέρους’
3183 4527 3298 4590 καὶ,
3325 4528 3407 4581 ὅτι
3434 4528 3510 4581 Τὰ
3548 4530 3796 4595 σώματα

551 4602 787 4668 Corpora
842 4614 1011 4657 vestra
1044 4607 1275 4659 membra
1323 4622 1442 4663 sunt
1490 4612 1690 4667 Christi
1722 4615 1764 4647 ³¹
1784 4634 1805 4682 ;
1838 4627 1892 4670 et
1924 4635 1938 4671 :
1971 4617 2125 4674 Citri-

2221 4618 2391 4685 ὑμῶν
2422 4619 2578 4689 μέλη
2605 4619 2866 4685 Χριστοῦ
2893 4620 3068 4673 ἐστιν
3096 4636 3111 4651 ο
3149 4621 3240 4673 καὶ
3262 4658 3277 4682 ,
3311 4620 3393 4673 ὃτι
3429 4620 3494 4674 '0
3536 4618 3795 4689 Χριστὸς

552 4701 661 4744 stus
690 4710 782 4759 per
810 4696 985 4748 omnia
1011 4695 1187 4764 [actus
1217 4711 1294 4753 est
1323 4702 1471 4756 nobis
1496 4705 1686 4759 similis
1715 4709 1893 4772 homo,
1929 4710 2123 4783 absque

2224 4712 2372 4763 κατὰ
2403 4713 2600 4763 πάντα
2634 4711 2771 4776 ἴσος
2822 4708 2964 4780 ἡμῖν
3005 4711 3174 4765 ἐστιν
3213 4710 3523 4781 ἅνθρωπος
3546 4750 3563 4777 ,
3616 4711 3795 4782 χωρὶς

549 4797 759 4853 peccato
788 4787 868 4853 ";
901 4803 1007 4843 non
1037 4794 1256 4847 danmet
1283 4794 1476 4849 horum
1507 4800 1868 4855 temeritatem
1913 4817 1977 4858 ac
2014 4820 2123 4860 ne-

2228 4802 2519 4871 άμαρτίας
2553 4817 2566 4831 ·
2596 4803 2656 4854 ού
2695 4800 3099 4870 καταγινώσκει
3129 4804 3335 4874 τόλμης
3377 4806 3471 4858 καὶ
3508 4806 3793 4876 ἀρνήσεως

551 4878 857 4946 gationem;
889 4890 948 4935 ut
975 4880 1227 4937 Christus
1263 4887 1492 4940 mortale
1518 4904 1714 4959 corpus
1746 4907 1807 4945 ac
1837 4893 2121 4961 passibile,

2224 4894 2433 4947 τούτων
2460 4911 2473 4924 ·
2500 4896 2586 4947 ὅτι
2633 4894 2797 4963 σῶμα
2854 4893 3049 4964 θνητὸν
3088 4895 3184 4949 καὶ
3215 4896 3474 4966 φθαρτὸν,
3523 4896 3620 4951 καὶ
3661 4898 3793 4967 ἡμῖν

549 4968 899 5040 ejusdemque
928 4973 1206 5027 nobiscum
1240 4976 1559 5033 substantia:
1588 4996 1697 5035 non
1727 4984 2123 5053 assumpserit:

2224 4984 2544 5055 ὁμοούσιον,
2576 4985 2605 5038 ὁ
2636 4985 2873 5057 Χριστὸς
2902 4988 3004 5040 οὐκ
3036 4986 3299 5042 ἀνέλαϐεν
3326 5003 3341 5019 ⁶
3374 4987 3492 5043 ἀλλ’
3516 4987 3795 5059 ἄφθαρτον

549 5062 644 5114 sed
685 5073 884 5129 corpus
927 5061 1166 5118 immune
1206 5080 1237 5119 a
1290 5072 1646 5137 corruptione
1705 5082 1759 5127 et
1801 5072 2123 5141 immortale,

2227 5076 2391 5147 σῶμα
2438 5077 2535 5130 καὶ
2583 5077 2851 5130 ἀθάνατον
2873 5117 2889 5145 ,
2920 5079 3017 5132 καὶ
3044 5080 3300 5150 ἀνόμοιον
3332 5080 3483 5151 ἡμῖν,
3513 5080 3609 5134 καὶ
3639 5079 3796 5134 ἀλλό-

552 5162 845 5221 nostroque
866 5153 1156 5222 dissimile,
1188 5172 1250 5213 ac
1278 5158 1516 5214 alienum
1541 5162 1610 5216 ab
1632 5163 1853 5218 humani
1883 5170 2123 5236 corporis

2224 5184 2413 5240 τριον;
2443 5166 2633 5223 Ταῦτα
2659 5170 2769 5241 γὰρ
2809 5168 3064 5237 λέγοντας
3104 5172 3156 5226 οι
3206 5170 3489 5243 θεομάχοι,
3536 5171 3663 5228 οὔτε
3700 5173 3796 5227 τὸν

551 5245 800 5301 ratione?
832 5246 933 5314 Qui
978 5251 1122 5304 enim
1156 5252 1271 5306 haec
1305 5253 1489 5308 dicant
1517 5253 1609 5309 Dei
1659 5256 1981 5325 adversarii,
2028 5276 2123 5316 nec

2228 5262 2402 5329 Λόγον
2439 5263 2622 5333 σάρκα
2650 5262 2968 5330 γεγονέναι,
3010 5264 3105 5316 καὶ
3154 5265 3211 5317 ἐν
3245 5265 3378 5336 ήμῐν
3422 5264 3795 5337 ἐσκηνωκιναι

552 5336 786 5394 Verbum
816 5357 1038 5396 carnem
1081 5341 1283 5399 factum
1335 5347 1582 5411 credunt,
1632 5356 1687 5402 et
1732 5348 2010 5407 habitasse
2061 5354 2114 5408 in

2227 5354 2583 5409 πιστεύουσιν
2610 5372 2624 5385 ·
2659 5354 2783 5409 οὔτε
2828 5357 2973 5428 ἡμᾶς
3025 5359 3187 5432 σῶμα
3226 5359 3468 5429 Χριστοῦ
3534 5336 3627 5415 διαὶ
3656 5361 3791 5431 μέλη

548 5431 727 5497 nobis.
755 5446 854 5487 nec
884 5449 979 5488 nos
1010 5435 1212 5489 Christi
1243 5450 1440 5507 corpus
1474 5449 1529 5493 et
1555 5442 1795 5496 membra
1826 5454 2113 5511 asserunt;

2226 5445 2595 5516 κηρύττουσιν
2621 5464 2635 5479 ·
2689 5448 2828 5504 ἀλλὰ
2882 5452 2976 5505 καὶ
3023 5455 3151 5517 τοὺς
3182 5454 3513 5518 ἀποστόλους
3551 5454 3795 5525 ψεύστας

545 5537 678 5593 qum
717 5525 881 5580 etiam
927 5527 1197 5593 apostolos
1240 5530 1527 5585 mendaces
1581 5546 1645 5587 ac
1687 5534 2000 5590 seductores
2032 5534 2116 5589 la-

2229 5538 2325 5591 καὶ
2371 5539 2609 5605 πλάνους
2656 5540 2869 5613 ἔχουσιν
2895 5560 2907 5575 ·
2950 5541 3074 5597 οὔτε
3109 5545 3200 5599 τὸν
3229 5547 3465 5619 Χριστὸν
3508 5548 3795 5617 ὁμοούσιον

622 5710 842 5793 'f_Luc._
869 5728 1020 5793 asty.
1050 5712 1139 5767 39.
1216 5713 1488 5793 '_"_Matt_h_.
1520 5730 1616 5793 ξι,
1650 5713 1743 5769 28.
1793 5718 1868 5793 __’_'
1902 5717 2063 5793 ὅσοι).
2099 5734 2129 5793 s
2153 5758 2167 5785 ,
2206 5719 2292 5773 Π.
2369 5723 2413 5755 ’⁷
2448 5720 2604 5780 Joau.
2643 5741 2728 5793 vr,
2776 5725 2863 5782 52.

551 5799 604 5853 ι,
641 5784 727 5840 ib.
802 5785 844 5816 '°
880 5783 901 5837 l
934 5785 1062 5839 Cor.
1098 5800 1195 5857 stt,
1223 5786 1314 5840 27.
1390 5787 1429 5819 "
1469 5786 1639 5843 lCur.
1679 5804 1750 5853 vt,
1780 5788 1866 5845 45.
1942 5790 1987 5823 ⁸⁸
2019 5788 2123 5846 llcb

2224 5793 2409 5859 H315.

2969 5728 3014 5761 ³⁸
3052 5724 3209 5787 Joan.
3251 5743 3331 5796 11,
3368 5727 3455 5785 l9.
3550 5727 3597 5760 "
3630 5726 3793 5784 Joan.
