4076 6212
415 204 478 253 15
1541 191 1915 249 REGINONIS
1955 192 2366 248 PBUMIENSIS
2403 195 2716 250 ABBATIS.
3766 201 3820 254 16

404 323 744 377 nostrorum
779 317 1148 390 temporibus
1163 316 1365 372 litteris
1391 315 2057 389 comprehendi,vestrae
2096 320 2142 370 Α
2170 315 2266 371 lus
2311 315 2388 373 ad
2417 317 2544 374 haec
2586 317 2790 374 litteris
2822 319 3176 377 mandanda
3207 321 3459 377 idoneus
3501 321 3774 378 inventus
3805 324 3822 355 ⁵

408 407 696 479 singulari
734 406 1066 480 prudentiae
1113 405 1583 462 examinandam
1622 404 1943 471 transmisi,
2002 409 2067 461 ut

405 503 603 555 vestro
632 496 962 570 perspicaci
987 494 1212 565 judicio
1243 500 1346 551 aut
1375 495 1761 568 approbetur,
1796 499 1900 550 aut
1928 510 2066 549 con-

407 588 740 644 demnetur.
776 588 968 651 Quam
993 583 1056 638 in
1093 583 1334 640 duobus
1363 584 1574 639 libellis
1604 583 1865 651 distinxi,
1898 600 2064 639 exor-

407 678 577 734 dium
603 675 845 748 capiens
871 690 908 730 a
937 673 1134 746 primo
1162 673 1585 730 incarnationis
1615 673 1933 728 Dominicm
1965 689 2065 728 an-

407 782 508 832 no,
541 769 595 820 et
624 779 1058 819 consummans
1090 768 1354 835 emptum
1398 779 1552 835 opus
1596 778 1788 833 usque
1815 762 1877 816 in
1915 777 2064 833 prae-

408 858 636 909 sentem
682 869 933 920 annum,
965 853 1068 923 qui
1100 857 1479 924 computatur
1509 867 1544 907 a
1587 850 1833 923 praefata
1870 849 2064 906 incar-

406 943 648 999 natione
675 942 909 998 Domini
933 942 1427 1012 nongentesimus
1450 946 1718 997 octavus.
1747 939 2065 1009 Indignum

409 1033 627 1089 etenim
674 1032 821 1088 mihi
845 1032 1044 1086 visum
1084 1036 1193 1098 est,
1227 1035 1289 1087 ut
1313 1048 1451 1086 cum
1483 1030 1886 1097 Hebraeorum,
1917 1032 2064 1086 Grae-

409 1137 619 1178 corum
651 1126 707 1177 et
733 1125 1164 1191 Romanorum,
1189 1120 1564 1192 aliarumque
1595 1119 1862 1190 gentium
1884 1118 2065 1174 histo-

408 1210 713 1284 riographi
741 1227 835 1265 res
863 1210 924 1265 in
954 1209 1164 1264 diebus
1216 1209 1341 1264 suis
1393 1213 1559 1279 gesta
1603 1207 1834 1280 scriptis
1873 1223 2064 1280 usque

411 1301 490 1355 ad
535 1304 802 1356 nostram
859 1299 1129 1355 notitiam
1181 1299 1639 1367 transmiserint,
1691 1297 1765 1353 de
1821 1297 2062 1360 nostris,

409 1405 764 1462 quanquam
794 1388 971 1456 longe
1002 1388 1399 1454 inferioribus,
1431 1386 1800 1458 temporibus
1819 1385 1901 1441 ita
1930 1401 2065 1458 per-

409 1484 659 1551 petuum
703 1478 1002 1532 silentium
1034 1476 1126 1547 sit,
1156 1482 1220 1532 ut
1268 1477 1441 1552 quasi
1484 1477 1545 1530 in
1589 1475 1801 1531 diebus
1846 1475 2066 1531 nostris

413 1571 517 1623 aut
541 1565 858 1620 hominum
890 1565 1042 1620 actio
1074 1565 1412 1631 cessaverit,
1450 1569 1554 1620 aut
1579 1563 1846 1620 fortassis
1875 1565 1959 1619 nil
1985 1564 2070 1619 di-

2173 404 2368 475 fuerit,
2413 408 2658 463 notariis
2708 410 2728 442 ⁵
2776 424 2884 481 per
2926 409 3221 467 incuriam
3267 411 3387 466 otio
3441 411 3821 482 torpentibus.

2173 496 2296 551 Hac
2321 495 2521 568 itaque
2547 499 2623 554 de
2657 516 2839 555 causa
2869 516 2990 554 non
3026 516 3243 572 passus
3271 518 3408 556 sum
3437 506 3710 574 tempora
3732 517 3825 574 pa-

2174 590 2331 641 trum
2367 591 2709 644 nostrorum
2736 593 2792 644 et
2819 594 3024 646 nostra
3054 607 3161 662 per
3199 591 3403 646 omnia
3439 590 3661 646 intacta
3689 607 3826 662 prm-

2174 674 2364 739 terire,
2399 676 2505 731 sed
2550 693 2620 733 ex
2673 678 2874 734 multis
2907 695 3103 752 pauca
3152 685 3358 737 notare
3389 680 3614 749 curavi,
3647 685 3703 735 et
3730 679 3825 735 ubi

2175 765 2254 821 ad
2283 768 2595 838 praesentia
2639 773 2910 840 tempora
2939 775 3187 825 ventum
3217 776 3326 838 est,
3361 770 3513 842 stylo
3544 774 3825 843 tempera-

2173 854 2230 909 vi
2261 859 2504 927 propter
2531 857 2937 928 quorumdaui
2970 858 3266 914 offensam
3309 859 3414 931 qui
3457 859 3655 914 adhuc
3700 863 3829 914 sunt

2175 944 2537 1016 superstites,
2571 945 2746 1001 latius
2775 946 2903 1001 haec
2955 948 3205 1019 posteris
3237 947 3619 1021 exsequenda
3665 947 3828 1003 relin-

2174 1047 2385 1104 quens.
2416 1035 2674 1107 Accipite
2706 1051 2848 1104 ergo
2878 1036 2992 1091 hoc
3027 1053 3278 1108 parvum
3307 1036 3733 1092 munusculum
3763 1053 3828 1092 ea

2172 1120 2539 1191 benignitate
2569 1139 2692 1195 qua
2723 1124 3040 1180 devotione
3071 1126 3321 1182 missum
3353 1131 3443 1182 est
3468 1142 3504 1182 a
3534 1143 3670 1182 mea
3699 1143 3827 1199 par-

2173 1209 2370 1266 vitate.
2405 1214 2467 1265 In
2499 1211 2659 1266 calce
2708 1217 2910 1268 autem
2950 1213 3202 1270 obsecro
3249 1215 3554 1284 lectorem,
3590 1221 3652 1270 ut
3683 1215 3728 1269 si
3755 1215 3830 1271 illi

2174 1297 2304 1353 hac
2324 1297 2483 1355 dicta
2512 1304 2720 1355 nostra
2747 1301 3192 1376 qualiacunque
3223 1303 3357 1370 sint,
3398 1303 3748 1376 placuerint.
3779 1309 3830 1359 et

2177 1402 2248 1442 ea
2305 1387 2417 1442 sibi
2464 1387 2720 1444 describi
2773 1389 3044 1460 voluerit,
3105 1391 3262 1446 hanc
3317 1393 3825 1464 praefatiunculam

2175 1476 2515 1532 nullatenus
2553 1479 2785 1534 omittat
2814 1479 2982 1551 [quin
3016 1482 3034 1512 τ
3065 1495 3200 1535 eam
3245 1481 3304 1535 in
3332 1481 3523 1553 prima
3551 1481 3739 1537 fronte
3763 1482 3825 1536 li-

2175 1566 2316 1623 belli
2347 1567 2622 1624 adnotari
2652 1569 2870 1640 faciat.]
2903 1570 3160 1626 Gloriam
3205 1571 3570 1626 celsitudinis
3621 1578 3826 1627 vestrae

414 1670 597 1725 gnum
632 1654 799 1727 quod
822 1653 1125 1709 memoriae
1155 1653 1328 1708 fuerit
1352 1653 1906 1710 commendandum
1935 1646 2067 1724 ege-
2106 1673 2146 1727 Β
2173 1655 2503 1712 multorum
2533 1657 2882 1715 utilitatibus
2931 1660 3306 1731 profuturam
3347 1677 3607 1734 superna
3638 1661 3825 1734 provi-

412 1745 548 1813 rint,
581 1748 685 1801 aut
714 1743 763 1799 si
792 1759 885 1800 res
915 1743 1108 1813 dignae
1150 1748 1488 1799 memoratu
1517 1748 1696 1814 gestae
1747 1746 1904 1812 sunt,
1935 1743 2064 1798 nul-

2173 1744 2376 1802 dentia
2399 1745 2503 1801 diu
2533 1746 2897 1804 incolumem
2928 1765 3282 1806 conservare
3307 1749 3604 1819 dignetur.

1803 1869 2053 1923 EXPLIClT
2091 1884 2378 1925 merum
2408 1871 2448 1925 ⁸.

1780 2048 2013 2103 νΑΒΙιιΕ
2054 2046 2457 2105 LECTIONES.

490 2158 509 2189 ³
537 2155 816 2210 inventus
848 2154 1021 2210 fuerit
1049 2154 1334 2224 notarius,
1369 2169 1475 2225 per
1502 2160 1553 2207 6.
1669 2153 2006 2225 6notarius.
2053 2195 2064 2207 .

2112 2195 2124 2208 .
2167 2159 2410 2210 torpens
2444 2162 2495 2209 7.

2613 2159 2806 2240 παρίῃ
2838 2175 2977 2239 eam
3018 2201 3029 2213 .
3191 2158 3368 2240 faciat
3417 2158 3656 2240 deest},
3694 2163 3745 2227 '2,
3775 2164 3824 2214 3.

419 2229 439 2259 ⁸
466 2225 704 2297 explicit
719 2225 1020 2298 praefatio.
1047 2225 1202 2298 Multi
1229 2223 1534 2280 decertant
1564 2228 1620 2298 et
1649 2224 1847 2298 adhuc
1879 2225 1992 2280 Sub
2017 2223 2217 2296 judice
2247 2223 2318 2298 lis
2349 2230 2456 2296 est,
2491 2223 2749 2284 Femiriei
2780 2229 3012 2298 generis
3047 2229 3132 2284 vel
3163 2230 3354 2285 neutri
3387 2229 3668 2284 chronica
3690 2223 3826 2285 con-

399 2296 592 2362 stent,
627 2296 750 2352 Sed
768 2296 945 2352 nobis
975 2297 1184 2369 pocius
1213 2300 1424 2353 neutro
1457 2296 1720 2367 proferre
1750 2296 2001 2352 Videtur.
2034 2298 2122 2353 ita
2150 2297 2338 2353 codex
2370 2302 2420 2352 2.

1464 2737 2017 2856 INCIPIT
2105 2735 2804 2854 LIBELLUS

836 3005 966 3140 DE
1092 3004 1770 3140 l‘EMPORlBUS
1867 3003 2416 3141 DOMINIGIE
2512 3000 3435 3139 INUARNATIONIS.

482 3438 652 3489 Anno
701 3432 932 3506 imperii
969 3431 1274 3489 Octaviani
1317 3431 1564 3488 Caesaris
1594 3429 2061 3504 quadragesimo
2101 3432 2140 3486 C
2244 3425 2607 3482 Duodecimo
2639 3441 2761 3480 suae
2786 3424 2974 3482 aetatis
3005 3440 3166 3480 anno
3197 3425 3484 3480 Dominus
3513 3429 3680 3481 Jesus
3712 3426 3834 3482 Hie-

411 3523 676 3579 secundo
739 3526 906 3578 Jesus
965 3521 1245 3588 Christus,
1304 3521 1481 3576 Filius
1531 3520 1654 3588 Dei,
1709 3523 1886 3575 natus
1952 3522 2061 3573 est.

410 3613 631 3669 Eadem
676 3616 846 3668 nocte
878 3611 955 3668 ab
996 3610 1224 3680 angelis
1253 3609 1711 3680 evangelizatur,
1745 3625 1781 3663 a
1810 3606 2064 3680 pastori-

406 3701 522 3758 bus
552 3702 842 3771 visitatur,
873 3706 1085 3758 octava
1112 3700 1206 3755 die
1231 3699 1693 3766 circumciditur,
1720 3697 1889 3754 tertio
1910 3695 2066 3752 deci-

407 3807 510 3845 mo
539 3791 655 3857 die,
689 3790 855 3845 stella
883 3791 1056 3856 duce,
1090 3805 1124 3844 a
1153 3789 1346 3857 magis
1369 3789 1674 3853 adoratur,
1706 3792 1763 3843 et
1793 3786 2064 3858 mysticis

408 3878 762 3934 muneribus
795 3877 1168 3948 praedicatur.
1198 3876 1669 3944 Quadragesimo
1699 3876 1794 3930 die
1822 3875 1884 3929 in
1914 3880 2062 3930 tem-

410 3967 581 4041 plum
638 3982 775 4020 cum
824 3965 1125 4021 oblatione
1167 3981 1202 4020 a
1254 3963 1602 4036 parentibus
1655 3962 1973 4028 inducitur,
2029 3979 2066 4018 a

413 4059 708 4129 Symeone
739 4053 1075 4125 suscipitur,
1101 4053 1178 4108 ab
1200 4055 1373 4108 Anna
1397 4050 1910 4122 agnoscitur,post
1937 4051 2063 4105 haec

409 4145 470 4201 in
501 4148 820 4218 Egyptum
851 4144 1214 4215 deportatur,
1248 4142 1351 4197 ubi
1376 4145 1579 4197 manet
1609 4157 1802 4213 usque
1835 4140 1913 4196 ad
1941 4139 2066 4195 obi-

410 4238 538 4289 tum
567 4232 834 4288 Herodis.

479 4329 652 4379 Anno
685 4321 1002 4378 Dominicae
1040 4319 1466 4376 incarnationis
1511 4319 1775 4376 secundo
1803 4317 2064 4374 Herodes

409 4414 649 4470 mittens
680 4414 742 4468 in
770 4410 1065 4486 Bethleem
1104 4414 1160 4466 et
1208 4410 1269 4466 in
1317 4410 1600 4466 omnibus
1642 4408 1864 4480 ﬁnibus
1913 4409 2062 4479 ejus,

406 4518 626 4577 pueros
673 4500 1021 4556 innocentes
1064 4497 1340 4570 jugulare
1387 4497 1684 4570 prmcepit.
1728 4498 1952 4553 Deinde
2003 4497 2066 4552 in

407 4591 767 4648 domesticos
816 4604 986 4645 arma
1016 4591 1388 4654 convertens,
1433 4586 1650 4642 inultos
1689 4586 1944 4659 perimit,
1973 4585 2063 4640 di-

406 4681 619 4736 lectam
651 4679 763 4735 sibi
796 4679 1114 4750 conjugem
1155 4677 1542 4733 Mariamnem
1573 4675 1876 4743 interfecit,
1910 4675 2064 4732 ﬁlios

2170 3517 2541 3588 rosolymam
2567 3513 2932 3582 conscendit,
2963 3513 3166 3587 ibique
3195 3514 3257 3569 in
3288 3514 3510 3587 templo
3541 3515 3601 3570 in
3634 3515 3834 3570 medio

2171 3605 2487 3660 doctorum
2518 3603 2805 3668 residens,
2836 3619 2872 3659 a
2901 3603 3250 3675 parentibus
3280 3609 3418 3677 post
3451 3603 3712 3660 triduum
3743 3604 3834 3660 in-

2172 3693 2426 3751 venitur.

2241 3789 2412 3840 Anno
2460 3781 2776 3839 Dominicae
2821 3781 3112 3839 incarnat.
3159 3788 3242 3839 15.
3279 3782 3606 3838 Archelaus
3664 3799 3700 3839 a
3739 3785 3840 3837 Ju-

2170 3872 2317 3928 deeis
2371 3871 2537 3945 apud
2588 3875 2880 3929 Caesarem
2929 3875 3273 3943 accusatus,
3321 3871 3380 3927 in
3411 3867 3702 3925 Viennam
3747 3886 3844 3925 ur—

2169 3959 2309 4015 bem
2340 3960 2537 4015 Galliae
2577 3961 2781 4015 exsilio
2834 3961 3149 4030 relegatur.
3185 3965 3456 4031 Regnum
3485 3959 3840 4015 Judaaorum

2170 4048 2321 4104 inter
2369 4052 2628 4118 quatuor
2656 4037 2864 4102 fratres
2920 4050 3049 4116 ejus
3099 4039 3412 4115 Herodem,
3443 4049 3839 4121 Antipatrem,

2172 4135 2450 4191 Lisanam
2479 4139 2535 4190 et
2564 4134 2902 4206 Philippum
2950 4134 3252 4190 dividitur.
3285 4140 3486 4193 Caesar
3531 4142 3840 4208 Augustus

2170 4229 2494 4298 postquam
2527 4227 2592 4278 56
2623 4222 2798 4278 annis
2825 4226 2883 4278 et
2913 4228 2943 4279 6
2976 4223 3283 4282 mensibus
3315 4229 3657 4280 Romanum
3689 4227 3844 4282 rexit

2171 4313 2514 4386 imperium,
2548 4311 2820 4368 moritur.

2245 4405 2419 4459 Anno
2448 4405 2616 4458 Dom.
2651 4401 2942 4458 incarnat.
2974 4407 3036 4459 l6
3064 4402 3328 4460 Tiberius
3356 4420 3607 4474 regnare
3639 4405 3843 4478 coepit,

2174 4497 2233 4550 et
2263 4491 2535 4562 regnavit
2565 4507 2758 4547 annos
2787 4496 2875 4548 26.

2245 4586 2419 4638 Anno
2452 4581 2771 4638 Dominicae
2814 4582 3244 4639 incarnationis
3273 4589 3337 4640 2'7
3370 4583 3588 4640 Pilatus
3614 4583 3845 4640 Judaaae

2172 4677 2525 4747 procurator
2556 4688 2592 4728 a
2621 4672 2850 4728 Tiberio
2873 4672 3159 4743 dirigitur.

406 4785 560 4841 quos
592 4785 665 4824 ex
695 4786 765 4825 ea
797 4770 1139 4839 susceperat
1158 4765 1562 4821 Aristobulum
1591 4765 2064 4821 ctAlexandrum
2104 4787 2146 4840 ι)
2245 4766 2418 4819 Anno
2450 4760 2772 4817 Dominicaa
2817 4763 3245 4819 incarnationis
3277 4769 3364 4831 30,
3392 4764 3605 4820 Tiberii
3636 4769 3847 4820 autem

404 4855 465 4910 in
513 4856 782 4912 Samaria
834 4854 1194 4926 strangulari
1244 4853 1434 4924 jubet,
1469 4852 1794 4908 novissime
1833 4853 2072 4926 Antipa-

406 4950 557 5001 trem
587 4963 661 5001 ex
693 4945 904 5000 Doside
931 4931 1161 5012 natum,
1195 4943 1564 4999 incentorem
1591 4948 1646 4998 et
1696 4942 2067 4998 insimulato-

404 5049 527 5089 rem
559 5033 832 5088 omnium
879 5033 1201 5102 malorum,
1235 5029 1436 5101 gladio
1466 5031 1733 5102 percutit.
1770 5033 1904 5086 Post
1946 5031 2069 5085 haec

402 5121 728 5176 miserabili
758 5124 947 5175 morte
974 5119 1144 5190 perit,
1173 5137 1334 5176 anno
1363 5119 1683 5175 Dominicee
1714 5118 2072 5178 incarnatio-

400 5212 494 5268 nis
527 5216 712 5283 sexto,
743 5209 912 5280 regni
945 5225 1085 5265 vero
1121 5209 1211 5263 sui
1242 5215 1329 5264 36.

473 5308 643 5357 Anno
673 5299 995 5356 Dominicte
1034 5299 1461 5354 incarnationis
1492 5305 1520 5353 7
1555 5299 1878 5354 Archelaus
1910 5298 2069 5353 ﬁlius

401 5389 645 5446 Herodis
672 5389 732 5443 in
761 5387 966 5444 Judrea
995 5390 1226 5456 regnat.
1261 5387 1550 5442 Dominus
1587 5391 1754 5443 Jesus
1787 5403 1858 5442 ex
1895 5391 2066 5458 Aigy-

399 5484 502 5553 pto
533 5477 850 5544 reducitur,
882 5482 937 5533 et
980 5479 1222 5548 propter
1247 5479 1476 5532 metum
1505 5476 1771 5547 praedicti
1807 5474 1963 5545 regis
2009 5475 2070 5530 in

397 5568 684 5625 Nazareth
712 5567 1011 5623 civitatem
1053 5564 1302 5622 Galilaeae
1353 5564 1612 5632 divertit,
1640 5565 1843 5638 ibique
1877 5580 2067 5637 usque

398 5659 472 5714 ad
506 5663 775 5732 tempora
804 5655 1090 5732 baptismi
1122 5653 1499 5713 inhabitavit.

2181 4859 2266 4921 15,
2297 4853 2599 4908 Johannes
2631 4851 2782 4908 circa
2816 4852 3124 4924 regionem
3150 4854 3424 4909 Iordanis
3468 4854 3848 4926 baptismum

2178 4941 2537 5014 pmnitentiae
2577 4940 2639 4996 in
2669 4941 3084 4997 remissionem
3117 4948 3501 5014 peccatorum
3531 4942 3845 5014 praedicat,

2180 5031 2520 5103 multosque
2553 5031 2840 5102 baptizat;
2881 5032 3029 5086 inter
3070 5049 3225 5104 quos
3263 5032 3464 5104 ipsum
3505 5030 3852 5101 redempto-

2178 5136 2306 5176 rem
2354 5119 2588 5190 mundi,
2645 5120 2770 5191 qui-
2801 5121 3074 5176 omnium
3119 5125 3363 5191 peccata
3410 5118 3617 5189 abluit,
3662 5119 3848 5191 aquis

2183 5208 2510 5264 lordanicis
2563 5208 2795 5278 tinguit,
2837 5214 2976 5281 post
3019 5208 3388 5279 baptismum
3445 5208 3730 5264 Dominus
3781 5209 3849 5264 in

2181 5298 2481 5353 desertum
2529 5297 2769 5364 secedit,
2815 5302 2886 5352 40
2929 5296 3056 5352 dies
3099 5296 3349 5366 jejunat,
3383 5300 3530 5368 post
3542 5297 3849 5369 jejunium

2181 5391 2533 5460 temptatore
2568 5392 2869 5459 superato,
2901 5387 2961 5440 in
3001 5385 3212 5440 virtute
3258 5385 3498 5458 spiritus
3539 5381 3851 5444 Galilaeam

2180 5475 2527 5546 ingreditur,
2563 5475 2868 5548 apostolos
2896 5479 3087 5540 vocat,
3120 5490 3374 5544 regnum
3416 5477 3516 5533 Dei
3543 5477 3851 5547 evangeli-

2181 5569 2291 5642 zat,
2320 5565 2511 5638 multa
2538 5565 2709 5635 signa
2738 5567 2794 5618 et
2820 5562 3107 5630 miracula
3134 5563 3290 5619 facit.

2251 5657 2422 5712 Anno
2443 5653 2764 5712 Dominica:
2783 5644 3208 5725 incarnationis
3230 5658 3296 5711 32
3317 5653 3618 5712 Johannes
3640 5653 3847 5728 bapti-
