4076 6212
348 185 413 235 17
539 190 543 194 ”
1579 184 1620 237 C
1629 178 1958 238 HRONICOI

2161 179 2270 234 ΑΝ.
2313 181 2531 236 33401.
3710 191 3771 244 18

344 307 450 371 sta,
481 303 799 361 insidiante
829 305 1373 377 Herodiade,jussu
1402 308 1556 379 regis
1610 305 1877 373 Herodis,
1933 303 1995 358 in
2026 303 2072 356 A
2113 301 2335 357 Eodem
2389 319 2550 361 anno
2580 304 2771 361 fames
2824 301 3179 375 gravissiina
3225 305 3382 362 facta
3437 313 3545 380 est,
3595 311 3769 381 cujus

339 409 574 450 carcere
605 394 796 467 capite
826 398 1154 452 truncatur.
2112 394 2301 448 Lucas
2326 395 2615 462 meminit,
2649 400 2706 452 et
2734 395 3018 452 Claudius
3048 396 3415 452 Britanniam
3436 396 3695 454 intravit.

408 485 581 538 Anno
608 484 933 540 Dominicae
955 485 1384 543 incarnationis
1409 492 1475 544 33
1498 486 1726 560 Tyberii
1748 501 1885 541 vero
1911 487 1996 552 18,
2179 485 2350 537 ΑΠΙΙο
2369 485 2690 540 Dominicae
2707 485 3136 541 incarnationis
3152 491 3216 540 53
3236 485 3516 542 Claudius
3531 487 3767 543 Judaeos

338 571 626 628 Dominus
650 590 760 629 sua
785 575 1070 647 passione
1101 576 1398 633 mundum
1427 578 1698 644 redemit,
1753 578 1843 631 40⁸
1900 574 1995 629 die
2108 571 2497 629 tumultantes
2528 577 2713 630 Roma
2746 564 2992 647 eipulit.

334 665 473 734 post
499 664 996 720 resurrectionem
1018 665 1237 721 caelum
1258 667 1545 736 ascendit,
1580 672 1665 722 58.
1711 665 1992 738 Spiritum
2175 663 2346 716 Anno
2407 663 2725 720 Dominicee
2766 663 3194 720 incarnationis
3243 664 3310 718 59
3358 667 3506 720 Nero
3553 669 3765 736 regnat

337 751 691 823 paraclitum
723 753 904 810 misit.
939 755 1206 811 Matthias
1236 756 1297 812 in
1326 757 1459 812 loco
1489 757 1656 812 Judae
1682 753 1992 812 constitui-
2102 763 2295 804 annos
2331 751 2414 818 13,
2444 767 2680 808 menses
2711 759 2765 822 7,
2789 753 2916 808 dies
2942 757 3030 808 28.

338 844 430 895 tur
459 843 785 914 apostolus.
815 844 1075 900 Jacobus
1106 845 1287 903 frater
1316 846 1550 902 Domini
1572 844 1994 901 Hierosolimo-
2169 839 2346 893 Anno
2377 840 2697 896 Dominicze
2727 841 3155 898 incarnationis
3192 845 3250 895 61
3307 844 3509 896 Festus
3539 859 3759 915 procu-

334 943 468 982 rum
498 928 815 1003 episcopus
847 932 1242 1003 constituitur.
1280 941 1309 989 7
1342 934 1582 991 diaconi
1611 933 1986 989 ordinantur.
2097 933 2258 985 rator
2290 930 2556 986 succedit
2577 931 2762 987 Felici.
2799 933 3012 988 Paulus
3041 933 3276 988 vinctus
3332 935 3586 988 Romam
3626 933 3757 988 mit-

335 998 669 1090 Stephanus
699 998 1022 1094 lapidatur.
2095 1017 2233 1074 titur
2262 1033 2427 1076 anno
2450 1024 2480 1074 2
2526 1021 2788 1100 Neronis.

402 1110 576 1164 Anno
606 1112 771 1166 Dom.
804 1112 1032 1167 incarn.
1067 1115 1135 1168 34
1167 1113 1503 1168 secundum
1533 1113 1791 1177 Latinos,
1821 1109 1924 1181 qui
1955 1124 1991 1164 a
2169 1111 2338 1164 Anno
2370 1109 2692 1165 Dominicae
2714 1110 3138 1167 incarnationis
3167 1115 3232 1167 63
3258 1111 3520 1167 Jacobus
3577 1112 3757 1167 frater

327 1197 608 1253 Januario
638 1215 868 1255 annum
891 1199 1184 1271 incipiunt
1213 1205 1583 1272 computare,
1601 1198 1819 1254 Paulus
1850 1213 1988 1252 cum
2100 1197 2333 1252 Domini
2357 1215 2392 1253 a
2411 1199 2629 1254 Judaeis
2658 1200 2977 1273 lapidatur.
3027 1205 3191 1258 Festo
3243 1202 3628 1271 magistratus
3657 1204 3753 1256 Ju-

327 1292 603 1357 pergeret
633 1291 1019 1366 Damascum,
1044 1305 1081 1344 a
1120 1289 1349 1344 Christo
1396 1290 1472 1344 de
1516 1289 1660 1344 crelo
1714 1292 1986 1352 vocatus,
2097 1286 2238 1340 daeae
2266 1289 2549 1344 successit
2573 1289 2841 1358 Albinus,
2871 1291 3084 1346 Albino
3134 1291 3353 1346 Florus.

331 1374 668 1431 secundum
691 1377 970 1432 Hebraeos
995 1378 1098 1449 qui
1125 1393 1161 1432 a
1192 1377 1392 1433 Martio
1419 1377 1649 1432 initium
1707 1376 1850 1432 anni
1888 1392 1987 1431 ca-
2169 1379 2342 1431 Anno
2368 1376 2690 1432 Dominicae
2744 1378 3174 1434 incarnationis
3230 1384 3298 1432 7O
3354 1381 3750 1451 Vespasianus

328 1461 522 1533 piunt,
557 1463 768 1519 eodem
827 1480 988 1520 anno
1033 1482 1154 1536 quo
1201 1467 1488 1521 Dominus
1541 1481 1755 1536 passus
1804 1467 1891 1519 est
1924 1463 1978 1515 ll
2095 1463 2384 1532 magister
2431 1464 2649 1519 militiae
2696 1483 2834 1520 cum
2885 1467 3144 1521 exercitu
3189 1466 3250 1520 in
3296 1467 3568 1522 Judaaam
3615 1469 3750 1522 mit-

327 1565 557 1617 mense,
587 1551 648 1606 id
674 1556 765 1606 est
793 1555 844 1607 8.
880 1553 1182 1609 Kalendas
1217 1553 1381 1609 Febr.
2092 1551 2246 1607 titur.

393 1645 566 1696 Anno
609 1641 932 1698 Dominicae
968 1643 1392 1699 incarnationis
1433 1648 1498 1699 39
1550 1643 1722 1700 Caius
1775 1645 1987 1711 regnat
2014 1651 2054 1705 Β
2161 1643 2332 1694 Anno
2363 1640 2683 1697 Dominicae
2722 1641 3150 1697 incarnationis
3176 1646 3242 1696 72
3284 1643 3490 1697 Romae
3548 1646 3750 1698 Petrus

323 1745 517 1785 annos
547 1734 599 1797 4,
635 1747 872 1787 menses
902 1735 986 1797 10,
1019 1732 1146 1786 dies
1178 1735 1230 1802 8,
1257 1733 1352 1788 his
1381 1748 1524 1800 ergo
1563 1738 1626 1788 10
1669 1731 1981 1787 mensibus
2091 1728 2472 1801 crucifigitur,
2533 1731 2749 1786 Paulus
2805 1730 3154 1786 decollatur.
3234 1731 3356 1786 Sub
3408 1732 3748 1787 Neroniana

324 1817 373 1871 si
399 1817 698 1873 addamus
729 1823 759 1873 6
786 1819 889 1890 qui
919 1836 1096 1892 super
1126 1820 1342 1876 fuerint
1371 1825 1437 1876 56
1454 1821 1628 1876 annis
1656 1820 1980 1888 Octaviani,
2087 1818 2500 1890 persecutione
2531 1824 2851 1876 coronatur
2881 1823 3083 1876 Romae
3132 1822 3450 1875 Processus
3487 1826 3543 1876 et
3600 1824 3745 1878 Mar-

325 1911 499 1961 erunt
545 1923 780 1963 menses
839 1913 924 1974 l7,
967 1926 1039 1964 ex
1095 1909 1316 1981 quibus
1367 1915 1627 1983 quatuor
1681 1909 1978 1980 detractis,
2088 1907 2349 1963 tinianus
2376 1911 2593 1981 47,qui
2621 1910 2901 1982 baptizati
2935 1913 3076 1964 sunt
3107 1924 3142 1964 a
3171 1909 3349 1965 beato
3377 1900 3545 1966 Petro
3577 1915 3631 1966 et
3685 1912 3746 1967 in

323 2010 520 2050 annus
550 1997 775 2064 integer
804 2002 1094 2068 remanet,
1118 1998 1223 2071 qui
1244 1998 1360 2054 hoc
1382 1999 1442 2054 in
1472 1999 1604 2055 loco
1626 1999 1980 2054 inserendus
2086 1996 2362 2054 custodia
2389 1998 2718 2054 Mamortini
2748 1999 2979 2054 retrusi.
3033 2001 3277 2070 Torpes,
3334 1999 3639 2055 Marcellus
3691 2005 3749 2056 et

319 2083 570 2140 videtur.
598 2085 854 2141 Herodes
883 2087 1146 2160 Agrippa
1175 2087 1514 2144 Iudaeorum
1565 2089 1724 2158 genti
1780 2088 1976 2161 praeﬁ-
2083 2085 2386 2159 Apuleius,
2406 2087 2773 2145 Alexandriae
2795 2091 3023 2144 Marcus
3037 2087 3407 2157 evangelista
3422 2105 3637 2161 passus
3659 2094 3747 2144 est

319 2171 487 2227 citur.
2084 2178 2116 2229 8
2167 2191 2330 2231 anno
2384 2177 2652 2234 Neronis.
2712 2177 3057 2233 Mediolanis
3112 2177 3394 2233 Nazarius
3423 2182 3478 2234 et
3520 2178 3743 2250 Celsus,

385 2265 557 2317 Anno
589 2263 911 2319 Dominicae
941 2264 1367 2322 incarnationis
1390 2270 1454 2322 43
1488 2267 1748 2323 Herodes
1773 2271 1979 2324 tetrar-
2085 2264 2249 2336 apud
2285 2265 2577 2321 Miceriam
2628 2266 2896 2338 Aquileia
2947 2269 3344 2336 Hermagoras
3401 2268 3741 2339 episcopus,

314 2349 428 2405 cha
478 2367 617 2406 cum
665 2351 1000 2408 Herodiade
1044 2354 1106 2409 in
1154 2355 1440 2428 Hispania
1483 2372 1736 2411 maerore
1783 2356 1972 2428 periit.
2083 2355 2440 2409 Fortunatus
2467 2355 2779 2421 diaconus,
2815 2356 2992 2410 Foelix
3028 2372 3166 2410 cum
3199 2356 3563 2411 Constantia.

315 2438 556 2505 Pilatus,
581 2440 685 2512 qui
709 2441 769 2495 in
793 2443 894 2496 Dei
919 2443 1198 2513 passione
1222 2444 1430 2498 mortis
1461 2445 1815 2500 sententiam
1836 2461 1976 2516 pro-
2156 2445 2330 2496 Anno
2376 2443 2696 2496 Dominicaa
2739 2443 3168 2498 incarnationis
3220 2448 3286 2498 73
3343 2443 3743 2516 Vespasianus

317 2527 468 2593 tulit,
505 2545 614 2584 sua
644 2545 706 2583 se
729 2546 917 2584 manu
939 2532 1208 2601 peremit.
2083 2533 2298 2598 regnat
2323 2545 2513 2584 annos
2542 2535 2595 2596 9,
2638 2544 2878 2586 menses
2933 2531 3233 2601 undecim,
3261 2532 3387 2587 dies
3413 2536 3479 2586 22
3510 2551 3521 2588 :
3555 2533 3648 2589 his
3678 2539 3733 2588 11

389 2621 559 2671 Anno
583 2617 1441 2675 Dominicaeincarnationis
1471 2619 1981 2690 Claudiusregnat
2082 2616 2393 2672 mensibus
2448 2617 2634 2672 additi
2715 2623 2745 2670 7
2834 2617 3098 2684 Neronis,
3157 2619 3310 2675 ﬁunt
3371 2620 3488 2686 18-,
3542 2626 3599 2676 et
3649 2622 3740 2675 his

312 2719 508 2759 annos
545 2709 628 2771 13,
664 2721 901 2761 menses
931 2713 983 2773 7,
1018 2707 1143 2762 dies
1175 2711 1262 2762 28.
1296 2709 1610 2764 Addamus
1637 2709 1838 2780 itaque
1880 2709 1975 2765 his
2079 2711 2146 2760 22
2193 2705 2407 2760 diebus
2463 2705 2620 2760 illius
2667 2709 2736 2761 28
2774 2707 2927 2760 ﬁunt
2971 2710 3038 2760 50
3092 2705 3240 2775 dies,
3290 2706 3349 2761 id
3385 2711 3471 2761 est
3521 2723 3738 2776 annus,

311 2798 342 2846 7
395 2793 707 2848 mensibus
757 2797 810 2863 4,
865 2794 969 2866 qui
1019 2812 1202 2868 supra
1227 2797 1642 2865 remanserint,
1698 2797 1852 2854 ﬁunt
1884 2804 1968 2867 11,
2077 2802 2106 2850 7
2164 2811 2403 2874 menses
2451 2798 2508 2850 et
2556 2799 2625 2850 20
2683 2795 2830 2864 dies,
2913 2794 3016 2866 qui
3071 2810 3267 2850 annus
3319 2795 3434 2851 hoc
3493 2795 3553 2851 in
3606 2796 3739 2852 loco

311 2885 367 2936 et
418 2885 448 2935 8
514 2882 642 2938 dies
696 2884 788 2938 his
824 2887 891 2938 28
946 2883 1181 2954 diebus,
1243 2891 1416 2941 erunt
1469 2890 1556 2953 36,
1607 2887 1668 2942 id
1715 2892 1805 2942 est
1860 2903 1968 2942 an-
2074 2884 2374 2940 inseritur.
2435 2877 2450 2888 ’

310 2984 445 3036 nus,
495 2974 552 3024 et
603 2973 634 3024 6
684 2970 831 3042 dies,
889 2971 993 3043 qui
1038 2972 1218 3042 hujus
1275 2974 1649 3046 temporibus
1679 2975 1970 3031 adnume-
2010 3002 2050 3057 ρ
2143 2978 2318 3030 Anno
2351 2973 2671 3029 Dominicae
2693 2973 3123 3030 incarnationis
3149 2977 3216 3028 74
3240 2989 3494 3043 regnum
3516 2975 3736 3030 Judaeaa

307 3058 536 3114 randus
573 3059 824 3115 videtur.
2073 3079 2108 3119 a
2137 3063 2261 3118 Tito
2289 3063 2668 3132 subvertitur,
2703 3063 3116 3136 templumque
3144 3063 3488 3121 destruitur.
3548 3066 3734 3136 Hujus

381 3150 550 3203 Anno
581 3148 903 3204 Dominica:
934 3149 1362 3207 incarnationis
1389 3155 1454 3206 4-7
1483 3151 1742 3208 Jacobus
1791 3153 1970 3209 frater
2074 3152 2444 3224 temporibus
2474 3151 2876 3224 Appollinaris
2906 3153 3228 3225 episc0pus
3281 3169 3316 3209 a
3345 3153 3522 3209 beato
3566 3157 3732 3210 Petro

305 3234 593 3290 Johannis
619 3234 698 3291 ab
733 3236 956 3293 Herode
982 3237 1330 3306 decollatur,
1357 3242 1557 3295 Petrus
1578 3241 1638 3295 in
1665 3257 1965 3298 carcerem
2073 3245 2359 3298 Ravenna
2389 3241 2648 3298 directus
2676 3246 3015 3298 coronatur.

306 3322 571 3379 mittitur.
609 3324 770 3379 Idem
798 3325 1055 3381 Herodes
1082 3326 1160 3382 ab
1192 3326 1408 3397 angelo
1446 3329 1791 3401 percutitur,
1847 3334 1966 3385 An-
2143 3333 2318 3387 Anno
2344 3331 2666 3387 Dominicaa
2695 3331 3126 3388 incarnationis
3160 3337 3226 3388 83
3257 3333 3416 3388 Titus
3434 3333 3726 3402 regnavit,

309 3413 538 3468 tiochiaa
571 3413 820 3485 Spiritus
843 3419 1085 3470 sanctus
1115 3415 1448 3488 discipulos
1480 3418 1802 3490 alloquitur
1827 3436 1839 3472 :
1864 3422 1963 3476 Se-
2073 3436 2265 3476 annos
2296 3425 2347 3483 2,
2378 3437 2617 3476 menses
2648 3426 2700 3476 2.

304 3508 552 3572 gregate
579 3503 729 3558 mihi
751 3505 1014 3560 Paulum
1039 3512 1093 3561 et
1113 3507 1486 3564 Barnabam.
1511 3509 1774 3581 Agrippa
1805 3508 1965 3564 ﬁlius
2139 3516 2312 3566 Anno
2344 3511 2666 3566 Dominicae
2694 3511 3125 3568 incarnationis
3149 3516 3216 3568 85
3239 3513 3613 3569 Domitianus
3635 3528 3728 3568 re-

307 3591 551 3646 Herodis
579 3592 642 3646 in
696 3588 902 3650 Judasa
934 3600 1164 3664 regnat,
1201 3612 1390 3669 usque
1415 3597 1494 3654 ad
1545 3599 1962 3654 exterminium
2070 3601 2272 3670 gnavit
2295 3615 2488 3656 annos
2524 3606 2608 3669 l5,
2640 3617 2877 3656 menses
2910 3607 2970 3666 5;
3019 3601 3110 3656 his
3139 3607 3168 3655 5
3210 3602 3518 3658 mensibus
3547 3602 3731 3657 adda-

304 3683 328 3734 J
337 3679 670 3736 udaaorum.
2069 3707 2205 3745 mus
2217 3697 2244 3744 7
2261 3688 2629 3760 Vespasiani,
2645 3689 2980 3760 completur
2997 3705 3193 3743 annus
3207 3690 3311 3759 qui
3323 3690 3417 3744 hic
3429 3690 3726 3744 inseritur.

374 3774 544 3824 Anno
571 3770 894 3826 Dominicaa
922 3771 1348 3828 incarnationis
1373 3777 1463 3841 48,
1491 3775 1788 3846 passionis
1817 3791 1960 3830 vero
2071 3779 2261 3847 Hujus
2279 3776 2653 3846 temporibus
2674 3776 2978 3829 Johannes
3002 3775 3311 3844 apostolus
3332 3776 3608 3828 Romaein
3621 3776 3729 3829 fer-

306 3860 391 3926 14,
424 3863 479 3912 et
508 3858 733 3914 Claudii
761 3863 815 3928 4,
848 3859 1067 3915 Paulus
1095 3864 1153 3915 et
1207 3861 1510 3917 Barnabas
1560 3862 1961 3917 ascenderunt
2066 3862 2262 3917 ventis
2294 3861 2406 3916 olei
2433 3860 2664 3917 dolium
2688 3860 2955 3932 mittitur,
2989 3865 3126 3917 ante
3156 3865 3395 3934 portam
3436 3863 3724 3932 Latinam,

304 3946 799 4019 Hierosolymam.
835 3951 914 4003 De
946 3949 1057 4004 hac
1089 3949 1437 4004 ascensione
1465 3966 1574 4005 sua
1595 3947 1810 4005 Paulus
1832 3951 1958 4023 ipse
2067 3951 2193 4007 etin
2223 3951 2505 4007 Pathmos
2534 3950 2799 4007 insulam
2819 3951 3133 4023 relegatur.
3166 3951 3274 4008 Ubi
3297 3951 3726 4026 Apocalypsim

306 4033 510 4089 scribit
537 4037 612 4090 ad
637 4037 914 4092 Galatas:
950 4057 977 4085 ‹‹
1008 4036 1228 4092 Deinde
1258 4042 1395 4110 post
1443 4053 1636 4094 annos
1673 4039 1955 4096 tredecim
2068 4040 2286 4096 scribit.
2343 4033 2540 4096 Flavia
2594 4040 2890 4096 Domitilla
2939 4041 3000 4096 in
3057 4041 3412 4098 Pontianam
3459 4043 3725 4099 insulam

303 4125 542 4179 ascendi
570 4126 1043 4198 Hierosolymam
1070 4144 1209 4183 cum
1241 4127 1536 4196 Barnaba,
1567 4135 1882 4202 assumpto
1899 4135 1958 4187 et
2063 4130 2354 4186 exiliatur.
2388 4130 2704 4186 Anacletus
2733 4146 2895 4202 papa
2923 4130 3128 4187 tertius
3159 4136 3294 4204 post
3319 4135 3555 4188 Petrum
3571 4149 3726 4189 mar-

299 4212 444 4284 Tito,
476 4219 532 4270 et
557 4215 781 4271 contuli
835 4233 974 4271 cum
1020 4217 1153 4284 illis,
1209 4217 1270 4272 id
1321 4222 1410 4274 est
1458 4235 1596 4274 cum
1646 4219 1953 4292 apostolis,
2063 4221 2216 4293 tyrio
2248 4224 2587 4276 coronatur.

296 4305 678 4375 evangelium
701 4305 866 4378 quod
896 4306 1157 4378 praedico
1186 4307 1248 4361 in
1270 4301 1568 4377 gentibus.
1598 4329 1623 4358 υ
1661 4309 1720 4363 13
1753 4309 1952 4382 itaque
1985 4355 2029 4409 Β
2132 4316 2304 4366 Anno
2328 4309 2649 4365 Dominicze
2674 4309 3103 4368 incarnationis
3132 4316 3200 4368 90
3231 4315 3420 4370 Nerva
3453 4314 3722 4385 regnavit

297 4407 458 4448 anno
485 4393 788 4464 passionis
815 4393 1133 4450 Dominicae
1159 4394 1332 4465 juxta
1355 4395 1699 4452 condictum
1724 4397 1951 4468 Jacobi,
1987 4393 2028 4409 "
2061 4416 2291 4456 annum
2307 4416 2519 4468 unum,
2535 4417 2773 4457 menses
2795 4406 3075 4474 quatuor,
3099 4403 3226 4459 dies
3243 4408 3398 4460 octo.
3421 4405 3721 4461 Johannes

297 4477 506 4552 Zephae
560 4487 616 4537 et
664 4483 951 4538 Johannis
1007 4483 1086 4539 ad
1145 4484 1412 4552 gentium
1458 4486 1869 4555 magisterium
1898 4494 1953 4544 et
2062 4489 2370 4562 apostolus
2397 4490 2474 4545 ab
2505 4489 2677 4546 exilio
2707 4496 3042 4557 revocatur,
3082 4496 3138 4548 et
3195 4493 3360 4566 apud
3417 4493 3719 4565 Ephesum

297 4570 698 4641 apostolatum
725 4568 941 4626 Paulus
982 4571 1283 4642 profectus
1336 4577 1441 4639 est,
1506 4573 1605 4628 ubi
1663 4591 1951 4632 numerus
2061 4579 2440 4650 evangelium
2469 4579 2690 4636 scribit.
2722 4581 2910 4651 Hujus
2941 4581 3313 4652 temporibus
3354 4583 3521 4653 passi
3581 4587 3719 4636 sunt

295 4657 422 4730 ipse
473 4675 655 4730 quem
712 4660 932 4732 posuit,
991 4659 1394 4715 recensendus
1462 4667 1549 4717 est
1627 4680 1947 4722 annorum.
2062 4674 2261 4726 Romae
2295 4669 2545 4736 Eutices,
2577 4668 2906 4724 Victorinus
2955 4673 3012 4725 et
3051 4672 3208 4725 Maro
3262 4671 3427 4742 apud
3473 4670 3719 4725 Amiter-

296 4744 527 4800 Scimus
578 4747 737 4802 enim
795 4751 1030 4803 Petrum
1084 4754 1140 4804 et
1190 4749 1439 4804 Paulum
1466 4753 1769 4822 apostolos
1816 4760 1953 4827 post
2060 4759 2270 4815 ninam
2319 4759 2550 4826 urbem,
2582 4758 2914 4815 Victorinus
2945 4759 3266 4832 episcopus
3311 4759 3489 4814 frater
3547 4761 3711 4816 Seve-

295 4834 642 4903 passionem
703 4835 917 4891 Domni
961 4840 1049 4906 38,
1107 4836 1168 4892 id
1211 4843 1298 4893 est
1327 4837 1536 4895 ultimo
1559 4842 1803 4897 Neronis
1844 4860 1951 4900 an-
2061 4849 2193 4904 rini.

297 4936 376 5011 no
431 4939 646 4994 passos
705 4924 906 4995 fuisse,
962 4931 1017 4981 et
1047 4926 1293 5003 beatum
1343 4929 1581 4984 Petrum
1635 4932 1834 4985 Romae
1871 4934 1949 4988 vi-
2131 4943 2301 4993 Anno
2320 4937 3485 5011 Dominicaeincarnationis9tTrajanus
3506 4955 3717 5008 regna-

297 5010 442 5078 ginti
485 5014 753 5086 quinque
800 5015 974 5069 annis
1023 5016 1427 5088 episcopalem
1477 5019 1698 5074 sedisse
1753 5023 1954 5079 cathe-~
2061 5030 2143 5084 vit
2171 5044 2364 5084 annos
2395 5033 2478 5094 19,
2511 5045 2750 5084 menses
2787 5045 2912 5099 sex,
2948 5027 3074 5083 dies
3102 5033 3162 5084 15
3190 5047 3201 5097 ;
3234 5010 3326 5085 his
3357 5030 3715 5085 5mensibus

294 5099 507 5169 dram;
582 5107 648 5156 25
707 5107 908 5158 autem
951 5104 1092 5158 anni
1146 5109 1202 5160 et
1274 5105 1335 5160 14
1391 5122 1514 5162 non
1576 5113 1662 5175 38,
1721 5110 1825 5166 sed
1883 5115 1949 5167 39
2061 5118 2108 5172 si
2140 5117 2550 5173 addiderimus
2580 5117 2686 5172 Titi
2715 5117 3035 5185 secundus,
3069 5121 3272 5174 Nervae
3303 5123 3334 5174 4
3382 5120 3449 5174 ﬁt
3495 5135 3712 5188 annus,

295 5188 539 5246 faciunt.
574 5193 849 5264 Sequitur
875 5208 1017 5262 ergo
1062 5199 1127 5248 ut
1162 5193 1409 5250 beatum
1459 5199 1693 5253 Petrum
1737 5199 1950 5255 eodem
2059 5205 2163 5278 qui
2193 5206 2306 5263 hoc
2336 5205 2397 5260 in
2423 5205 2556 5260 loco
2582 5209 2822 5276 aptatur
2847 5223 2858 5274 ;
2892 5211 3208 5262 remanent
3235 5206 3362 5262 dies
3387 5209 3455 5261 28
3480 5206 3584 5278 qui
3615 5223 3714 5262 su-

302 5281 362 5332 13
392 5285 526 5350 post
587 5281 822 5336 Domini
874 5282 1224 5353 passionem
1251 5299 1431 5352 anno,
1485 5302 1607 5357 quo
1663 5303 1801 5343 eum
1823 5289 1954 5344 Hie-
2057 5309 2169 5367 pra
2197 5293 2384 5350 notati
2416 5297 2573 5348 sunt.

296 5367 613 5456 resolymis
698 5370 1020 5442 alloquitur
1093 5371 1309 5427 Paulus
1338 5374 1376 5439 ,’
1426 5373 1486 5427 id
1567 5379 1655 5429 est
1734 5381 1951 5448 quarto
2130 5387 2300 5439 Anno
2357 5382 2675 5439 Dominicae
2732 5384 3157 5441 incarnationis
3208 5389 3328 5456 101,
3409 5385 3712 5452 Johannes

295 5453 522 5546 Claudii
549 5473 731 5526 anno,
769 5461 1018 5514 Romam
1039 5459 1270 5515 venisse
1290 5461 1628 5529 credamus,
1655 5463 1951 5538 simulque
2060 5471 2364 5544 apostolus
2415 5471 2646 5543 Epheso
2695 5473 2998 5546 requievit.
3053 5453 3713 5546 Trajani‘temporibus

295 5545 358 5599 ni
379 5544 554 5634 fallor
572 5547 686 5603 hac
705 5549 1128 5620 supputatione
1150 5549 1406 5604 Paulum
1423 5551 1637 5632 eodem
1649 5569 1810 5610 anno
1827 5571 1950 5627 quo
2059 5560 2346 5631 martyrio
2377 5566 2739 5619 coronantur
2759 5544 2958 5620 Homas
2977 5563 3247 5620 Clemens
3264 5578 3445 5634 papa,
3466 5544 3717 5618 Alexan-

297 5633 585 5692 Do'minus
611 5653 828 5711 passus
853 5642 960 5708 est,
992 5639 1068 5696 ad
1125 5639 1308 5696 ﬁdem
1359 5640 1587 5697 venisse
1637 5644 1948 5717 probatur,
2062 5650 2168 5705 der
2195 5655 2445 5722 quartus
2474 5657 2614 5725 post
2636 5654 3083 5726 Petrunrpapa,
3134 5633 3433 5718 Quirinus,
3489 5654 3543 5704 et
3591 5642 3711 5698 tilia
