4076 6212
321 160 387 213 19
1443 153 1818 235 REGlNONIS
1855 151 2274 237 PRUMIENSIS
2308 158 2622 215 ABBATIS.
3666 160 3736 212 2o

317 278 443 335 cius
471 276 735 345 Balbina,
773 275 1058 349 Sulpitius
1114 281 1169 333 et
1228 276 1613 343 Servilianus,
1672 273 1971 332 Domitilla
1997 288 2046 340 Α
2151 282 2323 334 Anno
2341 280 2658 336 Dominicae
2687 279 3116 337 incarnationis
3147 277 3473 335 centesimo
3495 281 3737 352 septua-

317 373 371 425 et
412 365 699 439 Seraphia
727 365 1008 438 virgines,
1050 370 1268 423 Nereus
1316 371 1373 423 et
1422 365 1739 435 Achilleus,
1798 369 1969 437 Igna-

316 457 431 514 tius
463 456 828 513 Antiocenus
857 456 1179 530 episcopus
1211 476 1223 513 :
1281 446 1705 529 Hierosolymis
1734 455 1971 514 Simeon

317 547 635 621 episcopus
655 546 812 602 ﬁlius
839 545 1192 618 Cleophe,in
1212 549 1397 604 Ponto
1426 550 1609 604 Focas
1630 545 1970 620 episcopus.

387 640 559 692 Anno
588 634 908 692 Dominicaa
946 635 1373 693 incarnationis
1408 640 1533 707 111,
1558 635 1858 692 Adrianus
1881 650 1972 690 re-

318 726 522 796 gnavit
533 740 725 781 annos
736 723 1036 780 undecim.
1057 724 1246 797 Hujus
1264 725 1635 803 temporibus
1654 710 1819 798 passi
1839 728 1979 781 sunt

318 818 517 871 Romae
549 813 743 869 Sixtus
768 828 953 888 papa,
982 814 1264 881 Getulius,
1287 814 1529 885 Sabina,
1560 814 1848 888 Seraphia
1866 815 1976 869 vir-

320 920 397 974 go
431 921 444 959 :
474 902 638 975 apud
664 905 961 960 Mesenam
993 904 1292 961 civitatem
1336 904 1563 978 Apuliae
1608 904 1975 961 Eleutherius

319 992 637 1066 episcopus
666 1009 805 1049 cum
835 994 1053 1050 Anthia
1082 998 1292 1051 matre.
1328 994 1507 1068 Apud
1536 995 1797 1051 Athenas
1828 994 1977 1056 Qua-

319 1082 526 1163 dratus
544 1085 599 1137 et
616 1081 922 1138 Atristides
936 1082 1080 1138 clari
1091 1083 1411 1150 habentur,
1424 1082 1742 1157 Dionysius
1755 1082 1980 1156 episco-

320 1187 434 1245 pus
447 1169 789 1244 Ariopagita
811 1187 822 1223 :
849 1170 1015 1243 apud
1031 1171 1357 1228 Tiburnam
1378 1171 1592 1229 urbem
1610 1171 1788 1229 Italiae
1813 1173 1980 1245 Sym-

321 1260 584 1333 phorosa
612 1276 751 1315 cum
780 1262 1007 1332 septem
1037 1260 1191 1315 ﬁliis.

394 1351 567 1405 Anno
612 1348 932 1406 Dominicae
984 1348 1413 1406 incarnationis
1472 1353 1570 1405 123
1624 1348 1978 1416 Antoninus,

323 1443 722 1509 cognomento
748 1438 902 1517 Pius,
921 1453 1061 1494 cum
1080 1437 1216 1495 ﬁliis
1245 1438 1481 1495 Aurelio
1504 1442 1560 1495 et
1582 1438 1758 1495 Lucio
1775 1454 1984 1509 regna-

322 1529 406 1584 vit
434 1544 627 1584 annos
652 1532 743 1599 22,
790 1542 1029 1583 menses
1080 1533 1217 1584 tres.
1271 1528 1535 1584 Justinus
1592 1527 1983 1601 philosophus

2081 367 2310 437 gesimo
2358 369 2692 425 Antoninus
2742 372 3143 438 cognomento
3185 366 3488 427 Caracalla
3543 367 3738 426 Severi

2080 455 2259 525 ﬁlius,
2289 462 2500 529 regnat
2528 474 2723 515 annos
2751 462 2999 531 septem.

2153 548 2325 603 Anno
2339 544 2655 613 Ποιηίηὶοω
2667 544 3093 604 incarnationis
3109 550 3200 602 171
3224 543 3515 603 Macrinus
3528 548 3740 617 regnat

2082 649 2312 692 annum
2352 652 2564 693 unum.

2153 727 2324 781 Anno
2347 723 2666 782 Dominicee
2696 724 3126 782 incarnationis
3160 727 3259 779 172
3290 726 3517 780 Marcus
3564 725 3742 780 Aure-

2083 811 2198 868 lius
2229 814 2563 870 Antoninus
2592 813 2865 885 regnavit
2893 830 3087 871 annos
3112 813 3166 870 4.

2155 906 2327 987 Anno
2347 900 2670 962 Dominicae
2700 902 3131 962 incarnationis
3171 900 3268 959 176
3298 900 3570 960 Aurelius
3613 902 3743 960 Ale-

2084 992 2315 1049 xander
2342 1010 2535 1051 annos
2564 993 2849 1051 tredecim
2878 991 3166 1064 regnavit.
3203 991 3487 1066 Origenes
3505 995 3626 1049 toto
3648 1007 3741 1048 or-

2085 1080 2147 1137 bi
2176 1080 2371 1138 clarus
2408 1082 2682 1141 habetur.
2756 1083 2942 1155 Hujus
2995 1076 3368 1155 temporibus
3428 1084 3748 1137 coronatur

2087 1173 2289 1227 Romae
2317 1164 2568 1229 Calistus
2596 1188 2779 1247 papa,
2816 1172 3091 1229 Urbanus
3123 1187 3306 1246 papa,
3356 1168 3587 1229 Caecilia
3628 1168 3747 1225 vir-

2090 1275 2186 1329 go,
2218 1260 2513 1319 Tiburtius
2544 1266 2600 1319 et
2631 1261 2996 1330 Valerianus,
3031 1256 3387 1334 Calepodius
3411 1256 3746 1333 presbyter,

2089 1349 2349 1406 Asterius
2378 1350 2708 1424 presbyter,
2739 1350 3063 1409 Palmatius
3085 1346 3303 1407 consul
3323 1366 3463 1406 cum
3492 1363 3676 1405 uxore
3694 1350 3751 1403 et

2088 1428 2245 1507 ﬁliis,
2276 1442 2333 1494 et
2354 1432 2690 1512 Simplicius
2723 1444 2980 1497 senator.

2161 1530 2333 1582 Anno
2366 1528 2684 1584 Dominicaa
2716 1526 3145 1585 incarnationis
3176 1526 3271 1583 189
3294 1524 3647 1583 Maximinus
3662 1540 3750 1581 re-

325 1617 523 1709 cl‘aret.
555 1615 793 1709 S_uppio_
811 1615 1094 1689 episcopo
1117 1608 1361 1709 Hermes
1382 1616 1604 1673 librum
1630 1615 1851 1684 scribit,
1879 1614 1982 1689 qui
2012 1640 2058 1695 Β
2094 1618 2238 1709 gnat
2261 1632 2453 1673 annos
2479 1622 2530 1673 3.
2564 1618 2754 1689 Hujus
2786 1612 3157 1691 temporibus
3173 1619 3537 1701 coronantur
3552 1617 3751 1671 Romae

326 1705 540 1762 dicitur
569 1704 850 1762 Pastoris.

399 1797 574 1850 Anno
606 1793 926 1850 Dominicse
951 1793 1379 1852 incarnationis
1417 1799 1515 1851 125
1544 1797 1772 1852 Marcus
1803 1797 1985 1850 Anto-

329 1885 507 1945 ninus
538 1887 721 1940 Verus
755 1900 894 1939 cum
919 1883 1095 1941 fratre
1146 1884 1323 1941 Lucio
1363 1884 1599 1941 Aurelio
1654 1883 1985 1941 Commodo

330 1974 504 2032 annis
536 1978 621 2041 19,
649 1989 858 2030 mense
887 1989 1030 2030 uno.
1078 1975 1301 2030 Horum
1349 1977 1406 2031 et
1455 1989 1638 2046 supra
1689 1973 1987 2029 dictorum

332 2063 702 2137 temporibus
726 2063 993 2120 coronati
1030 2066 1170 2120 sunt
1205 2065 1413 2121 Romae
1468 2063 1748 2120 Anicetus
1803 2078 1988 2137 papa,

332 2155 525 2211 Victor
552 2169 734 2227 papa,
762 2152 1067 2211 Simetrius
1096 2153 1427 2227 presbyter.
1457 2152 1718 2209 Felicitas
1773 2168 1912 2208 cum
1955 2158 1986 2208 7

332 2232 488 2312 filiis,
510 2243 698 2300 Julius
726 2246 783 2299 et
805 2242 1161 2310 Antoninus,
1197 2241 1488 2299 Eusebius
1540 2245 1598 2298 et
1640 2240 1987 2309 Pontianus,

334 2332 683 2401 Peregrinus
706 2336 764 2388 et
791 2331 1128 2388 Vincentius
1163 2350 1175 2401 ς
1230 2324 1396 2404 apud
1427 2329 1738 2388 Sebastem
1790 2334 1992 2386 Arme-

334 2420 445 2477 niae
492 2419 742 2476 minoris
796 2423 866 2476 40
921 2423 1217 2492 martyres
1256 2418 1368 2474 sub
1422 2417 1724 2495 .Agricolo
1766 2417 1989 2490 judice.

336 2508 516 2581 Apud
542 2507 871 2581 Spoletum,
901 2508 1285 2566 Concordius.
1320 2507 1495 2581 Apud
1518 2510 1861 2580 Smyrnam,
1884 2510 1992 2564 Po-

336 2600 620 2676 lycarpus
636 2598 955 2672 episcopus
971 2598 1300 2673 discipulus
1317 2597 1507 2655 sancti
1520 2597 1826 2654 Johannis.
1852 2601 1994 2655 Item

339 2685 723 2769 Germanicus
753 2691 811 2743 et
825 2687 1086 2756 Pionius,
1110 2686 1274 2761 apud
1299 2686 1638 2761 Apamiam,
1661 2685 1997 2769 Alexander

337 2764 393 2835 et
420 2777 599 2835 Gaius
630 2777 795 2851 apud
829 2780 1061 2834 Cretam
1090 2775 1325 2845 urbem,
1363 2774 1632 2845 Cortinae,
1690 2764 1996 2857 Philippus

337 2866 678 2939 episcopus,
714 2864 879 2936 apud
909 2865 1273 2933 Pergamum
1302 2862 1449 2918 Asiae
1480 2862 1714 2931 urbem,
1771 2867 1997 2937 Carpus

337 2952 972 3046 episcopus,_Papiri_us
1002 2952 1294 3010 diaconus
1321 2956 1376 3009 et
1424 2952 1687 3010 Justinus
1732 2952 1996 3025 philoso-
2026 2993 2068 3046 Ο

337 3046 518 3120 phus,
549 3042 715 3117 apud
745 3042 1107 3113 Lugdunum
1165 3042 1384 3113 Galliae,
1434 3042 1719 3100 Hireneus
1772 3043 1997 3116 episeo-

337 3151 453 3210 pus
484 3149 623 3191 cum
651 3132 873 3201 multis,
895 3132 1135 3190 Fotinus
1155 3133 1473 3208 episcopus
1520 3132 1794 3206 ejusdem
1832 3132 1997 3189 urbis

338 3228 397 3281 et
424 3222 717 3280 Blandina
739 3238 879 3278 cum
907 3221 1038 3278 aliis
1058 3225 1147 3290 48,
1166 3222 1499 3296 Epipodius
1529 3226 1586 3280 et
1613 3221 1948 3278 Alexander
1981 3239 1995 3288 ;

337 3314 399 3370 in
424 3312 593 3386 Syria
621 3312 813 3369 Victor
837 3315 894 3368 et
923 3314 1175 3381 Corona,
1202 3311 1545 3371 Mediolanis
1571 3311 1847 3379 Faustus,
1900 3313 1997 3367 Ca-

337 3403 561 3461 billone
590 3401 919 3472 Marcellus,
952 3402 1095 3458 item
1124 3402 1187 3457 in
1231 3401 1521 3458 territorio
1572 3399 1992 3468 Cabillonensi,

340 3498 547 3553 Castro
593 3492 899 3551 Trenortio
952 3491 1321 3562 Valerianus,
1375 3490 1736 3549 Alexandria
1783 3476 1995 3547 Tholb-

339 3599 511 3641 meus
541 3586 598 3638 et
626 3582 861 3638 Lucius.
1934 3566 1939 3571 ’

370 3746 375 3749 _
412 3675 587 3729 Anno
618 3672 938 3729 Dominicae
957 3669 1387 3728 incarnationis
1419 3672 1519 3726 144
1552 3668 1763 3726 Lucius
1814 3672 1995 3725 Anto-

342 3762 522 3820 ninus
555 3761 942 3833 Commodus,
975 3763 1117 3835 post
1165 3763 1423 3819 mortem
1475 3759 1662 3837 patris
1719 3757 2001 3816 Antonini

342 3853 472 3910 Veri
498 3855 771 3924 regnavit
798 3868 991 3909 annos
1024 3850 1106 3909 13.
1136 3853 1321 3925 Hujus
1340 3850 1709 3925 temporibus
1730 3847 2005 3908 nonnulli

342 3943 507 4017 passi
536 3946 676 3998 sunt
702 3956 859 4015 quos
883 3956 1071 4014 supra
1096 3941 1459 4010 notavimus,
1491 3940 1606 3996 Sed
1631 3940 1846 3997 iccirco
1876 3939 2005 3995 haec

344 4046 469 4088 non
494 4045 601 4103 per
622 4027 899 4085 ordinem
928 4028 1100 4084 certis
1145 4028 1580 4101 imperatorum
1631 4025 2006 4099 temporibus

347 4119 601 4196 exprimi
618 4117 947 4193 potuimus,
976 4117 1120 4192 quia
1139 4117 1201 4174 in
1223 4116 1592 4191 quibusdam
1616 4116 2008 4191 passionibus

349 4215 696 4270 sanctorum
727 4225 910 4283 supra
938 4208 1410 4276 nominatorum,
1443 4207 1881 4283 imperatorum
1904 4222 2008 4262 vo-

349 4300 568 4359 cabula
594 4299 679 4356 ita
708 4298 954 4356 confuse
984 4297 1181 4372 posita
1211 4301 1369 4365 sunt,
1397 4300 1463 4354 ut
1490 4312 1629 4353 cum
1671 4295 1832 4353 dicat
1880 4311 2008 4352 rem

351 4389 464 4447 sub
493 4388 795 4446 Antonino
820 4391 1075 4460 gestam,
1098 4387 1404 4458 ignoretur
1430 4388 1633 4443 utrum
1658 4385 1771 4442 sub
1792 4384 1892 4442 Pio
1908 4386 2013 4441 aut

353 4479 465 4537 sub
497 4477 832 4538 Commodo
862 4480 1064 4534 actum
1096 4476 1187 4541 sit,
1212 4478 1269 4533 et
1297 4463 1435 4532 cum
1467 4473 1611 4531 dicit
1655 4474 1768 4530 sub
1813 4472 2013 4543 Lucio,

353 4568 711 4649 ambiguum
740 4567 832 4637 sit,
865 4571 1067 4624 utrum
1094 4566 1207 4622 sub
1233 4564 1470 4622 Aurelio
1490 4568 1596 4622 aut
1618 4563 1730 4620 sub
1746 4565 2020 4622 Commo-

353 4660 432 4719 do
462 4663 568 4719 aut
589 4657 704 4715 sub
755 4658 1054 4716 Antonino
1108 4659 1345 4728 gestum
1398 4653 1489 4712 sit.
1551 4656 1766 4710 Ferunt
1817 4656 2021 4710 tamen

360 4750 527 4823 quod
552 4749 734 4822 huius
765 4744 1139 4821 temporibus
1171 4744 1456 4802 Hireneus
1502 4742 1827 4818 episcopus
1868 4743 2018 4811 Lug-

361 4839 652 4895 dunensis
684 4854 903 4911 passus
926 4836 1018 4892 sit.

431 4933 605 4984 Anno
617 4927 941 4984 Dominicis
951 4923 1387 4983 incarnationis
1411 4928 1507 4981 157
1532 4921 1732 4980 Helius
1751 4920 2025 4979 Pertinax

363 5020 576 5089 regnat
606 5030 851 5072 menses
882 5030 1005 5070 sex.

436 5112 608 5165 Anno
630 5103 957 5163 Dominicaa
986 5102 1423 5161 incarnationis
1465 5106 1565 5159 158
1598 5103 1850 5161 Severus
1897 5103 2025 5158 Per-

366 5197 531 5256 tinax
556 5194 831 5267 regnavit
855 5208 1050 5250 annos
1082 5198 1166 5249 17.
1194 5191 1465 5250 Clemens
1491 5190 1907 5249 Alexandrinae
1934 5206 2027 5247 ec-

366 5284 560 5342 clesiae
588 5287 758 5341 Pater
784 5287 842 5340 et
870 5285 1171 5340 Pantenus
1214 5281 1614 5356 philosophus
1672 5279 2025 5349 clarescunt,

367 5374 675 5433 Narcissus
704 5372 1264 5446 Hierosolymorum
1293 5371 1634 5446 episcopus,
1666 5369 2027 5444 Theophilus

368 5463 750 5523 Caesariensis
761 5461 1026 5534 insignes
1040 5461 1359 5520 habentur.
1383 5459 1675 5517 Leonides
1698 5463 1867 5533 pater
1902 5457 2027 5516 Ori-

368 5554 537 5627 genis
564 5557 884 5612 coronatur
894 5551 1059 5627 apud
1079 5551 1520 5624 Carthaginem,
1542 5552 1833 5623 Perpetua
1847 5550 1904 5606 et
1923 5548 2027 5605 Fe-

365 5646 558 5707 licitas
582 5644 790 5706 bestiis
820 5644 1213 5723 deputantur.

2092 1702 2384 1762 Antheros
2414 1722 2597 1779 papa,
2631 1706 2918 1763 Potianus
2948 1722 3129 1780 papa,
3154 1696 3425 1763 Caesarea
3448 1703 3751 1761 Palestinee

2092 1795 2440 1869 Pamphilus
2468 1800 2524 1853 et
2548 1797 2838 1854 Maximus
2869 1790 3225 1869 presbyteri.

2164 1888 2338 1940 Anno
2369 1886 2691 1943 Dominicae
2724 1880 3151 1943 incarnationis
3184 1885 3283 1942 192
3308 1880 3643 1941 Gordianus
3669 1899 3755 1940 re-

2095 1974 2301 2046 gnavit
2326 1991 2517 2032 annos
2547 1992 2667 2031 sex.
2702 1974 2983 2047 Origenes
3026 1974 3087 2031 in
3126 1975 3398 2030 Caesarea
3449 1968 3754 2028 Palestina:

2094 2064 2493 2135 Theodorum,
2516 2069 2916 2136 cognomento
2934 2064 3300 2136 Gregorium,
3333 2067 3390 2118 et
3418 2059 3756 2117 Antenodo-

2095 2169 2231 2209 rum
2258 2153 2465 2209 fratres
2504 2154 2709 2210 divina
2737 2144 3124 2228 philosophia
3158 2151 3391 2208 imbuit.

2167 2246 2339 2299 Anno
2369 2244 2692 2299 Dominicaa
2713 2242 3142 2300 incarnationis
3172 2245 3271 2299 198
3292 2240 3596 2313 Philippus
3617 2253 3756 2295 cum

2098 2330 2220 2387 tilio
2250 2330 2523 2405 Philippo
2546 2331 2822 2400 regnavit
2847 2347 3042 2389 annos
3074 2346 3180 2386 sex
3203 2348 3217 2398 ;-
3243 2328 3339 2386 hic
3366 2328 3599 2398 primus
3626 2343 3755 2383 om—

2099 2420 2269 2478 nium
2296 2420 2732 2494 imperatorum
2761 2420 3124 2477 christianus
3166 2418 3295 2476 fuit.
3713 2406 3720 2411 ’
3774 2478 3779 2483 _

2170 2514 2346 2568 Anno
2378 2511 2699 2567 Dominica:
2725 2512 3155 2570 incarnationis
3177 2514 3281 2567 204
3310 2509 3518 2567 Decius
3553 2523 3762 2579 regna-

2100 2601 2185 2658 vit
2212 2617 2441 2658 annum
2480 2617 2692 2672 unum,
2719 2618 2956 2659 menses
2986 2606 3121 2659 tres.
3159 2600 3253 2656 His
3282 2597 3590 2656 mensibus
3606 2595 3761 2654 adde

2102 2690 2383 2748 Antonini
2411 2689 2493 2745 Pii
2519 2694 2656 2758 tres,
2688 2690 2861 2747 Marci
2891 2688 3173 2745 Antonini
3202 2703 3414 2745 unum.
3460 2685 3603 2743 Helii
3632 2687 3764 2740 Per-

2102 2780 2315 2836 tinacis
2345 2794 2468 2845 sex,
2495 2777 2562 2832 ﬁt
2589 2793 2806 2845 annus,
2860 2776 2965 2848 qui
3016 2775 3132 2831 hoc
3176 2774 3237 2829 in
3284 2774 3416 2830 loco
3468 2773 3711 2847 ponitur
3746 2791 3759 2841 ;

2104 2869 2374 2923 remanet
2429 2865 2655 2921 mensis
2714 2864 2735 2919 l
2811 2866 2868 2919 et
2931 2856 3057 2923 dies
3112 2860 3319 2932 viginti
3369 2864 3524 2928 octo,
3580 2876 3765 2933 supra

2104 2956 2313 3014 notati.
2370 2954 2555 3027 Hujus
2622 2952 2993 3027 temporibus
3049 2951 3338 3024 martyrio
3402 2954 3765 3007 coronantur

2107 3050 2328 3113 Romae,
2382 3044 2679 3101 Fabianus
2726 3059 2908 3116 papa.
2958 3042 3148 3099 Xistus
3176 3057 3362 3116 papa,
3393 3039 3766 3111 Laurentius,

2107 3135 2504 3193 Felicissimus
2564 3137 2622 3190 et
2672 3133 2961 3206 Agapitus
3004 3131 3263 3198 diaconi,
3316 3129 3490 3191 Abdo
3546 3134 3604 3187 et
3622 3132 3763 3187 Sen-

2106 3241 2234 3293 nes,
2291 3222 2533 3296 lpolitus
2559 3225 2619 3280 et
2672 3221 3021 3289 Concordia,
3054 3222 3376 3278 Hiereneus
3424 3223 3482 3277 et
3530 3217 3768 3275 Habun—

2107 3314 2241 3383 dus,
2302 3312 2607 3371 Cornelius
2663 3327 2847 3387 papa,
2905 3310 3157 3368 Victoria
3230 3309 3422 3382 virgo,
3483 3308 3765 3385 Miniates,

2109 3401 2419 3459 Antiochia
2471 3391 2737 3469 Babillus
2787 3399 3105 3477 episcopus
3138 3416 3152 3468 ;
3187 3396 3502 3472 Apollonia
3536 3397 3768 3454 civitate

2111 3495 2355 3562 Leacus,
2398 3490 2595 3546 Tirsus
2647 3483 2705 3547 et
2743 3488 3122 3556 Gallinecus;
3182 3487 3596 3561 Hierosolyma
3646 3485 3771 3542 Ale—

2111 3580 2341 3638 xander
2370 3578 2691 3653 episcopus
2721 3597 2734 3648 ;
2772 3582 3033 3635 \‘azanzo
3062 3576 3301 3657 Trypho
3334 3594 3348 3638 ;
3403 3576 3464 3631 in
3496 3578 3769 3648 Egypto,

2115 3669 2346 3726 civitate
2374 3685 2511 3741 quae
2540 3667 2754 3725 dicitur
2782 3666 3046 3733 Thinius,
3075 3665 3309 3722 Phileas
3345 3665 3687 3738 episcopus,
3717 3665 3775 3721 et

2115 3756 2490 3817 Philoronius
2546 3756 2822 3813 tribunus
2876 3772 3014 3811 cum
3072 3754 3203 3812 aliis
3260 3752 3486 3821 multis,
3542 3753 3605 3810 in
3688 3752 3772 3810 Si—

2113 3846 2264 3916 cilia.
2321 3845 2555 3904 civitate
2604 3844 3048 3914 Catanensium,
3114 3841 3346 3914 Agatha
3416 3840 3585 3910 virgo
3643 3858 3656 3896 :
3714 3840 3776 3895 in

2112 3936 2372 4002 Perside,
2455 3934 2845 3993 Polocronius
2910 3932 3234 3990 Babilonize
3307 3934 3364 3987 et
3437 3927 3772 3986 Ctesifontis

2113 4026 2451 4102 episcopus,
2509 4028 2689 4094 Egem
2750 4022 3121 4095 Pamphiliae,
3183 4024 3396 4078 Nestor
3452 4018 3775 4093 episcopus

2113 4115 2174 4171 in
2233 4111 2514 4169 Corduba
2564 4111 2818 4177 civitate,
2879 4109 3230 4166 Barmenius
3277 4108 3594 4182 presbyter
3637 4122 3776 4162 cum

2117 4201 2291 4259 sociis
2351 4200 2517 4274 apud
2580 4198 2915 4255 Circensem
2969 4196 3299 4264 Coloniam,
3379 4195 3675 4253 Marianus
3724 4199 3782 4253 et

2118 4290 2378 4349 Jacobus
2427 4289 2490 4345 in
2543 4291 2742 4362 Tyro:
2826 4285 3141 4343 Anatholia
3208 4290 3265 4343 et
3334 4284 3545 4342 Audax
3615 4283 3781 4358 apud

2123 4380 2401 4447 Africam,
2482 4377 2875 4435 Nemesianus
2956 4380 3012 4432 et
3094 4373 3291 4446 Felix,
3368 4374 3779 4447 Bogantianus

2121 4469 2439 4545 presbyter
2468 4472 2525 4525 et
2571 4465 2966 4524 Felicissimus
3018 4480 3157 4521 cum
3214 4464 3416 4522 multis
3448 4463 3618 4532 aliis;
3668 4467 3782 4518 An-

2122 4560 2378 4629 tiochiae,
2404 4556 2782 4631 Asclepiades
2813 4555 3132 4630 episcopus
3170 4574 3183 4625 ;
3241 4554 3609 4613 Alexandriae
3631 4557 3781 4623 Aga-

2126 4650 2228 4708 tho
2257 4652 2314 4705 et
2338 4647 2691 4721 Seraphion,
2717 4646 2996 4703 Arsenius
3025 4649 3083 4702 et
3104 4645 3419 4703 Dioscorus
3444 4660 3583 4700 cum
3610 4641 3783 4698 sociis

2129 4755 2271 4796 81118.

2199 4831 2374 4885 Anno
2395 4826 2719 4885 Dominicis
2736 4824 3162 4883 incarnationis
3176 4827 3280 4881 206
3303 4822 3506 4879 Gallus
3516 4839 3656 4879 cmn
3672 4824 3783 4877 Vo-

2127 4918 2365 4977 lusiano
2381 4917 2504 4974 ﬁlio
2529 4916 2803 4987 regnavit
2823 4931 3018 4973 annos
3047 4914 3223 4985 duos,
3246 4928 3486 4970 menses
3501 4916 3554 4968 4.
3592 4911 3786 4981 Orige-

2129 5025 2237 5068 nes
2265 5008 2475 5065 doctor
2502 5006 2756 5064 moritur
2783 5009 2840 5063 et
2868 5004 2930 5060 in
2957 5008 3108 5077 Tyro
3135 5001 3434 5076 sepelitur.

2202 5102 2377 5156 Anno
2399 5096 2723 5154 Dominicae
2755 5093 3185 5152 incarnationis
3213 5096 3315 5151 209
3345 5089 3606 5146 Valerius
3646 5103 3785 5143 cum

2133 5188 2375 5249 Galieno
2400 5186 2673 5258 regnavit
2688 5199 2882 5242 annos
2904 5188 2987 5240 15.
3003 5185 3226 5239 Horum
3240 5177 3609 5251 temporibus
3620 5191 3787 5233 coro-

2133 5283 2355 5337 nantur
2371 5280 2569 5334 Roma
2585 5273 2921 5347 Stephanus
2941 5286 3124 5344 papa,
3152 5266 3417 5338 Eugenia
3436 5266 3627 5339 virgo,
3645 5266 3791 5323 lovi-

2134 5384 2249 5427 nus
2280 5371 2338 5426 et
2360 5365 2645 5432 Basilcus,
2675 5363 2888 5419 Lucius
2918 5374 3100 5433 papa,
3115 5355 3345 5423 Basilla,
3363 5354 3596 5429 Ruﬁna,
3623 5357 3791 5412 etSe-

2135 5456 2338 5514 cunda
2354 5454 2546 5524 virgo,
2563 5449 2950 5516 Tertulianus,
2971 5449 3180 5503 Protus
3191 5443 3577 5514 etJacinctus,
3595 5445 3789 5503 Xistus

2134 5562 2318 5622 papa,
2332 5541 2699 5609 Valerianus,
2712 5537 3051 5608 Numesius,
3067 5534 3507 5609 Symphronius
3522 5539 3581 5593 et
3592 5533 3789 5607 Olym.

2134 5636 2273 5715 pius
2284 5634 2347 5693 in
2365 5631 2603 5711 Ispania
2613 5628 2763 5689 urbe
2774 5628 3134 5701 Terragonaa
3153 5643 3168 5699 δ
3186 5628 3417 5687 Verona
3431 5629 3629 5685 Zenon
3657 5623 3785 5699 epi-
