4076 6212
322 190 385 244 21
511 193 516 197 ⁷
1533 178 1953 241 ΟΗΒΟΝῙΟΟΝι
1994 208 2064 217 -
2104 180 2219 236 ΑΝ.
2270 185 2529 241 224-263.
3683 186 3753 239 22

325 324 569 385 scopus,
595 312 651 366 et
673 308 982 364 confessor
1010 310 1373 366 Fructuosus
1399 308 1739 384 episcopus,
1774 306 1976 372 Augu-
2022 302 2068 358 A
2101 304 2276 361 Lucia
2306 312 2360 363 et
2384 309 2789 380 Geminianus,
2825 310 3059 380 Sergius
3092 310 3149 365 et
3176 305 3466 377 Bacchus,
3496 307 3750 380 Chryso-

318 400 445 456 rius
475 401 531 455 et
561 397 841 467 Eulogius
871 398 1133 454 diaconi.
1166 402 1431 455 Caesarea
1472 395 1774 453 Palestinae
1823 390 1983 449 Mari-

319 504 437 545 nus
468 492 525 545 et
548 487 841 543 Artemius
871 487 1035 560 apud
1064 488 1319 545 Africam
1338 483 1983 557 civitatem,Turburno

322 575 711 647 Lucernariae,
744 576 956 645 Maxia,
990 577 1299 648 Donatilla,
1328 580 1384 633 et
1413 575 1685 633 Secunda
1715 573 1901 642 virgo.
1920 574 1982 629 In

323 665 612 729 territorio
670 663 1061 727 Cauallitano.
1120 664 1252 720 vico
1316 660 1652 731 Mitancnsi,
1720 660 1982 717 Privatus

322 756 642 830 episcopus
667 772 679 822 ;
706 752 1049 809 Theodorus
1072 758 1472 825 cognomento
1497 751 1810 822 Gregorius
1840 752 1984 805 Neo-

324 845 607 901 Caasareas
632 842 799 899 Ponti
827 842 1144 916 episcopus
1173 843 1461 899 virtutum
1492 842 1680 913 gloria
1705 839 1906 896 claret.

390 936 562 990 Anno
594 931 913 988 Dominicae
942 933 1369 991 incarnationis
1410 935 1513 989 224
1545 929 1824 989 Claudius
1873 943 1979 984 an-

320 1038 471 1083 num
499 1037 711 1089 unum,
744 1037 983 1077 menses
1014 1026 1045 1076 9
1077 1040 1089 1089 ;
1118 1021 1211 1077 his
1241 1020 1395 1077 adde
1425 1025 1685 1093 quatuor
1712 1016 1980 1073 Volusia-

319 1109 401 1181 ni,
441 1109 508 1166 ﬁt
532 1125 753 1191 annus,
779 1109 884 1183 qui
908 1109 1003 1165 hic
1034 1109 1487 1179 adnumeratur,
1520 1110 1787 1164 remanet
1813 1119 1981 1160 men-

320 1198 399 1253 sis
433 1199 481 1255 l.
514 1199 701 1271 Hujus
748 1198 1121 1271 temporibus
1168 1199 1332 1272 passi
1382 1201 1523 1251 sunt
1572 1198 1775 1250 Romae
1831 1192 1983 1248 Felix

319 1302 505 1360 papa,
536 1287 751 1344 Marius
782 1290 840 1341 et
867 1286 1094 1341 Martha
1122 1286 1343 1355 conjux
1373 1285 1504 1355 ejus
1551 1298 1689 1339 cum
1722 1280 1875 1347 ﬁliis,
1918 1283 1982 1336 47

321 1374 558 1446 milites,
590 1374 696 1446 qui
720 1373 1003 1445 baptizati
1029 1377 1168 1429 sunt
1196 1390 1231 1429 a
1262 1372 1544 1446 Dionysio
1575 1369 1984 1443 papa.Cyrilla

319 1464 506 1534 virgo,
534 1464 596 1520 in
630 1461 953 1523 'Drracina
984 1463 1325 1535 Campaniae
1364 1462 1612 1528 civitate,
1664 1459 1816 1516 Felix
1846 1473 1980 1531 pre-

318 1552 541 1624 sbyter,
573 1556 629 1607 et
660 1550 971 1608 Eusebius.

2092 408 2306 463 gonus,
2334 398 2708 455 Saturnimus
2740 403 2796 454 et
2829 397 3141 467 Sisinnius,
3168 402 3429 470 quatuor
3456 396 3746 465 coronati,

2090 483 2452 551 Theodorus,
2514 487 2857 556 Pontianus,
2926 488 3312 543 Praetextatus
3365 488 3421 541 et
3484 483 3748 551 Thraso;

2092 573 2257 645 apud
2284 574 2585 646 Spoletum
2618 575 2935 646 Gregorius
2968 575 3297 647 presbyter,
3336 572 3592 630 Sabinus
3626 572 3749 645 epi-

2091 676 2330 733 scopus,
2360 664 2823 736 Exsuperantius
2853 667 2909 719 et
2933 662 3238 721 Marcellus
3276 661 3534 731 diaconi,
3586 658 3751 732 apud

2089 748 2315 807 insulas
2344 753 2675 808 Parmarias
2722 752 3059 822 Anastasia,
3106 751 3431 808 Antiochiae
3479 748 3751 805 Julianus

2089 844 2144 896 ct
2176 840 2470 898 Basilissa.
2516 846 2577 896 In
2610 841 2933 914 Hispaniis,
2990 841 3222 898 civitate
3274 841 3750 907 Caesaraugusta,

2088 931 2424 987 Vincentius
2456 931 2770 987 diaconus.
2806 936 2868 987 In
2919 931 3249 987 Barcinona
3299 928 3525 985 Eulalia
3564 927 3750 997 virgo,

2090 1019 2364 1075 Cucufas.
2399 1020 2577 1092 Apud
2607 1020 2948 1076 Gerundam
2974 1020 3152 1075 Felix.
3212 1019 3276 1074 In
3327 1016 3607 1075 Cucumis
3651 1018 3751 1071 Ju-

2090 1107 2250 1163 liana
2280 1109 2462 1179 virgo.
2499 1108 2673 1181 Apud
2703 1113 2921 1182 Tyrum
2947 1108 3268 1182 Tyrannio,
3303 1106 3600 1171 Silvanus,
3651 1106 3752 1160 Pe-

2091 1195 2509 1268 neleus,atque
2538 1196 2805 1269 episcopi
2831 1214 2969 1253 cum
2998 1196 3317 1253 innumera
3347 1193 3747 1251 multitudine.

2093 1284 2267 1356 Apud
2294 1285 2572 1340 Sirmium
2607 1284 2869 1341 Sirenus.
2903 1284 3246 1341 Nicomedia
3294 1288 3495 1340 Petrus
3544 1287 3599 1339 et
3646 1285 3753 1338 Lu-

2094 1374 2302 1428 cianus
2332 1374 2649 1447 presbyter
2678 1374 3058 1453 Antiocenus,
3080 1373 3394 1429 Anthimus
3410 1373 3751 1446 episcopus,

2090 1457 2455 1513 Panthaleon
2486 1500 2498 1524 ,
2555 1458 2863 1513 Johannes
2911 1457 3208 1513 Adrianus
3240 1501 3252 1525 ,
3316 1457 3643 1512 Dorotheus
3700 1461 3757 1511 et

2090 1545 2439 1616 Gorgonius,
2474 1545 2860 1601 Eleutherius.
2896 1548 3187 1616 Smyrnae,
3219 1546 3502 1601 Hierenus
3524 1544 3753 1617 episco-

386 1643 561 1697 Anno
620 1640 945 1697 Dominicee
988 1639 1419 1696 incarnationis
1474 1643 1577 1694 226
1622 1637 1978 1693 Aurelianus
2019 1648 2063 1703 Β
2089 1651 2223 1708 pus.
2258 1639 2321 1691 In
2352 1635 2643 1691 Palestina
2673 1635 2904 1691 civitate
2932 1636 3085 1691 Gaza
3118 1634 3434 1706 Sylvanus,
3478 1632 3752 1689 Mediola-

314 1729 587 1801 regnavit
636 1745 831 1786 annos
885 1734 938 1797 5,
988 1745 1226 1785 menses
1275 1733 1325 1783 6.
1378 1729 1569 1800 Hujus
1611 1726 1981 1799 temporibus

314 1818 481 1892 passi
531 1824 671 1875 sunt
722 1822 924 1874 Romae
974 1818 1378 1890 Eutychianus
1425 1832 1606 1890 papa,
1648 1816 1977 1887 Theodora,

322 1907 627 1979 Basilides,
655 1906 859 1978 Tripos
889 1910 947 1963 et
975 1906 1298 1977 Mandalia,
1334 1906 1593 1977 Linguiri
1644 1905 1831 1962 sancti
1877 1908 1978 1961 Ge-

318 1996 466 2052 mini
494 2016 507 2065 ;
543 1996 763 2052 Loonio
798 1995 1035 2052 Civitate
1067 1998 1312 2065 Conon;
1368 1999 1637 2052 Caesarea
1668 1994 1976 2067 Cappado-

317 2084 422 2140 ciae
448 2083 930 2156 Mammes,apud
958 2084 1382 2141 Praenestinam
1413 2084 1625 2140 urbem
1654 2083 1975 2156 Agapitus;

313 2173 375 2228 in
413 2173 645 2231 civitate
692 2172 913 2229 Salona
940 2174 1336 2241 Anastasius;
1392 2173 1558 2247 apud
1599 2172 1979 2243 Augustodu-

314 2278 462 2319 num
494 2263 971 2336 Symphorianus
998 2282 1011 2331 ;
1041 2263 1102 2318 in
1134 2264 1423 2319 territorio
1454 2262 1799 2332 Vivariensi,
1842 2262 1977 2317 loco

310 2350 417 2425 qui
444 2350 658 2427 dicitur
690 2350 996 2421 Gentibus,
1044 2351 1346 2407 Andeolus
1393 2351 1821 2421 subdiaconus,
1867 2353 1979 2406 An-

311 2439 567 2496 dochius
598 2439 935 2512 presbyter,
968 2439 1210 2495 Thirsus
1252 2440 1563 2508 diaconus,
1613 2444 1671 2496 et
1702 2439 1878 2506 Felix,
1919 2438 1980 2494 in

315 2532 513 2583 castro
540 2527 784 2583 Divione
812 2527 1113 2597 Benignus
1143 2526 1473 2598 presbyter.

385 2619 563 2671 Anno
588 2614 910 2671 Dominicae
938 2615 1364 2672 incarnationis
1389 2619 1493 2671 232
1517 2614 1754 2671 Tacitus
1774 2629 1984 2684 regna-

311 2704 397 2761 vit
423 2719 667 2761 menses
698 2708 729 2759 6
761 2722 773 2772 ;
807 2704 964 2760 adde
996 2710 1028 2760 6
1057 2704 1379 2772 Aureliani,
1413 2704 1478 2761 ﬁt
1503 2720 1717 2760 annus.
1764 2704 1979 2761 Rema-

310 2797 456 2851 nent
482 2796 551 2849 88
582 2792 710 2849 dies
760 2793 1036 2865 Floriani,
1094 2793 1188 2849 his
1240 2794 1540 2865 conjunge
1588 2796 1657 2849 28
1700 2793 1847 2864 dies,
1875 2793 1979 2866 qui

314 2898 497 2956 supra
524 2885 964 2951 remanserunt,
997 2881 1150 2938 ﬁunt
1184 2885 1304 2953 108,
1352 2882 1421 2938 id
1470 2886 1559 2938 est
1593 2897 1831 2939 menses
1860 2886 1890 2938 3
1921 2884 1980 2939 et

317 2973 381 3026 18
427 2970 573 3027 dies.
628 2970 795 3026 Adde
846 2970 1003 3026 duos
1054 2970 1394 3044 superﬂuos
1444 2986 1701 3035 menses,
1751 2971 1978 3029 faciunt

313 3076 550 3117 menses
610 3064 662 3127 ὅ,
722 3059 849 3115 dies
909 3064 993 3116 18.
1043 3061 1395 3117 Anatholius
1441 3061 1743 3117 Laodiceae
1791 3061 1973 3134 Syriae

313 3150 636 3224 episcopus
666 3149 864 3206 clarus
892 3149 1166 3207 habetur.

383 3242 555 3295 Anno
584 3238 905 3297 Dominicis
935 3238 1362 3296 incarnationis
1392 3242 1494 3296 233
1517 3239 1743 3296 Probus
1762 3243 1973 3309 regnat

313 3342 506 3386 annos
531 3332 583 3396 6,
624 3343 865 3384 menses
895 3331 947 3383 4.
982 3327 1079 3382 His
1108 3327 1266 3384 adde
1297 3330 1328 3382 6
1358 3327 1557 3397 Taciti,
1590 3330 1646 3385 et
1684 3333 1715 3385 5
1761 3343 1972 3402 supra-

315 3417 587 3489 scliptos,
616 3416 682 3473 ﬁt
709 3433 927 3484 annus,
958 3421 1271 3475 remanent
1294 3423 1326 3475 3
1359 3432 1615 3476 menses.

385 3512 557 3565 Anno
587 3504 909 3562 Dominick
938 3506 1365 3567 incarnationis
1395 3511 1501 3565 240
1532 3511 1714 3566 Carus
1745 3524 1884 3565 cum
1910 3508 1974 3565 ﬁ-

310 3594 403 3650 liis
441 3595 658 3653 Carino
688 3600 745 3653 et
774 3596 1140 3654 Numeriano
1168 3598 1440 3668 regnavit
1468 3613 1661 3654 annos
1677 3603 1729 3654 2.
1746 3598 1973 3655 Horum

310 3685 683 3758 temporibus
708 3691 1072 3744 coronantur
1104 3690 1304 3744 Roma:
1337 3688 1747 3761 Chrysanthus
1778 3692 1834 3744 et
1859 3690 1972 3747 Da-

306 3773 415 3842 ria,
447 3774 729 3831 Claudius
754 3776 812 3832 et
842 3775 1060 3833 Hilaria
1082 3793 1236 3834 uxor
1263 3777 1411 3849 ejus,
1438 3794 1579 3834 cum
1595 3776 1730 3833 ﬁliis
1757 3780 1973 3833 Iasone

310 3866 367 3919 et
393 3866 614 3935 Mauro,
648 3868 705 3921 et
730 3868 799 3920 70
832 3864 1066 3922 milites.

383 3955 555 4009 Anno
585 3953 909 4009 Dominicae
932 3950 937 3953 ’
962 3953 1395 4010 incarnationis
1436 3956 1540 4008 242
1577 3951 1974 4010 Diocletianus

314 4030 455 4096 cum
509 4043 866 4100 Maximiano
919 4047 976 4100 et
1029 4042 1392 4110 Constantio,
1448 4046 1502 4099 et
1542 4046 1691 4116 post
1716 4046 1972 4099 mortem

313 4130 674 4204 Diocletiani,
706 4135 1123 4191 Maximiamus
1154 4150 1293 4190 cum
1350 4135 1586 4207 Severo,
1638 4133 1866 4191 Galerio
1916 4138 1973 4191 et

318 4220 684 4279 Maximiano
708 4239 903 4279 annos
925 4228 1013 4280 20.
1044 4226 1269 4281 Horum
1288 4220 1658 4297 tempoﬁbus
1687 4222 1974 4297 martyrio

2090 1725 2182 1780 nis
2207 1725 2418 1782 Victor.
2447 1725 2626 1798 Apud
2656 1723 2956 1796 Illyricum
2987 1724 3219 1780 civitate
3255 1723 3439 1780 Siscia
3472 1722 3753 1788 Quirinus

2089 1814 2406 1886 episconus
2431 1833 2443 1882 ;
2472 1814 2637 1887 apud
2665 1815 2957 1869 Tharsum
2988 1812 3322 1870 Bonifacius
3346 1831 3359 1881 ;
3379 1811 3545 1886 apud
3573 1812 3755 1885 Aqui-

2088 1902 2265 1959 leiam
2292 1901 2445 1959 Felix
2475 1906 2530 1959 et
2553 1906 2907 1959 Fortunatus
2936 1921 2949 1969 ;
2992 1902 3157 1975 apud
3201 1902 3463 1958 Ciliciam
3510 1901 3667 1957 Vitus
3697 1904 3755 1956 et

2089 1992 2382 2049 Modestus
2412 2008 2552 2048 cum
2580 1991 2936 2061 Crescentia,
2970 1991 3149 2047 Lucia
3184 1991 3381 2063 virgo,
3423 1991 3486 2047 in
3533 1990 3753 2046 Britan-

2088 2083 2205 2155 nia,
2239 2081 2527 2152 Albanus,
2556 2082 2719 2154 apud
2752 2080 3067 2138 Massiliam
3096 2080 3311 2152 Victor,
3345 2080 3513 2154 apud
3555 2083 3754 2150 Augu-

2088 2177 2243 2228 stam
2299 2171 2455 2239 Afra,
2517 2171 2580 2226 in
2618 2171 2824 2227 Rhetia
2876 2170 3204 2244 provincia,
3267 2170 3441 2227 Nicea
3488 2168 3753 2225 Bithiniee

2085 2260 2395 2317 Theodora
2444 2276 2586 2316 cum
2634 2259 2807 2325 ﬁliis;
2854 2258 2917 2314 in
2962 2258 3276 2332 Hispaniis,
3318 2258 3550 2315 civitate
3582 2259 3753 2314 Com-

2088 2349 2274 2421 pluto.
2302 2349 2566 2405 Justinus
2594 2352 2649 2403 et
2674 2352 2877 2403 Pastor
2900 2348 3110 2403 fratres
3137 2366 3150 2415 ;
3202 2347 3263 2402 in
3296 2346 3490 2403 Sicilia
3521 2345 3755 2401 civitate

2091 2440 2379 2493 Catenum
2426 2436 2671 2509 Euplius
2709 2436 3037 2503 diaconus;
3095 2434 3259 2507 apud
3312 2435 3526 2491 urbem
3576 2434 3754 2491 ltaliaa

2092 2525 2395 2596 Pergamis
2416 2523 2773 2590 Alexander,
2802 2522 2863 2578 in
2890 2523 3123 2580 civitate
3150 2523 3471 2582 Calcidona
3520 2524 3752 2599 Euphe-

2091 2616 2233 2671 mia.
2267 2617 2331 2669 ln
2360 2612 2605 2687 Neapoli
2662 2611 3005 2684 Campaniae
3056 2612 3374 2669 Januarius
3411 2613 3750 2687 episcopus,

2089 2707 2563 2771 Beneventanus,
2604 2702 2807 2758 Sosius
2852 2701 3131 2769 diaconi;
3182 2704 3474 2759 Mesenote
3522 2702 3752 2759 civitate

2091 2798 2337 2851 Faustus
2363 2797 2418 2848 et
2438 2791 2834 2865 ,Desydcrius.
2870 2795 2934 2847 In
2965 2791 3258 2848 Palestina
3277 2792 3482 2848 Peleus
3510 2797 3567 2848 et
3594 2791 3753 2848 Nilus

2088 2883 2394 2959 episcopi;
2423 2881 2723 2953 intlyzico
2755 2884 2967 2938 Fausta
3016 2885 3073 2937 et
3120 2881 3424 2951 Evilasius,
3477 2886 3749 2953 Agauno,

2018 3001 2059 3058 ο
2088 2971 2399 3033 Mauricius
2429 2988 2569 3028 cum
2590 2970 2764 3027 sociis
2790 2989 2803 3039 ;
2835 2970 3139 3027 Antiochea
3171 2971 3503 3045 Cyprianus
3528 2970 3755 3044 episco-

2082 3082 2197 3139 pus
2229 3080 2367 3119 cum
2396 3061 2624 3120 Iustina
2650 3079 2663 3130 ;
2699 3061 2865 3134 apud
2890 3064 3133 3133 IEgeam
3162 3060 3483 3131 civitatem,
3503 3064 3751 3120 Cosmas

2084 3160 2140 3214 et
2185 3154 2555 3220 Damianus;
2609 3152 2670 3207 in
2715 3150 2931 3222 Galliis,
2977 3156 3174 3209 castro
3229 3151 3540 3221 Solodoro,
3583 3152 3752 3225 quod

2083 3248 2172 3301 est
2201 3258 2381 3316 super
2409 3241 2651 3298 Arolam
2680 3240 2954 3311 ﬂuvium,
2984 3240 3211 3309 Victor;
3242 3240 3408 3313 apud
3439 3240 3751 3298 Coloniam

2082 3333 2476 3406 Agrippinam
2531 3332 2757 3387 Gereon
2808 3346 2949 3386 cum
3006 3330 3224 3399 sociis;
3285 3330 3449 3403 apud
3497 3333 3751 3386 Tarsum

2081 3427 2359 3492 Taracus,
2390 3420 2618 3478 Probus
2647 3423 2704 3476 et
2731 3418 3147 3487 Andronicus;
3202 3418 3264 3475 in
3315 3419 3571 3476 Venusia
3616 3418 3753 3475 civi-

2082 3518 2198 3571 tate
2225 3511 2476 3586 Apuliae,
2510 3509 2672 3566 Felix
2700 3509 3040 3582 episcopus,
3072 3509 3285 3565 Audax
3332 3511 3388 3564 et
3430 3508 3749 3565 Januarius

2080 3602 2414 3678 presbyteri
2440 3620 2452 3671 ;
2488 3599 2828 3658 Suessionis
2859 3598 3091 3655 civitate
3118 3596 3428 3670 Crispinus
3456 3602 3513 3655 et
3534 3597 3748 3670 Crispi-

2080 3694 2333 3759 nianus;
2389 3690 2556 3762 apud
2608 3688 2891 3744 Sidonem
2934 3687 3231 3744 Cenobius
3269 3686 3625 3757 presbyter;
3685 3685 3747 3740 in

2081 3778 2374 3839 territorio
2396 3774 2698 3847 Aganensi
2727 3773 3018 3840 Tiberius,
3064 3773 3360 3829 Modestus
3409 3777 3467 3828 et
3512 3772 3749 3829 Floren-

2084 3868 2209 3925 tina
2238 3885 2250 3935 ;
2279 3866 2341 3921 in
2369 3863 2588 3922 Scithia
2615 3860 2932 3935 metropoli
2962 3860 3154 3931 Frigia
3186 3859 3415 3919 Salaria
3456 3863 3699 3919 Mennas
3730 3879 3745 3929 ;

2081 3955 2394 4015 Antiochia
2421 3958 2748 4023 Romanus,
2778 3951 3137 4009 Alexandria
3166 3955 3370 4009 Petrus
3391 3952 3743 4026 episcopus;

2080 4049 2143 4105 in
2170 4047 2388 4104 Affrica
2417 4044 2648 4103 civitate
2679 4042 2921 4100 Colonia
2944 4041 3134 4113 virgo.
3165 4046 3227 4098 In
3252 4042 3463 4100 Tuscia
3484 4041 3746 4100 Barbara

2081 4137 2269 4207 virgo.
2304 4140 2368 4193 ln
2399 4133 2674 4207 Hispanis
2705 4131 3032 4200 Leocadia;
3064 4131 3319 4189 Emerita
3361 4132 3592 4189 civitate
3633 4134 3744 4188 Euo

2079 4226 2220 4284 lalia
2243 4229 2301 4283 et
2327 4224 2481 4282 Julia
2510 4223 2789 4293 virgines.

310 4314 677 4367 coronantur
700 4314 902 4368 Romae
933 4312 1110 4369 Gaius
1142 4328 1324 4384 papa,
1358 4312 1638 4383 Cyriacus
1653 4311 1967 4379 diaconus,
2006 4354 2050 4410 Β
2152 4317 2344 4386 [Anno
2398 4312 2719 4369 Dominicee
2762 4309 3191 4368 incarnationis
3221 4314 3344 4368 243.
3376 4312 3568 4383 Hujus
3596 4313 3744 4369 Con»

313 4400 536 4468 Largus
588 4404 647 4457 et
699 4400 1109 4471 Smaragdus,
1164 4399 1548 4472 Apronianus
1573 4442 1592 4472 ,
1650 4401 1858 4474 Papias
1912 4405 1971 4458 et
2006 4398 2048 4410 ”
2083 4405 2285 4462 stantii
2328 4401 2719 4476 temporibus,
2773 4417 2920 4473 pace
2973 4401 3235 4458 ecclesiis
3290 4401 3524 4459 reddita
3548 4443 3563 4471 ,
3623 4398 3742 4472 epi-

310 4489 566 4559 Maurus,
600 4488 881 4546 Claudius
911 4493 968 4546 et
996 4489 1372 4563 Propedigna
1401 4506 1539 4546 cum
1590 4489 1748 4558 ﬁliis,
1799 4490 1969 4548 Gabi-

311 4576 446 4633 nius
497 4579 833 4651 presbyter,
888 4578 1162 4636 Castulus
1212 4580 1577 4649 Pancratius,
1629 4579 1968 4637 Arthemius

312 4681 452 4722 cum
474 4683 658 4725 uxore
688 4672 745 4724 et
769 4667 914 4738 ﬁlia,
945 4668 1355 4736 Sebastianus,
1403 4672 1630 4727 Marcus
1660 4674 1717 4727 et
1740 4670 1973 4727 Marcel-

309 4757 528 4827 lianus,
585 4759 955 4817 Marcellinus
997 4759 1330 4833 presbyter,
1388 4762 1592 4816 Petrus
1655 4760 1967 4829 exorcista,

309 4848 770 4921 Tranquillinus,
802 4850 1188 4916 Nicostratus,
1218 4852 1329 4905 Zoe
1354 4865 1509 4905 uxor
1531 4849 1680 4921 ejus,
1730 4849 1968 4906 Primus

311 4940 369 4993 et
394 4936 741 5005 Felicianus,
767 4937 1073 5008 Claudius,
1103 4938 1399 4995 Castorius
1428 4937 1777 5008 Victorinus,
1804 4940 1972 5011 Sym-

309 5024 663 5097 phorianus,
721 5026 1066 5096 Basiliscus,
1122 5026 1458 5097 Faustinus,
1515 5026 1850 5100 Simplicius
1915 5031 1974 5085 et

310 5113 564 5178 Beatrix,
596 5116 892 5173 Tiburtius
920 5116 1081 5172 ﬁlius
1110 5115 1452 5183 Chromatii,
1481 5118 1758 5174 Susanna
1775 5116 1968 5189 virgo,

313 5204 632 5275 Johannes,
689 5205 951 5280 Crispus,
1005 5207 1308 5273 Genesius,
1352 5205 1510 5262 Felix
1550 5210 1608 5263 et
1642 5207 1967 5275 Adauctus,

2076 4492 2241 4566 scopi
2286 4490 2533 4565 privatis
2592 4489 2835 4546 sedibus
2887 4489 3300 4560 restituuntur,
3334 4493 3390 4546 et
3420 4488 3537 4545 alia
3566 4488 3742 4560 plura

2076 4582 2411 4639 christianae
2465 4579 2750 4650 religione
2814 4577 3131 4652 profutura
3191 4579 3506 4635 ceduntur.
3584 4579 3741 4631 Inter

2075 4690 2211 4747 quae
2280 4671 2460 4729 etiam
2534 4668 2880 4726 coenobium
2959 4683 3272 4725 servorum
3346 4665 3446 4722 Dei
3508 4662 3740 4720 Treveri

2074 4762 2410 4827 inchoatur,
2455 4758 2552 4815 cui
2603 4756 2932 4832 prtescripti
2987 4754 3275 4829 principis
3327 4767 3601 4825 assensu,
3654 4751 3741 4809 in-

2074 4855 2164 4908 ter
2193 4849 2506 4920 contiguos
2535 4847 2672 4904 urbi
2698 4861 2931 4914 muros,
2961 4844 3262 4900 Johannes
3304 4841 3518 4912 abbas,
3570 4842 3738 4899 mira

2078 4938 2400 4997 sanctitatis
2426 4937 2537 5010 vir,
2565 4936 2732 4994 initia
2769 4932 2951 4991 dedit.
2996 4932 3177 5003 Cujus
3221 4932 3481 4990 coenobii
3524 4931 3738 4989 beatus

2077 5028 2444 5101 Augustinus
2499 5028 2561 5084 in
2616 5025 2771 5082 libro
2837 5020 3291 5081 Confessionum
3369 5023 3739 5081 mentionem

2080 5118 2236 5190 fecit]
2260 5118 2397 5190 (11).
3274 5134 3281 5140 ·

2152 5211 2324 5266 Anno
2351 5202 2674 5263 Dominicee
2700 5200 3124 5260 incarnationis
3152 5206 3254 5260 263
3294 5202 3400 5273 (12)
3451 5202 3736 5258 Constan-

1907 5352 1950 5405 Ν
1956 5350 2138 5407 OTIE.

388 5488 502 5589 (ll)
540 5491 764 5546 Desunt
792 5489 853 5545 in
883 5489 1068 5547 Codd.
1106 5494 1153 5558 1,
1186 5494 1240 5562 2,
1274 5494 1327 5561 3,
1360 5494 1411 5558 6,
1445 5489 1650 5549 forsan
1699 5494 1757 5547 et
1794 5491 1855 5547 in
1883 5502 1971 5548 re-

310 5576 512 5740 ῌἛιῦ.
539 5666 755 5726 Omnia
777 5657 918 5723 inde
942 5662 1019 5722 ab
1051 5682 1211 5725 anno
1246 5670 1349 5725 263
1398 5683 1590 5741 usque
1637 5667 1718 5726 ad
1755 5683 1810 5725 a.
1840 5671 1964 5740 746,

2080 5490 2143 5548 id
2173 5495 2266 5547 est
2289 5488 2715 5562 quaterniones
2772 5494 2912 5560 tres,
2970 5488 3383 5546 desiderantur
3424 5486 3484 5543 in
3532 5484 3733 5543 codice

2080 5580 2225 5639 olim
2251 5578 2624 5652 Frisingensi.
