4086 6200
296 196 366 249 23
1412 189 1793 255 REGINONIS
1829 185 2243 242 PRUMIENSIS
2282 188 2596 246 ABBATIS.
3668 195 3738 250 24

296 318 476 384 tinus,
524 314 850 373 Constantii
889 332 962 372 ex
1005 314 1344 371 concubina
1398 315 1619 371 Helena
1664 313 1842 377 ﬁlius,
1875 325 1961 365 re-
1987 313 2032 365 A
2071 308 2206 365 ﬁliis
2236 317 2447 382 regnat
2475 329 2669 371 annos
2703 320 2755 370 4.
2793 316 2987 371 Hunni
3017 317 3237 375 Gothos
3280 315 3538 389 propriis
3588 297 3739 373 sedi-

298 411 441 478 gnat
485 420 678 462 annos
705 405 946 475 triginta
975 420 1214 460 menses
1243 404 1453 461 decem
1480 423 1493 472 ;
1522 404 1614 460 his
1656 402 1814 459 adde
1847 406 1963 455 tres

298 509 535 550 menses
556 493 661 566 qui
685 509 868 566 supra
897 510 959 549 re
971 498 1328 549 manserunt
1359 493 1425 549 ﬁt
1450 509 1668 561 annus,
1697 492 1970 546 remanet

300 600 457 639 unus
482 583 725 639 mensis.
764 582 1039 639 Silvester
1067 598 1229 655 papa
1254 582 1452 639 clarus
1483 582 1759 647 habetur,
1791 579 1965 650 cujus

301 674 594 729 industria
625 672 896 744 synodus
944 672 1409 745 praeclarissima
1451 676 1574 727 toto
1617 670 1761 727 orbe
1796 673 1969 725 terra-

298 779 435 818 rum
466 763 569 818 318
592 765 830 817 Patrum
860 760 1026 833 apud
1075 761 1315 817 Niceam
1356 760 1568 816 urbem
1613 760 1962 816 celebratur.

302 854 457 908 Crux
518 850 750 906 Domini
806 850 994 907 nostri
1046 854 1184 907 Jesu
1241 850 1453 907 Christi
1504 867 1540 905 a
1594 848 1749 906 Juda
1800 848 1965 905 inve-

300 939 478 995 nitur.
528 939 643 995 Sed
695 942 760 995 ut
816 940 879 994 in
936 939 1114 1009 gestis
1152 938 1508 1012 pontiﬁcum
1558 942 1963 995 Romanorum

300 1027 577 1095 legimus,
635 1027 750 1083 sub
807 1028 1153 1084 Constantio
1218 1031 1386 1101 patre
1439 1026 1843 1093 Constantini,
1911 1030 1968 1081 et

307 1116 559 1171 Eusebio
609 1114 888 1189 pontiﬁce
938 1116 1484 1186 Romano,’eadem
1540 1133 1685 1172 crux
1732 1114 1966 1171 Domini

302 1204 547 1262 inventa
604 1210 709 1260 est.
752 1192 925 1260 'Nam
995 1204 1077 1259 ibi
1145 1205 1226 1260 ita
1282 1205 1495 1274 legitur
1548 1224 1560 1260 :
1619 1205 1730 1259 sub
1783 1204 1964 1273 hujus

304 1293 772 1365 temporibus,id
794 1298 882 1348 est
910 1293 1165 1359 Eusebii,
1196 1294 1437 1349 inventa
1457 1298 1545 1348 est
1571 1310 1715 1349 crux
1734 1293 1963 1362 Christi,

305 1387 335 1436 5
363 1385 558 1437 Nonas
585 1381 732 1447 Maii,
767 1385 824 1436 et
850 1380 1184 1452 baptizatus
1212 1386 1299 1436 est
1327 1381 1535 1449 Judas,
1576 1383 1680 1455 qui
1727 1387 1784 1438 et
1829 1382 1966 1447 Qui-

303 1483 521 1523 l‘laCllS.

379 1557 551 1611 Anno
609 1555 930 1612 Dominicae
982 1556 1409 1627 incarnationis
1447 1563 1549 1614 295
1591 1557 1967 1615 Constantius

2074 400 2190 455 bus
2210 400 2456 473 pellunt.
2491 404 2662 459 Gothi
2695 404 3008 461 Thraciam
3040 405 3504 478 depopulantur.

2148 492 2322 546 Anno
2380 491 2700 549 Dominicae
2755 493 3180 550 incarnationis
3244 499 3346 550 332
3422 494 3737 550 Gratianus

2076 594 2215 635 eum
2245 579 2423 637 fratre
2444 582 2855 639 Valentiniano
2883 584 3154 655 regnavit
3175 599 3366 640 annos
3397 586 3449 639 6.
3474 583 3740 640 Theodo-

2074 667 2198 721 sius
2242 684 2279 723 a
2325 669 2605 726 Gratiano
2635 670 2961 744 imperator
2991 676 3242 728 creatur.
3296 670 3578 743 Synodus
3639 672 3751 729 150*

2073 758 2312 811 Patrum
2367 764 2764 829 congregatur
2809 760 2956 816 urbe
3009 763 3281 829 Augusta
3327 758 3441 814 sub
3481 761 3738 818 Damaso

2072 861 2253 919 papa.
2282 848 2648 905 Theodosius
2680 849 3000 907 Arcadium
3030 850 3220 905 ﬁlium
3248 854 3587 905 consortem
3633 850 3739 906 im-

2073 934 2215 1007 perii
2250 935 2405 992 facit.
2440 939 2727 995 Maximus
2755 940 2817 995 in
2852 938 3215 995 Britanniam
3232 939 3557 1010 imperator
3582 955 3741 995 crea-

2074 1026 2189 1091 tur,
2219 1022 2279 1080 in
2312 1025 2560 1082 Galliam
2591 1026 2757 1099 apud
2780 1028 3139 1098 Lugdunum
3162 1028 3511 1084 Gratianum
3539 1032 3739 1096 Augu-

2076 1116 2232 1167 stum
2263 1113 2570 1183 interfecit,
2602 1114 2843 1172 fratrem
2874 1117 3006 1187 ejus
3037 1115 3545 1172 Valentinianum.
3566 1115 3738 1173 Italia

2074 1201 2316 1274 expulit.
2348 1203 2629 1259 Martinus
2668 1208 3042 1261 Turonorum
3086 1204 3407 1277 episcopus
3449 1204 3737 1261 virtutum
3822 1211 3835 1221 ‘

2074 1288 2265 1363 gloria
2297 1289 2497 1360 fulget.
2532 1291 2932 1365 Hieronymus
2978 1309 3162 1349 sacrae
3209 1292 3514 1364 scripturae
3558 1292 3730 1347 inter-

2074 1393 2210 1449 pres
2239 1378 2297 1433 in
2327 1379 2621 1435 Bethleem
2648 1380 2899 1451 insignis
2930 1381 3204 1438 habetur.

2146 1470 2316 1521 Anno
2358 1467 2679 1523 Dominicaa
2728 1469 3155 1525 incarnationis
3210 1471 3311 1547 Q39
3348 1454 3735 1535 meodosius,

2074 1556 2178 1628 qui
2208 1557 2484 1614 Gratiano
2512 1558 2743 1615 vivente
2775 1564 2804 1614 5
2836 1575 3027 1615 annos
3060 1560 3187 1629 jam
3239 1559 3525 1614 orientem
3572 1574 3738 1628 rege-

307 1660 447 1700 cum
479 1644 867 1701 Constantino
894 1650 949 1701 et
979 1648 1295 1703 Constante
1325 1647 1624 1716 fratribus,
1651 1662 1846 1703 annos
1876 1652 1963 1714 27,
2002 1658 2047 1712 Β
2075 1643 2200 1714 bat,
2241 1650 2375 1717 post
2399 1646 2527 1716 ejus
2558 1651 2812 1703 mortem
2860 1646 3131 1716 regnavit
3189 1661 3380 1703 annos
3432 1645 3733 1711 undecim,

304 1749 549 1789 menses
581 1740 632 1801 5,
665 1734 791 1789 dies
825 1739 909 1791 t3.
944 1736 1169 1792 Horum
1203 1736 1572 1809 temporibus
1614 1736 1966 1794 Maximinus

306 1822 678 1878 Trevirorum
703 1822 1022 1897 episcopus
1048 1824 1244 1881 clarus
1272 1824 1549 1895 habetur,
1588 1824 1846 1881 Jacobus
1880 1824 1968 1881 Ni-

309 1910 476 1965 sibus
507 1910 825 1983 episcopus
873 1912 1240 1980 agnoscitur,
1294 1913 1584 1969 Antonius
1632 1914 1967 1969 monachus

307 2001 369 2056 in
404 2015 605 2055 erema
633 1984 901 2067 moritur,
937 2001 1189 2057 Hilarius
1221 2001 1579 2058 Pictavensis
1619 2002 1964 2076 episcopus,

308 2089 387 2145 ab
415 2088 589 2161 exilio
618 2094 950 2146 revocatur.
982 2090 1169 2146 Julius
1196 2107 1358 2164 papa
1398 2091 1459 2146 in
1507 2090 1750 2147 exilium
1793 2091 1967 2147 mitti-

307 2184 437 2243 tur;
492 2179 754 2235 Liberius
806 2196 968 2253 papa
1017 2180 1191 2236 exilio
1246 2181 1615 2253 deportatur,
1659 2185 1969 2237 revocatus

308 2268 601 2323 haareiicis
660 2268 833 2326 favet.
895 2269 1049 2325 Felix
1098 2285 1260 2342 papa
1312 2270 1675 2342 deponitur,
1759 2275 1817 2327 et
1890 2270 1968 2326 ab

309 2356 600 2411 haereticis
626 2356 992 2427 interﬁcitur,
1040 2357 1329 2413 Eusebius
1377 2354 1692 2431 presbyter
1728 2362 1972 2431 propter

310 2442 493 2501 ﬁdem
523 2444 879 2502 catholicam
908 2446 971 2502 in
1015 2446 1287 2519 quodam
1334 2447 1678 2504 cubiculum
1724 2446 1970 2503 includi-

313 2539 429 2605 tur,
455 2534 657 2606 ibique
685 2539 826 2607 post
853 2542 883 2590 7
914 2551 1157 2593 menses
1188 2537 1456 2593 moritur.
1502 2538 1819 2611 Dionysius
1855 2538 1975 2610 epi-

314 2640 533 2696 scopus
577 2624 1031 2681 Mediolanensis
1088 2626 1253 2699 apud
1301 2628 1746 2700 Cappadociam
1799 2627 1974 2682 exilio

312 2714 654 2770 damnatur.
688 2713 906 2770 Paulus
935 2715 1630 2786 Constantinopolitanus
1656 2715 1976 2789 episcopus

312 2798 391 2853 ab
418 2801 652 2856 Arianis
682 2803 1107 2873 strangulatur.
1137 2803 1417 2860 Paulinus
1438 2804 1757 2877 episcopus
1779 2805 1976 2859 Trevi-

312 2903 540 2954 rorum,
596 2904 906 2945 successor
960 2892 1149 2947 sancti
1196 2891 1495 2948 Maximini
1550 2882 1836 2966 episcopi,
1896 2892 1976 2948 ob

2073 1735 2393 1791 Maximum
2445 1740 2770 1808 tyrannum
2816 1741 3032 1808 quarto
3081 1736 3159 1792 ab
3217 1735 3486 1809 Aquileia
3536 1735 3736 1808 lapide

2073 1823 2377 1880 interfecit.
2414 1824 2629 1881 Siricus
2656 1841 2819 1898 papa
2846 1827 3180 1881 Romanam
3220 1826 3369 1895 regit
3395 1824 3733 1880 ecclesiam.

2078 1911 2476 1983 Hieronymus
2533 1912 2755 1969 librum
2811 1912 2886 1968 de
2932 1912 3263 1969 illustribus
3309 1911 3455 1967 Viris
3510 1910 3732 1967 scribit.

2075 1999 2253 2072 Apud
2279 1994 2608 2073 zEgyptum
2633 2002 2936 2057 Johannes
2957 1992 3246 2057 herémita
3267 1998 3735 2072 celebratur,qui

2074 2088 2406 2145 Theodosio
2436 2088 2511 2145 de
2540 2089 2810 2161 tyrannis
2840 2089 3150 2147 victoriam
3174 2089 3466 2161 praedixit.
3554 2114 3585 2135 ο

2148 2180 2320 2232 Anno
2346 2175 2670 2233 Dominicie
2702 2176 3133 2233 incarnationis
3166 2180 3270 2234 350
3315 2175 3647 2232 Ambadius
3677 2174 3741 2230 ﬁ-

2076 2265 2190 2321 lius
2222 2265 2534 2322 Theodosii
2560 2282 2699 2321 cum
2729 2264 2907 2321 fratre
2935 2265 3192 2321 Honorio
3238 2264 3507 2335 regnavit
3544 2266 3738 2320 annos

2082 2359 2166 2410 15.
2215 2354 2385 2411 Gothi
2422 2354 2668 2424 italiam,
2732 2354 3013 2411 Wandali
3056 2359 3237 2427 atque
3275 2353 3451 2409 Alani
3476 2355 3497 2389 9
3523 2352 3742 2411 Gallias

2080 2442 2529 2513 aggrediuntur.
2563 2444 2825 2514 Corpora
2854 2441 3094 2498 Abacuc
3126 2445 3184 2497 et
3208 2438 3442 2498 Micheae
3486 2441 3745 2515 prophe-

2080 2536 2279 2588 tarum
2338 2531 2692 2588 revelantur.
2754 2531 3132 2587 Innocentius
3187 2546 3349 2603 papa
3407 2533 3746 2588 Romanam

2083 2620 2232 2677 rexit
2282 2619 2614 2677 ecclesiam.
2676 2622 2926 2677 Sanctus
2983 2617 3263 2676 Martinus
3310 2619 3630 2692 episcopus
3668 2619 3745 2677 ad

2083 2709 2349 2765 caelestia
2407 2704 2633 2765 transh.
2694 2709 3007 2765 Severinus
3088 2709 3407 2781 episbopus
3488 2709 3742 2765 Coloniae

2080 2799 2423 2871 Agrippinae
2456 2798 2649 2854 clarus
2678 2798 2951 2855 habetur.
3012 2797 3382 2866 Augustinus
3429 2798 3745 2871 episcopus

2084 2888 2337 2944 eximius
2366 2886 2576 2943 doctor
2604 2887 2662 2942 in
2698 2880 3015 2960 fpponensi
3044 2886 3300 2944 ecclesia
3327 2886 3595 2943 divinam
3620 2886 3747 2959 phi-

312 2975 670 3031 catholicam
701 2974 882 3032 ﬁdem
911 2994 947 3033 a
976 2979 1318 3036 Constantio
1348 2962 1645 3051 relegatur
1670 2962 1865 3053 exilio,
1920 2983 1979 3036 et
2015 3006 2057 3062 ρ
2084 2977 2424 3050 losophiam
2450 2976 2835 3046 dogmatizat.
2868 2975 3137 3062 Pelagius
3169 2962 3363 3031 Britto'
3375 2974 3629 3045 gratiam
3650 2975 3747 3030 Dei

313 3078 503 3134 usque
535 3064 614 3119 ad
642 3069 897 3122 mortem
929 3066 1110 3123 etiam
1141 3067 1294 3125 ultra
1324 3069 1714 3126 christianum
1750 3084 1975 3126 nomen
2026 3058 2057 3062 ⁷
2083 3066 2419 3139 impugnat.
2890 3058 2905 3073 ’

311 3152 625 3219 mutando,
657 3152 833 3209 exilio
860 3154 1156 3226 fatigatur.
1209 3158 1301 3213 Ad
1350 3157 1628 3215 ultimum
1668 3158 1830 3231 apud
1861 3158 1976 3214 Fri-

311 3240 473 3309 giam
505 3240 825 3298 defunctus
854 3248 961 3312 est,
995 3245 1134 3301 inde
1162 3247 1427 3304 Treveris
1455 3252 1810 3320 reportatur.

381 3333 553 3385 Anno
584 3331 907 3387 Dominicaa
938 3334 1367 3391 incarnationis
1397 3337 1502 3392 310
1539 3336 1727 3393 Julius
1767 3353 1978 3410 regna-

309 3417 394 3474 vit
413 3434 606 3474 annos
636 3419 811 3490 duos,
840 3437 1077 3479 menses
1110 3428 1265 3481 octo.
1325 3425 1425 3480 His
1473 3425 1628 3482 adde
1673 3431 1705 3481 6
1760 3427 1864 3499 qui
1892 3443 1978 3482 re-

313 3512 684 3576 manserunt,
713 3507 778 3563 ﬁt
809 3525 1028 3583 annus,
1072 3518 1396 3585 supersunt
1440 3518 1473 3569 2
1524 3529 1761 3571 menses
1804 3520 1861 3571 et
1911 3518 1976 3570 18

312 3594 463 3650 dies.
496 3596 687 3667 Hujus
718 3599 1089 3671 temporibus
1118 3606 1487 3659 coronantur
1506 3606 1707 3660 Romae
1741 3605 1974 3659 Priscus

312 3684 642 3757 presbyter,
666 3686 1068 3746 Priscillianus
1118 3690 1389 3757 clericus,
1438 3693 1753 3750 Benedicta
1790 3694 1978 3750 foemi-

310 3789 412 3840 na,
445 3774 683 3845 Pigmus
710 3777 1054 3850 [Pimenius]
1100 3782 1432 3855 presbyter,
1484 3783 1840 3853 Gordianus,
1875 3787 1979 3841 De-

311 3862 525 3918 metria
550 3864 754 3932 virgo;
784 3867 1092 3922 Johannes
1122 3871 1456 3941 presbyter,
1490 3872 1632 3927 item
1676 3874 1977 3929 Iohannes

313 3954 372 4004 et
400 3950 639 4020 Paulus,
673 3956 925 4009 Faustus
951 3960 1008 4009 et
1034 3955 1284 4012 Dafrosa
1313 3975 1326 4019 ;
1376 3957 1438 4012 in
1490 3960 1692 4014 Hostia
1739 3960 1979 4017 Hilaria-

313 4054 431 4093 nus
461 4038 956 4097 Jerosolimorum
986 4044 1653 4117 episcopus,Quiriacus
1682 4053 1738 4104 et
1766 4049 1974 4117 Judas,

316 4126 691 4185 Alexandriae
722 4130 1082 4200 Gallicanus,
1117 4133 1390 4189 Vercellis
1419 4134 1710 4192 Eusebius
1754 4138 1979 4210 episco-

315 4232 452 4289 pus,
482 4217 689 4276 Arecia
713 4219 946 4277 civitate
970 4224 1234 4278 Donatus
1263 4223 1606 4296 episcopus,
1626 4225 1978 4284 Anthiochia

316 4305 718 4363 Theodoricus
745 4308 1077 4381 presbyter.

2154 3138 2329 3211 Anno
2410 3155 2731 3212 Dominicze
2785 3155 3213 3212 incarnationis
3281 3158 3384 3210 364
3444 3138 3746 3210 Honorius

2084 3261 2223 3301 cum
2270 3244 2601 3301 Theodosio
2660 3244 2889 3301 minore
2943 3244 3138 3300 fratris
3190 3243 3282 3300 sui
3359 3242 3483 3299 ﬁlio
3538 3257 3748 3312 regna-

2083 3334 2168 3391 vit
2218 3350 2411 3390 annos
2470 3335 2549 3390 15.
2607 3333 2872 3391 Alaricus
2923 3350 3028 3390 rex
3109 3334 3437 3391 Gothorum
3496 3334 3747 3388 Romam

2083 3424 2314 3481 invadit
2388 3439 2549 3481 anno
2608 3430 2638 3479 7
2715 3423 2977 3480 Honorii.
3061 3426 3345 3507 Corpora“
3404 3406 3749 3478 sanctorum

2089 3514 2376 3588 Stephani
2433 3513 2910 3587 protomartyris,
2955 3512 3292 3570 Gamalielis
3344 3516 3401 3567 et
3469 3509 3753 3567 Nichode-

2087 3604 2215 3672 mi,
2291 3604 2549 3660 Luciano
2592 3603 2943 3677 presbytero
2996 3602 3349 3658 revelantur.
3408 3599 3751 3657 Bonifacius

2086 3707 2249 3767 papa
2281 3736 2294 3758 ,
2383 3697 2441 3748 et
2492 3692 2815 3749 Celestinus
2872 3693 3207 3746 Romanam
3277 3694 3491 3758 regunt
3567 3687 3752 3745 eccle-

2087 3781 2260 3837 siam.
2314 3781 2713 3854 Hieronymus
2776 3779 3086 3852 presbyter
3164 3778 3310 3835 obiit
3392 3782 3457 3832 t2
3511 3774 3754 3833 Honorii

2086 3885 2270 3940 anno,
2320 3871 2509 3928 astatis
2557 3876 2757 3927 autem
2811 3884 2934 3925 suae
2981 3872 3093 3936 97;
3130 3868 3314 3923 libros
3354 3881 3495 3922 suos
3542 3880 3652 3937 per
3683 3867 3752 3919 50

2088 3974 2282 4015 annos
2316 3960 2575 4015 confecit
2603 3962 2667 4013 ίο.
3756 4006 3771 4021 .

2159 4050 2334 4103 Anno
2379 4048 2696 4102 Dominicse
2744 4038 3176 4103 incarnationis
3233 4050 3337 4101 370
3389 4041 3755 4099 Theodosius

2087 4136 2303 4203 minor,
2340 4134 2615 4203 Archadii
2644 4134 2820 4199 ﬁlius,
2855 4134 3127 4202 regnavit
3175 4148 3369 4188 annos
3419 4134 3509 4187 26.
3552 4131 3756 4187 Valen-

2088 4202 2348 4281 tinianus
2367 4202 2593 4295 juniof,
2626 4220 2951 4279 Constantii
2995 4220 3177 4288 ﬁlius,
3229 4223 3527 4276 Ravennae
3572 4221 3756 4292 impe-

2020 4351 2064 4405 Β
2094 4319 2259 4370 rator
2283 4312 2613 4405 ordinatur.
2657 4313 2810 4405 Gens
2863 4308 3305 4375 Wandalorum,
3342 4310 3669 4405 Alanorum
3700 4312 3757 4364 et

389 4398 561 4451 Anno
592 4397 914 4454 Dominicis
945 4398 1374 4458 incarnationis
1405 4402 1875 4461 3luovinianus
1895 4421 1983 4462 re-
2020 4397 2059 4405 "
2095 4403 2419 4458 Gothorum
2463 4400 2724 4456 Africam
2773 4399 3069 4455 devastat.
3118 4400 3486 4469 Augustinus
3533 4399 3757 4471 episco-

322 4486 466 4554 gnat
488 4499 726 4541 menses
752 4489 803 4542 8.
844 4486 1085 4545 Hisdem
1137 4490 1417 4564 princeps
1463 4490 1745 4547 ofﬁciosis
1776 4493 1983 4550 litteris

320 4575 714 4632 Athanasium
739 4576 1095 4650 episcopum
1125 4578 1388 4653 requirit.

392 4672 565 4723 Anno
626 4665 948 4723 Dominicae
1006 4667 1433 4726 incarnationis
1479 4674 1581 4726 315
1636 4670 1987 4730 Valentinia-

323 4766 437 4807 nus
503 4770 642 4811 cum
701 4755 879 4813 fratre
937 4756 1173 4815 Valente
1246 4758 1520 4828 regnavit
1599 4774 1791 4815 annos
1870 4766 1983 4830 11,

325 4841 527 4895 Romae
572 4845 864 4900 Damasus
912 4861 1074 4918 papa
1125 4846 1324 4902 clarus
1359 4846 1631 4903 habetur.
1675 4849 1986 4907 Mediolani

327 4926 675 4983 Ambrosius
726 4930 1043 5003 episcopus
1090 4933 1340 5003 insignis
1397 4935 1667 4992 habetur.
1730 4938 1986 4994 Hilarius

325 5016 646 5090 episcopus
676 5019 924 5081 Pictavis
953 5023 1220 5093 moritur,
1241 5024 1599 5082 Athanasius
1626 5026 1987 5084 Alexandria

326 5105 447 5163 vita
475 5106 729 5165 decedit.

398 5198 572 5252 Anno
600 5199 924 5255 Dominicis
953 5200 1383 5260 incarnationis
1433 5211 1533 5261 327
1587 5206 1796 5263 Valens
1848 5225 1988 5264 cum

330 5285 609 5343 Gratiano
645 5292 702 5343 et
750 5288 1158 5347 Valentiniano
1215 5293 1601 5351 Valentiniani
1658 5296 1850 5353 fratris
1896 5297 1990 5354 sui

2094 4506 2208 4565 pus
2232 4492 2385 4548 inter
2411 4491 2573 4565 ipsas
2597 4490 2981 4569 obsidionum
3008 4490 3316 4560 angustias
3366 4489 3643 4559 migravit
3673 4488 3750 4543 ad

2095 4582 2437 4637 Dominum.
2467 4578 2739 4636 Wandali
2767 4583 2942 4650 capta
2984 4579 3359 4643 Carthagine,
3403 4578 3463 4633 in
3494 4576 3751 4633 Siciliam

2094 4674 2421 4727 transeunt.
2456 4669 2661 4725 Xistus
2692 4671 3027 4724 Romanam
3058 4668 3207 4737 regit
3232 4668 3543 4723 ecclesiam
3580 4685 3593 4732 ;
3648 4665 3756 4719 hu-

2088 4760 2191 4832 jus
2221 4758 2594 4832 temporibus
2625 4761 2737 4813 Leo
2758 4772 3028 4827 vmagnus
3057 4756 3454 4830 apostolicam
3503 4754 3757 4812 obtinuit

2094 4847 2465 4915 cathedram,
2492 4846 2570 4903 ad
2590 4862 2794 4919 quem,
2824 4849 2879 4900 et
2907 4844 2986 4901 ad
3022 4844 3346 4901 Pulceriam
3402 4846 3753 4913 Augustam,

2095 4937 2283 4994 multa
2337 4952 2521 5010 super
2592 4934 2879 4991 Eutecetis
2958 4948 3221 4989 errorem
3281 4931 3483 4988 scribit
3538 4930 3757 4986 Flavia-

2095 5044 2209 5083 nus
2267 5023 2956 5097 ConstantinOpolitanus
3004 5023 3341 5095 episcopus,
3387 5026 3445 5077 et
3496 5019 3755 5076 Euticem

2096 5117 2413 5190 dampnat.

2168 5211 2339 5262 Anno
2371 5204 2692 5262 Dominicis
2719 5200 3146 5259 incarnationis
3175 5201 3276 5255 397
3324 5197 3655 5256 Marcianus
3700 5198 3761 5250 et

2100 5294 2542 5354 Valentinianus
2554 5294 2958 5363 regnaverunt
2975 5305 3168 5345 annos
3179 5295 3208 5344 7
3221 5291 3497 5344 Joannes
3517 5280 3762 5357 baptisti

1713 5461 1941 5516 VARIE
1978 5460 2274 5518 LECTION
2280 5459 2382 5515 ES.

332 5587 727 5727 εαὲλζθηάωί
757 5596 938 5665 atque
969 5594 1161 5651 Αωωὶ
1194 5601 1240 5664 l,
1272 5600 1324 5663 2,
1358 5603 1409 5655 3.
1434 5601 1496 5655 V.
1530 5616 1586 5657 a.
1615 5600 1782 5658 Alani
1813 5606 1865 5658 6.
1949 5603 1995 5638 ¹⁰
2022 5600 2219 5689 libros
2255 5616 2395 5656 suos
2426 5614 2532 5673 per
2579 5609 2809 5652 annum
2852 5589 3105 5647 confecit
3153 5593 3200 5643 1.
3250 5592 3305 5644 2.
3353 5593 3383 5644 3
3436 5605 3450 5644 :

3504 5590 3763 5641 —6ut
