4076 6212
267 260 336 312 25
550 223 554 227 ’
1472 259 1895 320 ρΗΒοΝιοοΝ.

2045 255 2163 309 AN.
2202 255 2465 312 405459.
3600 260 3675 313 26

265 379 501 436 duobus
529 383 1052 458 monachiscaput
1085 400 1262 441 suum
1289 387 1646 444 manifestat.
1679 386 1918 442 Germa-
1951 384 1998 437 Α
2025 393 2231 448 regem
2259 377 2333 434 de
2377 378 2719 450 Bnrgundia
2753 377 2997 452 expulit.
3030 378 3402 436 Alamannos
3430 379 3681 439 tributa-

262 485 377 524 nns
429 470 751 545 episcopus
780 474 1299 543 Autisiodorensis,
1334 480 1391 531 et
1434 480 1632 551 Lupus
1673 480 1915 533 Trecas-

263 559 450 614 sensis
493 561 835 635 episcopus,
868 564 931 619 in
978 563 1345 623 Britanniam
1396 566 1749 636 diriguntur.
1784 566 1919 620 POSt

262 646 388 702 haec
413 649 757 705 Germanus
776 651 941 723 apud
968 655 1313 709 Ravennam
1340 655 1608 711 moritur.
1643 652 1955 725 [Severus‘

264 733 584 809 episcopus
631 739 914 805 Treveris,
961 740 1323 797 Policronius
1355 743 1619 813 Virduni,
1665 741 1915 797 Albinus

264 823 716 882 Catalaunensis
736 828 1013 900 discipuli
1040 831 1231 887 sancti
1262 832 1407 903 Lupi
1428 831 1571 889 clari
1599 832 1911 888 habentur.

260 912 590 970 Aurelianis
620 916 906 973 Timavus
956 918 1275 992 episcopus
1305 920 1504 978 claret.
1538 923 1613 993 6.]
1647 926 1760 978 Leo
1788 920 1914 994 epi-

263 1018 480 1074 scOpns
510 1005 803 1062 Marciano
832 1007 1022 1064 multa
1051 1006 1193 1066 ﬁdei
1215 1010 1502 1080 dogmata
1528 1012 1917 1069 scribit.Ana-

261 1089 436 1145 tolius
464 1092 782 1166 episcopus
812 1096 1508 1170 Constantinopolitanns
1534 1100 1810 1157 Euticetis
1832 1115 1920 1154 er-

258 1192 455 1235 rorem
503 1180 816 1256 dampnat,
849 1189 906 1241 et
935 1201 972 1241 a
1000 1188 1195 1242 Leone
1240 1202 1403 1259 papa
1431 1188 1722 1257 arguitur,
1752 1186 1918 1258 quod

257 1273 463 1325 contra
489 1270 777 1328 Nicenum
803 1273 1147 1339 concilium,
1180 1275 1571 1331 Antiocenam
1598 1281 1655 1331 et
1673 1275 1921 1331 Alexan-

256 1354 497 1413 drinam
541 1358 851 1425 ecclesias,
892 1360 1007 1415 sibi
1055 1359 1314 1417 subdere
1367 1361 1665 1419 voluisset.
1715 1363 1953 1419 Aetius.

257 1443 545 1514 patricius
574 1460 611 1500 a
634 1445 1049 1503 Valentiniano
1079 1448 1369 1504 occiditur
1397 1450 1559 1522 apud
1588 1450 1911 1507 Arelatum.

258 1529 510 1586 Hilarius
541 1534 861 1606 episcopus
907 1534 1288 1591 doctissimus
1338 1541 1516 1608 atque
1544 1537 1916 1611 praeclarissi-

253 1635 389 1674 mns
419 1620 527 1689 vir,
558 1622 665 1694 qui
695 1622 883 1679 Vitam
928 1624 1115 1680 sancti
1147 1625 1426 1682 Honorati
1458 1627 1913 1699 praedecessoris

254 1708 347 1763 sui
371 1711 732 1783 composuit,
764 1713 1033 1769 moritur.
1670 1766 1679 1773 .

324 1802 496 1854 Anno
528 1799 850 1855 Dominicae
893 1800 1321 1858 incarnationis
1352 1806 1455 1859 405
1486 1807 1525 1842 ι¹
1560 1807 1675 1861 Leo
1700 1811 1913 1875 regnat

254 1900 449 1942 annos
479 1889 923 1960 septemdecim,
945 1890 1084 1947 huic
1116 1892 1293 1948 Leoni
1320 1895 1435 1949 Leo
1459 1910 1622 1967 papa
1650 1894 1910 1968 plurima

256 1969 475 2026 scribit.
500 1972 840 2029 Theodorus
865 1975 1189 2057 episcopus
1214 1976 1464 2033 civitatis
1498 1979 1703 2050 Syriae,
1732 1980 1910 2035 histo-

251 2059 401 2115 riam
430 2060 892 2120 eccles‘asticam
918 2081 953 2120 a
996 2065 1114 2121 ﬁne
1161 2065 1451 2124 librorum
1497 2068 1732 2124 Eusebii
1772 2069 1910 2125 scri-

387 2147 643 2243 Hilarins
685 2167 847 2225 papa
876 2138 1213 2210 Romanam
1246 2154 1559 2243 ecclesiam
1590 2156 1905 2228 gubernat.

252 2236 604 2307 Victorinus;
650 2239 899 2310 jubente
957 2257 1116 2315 papa
1190 2242 1429 2314 Hilario,
1478 2236 1906 2303 revolutionem

251 2326 457 2395 magni
487 2328 631 2383 anni
660 2329 960 2387 describit.

319 2421 494 2471 Anno
553 2418 875 2476 Βοωίηὶοω
925 2421 1351 2478 incarnationis
1408 2426 1513 2478 414
1570 2426 1767 2479 Zenon
1827 2440 1915 2499 φ-

252 2504 460 2574 gnavit
503 2521 696 2562 annos
731 2513 815 2563 17.
859 2509 1127 2565 Odoacer
1153 2526 1261 2564 rex
1304 2511 1630 2566 Gothorum
1652 2510 1915 2567 Romam

252 2591 533 2648 obtinuit.
612 2594 1039 2663 Theodericus,
1125 2603 1524 2666 cognomento
1598 2598 1916 2669 Walager,

253 2684 576 2752 utramque
633 2682 1049 2739 Macedoniam
1106 2683 1526 2757 depopulatur.
1586 2687 1918 2744 Honoricus

252 2783 357 2823 rex
395 2768 819 2826 Wandalorum
871 2771 1177 2841 Arrianus,
1220 2772 1280 2827 in
1340 2771 1539 2829 Africa
1589 2774 1917 2848 plusquam

256 2860 359 2913 334
389 2858 688 2931 episcopis
720 2858 958 2929 fugatis,
1002 2860 1286 2916 ecclesias
1335 2877 1543 2917 eorum
1597 2862 1825 2930 clausit,
1860 2868 1917 2919 et

256 2943 462 3016 plebes
505 2945 685 3002 variis
733 2946 1042 3021 suppliciis
1074 2947 1287 3005 aﬂ‘ecit.
1325 2948 1476 3004 Felix
1515 2964 1677 3022 papa
1704 2950 1917 3023 damp-

2024 467 2147 522 rios
2179 465 2334 523 facit.
2369 473 2539 524 Anno
2590 468 2653 524 l2
2700 468 2870 538 regni
2908 468 3019 539 sui,
3051 484 3087 524 a
3138 473 3344 525 sancto
3395 469 3681 542 Remigio,

2026 559 2346 612 Remorum
2377 572 2680 630 episcopo,
2714 573 2831 614 una
2862 574 3003 613 cum
3041 558 3278 613 Francis
3321 558 3677 632 baptizatur.

2027 642 2342 718 [Atrebatis
2390 646 2680 703 Vedastns
2727 646 3050 720 episcopus
3094 646 3421 715 ordinatur,
3464 649 3515 720 6]
3565 652 3682 705 Ma-

2025 751 2262 790 mercus
2320 736 2638 809 episcOpus
2681 735 3026 792 Viennensis
3070 735 3313 792 ecclesie
3372 736 3683 794 triduanas

2022 822 2274 879 letanias
2302 823 2553 887 instituit
2578 830 2712 881 ante
2739 824 3154 881 ascensionem
3190 824 3440 881 Domini.
3472 826 3683 883 Glodo-

2022 928 2169 968 veus
2198 929 2338 969 cum
2370 912 2627 983 Alarico,
2657 930 2794 985 rege
2824 915 3175 981 Gothorum,
3210 914 3269 971 in
3300 915 3684 988 Aquitaniam

2019 1001 2189 1071 juxta
2218 1001 2468 1058 Pictavis
2493 1003 2780 1075 conﬂigit,
2811 1020 3071 1076 eumque
3102 1018 3289 1073 regno
3319 1008 3377 1060 et
3404 1003 3527 1060 vita
3572 1005 3689 1077 pri-

2025 1095 2142 1146 vat.
2177 1091 2509 1148 Amalricus
2539 1092 2697 1147 ﬁlius
2724 1093 2932 1150 Alarici
2965 1094 3025 1148 in
3050 1093 3398 1165 Hispaniam
3428 1109 3684 1164 regnum

2024 1184 2341 1250 paternum
2372 1180 2647 1237 obtinuit.
2676 1182 3021 1239 Anastasius
3040 1183 3369 1259 imperator
3385 1181 3684 1239 Clodoveo

2028 1266 2191 1324 dona
2232 1269 2394 1340 regia
2428 1269 2618 1326 mittit.
2646 1271 2979 1326 Clodoveus
3028 1271 3409 1341 Reginarinm
3436 1272 3684 1345 propin-

2025 1372 2217 1428 quum
2269 1361 2448 1429 atque
2496 1365 2834 1415 consortem
2888 1360 3054 1429 regni
3101 1360 3392 1416 interﬁcit.
3438 1367 3485 1417 Α
3527 1367 3686 1418 tran-

2025 1445 2141 1501 situ
2189 1447 2375 1501 sancti
2434 1448 2663 1504 Martini
2714 1463 2905 1520 usque
2960 1448 3036 1504 ad
3092 1451 3352 1503 mortem
3408 1447 3688 1504 Glodovei

2022 1537 2162 1588 sunt
2216 1534 2357 1589 anni
2415 1538 2533 1589 H2.
2594 1538 2862 1601 Quatuor
2916 1535 3020 1590 ﬁlii
3072 1536 3204 1606 ejus
3262 1535 3684 1604 Theodoricus,

2021 1621 2427 1692 Glodomerus,
2461 1623 2890 1692 Childebertus,
2939 1628 2996 1679 et
3052 1623 3386 1680 Clotharins
3428 1640 3686 1694 regnum

1953 1729 1993 1783 Β
2022 1711 2209 1783 patris
2262 1711 2414 1767 inter
2461 1728 2522 1768 se
2575 1712 2929 1779 diviserunt,
2960 1712 3315 1769 Anastasius
3361 1712 3686 1785 imperator

2020 1798 2268 1855 fulmine
2292 1799 2461 1871 perit.

2088 1893 2259 1943 Anno
2292 1888 2613 1945 Dominica'.
2663 1888 3091 1946 incarnationis
3139 1893 3245 1945 450
3288 1889 3557 1946 Justinus
3598 1904 3686 1945 se-

2016 1976 2148 2030 nior
2177 1976 2445 2046 regnavit
2474 1993 2667 2033 annos
2706 1983 2757 2034 8.
2788 1980 3047 2034 Joannes
3085 1993 3268 2052 papa,
3301 1994 3338 2034 a
3364 1977 3686 2034 Theodori-

2015 2079 2085 2119 co
2116 2078 2253 2134 rege
2276 2066 2606 2121 Gothorum
2636 2069 2983 2122 Ravennam
3011 2070 3256 2139 propter
3276 2066 3460 2123 ﬁdem
3482 2066 3686 2121 catho-

2015 2151 2193 2208 licam
2225 2152 2286 2208 in
2328 2153 2603 2211 custodia
2660 2155 2927 2223 mittitur,
2961 2155 3165 2228 ibique
3216 2156 3485 2211 moritur.
3520 2154 3681 2210 Idem

2016 2228 2308 2312 tyrannus
2354 2242 2787 2314 Symmachum
2835 2243 3156 2316 patricium
3197 2243 3492 2300 interﬁcit.
3535 2244 3682 2298 Boe-

2016 2330 2168 2385 tinm
2211 2331 2270 2385 in
2301 2331 2647 2387 liberalibus
2690 2332 3021 2405 disciplinis
3055 2332 3203 2388 nulli
3234 2332 3591 2399 secundum,
3622 2331 3684 2385 in

2020 2433 2321 2473 carcerem
2355 2419 2554 2485 trudit,
2583 2420 2642 2474 in
2689 2436 2813 2490 quo
2842 2436 2979 2474 cum
3010 2420 3144 2490 ipsa
3169 2418 3553 2491 philosophia
3577 2418 3687 2474 mi-

2022 2505 2105 2583 ris
2132 2503 2607 2575 disputationum
2637 2505 3007 2573 argumentis
3026 2505 3441 2578 ‘conqueritur.
3470 2505 3684 2563 Praefa-

2026 2596 2118 2646 tus
2148 2590 2544 2647 'Bheodericus
2572 2590 2772 2646 subita
2802 2596 2991 2648 morte
3021 2593 3188 2664 perit.
3218 2593 3589 2649 Athalaricus
3620 2594 3683 2648 in

2023 2696 2278 2749 regnum
2310 2680 2592 2736 succedit.
2628 2680 2977 2737 Benedictus
3025 2687 3216 2754 pater,
3247 2687 3305 2738 et
3346 2682 3577 2754 primus
3623 2683 3686 2737 in

2023 2770 2157 2825 loco
2186 2769 2290 2841 qui
2320 2768 2609 2825 Sublacus
2639 2768 2879 2838 dicitur,
2911 2773 2968 2825 et
2995 2775 3207 2843 postea
3237 2769 3300 2825 in
3324 2774 3519 2826 castro
3547 2771 3689 2843 Cas-

2025 2858 2180 2926 sino,
2206 2857 2298 2914 vir
2324 2873 2563 2928 magnae
2592 2858 2829 2914 virtutis
2864 2842 3207 2931 apostolicis
3252 2858 3563 2915 virtutibus
3606 2842 3690 2914 (if-

2025 2946 2203 3002 fulsit.
2236 2945 2390 3002 Felix
2420 2950 2476 3002 et
2508 2945 2843 3003 Bonifacius
2874 2950 3208 3003 Romanam
3250 2952 3466 3018 regunt
3501 2946 3688 3003 eccle-

257 3032 417 3089 navit
447 3034 763 3090 Achatinm
810 3036 1535 3109 Constantinopolitanum
1565 3038 1917 3113 episcopum
1956 3077 1997 3133 Ο
2028 3031 2199 3131 siam.
2233 3032 2673 3103 Sigismundus,
2703 3051 2807 3090 rex
2844 3034 3362 3133 Burgundionum,
3388 3040 3690 3133 monaste-

256 3124 314 3176 et
364 3124 599 3177 Petrum
632 3122 1125 3180 Alexandrinum.
1172 3124 1443 3181 Gelasius
1492 3125 1583 3181 vir
1628 3126 1915 3199 prudens,

258 3207 427 3264 Felici
481 3225 656 3282 papae
706 3210 766 3265 in
825 3210 1179 3283 pontiﬁcatu
1234 3211 1517 3268 succedit.
1574 3213 1673 3269 Hic
1738 3215 1916 3270 etiam

256 3296 616 3372 dampnavit
646 3300 973 3356 Achacinm
1015 3307 1071 3357 et
1116 3304 1374 3357 Petrum.
1409 3304 1545 3358 Post
1573 3302 1734 3358 hunc
1758 3305 1917 3359 Ana-

256 3386 473 3441 stasius
504 3387 722 3459 praesul
750 3387 1020 3458 efﬁcitur,
1044 3389 1148 3462 qui
1170 3372 1381 3446 voluit0
1383 3390 1613 3446 occulte
1637 3406 1919 3447 revocare

256 3470 551 3543 Acaﬁum,
581 3475 687 3532 sed
733 3488 856 3533 non
901 3478 1111 3551 potuit,
1146 3479 1250 3551 qui
1301 3479 1481 3535 etiam
1520 3485 1670 3535 nutu
1713 3479 1919 3535 divino

254 3580 581 3638 percussus
611 3571 716 3623 est.

328 3655 502 3708 Anno
560 3654 880 3710 Dominica:
926 3654 1360 3711 incarnationis
1420 3656 1516 3712 421
1570 3656 1919 3712 Anastasius

254 3741 524 3811 regnavit
570 3757 763 3799 annos
808 3746 898 3799 29.
941 3745 1431 3801 Transamundos
1476 3761 1577 3801 rex
1611 3745 1922 3801 Wandalo-

258 3844 391 3884 rum
422 3833 526 3886 220
554 3831 871 3905 episcopos
911 3832 1087 3889 exilio
1134 3834 1473 3891 Sardiniam
1516 3833 1697 3889 misit.
1732 3832 1922 3901 Hujus

261 3922 318 3973 et
345 3920 594 3975 Zenonis
628 3921 1001 3994 temporibus
1044 3921 1158 3976 sub
1192 3921 1538 3977 Wandalica
1568 3919 1927 3993 persecutio-

260 4021 340 4062 ne
370 4008 657 4079 martyrio
686 4014 1075 4077 coronantur,
1109 4008 1274 4081 apnd
1318 4008 1577 4065 Africam
1621 4008 1922 4079 Eugenius

265 4095 742 4166 Carthaginensis
784 4099 1128 4172 episcopus,
1181 4101 1238 4154 et
1287 4115 1426 4154 cum
1480 4114 1551 4154 eo
1597 4097 1922 4171 plusquam

265 4187 393 4255 500,
434 4184 574 4242 item
628 4187 932 4244 Liberatus
987 4187 1169 4256 abba,
1213 4187 1553 4244 Bonifacius
1602 4188 1921 4254 diaconus,

263 4274 498 4331 Servius
527 4281 585 4332 et
612 4277 890 4334 Rusticus
935 4277 1314 4348 subdiaconi,
1360 4279 1620 4347 Rogatus
1659 4281 1717 4333 et
1744 4275 1928 4348 Septi-

264 4379 402 4420 mus
454 4366 757 4431 monachi,
789 4372 844 4422 et
881 4366 1179 4423 Maximus
1228 4382 1396 4439 puer,
1429 4365 1626 4438 primo
1655 4365 1791 4435 igne
1838 4364 1925 4419 in-

257 4453 419 4524 jecti,
452 4460 590 4527 post
632 4472 937 4512 remorum
980 4456 1246 4512 vectibus
1294 4455 1523 4512 enecati
1574 4458 1729 4510 sunt.
1781 4457 1924 4509 Item

264 4545 601 4600 Marcianus
631 4549 690 4601 et
718 4546 1090 4619 Satyrianus,
1114 4549 1171 4600 et
1195 4544 1450 4601 Maxima
1477 4543 1669 4614 virgo,
1702 4548 1758 4599 et
1785 4558 1925 4598 cum

264 4631 351 4686 eis
400 4637 503 4688 370
533 4634 849 4690 crudeliter
894 4634 1186 4708 perempti
1233 4638 1388 4689 sunt.
1432 4636 1575 4689 ltem
1626 4631 1840 4705 Papias
1872 4635 1929 4686 et

266 4722 624 4777 Mansuetus.
658 4721 942 4792 Vulteius,
975 4722 1343 4791 Valerianus,
1374 4721 1649 4777 Urbanus
1697 4725 1755 4775 et
1793 4722 1928 4775 Cre-

267 4824 465 4877 scens,
492 4810 648 4866 Felix
680 4817 737 4867 et
764 4810 1123 4867 Hortolanus
1154 4810 1442 4883 episcopi,
1466 4810 1527 4865 in
1552 4808 1930 4865 confessione

268 4913 513 4955 cursum
578 4901 713 4957 vita!
797 4904 1390 4957 consummaverunt.
1463 4903 1604 4953 Item
1696 4896 1928 4961 Dativa,

272 4988 538 5045 Dionisia
564 4994 623 5045 et
660 4989 1000 5046 Emelianus
1046 4989 1314 5044 medicus
1344 5004 1483 5044 cum
1523 4985 1725 5042 multis
1775 4985 1929 5051 aliis,

272 5077 618 5135 Valerianus
645 5079 985 5153 episcopus.
1010 5078 1411 5151 Symmachus
1432 5092 1593 5149 papa
1618 5074 1931 5132 ecclesiam

272 5168 607 5224 Romanam
638 5168 953 5240 gubernat,
984 5167 1304 5241 pecuniam
1349 5170 1406 5221 et
1433 5170 1623 5221 vestes
1654 5180 1762 5236 per
1790 5162 1936 5219 Afri-

274 5271 408 5312 cam
446 5262 502 5314 et
551 5258 889 5316 Sardiniam
935 5256 1232 5330 episcopis
1279 5255 1341 5311 in
1384 5254 1558 5310 exilio
1603 5253 1800 5309 missis
1829 5253 1937 5309 mi-

274 5346 504 5405 nistrat.
553 5351 693 5405 Post
739 5350 901 5408 hunc
954 5346 1269 5404 Hormisda
1315 5358 1479 5418 papa
1536 5343 1932 5399 constituitur.

272 5436 608 5495 Ctodoveus
636 5455 743 5494 rex
772 5441 1156 5506 Francorum,
1179 5435 1282 5509 qui
1314 5435 1373 5490 in
1396 5432 1612 5489 Gallias
1640 5436 1853 5502 regnat
1868 5434 1937 5487 30

274 5540 492 5596 annos,
522 5527 839 5600 Syagrium
868 5526 1188 5600 patricium
1227 5522 1519 5580 interficit.
1555 5512 1939 5579 Cumbadum

354 5706 396 5739 "
430 5709 608 5762 Anno
637 5705 698 5763 d.
734 5704 773 5764 i.
804 5682 1008 5762 415.1.

2025 3120 2182 3176 rium
2227 3128 2571 3179 sanctorum
2624 3124 3078 3195 Agaunensium
3124 3122 3396 3181 aediﬁcat.
3452 3123 3614 3179 ldem
3654 3139 3691 3180 a

2029 3213 2388 3284 supradictis
2411 3213 2547 3270 ﬁliis
2579 3214 2854 3270 Clodovei
2882 3213 3249 3270 interﬁcitur.
3282 3213 3688 3269 Theodorfcus

2028 3317 2166 3356 cum
2214 3300 2336 3357 ﬁlio
2380 3302 2787 3359 Theodeberto
2818 3307 2874 3360 et
2903 3303 3082 3360 fratre
3115 3302 3412 3359 Glothario
3438 3302 3690 3357 Thurin-

2028 3389 2189 3459 giam
2214 3391 2632 3464 depopulatur.
2669 3392 3095 3449 Erminfridum
3119 3391 3562 3461 Thuringorum
3584 3389 3693 3445 du-

2029 3496 2160 3537 cem
2189 3481 2355 3554 apud
2380 3482 2727 3556 Tulpiacum
2758 3482 3068 3552 extinguit.

2100 3571 2273 3625 Anno
2324 3570 2641 3626 Dominicae
2674 3569 3100 3627 incarnationis
3147 3572 3252 3624 459
3289 3568 3686 3633 Justinianns,

2024 3657 2237 3712 Justini
2280 3674 2353 3713 ex
2401 3673 2604 3714 sorore
2650 3673 2859 3728 nepos,
2919 3657 3193 3726 regnavit
3239 3670 3432 3710 annos
3462 3659 3551 3710 38.
3589 3655 3692 3709 Hic

2029 3761 2136 3817 per
2179 3744 2528 3799 Belisarium
2570 3744 2889 3815 patricium
2937 3746 3148 3797 Persas
3190 3741 3413 3795 fortiter
3462 3740 3694 3794 devicit.

2031 3835 2256 3903 Perque
2307 3831 2509 3901 ipsum
2561 3829 2908 3884 Belisarium
2954 3825 3383 3882 Wandalorum
3434 3830 3695 3896 gentem,

2033 3923 2209 3992 capto
2238 3933 2447 3974 eorum
2476 3933 2616 3984 rege
2648 3917 2989 3984 Gelismero,
3010 3931 3206 3989 usque
3238 3914 3315 3973 ad
3345 3914 3698 3973 internecio-

2030 4025 2171 4066 nem
2213 4007 2449 4079 delevit,
2478 4006 2857 4081 Africamque
2888 4011 3078 4063 totam
3130 4010 3267 4078 post
3294 4019 3487 4062 annos
3525 4008 3595 4061 90
3640 4008 3701 4061 et

2031 4104 2062 4155 6
2115 4102 2387 4154 Romano
2442 4096 2694 4171 imperio
2745 4095 3011 4152 restituit.
3046 4097 3391 4167 Rursusque
3433 4093 3693 4150 Belisarii

2030 4186 2255 4242 viribus
2303 4186 2629 4241 Gothorum
2678 4184 2737 4239 in
2789 4183 2953 4240 Italia
2993 4187 3253 4253 gentem,
3289 4187 3465 4254 capto
3513 4182 3698 4237 Witisi

2032 4290 2241 4329 eorum
2288 4288 2449 4341 rege,
2482 4272 2806 4344 superavit.
2841 4274 3074 4327 Mauros
3113 4284 3357 4343 quoque
3403 4273 3541 4342 post
3568 4269 3698 4324 haec

2034 4362 2290 4418 Africam
2343 4360 2710 4428 infestantes,
2766 4375 3098 4433 eorumque
3154 4374 3362 4428 regem
3419 4358 3698 4415 Athalam

1963 4422 2007 4475 Β
2033 4468 2142 4525 per
2177 4450 2511 4506 Johannem
2555 4422 2865 4505 consulem
2911 4422 3167 4504 mirabili
3197 4422 3408 4503 virtute
3438 4451 3701 4519 prostra-

2034 4541 2136 4596 vit.
2190 4543 2371 4609 Leges
2419 4555 2662 4611 quoque
2718 4542 3038 4606 Romanas,
3087 4551 3347 4607 quarum
3392 4534 3701 4607 prolixitas

2037 4629 2347 4697 gravabat,
2427 4626 2763 4696 minoravit,
2846 4631 2903 4681 et
2984 4621 3221 4679 inutiles
3296 4620 3702 4678 dissonantias

2038 4715 2296 4777 mirabili
2339 4714 2627 4770 brevitate
2676 4713 2947 4770 correxit.
2981 4708 3247 4767 Extruxit
3272 4723 3517 4779 quoque
3549 4708 3702 4763 Con-

2041 4804 2426 4878 stantinopoli
2489 4803 2811 4878 templum,
2874 4801 3041 4874 quod
3124 4812 3320 4868 graeco
3402 4795 3702 4852 vocabulo

2041 4903 2225 4967 Ἅγιαν
2254 4899 2437 4965 Σοφίαν
2465 4893 2813 4957 nominavit,
2856 4891 3029 4960 cujus
3081 4902 3235 4959 Opus
3287 4885 3439 4947 adeo
3488 4888 3704 4942 cuncta

2040 4984 2291 5041 aediﬁcia
2315 4980 2566 5053 excellit,
2600 4986 2663 5036 ut
2710 4981 2769 5035 in
2818 4978 2952 5033 totis
2984 4982 3273 5031 terrarum
3318 4975 3525 5048 spatiis
3565 4973 3703 5029 huic

2044 5072 2236 5129 simile
2263 5087 2387 5127 non
2418 5072 2605 5143 possit
2640 5066 2912 5124 inveniri.
2947 5065 3132 5135 Hujus
3165 5063 3536 5136 temporibus
3562 5065 3703 5117 Cas-

2045 5162 2280 5218 sidorus
2327 5163 2515 5215 Roma
2556 5164 2676 5212 tam
2707 5153 2958 5210 seculari
3010 5169 3196 5226 quam
3227 5152 3429 5207 divina
3460 5148 3705 5206 scientia

2045 5251 2273 5308 claruit.
2310 5249 2411 5304 Hic
2460 5245 2735 5319 primitus
2783 5243 3012 5309 consul,
3064 5241 3280 5299 deinde
3328 5244 3586 5306 senator,
3626 5236 3707 5293 ad

2045 5345 2379 5396 extremum
2409 5333 2744 5390 monachus
2774 5332 3043 5389 efﬁcitur.
3078 5334 3279 5387 Romae
3311 5327 3584 5384 Dionisus
3604 5324 3709 5381 ab-

2046 5428 2125 5485 ba
2154 5425 2473 5501 paschales
2517 5421 2718 5478 scribit
2759 5422 3032 5479 circulos.
3066 5418 3243 5492 Apud
3288 5415 3707 5472 Constantino-

2046 5500 2234 5590 polim
2262 5510 2598 5568 Priscianus
2623 5510 2999 5566 Caesariensis
3024 5502 3433 5577 grammaticae
3456 5502 3618 5566 artis,
3643 5500 3708 5551 ut

1649 5627 1881 5682 VARIAC
1922 5621 2321 5682 LECTIONES.
