4086 6200
366 219 436 273 27
1506 205 1884 264 REGINONIS
1923 204 2340 262 PRUMIENSIS
2376 207 2696 264 ABBATIS.
3736 208 3805 262 28

370 340 453 395 ita
477 337 748 406 dixerim,
776 335 1080 411 profunda
1107 335 1358 390 rimatus
1403 337 1511 403 est,
1544 338 1793 404 tumque
1823 327 2033 385 nihilo-
2070 330 2119 382 A
2144 329 2501 387 Childeberti
2529 332 2776 402 accepit,
2809 335 2865 386 et
2889 331 3089 387 sedem
3118 331 3372 387 Parisius
3404 330 3634 399 habuit,
3652 332 3808 386 Gun-

371 427 573 484 minus
593 431 804 482 Arator
825 429 1108 482 Romanae
1125 422 1385 479 ecclesiae
1409 420 2032 490 subdiaconus,poeta

373 515 682 582 mirabilis,
719 514 1132 588 apostolorum
1186 516 1354 569 actus
1397 511 1667 569 versibus
1715 507 2032 564 exametris

374 605 696 662 decoravit.
732 605 917 675 Hujus
953 601 1324 676 temporibus
1373 606 1706 658 Romanam
1755 601 2034 654 rexerunt

375 694 688 752 ecclesiam
731 693 1052 759 Iohannes,
1100 691 1412 764 Agapitus,
1447 690 1765 764 Sylverius,
1799 692 1854 744 et
1883 686 2032 756 Vigi-

374 783 507 838 lius.
537 780 835 852 Sylverius
859 796 894 836 a
923 779 1201 836 Belizario
1223 781 1399 850 jussu
1413 778 1736 836 Theodorae
1753 779 2031 846 Augustae

373 872 435 926 in
465 869 706 926 exilium
727 868 993 935 mittitur,
1027 873 1084 925 et
1113 869 1196 924 ibi
1226 868 1494 925 moritur.
1520 855 1759 937 Vigilius
1788 879 2032 938 quoque

375 975 445 1016 eo
499 959 666 1032 quod
709 958 888 1014 nollet
925 974 1205 1015 revocare
1254 959 1637 1024 Anthemum,
1683 956 2033 1030 episcopum

378 1047 1124 1122 Constantinopolitanum,
1148 1064 1184 1104 a
1206 1046 1536 1102 Justiniano
1566 1047 1627 1100 in
1657 1045 1898 1101 exilium
1921 1048 2036 1098 tru-

377 1139 553 1206 ditur,
584 1141 898 1194 revocatus
929 1135 1008 1192 ab
1038 1136 1233 1207 exilio,
1265 1152 1402 1190 cum
1432 1138 1685 1191 Romam
1715 1138 2034 1190 revertere-

378 1233 493 1293 tur,
525 1227 585 1282 in
641 1226 833 1282 Silicia
883 1226 1113 1282 civitate
1163 1229 1539 1298 Syracusana
1568 1223 1781 1279 calculi
1833 1222 2036 1277 dolore

378 1317 646 1374 moritur.
670 1317 937 1385 Pelagius
970 1315 1030 1371 in
1053 1315 1402 1388 pontiﬁcatu
1437 1313 1719 1370 succedit.
1744 1315 1849 1367 Per
1876 1311 2036 1366 idem

379 1410 614 1477 tempus
658 1404 968 1470 Albuinus,
1001 1404 1159 1459 ﬁlius
1200 1403 1434 1470 Oduini,
1467 1400 1875 1472 Langobardis
1911 1400 2034 1470 jam

379 1494 650 1550 decimus
692 1493 965 1566 imperat,
993 1493 1099 1564 qui
1141 1493 1331 1547 tiliam
1363 1491 1641 1547 Clotharii
1671 1490 1825 1560 regis
1860 1493 2036 1545 Fran-

381 1599 588 1641 corum
657 1583 1110 1640 Clothsuindam
1175 1582 1236 1636 in
1302 1579 1753 1636 matrimonium
1805 1580 2035 1636 habuit.

383 1673 788 1731 Childebertus
817 1689 920 1728 rex
947 1675 1330 1739 Francorum,
1364 1687 1503 1726 cum
1549 1671 1808 1726 exercitu
1839 1669 2039 1742 Hispa-

382 1763 547 1818 niam
592 1763 792 1830 intrat,
821 1761 1188 1817 Amalricum
1227 1776 1451 1828 regem,
1483 1759 1673 1814 ﬁlium
1718 1759 1951 1825 .tlarici,
1985 1759 2046 1814 in

384 1851 588 1924 praelio
629 1850 934 1919 extinguit,
968 1849 1225 1905 multum
1257 1865 1494 1915 aurum,
1529 1853 1585 1904 et
1613 1853 1930 1918 argentum
1962 1847 2046 1902 in-

384 1941 458 1996 de
489 1944 770 2012 asportat.
803 1939 1092 1996 Clotarius
1123 1937 1277 1993 ﬁlios
1326 1937 1520 1993 fratris
1573 1937 1661 1992 sui
1713 1935 2046 1992 Clodomeri

386 2030 573 2086 cultro
601 2028 880 2084 confodit.
908 2028 1306 2084 Theodericus
1357 2043 1461 2082 rex
1490 2026 1761 2095 moritur,
1790 2025 2049 2081 Theode-

383 2117 588 2173 bertus
617 2116 775 2171 ﬁlius
808 2117 936 2188 ejus
969 2120 1106 2190 post
1144 2132 1283 2170 eum
1313 2118 1545 2185 regnat.

457 2204 631 2258 Anno
674 2204 998 2259 Dominicaa
1049 2203 1476 2260 incarnationis
1528 2205 1632 2258 498
1677 2202 2047 2258 Justinianus

385 2291 582 2347 minor
609 2293 877 2361 regnavit
905 2308 1097 2348 annos
1127 2297 1210 2348 11.
1244 2296 1453 2348 Narses
1484 2289 1767 2363 patricius
1799 2290 2048 2346 ’l‘otilam

385 2396 589 2450 regem
619 2382 946 2439 Gothorum
977 2383 1038 2438 in
1069 2382 1233 2439 Italia
1257 2382 1490 2438 occidit.
1527 2381 1687 2437 Idem
1720 2397 1858 2436 cum
1888 2380 2050 2436 duci-

385 2470 500 2526 bus
554 2471 942 2530 Theodeberti
994 2472 1150 2543 regis
1203 2475 1565 2529 Francorum
1624 2470 1941 2536 Bucellino,
1993 2474 2049 2548 et

389 2560 638 2631 Emingo
668 2560 772 2633 qui
821 2561 1046 2617 Italiam
1073 2561 1605 2634 depraedabantur,
1635 2560 1930 2632 pugnavit
1956 2555 2050 2614 c0-

387 2665 538 2721 sque
572 2649 877 2706 interfecit.
908 2654 1119 2707 Narses
1149 2650 1315 2724 apud
1339 2650 1636 2705 Iustinum
1667 2652 1722 2704 et
1755 2649 1883 2718 ejus
1913 2664 2048 2704 con-

381 2739 589 2810 jugem
614 2738 900 2812 Sophiam
931 2744 1246 2796 accusatur
1277 2755 1313 2794 a
1344 2737 1650 2804 Romanis,
1675 2737 1842 2808 quod
1871 2737 2050 2792 servi-

385 2828 466 2883 tio
493 2828 723 2884 Italiam
753 2833 1066 2899 premeret,
1087 2832 1143 2883 et
1172 2827 1375 2883 statim
1407 2825 1706 2894 Longinus
1736 2824 2049 2898 praefectus

387 2919 651 2986 mittitur,
683 2917 788 2989 qui
837 2917 1094 2973 Narsetis
1145 2917 1344 2972 locum
1398 2915 1709 2972 obtineret.
1749 2916 1852 2973 Cui
1901 2915 2050 2971 inter

2143 425 2351 476 tranus
2375 437 2629 491 regnum
2657 419 2992 476 Clodomeri
3017 421 3218 489 tenuit,
3245 421 3570 493 sedemque
3597 420 3808 476 consti-

2143 509 2254 565 tuit
2293 510 2659 582 Aurilianus.
2695 509 2985 584 Hilpricus
3014 526 3267 580 regnum
3312 509 3496 582 patris
3547 509 3637 563 sui
3683 507 3808 563 Clo-

2135 598 2334 667 therii,
2366 598 2713 655 cathedram
2747 598 3076 669 Suessionis
3105 597 3333 654 habuit.
3373 597 3697 666 Sigibertus
3721 612 3808 651 re-

2145 703 2334 758 gnum
2361 688 2706 746 Theodorici
2753 687 2954 744 Remis
3000 687 3118 743 sive
3159 687 3315 743 Metis
3350 686 3554 742 sedem
3583 685 3804 742 statuit.

2145 778 2295 833 Huni
2322 778 2426 850 qui
2469 783 2525 835 et
2554 781 2775 836 Avares
2805 782 3114 851 comperta
3159 780 3348 833 morte
3379 775 3676 842 Clotharii,
3710 791 3808 830 su-

2145 883 2253 940 per
2285 868 2642 938 Sigibertum
2673 868 2936 923 inruunt.
2960 867 3185 933 Quibus
3216 865 3308 921 ille
3339 865 3401 920 in
3426 863 3809 934 Thuringiam

2146 973 2487 1024 occurrens,
2518 973 2621 1012 eos
2651 957 2822 1028 juxta
2853 955 3102 1012 ﬂuuium
3152 954 3386 1010 Albiam
3420 956 3689 1025 potenter
3717 969 3810 1006 su-

2146 1046 2391 1118 peravit.
2425 1045 2527 1100 Hic
2585 1046 2908 1116 Sigibertus
2965 1045 3324 1115 legationem
3373 1043 3434 1098 in
3466 1042 3808 1114 Hispaniam

2147 1137 2385 1192 mittens
2410 1135 2855 1192 Brunichildem
2889 1135 3283 1191 Adanachildi
3313 1134 3468 1203 regis
3498 1132 3684 1188 ﬁliam
3714 1149 3812 1205 pe-

2147 1225 2235 1290 tit,
2264 1241 2520 1296 eamque
2550 1225 2610 1280 in
2659 1225 3010 1295 conjugium
3060 1224 3306 1296 accepit,
3341 1223 3413 1278 de
3453 1238 3577 1296 qua
3622 1221 3811 1276 ﬁlium

2147 1312 2502 1369 Childeberti
2528 1312 2772 1367 nomine
2807 1312 3098 1384 suscepit;
3129 1311 3512 1367 Heresbertus
3534 1309 3812 1365 derelicta

2146 1402 2411 1472 legitima
2457 1418 2662 1470 uxore,
2711 1418 2846 1474 quae
2897 1401 3222 1456 vocabatur
3275 1400 3626 1470 Ingoberga,
3660 1399 3812 1453 duas

2148 1508 2381 1548 sorores
2411 1490 2805 1548 Marcovefam
2849 1494 2905 1545 et
2942 1490 3347 1559 Merotilidam,
3381 1487 3493 1544 sibi
3527 1489 3585 1543 in
3617 1487 3814 1544 matri-

2147 1581 2422 1637 monium
2436 1580 2653 1650 jungit,
2673 1595 2746 1634 ex
2761 1595 2883 1652 quo
2910 1578 3125 1634 scelere
3148 1577 3704 1633 excommunicatus
3727 1581 3816 1632 est

2078 1686 2119 1740 Β
2148 1686 2185 1725 a
2228 1673 2433 1724 sancto
2468 1670 2761 1723 Germano
2806 1666 3162 1722 Parisiorum
3211 1665 3515 1738 episcopo,
3551 1669 3608 1720 et
3648 1665 3812 1735 justo

2155 1758 2254 1814 Dei
2279 1757 2504 1829 judicio
2535 1773 2855 1829 percussus
2880 1757 3150 1822 moritur,
3179 1759 3236 1811 et
3260 1756 3322 1810 in
3347 1755 3598 1810 basilica
3626 1754 3812 1810 sancti

2154 1848 2405 1904 Romani
2422 1847 2720 1919 sepelitur.
2747 1850 3016 1916 Regnum
3039 1846 3089 1916 ej
3103 1863 3168 1900 us
3195 1843 3810 1915 Sigebertusarripuit.

2154 1936 2518 2009 Heilpericus
2563 1933 2970 1990 Geilsuindam
3020 1949 3287 1989 sororem
3331 1931 3724 1987 Brunichildis
3753 1931 3814 1986 in

2153 2024 2504 2095 conjugium
2535 2024 2782 2095 accepit,
2815 2039 3000 2095 quam
3032 2037 3228 2095 pauco
3256 2021 3562 2091 interjecto
3594 2022 3817 2090 tempo-

2152 2130 2236 2182 rc,
2270 2117 2624 2182 suggerente
2672 2111 3079 2180 Fredegunde,
3111 2111 3172 2165 in
3218 2109 3368 2165 lecto
3401 2108 3811 2179 strangulavit.

2152 2202 2374 2258 Deinde
2405 2201 2786 2256 Audoveram
2825 2203 3096 2269 reginam
3131 2215 3166 2254 a
3197 2197 3517 2271 seaepulit,
3550 2213 3621 2252 eo
3651 2196 3816 2269 quod

2153 2292 2507 2348 adhortante
2538 2289 2948 2359 Fredegunde,
2985 2289 3168 2344 filiam
3209 2287 3516 2361 propriam
3566 2302 3601 2341 ει
3646 2302 3816 2341 sacro

2154 2381 2316 2436 fonte
2349 2379 2727 2452 suscepisset,
2751 2383 2807 2434 et
2833 2379 3110 2434 eamdem
3138 2375 3587 2446 Fredegundem
3620 2374 3730 2430 sibi
3757 2375 3817 2429 in

2155 2469 2608 2526 matrimonium
2634 2468 2848 2538 jungit.
2886 2467 3102 2523 Habuit
3130 2483 3270 2522 vero
3315 2481 3388 2520 ex
3436 2481 3620 2537 supra
3659 2464 3819 2520 dicta

2155 2558 2471 2614 Audovara
2513 2562 2627 2612 tres
2667 2555 2840 2622 ﬁlios,
2872 2554 3368 2624 Theodebertum,
3399 2556 3733 2609 Meroveum
3764 2557 3819 2607 et

2156 2647 2544 2704 Clodoveum.
2577 2644 3030 2700 Theodebertus
3053 2644 3226 2715 jussu
3255 2642 3440 2714 patris
3471 2646 3634 2698 trans
3661 2643 3817 2711 Lige-

2155 2738 2267 2793 rim
2315 2735 2643 2804 regionem,
2673 2749 2862 2806 quam
2909 2732 3246 2788 avunculus
3293 2732 3424 2803 ejus
3463 2731 3815 2786 Herebertus

2155 2830 2444 2894 tenuerat,
2477 2829 2733 2897 occupat
2758 2829 2813 2880 et
2839 2823 3004 2896 apud
3029 2823 3293 2880 Pectavis
3323 2839 3464 2878 cum
3506 2821 3817 2878 Gulidaldo

2156 2917 2307 2971 duce
2357 2913 2626 2984 Sigiberti
2671 2913 2934 2982 dimicat,
2963 2928 3225 2985 eumque
3271 2913 3533 2984 superat.
3567 2909 3818 2980 Sigiber-

386 3010 595 3062 caetera
648 3004 890 3077 Sophia,
935 3005 1078 3076 quia
1130 3005 1444 3061 eunuchus
1501 3009 1648 3075 erat,
1701 3005 1816 3060 hoc
1865 3004 2047 3060 fertur
2085 3033 2125 3086 ο
2160 3011 2252 3060 tus
2304 3021 2444 3059 cum
2493 3002 2752 3058 exercitu
2791 3002 3046 3057 Parisius
3075 3002 3253 3069 venit,
3283 3001 3646 3073 fratremque
3695 2999 3820 3055 Hel-

387 3093 730 3162 mandasse,
760 3092 925 3165 quod
955 3109 1090 3148 cum
1130 3093 1344 3167 puellis
1393 3093 1456 3148 in
1505 3093 1724 3162 genitio
1765 3093 2046 3149 lanarum

386 3183 604 3239 faceret
627 3198 850 3255 pensas
875 3182 1158 3239 dividere.
1192 3184 1281 3240 Ad
1310 3185 1438 3239 haec
1468 3183 1562 3239 ille
1600 3183 1928 3256 respondit,
1957 3187 2045 3238 ta-

385 3271 502 3328 lem
551 3289 612 3327 se
641 3272 693 3327 ei
739 3272 917 3328 telam
944 3273 1300 3340 orditurum,
1332 3272 1576 3344 qualem
1608 3273 1758 3345 ipsa,
1791 3272 1938 3328 dum
1965 3271 2047 3326 vi-

385 3363 564 3427 veret,
600 3359 900 3433 deponere
931 3377 1055 3416 non
1087 3366 1326 3433 posset;
1363 3361 1684 3433 statimque
1715 3360 1872 3430 genti
1900 3363 2048 3416 Lan-

387 3449 796 3518 gobardorum
826 3451 1075 3507 mandat
1105 3455 1168 3507 ut
1187 3451 1525 3506 venirentet
1546 3449 1922 3523 possiderent
1941 3454 2048 3506 Ita-

385 3539 547 3595 liam.
573 3541 876 3596 .Iohannes
922 3557 1084 3614 papa
1136 3543 1472 3597 Romanam
1511 3540 1828 3597 ecclesiam
1876 3539 2043 3610 regit.

388 3627 795 3686 Childebertus
829 3632 886 3685 et
926 3629 1255 3686 Clotharius
1285 3645 1454 3699 reges
1492 3645 1632 3684 cum
1670 3629 1930 3685 exercitu
1962 3629 2050 3684 Hi-

388 3718 667 3790 spaniam
688 3718 929 3786 intrant,
955 3722 1552 3790 Caesaraugustanam
1578 3719 1876 3775 civitatem
1889 3718 2049 3774 obsi-

385 3806 544 3864 dent.
579 3808 747 3864 Cives
775 3807 966 3864 induti
992 3808 1193 3865 ciliciis
1240 3809 1506 3866 tunicam
1546 3808 1733 3865 sancti
1766 3807 2050 3864 Vincentii

389 3911 569 3967 super
593 3912 837 3952 murum
862 3896 1288 3953 circumferunt
1317 3901 1625 3968 Deumque
1653 3897 1904 3952 contrito
1927 3912 2051 3951 cor—
2087 3947 2096 3954 .

387 3984 460 4040 de
489 3989 756 4040 exorant.
792 3987 978 4052 Reges
1019 3984 1222 4040 divina
1249 3984 1638 4054 inspiratione
1668 3983 2049 4039 miseratione

387 4072 523 4127 ﬂexi
553 4072 931 4127 obsidionem
963 4070 1216 4126 solvunt.
1255 4070 1585 4142 Episcopus
1610 4070 1883 4141 ejusdem
1915 4071 2052 4126 civi-

389 4161 520 4217 tatis
573 4159 946 4216 Chilbeberto
994 4159 1120 4228 regi
1171 4175 1280 4230 pro
1334 4171 1582 4214 munere
1633 4158 1849 4214 stolam
1892 4158 2051 4214 beati

389 4248 671 4304 Vincentii
700 4247 821 4302 dat.
844 4247 984 4302 Inde
1007 4262 1110 4302 rex
1143 4247 1404 4302 Parisius
1434 4246 1748 4304 basilicam
1778 4246 1838 4301 in
1867 4247 2052 4303 hono-

387 4352 515 4392 rem
545 4335 703 4392 beati
733 4335 1018 4391 Vincentii
1043 4335 1392 4391 construxit.

459 4423 754 4480 Albuinus
779 4439 919 4479 cum
942 4423 1350 4494 Langobardis
1380 4423 1609 4480 Italiam
1628 4423 1870 4480 intravit
1888 4428 1944 4480 et
1965 4423 2048 4480 Gi-

391 4513 614 4570 sulfum
644 4515 925 4585 nepotem
955 4529 1133 4570 suum
1157 4511 1527 4584 Forojulanis
1555 4512 1834 4584 praefecit.
1869 4513 2052 4569 Theo-

390 4603 672 4660 debertus
700 4617 804 4658 rex
831 4602 1058 4659 Italiam
1085 4602 1283 4673 intrat,
1317 4619 1456 4658 cum
1488 4601 1897 4672 Langobardis
1925 4618 2050 4658 cer-

391 4697 593 4748 tamen
616 4691 740 4760 init,
773 4707 996 4764 eosque
1025 4693 1289 4762 superat,
1320 4690 1381 4746 in
1423 4691 1735 4747 Franciam
1785 4707 2052 4746 reversus

393 4781 662 4836 moritur.
716 4785 843 4838 Non
895 4779 1085 4837 multo
1138 4784 1274 4852 post
1322 4783 1590 4851 tempore
1644 4779 2054 4836 Childebertus

393 4883 498 4924 rex
527 4869 784 4926 Parisius
809 4870 1079 4938 moritur,
1103 4874 1160 4926 et
1184 4869 1245 4924 in
1272 4868 1585 4925 basilicam
1613 4869 1802 4926 sancti
1815 4869 2055 4926 Vincen-

395 4957 458 5014 tii
488 4957 784 5030 sepelitur.
815 4962 1018 5028 Regna
1047 4975 1183 5032 quae
1225 4958 1433 5014 fratres
1473 4963 1530 5013 et
1571 4964 1820 5031 nepotes
1849 4962 2054 5015 tenue-

397 5051 551 5115 rant,
584 5047 646 5101 in
676 5046 952 5103 Clotharii
979 5048 1330 5119 rediguntur
1360 5051 1732 5119 potestatem.

471 5135 569 5190 llis
599 5133 968 5206 temporibus
994 5135 1305 5192 Medardus
1335 5135 1656 5207 episcopus
1683 5135 1959 5204 migravit
1977 5135 2056 5192 ad

397 5223 742 5294 Dominum,
759 5239 942 5295 quem
963 5222 1294 5279 Clotharius
1317 5240 1420 5280 rex
1437 5240 1576 5281 cum
1605 5224 1809 5280 debito
1828 5225 2056 5281 honore

402 5311 733 5368 Suessionis
745 5311 1308 5384 sepelivit.Posthtec
1319 5311 1651 5369 Clotharius
1662 5329 1766 5369 rex
1786 5312 2054 5382 moritur,

401 5400 534 5456 etin
563 5400 874 5458 basilicam
895 5399 1083 5456 sancti
1106 5398 1364 5456 Medardi
1387 5400 1686 5473 sepelitur.
1703 5404 1968 5467 Quatuor
1986 5401 2056 5457 ﬁ-

403 5489 464 5546 lii
484 5491 613 5560 ejus
628 5505 816 5560 regna
831 5490 984 5547 inter
999 5504 1060 5546 se
1081 5488 1430 5546 diviserunt.
1450 5491 1788 5548 Heribertus
1803 5507 2058 5562 regnum

2156 3094 2424 3166 pericum
2476 3092 2633 3148 bello
2682 3091 3046 3162 aggreditur,
3090 3091 3149 3147 in
3189 3107 3310 3163 quo
3359 3090 3562 3162 prtelio
3615 3104 3821 3161 supra-

2155 3184 2349 3240 dictus
2381 3181 2825 3238 Theodebertus
2859 3180 3156 3237 occubuit.
3193 3179 3539 3252 Helpericus
3585 3178 3818 3248 fugiens

2155 3289 2294 3328 cum
2349 3286 2531 3327 uxore
2587 3275 2645 3326 et
2693 3269 2827 3326 ﬁliis
2876 3268 3240 3325 Torniacum
3291 3267 3599 3337 ingressus
3635 3268 3678 3302 ¹²
3711 3270 3815 3332 est,

2155 3360 2357 3433 ibique
2383 3375 2446 3414 se
2473 3357 2884 3415 communivit.
2903 3360 3092 3424 Quem
3109 3374 3247 3414 cum
3267 3356 3591 3425 Sigibertus
3619 3353 3818 3426 ibique

2155 3452 2632 3521 persequeretur,
2661 3447 2801 3504 dolo
2830 3446 3233 3518 Fredegundis
3261 3445 3484 3515 reginae
3515 3461 3551 3500 a
3578 3443 3818 3500 duobus

2156 3537 2355 3610 pueris
2397 3553 2530 3608 ejus
2573 3536 2937 3592 interficitur.
2973 3538 3162 3600 Quem
3210 3533 3420 3590 fratres
3464 3534 3526 3590 in
3572 3531 3820 3589 basilica

2158 3625 2346 3681 sancti
2375 3625 2634 3682 Medardi
2667 3623 2977 3697 sepeliunt.
3013 3624 3092 3678 Ea
3125 3625 3473 3694 tempestate
3501 3619 3820 3676 Brunichil-

2157 3715 2250 3770 dis
2301 3731 2440 3770 cum
2481 3714 2607 3771 tilio
2651 3713 2846 3769 adhuc
2873 3711 3125 3784 parvulo
3156 3711 3413 3767 Parisius
3445 3710 3816 3767 morabatur.

2158 3803 2511 3860 Gundaldus
2553 3805 2696 3870 dux,
2730 3802 3176 3874 apprehensum
3218 3815 3476 3872 puerum
3524 3805 3700 3855 nocte
3741 3800 3823 3856 1a-

2158 3898 2345 3950 tenter
2367 3893 2616 3964 aufugit,
2632 3907 2892 3964 eumque
2914 3891 2975 3947 in
3000 3905 3254 3960 regnum
3274 3894 3594 3961 paternum
3623 3905 3823 3962 repor-

2159 3983 2320 4038 tavit.
2348 3983 2690 4054 Eademque
2722 3980 3115 4038 Brunichildis
3143 3984 3586 4049 Rothomagum
3617 3979 3679 4036 in
3709 3981 3825 4035 exi-

2156 4069 2306 4124 lium
2337 4070 2602 4135 mittitur,
2619 4070 2723 4124 ubi
2744 4070 2991 4125 veniens
3011 4073 3332 4136 Meroveus,
3360 4068 3520 4124 ﬁlius
3547 4069 3821 4141 Helprici,

2158 4173 2294 4212 eam
2322 4157 2434 4212 sibi
2463 4157 2525 4211 in
2555 4157 2906 4228 conjugium
2939 4158 3204 4214 sociavit.
3243 4162 3324 4214 Ex
3352 4175 3476 4231 qua
3506 4175 3690 4216 causa
3717 4176 3823 4233 po-

2160 4250 2284 4302 stea
2329 4261 2365 4300 a
2408 4249 2574 4318 patre
2605 4246 2916 4316 adtonsus,
2946 4248 3281 4304 monachus
3311 4247 3581 4320 efﬁcitur,
3613 4254 3670 4305 et
3699 4266 3826 4322 pre-

2162 4335 2363 4407 sbyter
2387 4334 2717 4391 ordinatur.
2753 4334 2976 4391 Eodem
3007 4339 3277 4410 tempore
3309 4343 3550 4396 sanctus
3589 4341 3826 4394 Germa-

2160 4441 2274 4481 nus
2302 4425 2666 4482 Parisiorum
2695 4424 3015 4498 episcopus
3045 4426 3120 4482 ad
3157 4429 3476 4484 Dominum
3509 4429 3738 4496 transit,
3771 4434 3829 4484 et

2157 4515 2218 4570 in
2240 4514 2550 4570 basilicam
2575 4515 2765 4571 sancti
2779 4515 3062 4572 Vincentii
3086 4517 3385 4589 sepelitur.
3412 4517 3825 4573 Childebertus

2159 4607 2413 4658 matrem
2460 4601 2905 4658 Brunichildem
2950 4605 3216 4677 requirit,
3249 4621 3433 4677 quam
3487 4605 3826 4678 Helpericus

2159 4690 2407 4747 reddere
2432 4691 2622 4762 jubet,
2652 4695 2862 4748 Narses
2891 4694 3176 4765 patricius
3203 4693 3277 4750 de
3305 4694 3698 4768 Campaniam
3721 4698 3826 4750 Ro-

2160 4798 2327 4838 mam
2356 4781 2535 4849 venit,
2571 4781 2771 4854 ibique
2796 4783 3047 4838 moritur
3074 4802 3086 4851 ;
3120 4800 3339 4856 corpus
3364 4785 3492 4855 ejus
3521 4784 3583 4840 in
3614 4783 3823 4840 locello

2160 4870 2447 4945 plumbeo
2469 4888 2607 4927 cum
2630 4871 2914 4928 omnibus
2940 4873 3158 4929 divitiis
3175 4874 3306 4944 ejus
3333 4875 3826 4947 Constantinopo-

2161 4960 2266 5016 lim
2287 4958 2586 5032 perlatum
2609 4965 2713 5017 est.
2737 4961 3086 5019 Benedictus
3109 4978 3271 5035 papa
3293 4965 3624 5020 Romanam
3645 4963 3826 5018 eccle-

2163 5049 2318 5106 siam
2340 5048 2652 5119 gubernat,
2676 5053 3026 5107 Fortunatus
3056 5056 3234 5124 poeta
3259 5053 3321 5108 in
3348 5051 3544 5108 Galliis
3570 5052 3823 5121 insignis

2162 5137 2438 5207 habetur,
2473 5139 2576 5211 qui
2605 5144 2781 5196 natus
2830 5141 3077 5212 quidem
3119 5141 3180 5195 in
3227 5141 3378 5209 loco,
3411 5141 3515 5213 qui
3559 5139 3824 5212 Duplalis

2165 5227 2358 5283 dictus
2386 5227 2516 5299 fuit,
2539 5229 2642 5301 qui
2660 5228 2828 5284 locus
2848 5229 3013 5286 haud
3043 5229 3217 5298 longe
3244 5245 3281 5286 a
3313 5229 3604 5285 Cenitensi
3630 5233 3825 5285 castro

2163 5315 2259 5371 vel
2279 5315 2627 5373 Tarvisiana
2674 5316 2858 5374 distat
2879 5317 3130 5379 civitate,
3163 5316 3270 5393 sed
3289 5320 3490 5373 tamen
3513 5315 3575 5372 in
3605 5320 3827 5374 Raven-

2165 5419 2247 5461 na
2275 5404 2532 5461 nutritus
2564 5409 2620 5462 et
2647 5405 2881 5477 doctus,
2900 5407 2960 5462 in
2983 5408 3104 5462 arte
3135 5405 3531 5473 grammatica
3559 5405 3678 5462 sive
3699 5404 3828 5460 rhe-

2167 5494 2356 5551 torica
2410 5511 2519 5552 seu
2561 5496 2807 5554 metrica
2851 5495 3216 5554 clarissimus
3246 5495 3456 5554 existit.
3487 5497 3598 5563 Qui
3623 5510 3827 5552 amore

483 5651 526 5684 ¹²
561 5649 898 5730 Helpericus
945 5648 1178 5721 fugiens
1219 5664 1360 5705 cum
1409 5665 1595 5708 uxore
1644 5654 1701 5707 et
1747 5581 2539 5728 ﬁ‘l/iigkllbbilnﬁgggigfospus
2570 5653 2910 5724 Andegavis
2940 5654 3137 5712 clarus
3165 5638 3441 5730 habetur,
3472 5655 3828 5712 Torniacum

406 5721 724 5793 ingressus
752 5726 802 5778 1.
