4086 6200
211 174 283 231 29
1473 168 1878 233 CHRONICON
1886 210 1900 227 .

2045 174 2163 230 AN.
2203 177 2465 237 sio-547.
3604 182 3678 251 3.0

216 294 406 355 sancti
435 291 773 381 Martiniin
802 290 1031 381 Gallias
1066 294 1378 363 transiens,
1409 294 1603 381 primo
1630 293 1902 365 Turonis,
1936 296 1982 350 Α
2015 312 2263 359 manam
2293 302 2445 374 regit
2473 302 2809 371 ecclesiam,
2827 303 2933 377 qui
2956 304 3186 381 absque
3206 303 3477 377 jussione
3513 303 3675 377 prin-

213 383 430 443 deinde
464 380 735 439 Pictavis
758 379 1161 454 habitavit,in
1182 399 1302 457 qua
1328 378 1559 443 civitate
1585 383 1904 457 episcopus

212 474 528 532 ordinatus
554 475 667 528 est.

282 563 585 621 Albuinus
616 578 729 618 rex
764 578 915 618 cum
943 563 1356 633 Langobardis
1384 562 1733 631 Tarvisium,
1767 560 1903 619 Vin-

210 650 982 725 centiam,;Veronamque,
1006 652 1063 708 et
1081 648 1345 727 reliquas
1369 653 1617 710 Venetia
1640 648 1903 709 civitates

211 741 391 816 capit.
455 738 690 798 Deinde
749 738 1086 811 [Liguriam
1141 736 1446 811 ingressus
1504 740 1901 799 Mediolanum

210 832 386 906 cepit,
416 831 494 903 et]
529 843 759 887 omnes
794 828 1053 899 Ligurize
1085 828 1370 887 civitates.
1416 828 1737 887 Ticinensis
1768 828 1904 885 civi-

208 926 301 978 tas
334 918 494 976 ultra
524 923 649 975 tres
681 930 895 975 annos
925 916 1308 974 obsidionem
1338 918 1640 992 perferens
1668 921 1901 988 Lango-

206 1008 419 1067 bardis
450 1024 513 1064 se
544 1005 828 1080 tradidit,
858 1022 1197 1080 omnesque
1225 1007 1487 1065 civitates
1517 1006 1701 1065 armis
1727 1024 1900 1081 cepe-

212 1102 373 1165 runt,
423 1098 647 1170 praeter
706 1096 975 1153 Romam
1034 1098 1091 1153 et
1138 1095 1507 1169 Ravennam,
1551 1097 1646 1154 vel
1698 1092 1902 1171 aliqua

205 1188 405 1244 castra
430 1200 571 1259 quae
604 1186 788 1242 erant
817 1183 879 1241 in
914 1184 1101 1241 maris
1130 1184 1299 1242 litore
1329 1185 1665 1243 constituta.
1700 1186 1903 1242 Albul-

205 1293 320 1333 nus
350 1280 703 1350 postquam
734 1275 801 1330 in
848 1273 1018 1330 Italia
1049 1278 1165 1331 tres
1208 1291 1402 1332 annos
1430 1280 1487 1332 et
1516 1291 1622 1332 sex
1661 1292 1899 1333 menses

202 1364 494 1437 regnavit
541 1363 796 1421 insidiis
848 1378 973 1419 sua:
1020 1364 1297 1436 conjugis
1344 1366 1734 1439 interemptus
1791 1372 1897 1422 est.

205 1453 545 1525 Elmigisus
568 1454 678 1527 qui
697 1452 1026 1509 Albuinum
1043 1453 1361 1523 occiderat,
1376 1470 1515 1510 cum
1531 1455 1903 1513 Hosimunda

203 1542 422 1616 regina
453 1542 823 1599 Ravennam
854 1542 934 1598 ad
984 1543 1321 1614 Longinum
1350 1543 1699 1617 praefectum
1730 1545 1898 1615 fugit,

2016 385 2165 459 cipis
2197 388 2507 447 ordinatus
2539 394 2645 462 est,
2689 408 2760 447 eo
2799 390 2961 465 quod
3007 391 3387 465 Langobardi
3418 393 3671 449 Romam

2014 474 2377 550 obsiderent,
2430 495 2539 535 nec
2594 483 2799 552 posset
2850 479 3173 555 quisquam
3216 479 3520 556 progredi.
3549 472 3674 551 Hel-

2012 566 2249 634 pericus
2306 584 2412 624 rex
2465 568 2893 642 descriptiones
2953 587 3142 627 novas
3189 588 3298 645 per
3355 568 3672 627 consilium

2017 654 2417 725 Fredegundis
2466 657 2527 714 in
2575 658 2741 715 omni
2784 674 2969 730 regno
3021 676 3132 716 suo
3185 660 3344 728 facit,
3379 664 3447 717 ut
3491 672 3674 715 unus-

2013 744 2267 817 quisque
2304 763 2615 819 possessor
2662 748 2737 804 de
2787 748 3029 822 propria
3063 753 3236 819 terra,
3280 749 3357 805 de
3402 764 3528 805 uno
3583 756 3675 805 ar-

2010 848 2207 905 penne
2262 850 2448 893 unam
2502 839 2862 911 amphoram
2914 838 3038 895 vini
3091 839 3169 896 ad
3222 842 3459 911 partem
3518 836 3673 907 regis

2011 920 2198 991 daret,
2231 928 2288 980 et
2310 924 2385 981 de
2403 924 2613 996 jugera
2634 926 2907 982 modium
2938 942 3129 983 unum
3163 945 3175 995 ;
3212 926 3375 982 unde
3402 924 3670 998 populus

2009 1011 2186 1068 valde
2222 1027 2550 1086 Oppressus
2579 1015 3016 1073 vociferabatur
3047 1016 3127 1072 ad
3160 1014 3511 1072 Dominum.
3562 1014 3676 1069 Im.

2009 1099 2170 1157 misit
2200 1107 2401 1159 autem
2451 1106 2739 1160 Dominus
2787 1105 3032 1179 plagam
3061 1105 3124 1161 in
3185 1105 3375 1161 domo
3411 1104 3591 1175 regis,
3620 1104 3679 1158 et

2009 1189 2139 1262 ipse
2165 1196 2453 1260 aegrotare
2483 1194 2680 1267 coepit,
2713 1199 2769 1252 et
2795 1194 2918 1251 duo
2949 1194 3049 1259 ﬁli,
3083 1194 3217 1265 ejus
3259 1194 3486 1251 mortui
3515 1194 3675 1249 sunt.

2011 1280 2137 1335 Rex
2175 1284 2518 1352 perterritus
2574 1283 3002 1357 descriptiones
3054 1284 3411 1353 combussit,
3464 1288 3521 1341 et
3571 1281 3677 1339 tri-

2011 1368 2225 1425 butum
2262 1369 2526 1429 indulsit.
2556 1374 2692 1429 Post
2735 1374 2849 1429 hoc
2880 1372 3163 1442 cognovit
3191 1389 3448 1430 uxorem
3479 1387 3677 1439 suam,

2008 1474 2146 1531 quae
2184 1461 2413 1531 peperit
2451 1460 2662 1529 ﬁlium,
2695 1477 2879 1533 quem
2923 1460 3252 1533 appellavit
3279 1461 3675 1519 Clotbarium.

2012 1546 2160 1603 Huic
2205 1547 2312 1605 fuit
2364 1555 2573 1622 postea
2602 1567 2708 1607 rex
2738 1564 3019 1621 magnus,
3070 1550 3176 1624 qui
3227 1552 3438 1621 genuit
3490 1554 3682 1620 Dago-

211 1634 493 1691 auferens
562 1646 777 1688 secum
860 1628 1261 1701 Albisindam,
1332 1634 1514 1690 ﬁliam
1588 1634 1745 1705 regis
1846 1641 1975 1705 etB
2008 1636 2268 1694 bertum.

212 1739 462 1781 omnem
485 1720 1045 1792 Langobardorum
1078 1722 1448 1793 thesaurum,
1470 1723 1578 1779 ubi
1606 1724 1789 1781 ambo
1811 1743 1903 1782 ve-

215 1831 376 1871 neno
391 1813 721 1886 perierunt.
751 1811 1064 1881 Longinus
1085 1811 1480 1879 Albisindam,
1498 1812 1684 1869 ﬁliam
1706 1812 1904 1873 Albul-

221 1905 304 1972 ni,
330 1918 469 1959 cum
500 1899 1055 1971 Langobardorum
1075 1902 1368 1958 thesauris
1404 1903 1902 1979 Constantinopo-

219 1994 325 2050 lim
341 1993 557 2064 dirigit.
576 1990 971 2062 Langobardi
991 1989 1206 2047 Gallias
1226 1991 1658 2059 ingrediuntur.
1676 1994 1901 2053 Horum

220 2083 548 2140 adventum
576 2083 673 2136 vir
707 2080 809 2137 Dei
839 2079 1162 2152 Hospicius
1188 2080 1293 2152 qui
1320 2082 1486 2153 apud
1507 2083 1747 2140 Niceam
1776 2090 1903 2143 erat

221 2172 547 2239 inclausus,
582 2174 798 2238 sancto
828 2169 943 2225 sibi
967 2168 1274 2227 revelante
1304 2171 1544 2243 Spiritu,
1562 2172 1740 2243 longe
1761 2180 1901 2232 ante

220 2262 511 2336 praevidit,
543 2260 774 2333 quibus
814 2258 1082 2315 occurrit
1107 2262 1354 2315 Amatus
1391 2259 1517 2315 dux
1546 2262 1900 2319 Guntramni

222 2352 401 2422 regis,
434 2354 489 2406 et
523 2348 857 2406 commisso
888 2346 1055 2404 bello
1084 2364 1120 2403 a
1169 2348 1579 2418 Langobardis
1609 2350 1900 2421 extingui-

224 2447 339 2498 tur.
372 2438 737 2497 lummulus
765 2438 830 2494 in
854 2438 1068 2494 locum
1098 2436 1229 2508 ejus
1262 2437 1646 2509 subrogatur,
1676 2440 1781 2512 qui
1826 2456 1901 2497 ex

229 2528 639 2601 Langobardis
694 2526 924 2583 multos
971 2525 1284 2596 interfecit,
1324 2542 1552 2599 eosque
1581 2528 1643 2583 in
1669 2529 1899 2587 Italiam

227 2619 427 2675 redire
452 2616 755 2690 compulit.

297 2712 475 2764 Anno
504 2706 825 2763 Dominioee
851 2703 1289 2761 incarnationis
1319 2704 1421 2760 510
1450 2704 1724 2761 Tiberius
1751 2709 1899 2764 Con-

221 2798 524 2856 stantinus
570 2794 845 2867 regnavit
872 2809 1074 2850 annos
1104 2799 1158 2850 7.
1209 2793 1310 2849 His
1340 2809 1478 2849 cum
1511 2795 1624 2849 sub
1669 2798 1899 2854 Iustino

219 2886 426 2944 adhuc
455 2888 687 2943 Cesare
713 2882 1014 2957 palatium
1054 2884 1306 2952 regeret,
1337 2888 1392 2938 et
1422 2883 1643 2939 multas
1684 2885 1901 2943 cotidie

218 2978 644 3049 eleemosynas
668 2974 913 3044 faceret,
932 2987 1226 3043 magnam
1256 2972 1308 3028 ei
1341 2973 1627 3029 Dominus
1657 2976 1899 3047 copiam
1931 2998 1972 3051 ο

218 3066 356 3124 auri
382 3062 882 3123 subministravit:
899 3076 1049 3118 nam
1071 3059 1472 3118 deambulans
1486 3062 1901 3143 perpalatium
1936 3107 1954 3127 .

216 3155 370 3213 vidit
393 3154 453 3211 in
503 3152 855 3227 pavimento
902 3148 1179 3208 tabulam
1209 3142 1991 3226 marmoreamsiujum},

220 3250 352 3301 erat
398 3259 550 3298 crux
608 3239 920 3298 Dominica
978 3237 1238 3311 sculpta,
1289 3254 1475 3311 quam
1522 3232 1662 3301 inde
1716 3236 1903 3300 levari

215 3334 472 3407 jubens,
503 3322 729 3388 invehit
743 3329 1062 3387 defossum
1077 3342 1373 3397 magnum
1390 3328 1765 3413 thesaurum,
1796 3332 1927 3391 ιω.
1942 3371 1960 3389 ,

220 3423 471 3481 bentem
519 3436 707 3493 supra
753 3418 918 3476 mille
974 3416 1108 3473 auri
1140 3412 1521 3497 centenarias
1543 3419 1693 3481 Huic
1720 3412 1927 3483 etiami

222 3514 547 3572 thesaurus
576 3510 834 3573 Narsetis
873 3525 911 3566 a
955 3506 1232 3580 quodam
1265 3523 1425 3576 sene,
1456 3509 1563 3580 qui
1590 3526 1731 3567 eum
1761 3500 1927 3571 cuin“

224 3603 358 3661 aliis
402 3608 575 3661 terra)
604 3599 1027 3667 mandaverat,
1058 3594 1481 3655 manifestatus
1506 3604 1613 3669 est,
1640 3600 1746 3673 qui
1771 3606 1900 3660 tan-

226 3697 326 3750 tus
356 3691 488 3760 fuit,
537 3695 603 3747 ut
649 3689 751 3746 vix
780 3703 889 3761 per
928 3685 1156 3744 multos
1206 3684 1333 3742 dies
1362 3687 1617 3745 cisterna
1662 3689 1724 3745 in
1781 3706 1906 3763 qua

223 3784 521 3853 jacuerat,
554 3795 592 3836 a
623 3775 1090 3851 deportantibus
1120 3773 1415 3846 potuisset
1442 3778 1902 3839 evacuari.Huic

230 3870 460 3945 Sophia
487 3873 753 3939 Augusta
798 3865 1052 3923 insidias
1104 3864 1412 3937 temptavit
1453 3865 1739 3937 ingerere.
1770 3872 1902 3926 Pro-

228 3959 481 4018 cedente
512 3957 670 4016 enim
699 3973 771 4015 eo
818 3955 897 4012 ad
938 3953 1167 4022 villam,
1217 3956 1281 4007 ut
1301 3953 1474 4023 juxta
1503 3954 1683 4013 ritum
1711 3956 1903 4029 impe-

230 4048 455 4105 rialem
509 4052 573 4104 30
626 4046 842 4103 diebus
891 4044 971 4101 ad
1030 4040 1396 4100 vindemiam
1445 4043 1900 4116 jocundaretur,

229 4140 456 4193 vocato
478 4135 801 4193 Iustiniano
832 4135 1051 4206 nepote
1073 4129 1290 4189 Justini
1314 4131 1533 4202 mariti,
1547 4132 1736 4190 voluit
1763 4151 1902 4197 eum

225 4227 297 4281 in
340 4239 525 4294 regno
556 4223 880 4283 sublimare
914 4239 929 4290 ;
960 4235 1087 4295 quo
1132 4225 1460 4290 comperto,
1490 4220 1755 4279 Tiberius
1803 4239 1905 4297 ap-

2079 1731 2253 1782 Anno
2296 1727 2619 1785 Dominicis
2658 1727 3087 1785 incarnationis
3119 1732 3223 1786 517
3255 1729 3568 1788 Mauritius
3596 1743 3687 1785 re.

2011 1814 2218 1885 gnavit
2241 1830 2434 1871 annos
2464 1820 2553 1872 20.
2587 1819 2753 1873 Hunc
2773 1815 3059 1887 Tiberius,
3074 1816 3340 1879 sentiens
3376 1818 3493 1877 sibi
3521 1816 3685 1874 diem

2008 1903 2215 1959 mortis
2243 1903 2579 1973 imminere,
2610 1920 2731 1961 una
2757 1920 2896 1967 cum
2921 1904 3172 1962 consilio
3208 1906 3453 1978 Sophim
3481 1910 3685 1975 Augu-

2010 1996 2115 2048 stae
2159 1992 2237 2047 ad
2262 1992 2584 2065 imperium
2610 1993 2805 2065 elegit,
2836 1997 3171 2067 ornataque
3215 2010 3332 2051 sua
3358 1993 3487 2050 ﬁlia
3515 2008 3685 2064 rega-

2004 2079 2164 2136 libus
2208 2082 2576 2138 ornamentis
2608 2097 2746 2138 eam
2791 2081 3056 2151 tradidit,
3088 2087 3147 2138 et
3200 2099 3346 2138 cum
3377 2099 3450 2139 ea
3502 2094 3685 2138 omne

2006 2170 2349 2243 imperium.
2380 2170 2765 2242 Langobardi
2795 2187 2934 2227 cum
2964 2187 3073 2245 per
3105 2187 3305 2228 annos
3340 2176 3405 2228 10
3435 2172 3550 2228 sub
3580 2185 3686 2244 po-

2007 2262 2212 2314 testate
2256 2260 2474 2316 ducem
2509 2260 2781 2329 fuissent,
2838 2275 3042 2330 regem
3086 2278 3275 2334 super
3312 2277 3374 2317 se
3415 2263 3687 2317 statuunt

2008 2347 2315 2404 0tharium
2346 2349 2537 2405 ﬁlium
2576 2348 2914 2422 Clephonis,
2941 2366 3130 2421 quem
3157 2349 3343 2406 etiam
3382 2348 3463 2406 ob
3493 2345 3684 2420 digni-

2005 2441 2186 2492 tatem
2208 2436 2470 2493 Flavium
2497 2436 2973 2511 appellaverunt,
3000 2453 3127 2510 quo
3155 2438 3520 2512 pronomine
3540 2441 3686 2495 Lan-

2006 2524 2417 2595 gobardorum
2441 2542 2612 2596 reges
2654 2524 2745 2580 usi
2773 2529 2928 2580 sunt.
2958 2525 3159 2583 Duces
3186 2526 3292 2602 qui
3322 2532 3464 2586 tunc
3492 2530 3681 2596 erant,

2005 2618 2062 2669 et
2090 2613 2168 2669 ob
2200 2613 2696 2671 restaurationem
2727 2613 2895 2684 regni
2922 2630 3179 2673 omnem
3211 2617 3682 2675 substantiarum

2006 2719 2255 2759 suarum
2286 2702 2668 2760 medietatem
2692 2700 2997 2772 regalibus
3027 2704 3249 2763 usibus
3293 2702 3583 2776 tribuunt,
3618 2709 3682 2765 ut

2004 2808 2133 2848 esse
2162 2797 2384 2865 posset,
2416 2793 2575 2849 unde
2606 2809 2710 2848 rex
2736 2790 2867 2864 ipse
2901 2791 3026 2849 sive
3057 2794 3167 2866 qui
3200 2794 3254 2852 ei
3284 2795 3551 2868 aderant,
3575 2812 3682 2870 per

2004 2880 2239 2938 diversa
2269 2880 2468 2939 officia
2493 2881 2811 2949 alerentur,
2836 2881 3145 2939 Mauritius
3172 2884 3500 2957 imperator
3530 2882 3683 2943 Chil-

2006 2970 2275 3039 deberto,
2310 2970 2435 3042 regi
2467 2974 2853 3040 Francorum,
2892 2960 3345 3046 quinquaginta
3374 2974 3561 3035 millia
3588 2992 3679 3033 so-

2005 3059 2299 3143 lidos,per
2325 3077 2466 3143 suos
2492 3059 2720 3136 legatos
2751 3057 2984 3130 direxit,
3008 3066 3222 3134 petens
3253 3068 3318 3121 ut
3346 3064 3682 3136 Langobar-

2007 3140 2118 3230 dos
2138 3146 2213 3222 se
2240 3140 2872 3227 ltaljate’xthmi’naret.
2897 3149 3007 3215 Qui
3028 3167 3171 3208 cum
3191 3152 3429 3211 Francis
3450 3151 3681 3213 Italiam

2007 3236 2606 3312 in'trat,'Lan’gobard1
2633 3248 2889 3297 munera
2906 3240 3197 3312 tribuunt,
3230 3247 3287 3300 et
3311 3260 3524 3317 pacem
3540 3261 3678 3300 cum

1978 3345 2080 3420 beo
2113 3326 2362 3411 faciunt,
2388 3328 2723 3420 imperator
2746 3326 2971 3404 solidos
3001 3331 3253 3405 requirit
3285 3330 3391 3390 sed
3417 3330 3511 3388 ille
3542 3345 3677 3387 sua-

1994 3414 2147 3486 ”{iim
2704 3412 2918 3497 fretus,
2934 3435 3046 3491 pro
3075 3418 3192 3478 hac
3220 3437 3283 3478 re
3310 3436 3419 3478 nec
3434 3434 3679 3493 respon-

2012 3508 2146 3564 sum
2170 3487 3098 3567 readidit—fIdem°ChiIdebertus
3127 3508 3355 3569 bellum
3383 3487 3676 3567 adversus

2010 3597 2305 3669 Hispanos
2350 3612 2584 3668 gerens,
2634 3614 2861 3655 eorum-
2896 3598 3056 3655 acies
3109 3599 3433 3673 superavit.
3485 3599 3680 3655 Causa

2011 3686 2194 3757 hujus
2222 3685 2563 3742 certaminis
2597 3686 2709 3742 ista
2734 3685 2865 3741 fuit.
2906 3684 3315 3742 Childebertus
3338 3685 3677 3755 lngundam

2011 3791 2278 3830 sororem
2302 3791 2478 3829 suam
2502 3773 2957 3844 Herminigildo,
2971 3773 3254 3845 Levigildi
3276 3774 3675 3847 Hispanorum

2008 3865 2165 3932 regis
2194 3862 2338 3933 ﬁlio,
2368 3862 2429 3917 in
2464 3862 2816 3934 conjugium
2861 3862 3211 3930 tradiderat,
3242 3862 3349 3935 qui
3381 3862 3674 3920 Hermini-

2011 3953 2207 4023 gildus
2233 3953 2662 4027 praedicatione
2684 3951 2955 4020 Leandri,
2980 3951 3250 4028 episcopi
3266 3952 3674 4026 Hispaliensis,

2011 4049 2189 4117 atque
2234 4042 2649 4099 adhortatione
2689 4058 2812 4098 suae
2864 4042 3138 4114 conjugis
3192 4041 3271 4098 ad
3312 4041 3675 4099 catholicam

2009 4131 2195 4189 ﬁdem
2225 4147 2552 4188 conversus
2576 4131 2787 4198 fuerat,
2809 4147 2990 4204 quem
3022 4136 3193 4205 pater
3213 4131 3435 4205 impius
3460 4130 3522 4187 in
3542 4130 3674 4203 ipso

2010 4226 2243 4280 sacrato
2296 4221 2568 4296 paschali
2620 4221 2715 4278 die
2771 4222 2965 4279 securi
3014 4222 3329 4295 percussit.
3386 4221 3675 4291 Ingundis

224 4315 596 4389 prehensam
620 4316 955 4409 Augustam
971 4308 1261 4409 omnibus
1281 4309 1579 4409 thesauris
1607 4312 1901 4409 spoliavit,
1933 4354 1977 4409 Β
2006 4316 2143 4385 post
2168 4311 2366 4409 mariti
2387 4314 2666 4381 mortem,
2693 4328 2833 4368 cum
2854 4312 2916 4369 in
2937 4311 3461 4409 repedare
3482 4309 3673 4409 vellet,

231 4404 438 4459 solum
470 4402 523 4458 ei
551 4402 777 4458 victum
806 4399 1182 4473 relinquens.
1216 4399 1401 4470 Hujus
1429 4399 1722 4457 exercitus
1774 4405 1903 4459 Per-

227 4511 331 4550 sas
359 4491 703 4563 debellavit,
736 4496 1089 4563 tantamque
1122 4487 1388 4561 praedam
1415 4505 1555 4545 cum
1586 4494 1655 4547 20
1682 4492 1904 4563 pariter

225 4582 570 4657 elephantis
615 4579 841 4650 detulit,
894 4584 959 4637 ut
1000 4579 1286 4635 humanae
1336 4579 1674 4636 crederetur
1721 4596 1903 4655 posse

225 4671 514 4729 sufﬁcere
563 4668 891 4742 cupiditati.
949 4667 1045 4724 Ad
1090 4668 1253 4724 hunc
1306 4671 1364 4724 et
1411 4668 1752 4742 Helpericus
1796 4686 1904 4726 rex

224 4763 611 4819 Francorum
633 4774 773 4816 suos
788 4757 1019 4830 legatos
1039 4756 1325 4827 dirigens,
1343 4757 1533 4814 multa
1548 4757 1628 4814 ab
1649 4774 1720 4814 eo
1733 4774 1905 4817 orna-

221 4855 465 4921 menta,
491 4864 710 4907 aureos
736 4849 916 4906 etiam
947 4846 1323 4919 singularum
1372 4847 1664 4904 librarum
1709 4864 1907 4905 susce-

224 4941 341 5013 pit,
379 4937 680 4995 habentes
725 4936 805 4993 ab
848 4952 973 4993 una
999 4939 1169 5009 parte
1199 4934 1459 5006 efﬁgiem
1506 4934 1902 5009 imperatoris,

224 5029 536 5103 scriptum
563 5026 626 5082 in
654 5026 877 5083 circulo
922 5025 1189 5083 Tiberius
1231 5024 1654 5082 Constantinus
1697 5041 1907 5100 perpe-

226 5123 371 5175 tuus
406 5119 735 5187 Augustus,
764 5115 842 5172 ab
872 5115 990 5173 alia
1026 5119 1194 5189 parte
1224 5114 1515 5173 habentiss
1546 5112 1906 5186 quadrigam

227 5210 293 5263 et
338 5220 750 5275 ascensorem,
782 5204 845 5260 in
872 5204 1120 5261 circuitu
1151 5203 1438 5277 scriptum
1470 5202 1664 5259 Gloria
1694 5205 1906 5260 Roma-

219 5310 479 5352 norum.
537 5294 731 5366 Hujus
781 5292 996 5349 diebus
1044 5292 1360 5364 Gregorius
1394 5291 1721 5349 diaconum
1766 5308 1906 5351 cum

216 5390 399 5441 esset
446 5381 854 5456 apocrisarius
908 5380 972 5437 in
1021 5379 1167 5437 urbe
1226 5380 1905 5453 Constantinopolitana,

218 5470 486 5532 Iorales
534 5472 721 5528 libros
746 5469 1109 5545 composuit,
1141 5470 1601 5543 Eutychumque
1632 5470 1908 5541 ejusdem

218 5562 406 5621 urbis
454 5561 818 5636 episcopum
868 5558 943 5617 de
998 5559 1428 5617 resurrectione
1484 5564 1803 5631 errantem,
1844 5559 1907 5617 in

216 5655 570 5725 conspectu
614 5650 869 5724 Augusti
916 5649 1236 5725 superavit.
1280 5648 1556 5723 Pelagius
1585 5664 1750 5728 papa
1794 5651 1904 5707 Ro~

2008 4418 2045 4458 a
2099 4400 2307 4474 piratis
2354 4404 2604 4469 tenetur,
2664 4405 2845 4473 atque
2901 4401 2964 4458 in
3025 4400 3284 4458 Siciliam
3325 4399 3667 4467 deducitur,

2008 4489 2110 4547 ubi
2160 4492 2217 4545 et
2259 4488 2528 4546 moritur.
2582 4488 2757 4545 Filius
2787 4490 2917 4560 ejus
2963 4488 3310 4562 imperatori
3333 4494 3422 4545 est
3475 4492 3671 4544 trans-

2008 4594 2254 4636 mlSSUS.

2079 4670 2161 4723 Eo
2188 4671 2455 4741 tempore
2484 4666 2592 4724 fuit
2617 4683 2790 4741 aqua:
2821 4667 3116 4725 diluvium
3146 4667 3210 4723 in
3238 4666 3462 4723 ﬁnibus
3487 4668 3670 4721 Vene-

2008 4755 2229 4813 tiarum
2249 4760 2307 4812 et
2340 4755 2610 4826 Liguriae,
2633 4771 2739 4812 seu
2767 4756 2829 4812 in
2854 4756 3079 4813 caeteris
3098 4754 3442 4826 regionibus
3474 4752 3671 4821 Italia,

2010 4845 2189 4917 quale
2219 4848 2358 4918 post
2382 4848 2502 4902 Noe
2535 4848 2773 4919 tempus
2802 4845 3061 4901 creditur
3088 4859 3213 4903 non
3228 4842 3429 4899 fuisse.
3463 4842 3674 4900 Subse-

2013 4936 2150 4989 cuta
2175 4938 2270 4990 est
2299 4934 2497 4993 statim
2524 4934 2712 5007 pestis
2734 4932 3095 5004 inguinaria,
3118 4950 3250 5006 quae
3279 4936 3446 4993 tanta
3475 4934 3672 5000 strage

2012 5021 2310 5096 populum
2334 5022 2752 5094 devastavit,ut
2781 5020 2857 5077 de
2870 5020 3271 5079 inaestimabili
3295 5018 3672 5079 multitudine

2012 5111 2195 5183 pauci
2222 5116 2620 5170 remanerent.
2646 5112 2710 5167 In
2735 5110 2849 5166 hac
2883 5109 3261 5169 tribulatione
3290 5108 3604 5182 Gregorius
3635 5124 3673 5166 a

2013 5200 2244 5257 cunctis
2273 5200 2625 5273 generaliter
2666 5214 2828 5275 papa
2852 5198 3072 5258 electus
3100 5205 3208 5270 est,
3255 5204 3312 5257 et
3337 5198 3401 5256 in
3429 5197 3670 5273 pontiﬁ-

1994 5291 2127 5379 cali
2156 5296 2214 5347 et
2240 5291 2305 5347 in
2334 5289 2621 5348 cathedra
2648 5288 3028 5379 sublimatus.

2086 5383 2192 5437 Per
2221 5378 2382 5437 idem
2404 5384 2641 5452 tempus
2664 5378 2857 5443 isdem
2884 5380 3201 5450 Gregorius
3220 5395 3384 5455 papa
3401 5376 3673 5450 Augusti-

2012 5484 2183 5532 num.
2224 5468 2513 5526 Mellitum
2563 5472 2620 5526 et
2671 5469 3008 5528 Johannem
3046 5487 3186 5528 cum
3239 5468 3368 5527 aliis
3396 5467 3671 5541 pluribus

2014 5558 2329 5616 monachis
2369 5558 2716 5617 timentibus
2746 5563 2933 5619 Deum
2976 5560 3038 5617 in
3093 5558 3461 5621 Britanniam
3490 5555 3666 5615 misit.

2014 5664 2346 5725 eorumque
2373 5649 2796 5729 praedicatione
2827 5650 2906 5710 ad
2932 5649 3233 5711 Christum
3276 5646 3504 5717 Anglos
3526 5656 3669 5700 con-
