4076 6212
320 205 388 258 33
581 185 584 190 ’
1575 199 1997 262 cunemcou.
2027 228 2095 237 -—
2124 198 2191 251 A.
2223 186 2477 254 538-576.
3672 206 3740 261 3,

302 323 555 396 pondus
582 322 757 395 panis
788 327 848 380 et
886 340 1237 381 mensuram
1271 325 1393 381 vini
1429 326 1782 383 deferentes.
1812 326 1971 381 Mau-
2002 324 2051 376 A
2087 318 2336 375 traditus
2356 324 2441 376 est
2471 336 2508 376 a
2551 321 2839 391 genitore,
2871 326 2936 377 ut
2990 338 3130 378 eum
3186 323 3522 381 secundum
3564 343 3740 384 suam

312 411 493 469 ricius
520 412 846 486 imperator
874 430 1015 469 cum
1038 414 1176 470 ﬁliis
1208 415 1329 470 suis
1353 415 1707 481 Theodosio,
1740 414 1975 471 Tiberio

315 505 371 557 et
393 502 805 571 Constantino,
829 518 866 559 a
887 505 1124 573 Focate,
1151 504 1254 576 qui
1281 504 1389 560 fuit
1417 510 1632 561 strator
1659 503 1837 560 Prisci
1866 519 1973 575 pa-

313 589 473 661 tritii,
502 591 808 647 occiditur.

384 683 558 735 Anno
587 679 910 736 Dominicis
932 680 1359 738 incarnationis
1387 686 1489 738 538
1512 684 1735 739 Phocas
1766 697 1973 752 regna-

313 768 403 823 vis
429 784 624 825 annos
654 772 686 824 8
742 770 926 841 Hujus
956 771 1219 827 secundo
1248 788 1411 828 anno
1442 772 1756 841 Gregorius
1811 787 1973 844 papa

314 855 596 926 migravit
624 857 704 914 ad
738 859 1076 927 Dominum,
1105 860 1203 916 cui
1231 860 1290 916 in
1321 860 1674 934 pontiﬁcatu
1706 860 1972 917 Sabinia-

313 959 431 999 nus
464 946 768 1016 successit,
800 963 921 1020 quo
950 948 1233 1005 defuncto
1259 949 1592 1005 Bonifacius
1623 965 1785 1022 papa
1827 964 1971 1004 con-

313 1031 586 1090 stituitur.
622 1035 720 1090 Hic
745 1035 1002 1091 obtinuit
1024 1037 1189 1109 apud
1215 1040 1499 1094 Focatum
1528 1037 1883 1110 principem,
1910 1039 1975 1091 ut

311 1121 484 1177 sedes
510 1123 843 1195 apostolica
870 1130 1053 1196 caput
1079 1130 1238 1180 esset
1256 1125 1531 1181 omnium
1561 1125 1972 1192 ecclesnarum,

309 1209 455 1281 quia
483 1211 735 1269 ecclesia
764 1213 1430 1284 Constantinopolitana
1457 1213 1722 1284 primam
1754 1229 1817 1267 se
1847 1229 1976 1267 om-

309 1297 481 1354 nium
508 1300 900 1356 ecclesiarum
922 1300 1245 1355 scribebat.
1292 1300 1392 1355 Hic
1440 1316 1679 1356 menses
1708 1304 1740 1355 8
1769 1305 1825 1355 et
1850 1301 1975 1356 dies

312 1389 384 1440 20
404 1386 466 1440 in
485 1386 816 1443 chathedra
841 1376 1129 1457 residens,
1150 1387 1407 1459 perrexit
1430 1388 1509 1444 ad
1540 1388 1876 1443 Dominum.
1912 1392 1973 1443 In

312 1474 488 1544 cujus
514 1474 649 1530 loco
674 1475 885 1540 iterum
907 1474 1247 1530 Bonifacius
1266 1481 1664 1545 consecratur.
1682 1476 1785 1531 Hic
1810 1476 1974 1548 petiit

312 1564 550 1629 Focam,
570 1567 633 1617 ut
647 1562 708 1617 in
730 1562 909 1617 veteri
930 1562 1091 1630 fano,
1105 1564 1270 1635 quod
1291 1565 1599 1620 Pantheon
1618 1565 1967 1633 vocabatur,

2086 407 2442 479 sapientiam
2486 410 2789 477 enutriret,
2836 409 3007 483 eique
3056 410 3352 468 tramitem
3399 412 3741 472 christiana:

2087 495 2385 567 religionis
2436 499 2795 555 ostenderet.
2860 499 2959 555 Hic
2982 522 2990 530 -
3013 504 3339 573 postquam
3386 502 3465 558 ad
3507 503 3741 559 virilem

2086 586 2321 639 aetatem
2346 586 2628 656 pervenit,
2645 586 3140 660 Sandragisilum,
3158 589 3375 645 ducem
3404 590 3739 662 Aquitaniae

2085 675 2143 728 et
2166 688 2378 729 carum
2408 674 2811 731 consiliarium
2832 676 3038 749 patris,
3071 692 3143 732 eo
3188 678 3354 750 quod
3380 694 3442 735 se
3471 679 3739 753 quadam

2083 761 2465 818 contumacia
2488 762 2839 837 desciperet,
2861 764 3209 820 verberibus
3232 764 3448 838 affecit,
3462 774 3518 823 et
3534 768 3739 825 barbas

2082 850 2324 907 rasione
2352 852 2711 925 deturpavit.
2745 853 2918 919 Quod
2964 870 3104 909 cum
3132 859 3303 927 pater
3340 857 3738 927 cognovisset,

2083 954 2222 994 eum
2252 939 2333 995 ad
2383 940 2678 1013 supplicia
2718 943 2983 1015 requirit.
3039 942 3134 998 Ille
3176 943 3441 1000 furorem
3472 944 3658 1017 patris
3680 947 3744 1001 ti-

2082 1044 2255 1084 mens
2277 1028 2340 1084 in
2367 1029 2682 1085 basilicam
2707 1036 3052 1087 sanctorum
3078 1032 3345 1104 Dyonisii
3363 1038 3421 1089 et
3439 1034 3740 1091 sociorum

2084 1116 2214 1187 ejus
2244 1118 2530 1187 confugit,
2553 1134 2883 1192 eorumque
2914 1121 3157 1176 tutelam
3174 1122 3428 1195 supplex
3451 1123 3737 1196 exposcit.

2088 1204 2351 1268 Quorum
2384 1206 2852 1276 suffragantibus
2873 1208 3117 1275 meritis,
3133 1224 3169 1265 a
3186 1208 3351 1265 nullo
3381 1211 3572 1282 potuit
3598 1211 3739 1267 inde

2087 1291 2337 1359 extrahi,
2366 1284 2639 1366 quosque
2664 1295 3059 1351 commissum
3087 1295 3316 1351 facinus
3347 1302 3517 1369 pater
3540 1298 3740 1354 indul-

2088 1384 2269 1447 geret.
2299 1379 2460 1435 Unde
2488 1387 2543 1436 et
2571 1382 2741 1437 illum
2766 1383 3149 1455 potissimum
3174 1383 3377 1439 dilexit
3401 1385 3741 1454 locum,ubi

2082 1468 2475 1538 postmodum
2523 1469 2790 1539 ingentia
2838 1471 3001 1526 dona
3026 1470 3292 1539 contulit,
3324 1476 3381 1526 et
3421 1488 3744 1530 numerosa

2080 1554 2310 1627 praedia
2338 1555 2519 1612 dedit.
2552 1560 2689 1613 Post
2733 1559 2862 1613 haec
2895 1558 3266 1628 Dagobertus
3304 1575 3443 1615 cum
3491 1561 3743 1633 Pippino

308 1649 476 1723 quod
505 1666 542 1705 a
572 1649 909 1707 Domitiano
940 1653 1167 1707 Caesare
1194 1651 1384 1709 fuerat
1415 1657 1967 1721 constructum,'ec-
1997 1671 2039 1726 Β
2082 1644 2234 1699 duce
2290 1644 2351 1699 in
2381 1645 2614 1701 Austria
2668 1651 3027 1717 regnaturus
3084 1664 3118 1703 ἃ
3143 1652 3310 1719 patre
3353 1648 3646 1719 dirigitur,
3685 1655 3745 1706 et

308 1737 559 1795 clesiam
590 1738 702 1795 sibi
728 1740 1065 1796 consecrari
1093 1740 1314 1812 liceret,
1339 1741 1505 1814 quod
1531 1743 1741 1798 annuit
1777 1743 1965 1816 impe-

309 1830 490 1883 rator.
523 1830 660 1883 Post
684 1829 846 1885 hunc
876 1828 1198 1886 Deusdedit
1221 1830 1282 1886 in
1308 1831 1662 1903 pontiﬁcatu
1688 1832 1971 1889 sublima-

312 1920 426 1971 tur.
452 1916 818 1972 Eleutherius
843 1917 1115 1991 patritius
1147 1923 1205 1974 et
1225 1918 1626 1976 cubicularius
1655 1921 1970 1995 imperato-

309 2004 391 2059 ris
406 2005 469 2060 in
484 2004 729 2077 Neapoli
750 2006 981 2062 civitate
1000 2006 1289 2063 interfecit
1306 2010 1598 2064 Joannem
1618 2013 1965 2081 tyrannum.

378 2095 570 2149 Persae
602 2096 888 2153 adversus
919 2097 1361 2170 rempublicam
1412 2099 1765 2169 gravissima
1810 2100 1969 2157 bella

303 2188 541 2255 gerunt,
573 2189 629 2240 et
658 2185 1136 2258 Hierolosymam
1184 2187 1495 2258 intrantes,
1535 2188 1821 2245 vexillum
1864 2190 1971 2246 Do-

303 2273 541 2328 minicae
592 2275 785 2331 crucis
832 2280 1164 2349 asportant.
1225 2277 1572 2333 Anastasius
1636 2280 1970 2334 monachus

302 2360 528 2418 illustre
580 2364 938 2436 martyrium
985 2364 1243 2437 pertulit.
1292 2368 1440 2420 Nam
1471 2381 1507 2420 a
1551 2366 1743 2421 Persis
1782 2367 1973 2422 multa

304 2467 415 2524 pro
472 2451 704 2507 Christo
758 2468 1109 2525 perpessus,
1142 2452 1221 2507 ad
1268 2456 1605 2508 extremum
1652 2470 1686 2509 a
1730 2456 1971 2521 Cosroe,

304 2553 448 2608 rege
481 2554 716 2608 eorum,
743 2539 1073 2595 decollatus
1104 2555 1244 2594 cum
1264 2539 1392 2594 aliis
1422 2543 1510 2593 70.

287 2666 291 2671 .
379 2629 445 2680 in
478 2625 725 2681 Francia
753 2625 905 2682 inter
946 2624 1377 2682 Theodericum
1406 2630 1461 2682 et
1499 2625 1976 2682 Theodobertum

308 2713 545 2782 fratres,
594 2714 913 2784 instigante
960 2714 1341 2770 Brunichilda
1366 2714 1517 2781 avia,
1547 2714 1975 2784 gravissimum

306 2802 496 2859 oritur
524 2801 773 2870 bellum,
825 2818 896 2858 eo
921 2802 1089 2876 quod
1135 2803 1583 2859 Theodobertus
1629 2818 1751 2859 non
1780 2803 1972 2875 legiti-

313 2907 451 2946 mus
492 2891 686 2946 haares
728 2890 897 2961 regni
926 2891 1240 2959 diceretur,
1291 2891 1434 2963 quia
1487 2891 1564 2947 de
1610 2891 1818 2964 pellice
1848 2897 1976 2950 erat

2082 1733 2272 1789 sancti
2299 1733 2530 1789 Arnulﬁ
2554 1735 2825 1791 Metensis
2854 1734 3119 1808 episcopi
3149 1736 3408 1791 consiliis
3436 1752 3740 1795 commen-

2079 1823 2276 1879 datur.
2302 1823 2610 1880 Rodoaldo
2634 1824 3169 1895 Langobardorum
3194 1841 3334 1896 rege
3354 1832 3614 1897 mortuo,
3632 1829 3739 1883 Ro-

2079 1912 2311 1967 tharius
2341 1912 2538 1968 eidem
2567 1928 2753 1984 regno
2782 1913 3122 1986 praeﬁcitur.

2150 2023 2323 2074 Anno
2349 2019 2671 2075 Dominicis
2693 2019 3123 2076 incarnationis
3154 2026 3257 2077 572
3289 2021 3642 2078 Heraclones
3669 2021 3738 2077 il-

2077 2108 2193 2163 lius
2218 2108 2489 2177 Heraclii,
2521 2125 2661 2165 cum
2690 2115 2882 2165 matre
2915 2125 3027 2166 sua
3058 2110 3303 2167 Martina
3330 2110 3604 2182 regnavit
3632 2126 3740 2167 an-

2080 2211 2192 2253 nos
2217 2200 2271 2251 2.
2304 2198 2491 2269 Cyrus
2541 2197 2932 2267 Alexandriae,
2983 2199 3222 2269 Sergius
3260 2204 3319 2255 et
3354 2199 3616 2272 Pyrrhus
3653 2214 3741 2254 re-

2083 2287 2193 2357 giae
2246 2286 2413 2342 urbis
2454 2287 2739 2359 episcopi,
2787 2304 2974 2344 unam
3014 2290 3426 2359 operationem
3465 2289 3528 2343 in
3575 2288 3738 2343 Chri-

2084 2378 2176 2428 sto
2266 2375 2589 2430 divinitatis
2655 2379 2712 2429 et
2772 2375 3181 2442 humanitatis,
3250 2382 3304 2430 et
3368 2391 3555 2432 unam
3635 2391 3742 2431 vo-

2086 2462 2375 2518 luntatem
2400 2462 2827 2529 dogmatizant,
2857 2468 2914 2517 et
2937 2462 3016 2517 ob
3042 2463 3155 2518 hoc
3182 2479 3219 2518 a
3247 2463 3557 2520 Theodoro
3580 2479 3743 2538 papa

2060 2554 2146 2606 et
2196 2549 2326 2605 aliis
2373 2548 2668 2622 episcopis
2724 2550 3108 2606 condemnati
3156 2557 3312 2609 sunt.
3373 2554 3744 2624 Dagobertus

2086 2639 2245 2695 ﬁlius
2275 2638 2576 2708 Clotharii,
2603 2655 2743 2695 cum
2774 2639 3111 2696 Saxonibus
3140 2640 3456 2709 dimicans,
3490 2642 3744 2712 graviter

2085 2728 2164 2785 ab
2194 2727 2277 2784 eis
2324 2727 2689 2798 vulneratur,
2739 2733 3094 2801 patremque
3123 2745 3230 2802 per
3274 2729 3540 2800 legatum
3568 2735 3746 2786 vocat

2084 2818 2148 2873 in
2176 2815 2490 2884 auxilium,
2545 2816 2650 2889 qui
2688 2816 2937 2873 festinus
2988 2833 3129 2873 cum
3167 2818 3429 2875 exercitu
3482 2818 3660 2884 venit,
3690 2822 3747 2875 et

2084 2905 2389 2962 interfecto
2416 2920 2623 2962 eorum
2654 2905 2807 2961 duce
2835 2905 3130 2974 Bertaldo,
3163 2906 3246 2963 ita
3272 2909 3537 2964 Saxones
3562 2908 3746 2965 armis

309 2984 582 3070 ἰξᾶῑιιενθί
608 2979 773 3070 apud
801 2979 1152 3070 mplacum
1174 2984 1439 3036 castrum
1468 2981 1725 3036 sumulis
1752 2981 1974 3037 Viribus
2004 3014 2046 3070 ς,
2086 2995 2445 3069 perdomuit,
2497 2999 2562 3050 ut
2587 2995 2785 3051 omnis
2840 2995 3023 3050 virilis
3056 3012 3233 3052 sexus
3272 2997 3544 3068 ejusdem
3574 3001 3744 3053 terra:

310 3068 1154 3139 decertatum,’l‘heodebertus
1180 3074 1346 3140 terga
1371 3070 1559 3136 vertit,
1579 3075 1637 3126 et
1665 3070 1975 3128 Coloniam
2086 3068 2335 3154 incolas,
2367 3082 2472 3155 qui
2501 3082 2704 3153 gladii,
2735 3098 2918 3156 quem
2963 3088 3102 3138 tunc
3132 3084 3280 3140 forte
3325 3085 3587 3156 gerebat,
3618 3085 3746 3142 ιοη-

314 3157 486 3229 fugit,
501 3157 642 3213 inde
673 3158 1032 3225 abstractus,
1057 3162 1115 3214 et
1145 3174 1181 3215 a
1206 3158 1385 3215 fratre
1410 3163 1703 3228 attonsus,
1730 3159 1978 3216 clericus

316 3245 591 3316 efﬁcitur,
619 3252 677 3303 et
701 3263 825 3304 non
855 3252 990 3321 post
1020 3248 1280 3304 multum
1309 3249 1387 3305 ab
1412 3249 1626 3305 eodem
1656 3249 1834 3306 fratre
1862 3254 1979 3306 tru-

314 3336 567 3407 cidatur,
610 3341 667 3392 et
707 3336 829 3393 duo
876 3336 1132 3409 ﬁliiejus
1175 3337 1630 3394 interﬁciuntur.
1680 3341 1815 3395 Post
1849 3340 1977 3394 haec

314 3426 596 3499 praefatus
638 3425 1034 3497 Theodericus
1063 3426 1275 3484 fraude
1320 3427 1718 3484 Brunichildis
1745 3430 1978 3486 veneno

311 3514 503 3587 periit,
534 3514 657 3570 duo
688 3513 789 3573 ﬁlii
847 3516 976 3586 ejus
1006 3532 1042 3572 a
1093 3516 1468 3572 Brunichilde
1521 3517 1974 3573 interﬁciuntur.

288 3652 293 3657 .
316 3604 518 3672 Regna
546 3617 681 3674 quae
708 3601 940 3674 praefati
967 3618 1136 3674 reges
1166 3608 1501 3674 tenuerant,
1532 3604 1596 3659 in
1621 3609 1978 3677 potestatem

317 3690 598 3747 Clotharii
628 3695 956 3748 transeunt.

388 3780 802 3850 Brunichildis,
854 3786 1099 3854 propter
1128 3782 1318 3838 multa
1343 3782 1642 3839 maleﬁcia
1680 3800 1816 3855 quae
1845 3798 1980 3855 per-

319 3873 536 3941 petrat,
565 3869 745 3940 jussu
774 3869 1053 3926 Clotharii
1074 3886 1373 3943 equorum
1394 3870 1825 3925 indomitorum
1845 3885 1982 3924 cau-

320 3957 414 4012 dis
431 3957 678 4027 religata
698 3960 1073 4032 discerpitur.
1103 3958 1394 4029 Agilulfus
1428 3975 1534 4015 rex
1557 3957 1981 4029 Langobardo-

322 4061 460 4101 rum
490 4046 753 4120 mpritur,
814 4052 873 4104 et
902 4047 1246 4105 Rodoaldus
1277 4046 1435 4104 ﬁlius
1479 4049 1608 4119 ejus
1637 4048 1698 4103 in
1727 4063 1982 4118 regnum

324 4134 630 4192 stabilitur.

390 4227 563 4281 Anno
592 4226 915 4282 Dominicaa
943 4225 1373 4283 incarnationis
1406 4230 1508 4282 546
1554 4226 1862 4283 Heraclius
1896 4242 1981 4281 re-

318 4314 523 4385 gnavit
552 4330 747 4371 annos
773 4319 863 4371 26.
917 4315 1029 4381 Qui
1052 4315 1340 4372 adversus
1383 4317 1591 4371 Persas
1619 4314 1848 4371 bellum
1876 4331 1981 4386 ag-

319 4419 582 4479 gressus,
612 4405 811 4462 occiso
840 4405 1099 4463 Cosdroe
1131 4420 1342 4461 eorum
1368 4420 1528 4476 rege,
1561 4407 1766 4461 Persas
1795 4404 1856 4461 in
1886 4404 1984 4461 de-

318 4492 610 4549 ditionem
638 4494 886 4566 aecepit,
921 4498 980 4550 et
1005 4493 1238 4563 lignum
1280 4498 1501 4549 sancta:
1531 4493 1725 4549 crucis
1752 4497 1983 4550 Jeroso-

319 4581 570 4653 lymam,
604 4582 763 4638 unde
794 4581 1101 4638 sublatum
1124 4582 1335 4650 fuerat,
1371 4598 1511 4638 cum
1539 4597 1765 4652 magna
1808 4598 1983 4639 vene-

319 4671 549 4727 ratione
574 4671 845 4727 restituit.
905 4671 1244 4727 Bonifacius
1272 4671 1541 4745 quintus,
1575 4676 1633 4728 et
1662 4672 1983 4742 Honorius,

290 4814 299 4819 -
324 4761 641 4817 Severinus
667 4765 725 4817 et
751 4762 1015 4818 Joannes
1046 4764 1381 4818 Romanam
1410 4766 1625 4832 regunt
1648 4761 1984 4830 ecclesiam,

294 4918 299 4919 7
394 4849 703 4906 Heduinus
727 4867 831 4907 rex
855 4850 1186 4921 Anglorum
1206 4851 1574 4924 praedicante
1594 4850 1841 4907 Paulino
1871 4851 1989 4923 epi-

323 4955 529 5013 scopo,
581 4941 661 4996 ad
702 4941 916 4997 Christi
943 4940 1127 4997 ﬁdem
1157 4958 1296 4998 cum
1349 4957 1461 4998 sua
1504 4947 1677 5013 gente
1703 4942 1990 4997 converti-

323 5031 438 5083 tur.
472 5029 765 5085 Honorius
792 5046 956 5103 papa
980 5031 1185 5086 Scotos
1212 5030 1275 5085 in
1304 5030 1722 5086 observatione
1743 5030 1989 5103 paschae

323 5121 589 5174 errantes
615 5134 723 5190 per
748 5118 1064 5190 epistolam
1086 5118 1411 5189 redarguit,
1436 5118 1702 5176 similiter
1730 5124 1787 5176 et
1813 5120 1989 5175 Joan-

325 5220 430 5261 nes
462 5223 773 5263 successor
795 5207 1055 5264 Severini
1081 5208 1241 5264 facit.

396 5298 502 5351 Per
520 5296 683 5354 idem
706 5301 941 5370 tempus
957 5297 1068 5354 fuit
1090 5298 1287 5368 major
1301 5297 1521 5354 domus
1541 5298 1604 5354 in
1629 5298 1853 5371 palatio
1866 5297 1992 5353 Clo-

331 5382 499 5441 tharii
510 5386 667 5461 regis
676 5386 977 5457 Arnulfus,
993 5387 1100 5455 vir,
1114 5391 1179 5442 ut
1190 5387 1582 5460 postmodum
1594 5387 1680 5443 cla
1688 5387 1825 5454 ruit,
1846 5390 1987 5454 Deo,

326 5474 743 5549 amabilis,qui
767 5482 905 5550 post
932 5475 1181 5549 gloriam
1211 5476 1393 5533 seculi
1424 5476 1636 5534 Christi
1665 5493 1726 5533 se
1754 5475 1991 5532 servitio

327 5562 597 5620 subdens
618 5564 910 5622 mirabilis
939 5566 1002 5622 in
1032 5566 1384 5639 episcopatu
1410 5565 1614 5621 extitit.
1631 5566 1775 5622 Huic
1806 5565 1992 5633 Dago-

325 5651 535 5710 bertus
556 5652 716 5713 ﬁlius
746 5653 1043 5725 Clotharii,
1073 5654 1136 5711 in
1167 5654 1342 5714 annis
1374 5652 1704 5728 puerilibus
1729 5651 1986 5727 positus,

2089 3172 2419 3246 gitudinem
2450 3172 2863 3241 excessissent,
2893 3171 3230 3245 perimeret.

2159 3281 2325 3337 Circa
2343 3280 2471 3335 haec
2492 3284 2763 3352 tempera
2792 3279 3243 3350 Sisenandus,et
3269 3284 3409 3353 post
3425 3297 3567 3337 eum
3578 3281 3751 3338 Chin-

2090 3369 2232 3442 tilla,
2263 3369 2326 3425 in
2355 3369 2640 3441 Hispania
2675 3373 3093 3439 regnaverunt.
3128 3372 3352 3426 Horum
3377 3370 3748 3443 temporibus

2090 3459 2361 3532 synodus
2382 3458 2476 3514 bis
2495 3458 2653 3515 facta
2671 3463 2760 3514 est
2787 3458 2849 3513 in
2878 3458 3025 3515 urbe
3055 3457 3357 3529 Toletana,
3376 3458 3477 3515 ubi
3489 3459 3750 3531 plurima

2090 3549 2165 3604 de
2193 3547 2311 3603 ﬁde
2334 3546 2629 3603 catholica
2644 3551 2701 3603 et
2715 3546 3001 3617 religione
3017 3546 3343 3603 christiana
3364 3547 3750 3619 promulgata

2091 3642 2230 3694 sunt
2258 3640 2316 3693 et
2347 3636 2566 3708 scripto
2597 3635 2899 3691 roborata.
2920 3635 3042 3693 Sub
3070 3635 3164 3690 his
3189 3635 3370 3692 etiam
3388 3636 3628 3704 regibus
3649 3635 3749 3691 lsi-

2090 3728 2276 3783 dorus
2302 3724 2666 3796 Hispalensis
2689 3723 2951 3778 ecclesiae
2977 3723 3319 3792 episcopus,
3347 3722 3568 3792 ﬂoruit,
3601 3723 3751 3778 nulli

2093 3815 2525 3870 modernorum
2535 3810 2852 3864 doctorum
2872 3807 3251 3882 postponend
3260 3808 3458 3880 us,qui
3468 3809 3657 3865 multa
3675 3810 3750 3865 de

2090 3902 2233 3958 ﬁdei
2252 3899 2474 3971 regulis
2494 3897 3028 3971 ecelesiasticisque
3047 3895 3379 3970 disciplinis
3397 3896 3746 3972 disputavit.

2164 4012 2299 4066 Post
2324 4007 2488 4063 idem
2520 4009 2756 4079 tempus
2797 4005 3063 4077 conjunx
3092 4004 3250 4076 regis
3280 4008 3617 4077 Persarum,
3648 4022 3752 4063 no-

2090 4099 2271 4155 minee
2293 4098 2663 4169 Caesara,pro
2676 4094 2886 4152 Christi
2898 4094 3360 4167 amore,privato
3372 4095 3581 4152 habitu
3590 4096 3753 4152 venit

2092 4183 2689 4257 Constantinopolim,
2705 4188 2761 4240 et
2788 4188 2924 4256 post
2943 4182 3170 4256 aliquot
3198 4183 3324 4239 dies
3341 4183 3658 4257 baptizata,
3674 4185 3751 4241 ab

2092 4279 2360 4349 Augusto
2390 4275 2465 4330 de
2496 4289 2669 4329 sacro
2698 4272 2858 4329 fonte
2881 4272 3079 4329 levata
3117 4277 3224 4328 est.
3260 4274 3455 4339 Quam
3505 4275 3593 4329 vir
3622 4274 3751 4345 ejus

2016 4369 2061 4423 D
2092 4365 2402 4439 requirens
2412 4407 2425 4431 ,
2440 4380 2579 4419 cum
2591 4366 2660 4419 40
2679 4362 3034 4419 militaribus
3053 4362 3196 4418 viris
3207 4362 3456 4436 paciﬁce
3467 4364 3754 4419 Constan-

2093 4454 2408 4527 tinopolim
2437 4452 2615 4519 venit,
2648 4468 2685 4508 a
2712 4467 2835 4524 quo
2866 4451 3008 4508 satis
3037 4451 3219 4520 digne
3247 4457 3581 4524 susceptus,
3614 4466 3755 4506 eum

2094 4541 2379 4600 omnibus
2410 4556 2565 4614 quos
2595 4555 2799 4596 secum
2823 4538 3177 4607 adduxerat,
3207 4538 3541 4610 baptizatus
3568 4541 3677 4606 est,
3699 4540 3758 4591 et

2095 4633 2174 4689 ab
2194 4634 2464 4703 Augusto
2489 4630 2563 4685 de
2594 4629 2753 4685 fonte
2782 4625 3381 4697 levatus,multisque
3404 4623 3756 4679 muneribus

2094 4711 2448 4788 honoratus,
2481 4722 2728 4791 accepta
2747 4719 3003 4789 conjuge
3041 4715 3121 4772 ad
3145 4713 3402 4786 patriam
3430 4711 3751 4783 repedavit.

2169 4836 2340 4885 Anno
2383 4826 2705 4884 Dominicae
2754 4820 3180 4881 incarnationis
3230 4824 3332 4875 5'75
3377 4820 3754 4877 Constantius

2097 4919 2255 4976 ﬁlius
2285 4917 2552 4989 Heraclii,
2573 4916 2753 4971 frater
2778 4908 3425 4979 Heraclonae,regnavit
3447 4910 3758 4968 mensibus

2099 5019 2151 5066 6.
2178 5007 2342 5080 Pyrri
2372 5020 2680 5063 successor
2726 5001 2963 5068 Paulus,
2997 5015 3119 5055 non
3142 5003 3373 5056 tantum
3399 5016 3621 5056 vesana
3647 4999 3757 5055 do-

2099 5099 2287 5155 ctrina
2317 5098 2466 5153 sicnt
2494 5095 2837 5150 decessores
2863 5089 3011 5160 ejus,
3041 5089 3145 5146 sed
3169 5093 3226 5146 et
3245 5094 3454 5163 aperta
3481 5104 3760 5162 persecu-

2100 5186 2257 5243 tione
2284 5183 2608 5241 catholicos
2639 5176 2899 5247 cruciat;
2932 5177 3010 5234 ob
3040 5178 3156 5235 hoc
3185 5182 3243 5233 et
3271 5178 3398 5250 ipse
3430 5175 3583 5232 sicut
3604 5191 3759 5249 prae-

2099 5276 2443 5332 decessores
2467 5271 2596 5341 ejus
2627 5285 2663 5324 a
2710 5268 2851 5325 sede
2879 5267 3206 5341 apostolica
3252 5267 3619 5339 dampnatus
3649 5268 3756 5321 est.

2171 5385 2343 5436 Anno
2374 5374 2694 5434 Dominicre
2723 5373 3150 5431 incarnationis
3180 5376 3281 5428 576
3313 5371 3756 5435 Constantinus,

2100 5471 2259 5527 ﬁlius
2283 5465 2610 5523 Constantii
2634 5465 2738 5521 ﬁlii
2764 5462 3029 5532 Heraclii,
3044 5461 3314 5532 regnavit
3334 5475 3529 5516 annos
3549 5463 3636 5515 28.
3655 5454 3758 5509 Hic

2101 5578 2138 5617 a
2165 5555 2506 5630 supradicto
2557 5555 2738 5611 Paulo
2767 5554 3077 5626 deceptus,
3128 5549 3441 5607 haereticus
3485 5546 3757 5610 efﬁcitur,

2100 5645 2494 5721 exposuitque
2514 5650 2730 5720 typum
2740 5644 3031 5702 adversus
3043 5638 3402 5700 catholicam
3420 5636 3626 5702 ﬁdem,
3648 5645 3760 5690 nec
