4086 6200
368 217 434 284 35
1503 217 1876 279 REGINONIS
1914 212 2329 271 PRUMIENSIB
2369 216 2664 275 ABBATIS
3729 232 3796 284 εδ

367 351 554 409 unam
582 367 691 409 nec
712 351 866 408 duas
895 349 1228 407 voluntates
1254 351 1358 406 aut
1380 347 1756 422 operationes
1778 344 1841 398 in
1872 338 2034 396 Chri-
2061 344 2110 398 A
2137 341 2714 416 Constantinopolim
2741 349 2922 410 caput
2948 345 3076 404 falsi
3101 347 3478 422 imperatoris
3510 350 3795 422 deporta-

366 445 457 496 sto
484 441 774 496 definiens
806 455 934 494 esse
959 437 1539 509 confitendas,quasi
1563 434 1711 492 nihil
1738 431 1909 518 velle,
1932 428 2029 485 vel

364 531 599 602 operari
650 529 986 586 credendus
1029 528 1103 583 sit
1151 527 1438 582 Christus.
1494 527 1656 582 Unde
1702 540 1738 582 a
1781 520 2025 578 Martino

364 635 528 696 papa
566 624 622 675 et
672 621 766 675 105
825 617 1122 692 episcopis
1174 616 1286 671 sub
1331 617 1710 673 anathemate
1755 607 2026 668 damnati

367 713 505 764 sunt
536 724 718 781 supra
743 706 1038 763 nominati
1069 705 1352 790 episcopi.
1370 709 1485 762 Hac
1511 707 1585 761 de
1614 720 1676 759 re
1700 701 1861 758 idem
1886 703 2027 756 Mar-

365 797 522 853 tinus
569 791 822 869 papa'in
879 795 1122 852 exilium
1175 795 1424 850 mittitur
1471 794 1633 867 apud
1673 794 2021 854 Cersonam,

363 886 565 958 ibique
612 886 882 956 moritur,
940 884 1048 940 ubi
1101 885 1279 940 etiam
1356 882 1782 940 miraculorum
1840 879 2027 950 gloria

363 974 565 1046 fulget.
597 975 894 1044 Eugenius
929 973 1517 1048 papa'c'onstituitur,
1551 989 1674 1047 quo
1714 972 1834 1027 vita
1860 970 2027 1024 dece-

363 1063 558 1131 dente,
589 1064 930 1120 Vitellianus
963 1063 1022 1118 in
1051 1065 1180 1134 ejus
1206 1062 1340 1118 loco
1370 1061 1747 1131 subrogatur.

435 1153 716 1208 Bothario
768 1151 1308 1222 Langobardorum
1352 1166 1491 1220 rege
1520 1155 1758 1206 mortuo
1786 1146 2028 1204 Grimal-

363 1241 478 1296 dus
508 1242 598 1297 vir
628 1247 904 1298 strenuus
955 1256 1209 1310 regnum
1240 1240 1513 1296 obtinuit.
1567 1243 1671 1294 Per
1698 1239 1760 1293 id
1791 1243 2027 1310 tempus

366 1330 697 1386 Clotharius
747 1346 819 1384 ex
849 1332 1210 1384 Francorum
1258 1328 1528 1395 moritur,
1577 1329 1634 1382 et
1675 1324 2028 1380 suburbano

364 1418 618 1473 Parisius
647 1416 709 1472 in
738 1416 988 1472 basilica
1029 1417 1218 1472 sancti
1265 1416 1552 1471 Vincentii
1589 1414 1888 1486 sepelitur.
1923 1416 2030 1468 Da-

364 1506 646 1576 gobertus
690 1505 1108 1562 monarchiam
1135 1506 1310 1562 totius
1342 1505 1574 1578 imperii
1622 1504 1896 1572 obtinuit,
1925 1518 2026 1558 ex—

364 1598 536 1666 cepto
567 1595 734 1668 quod
767 1594 930 1650 fratri
981 1611 1091 1649 suo
1121 1595 1424 1650 Heriberto
1457 1598 1665 1649 contra
1692 1593 1945 1662 ligerim,
1974 1596 2030 1646 et

2139 434 2268 485 tum
2293 435 2399 488 est.

2212 522 2342 580 Haec
2373 521 2625 576 audiens
2649 537 2794 592 gens
2818 525 3452 600 Sarracenorum,quce
3473 529 3602 599 jam
3624 533 3796 602 Egy-

2135 611 2307 678 ptum
2337 615 2394 664 et
2423 610 2816 669 Alexandiam
2844 620 3207 687 pervaserat,
3241 617 3440 674 subito
3469 633 3623 674 cum‘
3641 620 3798 674 mul-

2135 697 2208 751 tis
2237 699 2494 755 navibus
2516 701 2848 759 venientem
2874 703 3111 761 Sciliam
3129 705 3446 776 invadunt,
3469 709 3798 779 Syracusas

2135 785 2571 859 ingrediuntur,
2604 791 2977 866 multamque
3010 799 3270 865 stragem
3301 795 3526 852 faciunt
3547 797 3799 870 populo-

2136 891 2293 947 rum,
2321 880 2657 936 auferentes
2707 898 2950 956 quoque
2981 885 3250 956 praedam
3301 884 3552 942 nimiam
3583 891 3641 942 et
3666 904 3798 943 om-

2136 981 2277 1022 nem
2305 968 2494 1040 illum,
2524 987 2705 1042 quem
2738 974 3159 1030 Constantinus
3188 991 3224 1030 a
3254 978 3443 1034 Roma
3473 976 3800 1033 abstulerat

2135 1061 2414 1114 ornatum
2445 1059 2506 1115 in
2536 1077 2646 1116 aere
2685 1066 2742 1118 et
2770 1062 3019 1121 diversis
3050 1064 3386 1136 speciebus,
3434 1065 3512 1121 ad
3543 1066 3796 1122 Alexan-

2139 1147 2333 1203 driam
2362 1150 2584 1204 reversi
2607 1156 2763 1207 sunt.

2208 1241 2379 1292 Anno
2412 1240 2734 1295 Dominicre
2777 1240 3207 1298 incarnationis
3241 1248 3344 1298 605
3372 1245 3797 1301 Constantinus

2135 1324 2293 1380 ﬁlius
2324 1329 2694 1384 Constantini
2738 1330 3063 1402 superioris
3095 1333 3355 1402 augusti,
3395 1334 3662 1403 regnavit
3690 1350 3797 1390 an-

2136 1429 2245 1469 nos
2283 1416 2584 1486 l7..Donus
2609 1433 2771 1490 papa
2801 1421 3196 1491 apostolicam
3231 1421 3436 1476 sedem
3467 1428 3644 1478 tenet.
3672 1425 3801 1487 Quo

2137 1503 2438 1573 defuncto,
2490 1507 2719 1575 Agatho
2773 1523 2934 1579 papa
2981 1509 3311 1564 ordinatur.
3371 1511 3799 1566 Constantinus

2135 1597 2434 1662 Augustus
2471 1596 2568 1650 150
2617 1595 2933 1668 episcopos
2986 1599 3336 1667 congregari
3377 1599 3512 1654 fecit
3557 1599 3619 1653 in
3649 1600 3799 1655 urbe

363 1682 611 1738 limitem
642 1699 764 1756 quo
798 1681 1057 1738 tenditur
1108 1683 1378 1754 partibus
1425 1682 1766 1750 Wasconire,
1799 1696 2027 1753 pagum
2053 1701 2099 1754 Β
2135 1683 2317 1752 regia,
2349 1684 2502 1740 inter
2523 1700 2673 1756 quos
2705 1686 2884 1740 etiam
2933 1686 3173 1742 fuerunt
3216 1686 3394 1757 legati
3426 1693 3646 1743 sanctae
3681 1692 3795 1745 Ro-

363 1769 583 1826 scilicet
605 1769 987 1837 Tolosanum,
1036 1771 1440 1838 Caturcinum,
1481 1773 1881 1840 Aganensem,
1932 1772 2027 1822 Pe-

363 1859 725 1930 trogoricum
753 1865 808 1916 et
839 1860 1226 1917 Santonlcum
1257 1859 1351 1916 vel
1382 1860 1547 1932 quod
1579 1859 1657 1915 ab
1696 1859 1788 1914 his
1815 1875 2026 1913 versus

363 1950 661 2019 Pyreneos
690 1953 924 2004 montes
955 1949 1308 2016 excluditur,
1329 1948 1644 2004 concessit.
1681 1947 2022 2004 Grimaldus

362 2053 464 2093 rex
517 2038 761 2094 Bertarit
811 2039 1007 2093 virum
1058 2041 1361 2110 potentem
1400 2038 1793 2112 persequitur.
1836 2041 2024 2101 Quem

362 2127 524 2183 idem
552 2144 653 2183 rex
677 2128 736 2182 in
764 2145 874 2184 sua
901 2128 1019 2183 fide
1048 2128 1400 2201 suspiciens,
1429 2128 1809 2184 adulatorum
1841 2132 1898 2182 et
1926 2127 2026 2182 de-

363 2215 725 2271 trahentium
752 2215 971 2286 linguis
1021 2216 1378 2286 stimulatus,
1425 2215 1565 2271 dolo
1595 2215 1863 2271 occidere
1894 2231 2020 2270 me-

359 2305 601 2373 ditatur,
635 2305 739 2360 sed
768 2305 1064 2361 industria
1094 2305 1353 2361 Hunoldi
1395 2305 1725 2361 ﬁdelissimi
1753 2304 2020 2360 satellitis

359 2409 467 2465 per
496 2410 740 2449 murum
787 2394 1155 2450 Ticinensem
1182 2395 1322 2449 fune
1378 2394 1685 2465 depositus
1734 2393 1793 2448 in
1841 2397 2019 2448 Fran-

360 2484 516 2538 eiam
548 2483 628 2539 ad
660 2483 1062 2553 Dagobertum
1111 2483 1276 2554 fugit,
1330 2483 1656 2556 mortisque
1687 2483 2020 2556 periculum

360 2573 565 2628 evasit.
609 2575 713 2628 Per
739 2572 903 2626 idem
948 2577 1185 2646 tempus
1232 2572 1579 2629 Theodorus
1628 2572 2022 2645 archiepisco-

359 2676 473 2732 pus
530 2665 587 2716 et
641 2660 935 2716 Adrianus
996 2661 1156 2717 abba
1202 2661 1587 2716 doctissimus
1636 2677 1672 2715 a
1711 2661 2017 2716 Vitelliano

358 2765 519 2822 papa
543 2749 679 2805 misi
709 2755 848 2805 sunt
877 2749 936 2805 in
966 2750 1349 2818 Britanniam,
1397 2749 1809 2821 plurimasque
1835 2750 2017 2805 eccle-

357 2838 476 2894 sias
496 2839 825 2908 Anglorum
845 2838 1130 2894 doctrinae
1153 2837 1494 2910 apostolicae
1514 2838 1682 2907 fruge
1709 2839 2016 2894 foecunda-

356 2932 513 2999 runt,
546 2944 578 2983 e
614 2927 835 2999 quibus
866 2928 1209 2984 Theodorus
1239 2927 1724 2999 archiepiscopus
1761 2944 2015 3000 peccan-

2135 1789 2328 1828 manae
2373 1773 2655 1840 ecclesiae,
2710 1773 2876 1830 missi
2907 1775 2985 1830 ab
3012 1775 3319 1846 Agathone
3358 1792 3542 1848 papa,
3573 1777 3795 1832 Johan-

2134 1879 2238 1919 nes
2267 1864 2579 1932 diaconus,
2630 1868 2686 1920 et
2724 1865 3027 1942 Johannes
3070 1866 3405 1920 Portuensis
3452 1866 3792 1939 episcopus,

2133 1952 2235 2025 qui
2285 1969 2496 2009 omnes
2551 1953 2804 2009 haeresin
2859 1954 3361 2026 dampnaverunt,
3414 1971 3550 2027 quae
3609 1971 3794 2011 unam

2133 2043 2542 2116 operationem
2573 2048 2630 2099 et
2655 2045 3026 2099 voluntatem
3070 2044 3131 2100 in
3163 2045 3414 2100 Domino
3460 2047 3599 2101 Jesu
3630 2044 3791 2101 Chri-

2136 2137 2225 2187 sto
2257 2133 2659 2188 asseverabat.
2715 2136 2794 2188 Ea
2825 2133 2974 2188 hora
3005 2137 3181 2189 tantae
3200 2149 3560 2190 aranearum
3585 2133 3710 2189 telae
3731 2133 3793 2188 in

2131 2222 2330 2277 medio
2361 2221 2563 2294 populi
2595 2221 2954 2290 ceciderunt,
2988 2227 3052 2277 ut
3081 2218 3292 2278 omnes
3326 2222 3706 2293 mirarentur,
3738 2224 3795 2277 et

2130 2327 2237 2384 per
2283 2311 2396 2366 hoc
2442 2310 2842 2380 significatum
2871 2315 2976 2380 est,
3038 2312 3202 2384 quod
3249 2313 3453 2368 sordes
3502 2311 3793 2367 haeretica}

2129 2399 2434 2472 pravitatis
2459 2399 2721 2472 depulsae
2753 2405 2966 2456 essent.
3001 2404 3066 2456 Et
3095 2403 3378 2472 Georgius
3409 2402 3655 2474 quidem
3683 2417 3793 2473 pa-

2128 2489 2388 2544 triarcha
2418 2488 3110 2560 Constantinopolitanus
3157 2494 3455 2545 correctus
3481 2494 3588 2559 est,
3617 2488 3796 2546 ceteri

2129 2593 2268 2632 vero
2298 2577 2358 2631 in
2390 2593 2500 2632 sua
2524 2575 2868 2632 defensione
2899 2581 3370 2649 perseverantes,
3394 2578 3792 2634 anathematis

2130 2671 2269 2720 sunt
2290 2665 2510 2721 ultione
2541 2665 2829 2737 percussi.
2884 2668 3062 2721 Recta
3109 2671 3309 2720 autem
3357 2665 3508 2720 ﬁdes
3553 2671 3608 2722 et
3650 2682 3793 2722 vera

2127 2756 2256 2810 haec
2288 2761 2394 2825 est,
2427 2760 2491 2808 ut
2518 2754 2579 2808 in
2612 2754 2863 2809 Domino
2912 2758 3115 2810 nostro
3162 2758 3303 2810 Jesu
3343 2754 3594 2824 Christo,
3640 2755 3789 2810 sicut

2125 2843 2262 2899 dure
2296 2847 2434 2898 sunt
2458 2844 2834 2913 naturae,hoc
2863 2848 2950 2899 est
2980 2844 3081 2898 Dei
3111 2848 3167 2899 et
3192 2843 3473 2914 hominis,
3503 2843 3584 2900 sic
3609 2845 3788 2900 etiam

2125 2933 2259 2988 duae
2308 2932 2628 2988 credantur
2673 2949 2802 2987 esse
2841 2932 3180 2988 voluntates
3231 2934 3350 2988 sive
3389 2933 3782 3006 operationes.

357 3016 504 3072 tium
530 3016 778 3087 judicia,
825 3017 1533 3112 quantisscllicetannis
1576 3033 1685 3112 pro
1702 3033 1838 3112 uno
1866 3033 2016 3112 quo-
2050 3057 2090 3112 Ο
2196 3022 2292 3077 llis
2348 3021 2721 3094 temporibus
2754 3022 2894 3077 solis
2953 3022 3190 3095 eclipsis
3237 3023 3393 3079 facta
3423 3027 3514 3078 est
3562 3029 3590 3078 5
3634 3027 3779 3078 Non.

355 3121 473 3178 que
502 3110 746 3178 peccato
779 3105 914 3178 quis
960 3106 1224 3178 penitere
1255 3105 1494 3173 debeat,
1545 3105 1804 3162 mirabili
1828 3110 1884 3161 et
1929 3107 2016 3161 di-

355 3200 545 3251 screta
573 3195 1046 3251 consideratione
1070 3193 1368 3251 describit.

427 3285 524 3340 liis
549 3285 764 3341 diebus
787 3285 1207 3341 Constantinus
1225 3288 1526 3353 Augustus
1555 3284 1786 3344 Italiam
1807 3301 1844 3344 a
1871 3287 2014 3340 Lan-

353 3374 762 3443 gobardorum
809 3390 999 3430 manu
1025 3374 1250 3446 eripere
1281 3374 1550 3446 cupiens,
1596 3375 2013 3434 Constantino-

349 3463 536 3533 polim
589 3479 866 3532 egressus
921 3464 1084 3519 venit
1131 3463 1431 3530 Athenas;
1485 3463 1625 3520 inde
1652 3480 1818 3522 mare
1859 3468 2012 3520 tran-

349 3567 624 3621 sgressus
669 3556 986 3611 Tarentum
1040 3553 1346 3626 applicuit,
1407 3552 1546 3609 inde
1605 3555 2011 3610 Beneventum

348 3641 608 3708 intravit,
632 3658 964 3715 omnesque
990 3659 1144 3716 pene
1174 3643 1438 3699 civitates
1473 3643 2010 3712 Langobardorum

346 3745 456 3802 per
477 3747 632 3803 quas
661 3738 905 3790 venerat
934 3733 1108 3805 cepit.
1145 3733 1452 3788 Luceriam
1483 3749 1677 3806 usque
1703 3734 1782 3790 ad
1813 3734 2009 3791 solum

345 3821 916 3891 prostravxt.Deinde
948 3823 1352 3879 Beneventum
1381 3838 1524 3878 cum
1553 3823 1720 3880 omni
1749 3823 2011 3881 exercitu

345 3910 755 3978 circumdabit,
805 3911 908 3974 ubi
956 3911 1287 3968 Rumaldus
1333 3911 1491 3966 ﬁlius
1524 3911 1813 3970 Grimaldi
1851 3912 2006 3982 regis

347 4016 408 4058 se
431 4000 772 4064 incluserat.
832 4005 1159 4075 Imperator
1188 4006 1436 4073 accepta
1485 4001 1694 4056 obside
1738 4000 2008 4071 praedicti

343 4090 622 4151 Rumaldi
650 4107 874 4161 sorore,
906 4092 1102 4155 soluta
1127 4090 1442 4152 obsidione
1479 4087 1790 4160 Neapolim
1819 4090 2006 4161 proﬁ-

343 4180 598 4242 ciscitur.
634 4181 777 4239 Inde
825 4184 1077 4240 Romam
1106 4179 1382 4254 perrexit,
1424 4177 1521 4240 cui
1550 4182 1715 4236 sexto
1747 4177 1824 4234 ab
1856 4179 2003 4234 urbe

340 4271 596 4330 miliario
620 4271 961 4330 Vitellianus
985 4285 1148 4342 papa
1190 4285 1330 4329 cum
1359 4266 1768 4330 sacerdotibus
1813 4271 1871 4324 et
1899 4285 2006 4342 po-

343 4362 486 4434 pulo
517 4364 792 4420 Romano
812 4359 1071 4417 occurrit
1098 4357 1203 4429 qui
1229 4356 1443 4414 obtulit
1469 4356 1647 4414 beato
1676 4360 1842 4416 Petro
1873 4360 2002 4434 pal-

337 4450 488 4508 lium
513 4465 662 4508 auro
689 4445 904 4513 textile,
932 4450 991 4504 et
1018 4463 1275 4508 manens
1307 4446 1473 4518 apud
1497 4447 1755 4509 Romam
1786 4447 2000 4508 diebus

344 4543 430 4610 i2,
462 4537 668 4596 omnia
695 4551 814 4609 que
838 4535 1074 4596 fuerant
1120 4536 1449 4610 antiquitus
1492 4537 1758 4596 instituta
1782 4553 1856 4598 ex
1886 4554 1999 4594 aere

338 4627 399 4684 in
430 4629 891 4685 ornamenteum
943 4625 1194 4686 civitatis
1221 4625 1520 4698 deposuit,
1555 4625 1619 4682 in
1649 4630 1903 4698 tantum,
1937 4633 2002 4684 ut

337 4716 517 4776 etiam
547 4717 864 4782 basilicam
891 4715 1084 4776 beatae
1103 4715 1312 4784 Mariae,
1334 4732 1471 4789 quae
1493 4715 1825 4789 aliquando
1856 4721 1998 4775 Pan-

338 4807 517 4866 theon
543 4808 896 4876 vocabatur,
947 4805 1394 4881 discooperiret,
1433 4805 1783 4879 tegulasque
1813 4822 1998 4866 aereas

335 4895 477 4958 inde
506 4897 780 4960 auferret.
812 4899 949 4956 Post
973 4896 1101 4956 haec
1129 4895 1439 4970 Neapolim
1466 4911 1759 4960 reversus,
1791 4896 1996 4956 itinere

337 4991 570 5044 terreno
607 4985 865 5059 perrexit
901 4985 1200 5043 civitatem
1251 4984 1518 5056 Regium,
1569 4985 1996 5061 ingressusque

334 5075 591 5138 Siciliam
644 5075 932 5136 habitavit
957 5075 1019 5134 in
1077 5079 1398 5152 Syracusa,
1445 5077 1670 5134 mansit
1701 5081 1902 5134 autem
1933 5077 1995 5133 in

337 5165 595 5226 Siciliam
623 5169 654 5220 6
685 5179 903 5234 annos,
948 5163 1053 5220 ubi
1101 5170 1238 5239 post
1279 5165 1570 5240 plurimas
1602 5170 1659 5222 et
1685 5165 1989 5224 inauditas

333 5254 810 5328 depraedationes
841 5255 901 5312 in
920 5253 1141 5312 balneo
1173 5271 1209 5312 a
1235 5257 1358 5314 suis
1387 5257 1682 5314 extinctus
1710 5260 1814 5312 est.
1852 5258 1993 5312 Post

331 5344 514 5418 hujus
553 5350 807 5404 mortem
853 5343 1164 5401 Mezentius
1211 5345 1273 5399 in
1323 5347 1518 5404 Sicilia
1565 5362 1820 5419 regnum
1853 5346 1995 5402 arri-

332 5434 498 5510 puit;
546 5434 653 5491 sed
699 5434 929 5508 absque
977 5431 1276 5490 orientalis
1324 5436 1615 5492 exercitus
1664 5435 1990 5505 voluntate,

333 5527 540 5588 contra
585 5539 768 5598 quem
798 5521 975 5580 Italiae
1023 5521 1258 5593 milites,
1299 5523 1398 5580 alii
1440 5540 1547 5596 per
1590 5525 1841 5596 Istriam,
1894 5525 1992 5581 alii

331 5631 437 5688 per
456 5613 870 5688 Campaniam,
891 5611 990 5670 alii
1018 5627 1160 5670 vero
1182 5628 1219 5669 a
1239 5611 1511 5687 partibus
1541 5613 1748 5680 Africae
1779 5619 1834 5672 et
1867 5617 1995 5673 Sar-

329 5704 509 5762 diniae
537 5703 842 5764 venientes
873 5702 934 5759 in
959 5705 1309 5774 Syracusas,
1337 5719 1478 5759 eum
1501 5703 1622 5762 vita
1649 5704 1979 5777 privarunt.

2124 3112 2273 3181 Maii,
2307 3128 2569 3184 moxque
2603 3112 2923 3167 subsecuta
2955 3117 3043 3167 est
3091 3112 3445 3181 gravissima
3474 3112 3653 3186 pestis
3685 3111 3782 3167 tri-

2122 3201 2236 3256 bus
2267 3201 2600 3271 mensibus,
2642 3200 2814 3269 Julio,
2843 3205 3110 3270 Augusto
3141 3205 3197 3257 et
3243 3199 3596 3272 Septembri.
3623 3203 3785 3255 Tunc

2120 3289 2427 3344 visibiliter
2479 3289 2678 3345 multis
2733 3290 3030 3362 apparuit,
3085 3289 3228 3362 quia
3251 3289 3451 3345 bonus
3480 3294 3536 3345 et
3584 3288 3782 3344 malus

2095 3378 2370 3450 .angelus
2396 3383 2577 3434 noctu
2605 3395 2712 3451 per
2733 3379 3032 3434 civitatem
3065 3382 3392 3448 pergerent,
3426 3382 3482 3433 et
3504 3393 3577 3433 ex
3609 3377 3784 3448 jussu

2119 3468 2264 3524 boni
2293 3467 2489 3538 angeli
2510 3468 2707 3524 malus
2739 3467 2989 3537 angelus
3017 3468 3118 3540 qui
3158 3467 3475 3524 videbatur
3518 3466 3781 3522 venabu-

2118 3558 2244 3614 lum
2269 3574 2456 3614 manu
2501 3559 2673 3627 ferre,
2705 3558 2938 3630 quoties
2968 3558 3042 3612 de
3091 3557 3391 3612 venabulo
3422 3557 3648 3613 ostium
3682 3573 3779 3612 cu-

2112 3648 2475 3719 juscumque
2498 3647 2719 3702 domus
2738 3646 3141 3718 percussisset,
3163 3650 3245 3701 tot
3265 3646 3339 3700 de
3356 3646 3569 3702 eadem
3595 3646 3779 3702 domo

2121 3736 2389 3808 sequenti
2420 3735 2515 3790 die
2547 3735 2820 3790 homines
2849 3733 3168 3789 interirent.

2189 3829 2296 3881 Per
2345 3825 2407 3881 id
2469 3829 2705 3897 tempus
2775 3811 3145 3893 Dagobertus
3225 3838 3328 3878 rex
3398 3823 3776 3895 Brunulfum,

2118 3915 2488 3972 avunculum
2517 3913 2802 3970 Heriberti
2831 3912 3025 3969 fratris
3058 3911 3168 3980 sui,
3196 3916 3438 3986 propter
3464 3911 3780 3970 inﬁdelita-

2116 4007 2236 4059 tem
2287 4021 2463 4060 suam
2511 4004 2761 4060 interﬁci
2806 4003 3002 4074 jussit,
3061 4002 3167 4076 qui
3210 4001 3286 4058 ab
3334 4001 3678 4072 Amalgario
3723 4008 3780 4059 et

2112 4093 2439 4148 Arneberto
2469 4092 2748 4162 ducibus,
2782 4097 2838 4146 et
2886 4091 3219 4147 Willibaldo
3264 4091 3502 4164 patritio
3548 4091 3780 4148 interfe-

2117 4185 2244 4236 ctus
2271 4185 2377 4236 est.

2185 4273 2320 4326 Post
2349 4269 2683 4324 discessum
2713 4267 2893 4338 igitur
2918 4267 3075 4324 beati
3096 4269 3345 4339 Amulfi,
3369 4269 3568 4327 adhuc
3587 4271 3774 4327 consi-

2108 4358 2188 4414 lio
2219 4357 2472 4432 Pippini,
2505 4358 2612 4430 qui
2643 4358 2838 4429 major
2861 4357 3082 4414 domus
3110 4359 3345 4433 dicitur,
3375 4364 3431 4416 et
3471 4359 3775 4416 Cuniberti

2109 4447 2406 4521 pontiﬁcis
2438 4446 2570 4502 urbi
2601 4445 3268 4518 Coloniae,Dagobertus
3298 4454 3492 4520 utens,
3517 4448 3596 4505 ab
3625 4449 3772 4522 ipsis

2109 4538 2335 4594 fortiter
2363 4536 2728 4606 admonitus,
2771 4537 3180 4612 prosperitatis
3213 4543 3270 4596 et
3292 4539 3536 4610 justitiae
3567 4555 3771 4597 amore

2108 4627 2480 4700 complexus,
2508 4627 2926 4683 universarum
2957 4627 3068 4684 sibi
3095 4628 3362 4700 gentium
3394 4628 3770 4685 subditarum

2106 4715 2413 4773 favoribus
2445 4714 2855 4772 extollebatur.
2913 4715 3130 4773 Habuit
3157 4717 3349 4772 ﬁlium
3378 4733 3452 4774 ex
3500 4716 3769 4790 quadam

2104 4807 2307 4881 puella
2331 4805 2575 4863 nomine
2606 4804 3009 4878 Regindruda,
3033 4822 3221 4881 quam
3247 4808 3426 4864 frater
3451 4808 3580 4879 ejus
3591 4806 3769 4869 ,Heri-

2103 4896 2307 4953 bertus
2339 4896 2696 4952 Aurelianus
2727 4895 2970 4952 veniens
2997 4895 3069 4952 de
3097 4912 3268 4952 sacro
3299 4896 3457 4953 fonte
3480 4896 3764 4970 suscepit.

2103 4989 2372 5060 Namque
2400 4985 2548 5042 dum
2563 4986 2824 5042 eundem
2840 5001 3100 5060 puerum
3116 4985 3426 5042 Amandus
3449 4986 3768 5058 episcopus

2102 5075 2482 5132 benediceret
2527 5093 2786 5150 eumque
2834 5077 3276 5134 caticumenum
3315 5075 3548 5143 faceret,
3596 5075 3768 5130 ﬁnita

2103 5166 2369 5222 oratione
2396 5183 2533 5222 cum
2582 5183 2762 5223 nemo
2813 5166 3225 5240 respondisset
3271 5169 3480 5233 Amen,
3531 5162 3767 5236 aperuit

2103 5255 2390 5312 Dominus
2419 5272 2487 5312 os
2512 5256 2701 5329 pueri,
2718 5256 2821 5329 qui
2849 5273 2971 5312 non
2998 5254 3256 5326 amplius
3288 5268 3475 5325 quam
3504 5251 3766 5325 quadra-

2101 5345 2266 5415 ginta
2286 5345 2412 5401 dies
2431 5345 2714 5414 habebat,
2731 5350 2787 5401 ct
2807 5345 3032 5400 cunctis
3053 5341 3434 5400 audientibus
3455 5342 3766 5415 respondit

2099 5439 2308 5491 Amen.
2340 5438 2595 5492 Vocatus
2621 5438 2710 5491 est
2738 5433 2899 5489 idem
2924 5449 3074 5506 puer
3101 5431 3444 5504 Sigibertus.
3477 5432 3760 5489 Arnulfus

2101 5525 2419 5599 episcopus
2451 5530 2507 5580 et
2538 5523 2885 5580 Romaricus
2917 5521 3078 5578 abba
3107 5521 3251 5579 clari
3275 5523 3597 5580 habentur.

2171 5618 2252 5671 Eo
2282 5630 2444 5670 anno
2473 5614 2652 5685 legati
2684 5613 2838 5682 regis
2855 5611 3174 5682 Dagoberti
3198 5615 3476 5671 Servatus
3497 5617 3552 5668 et
3572 5614 3762 5668 Pater-

2100 5720 2214 5761 nus
2236 5721 2273 5761 a
2291 5701 2801 5776 Constantinopoli
2821 5703 3080 5775 regressi
3095 5708 3253 5776 sunt,
3268 5705 3550 5778 petiitque
3572 5701 3760 5775 impe-
