4086 6200
453 184 521 242 39

1603 169 1985 237 REGINONIS,
2016 166 2434 223 PRUMIENSIS
2474 166 2767 222 ABBA'I‘IS

3821 174 3893 226 40

453 307 552 364 nia
582 304 773 376 gentis
800 301 1150 373 Anglorum,
1186 300 1266 357 ob
1292 298 1548 369 gratiam
1574 295 1863 370 evangelii
1892 295 1952 351 in
1981 291 2109 349 Gal-
2140 297 2188 349 A
2225 289 2328 345 riis
2396 289 2621 347 Italiam
2678 288 2858 357 venit,
2916 289 3329 363 pugnavitque
3395 307 3535 346 cum
3591 291 3895 351 Heriberto

449 393 561 452 Iias
591 393 908 463 transiens,
936 407 973 447 a
1000 389 1203 458 Sergio
1232 404 1394 461 papa
1419 388 1739 461 episcopus
1784 387 2110 440 Fresonum

451 486 852 549 consecratur,
885 484 1065 552 atque
1102 478 1166 533 in
1189 477 1446 534 eandem
1490 480 1727 548 gentem
1780 472 1858 529 ad
1903 471 2115 545 praedi-

451 572 717 630 candum
743 568 1035 638 dirigitur.

464 680 473 685 ·
524 662 698 716 Anno
733 654 1053 714 Dominicte
1090 654 1518 711 incarnationis
1568 657 1669 710 635
1713 650 1977 708 Tiberius
2021 664 2113 703 re-

453 748 658 821 gnavit
686 762 878 803 annos
908 751 959 800 7.
995 745 1097 801 Hic
1126 747 1337 801 contra
1366 747 1624 799 Leonem
1655 741 1989 810 insurgens,
2022 753 2114 793 re«

451 852 640 908 gnum
667 834 797 906 ejus
825 833 1061 900 invasit,
1094 847 1356 904 eumque
1387 834 1509 887 toto
1539 844 1662 902 quo
1692 828 1817 901 ipse
1846 824 2115 897 regnavit

452 930 740 998 tempore,
770 922 833 978 in
864 921 1079 978 eadem
1108 921 1340 977 civitate
1369 919 1430 974 in
1457 917 1732 974 custodia
1772 916 1975 973 tenuit.
2028 913 2116 970 Gi-

456 1013 647 1070 sulfus
669 1012 792 1068 dux
822 1012 1223 1067 Beneventum
1245 1012 1299 1063 et
1324 1006 1715 1079 Campaniam
1732 1006 1888 1075 igne,
1915 1003 2116 1073 gladio

454 1106 512 1158 et
538 1099 876 1172 captivitate
903 1097 1175 1154 vastavit.
1208 1099 1465 1152 Joannes
1497 1098 1827 1151 Romanam
1846 1093 1996 1162 regit
2019 1107 2114 1146 ec-

454 1191 717 1248 clesiam.
747 1188 846 1243 Hic
879 1190 1190 1243 universos
1217 1185 1485 1257 captivos
1533 1199 1686 1255 quos
1730 1181 1986 1239 Gisulfus
2026 1195 2115 1235 ce-

454 1283 624 1353 perat
648 1275 920 1339 redemit,
953 1278 1132 1348 atque
1166 1270 1595 1341 Langobardos
1625 1271 1878 1327 domum
1926 1268 2116 1323 redire

456 1367 619 1441 fecit.
638 1364 736 1420 cui
766 1361 1049 1417 successit
1077 1360 1229 1417 alius
1257 1360 1580 1416 Johannes.

529 1451 866 1510 Ludovicus
893 1466 1018 1516 rex,
1051 1464 1271 1522 corpus
1299 1448 1459 1504 beati
1505 1448 1766 1520 Dionysii
1809 1446 2119 1517 discoope-

457 1544 615 1600 riens
636 1540 835 1597 Minus
850 1538 1145 1610 religiose,
1168 1537 1322 1603 licet,
1361 1537 1596 1609 cupide,
1621 1554 1688 1593 os
1709 1536 1972 1593 bracchii
2003 1535 2116 1591 fre-

2224 394 2362 448 rege
2390 393 2652 451 eumque
2680 377 2857 445 vicit;
2888 376 2994 450 qui
3031 376 3181 435 dum
3227 379 3288 436 in
3330 379 3643 436 Franciam
3690 381 3894 453 fugere

2222 467 2418 537 vellet,
2449 467 2717 523 Ticinum
2741 465 2996 522 ﬂuvium
3028 466 3337 535 ingressus
3367 484 3507 523 cum
3547 484 3705 541 equo
3736 475 3893 526 tran-

2224 560 2464 613 snatare
2489 560 2742 611 conatus
2773 559 2878 621 est,
2909 555 3015 610 sed
3039 555 3185 627 quia
3223 571 3373 612 auro
3415 561 3699 626 gravatus
3746 564 3892 625 erat,

2223 643 2398 716 aquis
2448 642 2773 700 suffocatus
2796 644 2805 651 ’
2831 643 3128 700 extinctus
3185 647 3293 713 est,
3355 634 3754 716 Ansprandus
3801 662 3893 701 re-

2224 747 2412 803 gnum
2442 731 2698 788 obtinuit
2728 736 2758 789 3
2791 730 3216 789 tantummodo
3247 748 3506 788 menses.
3556 735 3693 789 Post
3721 734 3894 805 cujus

2223 821 2529 877 interitum
2555 820 2899 893 Liutprand,
2932 820 3091 876 ﬁlius
3123 819 3253 891 ejus
3281 820 3345 876 in
3364 820 3551 891 regali
3595 821 3895 878 constitui-

2222 913 2320 965 tur
2349 908 2522 965 solio.

2296 997 2473 1070 Apud
2500 999 2870 1053 Francorum
2916 1012 3162 1070 quoque
3200 1001 3438 1068 gentem
3484 996 3732 1071 Pippino
3769 1000 3893 1055 vita

2223 1087 2668 1159 exempto,ejus
2686 1084 2844 1141 filius
2873 1084 3118 1143 Carolus
3142 1086 3202 1141 in
3226 1086 3565 1159 principatu
3588 1089 3890 1158 successit,

2223 1173 2359 1229 licet
2386 1189 2493 1245 per
2522 1174 2713 1229 multa
2738 1173 2895 1230 bella
2923 1178 2980 1230 et
3012 1174 3339 1230 certamina
3367 1175 3441 1230 de
3471 1191 3660 1231 manu
3684 1178 3897 1247 Regin-

2224 1261 2361 1317 fridi
2387 1261 2669 1317 eumdem
2692 1262 3096 1336 principatum
3120 1263 3439 1320 sustulerit.
3476 1267 3623 1320 Nam
3657 1281 3795 1320 cum
3826 1265 3891 1321 in

2225 1350 2501 1407 custodia
2529 1354 2851 1419 teneretur,
2883 1351 3087 1408 divino
3109 1357 3261 1409 nutu
3285 1356 3524 1425 ereptus
3547 1352 3797 1424 aufugit,
3819 1371 3893 1410 ac

2225 1440 2493 1512 primum
2519 1444 2726 1497 contra
2750 1440 3159 1511 Beginfridum
3182 1458 3322 1498 cum
3343 1441 3555 1514 paucis
3575 1441 3669 1496 bis
3688 1446 3897 1514 terque

2225 1534 2530 1585 certamen
2559 1529 2708 1599 iniit,
2743 1529 2819 1585 ad
2843 1535 3178 1586 extremum
3196 1545 3338 1585 eum
3352 1530 3521 1602 apud
3550 1530 3896 1588 Vinciacum

461 1634 544 1704 git
593 1636 651 1687 et
688 1628 905 1703 rapuit,
962 1627 1390 1699 confestimque
1436 1628 1800 1699 stupefactus
1823 1627 1885 1682 in
1915 1638 2117 1683 amen-
2148 1644 2188 1696 Β
2226 1634 2452 1688 magno
2481 1618 2804 1675 certamine
2849 1619 3172 1691 superavit.
3216 1619 3322 1676 Cui
3361 1624 3563 1675 tamen
3587 1635 3795 1687 unam,
3830 1625 3902 1676 ut

460 1720 603 1777 tiam
626 1716 851 1784 incidit,
882 1721 937 1772 et
966 1719 1103 1788 post
1131 1715 1286 1771 duos
1317 1730 1509 1769 annos
1538 1714 1726 1769 vitam
1763 1730 1902 1769 cum
1930 1729 2118 1783 regno

459 1807 666 1865 ﬁnivit.
692 1809 809 1862 Hoc
841 1810 1105 1877 tempore
1129 1803 1400 1875 synodus
1433 1801 1713 1874 Aquileiae
1735 1802 1893 1859 facta
1911 1802 1991 1859 ob
2011 1803 2118 1858 im-

459 1896 734 1971 peritiam
748 1894 910 1963 ﬁdei,
935 1893 1216 1966 quintum
1243 1890 1576 1947 universale
1594 1891 1913 1947 concilium
1939 1892 2122 1946 susci-

408 1978 415 1983 “
463 1997 603 2054 pere
632 1980 867 2047 difﬁdit,
900 1996 1035 2052 quae
1058 1978 1327 2051 synodus
1349 1978 1505 2034 facta
1534 1978 1726 2035 fuerat
1750 1978 2121 2052 temporibus

462 2069 649 2140 Vigilii
660 2084 833 2142 papae
842 2111 855 2137 ,
870 2072 1077 2124 contra
1089 2066 1397 2122 haereticos
1408 2066 1514 2139 qui
1523 2066 1766 2123 beatam
1778 2067 2019 2123 Mariam
2032 2083 2122 2123 so-

461 2158 589 2215 lum
635 2157 962 2227 hominem,
997 2172 1116 2213 non
1158 2159 1345 2212 Deum
1381 2159 1438 2210 et
1485 2154 1814 2225 hominem,
1847 2156 2123 2225 genuisse

462 2246 865 2313 afﬁrmabant,
897 2246 959 2301 in
1002 2262 1125 2319 qua
1168 2244 1402 2316 synodo
1456 2244 1741 2300 catholica
1791 2244 2123 2301 institutum

465 2338 574 2405 est,
601 2339 666 2390 ut
692 2334 870 2390 Maria
898 2318 1136 2406 semper
1164 2333 1332 2402 virgo
1361 2335 1594 2394 θεοτὸκος
1637 2333 1948 2399 diceretur,
1982 2318 2167 2405 quia0

465 2438 591 2479 non
618 2421 814 2478 solum
839 2420 1168 2490 hominem,
1201 2419 1308 2476 sed
1337 2436 1473 2475 vere
1508 2423 1691 2475 Deum
1733 2426 1791 2476 et
1816 2421 2125 2489 hominem

468 2510 692 2582 genuit.

539 2602 623 2656 Ea
652 2603 821 2656 aetate
862 2599 1072 2655 claruit
1101 2598 1447 2656 Lambertus
1477 2598 1836 2669 Tungrensis
1859 2598 2127 2654 ecclesiae

467 2690 813 2762 episcopus,
844 2688 949 2760 qui
974 2687 1121 2743 dum
1147 2686 1377 2755 regiam
1398 2685 1653 2741 domum
1674 2684 1798 2741 zelo
1828 2685 2130 2755 religionis

468 2793 756 2836 accensus
794 2776 1182 2847 increpasset,
1228 2773 1307 2829 ab
1355 2773 1733 2846 iniquissimo
1785 2774 2027 2830 Dodona
2075 2776 2133 2828 et

471 2866 601 2923 aliis
626 2866 764 2921 viris
792 2865 867 2919 de
915 2863 1139 2937 palatio
1195 2862 1394 2917 missis
1438 2862 1761 2935 improvise
1808 2861 2131 2917 conclusus

470 2956 627 3012 intra
653 2953 907 3009 domum
937 2950 1222 3019 ecclesiae,
1251 2951 1313 3006 in
1342 2951 1562 3007 Leodio
1592 2951 1724 3007 vico
1750 2950 2057 3007 occiditur.

540 3044 713 3097 Anno
738 3039 1060 3096 Dominicis
1085 3039 1513 3095 incarnationis
1538 3042 1640 3094 642
1661 3038 2026 3095 Justinianus
2049 3055 2133 3095 se-

471 3129 672 3185 cundo
691 3127 920 3185 Tiberio
942 3126 1063 3187 filio
1093 3126 1364 3196 regnavit
1391 3142 1584 3182 annos
1632 3132 1685 3183 6.
1734 3127 1834 3182 Hic
1877 3130 2134 3196 regnum

472 3233 680 3273 rursus
726 3215 1039 3289 recipiens,
1072 3231 1177 3271 eos
1208 3214 1426 3289 qui.se
1470 3214 1822 3288 expulerant
1862 3215 2134 3287 patritios

473 3306 709 3374 occidit,
740 3308 996 3362 Leonem
1045 3319 1289 3378 quoque
1336 3309 1393 3359 et
1433 3303 1731 3360 Tiberium
1782 3304 1888 3376 qui
1933 3304 2136 3361 locum

475 3394 605 3465 ejus
656 3397 1038 3465 usurparent,
1088 3391 1261 3464 cepit,
1288 3396 1346 3447 et
1373 3391 1436 3446 in
1479 3390 1680 3447 medio
1729 3392 1885 3447 circe
1933 3407 2137 3449 coram

476 3482 643 3540 omni
681 3482 907 3557 populo
929 3480 1194 3552 jugulari
1232 3480 1535 3554 praecepit.
1578 3480 1953 3538 Gallicinium
1995 3498 2139 3538 vero

474 3572 878 3646 patriarcham
894 3570 1621 3642 Constantinopolitanum
1639 3571 1818 3626 erutis
1834 3570 2021 3627 oculis
2035 3574 2143 3628 Ro-

476 3677 642 3718 mam
658 3661 841 3730 misit,
862 3663 1205 3733 Cyrumque
1225 3659 1534 3727 abbatem,
1567 3659 1670 3731 qui
1701 3675 1838 3716 eum
1864 3660 1924 3715 in
1953 3663 2142 3718 Ponto

477 3749 712 3806 exulem
735 3748 982 3827 aluerat,
1011 3748 1366 3820 episcopum
1392 3746 1452 3802 in
1474 3746 1608 3803 loco
1639 3747 1906 3813 Gallicini
1928 3749 2144 3805 consti-

476 3839 604 3895 tuit.
654 3837 945 3895 Sisinnius
969 3841 1026 3892 et
1070 3837 1492 3893 Constantinus
1541 3836 1881 3895 Romanam
1928 3843 2146 3910 regunt

478 3925 816 3983 ecclesiam.
849 3927 1016 3981 Hunc
1034 3925 1488 3982 Constantinum
1516 3922 1595 3981 ad
1626 3943 1687 3981 se
1708 3928 1905 3983 venire
1923 3927 2145 3997 jubens

476 4011 1220 4082 Justinianus,-honoriﬁce
1252 4014 1512 4087 suscepit
1534 4031 1605 4070 ac
1645 4014 1908 4081 remisit;
1960 4030 2144 4084 quem

479 4104 817 4173 prostratus
846 4099 908 4155 in
937 4104 1153 4156 terram
1183 4116 1294 4174 pro
1325 4101 1447 4157 suis
1473 4101 1733 4173 peccatis
1781 4099 2146 4156 intercedere

480 4206 722 4262 rogans,
755 4194 969 4246 cuncta
1008 4190 1274 4248 ecclesiae
1318 4190 1629 4265 privilegia
1673 4188 2003 4245 renovavit.
2037 4189 2148 4254 Qui

483 4296 622 4336 cum
651 4279 976 4336 exercitum
1008 4279 1067 4335 in
1098 4283 1351 4335 Pontum
1378 4279 1635 4335 mitteret
1656 4278 1734 4334 ad
1759 4277 2151 4349 comprehen-

482 4367 753 4424 dendum
771 4364 1187 4441 Philippicum,
1200 4383 1384 4440 quem
1400 4365 1483 4421 ibi
1498 4364 1872 4435 religaverat,
1888 4365 2147 4422 multum

446 4472 623 4531 _eum
670 4455 865 4513 isdem
914 4472 1077 4530 papa
1123 4453 1445 4529 prohibuit,
1480 4453 1587 4509 sed
1631 4457 1832 4509 tamen
1879 4453 2148 4512 inhibere

481 4562 621 4603 non,
634 4546 846 4620 potuit.
878 4545 1176 4602 Exercitus
1206 4543 1311 4615 qui
1352 4541 1572 4597 missus
1620 4546 1829 4599 contra
1867 4541 2147 4616 Philippi-

484 4653 624 4693 cum
642 4636 859 4697 fuerat,
884 4634 961 4690 ad
988 4637 1220 4707 partem
1240 4630 1370 4699 ejus
1391 4645 1453 4684 se
1475 4628 1744 4700 contulit,
1772 4635 1830 4686 et
1856 4647 1996 4687 eum
2042 4631 2150 4688 im-

484 4728 822 4794 peratorem
856 4716 1009 4788 fecit,
1041 4717 1147 4792 qui
1192 4716 1767 4789 Constantinopolim
1810 4724 2018 4779 contra
2057 4722 2151 4777 Ju-

486 4811 812 4868 stinianum
832 4810 1101 4879 veniens,
1124 4822 1263 4862 cum
1286 4822 1357 4861 eo
1379 4805 1456 4862 ab
1490 4806 1635 4863 urbe
1651 4808 1907 4866 miliario
1927 4808 2154 4866 duode-

486 4899 645 4955 cimo
669 4900 982 4971 pugnavit,
1033 4902 1089 4953 et
1126 4912 1267 4953 eum
1306 4894 1538 4963 occidit,
1594 4912 1846 4968 regnum
1897 4898 2152 4971 adeptus

486 4993 593 5045 est.
626 4988 947 5060 Imperavit
969 4991 1192 5051 autem,
1217 4990 1281 5041 ut
1307 4985 1725 5059 praemisimus,
1748 4988 1862 5049 hac
1885 4991 2153 5047 secunda

486 5076 615 5132 vice
646 5080 678 5132 6
710 5089 923 5142 annos,
954 5091 1137 5147 quem
1162 5077 1276 5133 Leo
1309 5074 1373 5131 in
1395 5075 1747 5148 expulsione
1777 5077 1965 5151 ipsius
2002 5077 2155 5133 nari-

487 5165 605 5221 bus
630 5162 1040 5231 detruncavit;
1068 5164 1171 5237 qui
1197 5169 1333 5237 post
1355 5162 1571 5221 iterum
1602 5170 1914 5239 assumpto
1960 5166 2151 5239 impe-

488 5256 598 5325 rio,
631 5255 906 5328 quotiens
931 5254 1293 5311 deﬂuentem
1326 5260 1555 5323 guttam
1596 5256 1925 5313 rheumatis
1952 5242 2153 5313 manu

489 5344 748 5415 detersit,
782 5358 935 5416 pene
961 5344 1174 5400 totiens
1215 5343 1475 5415 aliquem
1508 5361 1581 5399 ex
1632 5344 1743 5411 his,
1794 5344 1903 5417 qui
1947 5342 2170 5403 contra

458 5444 627 5510 _eum
659 5430 914 5502 fuerant,
936 5431 1199 5504 jugulari
1228 5432 1528 5504 praecepit.

564 5522 717 5577 Dum
742 5521 871 5578 lucc
910 5521 970 5577 in
1012 5521 1233 5577 oriente
1284 5525 1563 5591 aguntur,
1611 5520 2002 5595 Ansprandus
2050 5521 2156 5595 qui

493 5610 657 5684 apud
682 5610 1022 5683 Bajoariam
1061 5614 1093 5664 9
1118 5610 1461 5668 exulaverat
1498 5626 1711 5681 annos,
1755 5628 1894 5670 cum
1932 5612 2153 5681 .Bajoa-

2159 2994 2199 3047 Ο

2226 1707 2445 1775 ferunt,
2472 1707 2587 1762 hoc
2618 1712 2707 1763 est
2735 1706 3236 1778 Andagavensem
3275 1707 3575 1764 civitatem
3604 1708 3682 1765 ad
3720 1708 3899 1765 habi-

2230 1796 2482 1852 tandum
2512 1796 2823 1866 concessit,
2854 1801 3133 1852 cunctam
3154 1813 3297 1852 vero
3340 1798 3708 1853 Francorum
3758 1813 3904 1870 gen-

2229 1891 2352 1942 tem
2380 1885 2508 1958 ipse
2533 1885 2993 1956 gubernandam
3031 1886 3312 1959 suscepit.
3370 1874 3375 1879 ’

2302 1980 2475 2031 Anno
2524 1974 2844 2031 Dominicea
2890 1975 3318 2032 incarnationis
3376 1978 3481 2031 648
3533 1975 3899 2049 Philippicus

2229 2063 2503 2135 regnavit
2535 2080 2764 2120 annum
2790 2081 2983 2120 unum
3013 2069 3069 2120 et
3097 2081 3337 2121 menses
3367 2068 3419 2120 6.
3457 2065 3555 2121 Hic
3573 2063 3900 2137 postquam

2231 2152 2527 2226 imperiali
2558 2152 2845 2223 dignitate
2887 2154 3280 2209 confirmatus
3303 2158 3409 2220 est,
3440 2156 3593 2225 Cyro
3619 2154 3695 2210 de
3710 2155 3904 2227 ponti-

2231 2240 2414 2297 ﬁcatu
2489 2240 2744 2311 abjecto,
2805 2241 2881 2297 ad
2938 2241 3404 2311 gubernandum
3466 2242 3901 2299 monasterium

2234 2346 2413 2385 suum
2442 2329 2503 2384 in
2532 2332 2785 2386 Pontum
2813 2330 3006 2386 redire
3037 2328 3338 2403 praecepit.
3374 2330 3474 2387 Hic
3515 2331 3903 2389 Constantino

2234 2434 2413 2491 papae
2446 2418 2666 2475 litteras
2697 2419 2867 2491 pravi
2894 2418 3199 2495 dogmatis
3226 2419 3458 2488 direxit,
3508 2436 3662 2492 quas
3689 2420 3783 2476 ille
3814 2436 3905 2476 re-

2236 2507 2415 2580 spuit,
2450 2507 2773 2580 statuitque
2821 2507 3086 2581 populus
3138 2508 3472 2577 Romanus,
3523 2525 3596 2564 ne
3644 2508 3903 2565 haeretici

2235 2594 2611 2669 imperatoris
2642 2610 2886 2665 nomen,
2919 2600 3024 2651 aut
3052 2596 3290 2652 chartas
3319 2601 3431 2652 aut'
3446 2595 3704 2667 ﬁguram
3726 2597 3906 2653 solidi

2238 2685 2630 2758 susciperent.
2666 2688 2884 2741 Contra
2910 2685 3073 2741 huc
3104 2685 3472 2755 Anastasius,
3503 2686 3608 2759 qui
3637 2691 3694 2742 et
3734 2690 3905 2744 Arte-

2237 2773 2397 2828 mius
2428 2773 2624 2829 dictus
2655 2779 2763 2842 est,
2793 2774 3113 2844 insurgens
3131 2790 3270 2830 eum
3290 2789 3474 2844 regno
3500 2774 3744 2847 expulit,
3758 2790 3908 2830 ocu-

2236 2860 2429 2933 lisque
2456 2862 2735 2935 privavit.
3568 2936 3569 2939 η

2309 2955 2482 3006 Anno
2546 2951 2868 3007 Dominicee
2916 2950 3345 3008 incarnationis
3401 2954 3505 3007 650
3548 2952 3907 3009 Anastasius

2239 3039 2515 3109 regnavit
2542 3055 2738 3096 annos
2785 3044 2836 3097 3.
2874 3040 2972 3096 Hic
3021 3040 3244 3098 litteras
3295 3039 3677 3098 Constantino
3725 3057 3909 3114 papae

2241 3143 2349 3201 per
2376 3128 2808 3186 Scholasticum
2831 3129 3152 3202 patricium
3182 3134 3240 3185 et
3262 3130 3591 3187 exarchum
3618 3128 3791 3185 Italiae
3822 3129 3914 3185 di-

2242 3216 2411 3283 rexit,
2442 3216 2666 3290 quibus
2692 3234 2755 3274 se
2784 3218 3079 3275 fautorem
3129 3218 3435 3275 catholicae
3478 3216 3617 3274 ﬁdei
3663 3222 3719 3273 et
3758 3222 3913 3283 sexti

2242 3305 2478 3363 concilii
2535 3306 2988 3380 praedicatorem
3043 3322 3171 3362 esse
3215 3306 3559 3362 declaravit.
3618 3305 3912 3364 Defuncto

2245 3394 2470 3451 Gisulfo
2498 3395 2651 3451 duce
2677 3397 3118 3465 Beneventano,
3134 3394 3464 3452 Romaldus
3491 3394 3651 3451 ﬁlius
3678 3395 3809 3466 ejus
3833 3394 3916 3450 lo-

2247 3499 2386 3539 cum
2416 3485 2546 3555 ejus
2577 3483 2852 3540 obtinuit.

2320 3573 2486 3630 Circa
2516 3573 2643 3630 haec
2673 3577 2946 3645 tempora
2969 3575 3280 3642 Petronax,
3308 3572 3455 3627 civis
3484 3572 3789 3629 Brexianaa
3822 3589 3921 3629 ur-

2245 3661 2363 3726 bis,
2390 3661 2590 3718 divino
2624 3677 2828 3717 amore
2856 3665 3276 3733 compunctus,
3310 3666 3577 3717 castrum
3599 3660 3922 3721 Cassinnm

2238 3750 2432 3824 petiit,
2467 3754 2525 3805 et
2553 3748 2986 3807 monasterium
3019 3751 3213 3804 sancti
3245 3748 3561 3818 Benedicti,
3590 3749 3759 3823 quod
3784 3751 3924 3823 jam

2249 3844 2391 3896 tunc
2426 3842 2527 3895 100
2552 3844 2609 3895 et
2640 3842 2705 3894 10
2727 3853 2920 3894 annos
2964 3837 3335 3894 destructum
3358 3840 3668 3915 manebat,
3687 3901 3691 3905 ,
3712 3840 3928 3898 resedi-

2250 3929 2471 4000 ﬁcavit,
2505 3927 2953 4000 multorumque
2983 3926 3423 3983 monachorum
3452 3933 3622 4000 pater
3655 3927 3739 3984 ibi
3769 3930 3925 3985 exti-

2252 4014 2337 4069 tit.
2372 4015 2691 4082 Gregorius
2720 4029 2885 4086 papa
2914 4012 3333 4080 constituitur;
3390 4012 3487 4068 hic
3544 4013 3924 4070 Bonifacium

2252 4115 2327 4152 ex
2356 4100 2661 4155 Britannia
2693 4106 2892 4157 ortum
2914 4101 3269 4174 episcopum
3322 4100 3642 4169 ordinavit,
3704 4106 3761 4158 et
3815 4118 3928 4176 per

2253 4201 2393 4242 eum
2423 4186 2483 4242 in
2508 4188 2895 4244 Germaniam
2928 4188 3182 4247 verbum
3215 4189 3421 4247 salutis
3440 4190 3807 4264 praedicavit,
3868 4196 3929 4247 et

2255 4279 2494 4346 gentem
2524 4275 2691 4333 illam
2719 4276 3027 4334 sedentem
3058 4278 3120 4334 in
3142 4278 3401 4336 tenebris
3423 4278 3766 4350 evangelica
3782 4278 3927 4335 luce

2252 4364 2592 4422 illustravit.

2326 4454 2570 4513 Carolus
2599 4456 2880 4530 princeps
2907 4462 3116 4515 contra
3145 4457 3511 4529 Ratbodum,
3532 4473 3736 4528 regem
3754 4459 3929 4514 Fres-

2256 4559 2491 4611 sonam,
2522 4547 2713 4602 multa
2755 4547 3085 4603 certamina
3137 4546 3413 4603 conserit.
3465 4545 3576 4612 Qui
3626 4550 3928 4618 tyrannus

2255 4633 2459 4690 divino
2481 4639 2631 4690 nutu
2652 4635 2979 4708 percutitur
3007 4651 3167 4692 anno
3219 4635 3450 4709 praefati
3506 4634 3789 4709 principis
3851 4639 3927 4704 4;

2258 4738 2420 4779 anno
2446 4726 2476 4779 5
2502 4722 2671 4794 regni
2695 4722 2788 4779 sui
2817 4725 3108 4796 pugnavit
3136 4723 3300 4781 idem
3327 4724 3572 4782 Carolus
3600 4724 3931 4782 adversum

2261 4814 2546 4879 Saxones,
2577 4828 2803 4885 eosque
2831 4812 2989 4869 vicit.

2326 4901 2680 4958 Anastasius
2708 4900 3035 4975 imperator
3077 4900 3339 4958 classem
3390 4903 3455 4960 in
3500 4901 3931 4959 Alexandriam

2259 4992 2470 5045 contra
2501 4992 2860 5047 Sarracenos
2889 4990 3121 5048 direxit.
3153 4990 3458 5048 Exercitus
3486 4990 3561 5046 de
3586 4989 3789 5046 medio
3840 4989 3935 5047 iti-

2260 5094 2399 5134 nere
2444 5094 2739 5151 reversus,
2793 5079 3193 5136 Theodosium
3250 5080 3674 5140 imneratorem
3727 5077 3934 5149 elegit,

2262 5171 2442 5241 atque
2473 5173 2749 5225 coactum
2773 5168 2834 5224 in
2878 5169 3030 5225 solio
3072 5168 3306 5241 imperii
3358 5163 3757 5224 conﬁrmavit.
3815 5167 3936 5232 Qui

2260 5256 2630 5313 Theodosius
2656 5256 2819 5329 apud
2867 5259 3140 5329 Mycenas
3194 5254 3493 5312 civitatem
3538 5253 3937 5323 Anastasium

2262 5345 2430 5414 gravi
2461 5344 2665 5417 prielio
2695 5343 2849 5413 vicit,
2881 5348 3108 5416 septem
3136 5341 3301 5401 milia
3334 5343 3409 5400 de
3462 5344 3727 5405 exercitu
3783 5344 3938 5399 ceci-
4026 5374 4029 5391 λ

2262 5433 2496 5501 derunt,
2525 5433 2785 5504 datoque
2834 5432 2947 5487 sibi
2998 5436 3400 5501 sacramento,
3458 5448 3601 5492 eum
3644 5431 3932 5491 clericum

2264 5523 2388 5579 ﬁeri
2412 5528 2468 5578 et
2494 5523 2913 5595 presbyterum
2949 5521 3078 5577 fecit
3099 5521 3383 5580 ordinari.

2333 5617 2504 5668 Anno
2532 5608 2852 5667 Dominicae
2880 5608 3311 5700 incarnationis
3329 5616 3435 5670 654
3454 5609 3820 5671 Theodosius
3841 5625 3936 5665 re-
