4076 6212
255 147 317 199 41
580 219 584 223 q
1446 223 1452 229 ὓ
1495 139 1918 198 CHRONICON.

2047 142 2159 194 AN.
2202 144 2463 197 655-718.
3613 142 3682 194 42

260 265 460 336 gnavit
496 280 722 320 annum
755 281 965 319 unum.
1002 265 1102 320 Hic
1148 271 1472 338 postquam
1520 279 1774 334 regnum
1822 277 1914 316 ac-
1945 263 1992 315 A
2023 268 2190 334 parte
2223 266 2490 338 corporis
2530 263 2763 321 multati
2793 267 2930 319 sunt
2965 281 2977 329 ;
3007 263 3180 334 cujus
3211 262 3394 318 errori
3445 263 3682 318 Germa-

260 355 411 425 cepit
441 360 586 408 in'ox
615 354 675 408 in
706 354 868 422 regia
909 355 1056 410 urbe
1088 355 1416 424 imaginem
1443 354 1628 420 illam,
1679 352 1740 407 in
1792 365 1915 422 qua

257 449 463 498 sancta
497 443 766 514 synodus
797 450 925 499 erat
952 445 1210 516 depicta,
1245 449 1301 499 et
1331 461 1368 499 a
1413 443 1737 515 Philippico
1791 445 1915 495 erat

257 530 508 602 dejecta,
538 531 786 604 pristino
816 533 877 586 in
906 533 1040 587 loco
1065 533 1265 588 erexit.
1303 533 1403 588 His
1431 532 1645 588 diebus
1685 531 1766 586 ita
1823 530 1912 584 Ti-

258 619 418 675 beris
448 620 666 676 ﬂuvius
719 621 1049 685 inundavit,
1107 626 1187 688 ut,
1249 627 1384 678 utra
1439 623 1678 678 alveum
1735 635 1913 674 suum

259 723 554 776 egressus,
583 709 772 765 multa
805 713 1084 765 Romanae
1112 710 1312 766 fecerit
1337 711 1513 767 exitia
1543 709 1783 776 civitati,
1833 708 1915 762 ita

258 799 325 851 ut
351 795 410 851 in
439 797 542 852 Via
569 797 690 853 lata
719 798 796 853 ad
827 814 1012 854 unam
1044 803 1100 854 et
1131 799 1310 854 semis
1343 803 1635 855 staturam
1691 812 1917 852 excres-

259 889 434 950 ceret,
465 889 643 957 atque
667 902 702 941 a
732 891 901 958 porta
934 887 1123 942 sancti
1150 888 1297 942 Petri
1322 903 1514 960 usque
1562 887 1635 942 ad
1668 889 1915 958 pontem

261 972 540 1028 Molvium
570 990 742 1046 aquae
769 991 829 1029 se
853 975 1284 1031 descendentes
1314 977 1770 1047 conjungerent.

333 1065 504 1117 Anno
531 1063 850 1119 Dominicae
898 1065 1325 1121 incarnationis
1385 1069 1488 1121 653
1542 1067 1654 1120 Leo
1709 1069 1919 1133 regnat

260 1164 452 1206 annos
479 1155 530 1205 9.
565 1151 665 1206 His
695 1153 1069 1224 temporibus
1103 1155 1572 1210 Sarracenorum
1603 1167 1750 1221 gens
1781 1167 1918 1206 cum

257 1238 535 1296 inmenso
561 1242 822 1296 exercitu
861 1243 1127 1308 veniens,
1185 1241 1764 1313 Constantinopolim
1819 1241 1921 1295 cir-

260 1328 589 1395 cumdedit,
624 1345 694 1383 ac
723 1345 833 1401 per
875 1330 1227 1384 continuum
1287 1330 1607 1386 triennium
1661 1329 1916 1396 obsedit,

262 1416 458 1472 donec
481 1417 712 1472 civibus
737 1417 926 1472 multa
955 1417 1237 1474 instantia
1265 1418 1342 1474 ad
1376 1423 1559 1474 Deum
1613 1418 1920 1474 clamanti-

261 1502 399 1572 bus,
433 1503 675 1575 plurimi
706 1520 914 1559 eorum
945 1504 1122 1575 fame,
1157 1505 1391 1574 frigore,
1437 1505 1614 1573 bello,
1647 1506 1919 1578 pestilen-

2020 365 2135 406 nus
2165 354 2504 424 patriarcha
2547 369 2672 408 non
2705 351 3099 417 consentiens,
3159 367 3195 406 a
3247 349 3493 423 propria
3544 349 3683 405 sede

2020 440 2307 513 depulsus
2333 448 2440 514 est,
2462 447 2518 498 et
2547 443 2678 513 ejus
2711 441 2772 497 in
2801 441 2934 496 loco
2972 440 3318 496 Anastasius
3370 439 3685 511 presbyter

2022 530 2352 588 ordinatur.
2379 533 2544 589 Circa
2592 533 2720 587 haec
2774 535 3045 602 tempora
3102 529 3346 586 Carolus
3403 527 3684 601 princeps

2020 620 2340 692 Pippinum
2397 620 2586 677 ﬁlium
2641 636 2820 675 suum
2879 619 2958 674 ad
2999 618 3431 693 Liutprandum
3480 633 3684 684 regem

2020 709 2252 780 direxit,
2286 715 2352 766 ut
2381 712 2509 782 ejus
2521 712 2693 782 juxta
2721 725 2953 765 morem
3004 708 3286 780 capillum
3346 707 3633 762 incideret
3667 725 3679 761 :

2019 798 2126 871 qui
2153 800 2284 870 ejus
2318 800 2624 856 caesariem
2668 799 2961 866 incidens,
3003 797 3054 853 ei
3081 801 3252 870 pater
3272 796 3516 852 effectus
3574 800 3682 863 est,

2018 888 2344 962 multisque
2375 906 2516 945 eum
2537 889 2789 945 ditatum
2829 888 3005 958 regiis
3047 885 3402 942 muneribus
3435 884 3687 954 genitori

2021 977 2264 1034 remisit.

2095 1086 2340 1142 Carolus
2374 1089 2439 1141 18
2471 1101 2633 1140 anno
2662 1085 2829 1154 regni
2859 1084 2949 1139 sui
2993 1100 3132 1140 cum
3163 1082 3423 1139 exercitu
3453 1081 3513 1136 in
3562 1081 3685 1135 Wi-

2024 1175 2262 1230 stracha
2283 1175 2464 1242 venit,
2496 1190 2754 1247 eamque
2781 1189 2901 1229 sure
2933 1172 3140 1228 ditioni
3187 1171 3459 1243 subjecit.
3513 1175 3686 1225 Anno

2025 1265 2095 1316 20
2123 1262 2293 1331 regni
2324 1263 2414 1318 sui
2442 1262 2658 1317 iterum
2689 1279 2828 1318 cum
2855 1261 3058 1317 valida
3092 1276 3279 1316 manu
3329 1259 3683 1316 Vasconiam

2024 1349 2330 1420 ingressus
2361 1355 2470 1421 est,
2502 1355 2562 1406 et
2588 1351 2897 1406 Eudonem
2924 1365 3110 1418 regno
3132 1348 3311 1403 simul
3341 1354 3396 1403 et
3425 1348 3544 1404 vita
3573 1347 3690 1419 pri-

2023 1438 2186 1494 vavit
2211 1483 2226 1507 ,
2256 1439 2528 1510 sequenti
2559 1455 2722 1495 anno
2755 1442 2962 1494 contra
3003 1436 3154 1492 ﬁlios
3185 1437 3458 1508 ejusdem
3495 1436 3691 1490 Eudo-

2023 1527 2115 1582 nis
2141 1527 2469 1583 dimicavit.

263 1591 460 1664 tiaque
485 1592 762 1663 perirent,
796 1607 865 1647 ac
899 1592 983 1646 sic
1011 1593 1226 1664 pertesi
1258 1593 1594 1650 obsidionis
1629 1595 1916 1651 abscede-

2093 1617 2268 1671 Anno
2295 1619 2362 1670 22
2387 1615 2556 1685 regni
2585 1615 2676 1670 sui
2711 1616 3174 1672 Sarracenorum
3225 1613 3519 1670 exercitus
3569 1629 3694 1668 rur-

254 1684 404 1736 rent.
441 1683 659 1736 Eorum
686 1681 958 1736 maxima
972 1681 1292 1738 multitudo
1313 1687 1662 1755 tempestate
1681 1685 1743 1739 in
1766 1685 1916 1740 mari

255 1769 448 1842 periit,
471 1769 628 1825 intra
659 1770 1235 1842 Constantinopolim
1267 1788 1408 1828 vero
1441 1775 1707 1845 tempore
1762 1774 1916 1830 obsi-

259 1858 457 1914 dionis
482 1862 586 1914 300
611 1858 774 1914 milia
803 1858 1119 1915 hominum
1148 1861 1485 1934 pestilentia
1515 1862 1804 1919 interiere.

337 1946 733 2018 Liutprandus
762 1964 864 2003 rex
893 1965 1035 2005 ossa
1061 1950 1251 2006 sancti
1279 1951 1590 2021 Augustini
1651 1952 1915 2025 episcopi

263 2051 300 2091 a
334 2035 604 2092 Sardinia
647 2037 960 2107 transtulit,
1020 2043 1076 2095 et
1141 2039 1202 2095 in
1259 2040 1471 2096 urbem
1521 2041 1916 2112 Tycinensem

263 2139 397 2178 cum
429 2123 630 2179 debito
658 2125 885 2181 honore
917 2127 1216 2199 sepelivit:
1251 2129 1410 2185 idem
1434 2145 1539 2185 rex
1567 2132 1914 2186 Ravennam

259 2212 510 2280 obsedit,
543 2213 793 2270 classem
823 2215 1042 2272 invasit
1071 2222 1250 2289 atque
1283 2219 1590 2274 destruxit.

329 2301 572 2358 Carolus
597 2302 877 2376 princeps
911 2310 974 2361 10
1001 2322 1163 2362 anno
1194 2307 1361 2376 regni
1390 2308 1482 2363 sui
1512 2325 1652 2363 cum
1709 2309 1916 2378 Bajoa-

262 2391 363 2446 riis
386 2392 700 2463 pugnavit,
729 2409 953 2466 eosque
987 2395 1135 2450 vicit.
1189 2396 1352 2450 Idem
1377 2412 1500 2462 rex,
1551 2396 1919 2468 quintodeci-

257 2496 360 2535 mo
392 2495 556 2534 anno
574 2480 746 2547 regni
776 2481 869 2534 sui
889 2481 1314 2537 Alamanniam
1353 2483 1681 2553 ingressus,
1715 2489 1923 2539 contra

259 2567 636 2623 Lantfridum
668 2567 990 2631 dimicavit,
1023 2575 1078 2624 et
1110 2569 1499 2626 sibieandem
1521 2576 1760 2639 gentem
1787 2571 1924 2626 sub-

251 2655 416 2726 jecit.
454 2654 867 2711 Sextodecimo
897 2671 1058 2712 anno
1081 2656 1250 2725 regni
1281 2657 1372 2711 sui
1425 2657 1782 2713 Vasconiam
1838 2659 1923 2714 in-

260 2758 523 2812 gressus,
567 2741 877 2798 Eudonem
923 2743 1140 2799 ducem
1198 2744 1534 2816 Aquitania
1590 2745 1749 2802 bello
1783 2763 1918 2820 per-

261 2830 483 2887 terruit.

340 2919 400 2973 l7
427 2934 588 2975 anno
621 2920 929 2976 Sarraceni
954 2935 1025 2976 ex
1053 2920 1339 2993 Hispania
1366 2938 1504 2978 cum
1536 2922 1826 2979 uxoribus
1864 2940 1894 2980 e

260 3007 528 3081 parvulis
551 3009 879 3078 venientes,
905 3008 1289 3081 Aquitaniam
1318 3010 1516 3066 Galliae
1547 3011 1920 3084 provinciam

261 3098 440 3169 quasi
462 3097 521 3152 in
542 3113 614 3153 ea
641 3097 965 3154 habitaturi
985 3098 1207 3155 intrant
1235 3118 1247 3166 ;
1283 3099 1527 3156 Carolus
1556 3100 1824 3173 quidem,
1855 3107 1922 3158 ut

261 3185 491 3242 dictum
521 3191 628 3256 est,
659 3203 798 3242 cum
829 3187 1073 3242 Eudone
1103 3187 1435 3259 Aquitaniae
1465 3189 1732 3262 principe
1780 3194 1921 3247 tunc

261 3275 633 3331 discordiam
659 3275 942 3344 habebat,
974 3276 1079 3349 qui
1100 3281 1321 3344 tamen,
1354 3277 1414 3332 in
1438 3294 1628 3334 unum
1678 3294 1738 3334 se
1787 3295 1924 3336 con-

257 3365 604 3437 jungentes,
628 3369 834 3421 contra
863 3365 1108 3421 eosdem
1137 3368 1495 3423 Sarracenos
1517 3368 1649 3440 pari
1675 3369 1922 3425 consilio

262 3453 644 3510 dimicarunt.
679 3457 826 3510 Nam
856 3454 1145 3511 irruentes
1176 3455 1382 3511 Franci
1418 3472 1600 3528 super
1635 3473 1758 3525 eos,
1819 3463 1921 3514 375

261 3541 451 3598 millia
482 3559 553 3598 ex
585 3543 667 3598 eis
693 3542 1128 3599 interfecerunt.
1155 3545 1321 3600 Eudo
1347 3561 1590 3618 quoque
1619 3563 1801 3619 super
1829 3563 1925 3603 eo-

262 3648 399 3689 rum
423 3637 618 3688 castra
639 3633 890 3700 irruens,
915 3632 1045 3706 pari
1070 3633 1254 3689 modo
1291 3633 1514 3690 multos
1543 3635 1920 3704 interﬁciens,

263 3722 470 3778 omnia
499 3721 851 3778 devastavit.
878 3721 1024 3778 Mille
1057 3725 1288 3778 tantum
1337 3723 1649 3796 quingenti
1703 3726 1926 3782 cecide-

264 3814 404 3865 runt
431 3827 504 3866 ex
533 3810 793 3877 Francis,
817 3814 883 3866 ut
919 3810 981 3866 in
1011 3810 1262 3883 epistola
1311 3811 1391 3867 ab
1446 3812 1690 3868 Eudone
1742 3814 1928 3869 missa

261 3899 543 3970 Gregorio
571 3914 748 3972 papae
778 3899 852 3954 de
874 3897 1089 3954 eadem
1109 3898 1356 3954 victoria
1393 3899 1746 3954 continetur.

342 3990 423 4042 Ea
451 3991 798 4060 tempestate
837 3991 952 4044 Leo
978 3987 1306 4058 imperator
1335 3989 1683 4042 sanctorum
1714 3987 1927 4060 imagi-

267 4091 382 4132 nes
409 4076 706 4148 depositas
734 4075 1019 4147 incendit,
1051 4078 1443 4148 Romanoque
1473 4076 1741 4150 pontiﬁci
1798 4080 1928 4134 Gre-

265 4164 437 4236 gorio
481 4165 697 4222 similia
750 4167 965 4233 facere,
1024 4165 1071 4220 si
1112 4181 1285 4220 suam
1314 4164 1489 4222 vellet
1513 4166 1735 4223 habere
1795 4183 1924 4237 gra-

265 4253 435 4321 tiam,
467 4253 797 4310 mandavit.
831 4254 944 4311 Sed
982 4254 1248 4327 pontifex
1277 4254 1392 4312 hoc
1423 4255 1618 4311 facere
1661 4260 1924 4312 contem-

265 4343 400 4418 psit.
431 4343 638 4400 Omnis
666 4359 909 4417 quoque
935 4346 1233 4400 Ravennae
1264 4345 1555 4400 exercitus
1595 4345 1690 4400 vel
1747 4349 1925 4402 Vene-

265 4432 482 4488 tiarum
509 4431 728 4488 talibus
748 4431 931 4503 jussis
957 4447 1078 4487 uno
1103 4433 1307 4488 animo
1336 4433 1693 4501 restiterunt,
1723 4438 1780 4490 et
1809 4434 1926 4490 nisi

263 4521 532 4597 pontifex
561 4537 663 4577 eos
694 4520 1120 4595 prohibuisset,
1153 4521 1339 4577 alium
1368 4521 1793 4595 imperatorem
1824 4540 1923 4579 su-

263 4627 375 4684 per
401 4626 466 4666 se
495 4611 938 4667 constituerent.

340 4704 446 4756 Per
469 4701 630 4757 idem
662 4705 899 4772 tempus
938 4700 1339 4772 Liutprandus
1363 4716 1467 4756 rex
1497 4705 1692 4758 castra
1745 4702 1927 4758 [Emi—

263 4789 381 4858 liae,
417 4789 810 4846 Feronianum
839 4793 897 4846 et
924 4788 1448 4858 Montembellium,
1474 4792 1688 4847 Brueta
1713 4797 1768 4848 et
1799 4795 1926 4848 Per-

264 4879 461 4946 ticeta,
491 4880 906 4936 Bononianum
953 4883 1010 4935 et
1063 4879 1432 4952 Pentapon
1480 4880 1928 4953 Auximumque

266 4967 503 5035 invasit,
539 4967 647 5022 sed
667 4971 804 5039 post
834 4966 1070 5040 aliquos
1127 4967 1276 5038 dies,
1323 4970 1593 5025 Romano
1645 4969 1928 5041 pontiﬁce

266 5056 634 5125 elaborante,
667 5057 954 5112 Romanis
992 5057 1224 5114 reddita
1269 5061 1426 5113 sunt.
1474 5060 1586 5113 Leo
1625 5061 1927 5129 Augustus

269 5145 349 5202 ad
376 5146 595 5217 pejora,
614 5160 992 5218 progressus,
1015 5149 1124 5216 est,
1147 5145 1228 5202 ita
1270 5149 1336 5201 ut
1364 5146 1744 5219 compelleret
1795 5163 1927 5204 om-

268 5249 378 5290 nes
431 5235 1012 5307 Constantinopolim
1062 5235 1400 5291 habitantes
1458 5241 1575 5292 tam
1628 5237 1688 5292 vi
1740 5253 1928 5309 quam

267 5321 718 5394 blandimentis,
770 5329 1114 5380 sanctorum
1156 5324 1451 5395 imagines
1495 5324 1817 5397 deponere,
1874 5332 1932 5382 et

264 5429 665 5488 quascunque
721 5415 982 5471 invenire
1041 5415 1251 5488 potuit,
1285 5413 1562 5470 incendio
1589 5431 1932 5472 concrema-

263 5504 371 5559 vit.
405 5503 474 5559 Et
502 5503 645 5576 quia
687 5503 954 5577 plerique
984 5520 1056 5562 ex
1111 5502 1338 5577 populo
1394 5501 1510 5559 tale
1567 5503 1758 5558 scelus
1803 5500 1930 5555 ﬁeri

268 5592 695 5666 prohibebant,
724 5592 1011 5667 aliquanti
1041 5610 1112 5650 ex
1162 5592 1247 5650 eis
1291 5592 1483 5665 capite
1527 5589 1800 5657 truncati,
1831 5587 1929 5646 alii

363 5683 365 5686 ’
775 5683 1019 5737 Ρηιιοι..
1061 5679 1302 5737 CXXXII.

2022 1721 2159 1760 sum
2186 1705 2250 1760 in
2278 1703 2527 1760 Galliam
2556 1703 2844 1760 introiens
2903 1702 3157 1758 multam
3209 1701 3687 1758 devastationem

2022 1793 2178 1862 fecit,
2207 1797 2416 1848 contra
2444 1809 2600 1865 quos
2633 1792 2878 1848 Carolus
2904 1807 3026 1846 non
3081 1791 3257 1862 longe
3316 1807 3353 1847 a
3411 1791 3693 1847 Narbona

2021 1881 2248 1939 bellum
2275 1882 2677 1950 committens,
2728 1897 2832 1938 eos
2888 1881 3040 1936 sicut
3094 1885 3150 1937 et
3198 1879 3365 1952 prius
3425 1879 3693 1936 maxima

2022 1973 2185 2028 caede
2212 1971 2552 2045 prostravit.

2094 2082 2268 2135 Anno
2294 2083 2363 2135 24
2388 2077 2556 2149 regni
2584 2077 2675 2133 sui
2700 2077 2910 2134 iterato
2944 2075 3252 2133 Sarraceni
3284 2075 3589 2132 Gallorum
3626 2074 3691 2129 ﬁ-

2020 2183 2130 2224 nes
2170 2167 2442 2238 ingressi,
2476 2183 2666 2240 usque
2707 2167 2785 2223 ad
2842 2166 3220 2222 Provinciam
3283 2169 3594 2230 venerunt,
3636 2169 3693 2220 et

2021 2262 2200 2330 capta
2226 2257 2482 2324 Arelato,
2512 2256 2716 2311 omnia
2738 2257 3209 2328 circumquaque
3227 2253 3496 2309 demoliti
3529 2257 3688 2308 sunt.

2023 2349 2186 2402 Tunc
2240 2345 2505 2410 Carolus,
2561 2345 2640 2399 ad
2697 2344 3132 2415 Liutprandum
3180 2357 3384 2410 regem
3429 2341 3691 2405 mittens,

2026 2432 2320 2489 auxilium
2362 2437 2571 2487 contra
2621 2434 2978 2486 Sarracenos
3047 2429 3332 2501 exposcit,
3394 2429 3499 2501 qui
3549 2429 3696 2485 nihil

2029 2524 2300 2576 moratus
2323 2535 2462 2574 cum
2500 2518 2666 2573 omni
2722 2517 3260 2588 Langobardorum
3314 2519 3575 2575 exercitu
3632 2519 3695 2573 in

2028 2610 2159 2680 ejus
2180 2607 2547 2679 adjutorium
2578 2606 2917 2679 properavit
2950 2623 2962 2660 :
3025 2607 3148 2679 quo
3181 2612 3488 2679 comperto
3541 2624 3690 2676 gens

2030 2697 2495 2752 Sarracenorum
2516 2711 2657 2750 mox
2683 2695 2762 2750 ab
2793 2694 2908 2749 illis
2941 2695 3286 2764 regionibus
3314 2696 3563 2764 aufugit.

2098 2785 2272 2840 Anno
2301 2787 2368 2839 26
2397 2783 2565 2853 regni
2598 2783 2690 2838 sui
2714 2782 2960 2840 Carolus
2990 2782 3481 2838 bellicosissimus
3511 2788 3567 2839 et
3615 2783 3697 2838 vi-

2025 2871 2486 2928 ctoriosissimus
2517 2871 2799 2945 princeps
2829 2873 3197 2928 Francorum
3225 2872 3493 2928 moritur.

1901 2930 1922 2981 t
1951 2961 1992 3016 C
2097 2960 2270 3016 Fiunt
2299 2959 2497 3030 igitur,
2517 2930 2593 3014 ‘ni
2622 2930 2814 3027 fallor,
2849 2961 2992 3015 anni
3019 2961 3097 3016 ab
3135 2960 3552 3016 incarnatione
3585 2963 3696 3016 D0-

2027 3049 2174 3105 mini
2199 3048 2528 3122 computati
2557 3065 2595 3105 a
2622 3049 3089 3121 quadragesimo
3119 3050 3386 3105 secundo
3407 3066 3568 3106 anno
3586 3050 3693 3105 im-

2027 3139 2176 3212 perii
2206 3138 2532 3208 Octaviani,
2560 3155 2766 3212 usque.
2784 3139 2864 3195 ad
2897 3139 3175 3196 ultimum
3205 3140 3415 3196 Leonis
3445 3141 3694 3211 Augusti

2029 3244 2280 3297 annum,
2313 3227 2416 3302 qui
2443 3228 2815 3302 temporibus
2842 3228 3033 3285 Caroli
3063 3229 3353 3302 principis
3409 3245 3694 3299 regnasse

2030 3319 2431 3391 cognoscitur,
2463 3323 2588 3388 718,
2621 3335 2859 3375 menses
2889 3324 2941 3387 3,
2975 3319 3103 3375 dies
3125 3325 3177 3376 2.

2102 3426 2525 3482 Discernamus
2552 3427 2752 3492 etiam,
2786 3427 2835 3482 si
2858 3427 3074 3499 placet,
3100 3427 3344 3483 eosdem
3365 3442 3560 3483 annos
3586 3431 3696 3484 Do-

2029 3515 2179 3572 mini
2206 3532 2314 3589 per
2341 3520 2616 3590 tempora
2645 3517 3002 3590 pontiﬁcum
3024 3520 3454 3588 Romanorum,
3524 3522 3580 3572 et
3617 3517 3699 3572 vi-

2029 3604 2304 3675 deamus,
2338 3605 2646 3678 quomodo
2675 3605 2787 3660 sibi
2808 3608 3082 3676 tempora
3101 3604 3443 3677 principum
3470 3608 3527 3660 et
3546 3621 3694 3676 prae-

2031 3694 2230 3749 sulum
2258 3693 2597 3749 adinvicem
2628 3698 2978 3762 comparata
3006 3692 3431 3762 respondeant.

2104 3783 2316 3834 Beatus
2349 3781 2552 3832 Petrus
2583 3777 2894 3847 apostolus
2921 3779 3123 3830 Romae
3152 3776 3214 3829 in
3240 3775 3568 3847 episcopali
3596 3791 3696 3832 ca-

2033 3867 2248 3923 thedra
2274 3866 2424 3922 sedit
2454 3881 2647 3922 annos
2677 3870 2766 3933 25,
2791 3881 3032 3922 menses
3061 3870 3114 3934 2,
3143 3865 3269 3921 dies
3296 3869 3350 3921 2.

2034 3991 2214 4047 Linus
2575 3991 2725 4048 sedit
2787 4007 2980 4048 annos
3041 4007 3279 4049 menses
3354 3991 3482 4048 dies

2850 4081 2905 4134 ll
3130 4085 3160 4138 3
3382 4087 3446 4138 13

2033 4170 2228 4227 Cletus
2628 4201 2695 4209 —
2849 4173 2912 4224 12
3139 4170 3159 4222 l
3387 4175 3408 4225 1
3423 4175 3443 4226 1

2032 4259 2304 4316 Clemens
2629 4290 2696 4298 —
2879 4264 2910 4315 9
3129 4261 3163 4312 2
3387 4259 3450 4314 10

2028 4346 2346 4403 Anacletus
2632 4377 2703 4386 —
2882 4351 2913 4401 9
3131 4352 3165 4402 2
3386 4351 3450 4402 10

2031 4435 2380 4491 Euvaristus
2630 4465 2702 4474 —
2881 4440 2912 4490 9
3098 4439 3164 4490 10
3415 4439 3449 4489 2

2030 4523 2366 4580 Alexander
2631 4557 2701 4565 —
2781 4561 2793 4574 .
2850 4528 2915 4578 10
3131 4529 3160 4577 7
3421 4529 3442 4579 1

2032 4613 2241 4668 Xistus
2629 4644 2699 4653 ——
2851 4610 2916 4668 10
3131 4614 3164 4664 2
3421 4615 3440 4664 1

2029 4701 2425 4774 Telesphorus
2631 4733 2700 4740 —
2851 4704 2871 4756 1
2887 4705 2907 4755 1
3133 4702 3163 4754 3
3381 4701 3442 4750 21

2036 4790 2258 4860 Yginus
2624 4821 2692 4828 —
2878 4791 2911 4842 4
3133 4791 3163 4841 3
3419 4788 3448 4840 3

2034 4879 2169 4934 Pius
2633 4908 2702 4918 —-
2747 4923 2751 4927 .
2853 4881 2915 4932 19
3134 4877 3168 4928 4
3420 4880 3451 4930 3

2033 4968 2311 5024 Anicetus
2627 4999 2696 5007 --
2854 4965 2876 5018 1
2893 4969 2912 5020 1
3133 4965 3167 5017 4
3417 4968 3448 5019 3

2035 5057 2244 5113 Sother
2631 5087 2698 5095 —-
2881 5057 2912 5107 9
3132 5053 3162 5104 6
3380 5054 3443 5107 21

2037 5145 2403 5202 Eleutherius
2635 5174 2701 5181 —
2854 5143 2914 5194 15
3132 5145 3162 5195 3
3415 5144 3450 5196 2

2035 5235 2228 5291 Victor
2632 5257 2702 5269 —
2851 5233 2869 5283 1
2882 5233 2916 5283 0
3131 5233 3166 5286 2
3387 5227 3449 5281 10

2035 5323 2399 5394 Zepherinus
2635 5347 2703 5357 —-
2885 5322 2916 5374 8
3134 5321 3165 5371 6
3386 5315 3451 5372 10

2039 5411 2298 5467 Calixtus
2631 5437 2700 5448 —--
2881 5413 2912 5463 6
3128 5410 3162 5460 2
3385 5408 3449 5460 10

2042 5500 2318 5557 Urbanus
2632 5524 2702 5537 -
2882 5501 2914 5552 4
3102 5499 3166 5549 10
3388 5497 3450 5548 13

2044 5590 2367 5646 Pontianus
2633 5617 2702 5630 -
2883 5595 2913 5642 9
3133 5588 3163 5639 ὅ
3418 5586 3453 5638 2

3204 5675 3239 5725 2
