4086 6200
442 184 515 239 43

443 304 739 365 Antherus

444 508 741 569 Fabianus

445 598 753 657 Cornelius

444 688 660 746 Lucius

445 779 782 851 Stephanus

444 869 639 926 Sixtus

442 955 765 1029 Dionysius

445 1047 600 1105 Felix

444 1134 827 1195 Eutichianus

444 1227 620 1287 Gaius

432 1314 809 1377 Marcellinus

442 1405 745 1466 Marcellus

442 1495 730 1554 Eusebius

440 1582 792 1646 Melchiades

445 1675 723 1733 Silvester

443 1768 670 1823 Marcus

441 1852 628 1909 JuliUS

442 1940 707 1999 Liberius

445 2032 601 2091 Felix

447 2127 739 2178 Damasus

447 2210 684 2270 Siricius

442 2298 787 2358 Anastasius

442 2386 822 2450 Innocentius

444 2482 711 2538 Zosimus

445 2566 782 2627 Bonifacius

444 2657 769 2719 Celestinus

442 2750 640 2810 Sixtus

440 2842 557 2895 Leo

442 2924 695 2984 Hilarius

444 3012 781 3089 Simplicius

442 3106 598 3164 Felix

441 3193 708 3252 Gelasius

440 3280 787 3341 Anastasius

441 3370 776 3446 Symachus

439 3456 759 3518 Hormisda

438 3549 757 3609 Mercurius

438 3639 600 3696 Felix

437 3726 772 3787 Bonifacius

436 3819 725 3892 Agapitus

440 3908 722 3966 Silverius

436 3996 688 4065 Vigilius

437 4084 710 4156 Pelagius

436 4178 701 4231 Joannes

438 4262 791 4320 Benedictus

434 4353 709 4425 Pelagius

438 4453 753 4527 Gregorius

438 4559 797 4618 Sabinianus

438 4655 773 4715 Bonifacius

437 4756 733 4814 Honorius
822 4773 839 4783 -

436 4854 751 4911 Severinus

433 4955 692 5010 Joannes
746 4980 755 5001 .

433 5048 781 5108 Theodorus

433 5150 716 5207 Martinus

433 5245 735 5315 Eugenius

429 5349 771 5406 Vitellianus

428 5451 771 5509 Adeodatus

426 5560 629 5612 Donus

425 5658 686 5729 Agathos

978 295 1130 354 sedit
1191 307 1384 350 annos
1449 300 1687 345 menses
1759 282 1887 339 dies

1038 531 1106 540 .—

1034 619 1103 633 -φ

1037 711 1105 719 .-

1041 758 1108 810 έ.

1036 890 1104 899 —

1031 979 1098 988 .—

1037 1068 1105 1077 .—

1032 1157 1101 1165 —

1034 1245 1103 1254 .—

1034 1336 1102 1344 ——

1034 1425 1101 1433 ...-

1029 1516 1095 1524 _——

1033 1605 1101 1613 —

1043 1693 1104 1701 .-

1038 1782 1104 1790 ..-

1033 1870 1102 1879 _—

1037 1959 1105 1968 ..-

1038 2050 1106 2061 ——

1036 2139 1104 2148 ..-

1037 2229 1105 2237 _

1039 2409 1107 2418 —

1036 2499 1104 2506 ——

1035 2587 1103 2595 ——

1033 2676 1106 2685 .-

1035 2765 1103 2776 ιι.

1039 2855 1107 2864 -ο

1035 2945 1104 2954 ...-

1033 3035 1099 3043 ...-

1035 3125 1101 3132 _-

1035 3215 1103 3223 ,-

1032 3303 1101 3311 ——-

1030 3391 1099 3400 .——

1033 3481 1102 3490 -ο

1033 3571 1103 3580 ——-

1036 3654 1106 3668 Α...

1032 3747 1101 3758 -

1032 3838 1101 3848 .—

1033 3928 1101 3937 .—

1031 4016 1101 4027 .—

1034 4104 1101 4113 —

1032 4193 1100 4202 —

1031 4282 1100 4292 ——

1027 4373 1096 4382 —

1032 4476 1100 4484 —-

1032 4579 1098 4587 _—

1031 4678 1096 4685 ..-

1028 4776 1095 4785 .-

1039 4876 1097 4885 .-

1029 4975 1096 4984 -

1027 5073 1095 5081 _

1023 5172 1089 5179 .—

1024 5267 1091 5275 —

1026 5370 1093 5378 —

1024 5472 1090 5481 -ι

1023 5575 1091 5583 —

1019 5677 1087 5687 ..-

1256 393 1319 447 12

1254 499 1319 551 14-

1286 592 1313 625 ⁵)

1286 680 1317 732 3

1290 770 1320 819 7

1292 858 1307 909 l

1282 950 1311 997 6

1284 1035 1319 1087 4·

1289 1124 1309 1175 1

1253 1209 1306 1263 11

1281 1298 1317 1353 9

1284 1392 1315 1441 ii

1285 1480 1316 1532 6

1281 1570 1315 1622 4

1248 1657 1316 1710 24

1284 1749 1318 1800 2

1256 1837 1273 1887 1
1287 1837 1317 1887 5

1287 1926 1318 1978 6

1291 2018 1311 2068 1

1566 138 1940 219 REGINONIS
1977 154 2387 214 PBUMIENSIS
2426 157 2739 219 ABBATIS.
3797 171 3869 226 44

1539 395 1561 445 1

1506 497 1560 547 11

1534 586 1565 636 2

1504 853 1522 905 1

1535 674 1565 725 3

1542 764 1571 815 5

1534 852 1570 903 0

1534 943 1565 993 2

1535 1032 1565 1083 3

1538 1119 1557 1170 1

1533 1207 1565 1258 4

1534 1296 1566 1348 4

1532 1380 1561 1437 7

1538 1477 1557 1526 1

1502 1655 1521 1705 1

1528 1654 1566 1709 0

1535 1742 1566 1793 8

1532 1830 1566 1881 2

1535 1921 1564 1972 3

1536 2012 1566 2063 3

1536 2099 1567 2151 3

1502 2640 1523 2691 1

1502 3087 1521 3137 1

1502 3268 1519 3317 1

1538 2818 1557 2868 1

1534 2907 1567 2959 3

1534 2998 1553 3048 1

1538 3086 1555 3137 1

1535 3180 1566 3228 8

1538 3265 1553 3316 1

1532 3354 1563 3405 7

1534 2373 1567 2421 2

1537 2460 1566 2511 3

1535 2549 1566 2601 8

1531 2640 1567 2691 0

1790 389 1853 440 12

1790 491 1846 542 11

1818 580 1851 631 2

1821 669 1852 721 3

1819 759 1852 810 2

1783 849 1851 901 23

1818 937 1851 990 4

1784 1028 1850 1079 23

1823 1116 1843 1166 1

1786 1205 1850 1255 12

1783 1294 1849 1344 25

1780 1382 1849 1433 22

1818 1472 1848 1524 3

1788 1650 1851 1701 10

1784 1739 1853 1792 20

1821 1828 1851 1878 6

1820 1915 1852 1966 4

1820 2007 1852 2058 2

1788 2097 1852 2147 12

1788 2277 1852 2327 10

1784 2367 1844 2417 21

1790 2452 1843 2505 il

1819 2549 1849 2595 7

1784 2636 1847 2686 17

1785 2723 1851 2775 19

1785 2813 1848 2865 13

1784 2904 1850 2955 10

1814 2996 1844 3044 7

1744 3082 1847 3134 κ18

1787 3172 1850 3225 18

1778 3262 1848 3313 24

1780 3352 1848 3402 27

1787 3443 1849 3492 17

1780 3531 1848 3583 26

1786 3619 1848 3671 14

1774 3711 1845 3763 26

1784 3798 1850 3851 18

1784 3891 1838 3941 11

1780 3978 1848 4027 26

1784 4065 1849 4115 18

1778 4153 1847 4204 26

1779 4241 1849 4295 28

1783 4333 1848 4384 10

1782 4436 1849 4489 10

1812 4542 1845 4591 9

1775 4634 1844 4687 22

1778 4736 1841 4787 13

1810 4834 1843 4886 4

1781 4931 1842 4985 18

1779 5030 1841 5082 18

1771 5130 1840 5181 26

1772 5226 1839 5278 24

1804 5434 1835 5483 ὅ

1774 5534 1837 5586 10

1802 5636 1833 5687 4

2129 282 2176 334 Α
2217 282 2330 338 Leo
2744 285 2900 342 sedit
2961 301 3156 344 annos
3214 302 3456 343 menses
3528 286 3657 345 dies

3242 381 3306 432 10
3524 381 3586 433 17

2217 460 2564 518 Benedictus
2771 496 2839 504 —
3086 496 3101 509 ι
3274 470 3338 521 to
3560 471 3623 524 12

2211 550 2470 606 Joannes
2772 585 2838 594 —
3026 558 3043 608 1
3589 562 3620 612 9

2214 641 2419 694 Conon
2774 674 2842 683 —
3274 646 3295 700 l
3311 649 3332 700 1

2215 729 2455 797 Sergius
2771 763 2838 772 —
2991 733 3052 789 14
3307 737 3339 788 8
3552 738 3621 790 23

2210 820 2470 873 Joannes
2769 854 2836 861 —
3019 827 3048 877 3
3303 827 3335 878 2
3558 822 3624 878 12

2209 908 2469 963 Joannes
2770 941 2839 950 —
3020 914 3051 965 2
3306 916 3336 965 6

2212 994 2501 1051 Sisinnius
2772 1030 2840 1038 —
3554 1002 3624 1055 20

2212 1085 2636 1141 Constantinus
2770 1120 2835 1127 —
3017 1094 3048 1142 7
3560 1089 3621 1144 13

2210 1174 2528 1243 Gregorius
2771 1207 2839 1216 —-
2988 1180 3051 1230 16
3268 1180 3300 1230 9
3558 1180 3613 1231 11

2211 1263 2529 1332 Gregorius
2767 1297 2835 1304 —
2986 1267 3052 1319 10
3271 1267 3303 1319 8
3553 1268 3619 1320 25

2210 1352 2524 1408 Zacharias
2769 1384 2838 1391 —
2987 1356 3049 1407 12
3269 1358 3299 1409 3
3557 1357 3620 1409 14

2284 1443 2367 1497 Fit
2395 1456 2558 1511 ergo,
2592 1444 2656 1496 ut
2686 1441 3069 1506 arbitramur,
3103 1456 3344 1499 summa
3393 1442 3611 1499 horum
3642 1458 3679 1498 a
3729 1447 3873 1498 tem-

2209 1529 2459 1603 poribus
2489 1530 2648 1586 beati
2680 1530 2825 1586 Petri
2858 1528 3112 1603 apostoli
3162 1546 3352 1602 usque
3396 1530 3475 1587 ad
3522 1531 3870 1588 Zachariam

2211 1634 2456 1693 papam,
2486 1619 2590 1692 qui
2622 1619 2913 1691 principio
2946 1618 3114 1688 regni
3134 1618 3363 1691 Pippini
3392 1623 3727 1675 Romanam
3767 1635 3873 1690 gu-

2211 1707 2425 1763 bernat
2454 1706 2789 1779 ecclesiam,
2817 1707 2959 1763 anni
2984 1712 3108 1777 703,
3142 1723 3378 1763 menses
3404 1710 3458 1771 8,
3476 1707 3603 1763 dies
3624 1713 3713 1765 26.
3736 1708 3873 1774 Qui-

2210 1813 2322 1852 vus
2354 1797 2401 1852 si
2430 1796 2731 1851 addamus
2755 1796 3097 1870 quindecim
3129 1811 3320 1853 annos
3360 1796 3761 1867 Octaviani,23
3784 1797 3873 1854 Τί-

2212 1884 2378 1954 berii,
2421 1890 2451 1941 3
2500 1885 2642 1949 Caii,
2695 1883 2959 1940 similiter
3015 1890 3045 1941 3
3105 1884 3353 1950 Claudii,
3384 1884 3585 1958 quiat
3641 1884 3871 1942 Claudii

2213 1990 2375 2031 anno
2406 1978 2609 2030 Petrus
2638 1973 2948 2047 apostolus
2976 1976 3231 2031 Romam
3254 1973 3435 2041 venit,
3478 1979 3534 2029 et
3562 1973 3694 2047 ipse
3740 1974 3871 2046 jam

2211 2080 2409 2121 annus
2440 2064 2499 2118 in
2524 2062 2874 2135 pontiﬁcatu
2904 2063 3034 2134 ejus
3066 2067 3469 2135 computatur,
3513 2061 3872 2133 colliguntur

2212 2153 2354 2210 anni
2376 2156 2513 2219 7-17;
2559 2155 3017 2223 supercrescunt
3064 2152 3265 2222 itaque
3319 2151 3465 2207 anni
3516 2150 3869 2223 pontiﬁcum

2212 2260 2403 2300 annos
2434 2242 2771 2314 principum
2805 2244 3213 2296 Romanorum
3238 2244 3306 2296 29
3341 2241 3535 2297 annis.
3570 2241 3722 2308 Quid
3766 2241 3870 2296 ho-

2211 2348 2345 2387 rum.
2403 2330 2600 2402 potius
2654 2330 3035 2401 sequendum
3078 2330 3173 2399 sit,
3234 2328 3501 2402 prudens
3558 2330 3738 2386 lector
3785 2331 3868 2385 vi-

2210 2422 2367 2477 deat.
2398 2419 2543 2475 lllud
2578 2424 2777 2474 tamen
2808 2434 2918 2491 pro
2946 2424 3105 2474 certo
3133 2418 3377 2485 scimus,
3408 2420 3577 2491 quod
3602 2434 3712 2475 nec
3764 2436 3867 2476 au-

2212 2516 2550 2583 gustorum,
2582 2525 2691 2563 nec
2722 2508 3057 2563 antistitum
3088 2518 3381 2563 numerus
3438 2522 3731 2565 annorum
3765 2522 3865 2580 cy-

2210 2600 2315 2656 clis
2373 2598 2638 2669 Dionysii
2690 2598 3035 2664 concordat,
3093 2597 3393 2669 siquidem
3444 2598 3506 2654 in
3560 2597 3675 2654 alio
3707 2599 3863 2673 plus,

2208 2689 2269 2744 in
2322 2687 2440 2743 alio
2474 2686 2677 2741 minus
2710 2685 3025 2741 invenitur.
3072 2687 3219 2741 Nam
3270 2683 3601 2742 secundum
3655 2685 3869 2760 Diony-

2209 2776 2365 2833 sium
2420 2786 2582 2832 anno
2630 2774 2955 2829 Dominicaa
3004 2773 3426 2830 incarnationis
3474 2777 3568 2829 741
3618 2774 3868 2830 Carolus

2207 2867 2486 2940 princeps
2504 2862 2833 2931 moritur,et
2850 2862 3133 2935 Pippinus
3146 2863 3402 2935 suscepit
3418 2862 3821 2935 principatum
3851 2882 3863 2931 ;

2129 2978 2169 3032 ρ
2207 2958 2401 3026 potest
2428 2956 2629 3007 autem
2656 2950 2783 3006 fieri
2810 2956 2877 3006 ut
2912 2950 3055 3006 vitio
3103 2951 3407 3023 scriptoris
3463 2964 3753 3027 numerus
3796 2952 3868 3008 sit

2208 3042 2571 3115 depravatus
2596 3054 2916 3096 annorum.

2283 3136 2414 3188 Haec
2446 3131 2686 3200 idcirco,
2722 3130 2799 3186 ab
2833 3130 2964 3202 ipso
2988 3130 3415 3186 incarnationis
3441 3130 3673 3187 Domini
3704 3145 3865 3190 anno

2210 3221 2522 3278 exordium
2549 3220 2870 3293 capientes,
2908 3235 3096 3292 usque
3149 3219 3267 3274 huc
3327 3219 3747 3293 perduximus,
3805 3226 3868 3277 ut

2209 3312 2353 3386 quia
2375 3326 2636 3383 sequens
2665 3308 2902 3365 libellus
2933 3324 2969 3364 a
2998 3312 3201 3364 nostra
3218 3308 3511 3381 parvitate
3536 3310 3868 3383 editus,per

2211 3400 2481 3473 ejusdem
2510 3398 2940 3455 incarnationis
2980 3398 3301 3454 Dominicze
3355 3414 3550 3455 annos
3596 3403 3869 3471 tempora

2208 3491 2551 3564 principum
2582 3494 2637 3545 et
2663 3493 2828 3557 gesta
2854 3487 3139 3557 declarat,
3170 3488 3279 3543 iste
3306 3488 3720 3561 nihilominus,
3746 3505 3868 3563 quo

2210 3586 2499 3654 tempore,
2526 3577 2774 3652 quodin
2816 3577 2973 3647 loco,
3002 3577 3094 3632 vel
3146 3577 3292 3650 quid
3338 3579 3452 3634 sub
3503 3595 3869 3654 unoquoque

2208 3670 2476 3745 principe
2503 3673 2704 3725 actum
2737 3667 2826 3733 sit,
2858 3668 3207 3723 summatim
3229 3665 3621 3727 demonstrat.
3650 3669 3872 3727 Trium-

2207 3762 2361 3836 phos
2388 3774 2631 3834 quoque
2678 3762 3023 3814 sanctorum
3077 3761 3411 3829 martyrum
3470 3762 3526 3813 et
3579 3759 3873 3816 confesso-

2206 3865 2364 3920 rum,
2395 3848 2616 3922 quibus
2644 3846 2705 3903 in
2736 3845 2906 3916 locis,
2935 3845 3032 3902 vel
3061 3845 3173 3903 sub
3192 3845 3415 3919 quibus
3438 3846 3687 3917 regibus
3711 3866 3874 3907 coro-

2207 3955 2352 3997 nam
2377 3937 2580 4006 gloriae
2610 3940 3027 4009 perceperunt,
3058 3934 3417 3993 nominatim
3475 3937 3725 4013 aperiat.
3770 3939 3875 4009 lgi-

2210 4031 2303 4082 tur
2334 4026 2436 4081 ubi
2467 4026 2573 4080 iste
2601 4025 2825 4093 ﬁnitur,
2872 4023 2968 4079 ille
3024 4029 3460 4097 consequenter
3513 4026 3747 4084 initium
3776 4044 3869 4085 ca-

2208 4115 2354 4187 piat,
2383 4117 2440 4168 et
2466 4111 2568 4167 ubi
2590 4111 2685 4166 ille
2715 4111 2941 4184 incipit,
2972 4111 3079 4167 iste
3104 4112 3289 4167 tinem
3328 4113 3625 4171 sortiatur.

2686 4250 2935 4293 EXPLICIT
2974 4251 3131 4294 LIBER
3168 4253 3393 4297 PRIMUS.

2426 4345 2673 4400 lNClPlT
2726 4343 2927 4398 LIBER
2978 4345 3069 4399 DE
3126 4346 3369 4403 GESTIS
3418 4347 3654 4405 REGUH

2814 4436 3258 4493 FRANCORUI.

2278 4564 2453 4618 Anno
2486 4560 2807 4617 Dominicaa
2838 4560 3263 4617 incarnationis
3309 4564 3405 4617 741
3434 4562 3677 4620 Carolus
3707 4564 3867 4623 ﬁlius

2206 4651 2663 4728 Pippini,major
2692 4650 2914 4705 domus
2940 4654 2998 4705 et
3017 4650 3507 4709 bellicosissimus
3529 4653 3654 4709 dux
3681 4656 3866 4711 Fran-

2204 4758 2434 4809 corum,
2468 4738 2787 4796 defunctus
2827 4744 2933 4797 est.

2275 4834 2446 4885 Anno
2466 4829 2789 4887 Dominicaa
2806 4828 3233 4884 incarnationis
3253 4832 3357 4887 ’742
3386 4829 3861 4890 Carolomannus

2203 4926 2261 4979 et
2284 4920 2569 4995 Pippinus
2598 4918 2702 4974 ﬁlii
2759 4919 2889 4989 ejus
2918 4917 3220 4976 duxerunt
3274 4921 3600 4978 exercitum
3654 4927 3864 4980 contra

2202 5007 2547 5066 Hunoldum
2566 5007 2782 5063 ducem
2814 5007 3273 5081 Aquitanorum,
3333 5015 3392 5065 et
3428 5015 3716 5083 ceperunt
3765 5028 3862 5067 ca-

2204 5103 2391 5155 strum
2411 5098 2577 5172 quod
2606 5100 2851 5152 vocatur
2876 5099 3083 5165 Lucas,
3114 5097 3177 5151 in
3207 5096 3421 5153 eodem
3476 5098 3685 5154 itinere
3714 5099 3865 5155 divi-

2204 5192 2408 5243 serunt
2427 5202 2678 5255 regnum
2704 5188 3067 5240 Francorum
3098 5185 3247 5240 inter
3278 5202 3361 5253 se,
3395 5186 3453 5241 in
3482 5185 3616 5241 loco
3644 5186 3751 5258 qui
3772 5188 3861 5243 di-

2201 5274 2350 5329 citur
2380 5277 2553 5330 Vetus
2580 5271 2876 5337 Pictavis;
2910 5273 3173 5345 posthaec
3230 5272 3707 5331 Carolomannus
3764 5292 3859 5333 eo-

2199 5362 2336 5418 dem
2362 5378 2523 5417 anno
2552 5358 2975 5417 Alamanniam
3001 5375 3140 5414 cum
3166 5360 3426 5418 exercitu
3450 5363 3727 5418 vastavit.

2270 5454 2444 5508 Anno
2465 5450 2782 5505 Dominiczr.
2805 5447 3230 5505 incarnationis
3253 5451 3354 5505 743
3376 5451 3852 5510 Carolomannus

2197 5546 2255 5598 et
2282 5542 2564 5617 Pippinus
2585 5544 2792 5595 contra
2823 5536 3157 5607 Odilonem,
3182 5539 3403 5599 ducem
3421 5541 3847 5616 Bajoariorum,

2182 5631 2500 5689 duxerunt
2512 5628 2858 5695 exercitum,
2874 5630 2931 5685 et
2948 5627 3208 5688 inierunt
3221 5647 3517 5708 pugnam,
3530 5637 3587 5690 et
3597 5632 3846 5691 victores
