4076 6212
254 210 257 213 ’
279 178 350 246 45
566 215 570 220 ·
1503 184 1926 246 CHRONICON.

2074 187 2189 243 AN.
2228 189 2484 244 764-767.
3634 195 3704 249 46

280 311 488 368 effecti.
522 309 997 368 Carolomannus
1023 302 1259 385 absque
1286 312 1463 369 fratre
1499 312 1562 371 in
1614 311 1936 369 Saxoniam
1972 312 2019 366 Α
2048 310 2193 366 anni
2247 308 2535 368 circulum
2580 310 2891 383 professus
2940 310 3341 383 stabilitatem,
3373 313 3712 372 conversio-

278 400 553 473 perrexit,
603 404 659 455 et
708 399 862 473 cepit
900 406 1165 458 castrum
1208 401 1377 474 quod
1405 402 1621 458 dicitur
1652 401 1943 456 Hochseo-
2046 414 2189 456 nem
2219 415 2479 470 morum,
2509 405 2568 457 et
2609 400 3017 459 obedientiam
3059 401 3394 460 secundum
3438 403 3709 471 regulam

278 488 470 546 burch
496 503 604 561 per
630 489 919 561 placitum
948 494 1008 545 et
1031 490 1196 562 pacis
1225 490 1652 556 conditionem,
1676 494 1735 545 et
1758 487 1943 544 Theo-
2048 491 2239 546 sancti
2278 490 2594 547 Benedicti.
2635 491 2825 563 Cmpit
2870 495 3071 549 autem
3120 491 3713 565 irreprehensibiliter

279 577 547 634 dericum
579 580 879 635 Saxonem
915 578 1190 635 obsidem
1238 580 1510 653 accepit;
1556 579 1680 652 qui,
1745 592 1941 635 sacra-
2049 579 2200 636 inter
2226 580 2435 638 fratres
2470 580 2837 651 conversari,
2886 580 3171 639 omnibus
3218 581 3534 641 virtutibus
3584 582 3713 655 pol-

280 668 497 724 mentis
524 667 703 738 datis,
726 668 789 723 in
817 668 1075 740 patriam
1103 669 1388 728 dimissus
1431 674 1522 727 est
1566 668 1778 741 redire,
1833 666 1941 723 sed
2047 669 2197 726 lens.
2229 670 2452 728 Accidit
2479 676 2701 739 autem,
2735 675 2822 742 ut,
2861 672 3035 742 juxta
3082 671 3252 743 quod
3296 688 3433 730 mos
3475 676 3585 743 est,
3635 671 3714 728 ad

279 757 628 830 posthabito
659 763 1035 813 sacramento
1061 757 1262 816 fefellit
1286 760 1354 815 “.
1774 764 1779 767 “
2049 758 2324 831 coquinie
2379 758 2644 816 cilicium
2694 759 3213 817 hebdomadarius
3280 760 3709 833 deputaretur;

355 848 533 902 Anno
554 847 874 903 Dominicis
889 847 1315 906 incarnationis
1328 852 1434 909 744
1458 848 1674 906 iterum
1698 842 1940 904 Carolo-
2045 848 2215 921 quod
2244 864 2386 904 cum
2412 847 2664 904 libenter
2688 848 2935 921 quidem
2963 848 3202 917 faceret,
3257 848 3365 905 sed
3409 849 3475 906 in
3516 849 3719 906 multis

283 951 547 992 manuus
560 936 911 1011 etPippinus
927 938 1249 995 Saxoniam
1265 954 1405 995 cum
1419 933 1944 1008 exercituingressi
2048 936 2394 1006 ignoranter
2444 936 2793 1005 offenderet,
2847 954 3030 995 cocus
3082 937 3225 995 vino
3290 942 3634 996 exmstuans
3662 937 3716 995 ei

284 1028 443 1092 sunt,
473 1028 530 1080 et
556 1041 762 1081 rursus
777 1031 989 1098 captus
1006 1031 1099 1083 est
1118 1028 1499 1101 supradictus
1517 1026 1941 1084 Theodericus.
2050 1024 2295 1097 alapam
2348 1025 2514 1082 dedit
2561 1025 2809 1082 dicens:
2848 1031 2931 1084 Ita
2980 1030 3032 1083 te
3077 1026 3361 1085 fratribus
3419 1026 3717 1084 deservire

353 1116 526 1169 Anno
574 1115 896 1170 Dominicis
945 1115 1377 1173 incarnationis
1422 1121 1527 1171 745
1558 1115 1947 1170 Caroloman-
2051 1117 2285 1184 oportet
2305 1115 2335 1169 ?
2365 1114 2469 1171 Cui
2494 1113 2589 1169 ille
2619 1120 2836 1181 motus,
2869 1115 3106 1187 placido
3158 1116 3328 1173 vultu
3361 1114 3714 1189 respondit:

279 1216 397 1258 nus
447 1203 759 1259 confessus
818 1207 908 1259 est
957 1220 1072 1259 suo
1121 1219 1412 1273 germano
1455 1203 1726 1275 Pippino,
1783 1200 1952 1273 quod
2057 1201 2367 1271 lndulgeat
2390 1202 2495 1259 tibi
2518 1203 2824 1271 Dominus,
2856 1204 3052 1271 frater,
3107 1210 3165 1261 et
3212 1205 3714 1263 Carolomannus.

281 1294 484 1347 mente
531 1292 934 1362 dispOsuisset
986 1291 1287 1346 mundum
1334 1291 1689 1363 relinquere,
1736 1294 1794 1345 et
1839 1282 1949 1361 pro
2056 1292 2262 1361 Neque
2286 1291 2448 1347 enim
2471 1292 2757 1365 cuiquam
2784 1309 3010 1350 nomen
3041 1309 3219 1351 suum
3248 1294 3614 1366 prodiderat,
3641 1308 3718 1350 ne

285 1394 498 1434 amore
528 1378 631 1434 Dei
659 1393 915 1447 regnum
946 1382 1246 1434 terrenum
1265 1379 1557 1445 deserere,
1584 1383 1651 1434 ut
1671 1378 1731 1433 in
1752 1378 1951 1433 futura
2056 1393 2130 1433 ex
2157 1379 2459 1435 vocabulo
2487 1385 2932 1450 agnosceretur.
2966 1383 3190 1437 Rursus
3220 1397 3359 1437 cum
3388 1380 3450 1437 in
3498 1381 3722 1452 quibu-

284 1467 409 1522 vita
433 1465 897 1539 centuplicatam
940 1468 1224 1539 reciperet
1251 1468 1714 1540 possessionem.
1771 1470 1837 1523 Et
1885 1467 1947 1521 in
2058 1466 2233 1521 sdam
2266 1467 2504 1523 cibariis
2552 1468 3049 1526 administrandis
3096 1473 3369 1538 errasset,
3425 1469 3642 1525 iterum
3689 1484 3727 1524 a

286 1554 403 1610 hoc
434 1569 596 1610 anno
620 1554 851 1610 nullam
881 1555 1146 1610 fecerunt
1172 1552 1632 1627 expeditionem,
1661 1552 1764 1611 sed
1793 1570 1947 1628 prse-
2054 1571 2202 1610 coco
2228 1571 2549 1628 percussus
2580 1562 2688 1626 est,
2721 1559 2815 1613 cui
2846 1557 3059 1613 eadem
3085 1572 3221 1629 qua:
3272 1573 3459 1629 supra
3503 1557 3727 1629 impre-

282 1642 522 1713 paravit
546 1657 611 1696 se
640 1646 911 1714 uterque,
952 1642 1431 1701 Carolomannus
1489 1644 1568 1701 ad
1622 1644 1731 1700 iter
1781 1643 1950 1716 quod
1985 1661 2027 1715 B
2056 1648 2226 1701 catus
2252 1650 2360 1701 est.
2395 1648 2463 1701 Et
2493 1663 2632 1702 cum
2660 1647 2994 1718 jam‘tertio
3018 1662 3055 1704 a
3085 1662 3229 1704 coco
3258 1646 3574 1705 crudeliter
3611 1662 3727 1705 cae-

280 1731 647 1797 decreverat,
694 1735 750 1787 et
780 1730 1085 1804 Pippinus,
1138 1738 1202 1787 ut
1246 1748 1604 1802 germanum
1643 1748 1821 1789 suum
1870 1734 1951 1788 ad

278 1818 488 1875 locum
513 1820 843 1877 honoriﬁce
884 1836 1025 1877 cum
1064 1822 1416 1879 muneribus
1444 1827 1502 1879 et
1529 1822 1732 1879 debita
1759 1823 1953 1880 muni-

283 1906 525 1964 ﬁcentia
553 1913 1029 1981 prosequeretur.

356 2004 530 2054 Anno
561 1999 879 2055 Dominicis
907 1999 1335 2057 incarnationis
1352 2004 1454 2056 746
1473 2001 1951 2059 Carolomannus

288 2086 546 2143 Romam
577 2087 854 2160 perrexit,
882 2088 1085 2162 ibique
1110 2105 1171 2145 se
1203 2090 1473 2156 totondit,
1503 2080 1580 2162 et,
1611 2091 1671 2146 in
1705 2093 1950 2164 Sarapte

284 2180 490 2233 monte
539 2177 970 2234 monasterium
1021 2178 1339 2236 aediﬁcavit
1385 2180 1447 2235 in
1494 2179 1722 2236 honore
1758 2180 1950 2237 sancti

286 2266 586 2338 Sylvestri,
631 2266 834 2339 ibique
878 2266 1124 2340 aliquod
1170 2272 1409 2340 tempus
1434 2285 1671 2327 moram
1703 2269 1949 2337 faciens,

286 2354 500 2410 exinde
527 2355 606 2411 ad
627 2360 903 2411 sanctum
926 2357 1313 2413 Benedictum
1332 2358 1394 2412 in
1414 2358 1738 2413 Oassinum
1758 2372 1951 2430 usque

288 2443 579 2516 pervenit,
611 2447 669 2499 et
697 2444 781 2501 ibi
809 2446 1148 2501 monachus
1175 2444 1422 2500 effectus
1445 2450 1553 2500 est.
1605 2448 1807 2501 Fertur
1844 2461 1952 2501 au-

288 2534 411 2587 tem
454 2532 531 2587 de
558 2532 676 2587 hoc
722 2537 931 2588 sancto
978 2532 1108 2587 viro
1151 2532 1498 2605 exemplum
1537 2533 1949 2589 memorabile.

289 2623 443 2677 Cum
493 2620 694 2676 adhuc
750 2623 953 2676 Romus
1005 2621 1239 2693 positus
1277 2622 1339 2675 in
1385 2622 1748 2677 monasterio
1789 2622 1951 2694 quod

288 2709 402 2764 sibi
426 2708 845 2773 aedificaverat,
880 2707 957 2766 ab
983 2709 1266 2767 omnibus
1298 2714 1540 2782 propter
1567 2711 1796 2780 regiam
1844 2727 1952 2766 no-

282 2798 691 2869 bilitatem,et,
710 2791 876 2875 quod
907 2788 1104 2871 majus
1134 2805 1241 2871 est,
1272 2805 1517 2873 propter
1539 2806 1951 2874 contemptum

288 2889 457 2960 regni
486 2889 701 2945 terreni
731 2892 789 2944 et
816 2888 1069 2959 gloriam
1100 2889 1410 2961 praesentis
1459 2890 1661 2957 seculi,
1702 2905 1950 2946 venera-

2058 1732 2316 1801 deretur,
2348 1734 2695 1803 indignatus
2728 1735 2823 1791 ille
2856 1751 3059 1791 comes
3088 1734 3435 1792 individuus
3463 1751 3589 1799 suae
3619 1751 3724 1807 pe-

2055 1823 2494 1892 regrinationis,
2527 1824 2697 1897 quod
2719 1828 2923 1882 tantus
2946 1825 3036 1881 vir
3064 1841 3101 1883 a
3149 1829 3271 1882 tam
3316 1824 3414 1881 vili
3468 1840 3727 1897 persona

2057 1916 2181 1968 tam
2214 1914 2645 1972 contumeliose
2686 1913 3040 1981 afﬁceretur,
3088 1915 3218 1985 jam
3274 1914 3423 1972 ferre
3464 1930 3589 1971 non
3619 1931 3724 1971 va-

2056 1999 2208 2069 lens,
2239 2002 2491 2075 arripuit
2516 2002 2727 2075 pilum,
2758 2003 2919 2060 unde
2949 2002 3123 2075 panis
3154 2002 3215 2059 in
3239 2001 3446 2059 holera
3469 2002 3726 2061 fratrum

2056 2091 2382 2148 mittendus
2406 2092 2847 2162 conterebatur,
2879 2097 2937 2151 et
2966 2109 3108 2150 eum
3134 2090 3302 2150 omni
3332 2092 3551 2151 annisu
3595 2107 3727 2164 per-

2056 2179 2258 2247 cussit,
2291 2180 2498 2237 dicens
2531 2198 2543 2236 :
2579 2203 2606 2232 ι(
2642 2185 2758 2238 Nec
2787 2181 2893 2240 tibi
2920 2184 3076 2239 Deus
3123 2185 3352 2254 parcat,
3406 2196 3575 2237 serve
3623 2196 3727 2238 ne-

2057 2283 2263 2339 quam,
2294 2283 2404 2325 nec
2434 2268 2916 2327 Carolomannus
2943 2269 3273 2339 indulgeat.
3304 2292 3330 2318 »
3362 2271 3592 2327 Fratres
3610 2269 3728 2325 hoc

2058 2355 2265 2411 audito
2286 2357 2462 2415 valde
2491 2356 2779 2413 commoti
2804 2361 2963 2425 sunt,
2986 2357 3156 2428 quod
3179 2358 3367 2413 homo
3390 2354 3729 2424 alienigena

2059 2447 2119 2497 et
2146 2457 2259 2514 pro
2289 2442 2698 2499 misericordia
2728 2448 3006 2514 receptus
3037 2442 3177 2500 talia
3204 2442 3397 2502 facere
3438 2458 3729 2515 praesum—

2061 2530 2299 2602 psisset.
2351 2529 2622 2586 Protinus
2670 2530 2871 2602 itaque
2918 2530 3200 2588 custodiae
3229 2530 3627 2604 mancipatur,
3660 2534 3727 2589 ut

2061 2620 2158 2675 die
2189 2619 2458 2691 sequenti
2488 2619 2622 2676 talis
2651 2620 3043 2692 praesumptio
3082 2621 3277 2677 acrius
3308 2620 3724 2678 vindicaretur.

2060 2710 2123 2763 In
2155 2708 2483 2765 crastinum
2512 2708 2845 2781 productus
2877 2709 2953 2765 de
2976 2708 3250 2767 custodia
3274 2710 3337 2766 in
3364 2708 3566 2768 medio
3590 2724 3732 2766 con-

2060 2801 2242 2853 ventu
2270 2797 2525 2865 sistitur;
2560 2800 2984 2870 percunctatus
3013 2814 3121 2854 cur
3156 2814 3380 2855 manus
3412 2797 3728 2855 extendere

2056 2887 2119 2942 in
2167 2886 2413 2943 fratrem
2460 2886 2803 2945 ministrum
2845 2902 3029 2945 ausus
3084 2886 3314 2955 fuisset,
3364 2886 3723 2959 respondit:

289 2982 451 3032 retur
474 2980 530 3032 et
553 2976 836 3068 laudibus
865 2977 1256 3046 extolleretur,
1309 2978 1524 3068 timens
1557 2978 1646 3034 vir
1677 2981 1794 3034 Dec
1824 2974 1951 3068 ple-
1989 3011 2032 3068 Ο
2060 2975 2300 3068 «Quia,
2334 2974 2545 3068 inquit,
2572 2974 2696 3031 vidi
2745 2991 2986 3068 servum
3034 2976 3388 3068 nequiorem
3419 2975 3723 3068 omnibus,

292 3081 409 3121 nus
434 3065 705 3121 favorem
733 3064 931 3121 laudis
957 3065 1260 3127 humanae.
1294 3066 1399 3138 qui
1425 3070 1590 3125 tanta
1627 3082 1738 3140 pro
1787 3067 1951 3122 Chri-

292 3157 385 3209 sto
412 3154 750 3228 reliquerat,
803 3152 1013 3223 fugam
1070 3154 1265 3223 magis
1320 3155 1580 3228 arripere
1635 3156 1949 3229 disposuit,

290 3258 482 3315 quam
511 3258 683 3298 vanae
710 3241 910 3312 gloriae
933 3242 1263 3314 subjacere.
1291 3247 1355 3300 Et
1384 3244 1498 3300 hoc
1525 3249 1954 3301 tantummmo-

291 3332 442 3388 dum
471 3347 593 3388 uno
621 3324 747 3387 ﬁdo
772 3332 934 3388 socio
962 3332 1298 3402 confessus,
1342 3349 1526 3406 quem
1572 3333 1652 3390 ab
1703 3333 1953 3391 infantia

290 3422 355 3477 in
381 3421 665 3477 omnibus
694 3420 933 3477 ﬁdelem
961 3422 1335 3494 probaverat,
1364 3439 1505 3479 cum
1535 3439 1607 3479 eo
1625 3429 1805 3480 noctu
1828 3441 1954 3480 om-

290 3509 474 3565 nibus
505 3509 736 3580 aufugit
764 3510 985 3579 insciis,
1018 3515 1074 3566 et
1107 3511 1182 3571 ad
1214 3508 1497 3567 Casinum
1546 3517 1815 3568 montem
1860 3528 1954 3567 us-

289 3613 410 3671 que
440 3597 727 3670 pervenit,
760 3597 907 3654 nihil
937 3612 1143 3654 secum
1172 3604 1417 3672 portans
1446 3617 1517 3656 ex
1548 3600 1834 3656 omnibus
1849 3600 1955 3657 bc-

287 3686 386 3741 nis
411 3700 548 3758 qum
578 3686 815 3759 corpori
838 3690 1009 3742 erant
1036 3687 1395 3752 necessaria,
1426 3688 1628 3744 nudus
1655 3688 1955 3746 Christum

291 3779 532 3832 secutus
559 3781 669 3832 est.
717 3778 783 3831 Et
825 3776 997 3847 juxta
1045 3792 1277 3833 morem
1319 3782 1561 3849 portam
1608 3777 1957 3834 monasterii

292 3863 564 3937 pulsans,
587 3864 956 3938 colloquium
980 3865 1169 3937 patris
1196 3866 1543 3922 monasterii
1588 3865 1850 3936 expetiit,
1895 3864 1958 3919 in

293 3955 468 4025 cujus
516 3954 896 4027 prmsentiam
949 3968 1090 4010 cum
1140 3954 1419 4021 venisset,
1465 3968 1610 4008 mox
1650 3950 1714 4008 in
1738 3957 1958 4009 terram

292 4042 542 4113 corruit,
570 4058 633 4098 se
660 4043 1029 4100 homicidam
1058 4057 1212 4111 esse,
1244 4058 1308 4097 se
1336 4056 1507 4097 reum
1545 4036 1820 4098 omnium
1842 4041 1956 4097 cri-

292 4131 533 4187 minum
561 4135 921 4205 protestans,
954 4130 1427 4187 misericordiam
1447 4131 1737 4205 exposcit,
1769 4131 1959 4204 poeni-

288 4220 492 4277 tentiae
530 4221 730 4277 locum
760 4220 1034 4295 exquirit.
1062 4223 1232 4277 Pater
1259 4236 1400 4277 cum
1428 4221 1738 4277 hominem
1787 4237 1957 4295 pere-

294 4310 536 4381 grinum
560 4326 697 4367 esse
722 4310 1117 4381 cognovisset,
1154 4310 1484 4381 interrogat
1530 4311 1703 4381 cujus
1750 4310 1958 4382 patriae

292 4402 400 4456 aut
426 4400 618 4470 gentis
648 4403 803 4455 esset
830 4416 844 4467 ;
878 4403 936 4455 at
964 4398 1058 4455 ille
1089 4399 1399 4456 confessus
1442 4401 1531 4454 est
1572 4413 1633 4455 se
1664 4401 1961 4457 Francum

290 4503 446 4559 esse,
478 4492 536 4545 et
560 4505 633 4544 ex
662 4487 913 4544 Francia
940 4504 1051 4561 pro
1078 4487 1179 4544 tali
1210 4488 1431 4544 scelere
1480 4487 1791 4558 migrasse,
1841 4488 1961 4544 exi-

288 4576 443 4635 lium
474 4576 726 4633 libenter
755 4576 906 4633 ferre
946 4580 1253 4650 paratum,
1306 4580 1541 4634 tantum
1598 4580 1662 4632 ut
1700 4575 1961 4649 patriam

290 4665 599 4722 cmlestem
621 4681 745 4722 non
768 4664 1082 4723 amitteret.
1114 4664 1446 4738 Spiritualis
1466 4668 1657 4738 pater,
1681 4665 1813 4736 ejus
1832 4680 1965 4738 pre-

289 4753 467 4810 cibus
494 4768 789 4822 annuens,
816 4754 1102 4827 prascepit
1125 4769 1267 4810 eum
1295 4754 1355 4809 in
1404 4754 1553 4810 cella
1596 4754 1963 4811 novitiorum

287 4843 496 4917 recepi
525 4858 647 4901 una
670 4859 812 4900 cum
831 4859 947 4900 suo
964 4842 1221 4914 collega,
1250 4842 1455 4916 ibique
1484 4843 1732 4916 probari
1752 4858 1963 4899 secun-

292 4934 447 4991 dum
468 4933 638 5007 quod
683 4934 893 5006 regula
924 4934 1116 5006 jubet,
1148 4937 1207 4990 et
1242 4937 1408 4990 tanto
1456 4933 1678 4990 arctius
1731 4938 1963 5007 quanto

293 5023 576 5080 barbaras
604 5029 661 5081 et
686 5024 905 5097 ignotae
936 5025 1126 5095 gentis
1154 5025 1340 5083 homo
1364 5028 1510 5092 erat,
1542 5023 1800 5096 implens
1817 5023 1966 5079 illud

297 5113 697 5186 apostolicum
730 5131 744 5169 ε
779 5136 807 5162 α
840 5113 1089 5171 Probate
1122 5114 1361 5188 spiritus
1392 5114 1441 5169 si
1468 5123 1540 5170 ex
1576 5115 1696 5170 Deo
1741 5117 1897 5171 sunt.
1935 5135 1963 5163 ››

297 5202 504 5275 Itaque
533 5204 826 5279 probatus
872 5204 935 5260 in
972 5204 1138 5262 omni
1192 5204 1498 5277 patientia,
1557 5204 1820 5261 sociatus
1878 5207 1967 5259 est

301 5294 750 5365 congregationi
796 5309 922 5351 una
955 5310 1096 5351 cum
1144 5294 1394 5365 collega,
1456 5299 1597 5367 post
1651 5308 1966 5350 emensum

2061 3065 2257 3120 virum
2307 3063 2618 3121 meliorem
2673 3069 2730 3121 et
2776 3064 3133 3122 nobiliorem
3179 3065 3455 3123 omnium
3484 3082 3640 3137 quos
3662 3066 3726 3122 in

2062 3156 2219 3208 terra
2244 3152 2589 3209 conversari
2622 3152 2765 3222 scio,
2796 3168 2920 3209 non
2968 3152 3166 3212 solum
3214 3153 3412 3210 verbis
3459 3151 3727 3211 dehone-

2059 3241 2223 3309 stari,
2256 3241 2364 3297 sed
2389 3241 2567 3299 etiam
2597 3240 2793 3313 plagis
2816 3240 2995 3299 afﬁci.
3028 3259 3060 3294 ›
3104 3244 3325 3299 Furore
3364 3241 3551 3300 nimio
3583 3257 3726 3299 exa-

2060 3331 2246 3401 gitati,
2273 3331 2443 3404 quod
2468 3347 2631 3398 eum,
2664 3330 2770 3404 qui
2797 3331 3152 3403 peregrinus
3186 3335 3448 3401 venerat,
3500 3329 3728 3389 cezteris

2060 3419 2435 3492 praetulisset,
2461 3419 2833 3488 interrogant
2855 3419 2993 3491 quis
3018 3423 3177 3476 esset
3206 3419 3319 3488 ille,
3340 3419 3448 3494 qui
3465 3419 3730 3477 bonitate

2060 3515 2120 3566 et
2143 3509 2450 3568 nobilitate
2475 3525 2687 3567 omnes
2735 3510 3031 3568 anteiret?
3083 3525 3191 3566 cur
3237 3509 3453 3568 saltem
3496 3513 3731 3583 patrem

2060 3599 2408 3657 monasterii
2436 3614 2561 3657 non
2589 3598 2967 3670 excepisset?
3014 3599 3114 3655 Ille
3157 3598 3507 3655 necessitate
3563 3612 3730 3653 com-

2059 3689 2273 3761 pulsus
2302 3688 2495 3744 celare
2524 3702 2651 3744 non
2676 3686 2907 3753 valens,
2930 3686 3099 3757 quod
3129 3689 3285 3743 Deus
3308 3687 3438 3754 jam
3478 3685 3732 3741 manife-

2064 3777 2203 3833 stari
2233 3775 2493 3838 volebat,
2526 3773 2646 3828 ait:
2681 3793 2709 3819 ‹‹
2742 3777 2854 3828 lste
2881 3777 2971 3828 est
3018 3769 3494 3828 Carolomannus
3537 3786 3736 3843 quon-

2065 3865 2211 3920 dam
2263 3878 2370 3919 rex
2421 3864 2804 3925 Francorum.
2853 3862 2958 3935 qui
3002 3876 3115 3935 pro
3158 3860 3371 3919 Christi
3414 3876 3620 3921 amore
3647 3876 3737 3919 re-

2068 3971 2256 4027 gnum
2284 3957 2344 4012 et
2366 3953 2621 4025 gloriam
2646 3952 2863 4011 mundi
2907 3953 3241 4027 dereliquit,
3293 3952 3400 4027 qui
3451 3953 3526 4013 de
3571 3957 3738 4011 tanta

2064 4043 2413 4104 excellentia
2435 4044 2518 4100 ita
2548 4060 2610 4100 se
2637 4043 2993 4112 humiliavit,
3028 4046 3094 4101 ut
3119 4041 3307 4100 modo
3355 4058 3393 4101 a
3437 4040 3737 4100 vilissimis

2063 4133 2342 4209 personis
2368 4149 2497 4190 non
2527 4131 2727 4190 solum
2757 4132 3135 4192 contumeliis
3176 4129 3491 4201 afﬁciatur,
3523 4145 3738 4191 verum

2067 4225 2247 4280 etiam
2275 4221 2630 4298 verberibus
2658 4220 2977 4292 aﬂligatur.
3012 4240 3042 4276 ›
3082 4223 3213 4287 Quo
3263 4221 3471 4279 audito
3526 4225 3739 4280 treme-

2068 4313 2210 4369 facti
2241 4328 2279 4369 a
2304 4311 2553 4367 sedibus
2578 4316 2852 4382 surgunt,
2889 4310 3146 4385 pedibus
3186 4311 3318 4382 ejus
3366 4327 3431 4367 se
3480 4314 3742 4383 proster-

2068 4406 2243 4473 nunt,
2296 4400 2537 4457 veniam
2585 4400 2897 4474 postulant
2936 4401 3012 4459 de
3051 4404 3422 4472 contemptu,
3451 4399 3738 4470 ignoran-

2072 4493 2218 4549 tiam
2240 4490 2629 4563 proﬁtentur;
2659 4491 2756 4548 ille
2786 4494 2996 4548 contra
3022 4490 3085 4547 in
3112 4493 3331 4546 terram
3359 4488 3736 4561 provolutus,

2071 4598 2209 4638 cum
2241 4579 2569 4652 lachrymis
2600 4595 2821 4651 negare
2849 4577 3048 4651 cmpit,
3074 4577 3203 4634 haec
3228 4591 3353 4633 non
3398 4591 3527 4632 esse
3576 4586 3738 4639 vera,

2070 4686 2195 4727 non
2219 4685 2282 4725 se
2302 4684 2438 4724 esse
2465 4668 2994 4736 Carolomannum,
3027 4664 3133 4723 sed
3163 4663 3473 4722 hominem
3525 4674 3740 4733 pecca-

2072 4762 2262 4814 torem
2292 4760 2349 4812 et
2370 4755 2739 4811 homicidam
2764 4773 2777 4822 ;
2807 4754 3101 4823 collegam
3133 4766 3310 4806 suum
3361 4747 3742 4822 perterritum

2071 4850 2314 4921 propter
2369 4845 2767 4903 commissum
2814 4842 3126 4918 piaculum
3167 4841 3297 4897 haec
3345 4839 3736 4912 excogitasse.

2073 4935 2229 5003 Quid
2258 4934 2480 5010 plura?
2517 4934 2802 5005 Cognitus
2855 4932 2935 4989 ab
2978 4929 3265 4988 omnibus
3321 4946 3461 4987 cum
3517 4940 3744 4999 magna

2069 5025 2405 5084 reverentia
2433 5028 2525 5081 est
2553 5024 2927 5081 observatus.
2974 5018 3111 5075 Haec
3158 5035 3280 5079 non
3326 5019 3491 5093 passi
3530 5031 3746 5076 sumus

2072 5114 2410 5189 praeterire;
2440 5130 2603 5170 nunc
2628 5112 2706 5169 ad
2737 5108 3021 5168 chronica
3045 5112 3439 5168 revertamur.

2144 5208 2316 5264 Anno
2344 5201 2667 5260 Dominicze
2687 5199 3113 5259 incarnationis
3140 5204 3241 5257 747
3265 5200 3484 5272 Gripho
3512 5194 3742 5267 fugitin

2075 5293 2422 5358 Saxoniam,
2452 5294 2511 5347 et
2538 5287 2825 5362 Pippinus
2855 5288 2963 5348 iter
2989 5289 3214 5347 faciens
3242 5304 3351 5362 per
3395 5285 3744 5356 Turingam,

1680 5457 1912 5512 VARIE
1948 5455 2244 5512 LECTION
2250 5455 2353 5510 ES.

376 5600 424 5635 “
453 5598 691 5684 fefellit.
724 5597 827 5684 liis
854 5599 1225 5684 temporibus
1251 5597 1489 5656 fundari
1512 5601 1780 5673 coeptum
1805 5600 1895 5655 est
1923 5595 2213 5654 Fuldense
2243 5592 2590 5654 ccenobium
2614 5610 2657 5653 a
2682 5597 2894 5654 sancto
2934 5592 3238 5652 Bonifacio
3284 5583 3744 5679 archiepiscopo

316 5684 361 5727 n
393 5670 717 5730 solitudine
746 5670 1050 5730 Bochenia
1079 5678 1132 5729 3.
