4076 6212
468 164 534 217 47
1590 152 1966 211 REGINONIS
2005 151 2419 213 PRUMIENSIS
2457 159 2775 217 ABBATIS.
3827 169 3894 223 48

463 285 526 340 in
559 281 879 340 Saxoniam
925 280 1187 337 introivit
1215 296 1404 354 usque
1445 279 1524 336 ad
1553 279 1800 335 ﬂuvium
1829 276 2121 334 Missacha
2145 277 2194 330 A
2232 276 2438 348 fectus,
2463 287 2694 354 martyr
2721 281 2931 338 Christi
2955 284 3254 341 occubuit.
3288 285 3621 343 Walfridus
3656 289 3700 321 ¹⁵
3733 288 3895 347 abba

463 373 524 428 in
554 372 688 428 loco
717 371 823 444 qui
851 369 1066 426 dicitur
1094 369 1473 440 Scahaningi,
1509 375 1565 426 et
1593 369 1833 441 Gripho,
1877 365 2125 422 collecta
2231 366 2294 423 in
2321 368 2485 426 Italia
2516 371 2804 427 clarescit.

461 478 671 529 manu,
702 476 827 516 una
855 476 996 515 cum
1027 459 1362 516 Saxonibus
1391 453 1569 532 super
1595 458 1846 514 ﬂuvium
1891 455 2121 512 Obacro

462 553 614 609 sedit
636 553 698 607 in
723 551 945 619 locum,
974 550 1079 622 qui
1108 549 1322 605 dicitur
1353 551 1698 606 Orhemum.

529 646 700 696 Anno
754 637 1075 694 Dominicae
1131 637 1558 695 incarnationis
1613 641 1714 693 748
1774 636 1993 708 Gripho
2043 635 2118 690 de

459 730 718 788 Saxonia
772 743 1048 798 egressus
1111 733 1239 800 est,
1312 729 1371 784 in
1417 728 1752 798 Bajoariam
1798 725 2116 798 pervenit,

452 816 776 890 ipsumque
843 816 1131 873 ducatum
1204 817 1315 873 sibi
1368 814 1731 887 subjugavit.
1790 814 2116 870 Hiltrudem

452 922 592 962 cum
647 905 994 962 Thassilone
1042 905 1216 978 cepit,
1267 910 1324 962 et
1380 920 1504 959 suae
1559 903 1766 959 ditioni
1839 903 2111 973 subjecit.

454 995 740 1064 Suideger
793 995 955 1050 venit
1004 995 1066 1050 in
1112 995 1388 1051 solatium
1421 992 1744 1065 supradicti
1773 991 2110 1063 Griphonis.

451 1087 588 1141 Haec
619 1085 871 1142 audiens
902 1085 1187 1157 Pippinus
1239 1101 1378 1140 cum
1435 1082 1695 1138 exercitu
1747 1081 1886 1136 illuc
1932 1081 2109 1148 venit,

449 1190 781 1247 omnesque
833 1175 1358 1246 supranominatos
1405 1173 1515 1228 sibi
1561 1169 1928 1242 subjugavit,
1984 1169 2109 1223 Gri;

446 1267 711 1337 phonem
743 1269 798 1318 et
825 1263 1194 1319 Lantfridum
1228 1279 1434 1318 secum
1463 1262 1632 1317 duxit
1660 1261 1721 1315 in
1775 1258 2105 1324 Franciam,

445 1352 856 1408 Thassilonem
884 1351 1103 1406 ducem
1158 1351 1567 1422 Bajoariorum
1611 1347 1932 1405 constituit.
1984 1347 2107 1402 Gri-

442 1439 709 1511 phonem
734 1455 876 1495 vero
907 1438 967 1492 in
998 1437 1268 1510 partibus
1298 1438 1578 1494 Neustriae
1610 1435 1788 1502 misit,
1845 1439 1902 1490 et
1949 1434 2000 1489 ei
2043 1439 2106 1489 l2

443 1527 762 1583 comitatus
791 1526 954 1581 dedit
978 1545 990 1594 ;
1019 1526 1159 1581 inde
1190 1526 1404 1582 iterum
1431 1525 1649 1597 Gripho
1680 1523 1915 1594 fugiens
1962 1521 2106 1577 Wa-

444 1617 713 1672 sconiam
738 1616 922 1688 petiit,
956 1620 1013 1671 et
1037 1616 1115 1671 ad
1143 1615 1550 1688 Waipharium
1596 1614 1814 1670 ducem
1862 1611 2104 1684 Aquita-
2137 1639 2177 1694 Β

441 1721 661 1762 norum
690 1705 978 1779 pervenit.

514 1799 688 1851 Anno
735 1795 1055 1851 Dominicaa
1095 1794 1520 1850 incarnationis
1570 1797 1672 1849 749
1720 1791 2101 1849 Burchardus

440 1884 931 1954 Wirziburgensis
987 1883 1249 1939 ecclesiae
1306 1884 1648 1956 episcopus,
1706 1885 1762 1938 et
1807 1880 2100 1936 Folradus

439 1973 787 2046 capellanus
831 1973 1000 2029 missi
1044 1978 1180 2028 sunt
1238 1976 1438 2028 Romae
1485 1971 1561 2027 ad
1610 1969 1960 2027 Zachariam
1995 1984 2100 2041 pa-

437 2079 604 2136 pam,
633 2067 697 2118 ut
721 2064 1156 2133 interrogarent
1186 2063 1259 2118 de
1289 2062 1531 2132 regibus
1575 2061 1636 2116 in
1686 2059 1954 2126 Francia,
1995 2057 2101 2130 qui

435 2151 548 2208 illis
579 2153 952 2225 temporibus
983 2169 1104 2208 non
1147 2152 1436 2208 habentes
1461 2151 1692 2223 regiam
1722 2152 2096 2223 potestatem,

434 2257 605 2312 reges
635 2247 836 2298 tamen
863 2243 1254 2309 vocabantur,
1286 2242 1334 2298 si
1378 2242 1531 2297 bene
1581 2245 1779 2297 essent
1816 2255 1893 2296 an
1920 2254 2042 2295 non
2071 2238 2098 2293 Τ

434 2334 502 2388 Et
530 2331 813 2404 praefatus
838 2347 1000 2404 papa
1043 2331 1355 2386 mandavit
1403 2331 1674 2404 Pippino,
1729 2329 1941 2386 melius
1986 2325 2098 2382 sibi

431 2420 618 2475 videri
643 2419 812 2475 illum
839 2435 1043 2490 regem
1073 2419 1275 2476 vocari
1305 2419 1410 2492 qui
1441 2422 1802 2490 potestatem
1826 2416 2092 2486 haberet,

432 2525 621 2582 quam
649 2509 816 2564 illum
845 2509 950 2582 qui
977 2510 1104 2565 sine
1132 2509 1318 2579 regali
1340 2512 1633 2581 potestate
1679 2507 1984 2575 manebat,
2039 2507 2096 2560 et

430 2614 505 2654 ne
538 2598 986 2672 perturbaretur
1017 2597 1467 2654 Christianitatis
1515 2596 1684 2663 ordo,
1736 2611 1844 2666 per
1891 2599 2096 2650 aucto-

428 2688 664 2744 ritatem
694 2688 1088 2760 apostolicam
1109 2687 1290 2757 jussit
1313 2685 1630 2758 Pippinum
1659 2699 1864 2753 regem
1881 2683 2088 2748 creari,

428 2782 484 2834 et
514 2782 734 2835 sancta:
767 2776 1061 2832 unctionis
1089 2775 1222 2831 oleo
1247 2774 1479 2843 inungi.

497 2871 670 2923 Anno
704 2865 1026 2921 Dominicaa
1055 2863 1480 2919 incarnationis
1539 2865 1642 2915 750
1685 2858 1970 2931 Pippinus
2001 2873 2089 2913 se-

426 2955 696 3012 cundum
747 2969 980 3009 morem
1014 2955 1374 3008 Francorum
1422 2949 1642 3004 electus
1685 2948 1747 3002 in
1776 2962 2000 3018 regem,
2033 2949 2090 3003 et
2117 2990 2158 3045 Ο

423 3047 640 3099 unctus
669 3058 775 3114 per
804 3058 1058 3098 manum
1088 3045 1306 3096 sanctae
1337 3038 1643 3094 memorias
1675 3035 1956 3093 Bonifacii
1975 3039 2087 3093 Mo-

423 3131 824 3204 gontiacensis
848 3130 1013 3186 urbis
1043 3127 1471 3202 archiepiscopi
1529 3132 1585 3182 et
1623 3126 1888 3183 elevatus
1933 3131 2020 3182 est
2050 3142 2086 3182 a

424 3221 665 3278 Francis
696 3220 758 3276 in
781 3237 967 3291 regno
996 3221 1058 3275 in
1087 3218 1419 3276 Suessionis
1450 3216 1703 3273 civitate.
1754 3215 2084 3272 Hildericus

421 3328 582 3379 vero,
615 3310 720 3384 qui
751 3311 904 3368 falso
934 3326 1036 3366 rex
1066 3308 1416 3377 vocabatur,
1446 3312 1720 3363 attonsus
1775 3310 1864 3363 est
1917 3311 1973 3362 et
2025 3305 2083 3362 in

419 3401 857 3457 monasterium
908 3399 1151 3455 missus.

489 3495 661 3545 Anno
691 3488 1012 3544 Dominicis
1036 3485 1462 3543 incarnationis
1490 3490 1585 3541 751
1650 3484 1934 3557 Pippinus
1979 3499 2083 3539 rex

416 3579 478 3636 in
513 3578 836 3635 Saxoniam
878 3577 986 3634 iter
1029 3576 1181 3642 fecit,
1229 3581 1285 3632 et
1338 3575 1705 3645 Hildegarius
1761 3574 2081 3646 episcopus

417 3669 654 3726 occisus
685 3673 774 3724 est
822 3683 858 3723 a
908 3667 1244 3724 Saxonibus
1284 3666 1345 3722 in
1401 3669 1593 3722 castro
1651 3664 1817 3737 quod
1867 3663 2082 3719 dicitur

416 3759 705 3829 Wigberc,
757 3761 813 3812 et
859 3760 1060 3812 tamen
1112 3755 1396 3827 Pippinus
1444 3769 1545 3810 rex
1574 3753 1758 3810 victor
1787 3751 1989 3819 extitit,
2023 3756 2079 3807 et

414 3846 685 3918 pervenit
706 3860 898 3916 usque
929 3843 1009 3899 ad
1039 3847 1240 3899 tocum
1271 3843 1376 3914 qui
1405 3841 1618 3897 dicitur
1648 3840 1871 3907 Rimiae,
1905 3846 1962 3896 et
1989 3856 2077 3895 re-

418 3949 628 3988 versus
660 3937 748 3988 est
775 3933 837 3988 in
870 3931 1198 4000 Franciam,
1219 3930 1316 3985 ubi
1341 3930 1393 3985 ei
1422 3929 1761 3984 nuntiatum
1791 3932 1883 3983 est
1909 3927 2077 3999 quod

415 4023 656 4095 Gripho,
684 4023 789 4096 qui
818 4022 880 4077 in
909 4021 1264 4077 Vasconiam
1295 4019 1529 4088 fugerat
1584 4032 1907 4087 germanus
1947 4017 2076 4087 ejus

413 4111 646 4167 occisus
700 4116 809 4168 est.
866 4110 1202 4182 Stephanus
1255 4123 1418 4181 papa
1460 4107 1521 4162 in
1555 4105 1862 4162 Franciam
1893 4104 2072 4175 venit,

413 4199 690 4255 solatium
719 4203 776 4255 et
806 4198 1174 4270 adjutorium
1201 4211 1478 4269 quaerens
1518 4211 1627 4267 pro
1648 4193 1889 4264 justitiis
1941 4209 2075 4250 san-

410 4289 487 4344 cti
511 4289 676 4344 Petri.
709 4288 875 4344 Venit
903 4292 1104 4344 autem
1131 4291 1187 4342 et
1207 4285 1702 4346 Carolomannus,
1734 4282 2070 4338 monachus

409 4382 466 4433 et
495 4393 820 4448 germanus
846 4375 1172 4449 supradicti
1200 4373 1376 4443 regis,
1400 4389 1506 4445 per
1523 4371 1856 4443 jussionem
1886 4369 2070 4426 abba-

407 4466 481 4523 tis
513 4467 607 4522 sui
637 4467 697 4522 in
729 4465 1058 4533 Franciam,
1085 4464 1260 4537 quasi
1297 4462 1374 4519 ad
1420 4459 1902 4517 conturbandam
1930 4460 2072 4533 peti-

407 4557 631 4612 tionem
658 4555 1070 4628 apostolicam.
1125 4557 1243 4608 Hoc
1292 4567 1452 4607 anno
1501 4549 1697 4606 natale
1748 4549 1982 4606 Domini
2007 4549 2068 4606 in

407 4647 749 4702 Theodonis
777 4645 936 4714 villa,
966 4644 1193 4717 pascha
1214 4643 1274 4698 in
1302 4640 1618 4699 Carasiaco
1665 4640 1928 4696 domnus
1964 4655 2067 4694 rex

405 4735 746 4792 celebravit.

475 4831 645 4880 Anno
694 4824 1013 4880 Dominicae
1057 4821 1482 4879 incarnationis
1539 4826 1642 4876 752
1681 4819 2062 4892 supradictus

406 4915 741 4987 Stephanus
773 4932 935 4988 papa
966 4912 1344 4969 conﬁrmavit
1376 4911 1689 4984 Pippinum
1721 4915 1925 4966 sancta
1953 4926 2061 4964 un-

399 5004 591 5060 ctione
622 5004 680 5058 in
703 5019 924 5072 regem,
959 5007 1013 5058 et
1041 5019 1181 5058 cum
1211 5017 1280 5056 eo
1311 4999 1544 5055 inunxit
1567 4999 1721 5054 duos
1750 4998 1902 5054 ﬁlios
1929 4999 2058 5069 ejus

400 5093 672 5149 Carolum
705 5098 761 5149 et
782 5091 1288 5148 Carolomannum
1322 5089 1399 5146 ad
1428 5087 1655 5158 regiam
1687 5087 2054 5155 dignitatem.

398 5181 619 5236 Eodem
672 5197 831 5236 anno
887 5185 1128 5235 sanctus
1186 5177 1523 5234 Bonifacius
1575 5175 2058 5246 archiepiscopus

395 5271 762 5326 annuntians
794 5271 888 5325 Dei
925 5269 1268 5336 verbum,in
1305 5267 1500 5322 Fresia
1527 5281 1562 5320 a
1593 5263 1844 5335 paganis
1879 5264 2055 5320 inter-

2304 459 2476 514 Anno
2530 461 2852 516 Dominicaa
2899 460 3323 518 incarnationis
3369 465 3472 518 753
3521 465 3566 498 ¹⁶
3606 464 3890 538 Pippinus

2227 561 2331 600 rex
2360 563 2467 619 per
2493 548 2886 620 apostolicam
2903 549 3312 606 invitationem
3336 551 3564 608 Italiam
3585 553 3888 623 ingressus

2228 638 2334 705 est,
2379 637 2670 707 justitiam
2716 639 2867 694 Petri
2913 640 3172 712 apostoli
3221 657 3516 713 quaerens.
3564 643 3886 700 Haistulfus

2224 739 2329 780 rex
2352 727 2885 797 Langobardorum
2903 729 3309 801 supradictam
3335 730 3628 801 justitiam
3658 738 3887 790 contra-

2225 813 2502 884 dicendo,
2531 817 2986 890 Thermopylas,
3008 818 3069 873 id
3100 824 3189 874 est
3212 819 3426 888 clusas,
3457 822 3882 892 Langobardo-

2223 918 2358 958 rum
2391 905 2574 977 petiit,
2598 911 2656 962 et
2681 907 2925 964 obviam
2950 907 3198 980 Pippino
3216 908 3341 978 regi
3357 913 3413 965 et
3437 911 3676 966 Francis
3699 913 3880 982 venit,

2222 996 2278 1046 et
2334 997 2661 1051 commisso
2711 996 2940 1068 praelio,
2970 997 3222 1054 Domino
3253 997 3576 1054 auxiliante
3604 1005 3661 1057 et
3706 1001 3881 1058 beato

2219 1082 2387 1135 Petro
2438 1082 2855 1152 intercedente,
2912 1084 3194 1158 Pippinus
3247 1101 3386 1140 cum
3435 1087 3670 1143 Francis
3697 1089 3880 1145 victor

2219 1168 2421 1224 extitit.
2450 1170 2674 1225 Eodem
2703 1187 2865 1227 anno
2899 1173 3234 1246 Stephanus
3266 1189 3427 1247 papa
3461 1176 3740 1232 reductus
3789 1182 3878 1233 est

2217 1256 2295 1312 ad
2317 1273 2491 1313 suam
2519 1259 2726 1315 sedem
2757 1276 2864 1332 per
2895 1261 3110 1316 missos
3160 1263 3316 1332 regis
3367 1263 3619 1336 Pippini,
3681 1265 3874 1322 Folra-

2216 1344 2363 1400 dum
2415 1351 2473 1402 et
2523 1347 2652 1403 aliis
2703 1348 3014 1420 plurimis;
3074 1351 3303 1406 incluso
3352 1367 3489 1408 vero
3528 1353 3874 1426 Haistulpho

2213 1449 2352 1503 rege
2381 1434 2441 1489 in
2473 1437 2653 1508 Papia
2685 1437 2939 1505 civitate,
2965 1439 3314 1495 necessitate
3343 1440 3560 1496 ductus
3585 1442 3875 1512 justitiam

2215 1524 2403 1580 sancti
2433 1527 2582 1580 Petri
2607 1525 2903 1598 pollicitus
2929 1531 3017 1582 est
3043 1528 3404 1585 faciendam.
3455 1533 3534 1585 Ex
3571 1531 3686 1586 hac
3734 1547 3871 1604 pro-

2213 1611 2498 1668 missione
2523 1630 2628 1670 rex
2666 1615 2954 1687 Pippinus
2984 1615 3228 1672 obsides
3255 1620 3325 1673 40
3349 1619 3588 1690 recepit,
3638 1626 3695 1676 et
3733 1636 3871 1675 cum

2215 1708 2591 1759 sacramenta
2611 1703 2850 1760 ﬁrmata
2869 1721 3143 1760 reversus
3174 1710 3261 1762 est
3287 1706 3348 1761 in
3377 1707 3705 1764 Franciam.
3755 1712 3870 1764 Nec

2211 1791 2586 1862 superﬂuum
2632 1793 3059 1864 judicavimus,
3114 1795 3162 1850 si
3215 1795 3529 1867 epistolam
3596 1797 3866 1868 ejusdem

2206 1895 2382 1952 papae
2415 1881 2699 1954 Stephani
2729 1882 2841 1938 hac
2872 1882 2947 1938 de
2973 1899 3161 1940 causa
3191 1884 3473 1958 scriptam
3523 1885 3665 1942 huic
3704 1888 3866 1960 operi

2205 1969 2541 2027 inseramus
2575 1991 2586 2026 :
2633 1972 2892 2028 continet
2943 1973 3104 2029 enim
3154 1974 3314 2030 hunc
3368 1976 3660 2031 modum:
3692 1999 3719 2025 «
3757 1978 3868 2032 Ste-

2204 2057 2444 2131 phanus
2474 2059 2813 2132 episcopus,
2847 2077 3053 2117 servus
3079 2078 3389 2118 servorum
3430 2064 3550 2119 Dei.
3587 2065 3747 2120 Sicut
3769 2080 3867 2120 ne—

2203 2163 2306 2204 mo
2335 2165 2396 2203 se
2425 2148 2606 2204 debet
2627 2151 2852 2220 jactare
2882 2151 2957 2206 de
2984 2151 3106 2206 suis
3135 2152 3377 2220 meritis,
3399 2153 3482 2208 sic
3503 2169 3625 2210 non
3645 2153 3864 2210 debent

2202 2253 2388 2310 opera
2420 2239 2540 2308 Dei,
2571 2256 2706 2312 qua:
2738 2241 2799 2296 in
2829 2241 2928 2297 illo
2965 2258 3073 2314 per
3100 2259 3244 2298 suos
3269 2247 3507 2299 sanctos
3536 2243 3689 2300 ﬁunt
3737 2244 3862 2299 sine

2203 2327 2326 2382 suis
2351 2327 2596 2396 meritis,
2621 2328 2792 2385 silere
2823 2329 2927 2385 sed
2957 2331 3301 2402 praedicare,
3316 2331 3466 2387 sicut
3489 2332 3739 2402 angelus
3761 2331 3864 2387 ad-

2200 2421 2407 2472 monet
2430 2417 2720 2474 Thobiam
2755 2435 2768 2473 :
2802 2418 2962 2475 unde
2991 2435 3105 2490 ego
3131 2436 3240 2493 pro
3291 2419 3677 2493 oppressione
3718 2437 3860 2476 san-

2200 2509 2308 2562 ctae
2340 2508 2610 2563 Ecclesiae
2639 2525 2676 2564 a
2707 2525 2843 2580 rege
2885 2510 3257 2567 atrocissimo
3306 2515 3362 2566 et
3410 2509 3771 2582 blasphemo
3803 2517 3860 2567 et

2198 2611 2308 2651 nec
2337 2597 2593 2652 dicendo
2627 2598 2936 2666 Haistulfo,
2966 2600 3043 2654 ad
3075 2600 3371 2671 optimum
3407 2603 3463 2656 et
3492 2600 3681 2656 sancti
3710 2600 3856 2655 Petri

2197 2682 2436 2738 ﬁdelem
2464 2684 2758 2740 domnum
2793 2686 3108 2758 Pippinum
3154 2688 3721 2745 Christianissimum
3770 2705 3856 2744 re-

2197 2783 2335 2838 gem
2360 2771 2421 2824 in
2443 2773 2753 2827 Franciam
2785 2774 2945 2838 veni,
2974 2774 3075 2828 ubi
3103 2777 3367 2844 egrotavi
3394 2794 3586 2851 usque
3606 2779 3685 2835 ad
3704 2795 3858 2834 mor-

2195 2859 2337 2928 tem,
2365 2862 2421 2912 et
2441 2859 2637 2914 mansi
2667 2859 2908 2932 aliquod
2940 2865 3178 2932 tempus
3223 2864 3387 2934 apud
3431 2880 3661 2936 pagum
3706 2867 3857 2922 Pari-

2196 2945 2426 3002 siacum
2455 2946 2514 3002 in
2557 2947 2883 3004 venerabili
2925 2950 3288 3005 monasterio
3337 2954 3526 3008 sancti
3573 2956 3855 3027 martyris

2195 3035 2500 3106 Dionysii;
2533 3053 2716 3109 quem
2747 3053 2885 3093 cum
2907 3038 3035 3108 jam
3061 3039 3278 3095 medici
3319 3040 3724 3114 desperarent,
3771 3045 3856 3100 fui

2195 3124 2345 3182 sicut
2368 3125 2430 3181 in
2456 3126 2722 3182 oratione
2753 3127 2815 3183 in
2840 3127 3090 3186 ecclesia
3117 3129 3388 3201 ejusdem
3418 3130 3578 3187 beati
3622 3137 3852 3204 marty-

2189 3215 2271 3271 ris
2296 3216 2508 3273 subtus
2535 3219 2870 3293 campanis,
2901 3224 2959 3276 et
2988 3220 3110 3275 vidi
3135 3224 3271 3277 ante
3301 3221 3486 3278 altare
3531 3222 3850 3280 dominum

2191 3307 2448 3379 Petrum,
2481 3313 2538 3364 et
2561 3309 2916 3380 magistrum
2945 3309 3214 3381 gentium
3235 3310 3551 3366 dominum
3575 3313 3845 3381 Paulum,

2190 3399 2248 3452 et
2277 3400 2399 3452 tota
2427 3403 2624 3454 mente
2653 3397 2782 3454 illos
2809 3399 3126 3467 recognovi
3173 3398 3249 3454 de
3274 3399 3513 3456 illorum
3548 3403 3843 3470 surcariis,

2190 3489 2246 3540 et
2270 3489 2411 3541 tunc
2440 3486 2687 3542 beatum
2731 3487 3048 3543 dominum
3081 3488 3436 3560 Dionysium
3466 3490 3542 3545 ad
3573 3490 3846 3547 dextram

2188 3573 2417 3629 domini
2444 3575 2593 3630 Petri
2610 3575 2886 3632 subtilem
2911 3580 2967 3632 et
2984 3576 3318 3646 longiorem
3334 3596 3346 3645 ;
3361 3577 3628 3651 dixitque
3648 3580 3845 3648 bonus

2186 3667 2391 3733 pastor
2415 3663 2698 3719 dominus
2725 3667 2926 3721 Petrus
2956 3683 2967 3720 :
2999 3665 3098 3721 Hic
3137 3667 3317 3723 frater
3340 3671 3543 3724 noster
3583 3669 3846 3741 postulat

2189 3751 2521 3809 sanitatem.
2578 3757 2643 3809 Et
2679 3754 2827 3810 dixit
2855 3754 3066 3812 beatus
3110 3756 3327 3812 Paulus
3359 3775 3372 3812 :
3403 3757 3575 3813 Modo
3605 3759 3843 3816 sanabi-

2187 3843 2298 3895 tur.
2347 3844 2412 3896 Et
2457 3842 2976 3915 appropinquans,
3035 3842 3195 3899 misit
3250 3861 3500 3900 manum
3549 3861 3724 3902 suam
3763 3848 3839 3903 ad

2185 3932 2392 3999 pectus
2412 3929 2641 3985 domini
2669 3930 2930 4003 Dionysii
2955 3931 3746 4007 amicabiliter,respexitque
3763 3936 3844 3992 ad

2184 4015 2499 4072 dominum
2531 4021 2786 4085 Petrum,
2811 4023 2867 4074 et
2895 4019 3041 4076 dixit
3079 4020 3362 4076 dominus
3387 4025 3590 4077 Petrus
3632 4023 3709 4078 ad
3740 4024 3844 4080 do-

2183 4103 2414 4160 minum
2438 4105 2789 4177 Dionysium
2817 4107 3114 4163 hilariter:
3141 4108 3270 4164 Tua
3293 4109 3482 4179 gratia
3500 4114 3589 4165 est
3616 4113 3842 4169 sanitas

2181 4192 2330 4262 ejus.
2349 4197 2412 4249 Et
2441 4195 2640 4250 statim
2665 4195 2851 4250 beatis
2884 4196 3202 4268 Dionysius
3226 4198 3591 4254 thuribulum
3613 4200 3841 4258 incensi

2183 4286 2240 4338 et
2262 4283 2530 4354 palmam
2547 4283 2606 4339 in
2628 4299 2816 4340 manu
2831 4289 3040 4342 tenens
3053 4303 3192 4341 cum
3209 4287 3559 4360 presbytero
3570 4295 3627 4344 et
3641 4290 3842 4348 diaco-

2108 4341 2152 4394 D
2182 4341 2283 4440 no:
2297 4372 2400 4444 qui
2422 4372 2480 4427 in
2497 4377 2666 4445 parte
2682 4373 3108 4444 stabant,venit
3130 4341 3325 4432 ad‘me
3584 4341 3834 4436 ᾦξε

2179 4462 2296 4516 Pax
2323 4463 2752 4533 tecum,frater,
2768 4463 2891 4518 noli
2915 4463 3142 4533 timere,
3171 4480 3294 4520 non
3320 4466 3611 4536 morieris,
3643 4468 3836 4526 donec

2177 4549 2257 4606 ad
2278 4551 2482 4607 sedem
2509 4557 2672 4608 tuam
2699 4567 2982 4625 prospere
3004 4553 3348 4621 revertaris;
3373 4571 3548 4626 surge
3568 4563 3838 4628 sanus,et

2174 4640 2290 4696 hoc
2305 4639 2490 4696 altare
2507 4641 2566 4696 in
2583 4641 2808 4697 honore
2827 4641 2928 4697 Dei
2947 4647 3004 4698 et
3019 4643 3428 4715 apostolorum
3446 4645 3599 4701 Petri
3618 4651 3675 4702 et
3688 4649 3836 4703 Pau-

2173 4729 2232 4797 li,
2248 4745 2401 4802 quos
2417 4730 2850 4800 vides,dedica,
2866 4731 3081 4787 missas
3103 4733 3431 4801 gratiarum
3457 4749 3665 4803 agens.
3681 4739 3836 4792 Mox-

2173 4836 2289 4892 que
2317 4836 2499 4876 sanus
2539 4819 2728 4876 factus
2777 4837 2932 4890 sum,
2966 4827 3022 4877 et
3050 4821 3329 4879 volebam
3376 4824 3625 4896 implere
3663 4827 3831 4899 quod

2172 4909 2316 4964 mihi
2344 4912 2708 4980 praeceptum
2735 4914 2879 4975 erat,
2913 4914 2969 4966 et
2995 4909 3278 4967 dicebant
3301 4912 3404 4984 qui
3434 4912 3516 4968 ibi
3557 4913 3828 4983 aderant,

2171 4997 2336 5069 quod
2363 4997 2808 5052 dementabam.
2847 5001 3222 5072 QuaprOpter
3251 5001 3420 5056 retuli
3449 5001 3560 5055 illis
3609 5009 3665 5058 et
3705 5005 3831 5075 regi

2171 5084 2417 5156 suisque
2444 5085 2727 5140 omnibus
2758 5101 2831 5140 ex
2850 5085 3057 5142 ordine
3082 5103 3218 5159 quas.
3240 5088 3528 5152 videram,
3585 5094 3641 5142 et
3677 5107 3830 5162 quo-

2168 5174 2352 5231 modo
2370 5180 2615 5230 sanatus
2642 5175 2874 5242 fuerim,
2889 5180 2947 5232 et
2965 5176 3200 5249 implevi
3223 5193 3358 5249 quae
3373 5178 3546 5247 jussa
3567 5183 3829 5238 suntmi-

2166 5264 2224 5319 hi
2257 5263 2668 5320 omnia.Gesta
2684 5269 2823 5320 sunt
2851 5270 3052 5321 autem
3078 5267 3205 5322 haec
3235 5282 3397 5322 anno
3423 5265 3501 5322 ab
3528 5266 3819 5328 incarnat.

1769 5426 1996 5482 νΑΗΙιΕ
2037 5424 2446 5483 LECTIONES.

464 5577 506 5609 ίέ
540 5572 870 5630 waltfridus
899 5580 948 5627 7.

390 5647 647 5702 videtur.
753 5646 796 5678 ¹⁶
822 5649 884 5699 Α.
919 5643 980 5699 d.
1013 5641 1052 5696 i.
1087 5647 1190 5699 752
1220 5641 1504 5716 pippinus
1534 5658 1636 5698 rex
1666 5647 1717 5699 '2.

992 5570 1315 5627 walt‘redus
1347 5575 1403 5626 et
1431 5567 1774 5627 walifredus
1804 5571 1947 5626 8-12.
2002 5568 2306 5628 wolfridus
2461 5568 2721 5625 Paulum
2775 5571 2941 5626 Diae.
2995 5577 3102 5626 aut
3153 5570 3503 5631 Strabonem
3562 5573 3815 5630 innuere
