4076 6212
277 284 349 338 49
1493 260 1923 335 CHRONICON.

2072 267 2188 324 AN.
2229 273 2490 329 755-765.
3626 277 3693 330 50

277 406 448 460 Dom.
482 408 606 460 753.
640 408 671 459 5
689 401 827 460 Idus
851 407 1002 474 Aug.
1039 426 1067 453 »
1095 405 1224 470 Quo
1241 403 1451 461 Christi
1468 402 1786 458 roboratus
1805 396 1927 452 vir-
1967 394 2014 448 A
2039 391 2279 449 functus
2309 399 2412 451 est.
2439 395 2662 452 Eodem
2690 412 2851 453 anno
2906 395 3225 454 celebravit
3265 395 3528 453 natalem
3584 397 3695 455 Do—

275 494 419 559 tute,
475 491 626 547 inter
677 491 1139 548 celebrationem
1187 490 1650 548 consecrationis
1703 483 1934 561 praefati

276 582 481 638 altaris
513 585 569 638 et
593 581 960 639 oblationem
991 582 1285 652 sacriﬁcii,
1335 582 1505 638 unxit
1553 582 1615 637 in
1661 592 1831 647 reges
1887 575 1931 608 ¹⁷

162 718 177 728 .
275 672 645 728 Francorum
670 687 875 741 regem
905 672 1223 745 Pippinum
1280 677 1338 728 et
1391 672 1546 728 duos
1604 669 1756 725 ﬁlios
1800 665 1932 736 ejus

276 760 558 816 Carolum
586 764 643 816 et
667 761 1197 818 Carolomannum.
1225 761 1339 818 Sed
1355 766 1411 818 et
1426 760 1771 817 Bertradam
1789 770 1932 812 con-

269 848 482 919 jugem
507 848 700 922 ipsius
728 849 903 920 regis,
931 850 1203 906 indutam
1235 850 1583 922 cycladibus
1599 847 1775 918 regiis
1796 861 1931 916 gra-

275 937 356 994 tia
383 937 635 1011 Spiritus
667 939 855 994 sancti
881 939 1242 1012 septiformis
1286 939 1662 1010 consignavit
1715 937 1777 992 in
1835 934 1933 990 Dei

274 1028 540 1096 nomine,
574 1033 751 1102 atque
778 1033 1140 1086 ﬁancorum
1169 1047 1446 1103 proceres
1466 1028 1800 1104 apostolica
1827 1026 1933 1080 be-

272 1115 609 1173 nedictione
635 1119 1039 1186 sanctiﬁcans,
1070 1121 1421 1176 auctoritate
1443 1119 1633 1174 sancti
1652 1115 1800 1172 Petri
1821 1113 1935 1168 sibi

272 1219 311 1260 a
339 1205 572 1263 Christo
602 1209 821 1265 tradita
845 1208 1156 1279 obligavit,
1214 1213 1272 1265 et
1322 1209 1652 1264 obtestatus
1707 1209 1818 1273 est,
1873 1204 1939 1256 ut

271 1307 593 1365 nunquam
616 1296 692 1350 de
723 1296 908 1352 altera
937 1296 1118 1367 stirpe
1148 1311 1256 1367 per
1295 1293 1741 1350 succedentium
1793 1296 1940 1346 tem-

275 1395 499 1450 porum
528 1383 846 1451 curricula,
873 1384 986 1457 ipsi
1015 1384 1111 1440 vel
1141 1384 1367 1457 quique
1397 1400 1469 1439 ex
1487 1398 1692 1439 eorum
1718 1395 1934 1454 proge-

279 1468 376 1523 nie
407 1469 542 1540 orti,
571 1486 774 1541 regem
802 1488 983 1545 super
1013 1490 1077 1529 se
1104 1477 1472 1546 praesumant
1499 1472 1700 1544 aliquo
1748 1469 1934 1525 modo

279 1558 655 1630 constituere,
684 1561 796 1615 nisi
822 1561 897 1616 de
928 1577 1135 1617 eorum
1147 1561 1452 1634 progenie,
1480 1577 1634 1634 quos
1655 1563 1711 1615 et
1724 1558 1932 1614 divina

275 1646 650 1716 providentia
679 1649 757 1704 ad
787 1650 990 1705 sedem
1021 1651 1418 1724 apostolicam
1449 1650 1734 1708 tuendam
1757 1648 1932 1718 elige-

2039 481 2187 537 mini
2206 482 2269 538 in
2300 486 2644 556 Longolare,
2678 491 2734 542 et
2762 487 2992 559 pascha
3014 486 3075 542 in
3107 486 3308 560 Iopila.

2109 576 2282 628 Anno
2308 575 2627 632 Dominicaa
2657 577 3089 633 incarnationis
3118 579 3221 634 760
3250 576 3533 650 Pippinus
3587 591 3690 631 rex

2039 675 2288 717 cernens
2315 664 2678 731 Waifarium,
2703 665 2922 721 ducem
2951 665 3387 738 Aquitanorum
3442 663 3690 720 minime

2038 751 2394 820 consentire,
2427 758 2492 808 ut
2511 754 2770 824 justitias
2801 754 3020 810 faceret
3045 753 3308 809 ecclesiis
3337 770 3471 826 quae
3523 757 3692 809 erant

2037 837 2096 893 in
2123 839 2374 896 Francia
2403 840 2477 896 de
2509 843 2688 898 rebus
2714 847 2769 899 et
2791 841 3276 916 possessionibus
3296 841 3533 897 illarum
3553 857 3691 912 quae

2036 927 2096 984 in
2125 945 2237 985 suo
2266 930 2491 987 ducatu
2516 937 2704 1000 erant,
2727 932 2854 989 iniit
2874 932 3189 988 consilium
3238 948 3377 986 cum
3434 929 3690 998 Francis,

2037 1022 2101 1072 ut
2129 1018 2237 1074 iter
2259 1025 2531 1092 pergeret
2559 1021 2621 1076 in
2651 1023 3050 1094 Aquitaniam,
3087 1027 3144 1078 et
3171 1020 3545 1094 supradictas
3565 1020 3695 1090 jus-

2038 1107 2192 1162 titias
2221 1115 2530 1181 quaereret,
2565 1117 2620 1167 et
2649 1112 2914 1183 pervenit
2935 1128 3125 1184 usque
3151 1112 3213 1166 in
3240 1111 3442 1166 locum
3470 1108 3577 1182 qui
3603 1107 3690 1162 di-

2042 1194 2191 1249 citur
2208 1198 2508 1254 Thedoad.
2541 1201 2711 1264 Quod
2741 1217 2879 1257 cum
2932 1201 3310 1271 cognovisset
3356 1197 3689 1265 Waifarius,

2041 1280 2251 1338 timore
2283 1286 2620 1355 perterritus
2648 1289 2823 1344 mittit
2841 1290 3090 1358 legatos,
3123 1287 3429 1343 Otbertum
3466 1289 3523 1341 et
3577 1287 3690 1340 Da-

2041 1371 2290 1440 Winum,
2324 1377 2380 1429 et
2403 1375 2566 1431 dedit
2596 1377 2869 1433 obsidem
2901 1377 3291 1445 Adalgarium
3331 1391 3507 1430 suum
3557 1389 3693 1446 pro-

2037 1459 2357 1532 pinquum,
2387 1467 2442 1518 et
2473 1465 2787 1522 mandavit
2815 1465 3064 1538 Pippino
3087 1480 3148 1520 se
3179 1463 3385 1518 omnia
3435 1463 3696 1518 redditu-

2036 1562 2194 1615 rum,
2226 1549 2522 1622 quidquid
2554 1553 2936 1623 supradictus
2964 1569 3068 1608 rex
3096 1550 3410 1624 quaerebat
3438 1551 3499 1605 in
3558 1566 3694 1605 cau-

2038 1634 2118 1689 sis
2149 1635 2584 1708 ecclesiasticis,
2612 1643 2668 1694 et
2695 1639 3009 1696 celebravit
3036 1638 3300 1695 natalem
3353 1638 3588 1694 Domini
3632 1638 3696 1693 in

272 1748 354 1800 re,
387 1738 444 1789 et
471 1750 579 1806 per
608 1751 767 1806 eum,
800 1737 1072 1794 videlicet
1101 1739 1292 1795 sancti
1321 1740 1471 1796 Petri
1492 1738 1798 1805 vicarium,
1824 1736 1927 1792 im-

2043 1725 2352 1795 Carisiaco,
2387 1731 2442 1782 et
2465 1729 2694 1800 pascha
2719 1729 3002 1785 similiter.

269 1835 374 1876 mo
406 1823 641 1878 Domini
665 1827 802 1880 Jesu
825 1826 1057 1894 Christi,
1085 1827 1147 1882 in
1169 1832 1522 1900 potestatem
1552 1826 1780 1897 regiam
1837 1825 1928 1880 di-

272 1913 458 1977 gnata
477 1915 565 1966 est
599 1912 923 1971 sublimare
955 1919 1013 1971 et
1037 1916 1319 1972 unctione
1350 1915 1754 1973 sacratissima
1784 1929 1926 1970 con-

273 2013 524 2055 secrare.
555 2001 655 2056 His
679 2002 1060 2076 interpositis,
1093 2005 1167 2060 a'l
1201 2005 1545 2061 chronicam
1583 2004 1924 2060 redeamus.

271 2089 421 2143 Cum
444 2088 733 2162 Pippinus
762 2108 886 2162 rex,
920 2097 986 2149 ut
1013 2110 1198 2167 supra
1239 2111 1588 2168 expressum
1645 2098 1751 2165 est,
1813 2098 1925 2149 Ita-

269 2175 412 2231 liam
470 2177 778 2249 ingressus
828 2187 1004 2250 esset,
1070 2183 1544 2240 Carolomannus
1587 2183 1926 2239 monachus

271 2264 495 2321 Vienna
524 2267 756 2324 civitate
786 2271 1074 2327 remansit
1094 2287 1217 2328 una
1236 2289 1376 2328 cum
1399 2272 1677 2329 Bertrada
1697 2272 1924 2341 regina,

271 2352 374 2409 ubi
401 2354 690 2425 languore
721 2365 1028 2432 correptus
1052 2361 1214 2417 diem
1245 2362 1455 2418 clausit
1497 2367 1850 2418 extremum.

343 2448 514 2500 Anno
544 2447 867 2503 Dominicae
894 2449 1321 2505 incarnationis
1341 2455 1444 2504 755
1476 2465 1615 2504 cum
1667 2450 1932 2505 audisset

273 2532 561 2604 Pippinus
581 2551 686 2590 rex
709 2552 781 2592 ea
804 2553 929 2593 non
984 2553 1113 2592 esse
1160 2554 1304 2594 vera
1359 2554 1496 2610 quae
1544 2537 1932 2608 Haistulphus

267 2636 383 2691 pro
396 2622 641 2679 miserat
653 2623 728 2679 de
734 2625 975 2695 justitiis
995 2626 1205 2697 sancti,
1221 2626 1368 2682 Petri
1379 2627 1592 2682 iterum
1604 2625 1831 2682 Italiam
1847 2625 1932 2680 in-

269 2723 532 2778 gressus,
561 2712 804 2784 Papiam
835 2714 1087 2781 obsedit,
1142 2714 1561 2788 Haistulphum
1619 2714 1931 2770 obsidione

271 2797 470 2869 cinxit,
498 2803 555 2854 et
574 2815 813 2856 rursum
844 2801 918 2856 de
943 2802 1186 2873 justitiis
1220 2803 1411 2859 sancti
1465 2803 1617 2859 Petri
1677 2802 1928 2859 ﬁrmita-

268 2887 388 2939 tem
419 2884 603 2955 dedit,
661 2892 723 2944 ut
775 2889 1016 2946 stabiles
1069 2896 1510 2963 permanerent,
1570 2895 1626 2947 et
1679 2891 1930 2963 insuper

269 2975 617 3032 Ravennam
639 2993 777 3032 cum
835 2980 1136 3053 Pentapoli
1185 2985 1244 3036 et
1276 2981 1441 3036 omni
1472 2983 1758 3038 Exarcato
1789 2996 1927 3037 con-

268 3064 505 3135 quisivit
525 3070 580 3121 et
605 3072 816 3124 sancto
845 3071 1014 3124 Petro
1063 3070 1325 3126 tradidit.
1381 3074 1530 3128 Cum
1582 3076 1783 3126 autem
1840 3086 1927 3126 re-
1963 3094 2004 3150 ρ

267 3167 476 3208 versus
501 3159 655 3210 esset
682 3156 973 3230 Pippinus
997 3174 1102 3214 rex
1123 3159 1185 3214 in
1217 3159 1547 3226 Franciam,
1597 3159 1928 3216 meditaba-

269 3246 361 3296 tur
389 3243 772 3315 supradictus
799 3247 1188 3320 Haistulphus
1218 3264 1290 3304 ea
1319 3249 1521 3304 fallere
1549 3266 1686 3322 quae
1706 3250 1928 3322 promi-

268 3336 442 3387 serat.
477 3333 753 3395 Quadam
779 3351 920 3392 vero
939 3337 1035 3393 die
1083 3353 1222 3392 cum
1272 3338 1692 3394 venationibus
1736 3339 1925 3394 inser-

269 3419 434 3492 viret,
467 3437 788 3493 percussus
844 3430 932 3481 est
984 3425 1086 3482 Dei
1135 3425 1385 3498 judicio,
1424 3427 1729 3501 vitamque
1785 3444 1926 3483 cum

266 3525 454 3579 regno
482 3512 673 3568 ﬁnivit
706 3532 718 3581 ;
751 3530 883 3586 quo
895 3516 1079 3571 modo
1109 3532 1254 3572 vero
1283 3516 1506 3573 missus
1532 3523 1620 3573 est
1687 3518 1925 3575 Deside-

265 3600 389 3654 rius
413 3600 473 3656 in
503 3617 711 3672 regno,
742 3603 802 3659 in
829 3605 1336 3678 subsequentibus
1383 3606 1674 3664 dicemus.

338 3694 510 3745 Anno
543 3692 862 3748 Dominicae
889 3695 1316 3751 incarnationis
1340 3700 1442 3752 756
1463 3696 1624 3752 misit
1645 3699 1927 3753 Constan-

267 3777 427 3834 tinus
453 3779 782 3863 imperator
805 3784 931 3854 regi
949 3784 1200 3856 Pippino
1227 3801 1365 3840 cum
1393 3785 1522 3842 aliis
1543 3785 1718 3841 donis
1757 3801 1927 3855 orga-

268 3882 436 3935 num,
471 3873 527 3924 et
555 3885 657 3924 rex
706 3871 997 3942 Pippinus
1048 3873 1237 3928 tenuit
1292 3873 1581 3944 placitum
1641 3889 1819 3926 suum
1865 3873 1928 3927 in

267 3956 656 4028 Compendio,
683 3959 885 4033 ibique
915 3961 1180 4017 Thassilo
1236 3962 1399 4015 venit
1445 3961 1569 4014 dux
1626 3960 1926 4030 Bajoario-

265 4061 428 4112 rum,
460 4051 516 4101 et
542 4065 683 4103 suus
711 4049 959 4105 effectus
991 4055 1096 4120 est,
1129 4064 1238 4122 per
1264 4065 1484 4105 manus
1527 4054 1928 4106 sacramenta-

264 4150 386 4206 que
415 4135 602 4192 multa
618 4137 842 4208 juravit
866 4138 1122 4211 Pippino
1152 4144 1209 4196 et
1237 4139 1373 4194 ﬁliis
1402 4139 1532 4210 ejus
1562 4155 1746 4212 supra
1799 4156 1926 4196 cor-

264 4238 382 4294 pus
414 4225 603 4280 sancti
643 4225 906 4297 Dionysii
954 4231 1010 4282 et
1062 4229 1250 4283 sancti
1300 4228 1576 4284 Germani
1633 4232 1690 4284 et
1736 4229 1925 4286 sancti

263 4311 492 4366 Martini
522 4331 534 4378 ;
565 4313 831 4370 similiter
859 4318 916 4370 et
945 4315 1074 4386 ejus
1121 4316 1398 4372 homines
1446 4316 1719 4372 meliores
1769 4317 1923 4373 fece-

263 4404 423 4454 runt.

335 4493 508 4546 Anno
540 4492 862 4548 Dominicae
891 4493 1318 4550 incarnationis
1348 4499 1449 4550 757
1484 4495 1771 4568 Pippinus
1820 4513 1925 4552 rex

262 4577 326 4633 in
349 4579 675 4636 Saxoniam
695 4581 804 4636 iter
828 4581 984 4651 fecit,
1016 4587 1072 4639 et
1101 4584 1161 4638 in
1201 4583 1562 4640 munitiones
1617 4587 1925 4642 Saxonum

262 4683 373 4739 per
396 4667 676 4724 virtutem
708 4669 986 4738 introivit,
1012 4676 1068 4727 et
1094 4672 1158 4726 in
1184 4671 1318 4727 loco
1340 4673 1446 4745 qui
1470 4673 1684 4730 dicitur
1741 4675 1926 4732 Sitnia

263 4756 466 4812 multae
494 4762 722 4828 strages
748 4760 916 4816 factae
938 4765 1077 4817 sunt
1105 4761 1180 4816 de
1211 4762 1438 4834 populo
1471 4765 1796 4820 Saxonum.
1859 4767 1926 4820 Et

265 4851 406 4901 tunc
427 4848 835 4919 promiserunt
863 4866 926 4905 se
951 4865 1194 4906 omnem
1225 4851 1594 4908 voluntatem
1621 4854 1776 4923 regis
1807 4853 1924 4909 fac-

263 4939 456 5006 turos,
491 4937 776 4994 tributum
807 4939 987 4996 etiam
1012 4941 1523 5012 praesentandum,
1556 4958 1746 5014 equos
1779 4943 1928 4999 scili-

265 5031 358 5081 cet
386 5030 490 5082 300
510 5044 618 5099 per
649 5029 916 5099 singulos
947 5045 1158 5086 annos.

336 5120 510 5172 Anno
541 5119 860 5174 Dominicae
891 5119 1321 5176 incarnationis
1354 5127 1456 5178 758
1487 5127 1663 5177 natus
1690 5127 1776 5179 est
1795 5124 1925 5196 Pip-

269 5203 409 5273 pino
434 5205 560 5275 regi
589 5206 765 5274 ﬁlius,
799 5207 894 5263 cui
919 5209 1300 5281 supradictus
1331 5227 1432 5266 rex
1458 5228 1680 5267 nomen
1737 5213 1926 5286 impo-

271 5292 387 5347 suit
415 5310 591 5351 suum
619 5314 632 5364 ;
664 5297 770 5369 qui
801 5297 946 5354 vixit
969 5314 1158 5355 annos
1185 5299 1360 5369 duos,
1392 5306 1449 5356 et
1478 5302 1540 5356 in
1591 5302 1761 5358 tertio
1819 5302 1922 5357 de-

2106 1817 2278 1870 Anno
2306 1815 2624 1872 Dominicae
2655 1817 3083 1874 incarnationis
3103 1821 3197 1872 761
3243 1815 3560 1873 Waifarius
3589 1815 3692 1870 mi-

2035 1903 2195 1958 nime
2227 1904 2495 1975 cogitans
2525 1911 2581 1962 et
2610 1907 2924 1963 obsidibus
2959 1912 3014 1963 et
3071 1907 3459 1963 sacramentis
3512 1905 3686 1973 datis,

2035 1998 2099 2048 ut
2119 2011 2180 2049 se
2203 1995 2531 2052 vindicaret
2557 1997 2631 2053 de
2661 1998 2897 2070 injuria,
2930 2014 3119 2071 quam
3145 2015 3182 2054 a
3213 1998 3447 2054 Francis
3477 2001 3690 2070 praete-

2033 2083 2144 2139 rito
2175 2099 2336 2140 anno
2362 2085 2554 2143 fuerat
2577 2103 2917 2160 perpessus,
2975 2088 3298 2144 exercitum
3352 2087 3532 2155 misit,
3585 2086 3690 2158 qui

2033 2189 2223 2246 usque
2254 2176 2333 2231 ad
2355 2176 2725 2233 Cabillonem
2750 2179 3048 2235 civitatem
3086 2183 3394 2246 venerunt,
3444 2180 3689 2233 vastan-

2034 2266 2118 2317 tes
2145 2265 2370 2321 omnia.
2405 2269 2471 2321 Et
2496 2283 2634 2323 cum
2661 2268 3036 2341 supradictus
3062 2284 3166 2323 rex
3193 2267 3497 2340 synodum
3529 2272 3690 2322 tene-

2033 2355 2120 2404 ret
2143 2352 2206 2406 in
2225 2353 2363 2410 villa
2405 2371 2541 2426 quae
2595 2356 2808 2412 dicitur
2853 2357 3052 2426 Duria,
3098 2357 3451 2411 nunciatum
3499 2359 3587 2409 est
3614 2355 3689 2423 ei,

2037 2440 2203 2510 quod
2232 2441 2545 2497 Waifarius
2576 2449 2975 2514 perpetrasset
3008 2463 3022 2510 ;
3054 2444 3326 2515 protinus
3365 2443 3691 2499 exercitum

2037 2528 2246 2597 movit,
2270 2533 2325 2583 et
2357 2531 2740 2602 Aquitaniam
2770 2532 3075 2603 ingressus
3101 2532 3290 2588 multa
3313 2532 3552 2590 castella
3577 2549 3692 2588 cce-

2037 2616 2144 2688 pit,
2163 2617 2382 2673 scilicet
2403 2619 2764 2689 Brudellum,
2790 2621 3028 2679 Clarum
3051 2626 3338 2690 montem,
3360 2622 3688 2693 Cantelam,

2037 2711 2358 2772 Avernum,
2391 2713 2447 2764 et
2466 2710 2736 2780 pervenit
2763 2727 2954 2783 usque
2986 2710 3064 2766 ad
3097 2710 3506 2780 Leomodicas,
3552 2727 3693 2766 vas-

2036 2795 2222 2851 tando
2253 2797 2478 2865 omnia,
2513 2801 2570 2853 et
2603 2798 2926 2855 celebravit
2949 2799 3214 2855 natalem
3243 2798 3476 2854 Domini
3504 2798 3565 2853 in
3591 2801 3695 2855 Ca-

2035 2884 2269 2953 risiaco,
2297 2891 2353 2943 et
2371 2888 2605 2959 pascha
2630 2887 2913 2944 similiter.

2106 2979 2279 3032 Anno
2308 2977 2632 3034 Dominicae
2661 2979 3086 3035 incarnationis
3117 2983 3218 3034 762
3265 2994 3368 3034 rex
3408 2978 3694 3052 Pippinus

2034 3067 2418 3140 Aquitaniam
2447 3085 2588 3124 cum
2615 3069 2874 3126 exercitu
2901 3072 3178 3136 vastavit,
3201 3074 3258 3125 et
3281 3069 3459 3142 coepit
3487 3069 3690 3125 civita-

2035 3159 2152 3212 tem
2176 3157 2480 3220 Bituricas.
2511 3163 2569 3213 et
2595 3163 2856 3214 castrum
2887 3159 3053 3231 quod
3082 3158 3296 3214 dicitur
3327 3160 3584 3227 Toarcis,
3637 3163 3694 3214 et

2033 3245 2354 3303 celebravit
2373 3249 2635 3304 natalem
2657 3249 2890 3306 Domini
2935 3249 2995 3304 in
3052 3249 3191 3305 villa
3246 3249 3586 3321 Gentiliaco,
3637 3253 3694 3305 et

2032 3336 2262 3406 pascha
2293 3337 2578 3394 similiter.

2102 3430 2275 3482 Anno
2307 3427 2565 3483 Domicae
2605 3428 3036 3485 incarnationis
3089 3433 3191 3485 763
3258 3445 3361 3485 rex
3403 3427 3690 3501 Pippinus

2031 3516 2243 3573 habuit
2270 3517 2559 3588 placitum
2585 3536 2763 3576 suum
2791 3520 2853 3575 in
2905 3519 3188 3587 Niveruis,
3245 3523 3301 3575 et
3349 3523 3564 3592 quarto
3609 3519 3693 3571 in-

2032 3621 2272 3676 gressus
2301 3612 2388 3663 est
2411 3608 2816 3681 Aquitaniam,
2843 3609 3046 3682 ibique
3071 3608 3359 3677 Thassilo,
3409 3608 3532 3662 dux
3585 3608 3693 3662 Ba-

2028 3696 2384 3766 joariorum,
2426 3697 2776 3768 postpositis
2816 3696 3227 3763 sacramentis,
3285 3695 3692 3749 fraudulenter

2034 3801 2094 3838 se
2125 3785 2263 3839 inde
2312 3784 2618 3849 subduxit,
2659 3784 2866 3838 omnia
2910 3783 3204 3836 beneﬁcia
3256 3782 3495 3848 oblitus,
3555 3797 3691 3852 quae

2033 3888 2137 3926 rex
2158 3869 2496 3926 avunculus
2523 3871 2653 3942 ejus
2685 3869 2737 3926 ei
2767 3869 3004 3939 fecerat,
3037 3874 3094 3926 et
3120 3870 3413 3941 Bajariam
3460 3885 3690 3941 regres-

2035 3977 2136 4016 sus
2203 3959 2463 4032 amplius
2527 3959 2718 4016 noluit
2778 3959 2980 4016 videre
3043 3959 3367 4033 supradicti
3423 3963 3579 4031 regis
3607 3959 3692 4018 fa-
3758 3955 3762 3960 ’

2033 4051 2204 4107 ciem.
2265 4051 2390 4107 Rex
2457 4055 2659 4108 autem
2722 4050 3107 4125 Aquitaniam
3168 4051 3536 4126 perlustrans
3585 4069 3688 4107 us-

2030 4157 2147 4213 que
2211 4141 2289 4197 ad
2352 4141 2705 4198 Cadurciam
2771 4142 2953 4210 venit,
3022 4147 3077 4198 et
3155 4159 3260 4215 per
3340 4143 3690 4200 Lemodicas

2029 4246 2324 4298 reversus,
2366 4230 2425 4284 in
2469 4231 2777 4286 Franciam
2814 4231 2996 4288 venit.
3040 4234 3106 4286 Et
3151 4231 3308 4288 facta
3348 4235 3435 4287 est
3474 4232 3689 4303 hyems

2027 4319 2247 4390 valida,
2281 4324 2339 4376 et
2368 4319 2689 4377 celebravit
2715 4337 2821 4377 rex
2847 4321 3112 4378 natalem
3144 4320 3379 4378 Domini
3431 4321 3490 4376 in
3550 4321 3690 4378 villa

2033 4425 2169 4481 quae
2194 4408 2388 4464 dictur
2419 4409 2770 4480 Longolare,
2804 4414 2861 4466 et
2888 4411 3118 4483 pascha
3148 4409 3432 4465 similiter.

2104 4501 2276 4552 Anno
2309 4497 2630 4553 Dominicis
2663 4497 3089 4554 incarnationis
3115 4501 3217 4553 764
3246 4513 3348 4552 rex
3405 4497 3690 4570 Pippinus

2033 4586 2243 4642 habuit
2271 4585 2558 4658 placitum
2584 4604 2764 4642 suum
2809 4587 2873 4642 in
2935 4587 3275 4651 Wormatia,
3334 4589 3391 4641 et
3441 4600 3689 4640 causam

2033 4674 2346 4745 diligenter
2377 4675 2753 4747 pertractavit
2789 4675 2940 4730 inter
2986 4672 3333 4729 Waifarium
3381 4675 3438 4727 et
3462 4669 3692 4726 Thassi-

2033 4763 2271 4832 lonem;
2305 4764 2624 4821 celebravit
2673 4764 2936 4821 natalem
2973 4761 3204 4818 Domini
3255 4761 3316 4815 in
3372 4759 3688 4831 Carisiaco,

2035 4857 2090 4909 et
2117 4854 2346 4927 pascha
2378 4853 2660 4910 similiter.

2106 4950 2278 4998 Anno
2309 4943 2626 4999 Dominicae
2659 4940 3085 4998 incarnationis
3117 4944 3218 4995 765
3248 4956 3350 4996 rex
3405 4941 3693 5015 placitum

2037 5048 2213 5088 suum
2244 5033 2458 5089 habuit
2484 5033 2648 5105 apud
2674 5031 3054 5096 Attiniacum,
3090 5034 3147 5086 et
3176 5030 3384 5087 eodem
3417 5048 3578 5088 anno
3612 5031 3688 5086 si-

2035 5127 2135 5178 cut
2175 5127 2232 5177 et
2257 5121 2550 5193 superiori
2592 5135 2896 5191 nusquam
2935 5118 3235 5190 profectus
3261 5125 3366 5176 est.
3422 5121 3691 5176 Celebra-

2034 5213 2118 5269 vit
2147 5219 2348 5269 autem
2371 5211 2633 5266 natalem
2662 5209 2897 5266 Domini
2921 5209 2980 5265 in
3010 5211 3192 5284 Aquis
3213 5211 3373 5279 villa,
3392 5216 3448 5267 et
3462 5210 3691 5284 pascha

2035 5303 2319 5358 similiter.
2332 5357 2334 5359 ,

1647 5499 1879 5554 VARLE
1918 5499 2315 5556 LECTIONES.

339 5716 385 5748 ¹⁷
413 5718 591 5798 unxit
613 5719 676 5774 in
704 5733 870 5788 reges
899 5726 1077 5778 etc....
1119 5729 1174 5778 et
1205 5721 1876 5792 consecraredisposuit,
1898 5721 1971 5778 cf.
1993 5721 2345 5780 Clausulam
2367 5723 2441 5780 de
2463 5724 2913 5781 consecratione
2932 5738 3031 5795 ap.
3068 5724 3254 5791 Bouq.
3290 5725 3328 5772 t.
3364 5720 3426 5782 V,
3444 5715 3689 5785 p.9,10.
