4086 6200
387 243 445 297 51
1517 231 1887 290 REGINONIS
1926 227 2343 286 PRUMIENSIS
2382 227 2677 285 ABBATIS
3736 234 3806 289 δι

457 368 629 419 Anno
656 361 980 419 Dominicis
1008 358 1433 416 incarnationis
1464 356 1567 411 766
1597 371 1699 412 rex
1756 352 2042 428 Pippinus
2078 356 2124 407 Α
2148 363 2332 422 quem
2354 365 2495 405 cum
2522 350 2860 424 recepisset,
2889 351 2950 407 in
2975 351 3286 408 Franciam
3322 365 3591 409 reversus
3607 357 3716 424 est,
3747 357 3806 413 et

386 453 642 527 perrexit
666 453 728 507 in
758 448 1161 524 Aquitaniam,
1194 454 1249 504 ct
1276 448 1565 521 placitum
1595 460 1773 501 suum
1831 441 2044 500 habuit

384 543 445 597 in
476 544 514 597 Α
526 541 806 597 urelianis
837 539 1091 605 civitate,
1123 542 1182 595 et
1206 538 1559 594 restauravit
1609 533 2039 605 Argentonium

386 634 673 695 castrum,
699 629 866 701 quod
904 630 1078 685 antea
1124 628 1432 683 Waifarius
1490 627 1880 691 destruxerat,
1934 619 2042 676 ibi-

386 734 504 793 que
528 720 784 775 Francos
808 714 1033 774 dimisit
1062 717 1141 773 ad
1172 715 1595 773 continendam
1627 709 2036 786 Aquitaniam;

388 807 653 863 similiter
682 810 737 863 et
766 804 828 862 in
861 806 1148 863 Bituricus
1180 806 1331 873 fecit,
1386 810 1442 862 et
1497 802 1819 861 celebravit
1871 804 2042 857 nata-

383 897 502 952 lem
526 895 761 955 Domini
788 898 849 952 in
894 895 1292 963 Salmoniaco,
1349 899 1408 951 et
1461 894 1689 967 pascha
1738 893 1799 949 in
1853 890 2043 948 Genti-

384 985 558 1042 liaco.

458 1076 634 1131 Anno
661 1075 985 1131 Dominicee
1014 1074 1443 1131 incarnationis
1470 1078 1569 1129 767
1601 1087 1704 1129 rex
1745 1072 1806 1128 in
1860 1085 2046 1143 supra

385 1164 545 1221 dicta
572 1163 712 1220 villa
744 1163 1048 1235 synodum
1080 1178 1367 1232 magnam
1400 1160 1612 1219 habuit
1630 1161 1781 1217 inter
1832 1163 2044 1215 Roma-

385 1267 497 1308 nos
528 1257 584 1308 et
613 1255 844 1307 Graecos
872 1248 947 1306 de
981 1256 1191 1307 sancta
1219 1251 1517 1321 Trinitate,
1542 1250 1636 1305 vel
1692 1250 1767 1305 de
1812 1252 2045 1304 sancto-

384 1356 520 1397 rum
549 1340 935 1409 imaginibus,
964 1344 1021 1395 et
1050 1342 1186 1411 post
1205 1341 1333 1395 haec
1380 1339 1763 1413 Aquitaniam
1820 1337 2043 1405 inuras.

389 1445 492 1485 sus
515 1434 602 1484 est
624 1443 728 1501 per
758 1428 1104 1485 Narbonem
1139 1447 1151 1497 ;
1193 1431 1349 1501 cepit
1404 1435 1606 1486 autem
1662 1428 1936 1484 Tolosam
1990 1431 2050 1483 et

389 1517 817 1583 Gavaldanem,
850 1521 907 1572 et
929 1517 1248 1572 celebravit
1278 1519 1508 1589 pascha
1532 1518 1592 1573 in
1614 1517 1849 1573 civitate
1878 1517 2045 1571 Vien-

387 1620 488 1663 na.
532 1606 755 1661 Eodem
781 1620 942 1661 anno
971 1621 1181 1661 mense
1231 1610 1500 1677 Augusto
1543 1606 1758 1663 iterum
1802 1606 2045 1678 Aquita-

2149 438 2473 495 eelebravit
2502 440 2767 497 natalem
2787 440 3026 497 Domini
3046 439 3109 497 in
3136 440 3334 507 Duria,
3355 444 3413 497 et
3459 442 3690 513 pascha
3742 444 3804 501 in

2153 528 2369 584 Leodio
2397 528 2531 584 vico
2562 530 2833 603 publico.

2222 619 2397 672 Anno
2420 619 2738 676 Dominieee
2758 619 3188 678 incarnationis
3206 624 3309 675 770
3329 619 3574 678 Carolus
3596 620 3809 679 habuit

2152 706 2457 778 synodum
2485 708 2547 764 in
2600 710 2920 767 Wormatia
2976 709 3225 779 civitate,
3275 714 3330 767 et
3377 710 3547 768 Berta
3600 713 3809 781 regina

2152 797 2405 869 perrexit
2434 798 2495 853 in
2524 800 2879 870 Bajoariam,
2910 805 2965 856 et
2984 799 3126 856 inde
3147 799 3377 856 Italiam
3405 799 3679 870 ingressa
3698 805 3805 871 est,

2151 890 2208 944 et
2229 900 2329 942 rex
2357 887 2680 945 celebravit
2699 888 2963 945 natalem
2986 889 3221 947 Domini
3277 888 3343 945 in
3399 890 3698 961 Mogontia
3751 894 3809 948 et

2152 977 2380 1048 pascha
2397 976 2460 1033 in
2486 978 2833 1035 Heristellio.

2222 1067 2397 1121 Anno
2422 1066 2743 1123 Dominica:
2772 1067 3198 1125 incarnationis
3255 1073 3351 1124 771
3403 1067 3649 1125 Carolus
3701 1083 3805 1125 rex

2154 1154 2456 1224 synodum
2485 1156 2695 1212 habuit
2719 1157 2796 1212 ad
2826 1157 3284 1224 Valentinianas,
3317 1161 3376 1213 et
3388 1157 3603 1214 eodem
3648 1173 3807 1214 anno

2156 1241 2632 1301 Carolomannus
2660 1261 2762 1300 rex
2798 1244 3117 1302 defunctus
3148 1249 3235 1302 est
3256 1245 3325 1311 in
3352 1245 3490 1302 villa
3543 1245 3810 1317 Salmon-

2155 1329 2309 1388 tiaco
2330 1335 2362 1387 2
2391 1335 2538 1388 Non.
2574 1333 2937 1391 Decembris.
2972 1333 3139 1390 Venit
3184 1338 3384 1393 autem
3441 1334 3685 1392 Carolus
3729 1336 3807 1392 ad

2156 1419 2355 1477 villam
2382 1420 2842 1492 Carboniacum,
2880 1422 2975 1479 ubi
3004 1428 3296 1480 venerunt
3320 1423 3397 1480 ad
3423 1440 3563 1480 eum
3618 1424 3810 1482 Folea-

2156 1508 2278 1564 rius
2310 1514 2367 1565 et
2396 1509 2682 1567 Folradus
2711 1509 3003 1584 capellani
3038 1527 3176 1567 cum
3231 1510 3359 1566 aliis
3407 1510 3703 1586 episcopis
3754 1513 3813 1565 et

2157 1598 2589 1669 sacerdotibus,
2625 1600 2902 1657 Werinus
2924 1604 2977 1655 ct
3000 1598 3357 1657 Adalhartus
3378 1598 3648 1668 comites,
3672 1614 3811 1653 cum

388 1696 554 1751 niam
576 1697 901 1765 ingressus,
930 1711 1121 1768 usque
1152 1695 1440 1752 Bituricas
1465 1696 1646 1767 venit,
1699 1696 1902 1768 ibique
1952 1709 2048 1769 sy—
2088 1705 2129 1760 Β
2157 1686 2287 1742 aliis
2313 1688 2671 1760 primatibus
2711 1690 2816 1761 qui
2876 1690 3114 1746 fuerunt
3159 1689 3601 1746 Carolomanni.
3658 1691 3815 1744 Uxor

391 1784 621 1840 nodum
656 1783 859 1854 tenuit,
894 1786 951 1840 et
978 1781 1117 1840 inde
1146 1784 1467 1857 profectus,
1493 1800 1684 1857 usque
1715 1782 1792 1840 ad
1823 1788 2050 1841 Geron-

391 1887 536 1927 nam
566 1870 746 1943 venit,
781 1872 1003 1928 multas
1031 1886 1210 1945 rupes
1241 1876 1297 1928 et
1337 1872 1655 1945 speluncas
1707 1873 1880 1945 cepit,
1940 1887 2053 1929 nec

392 1973 515 2016 non
542 1963 737 2016 castra
759 1960 1085 2016 Scoraliam
1108 1965 1163 2016 et
1192 1960 1513 2017 Torinnam
1539 1965 1596 2015 et
1624 1959 1969 2028 Petrociam,
1994 1967 2053 2017 et

391 2063 669 2104 reversus
690 2053 779 2104 est
842 2048 1147 2104 Bituricae.
1206 2048 1290 2103 lbi
1341 2049 1683 2106 nuntiatum
1732 2055 1817 2106 est
1868 2050 1920 2105 ei
1975 2050 2051 2107 de

391 2136 561 2195 obitu
614 2136 775 2192 Pauli
804 2150 976 2209 papae
1011 2156 1024 2206 ;
1073 2137 1153 2193 ibi
1186 2136 1366 2194 etiam
1418 2137 1738 2196 celebravit
1786 2138 2052 2196 natalem

394 2225 648 2281 Domini.

465 2318 639 2370 Anno
672 2315 993 2371 Dominicis
1025 2316 1453 2372 incarnationis
1476 2320 1578 2372 768
1604 2332 1707 2374 rex
1762 2317 2050 2391 Pippinus

392 2404 499 2459 iter
532 2398 754 2460 faciens
786 2404 1237 2474 Remistagnum
1270 2406 1444 2477 cepit,
1477 2406 1555 2463 ad
1603 2408 1928 2463 Sanctones
1976 2409 2053 2464 ei.

392 2492 637 2548 vitatem
667 2506 859 2565 usque
886 2492 1173 2565 pervenit,
1207 2499 1263 2550 et
1289 2492 1374 2550 ibi
1397 2494 1552 2567 cepit
1584 2499 1839 2552 matrem
1898 2497 2051 2553 Wai-

396 2581 528 2638 farii
561 2586 619 2638 et
646 2595 913 2638 sororem
944 2583 1073 2654 ejus
1099 2588 1156 2639 et
1183 2589 1395 2655 neptas
1421 2584 1549 2654 ejus
1583 2601 1595 2638 :
1629 2585 1768 2640 inde
1794 2586 2053 2657 perrexit

393 2669 454 2725 in
478 2670 612 2727 loco
640 2670 746 2743 qui
766 2671 982 2727 dicitur
1003 2672 1243 2739 Montes,
1278 2672 1359 2726 ibi
1392 2672 1716 2727 Heriwicus
1763 2672 1927 2729 venit
1972 2674 2051 2730 ad

394 2772 554 2829 eum,
578 2759 682 2832 qui
712 2759 975 2815 habebat
995 2759 1176 2815 aliam
1198 2774 1465 2815 sororem
1496 2760 1773 2827 Waitarii,
1806 2765 1863 2817 et
1911 2760 2050 2818 inde

392 2865 664 2903 reversus
696 2849 892 2921 pacha
919 2848 1239 2904 celebravit
1265 2848 1329 2904 in
1380 2853 1574 2905 castro
1620 2850 1788 2922 quod
1836 2850 2051 2907 dicitur

393 2935 541 2992 Seis.
576 2939 708 2990 Post
736 2937 864 2990 ilth
893 2934 1226 2991 adsumens
1252 2952 1461 2991 secum
1491 2937 1848 2994 Bertradam
1896 2941 2048 3010 regi-

391 3038 536 3080 nam
566 3023 644 3079 ad
674 3026 1004 3112 Sanctonas
1036 3024 1331 3081 civitatem
1360 3025 1643 3098 pervenit,
1675 3026 1878 3100 ibique
1898 3029 2048 3100 regi—
2086 3056 2128 3112 ε

390 3116 535 3168 nam
562 3127 702 3167 cum
727 3111 969 3179 famulis
1000 3112 1244 3181 dimisit,
1276 3118 1334 3169 et
1362 3114 1734 3184 Petragorico
1773 3118 2052 3190 perrexit,

390 3205 449 3257 et
473 3200 833 3273 interempto
862 3200 1141 3258 Waifario
1167 3218 1306 3259 cum
1328 3202 1631 3276 triumpho
1656 3204 1915 3262 victorias
1974 3208 2055 3263 ad

390 3292 715 3347 Sanctones
746 3306 1022 3345 reversus
1051 3296 1156 3357 est,
1182 3291 1383 3364 ibique
1402 3308 1640 3349 morum
1668 3293 1893 3350 faciens
1917 3301 2055 3368 post

388 3379 617 3451 aliquot
652 3379 779 3435 dies
809 3384 1095 3449 aegrotare
1128 3381 1331 3453 cmpit,
1355 3386 1413 3437 et
1436 3382 1575 3438 inde
1599 3383 1900 3455 profectus
1941 3388 2055 3440 Tu-

387 3468 553 3525 ronis
580 3469 760 3537 venit,
789 3474 845 3525 et
862 3469 943 3525 ad
970 3469 1309 3527 orationem
1336 3470 1414 3527 ad
1446 3476 1722 3528 sanctum
1738 3473 2054 3531 Martinum

388 3559 646 3631 perrexit
675 3578 687 3628 ;
716 3558 856 3616 inde
883 3572 1162 3630 egressus
1199 3560 1459 3618 Parisius
1480 3560 1559 3618 ad
1587 3566 1863 3619 sanctum
1918 3565 2055 3621 Dio-

386 3648 631 3721 nysium
687 3648 781 3705 vix
828 3650 1112 3721 pervenit,
1155 3649 1359 3722 ibique
1414 3649 1576 3706 diem
1631 3650 1843 3707 clausit
1870 3657 2058 3709 extre-

385 3753 556 3793 mum
601 3742 632 3794 8
666 3737 753 3795 Id.
783 3737 1017 3795 Octobr.
1069 3743 1125 3795 et
1156 3738 1420 3795 domnus
1450 3739 1696 3796 Carolus
1725 3745 1783 3796 et
1824 3742 2060 3801 Carolo-

312 3898 319 3901 Α
386 3842 649 3883 manuus
678 3827 894 3884 elevati
925 3831 1064 3882 sunt
1088 3827 1150 3883 in
1170 3840 1451 3897 regnum,
1486 3828 1733 3885 Carolus
1754 3828 1816 3885 in
1848 3831 2058 3887 Novio-

386 3931 488 3971 mo
517 3916 774 3977 civitate,
810 3915 1284 3972 Carolomannus
1308 3916 1369 3970 in
1402 3916 1693 3972 Sessionis
1741 3924 1770 3971 7
1804 3918 1887 3974 Id.
1951 3921 2058 3976 Oc-

387 4004 594 4072 tobris,
626 4008 684 4060 et
712 4004 1034 4060 celebravit
1077 4002 1322 4060 Carolus
1377 4003 1641 4061 natalem
1697 4006 1931 4063 Domini
1992 4008 2057 4064 in

387 4092 592 4165 Aquis,
615 4093 847 4166 pascha
869 4092 935 4149 in
960 4092 1232 4149 Rodoma
1261 4091 1512 4148 civitate.

457 4186 631 4238 Anno
658 4181 981 4239 Dominieee
1014 4181 1451 4238 incarnationis
1495 4185 1597 4237 769
1647 4183 1894 4241 Carolus
1952 4201 2057 4243 rex

386 4267 774 4343 Aquitaniam
805 4283 944 4327 eum
966 4270 1231 4326 exercitu
1251 4270 1518 4341 intravit,
1540 4285 1612 4327 eo
1639 4273 1807 4345 quod
1833 4274 2058 4332 Hunal-

2157 1793 2299 1833 vero
2331 1778 2751 1836 Carolomanni
2782 1796 2921 1836 cum
2944 1780 3260 1852 perpaucis
3282 1780 3522 1836 Francis
3544 1777 3816 1851 partibus

2157 1867 2335 1923 italiae
2364 1868 2637 1939 perrexit,
2669 1873 2726 1925 et
2754 1869 3075 1926 celebravit
3103 1886 3207 1925 rex
3256 1869 3520 1927 natalem
3580 1867 3815 1925 Domini

2157 1954 2219 2010 in
2248 1955 2556 2012 Adtiniaco
2582 1962 2640 2014 et
2668 1958 2894 2030 pascha
2916 1957 2977 2013 in
3007 1957 3358 2015 Heristellio.

2230 2050 2401 2100 Anno
2430 2046 2750 2102 Dominicse
2778 2046 3205 2105 incarnationis
3252 2052 3355 2103 772
3409 2044 3659 2103 Carolus
3705 2060 3814 2101 rex

2160 2134 2462 2205 synodum
2490 2135 2702 2192 habuit
2724 2136 2785 2192 in
2818 2136 3159 2207 Wormatia,
3191 2140 3249 2192 et
3279 2135 3420 2192 inde
3443 2134 3701 2208 perrexit
3752 2133 3816 2189 in

2157 2228 2359 2296 partes
2389 2225 2683 2295 Saxonica,
2716 2230 2772 2281 et
2800 2226 2995 2299 primo
3026 2225 3255 2299 impetu
3283 2225 3669 2294 Heresburgh
3692 2240 3818 2282 εδει

2159 2316 2318 2369 trum
2350 2314 2522 2386 cepit,
2551 2318 2606 2370 et
2635 2315 2711 2371 ad
2753 2315 3068 2373 Ormensul
3097 2332 3289 2388 usque
3315 2315 3605 2388 pervenit,
3636 2318 3691 2371 et
3729 2313 3819 2386 ip-

2161 2418 2297 2458 sum
2321 2402 2533 2459 fanum
2562 2403 2870 2471 destruxit,
2903 2408 2960 2460 et
2985 2420 3201 2461 aurum
3229 2409 3289 2460 et
3305 2408 3623 2474 argentum
3649 2402 3816 2476 quod

2158 2490 2239 2546 ibi
2308 2491 2567 2564 repperit
2623 2492 2884 2549 abstulit.
2960 2496 3092 2549 Erat
3144 2498 3345 2557 autem
3400 2498 3539 2550 tunc
3589 2492 3817 2549 siccitas

2159 2595 2405 2651 magna,
2428 2581 2510 2636 ita
2536 2586 2601 2636 ut
2628 2597 2790 2653 aqua
2817 2581 3095 2638 deﬁceret
3123 2581 3186 2639 in
3217 2598 3401 2655 supra
3451 2582 3608 2641 dicto
3660 2582 3817 2652 loco,

2158 2673 2215 2724 et
2243 2669 2390 2725 dum
2421 2669 2597 2725 vellet
2625 2669 2708 2725 ibi
2731 2686 2836 2725 rex
2866 2669 3017 2725 duos
3038 2674 3143 2727 aut
3198 2675 3314 2727 tres
3364 2670 3492 2727 dies
3550 2686 3816 2737 manere,

2158 2762 2223 2812 ut
2247 2758 2600 2829 praedictum
2630 2757 2838 2813 fanum
2862 2758 3131 2816 funditus
3156 2760 3461 2816 destruere
3492 2763 3710 2831 posset,
3761 2761 3823 2816 et

2158 2862 2320 2918 aqua
2375 2845 2656 2902 exercitui
2699 2846 2957 2916 deesset,
3012 2848 3211 2905 subito
3276 2847 3479 2903 divina
3531 2847 3819 2917 largiente

2158 2935 2348 3006 gratia
2371 2934 2657 2992 omnibus
2681 2934 2882 2991 insciis
2921 2936 2983 2991 in
3034 2937 3300 3010 quodam
3344 2941 3595 2993 torrente
3645 2952 3820 3008 aquas

2160 3024 2362 3080 effusae
2386 3023 2760 3093 largissimae,
2792 3024 2874 3081 ita
2903 3031 2966 3080 ut
2992 3025 3188 3082 omnis
3208 3025 3499 3082 exercitus
3530 3023 3823 3081 sufﬁcien-

2166 3118 2252 3170 ter
2280 3112 2545 3170 haberet.
2581 3116 2888 3170 Destructo
2932 3114 3093 3182 fano,
3152 3130 3256 3171 rex
3309 3130 3490 3187 super
3534 3115 3820 3171 Wiseram

2164 3203 2416 3259 ﬂuvium
2444 3203 2624 3272 venit,
2654 3208 2709 3259 et
2733 3202 2817 3259 ibi
2846 3219 2987 3259 cum
3022 3204 3361 3261 Saxonibus
3389 3203 3674 3277 placitum
3717 3197 3824 3260 ha-

2164 3293 2313 3363 buit,
2340 3296 2397 3348 et
2422 3291 2652 3365 accepit
2684 3298 2748 3348 i2
2772 3292 3039 3360 obsides,
3070 3298 3127 3349 et
3150 3309 3427 3350 reversus
3447 3299 3537 3351 est
3557 3294 3619 3351 in
3648 3296 3826 3350 Fran-

2165 3382 2343 3450 ciam,
2375 3386 2430 3439 et
2455 3381 2776 3439 celebravit
2799 3382 3060 3439 natalem
3078 3382 3316 3441 Domini
3348 3383 3422 3439 in
3473 3381 3821 3450 Heristellio,

2165 3478 2223 3529 et
2249 3473 2476 3545 pascha
2518 3473 2800 3531 similiter.

2239 3568 2409 3617 Anno
2442 3562 2764 3618 DO‘IllﬂlCtB
2793 3561 3221 3619 incarnationis
3251 3566 3352 3619 773
3395 3579 3499 3623 rex
3556 3563 3826 3635 pervenit

2168 3650 2247 3705 ad
2270 3650 2686 3722 hyemandum
2716 3650 2776 3706 in
2805 3650 3140 3707 Theodonis
3172 3651 3329 3719 villa,
3360 3651 3461 3708 ubi
3484 3667 3624 3711 eum
3682 3650 3827 3708 adiit

2167 3739 2388 3795 missus
2416 3739 2660 3795 Adriani
2686 3755 2857 3811 papae
2890 3740 3137 3795 nomine
3158 3743 3381 3811 Petrus,
3408 3740 3665 3797 invitans
3685 3756 3825 3796 eum

2168 3843 2295 3884 una
2322 3844 2461 3884 eum
2482 3828 2740 3895 Francis,
2767 3832 2831 3884 ut
2859 3844 2969 3901 pro
3000 3829 3103 3885 Dei
3127 3845 3354 3895 amore,
3389 3846 3496 3885 seu
3524 3846 3634 3902 pro
3657 3829 3827 3901 justi-

2168 3916 2250 3974 ﬁa
2275 3918 2461 3973 sancti
2492 3918 2641 3973 Petri
2683 3917 3053 3989 acquirenda
3107 3934 3288 3991 super
3333 3918 3725 3990 Desyderinm
3771 3921 3829 3973 et

2169 4005 2597 4077 Langobardos
2618 4006 2861 4063 veniret.
2896 4007 3064 4063 Venit
3114 4007 3381 4078 prafatus
3433 4006 3667 4077 legatus
3720 4022 3825 4079 per

2167 4111 2335 4152 mare
2364 4111 2558 4168 usque
2587 4095 2648 4152 in
2672 4095 3010 4164 Massiliam,
3043 4095 3184 4152 inde
3204 4112 3311 4169 per
3365 4100 3585 4153 terram
3634 4112 3826 4168 usque

2172 4187 2253 4242 ad
2280 4202 2507 4257 regem,
2533 4190 2590 4243 et
2616 4186 2754 4242 ideo
2779 4203 2884 4259 per
2918 4202 3085 4243 mare
3114 4186 3290 4254 venit,
3323 4187 3468 4259 quia
3498 4186 3609 4242 vim
3661 4186 3824 4243 clau-

2170 4292 2252 4333 sis
2278 4276 2520 4332 fuerunt
2546 4292 2585 4332 α
2613 4274 3023 4346 Langobardis
3054 4276 3354 4335 Romanis.
3395 4279 3555 4333 Tunc
3604 4290 3709 4331 rex
3762 4275 3829 4330 ii-

387 4358 517 4459 dus.
531 4357 931 4458 disposuisset
959 4357 1269 4459 rebellare,
1321 4362 1377 4414 et
1426 4360 2051 4459 totam‘aquitaniam
2090 4407 2135 4459 υ
2170 4366 2331 4422 deles
2346 4364 3273 4437 eonsuluit,utrumpetitionibus
3293 4364 3603 4439 apostolici
3628 4379 3829 4421 assen-

387 4452 446 4505 et
472 4448 849 4518 Vasconiam,
876 4448 1199 4505 auxiliante
1229 4450 1370 4517 Dee,
1421 4449 1484 4505 in
1535 4448 1901 4508 deditionem
1956 4469 2048 4509 re-

388 4538 562 4611 cepit,
593 4542 652 4595 et
681 4538 938 4596 Hunaldi
966 4538 1174 4613 iniqua
1220 4538 1468 4595 consilia
1523 4538 1855 4613 dissipavit.
1910 4542 2051 4599 Inde

386 4628 694 4700 digressus
724 4628 802 4686 ad
827 4628 1243 4686 Coloniensem
1270 4628 1571 4685 civitatem
1602 4630 1783 4699 venit,
1813 4633 1871 4686 et
1910 4630 2050 4688 inde

389 4718 646 4791 sumpsit
669 4717 874 4792 plures
907 4721 1274 4776 Francorum
1304 4734 1454 4788 cum,
1474 4717 1657 4775 armis
1687 4722 1746 4774 et
1764 4719 2048 4776 omnibus

386 4806 738 4862 utensilibus
768 4823 999 4875 eorum,
1032 4812 1089 4864 et
1114 4807 1259 4865 abiit
1318 4823 1498 4880 super
1544 4807 1775 4865 ﬂumen
1829 4808 2053 4865 Dordo-

386 4891 576 4963 niam,
606 4898 664 4950 et
683 4896 998 4954 aediﬁcavit
1024 4896 1107 4955 ibi
1136 4901 1402 4953 castrum
1432 4896 1602 4969 quod
1634 4896 1849 4952 dicitur
1874 4898 2053 4954 Fron-

390 4980 545 5051 ticis,
596 4986 654 5038 et
705 4982 766 5038 in
812 4983 972 5041 dicto
1026 4985 1310 5057 praesidio
1378 4988 1634 5041 Francos
1716 4983 2047 5044 collocavit.

389 5068 612 5126 Deinde
640 5070 860 5127 missos
880 5072 1093 5130 direxit
1118 5075 1197 5132 ad
1226 5078 1460 5148 Lupum
1494 5076 1843 5144 Vasconem,
1875 5091 2049 5133 man-

389 5157 547 5214 dans
580 5164 645 5216 ut
673 5158 783 5216 sibi
814 5160 1159 5219 Hunaldum
1191 5180 1331 5221 cum
1360 5178 1546 5219 uxore
1574 5168 2046 5236 repraesentaret,

284 5266 295 5273 ’
388 5248 493 5320 qui
522 5250 599 5304 ad
629 5265 768 5306 eum
798 5250 1209 5320 confugerant.
1238 5253 1546 5310 Adductus
1594 5257 1682 5309 est
1728 5252 2048 5326 praedictus

390 5337 701 5394 Hunaldus
757 5355 895 5397 cum
948 5357 1134 5397 uxore
1192 5343 1268 5398 ad
1311 5342 1693 5399 nominatum
1760 5346 2043 5413 castrum,

2167 4472 2301 4511 sum
2330 4454 2624 4527 praeberet
2651 4472 2666 4521 ;
2696 4454 2984 4510 omnibus
3014 4455 3131 4511 hoc
3160 4453 3666 4523 collaudantibus,
3714 4454 3827 4509 illis

2159 4542 2220 4599 in
2252 4542 2524 4615 partibus
2548 4542 2850 4614 profectus
2880 4548 2988 4613 est,
3048 4545 3470 4616 chevamque
3526 4542 3825 4599 civitatem

2160 4632 2403 4688 veniens
2433 4630 2739 4703 synodum
2767 4632 2975 4701 tenuit,
3000 4637 3059 4689 et
3076 4632 3161 4690 ibi
3184 4632 3510 4690 exercitum
3535 4630 3737 4688 divisit
3761 4631 3824 4688 in

2161 4718 2315 4776 duas
2341 4723 2560 4792 partes.
2595 4723 2723 4791 ipse
2745 4735 2885 4775 cum
2908 4735 3031 4776 una
3052 4723 3220 4792 parte
3241 4736 3348 4793 per
3364 4723 3635 4777 montem
3659 4719 3830 4791 Ciny-

2165 4808 2323 4865 sium
2337 4809 2617 4883 perrexit,
2636 4812 2698 4864 et
2710 4808 2869 4865 misit
2883 4809 3251 4865 Bernardum
3264 4810 3634 4867 avunculum
3650 4825 3826 4866 suum

2160 4913 2300 4955 cum
2318 4898 2547 4972 reliqua
2562 4902 2730 4971 parte
2747 4914 2853 4971 per
2881 4903 3151 4955 montem
3178 4900 3358 4956 lovis.
3380 4902 3830 4970 Coniunxerunt

2162 4993 2364 5043 autem
2395 5003 2455 5042 se
2487 4991 2734 5059 uterque
2779 4987 3073 5043 exercitus
3123 4988 3201 5044 ad
3233 4988 3451 5044 clusas.
3487 4987 3658 5052 Quod
3690 5002 3830 5042 eum

2161 5077 2540 5148 cognovisset
2556 5076 2935 5150 Desyderius,
2950 5078 3072 5146 regi
3086 5082 3144 5134 et
3161 5077 3402 5133 Francis
3423 5093 3562 5132 eum
3585 5076 3832 5131 armatis

2160 5166 2418 5224 occurrit
2446 5167 2510 5223 η.
2543 5168 2706 5222 Tunc
2736 5181 2838 5221 rex
2870 5170 3069 5221 castra
3097 5165 3296 5238 posuit
3325 5164 3402 5219 ad
3434 5163 3676 5220 easdem
3709 5162 3833 5219 clu-

2162 5273 2284 5328 sas,
2317 5261 2373 5313 et
2402 5256 2565 5312 misit
2590 5255 2821 5311 occulte
2852 5270 3040 5310 unam
3090 5269 3320 5310 searam
3351 5253 3426 5308 de
3460 5251 3659 5309 electis
3688 5254 3830 5311 viris

2159 5362 2264 5417 per
2284 5349 2590 5401 montana.
2608 5343 2727 5399 Hoc
2753 5342 3013 5398 sentiens
3032 5340 3387 5412 Desyderius
3409 5341 3609 5397 statim
3632 5341 3830 5398 clusas

1763 5468 2011 5526 VARUB
2041 5471 2445 5530 LECTIONES.

465 5596 676 5674 "deum
705 5595 959 5674 armatis
977 5593 1249 5651 occurrit.
1281 5595 1445 5674 Hinc
1474 5598 1699 5674 omissis
1724 5600 1940 5674 mediis
1961 5600 2454 5674 sequiturpannus
2499 5596 2623 5654 794.
2660 5596 2808 5674 Cum
2840 5609 2983 5674 vero
3013 5593 3329 5674 audissent
3372 5612 3434 5652 se
3470 5612 3543 5652 ex
3578 5594 3827 5674 duabus

388 5667 684 5742 partibus,
715 5673 855 5741 etc.,'
883 5668 998 5726 illa
1029 5682 1165 5725 vero
1189 5673 1327 5740 post
1357 5670 1513 5726 anni
1530 5674 1628 5727 801
1667 5671 1868 5729 verba.
1896 5667 2085 5743 Hujus
2109 5670 2385 5730 facﬁonis
2411 5672 2572 5728 fuere
2596 5667 2898 5744 principes
2927 5668 3156 5725 inserta
3180 5674 3342 5725 sunt.
3578 5670 3605 5687 ‘
