4086 6200
237 139 301 192 53

1495 134 1918 194 CHRONICON.
1950 168 2018 181 --
2043 144 2159 198 ΑΝ.
2188 146 2443 205 774-776.

3660 150 3727 239 5:4

234 259 480 335 reliquit,
552 260 609 312 et
627 271 830 330 quam
864 256 1043 329 citius
1067 260 1282 333 potuit,
1309 261 1554 334 Papiam
1608 262 1912 333 ingressus
1950 288 1996 341 Α
2030 270 2294 329 Saxones
2320 270 2585 329 volentes
2612 268 2821 340 ripam
2850 265 3186 341 supradicti
3208 266 3497 326 ﬂuminis
3527 273 3724 330 defen-

235 357 330 408 est.
354 349 479 405 Rex
510 350 717 403 autem
754 362 906 402 cum
949 347 1235 405 omnibus
1287 348 1610 409 auxiliante
1644 353 1915 427 Domino,

235 446 286 497 et
312 436 718 497 intercedente
750 434 944 492 beato
985 439 1173 510 Petro,
1232 440 1361 496 sine
1417 441 1657 499 laesione
1690 442 1916 501 italiam

233 531 531 602 ingressus
558 529 671 597 est,
702 527 764 580 et
790 542 943 582 cum
984 525 1060 582 ad
1091 527 1337 601 Papiam
1366 531 1749 603 pervenisset,
1808 534 1915 588 De—

236 618 538 692 syderium
569 614 951 671 intrinsecus
975 615 1309 674 latitantem
1340 619 1593 692 obsedit,
1625 620 1826 695 ibique
1854 621 1917 678 in

236 724 339 764 sua
365 709 562 763 castra
596 703 938 761 celebravit
984 704 1249 765 natalem
1282 708 1537 778 Domini,
1583 714 1639 766 et
1690 711 1918 783 pascha

236 798 292 854 in
329 798 536 853 Roma.

305 947 477 998 Anno
504 938 842 995 Dominicis
888 939 1318 995 incarnationis
1371 944 1474 996 774
1523 954 1627 997 rex
1668 942 1815 998 dum
1854 942 1917 998 in

236 1031 347 1087 illis
374 1028 650 1103 partibus
678 1042 797 1101 pro
838 1027 1194 1098 hujusmodi
1215 1029 1455 1099 negotio
1482 1046 1715 1087 moram
1767 1031 1919 1088 face-

240 1125 345 1186 ret,
381 1122 651 1176 Saxones
682 1117 1012 1173 occasione
1042 1122 1309 1191 accepta,
1342 1121 1688 1193 postpositis
1716 1137 1915 1178 sacra-

235 1209 475 1276 mentis,
509 1209 570 1263 in
600 1206 835 1262 ﬁnibus
868 1208 1237 1262 Francorum
1296 1208 1587 1281 impetum
1631 1208 1913 1280 fecerunt,

237 1304 295 1355 et
320 1312 523 1370 usque
550 1296 631 1352 ad
662 1300 932 1351 castrum
956 1295 1125 1367 quod
1179 1296 1528 1353 nominatur
1589 1299 1920 1369 Buriaburg

232 1390 575 1453 venerunt;
612 1399 878 1457 quorum
912 1383 1243 1440 adventum
1269 1384 1478 1442 incolae
1507 1387 1620 1443 ioci
1650 1404 1914 1461 praesen-

234 1478 469 1540 tientes,
502 1474 562 1529 in
579 1475 714 1545 jam
745 1473 973 1529 dictam
999 1472 1395 1530 munitionem
1449 1492 1511 1531 se
1542 1480 1912 1549 receperunt.

236 1565 421 1635 igitur
440 1578 583 1619 eum
612 1560 874 1635 praefata
898 1576 1048 1632 gens
1081 1563 1335 1618 saeviens
1363 1564 1639 1637 coepisset
1674 1562 1918 1623 forinse-

234 1668 342 1710 cus
394 1652 685 1707 villarum
728 1649 985 1706 aediﬁcia
1037 1665 1439 1719 eoneremare,
1499 1658 1792 1711 venerunt
1838 1655 1917 1712 ad

235 1741 556 1815 quandam
584 1738 912 1795 basilicam
938 1739 1001 1794 in
1028 1738 1164 1795 loco
1196 1741 1299 1812 qui
1325 1740 1541 1797 dicitur
1585 1741 1916 1812 Friedislar,

235 1842 427 1904 quam
459 1833 686 1885 sanctae
746 1827 1057 1882 memoriae
1114 1828 1460 1885 Bonifacius
1490 1834 1719 1903 martyr
1774 1849 1918 1888 con-

235 1919 515 1988 secravit,
573 1922 761 1989 atque
804 1930 914 1989 per
965 1916 1293 1989 prophetiae
1316 1917 1593 1990 spiritum
1645 1921 1921 1993 praedixit

232 2008 403 2083 quod
449 2020 776 2079 nunquam
827 2004 1108 2061 incendio
1157 2010 1538 2063 cremaretur.
1602 2010 1921 2081 Creperunt

233 2100 440 2153 autem
462 2092 703 2168 praefati
762 2095 1033 2149 Saxones
1093 2094 1259 2149 omni
1313 2094 1641 2151 intentione
1692 2099 1918 2152 certare

233 2182 532 2241 adversus
559 2181 825 2239 eandem
848 2181 1183 2250 basilicam,
1212 2183 1735 2254 quemadmodum
1781 2200 1919 2241 eam

236 2288 343 2347 per
367 2271 688 2346 quodlibet
716 2271 1031 2340 ingenium
1062 2269 1200 2341 igne
1245 2280 1509 2328 cremare
1562 2272 1914 2344 potuissent.

236 2365 302 2418 Et
339 2362 495 2416 dum
539 2361 672 2416 hinc
733 2361 1002 2428 agerent,
1084 2363 1495 2431 apparuerunt
1545 2357 1917 2431 quibusdam

239 2448 591 2507 Christianis
613 2448 913 2520 quierant
941 2446 1005 2501 in
1032 2446 1292 2512 castello,
1321 2446 1501 2502 simul
1548 2447 1918 2519 quibusdam

242 2539 501 2612 paganis
525 2537 633 2610 qui
653 2537 716 2592 in
745 2535 965 2591 eodem
1000 2538 1171 2591 erant
1198 2535 1484 2601 exercitu,
1515 2535 1638 2591 duo
1662 2537 1917 2606 juvenes

243 2630 306 2685 in
339 2627 493 2684 albis
518 2625 909 2694 vestimentis,
932 2624 1042 2696 qui
1070 2624 1269 2697 ipsam
1292 2623 1605 2679 basilicam
1642 2624 1729 2681 ab
1779 2625 1918 2697 igne

236 2716 659 2792 protegebant,
720 2720 775 2770 et
822 2718 1145 2787 propterea
1195 2727 1317 2768 non
1347 2717 1670 2785 potuerunt
1720 2726 1918 2789 neque

236 2807 488 2864 interius
512 2816 709 2878 neque
741 2800 1004 2859 extarius
1052 2802 1256 2871 ignem
1316 2803 1660 2859 aecendere.
1689 2804 1919 2863 interea

235 2902 389 2954 nutu
417 2896 628 2952 divino
656 2892 990 2965 majestatis
1023 2906 1247 2965 pavore
1278 2891 1586 2963 perterriti,
1619 2893 1681 2949 in
1708 2893 1916 2966 fugam

236 2986 515 3045 conversi
590 2989 750 3055 sunt,
808 2982 1056 3039 nemine
1135 2987 1549 3054 persequente.
1636 2984 1915 3043 Inventus
1952 2988 1996 3043 Ο

236 3082 443 3134 autem
475 3079 566 3131 est
588 3078 798 3147 postea
826 3086 993 3128 unus
1022 3086 1098 3125 ex
1122 3069 1349 3126 eisdem
1387 3070 1723 3129 Saxonibus
1752 3091 1914 3132 mor-

237 3173 378 3223 tuus
414 3168 589 3237 juxta
609 3165 801 3237 ipsam
827 3160 1171 3230 basilicam,
1215 3158 1384 3215 ﬂexis
1440 3162 1713 3232 genibus,
1747 3165 1917 3223 accli-

234 3258 329 3313 nis
362 3269 551 3328 supra
572 3254 778 3327 pedes,
814 3252 1059 3308 habens
1089 3249 1293 3319 ignem
1323 3254 1380 3305 et
1416 3249 1577 3320 ligna
1602 3250 1664 3307 in
1719 3254 1914 3310 mani-

237 3347 376 3411 bus,
436 3348 498 3400 et
548 3343 703 3400 velut
753 3356 857 3399 ore
922 3340 1103 3396 ﬂaret
1158 3337 1470 3395 basilicam
1519 3345 1910 3400 crematurus.

238 3440 395 3493 Dum
418 3436 549 3491 haec
580 3437 861 3504 aguntur,
896 3429 1148 3489 Carolus
1176 3444 1211 3484 a
1261 3430 1449 3486 Roma
1496 3445 1768 3488 reversus
1826 3451 1916 3492 ve-

233 3525 322 3582 nit
350 3523 622 3597 Papiam,
654 3522 977 3596 ipsamque
1037 3517 1337 3574 civitatem
1389 3519 1572 3575 armis
1629 3522 1802 3595 cepit,
1827 3525 1913 3582 in-

237 3624 423 3688 super
448 3608 840 3684 Desyderium
870 3623 1083 3680 regem
1138 3622 1277 3663 cum
1308 3622 1492 3664 uxore
1524 3624 1634 3665 sua
1660 3611 1717 3665 et
1766 3609 1910 3683 ﬁlia,

235 3718 609 3776 omnemque
658 3703 1016 3759 thesaurum
1066 3696 1295 3771 palatii,
1346 3697 1548 3772 ibique
1606 3700 1911 3758 venientes

236 3805 453 3847 omnes
481 3790 856 3862 Langobardi
904 3789 982 3845 de
1034 3786 1269 3843 cunctis
1310 3785 1647 3843 civitatibus
1708 3787 1905 3858 italiae,

235 3879 373 3950 ejus
401 3892 465 3934 se
492 3879 890 3935 subdiderunt
908 3874 1331 3936 dominationi.
1391 3873 1710 3947 Adalgisus
1766 3890 1909 3934 vero

236 3967 408 4023 ﬁlius
435 3968 733 4039 Desyderii
753 3968 943 4037 regis,
977 3966 1123 4034 t‘uga
1146 3963 1353 4037 lapsus
1402 3978 1567 4020 mare
1625 3963 1905 4035 introivit,

236 4059 299 4111 et
331 4054 912 4129 Constantinopolim
974 4053 1253 4127 perrexit.
1311 4051 1554 4109 Carolus
1586 4052 1908 4125 subjugata

234 4144 405 4201 Itaiia
432 4149 494 4199 et
516 4145 811 4214 ordinata,
847 4142 1190 4200 custodiam
1222 4142 1583 4199 Francorum
1613 4141 1675 4198 in
1725 4142 1908 4217 Papia

234 4233 548 4289 dimittens
603 4249 739 4289 cum
785 4246 1014 4304 magno
1046 4231 1349 4304 triumpho
1379 4231 1439 4286 in
1470 4233 1780 4289 Franciam
1818 4248 1905 4289 re-

2023 357 2163 416 dere
2192 379 2204 418 :
2238 359 2561 417 auxiliante
2589 356 2860 414 Domino
2906 359 2962 413 et
2986 354 3206 413 Franci
3240 356 3717 431 decertantibus,

2025 446 2242 520 fugatis
2274 449 2630 519 Saxonibus,
2656 445 2879 503 Franci
2938 445 3159 502 ambas
3192 445 3376 520 ripas
3397 466 3718 523 occupave-

2022 539 2180 605 runt,
2214 541 2269 593 et
2290 536 2462 601 multi
2484 540 2771 595 Saxones
2802 533 2980 589 occisi
3013 536 3169 590 sunt.
3199 535 3377 591 Tunc
3405 554 3525 602 rex,
3564 535 3710 592 divi-

2023 624 2174 681 dens
2201 627 2545 692 exercitum,
2589 622 2865 695 sumpsit
2898 638 3103 679 secum
3128 626 3393 694 partem,
3422 623 3702 697 perrexit-

2022 730 2140 786 que
2184 732 2375 790 usque
2428 715 2507 773 ad
2578 714 2927 771 Obacerum
2993 710 3271 778 ﬂuvium,
3340 712 3438 767 ubi
3490 728 3698 767 omnes

2022 804 2336 862 orientales
2362 807 2625 862 Saxones
2658 802 2969 859 venientes
2994 790 3132 856 cum
3175 800 3509 857 Hassinone
3542 799 3696 855 duce

2024 894 2558 965 eorum,dederunt
2580 892 2826 950 obsides
2853 891 3024 963 juxta
3041 888 3203 962 quod
3223 888 3448 961 placuit
3469 888 3612 955 regi,
3636 890 3692 943 et

2018 984 2372 1054 juraverunt
2392 987 2794 1041 sacramenta.
2830 979 3015 1038 Simul
3054 994 3124 1036 eo
3153 982 3480 1033 revertente
3510 992 3689 1032 vene-

2021 1076 2162 1129 runt
2190 1072 2465 1143 Angrarii
2494 1072 2556 1129 in
2586 1087 2750 1146 pago
2789 1069 2893 1143 qui
2916 1068 3129 1125 dicitur
3160 1066 3345 1121 Bucki
3394 1082 3517 1121 una
3550 1080 3688 1121 cum

2026 1164 2298 1218 Brunone
2328 1162 2479 1217 duce
2509 1177 2741 1228 eorum,
2777 1162 2835 1214 et
2865 1159 3125 1214 fecerunt
3171 1155 3322 1212 sicut
3371 1152 3690 1210 orientales

2023 1252 2289 1307 Saxones
2319 1250 2597 1307 fecerant.
2623 1254 2851 1306 interea
2899 1264 3037 1309 cum
3087 1244 3323 1302 Francis
3344 1244 3450 1316 qui
3509 1258 3691 1317 super

2024 1339 2276 1395 ﬂuvium
2309 1339 2594 1411 Wisaram
2625 1339 3056 1401 remanserant,
3119 1335 3386 1390 Saxones
3415 1348 3692 1405 pugnam

2022 1427 2474 1497 commiserunt,
2526 1432 2603 1496 et,
2656 1430 2775 1483 Deo
2831 1424 3141 1496 largiente,
3195 1421 3401 1478 Franci
3446 1421 3693 1478 victoria

2022 1517 2190 1588 potiti
2212 1521 2372 1587 sunt,
2400 1520 2457 1572 et
2484 1515 2688 1589 plures
2714 1532 2788 1572 ex
2823 1512 3159 1572 Saxonibus
3211 1510 3503 1568 interiecti
3532 1516 3689 1571 sunt.

1959 1635 1997 1691 Β
2025 1605 2160 1661 Haec
2186 1606 2437 1661 audiens
2466 1620 2591 1677 rex,
2622 1605 2840 1661 iterum
2876 1619 3055 1676 super
3070 1603 3335 1660 Saxones
3362 1616 3505 1658 cum
3524 1617 3693 1657 exer-

2028 1694 2147 1751 citu
2174 1694 2406 1751 irruens
2436 1693 2688 1750 multam
2712 1697 2975 1767 stragem
3004 1690 3163 1767 fecit,
3184 1693 3241 1745 et
3267 1689 3541 1763 praedam
3593 1706 3694 1747 co—

2028 1782 2260 1857 piosam
2295 1782 2450 1855 cepit
2480 1799 2660 1850 super
2692 1781 3084 1857 Westphalos,
3124 1783 3181 1835 et
3206 1779 3398 1835 coacti
3450 1779 3696 1836 obsides

2027 1870 2338 1927 dederunt.
2417 1870 2742 1926 Obsidibus
2798 1871 3000 1945 itaque
3056 1867 3328 1941 receptis,
3383 1872 3441 1925 et
3490 1869 3698 1944 praeda

2028 1958 2219 2017 multo
2243 1962 2438 2033 capta,
2462 1975 2567 2015 rex
2596 1958 2657 2016 in
2694 1962 3006 2017 Franciam
3058 1973 3354 2028 reversus,
3384 1957 3487 2014 ubi
3545 1974 3697 2015 nun-

2028 2048 2239 2107 tiatum
2265 2054 2355 2105 est
2381 2051 2455 2122 ei,
2480 2048 2650 2123 quod
2686 2049 3046 2119 Rotgandus
3074 2045 3508 2117 Langobardus
3538 2051 3698 2123 post-

2025 2152 2259 2209 ponens
2284 2130 2467 2193 ﬁdem
2495 2141 2552 2193 et
2589 2142 2974 2196 sacramenta
3005 2137 3294 2195 adversus
3337 2153 3480 2193 eum
3509 2136 3697 2193 rebel-

2025 2224 2149 2285 lare
2170 2225 2516 2298 disponeret
2549 2243 2562 2294 ;
2595 2226 2803 2283 statim
2832 2226 2944 2282 illis
2970 2226 3030 2281 in
3083 2224 3357 2300 partibus
3397 2224 3506 2281 iter
3553 2224 3695 2281 arri-

2026 2313 2174 2387 puit,
2206 2318 2263 2369 et
2284 2313 2607 2371 celebravit
2634 2316 2902 2372 natalem
2927 2313 3159 2371 Domini
3181 2311 3244 2373 in
3264 2313 3404 2369 vilia
3434 2329 3571 2386 qua),
3608 2312 3695 2368 di-

2027 2403 2177 2461 citur
2196 2403 2519 2459 Scezistadt
2546 2404 2607 2458 in
2632 2403 2906 2461 Elisacio.

2098 2492 2114 2512 *
2143 2492 2386 2563 [Eodem
2409 2492 2452 2527 ¹⁹
2485 2498 2753 2564 tempore
2796 2493 3055 2550 Veneciae
3086 2492 3215 2549 dux
3257 2498 3507 2563 propter
3535 2493 3691 2549 invi-

2027 2581 2188 2641 diam
2215 2587 2267 2638 et
2301 2583 2547 2649 insidias
2580 2583 3034 2654 aliquantorum
3105 2582 3498 2652 Venetiarum,
3538 2583 3691 2639 dan-

2028 2676 2112 2727 tes
2140 2672 2504 2727 occasionem
2534 2672 2607 2739 εἰ,
2658 2678 2724 2727 ut
2758 2672 2978 2735 Carolo
3030 2672 3158 2742 regi
3206 2672 3514 2728 Veneciam
3571 2677 3694 2729 tra-

2027 2761 2169 2821 dere
2226 2762 2422 2829 vellet,
2485 2776 2522 2818 a
2579 2762 2703 2821 suis
2763 2761 3100 2821 hominibus
3153 2762 3201 2795 ²⁰
3256 2767 3466 2832 captus
3496 2767 3598 2829 est,
3633 2767 3688 2818 et

2030 2851 2609 2921 Constantinopolim
2641 2851 2724 2908 ad
2753 2852 3215 2909 Constantinum
3269 2852 3689 2927 imperatorem

2026 2941 2085 2996 in
2119 2940 2367 2997 exilium
2400 2942 2789 2998 transmissus
2820 2946 2923 2997 est.
2959 2941 3148 3010 Quam
3180 2955 3303 2998 rem
3332 2940 3486 2998 idem
3511 2943 3690 3010 impe-

2026 3034 2196 3085 rator
2216 3029 2536 3100 diligenter
2558 3031 2880 3102 exquirens
2902 3036 2957 3087 et
2982 3029 3414 3101 fraudulentas
3440 3025 3708 3088 insidias‘

2035 3118 2417 3177 Venetiarum
2457 3124 2666 3191 aperte
2721 3134 3101 3189 cognoscens,
3163 3119 3410 3175 illorum
3457 3120 3689 3177 incusa-

2025 3206 2212 3265 tiones
2236 3223 2353 3277 pro
2383 3207 2611 3265 nichilo
2642 3207 2842 3279 duxit,
2875 3213 2929 3264 et
2954 3207 3205 3265 eundem
3236 3206 3443 3264 ducem
3471 3208 3686 3264 Ant/ii-

2015 3302 2266 3364 patrum
2292 3294 2545 3371 patricii
2567 3297 2735 3367 fecit.
2770 3297 2952 3365 Quem
2979 3312 3113 3354 cum
3145 3298 3341 3369 legato
3372 3302 3428 3353 et
3477 3298 3685 3369 episto-

2024 3386 2085 3445 la
2140 3401 2251 3444 sua
2307 3386 2388 3444 ad
2450 3387 2747 3445 Venetiam
2788 3387 3038 3458 remisit,
3071 3393 3123 3444 et
3155 3387 3219 3442 in
3239 3387 3501 3459 propria
3549 3386 3683 3443 sede

2020 3489 2151 3531 eum
2175 3475 2609 3533 honorabiliter
2629 3477 2907 3534 restituit.
2926 3477 3082 3534 Nam
3107 3482 3243 3547 post
3263 3481 3511 3533 mortem
3528 3479 3681 3547 ejus-

2021 3565 2151 3623 dem
2185 3566 2571 3624 Constantini
2605 3566 2889 3635 praedicti
2917 3565 3165 3623 rebelles
3216 3565 3424 3633 ducem
3477 3563 3681 3621 interi-

2019 3670 2177 3710 mere
2201 3654 2596 3710 conabantur.
2633 3654 2896 3721 Quorum
2924 3654 3241 3710 consilium
3261 3652 3391 3709 dum
3406 3652 3680 3723 procaci-

2020 3748 2109 3798 ter
2149 3742 2506 3812 praevidens,
2552 3742 2839 3810 Nico/“oro
2895 3741 3247 3810 imperatori
3302 3741 3467 3797 illico
3518 3756 3676 3796 nun-

2017 3831 2299 3889 ciandum
2330 3830 2489 3885 misit
2517 3842 2540 3900 ,'
2568 3830 3051 3889 animadvertam
3106 3834 3304 3887 autem
3348 3830 3678 3900 imperator

2018 3918 2126 3985 hoc
2145 3920 2408 3988 facinus,
2439 3932 2579 3974 mox
2606 3918 2881 3975 Nicelam
2913 3919 3245 3987 patricium
3305 3917 3387 3973 ad
3436 3919 3675 3976 investi-

2012 4010 2279 4079 gandum
2311 4024 2553 4066 causam
2582 4009 2645 4064 in
2696 4009 2996 4066 Venetiam
3026 4010 3229 4079 misit;
3285 4010 3395 4081 qui
3443 4004 3553 4066 illo
3584 4025 3676 4067 ve-

2013 4099 2200 4166 niens,
2252 4098 2577 4167 patefactis
2625 4098 2841 4167 culpis,
2877 4096 3187 4155 duodecim
3213 4112 3289 4155 ex
3317 4098 3441 4154 illis
3467 4099 3671 4167 inﬁdis

2013 4185 2498 4255 comprehendit;
2526 4200 2671 4256 quos
2696 4199 2894 4241 secum
2946 4183 3232 4267 reducens
3276 4187 3457 4254 jussu
3489 4186 3668 4256 impe-

2010 4276 2231 4331 ratoris
2256 4275 2321 4329 in
2340 4274 2711 4345 ergastulum
2738 4288 2875 4329 cum
2906 4274 3030 4331 vita
3053 4272 3395 4341 destinavit.
3426 4276 3507 4345 7.]

234 4326 566 4421 πνευῖἷθῗί
597 4341 611 4421 Ξ
641 4328 699 4379 εί
727 4338 867 4421 οιξηὲ
894 4321 1161 4379 venisset
1183 4320 1244 4375 in
1270 4320 1471 4421 “cu”?
1524 4318 1627 4421 ‘1‘“
1680 4320 1894 4421 ἀέθίῖυτ
1932 4343 1977 4399 1)
2011 4318 3507 4419 '“ne;"agsiaggzggsz;uzg."$;ista;
3562 4380 3665 4421 rex

234 4411 697 4483 Hengiii'nheim,
730 4411 890 4468 misit
917 4414 1177 4485 quatuor
1203 4420 1406 4465 scaras
1437 4410 1497 4465 in
1528 4410 1852 4468 Saxoniam
1881 4429 1894 4467 :

232 4504 351 4556 tres
406 4512 686 4574 pugnam
745 4516 885 4556 cum
940 4498 1280 4557 Saxonibus
1336 4498 1617 4570 inierunt,
1668 4498 1725 4556 et
1778 4503 1899 4556 Deo

231 4590 566 4647 auxiliante
596 4590 847 4646 victores
890 4589 1241 4656 extiterunt;
1296 4593 1511 4660 quarta
1560 4604 1702 4645 vero
1732 4605 1902 4647 scara

228 4692 359 4734 non
384 4679 603 4735 habuit
626 4690 920 4752 pugnam,
955 4679 1060 4734 sed
1084 4682 1262 4751 capta
1285 4677 1492 4750 praeda
1541 4693 1766 4748 magna
1814 4694 1901 4735 re-

227 4768 393 4823 versi
425 4772 570 4823 sunt
598 4768 658 4824 in
680 4768 1010 4838 Franciam,
1042 4772 1097 4823 et
1126 4766 1444 4823 celebravit
1488 4780 1591 4822 rex
1636 4768 1899 4824 natalem

228 4858 481 4915 Domini
508 4859 571 4914 in
600 4858 914 4928 Carisiaco,
948 4863 1003 4915 et
1032 4857 1262 4932 pascha
1288 4854 1576 4912 similiter.

302 4989 489 5040 Anno
520 4983 842 5040 Dominicaa
894 4983 1325 5041 incarnationis
1378 4988 1480 5038 775
1537 4999 1641 5040 rex
1690 4983 1903 5040 habuit

235 5074 555 5145 synodum
580 5074 643 5130 in
670 5073 811 5131 vilia
834 5091 969 5147 quae
1000 5074 1215 5131 dicitur
1244 5072 1442 5144 Duria,
1474 5079 1531 5130 et
1554 5073 1696 5131 inde
1725 5075 1903 5131 Saxo-

240 5163 406 5233 niam
416 5180 681 5237 pergens
705 5164 1023 5236 Sigiburgh
1043 5168 1305 5222 castrum
1325 5162 1495 5239 cepit,
1521 5164 1901 5234 Heresburgh

235 5248 644 5322 reaediﬁeavit,
678 5269 858 5326 super
889 5253 1183 5311 Wisaram
1211 5251 1465 5308 ﬂuvium
1490 5253 1649 5309 venit
1706 5252 1768 5308 in
1810 5250 1899 5309 lo-

230 5356 383 5398 cum
433 5342 539 5416 qui
592 5341 806 5398 dicitur
860 5342 1240 5413 Brunisberg,
1274 5340 1378 5398 ubi
1406 5346 1793 5399 occurrerunt
1848 5342 1901 5400 ei

2009 4449 2237 4507 Italiam
2265 4450 2593 4523 ingressus,
2627 4448 3145 4521 Forojulianorum
3194 4452 3394 4521 partes
3437 4451 3663 4521 petivit,
3733 4438 3737 4443 ⁷

2010 4539 2392 4611 Rotgaudum
2420 4539 2701 4597 rebellem
2732 4541 2979 4611 captum
3004 4536 3289 4595 decollari
3342 4538 3534 4608 jussit,
3585 4540 3665 4607 ad

2009 4628 2339 4687 Tarvisium
2369 4628 2667 4686 civitatem
2696 4626 2878 4699 venit,
2910 4627 3113 4700 ibique
3138 4624 3370 4698 pascha
3398 4624 3663 4683 celebra-

2007 4717 2110 4790 vit,
2168 4722 2226 4775 et
2276 4717 2564 4775 ordinatis
2611 4716 2812 4787 rebus,
2861 4714 3153 4773 derelictis
3198 4713 3552 4772 custodibus
3590 4732 3665 4773 ex

2012 4807 2248 4864 Francis
2276 4806 2337 4864 in
2366 4806 2705 4864 civitatibus
2731 4822 2870 4880 quae
2919 4805 3214 4863 adversus
3268 4819 3411 4861 eum
3461 4820 3665 4864 sense-

2008 4900 2162 4964 rant,
2189 4895 2251 4952 in
2284 4893 2592 4955 Franciam
2623 4910 2762 4951 cum
2806 4891 3198 4967 prosperitate
3234 4908 3506 4951 reversus
3553 4900 3662 4955 est.

2010 4989 2237 5042 interea
2259 4989 2543 5055 Saxones,
2578 4983 2816 5059 cognita
2838 4982 3112 5047 absentia
3139 4983 3316 5055 regis,
3372 5001 3539 5043 more
3570 5002 3666 5042 so-

2007 5074 2111 5131 lito
2166 5076 2356 5150 ruptis
2404 5072 2796 5132 sacramentis
2839 5072 3125 5143 inimum
3152 5073 3514 5144 conglobati,
3550 5075 3665 5133 He-

2007 5163 2302 5236 resburgh
2380 5166 2641 5220 castrum
2720 5160 3179 5233 aggrediuntur,
3259 5162 3667 5221 fraudulenter

2013 5254 2258 5311 Francis
2280 5252 2554 5321 suadent,
2583 5253 2649 5325 ut
2673 5249 2750 5307 de
2776 5254 2970 5309 castro
2992 5256 3225 5320 exeant,
3258 5255 3317 5309 et
3343 5269 3484 5311 cum
3512 5268 3665 5327 pace

2008 5343 2072 5399 in
2096 5343 2354 5418 patriam
2384 5344 2653 5415 pergant.
2685 5341 2799 5399 Sed
2817 5357 2969 5406 cum
2997 5340 3077 5398 illi
3107 5341 3420 5401 fallacibUS
3467 5343 3663 5405 moni-
3693 5388 3699 5399 .

1618 5439 1852 5495 VARizE
1894 5441 2291 5499 LECTIONES.

310 5529 361 5561 ιθ
385 5525 617 5603 Eodem
656 5530 922 5602 tempore
949 5527 1217 5586 Venecise
1245 5526 1393 5601 dux,
1420 5533 1554 5597 etc.,
1588 5544 1773 5603 usque
1799 5530 1861 5586 in
1880 5530 2081 5602 ﬁnem,
2114 5530 2371 5588 habetur
2398 5531 2461 5588 in
2480 5536 2609 5593 cote
2627 5530 2828 5589 mdiee
2873 5536 2925 5587 '7.

228 5590 459 5673 captus
488 5598 698 5659 codex.

3028 5530 3079 5567 ²⁰
3108 5545 3146 5588 a
3201 5528 3662 5587 suis'om'nibns
