4076 6212
349 215 414 270 55
1475 202 1856 263 REGINONIS
1893 200 2306 257 PRUMIENSIS
2344 204 2656 260 ABBATIS.
3705 212 3772 264 56

347 333 420 389 tis
452 331 701 388 minime
728 347 1042 388 assensum
1093 331 1450 404 praeberent,
1509 329 1821 386 machinas
1859 343 2008 400 prae-
2043 325 2093 378 A
2124 331 2448 395 gustanam
2477 329 2659 385 ubem
2689 330 2963 402 perrexit,
3002 331 3101 387 ubi
3139 330 3589 386 innumerabilis
3619 332 3775 387 mul-

349 427 585 496 parant,
611 423 1006 479 munitionem
1038 421 1353 477 obsidione
1377 421 1643 492 cingunt,
1677 424 1734 475 et
1759 417 2012 474 summis

349 512 580 568 viribus
615 516 860 578 certant,
895 510 1000 565 sed
1027 509 1173 565 nihil
1212 510 1555 583 proﬁciunt.
1591 508 1864 574 Quadam
1912 507 2014 562 ita-

349 618 469 674 que
500 602 596 656 die
636 617 773 656 cum
823 600 1038 654 iterum
1100 599 1364 655 redivivo
1423 599 1747 654 certamine
1790 596 2014 652 bellum

352 694 684 762 parassent,
716 688 996 761 apparuit
1021 688 1211 757 gloria
1241 688 1339 744 Dei
1370 687 1682 743 manifeste
1700 702 1884 758 supra
1911 685 2017 740 do-

351 795 520 835 mum
548 777 832 846 ecclesiae,
861 793 998 849 quae
1029 781 1156 832 erat
1183 777 1338 832 infra
1371 777 1572 849 ipsum
1601 780 1883 842 castrum,
1933 773 2017 829 vi-

351 866 630 922 dentibus
660 865 883 934 multis,
945 871 1065 921 tam
1122 866 1465 922 Christianis
1517 882 1702 937 quam
1741 863 2014 936 paganis.

353 959 502 1012 Nam
532 955 655 1009 duo
683 958 854 1009 scuta
885 960 1299 1026 apparuerunt
1324 970 1506 1027 supra
1525 953 1838 1026 praefatam
1862 952 2018 1008 basi-

348 1045 528 1100 licam
577 1043 910 1114 sanguineo
939 1043 1136 1098 colore
1190 1043 1586 1108 ﬂammantia,
1639 1048 1695 1098 et
1744 1043 1900 1098 velut
1957 1043 2016 1096 in

352 1132 558 1206 prtelio
597 1132 969 1204 quibusdam
1001 1133 1264 1188 motibus
1291 1133 1595 1202 agitantia.
1658 1135 1860 1204 Itaque
1907 1147 2017 1203 pa-

355 1221 495 1292 gani
521 1223 636 1276 hoc
671 1221 911 1290 signum
945 1221 1324 1293 aspicientes,
1367 1221 1577 1276 timore
1603 1224 1660 1276 et
1701 1219 2016 1275 formidine

351 1311 559 1383 repleti
579 1326 721 1365 mox
747 1310 808 1365 in
841 1309 1048 1380 fugam
1081 1310 1350 1366 conversi
1383 1314 1541 1378 sunt,
1601 1315 1658 1365 et
1686 1309 1746 1364 in
1790 1314 2020 1365 tantam

354 1400 680 1456 amentiam
711 1400 1101 1467 devenerunt,
1135 1404 1218 1467 ut,
1251 1399 1463 1454 strictis
1510 1399 1748 1467 gladiis,
1798 1397 2022 1452 mutuis

356 1505 418 1545 se
448 1489 632 1545 armis
662 1488 1067 1544 confoderent.
1104 1490 1338 1552 Quanto
1367 1503 1510 1542 vero
1535 1487 1619 1541 illi
1643 1487 1779 1558 plus
1799 1501 2023 1558 pavore

355 1578 647 1651 perterriti
674 1577 974 1646 fugerunt,
1009 1580 1174 1632 tanto
1213 1576 1408 1645 magis
1455 1575 1766 1632 Christiani
1795 1574 2026 1630 confor-

356 1666 462 1722 tati
479 1665 950 1736 omnipotentem
980 1663 1302 1720 Dominum
1324 1663 1677 1733 laudabant,
1696 1663 1800 1736 qui
1824 1663 2023 1719 salvos

361 1753 500 1808 facit
541 1756 850 1825 sperantes
878 1751 939 1806 in
975 1767 1054 1806 se.
1091 1754 1172 1805 Ex
1192 1751 1478 1823 praedicto
1515 1751 1693 1820 igitur
1720 1752 1853 1807 loco
1883 1768 2023 1806 cum

362 1846 528 1898 tanta
554 1841 906 1897 confusione
937 1839 1330 1912 discedentes,
1375 1846 1667 1897 venerunt
1725 1841 1804 1897 ad
1861 1840 2024 1898 aliud

362 1935 630 1988 castrum
661 1929 828 2003 quod
859 1929 1196 2002 appellatur
1225 1930 1582 2001 Desuburgh
1608 1934 1741 1998 (13),
1791 1929 1895 1985 ubi
1925 1947 2026 1985 vo-

362 2020 604 2074 luerunt
636 2017 906 2074 similiter
930 2017 1146 2086 facere,
1179 2017 1306 2084 sed,
1340 2021 1460 2072 Deo
1491 2017 1811 2074 auxiliante
1846 2021 2023 2074 Fran-

367 2108 571 2180 cisque
595 2107 679 2163 eis
704 2105 945 2162 viriliter
973 2105 1473 2178 repugnantibus,
1508 2106 1653 2162 nihil
1691 2106 2023 2179 praevalue-

367 2200 523 2252 runt.
559 2195 856 2268 Oppidani
881 2210 1020 2250 vero
1049 2194 1345 2266 persecuti
1383 2200 1522 2250 sunt
1569 2211 1672 2251 eos
1701 2211 1894 2267 usque
1946 2195 2026 2251 ad

367 2285 594 2339 ﬂumen
615 2283 782 2355 quod
811 2283 998 2355 Lippa
1035 2282 1268 2350 dicitur,
1298 2287 1354 2338 et
1391 2283 1612 2338 multos
1645 2299 1718 2338 ex
1740 2283 1823 2338 eis
1843 2283 2024 2339 inter-

367 2373 654 2428 fecerunt.
687 2375 891 2443 Itaque
935 2387 1038 2425 rex
1083 2370 1466 2426 Wormatiam
1519 2372 1788 2438 veniens,
1848 2389 2025 2445 syno-

370 2463 518 2517 dum
547 2461 954 2534 placitumque
983 2460 1294 2532 publicum
1324 2461 1407 2515 ibi
1440 2461 1642 2528 tenuit,
1665 2466 1740 2528 et,
1774 2461 2026 2518 concilio

372 2551 588 2620 soluto,
612 2567 751 2606 mox
786 2553 1091 2607 Saxonum
1122 2548 1274 2605 ﬁnes
1300 2550 1650 2622 penetravit,
1683 2554 1739 2606 et
1757 2551 1918 2606 velut
1943 2551 2029 2606 in-

370 2656 516 2710 gens
541 2643 860 2713 tempestas
890 2639 1095 2696 omnia
1143 2639 1481 2711 prosternit,
1541 2639 1901 2695 munitiones
1953 2640 2028 2695 ir-

368 2729 629 2803 rumpit;
671 2731 936 2785 Saxones
961 2728 1252 2800 perterriti
1304 2728 1384 2784 ad
1434 2729 1635 2784 locum
1683 2729 1788 2784 ubi
1842 2729 2030 2801 Lippa

367 2819 552 2876 oritur
579 2822 889 2884 venerunt,
920 2816 1004 2872 ibi
1026 2832 1088 2871 se
1109 2820 1164 2871 et
1211 2833 1386 2872 suam
1411 2817 1668 2888 patriam
1692 2817 1816 2887 regi
1844 2817 2026 2873 tradi-

368 2909 602 2975 derunt,
636 2912 694 2963 et
719 2906 1175 2979 spoponderunt
1201 2923 1262 2961 se
1285 2907 1644 2964 Christianos
1672 2923 1800 2963 esse
1844 2907 2027 2963 debe-

366 3013 450 3052 re.
477 2999 639 3051 Tunc
667 3011 771 3050 rex
803 3009 924 3051 una
955 3010 1093 3050 cum
1127 2995 1362 3050 Francis
1408 2996 1765 3052 restauravit
1818 2997 2026 3051 Heres-
2066 3021 2106 3076 ρ

368 3086 566 3157 burgh
598 3089 861 3141 castrum
891 3089 947 3140 et
994 3085 1158 3140 aliud
1210 3089 1472 3140 castrum
1517 3102 1696 3158 super
1750 3086 2022 3158 Lippam,

371 3175 475 3231 ubi
507 3175 810 3231 venientes
845 3176 1108 3231 Saxones
1139 3191 1261 3230 una
1291 3192 1430 3230 cum
1461 3175 1749 3230 uxoribus
1793 3180 1849 3230 et
1895 3192 2029 3248 par-

368 3263 520 3319 vulis
574 3262 1030 3319 innumerabilis
1096 3263 1416 3319 multitudo
1459 3263 1739 3335 baptizati
1789 3267 1927 3318 sunt
1965 3263 2027 3318 in

369 3353 616 3408 nomine
657 3357 876 3408 sanctae
906 3351 1220 3408 Trinitatis.
1256 3353 1520 3407 Posthaec
1550 3351 1792 3407 obsides
1839 3367 2030 3424 quan-

366 3447 459 3497 tos
486 3457 590 3498 rex
615 3440 855 3515 expetiit
882 3441 1174 3498 dederunt
1199 3459 1211 3507 ;
1237 3439 1573 3496 reformatis
1600 3444 1798 3495 autem
1826 3439 2031 3495 castel-

368 3531 438 3586 lis
463 3530 874 3603 custodiisque
929 3529 1251 3602 dispositis,
1317 3528 1560 3586 Carolus
1610 3529 1670 3582 in
1721 3529 2030 3585 Franciam

368 3619 698 3687 revertitur,
732 3624 788 3674 et
819 3617 1136 3675 celebravit
1164 3617 1427 3674 natalem
1456 3617 1687 3672 Domini
1725 3616 1787 3672 in
1838 3618 2031 3674 Heris-

370 3708 530 3764 tellio
555 3712 613 3764 et
639 3708 872 3782 pascha
902 3707 963 3763 in
984 3706 1374 3778 Noviomago.

439 3800 615 3854 Anno
648 3797 969 3854 Dominicaa
993 3797 1420 3852 incarnationis
1451 3802 1552 3851 777
1578 3813 1682 3852 rex
1707 3797 2029 3854 Saxoniam

365 3886 672 3955 ingressus
692 3884 979 3956 placitum
1000 3883 1186 3937 tenuit
1201 3883 1260 3937 in
1277 3883 1411 3938 loco
1426 3883 1531 3953 qui
1549 3884 1762 3939 dicitur
1781 3885 2029 3940 Padres-

366 3973 628 4039 brunna,
654 3971 758 4026 ubi
783 3987 993 4026 omnes
1023 3970 1291 4026 Saxones
1323 3975 1752 4036 convenerunt,
1783 3977 2030 4041 excepto

367 4059 754 4127 Witichindis,
785 4061 887 4132 qui
919 4076 1058 4116 cum
1087 4059 1296 4132 paucis
1319 4057 1662 4115 Saxonibus
1679 4058 1739 4112 in
1762 4059 2031 4130 partibus

370 4148 769 4204 Nortmannite
795 4148 1078 4217 confugit.
1112 4152 1173 4203 In
1201 4147 1417 4204 eodem
1461 4147 1641 4202 etiam
1693 4145 1826 4202 loco
1855 4161 2032 4202 vene-

369 4242 511 4292 runt
529 4237 837 4294 Sarraceni
859 4238 932 4292 de
950 4237 1223 4309 partibus
1255 4235 1570 4309 Hispaniae,
1600 4246 1859 4308 quorum
1904 4237 2032 4291 haec

371 4330 513 4382 sunt
532 4326 801 4382 nomina.
827 4325 1015 4396 Ibina,
1047 4325 1258 4381 Larabi
1287 4329 1344 4381 et
1394 4323 1551 4380 ﬁlius
1604 4324 1874 4391 Devizefi,
1929 4324 2032 4397 qui

365 4416 494 4487 jam
533 4417 760 4490 Joseph
793 4413 1240 4482 nominabatur,
1275 4419 1332 4470 et
1352 4429 1533 4484 gener
1549 4415 1697 4486 ejus,
1721 4413 1823 4469 ubi
1850 4414 2029 4470 etiam

371 4504 690 4562 multitudo
719 4507 1024 4562 Saxonum
1049 4503 1350 4575 baptizata
1403 4508 1496 4559 est
1549 4507 1606 4559 et
1653 4502 2030 4561 sacramenta

374 4597 710 4650 secundum
791 4593 1287 4649 consuetudinem
1345 4593 1657 4662 dederunt,
1715 4599 1780 4649 ut
1823 4595 2029 4667 perde—

371 4687 503 4740 rent
564 4681 994 4753 ingenuitatem
1058 4686 1115 4738 et
1158 4698 1401 4738 omnem
1443 4682 1870 4755 haereditatem,
1916 4683 2033 4740 nisi

373 4776 801 4828 conservarent
831 4774 1176 4844 susceptam
1195 4771 1689 4829 Christianitatem
1708 4777 1763 4829 et
1781 4773 2032 4844 promis-

373 4877 505 4918 sam
534 4861 879 4918 fidelitatem
917 4861 1075 4933 regis
1134 4865 1190 4918 et
1240 4861 1500 4919 ﬁliorum
1549 4863 1695 4934 ejus,
1750 4878 1860 4918 nec
1908 4879 2030 4919 non

374 4951 553 5007 etiam
581 4957 637 5008 et
663 4953 1046 5008 Francorum.
1083 4952 1329 5009 Carolus
1361 4953 1420 5008 in
1480 4953 1787 5008 Franciam
1843 4969 2032 5010 rever-

375 5056 477 5095 sus
507 5040 826 5097 celebravit
855 5041 1117 5096 natalem
1150 5041 1383 5096 Domini
1410 5039 1472 5096 in
1514 5040 1790 5109 Duciaco,
1820 5047 1877 5098 et
1900 5059 2033 5115 pas-

374 5129 489 5185 cha
511 5128 574 5184 in
600 5129 918 5201 Aquitania
941 5129 1002 5183 in
1031 5129 1172 5184 villa
1197 5145 1328 5201 quae
1360 5129 1576 5186 dicitur
1605 5131 1959 5201 Casinogilo.

445 5219 620 5273 Anno
653 5218 971 5273 Dominicae
1011 5217 1438 5273 incarnationis
1470 5222 1574 5274 778
1606 5219 1852 5276 Carolus
1893 5235 2033 5274 cum

376 5305 636 5362 exercitu
656 5306 1004 5378 Hispaniam
1024 5305 1329 5375 ingressus
1355 5311 1462 5378 est,
1497 5308 1657 5363 venit
1676 5324 1818 5364 vero
1839 5308 2034 5379 primo

376 5394 458 5452 ad
485 5396 900 5468 Pampilonem
949 5395 1267 5464 civitatem,
1324 5395 1541 5452 deinde
1598 5398 1671 5454 ad
1733 5397 2032 5453 Caesarau-

2124 414 2311 470 titudo
2333 417 2405 472 de
2436 418 2706 489 partibus
2740 419 3091 486 Burgundiae
3121 425 3175 474 et
3203 419 3520 474 Austrasiae
3547 420 3642 475 vel
3663 422 3773 475 Ba-

2118 503 2324 574 joariae
2355 522 2459 560 seu
2488 507 2808 563 Provinciae
2868 513 2923 564 et
2973 508 3364 581 Septimaniae,
3416 524 3555 579 pars
3595 509 3775 564 etiam

2125 594 2659 663 Langobardorum
2689 596 2750 651 in
2776 597 3063 653 auxilium
3091 599 3456 652 Francorum
3487 613 3774 653 convene-

2123 688 2283 738 runt.
2315 685 2634 740 Obsidione
2655 685 2854 759 itaque
2884 687 3076 743 cincta
3105 687 3337 742 civitate
3369 685 3549 741 territi
3580 688 3778 743 Sarra—

2125 772 2274 840 ceni,
2300 774 2609 830 obsidione
2630 775 2829 848 itaque
2855 777 3048 832 cincta
3077 776 3307 832 civitate
3344 775 3523 831 territi
3572 778 3776 833 Sarra-

2126 863 2274 929 ceni,
2304 863 2544 919 obsides
2577 864 2870 921 dederunt
2890 871 2946 921 et
2962 866 3324 921 immensum
3355 865 3594 938 pondus
3621 867 3774 923 auri.

2128 953 2336 1022 Ejectis
2359 953 2558 1026 itaque
2588 956 2926 1011 Sarracenis
2964 956 3038 1011 de
3079 955 3447 1027 Pampilona,
3471 955 3778 1028 murisque

2127 1041 2400 1111 ejusdem
2433 1043 2677 1098 civitatis
2704 1044 2934 1112 dirutis,
2975 1043 3462 1116 Vasconibusque
3493 1043 3776 1115 subjuga-

2126 1131 2219 1201 tis,
2247 1131 2646 1188 in'Franciam
2667 1134 2996 1190 revertitur.

2200 1223 2429 1275 Interea
2460 1223 2725 1276 Saxones
2753 1223 3062 1279 audientes
3115 1222 3283 1295 quod
3337 1223 3582 1278 Carolus
3637 1240 3779 1279 cum

2130 1309 2365 1364 Francis
2417 1314 2539 1364 tam
2597 1310 2777 1383 longa
2806 1317 3093 1368 terrarum
3126 1311 3331 1384 spacia
3369 1311 3447 1367 ab
3493 1313 3576 1368 eis
3625 1317 3784 1368 esset

2130 1403 2460 1468 separatus,
2501 1399 2789 1455 suadente
2839 1401 3223 1457 Widichindo
3286 1401 3618 1456 secundum
3647 1417 3784 1457 con-

2133 1487 2512 1541 suetudinem
2538 1487 2752 1544 iterum
2781 1489 3046 1544 rebellati
3105 1495 3262 1556 sunt,
3309 1495 3365 1545 et
3413 1490 3490 1545 ad
3539 1489 3781 1546 Duriam

2133 1577 2418 1639 castrum,
2451 1575 2615 1646 quod
2657 1577 2910 1632 Coloniae
2939 1576 3154 1634 civitati
3186 1578 3532 1648 contiguum
3555 1583 3664 1645 est,
3689 1596 3784 1634 us-

2062 1677 2101 1729 B
2131 1676 2248 1731 que
2273 1667 2577 1728 venerunt,
2613 1665 2895 1731 caedibus,
2927 1666 3151 1738 rapinis
3182 1672 3238 1722 et
3274 1667 3561 1722 incendiis
3578 1667 3785 1723 omnia

2130 1749 2538 1807 devastantes.
2577 1754 2747 1820 Quod
2779 1771 2916 1810 cum
2947 1755 3286 1810 nuntiatum
3317 1760 3472 1810 esset
3524 1756 3650 1826 regi
3699 1772 3787 1812 re-

2130 1840 2375 1895 vertenti
2407 1845 2462 1896 et
2482 1842 2612 1911 jam
2669 1844 3062 1899 commoranti
3111 1844 3486 1899 Autisiodoro
3544 1845 3784 1914 civitati,

2131 1925 2291 1982 misit
2319 1927 2481 1982 idem
2507 1929 2784 2001 princeps
2815 1946 3049 1987 scaram
3079 1947 3264 1987 unam
3286 1947 3358 1986 ex
3379 1931 3575 1988 electis
3626 1932 3785 2005 viris,

2132 2030 2268 2086 quae
2297 2031 2506 2072 eorum
2537 2018 2827 2074 violentiae
2857 2019 3170 2076 resisteret.
3220 2022 3484 2077 Saxones
3545 2021 3788 2077 audien-

2133 2107 2218 2158 tes
2248 2105 2717 2164 incolumitatem
2746 2110 2902 2179 regis
2931 2116 2986 2166 et
3016 2111 3341 2167 adventum
3401 2114 3784 2178 Francorum,

2133 2192 2194 2248 in
2217 2193 2424 2263 fugam
2456 2199 2726 2253 conversi
2786 2204 2968 2269 sunt;
3018 2217 3172 2273 quos
3220 2202 3432 2256 Franci
3458 2217 3488 2256 e
3540 2201 3788 2272 vestigio

2135 2288 2469 2356 sequentes,
2492 2293 2838 2359 repererunt
2864 2305 2966 2344 eos
2996 2305 3175 2362 super
3205 2290 3457 2346 ﬂuvium
3486 2290 3657 2361 cujus
3681 2307 3788 2346 vo-

2135 2371 2420 2428 cabulum
2449 2375 2810 2445 estAdarna,
2842 2377 2903 2432 in
2949 2378 3080 2434 loco
3135 2379 3240 2451 qui
3291 2378 3506 2434 dicitur
3560 2379 3786 2447 Lihesi;

2135 2459 2239 2514 ubi
2270 2477 2478 2533 pugna
2507 2469 2703 2536 empta
2734 2471 2790 2522 et
2818 2467 3004 2533 ﬁnita,
3039 2468 3246 2524 Franci
3301 2467 3623 2524 auxiliante
3681 2470 3789 2524 Do-

2136 2550 2304 2606 mino
2334 2552 2585 2608 victores
2616 2555 2953 2623 extiterunt,
3000 2562 3056 2612 et
3111 2557 3432 2613 multitudo
3481 2559 3786 2613 Saxonum

2136 2644 2224 2695 est
2242 2640 2324 2695 ibi
2349 2641 2564 2697 occisa.
2591 2646 2655 2697 Et
2685 2643 3004 2700 celebravit
3032 2661 3134 2700 rex
3164 2646 3427 2702 natalem
3461 2646 3692 2702 Domini
3721 2646 3782 2702 in

2137 2728 2456 2783 Heristellio
2483 2733 2539 2784 et
2568 2731 2792 2801 pascha
2824 2731 3108 2787 similiter.

2207 2821 2377 2870 Anno
2411 2815 2730 2872 Dominicaa
2757 2819 3181 2875 incarnationis
3213 2824 3315 2875 779
3354 2823 3597 2878 Carolus
3634 2824 3792 2880 venit

2134 2905 2196 2958 in
2225 2903 2450 2972 villam,
2481 2921 2616 2976 quas
2645 2905 2857 2962 dicitur
2885 2908 3466 2980 Compendium,ubi
3493 2926 3553 2965 se
3578 2912 3794 2968 obtulit

2135 2992 2574 3049 Hildebrandus
2594 2994 3090 3067 [Spoletanorum]
3105 2996 3228 3050 dux
3251 3013 3388 3052 cum
3415 2999 3788 3068 muneribus,

2134 3084 2385 3155 ejusque
2415 3083 2807 3139 dominationi
2837 3101 2897 3140 se
2931 3085 3214 3141 subdidit.
3251 3085 3472 3142 Eodem
3503 3101 3665 3142 anno
3697 3103 3791 3159 sy-

2136 3172 2364 3227 nodum
2397 3173 2584 3228 tenuit
2609 3172 2668 3228 in
2698 3174 2898 3240 Durio,
2931 3180 2986 3229 et
3014 3179 3150 3246 post
3179 3176 3308 3230 haec
3340 3175 3656 3232 Saxoniam
3705 3177 3792 3232 in-

2137 3276 2378 3329 gressus
2401 3276 2590 3332 usque
2621 3260 2699 3316 ad
2755 3262 3002 3334 Lippam
3031 3263 3213 3319 venit.
3269 3264 3475 3319 Conati
3521 3269 3660 3320 sunt
3690 3281 3791 3320 au-

2137 3354 2253 3405 tem
2290 3351 2552 3406 Saxones
2581 3349 2848 3405 resistere
2874 3353 2935 3406 in
2955 3350 3087 3408 loco
3113 3352 3218 3424 qui
3270 3352 3482 3408 dicitur
3507 3354 3787 3419 Buochol,

2139 3439 2244 3494 sed
2265 3439 2412 3493 nihil
2441 3439 2897 3510 praevaluerunt.
2927 3446 3145 3514 Aperta
3175 3446 3376 3498 autem
3405 3443 3501 3498 via
3551 3443 3794 3499 Westfa-

2137 3527 2310 3583 luvos
2334 3527 2810 3598 subjugaverunt
2833 3534 2889 3584 et
2917 3546 3128 3586 omnes
3175 3534 3438 3588 Saxones
3483 3531 3587 3604 qui
3637 3531 3792 3588 ultra

2141 3616 2439 3672 Wisaram
2473 3618 3022 3674 commorabantur.
3056 3620 3306 3675 Veniens
3341 3625 3541 3676 autem
3571 3636 3676 3676 rex
3729 3621 3791 3676 in

2137 3706 2269 3762 loco
2294 3706 2399 3778 qui
2428 3710 2677 3762 vocatur
2706 3707 3019 3776 Medofulli,
3070 3708 3298 3780 accepit
3329 3708 3569 3764 obsides
3593 3714 3650 3764 et
3705 3724 3794 3764 sa-

2140 3800 2447 3851 cramenta
2478 3811 2514 3850 a
2550 3796 2906 3867 Saxonibus,
2937 3796 3042 3868 qui
3071 3796 3149 3852 ab
3202 3812 3272 3852 eo
3324 3797 3682 3864 defecerant,
3738 3801 3795 3853 et

2139 3901 2413 3940 reversus
2441 3889 2530 3941 est
2569 3884 2629 3939 in
2677 3885 3003 3951 Franciam,
3056 3889 3114 3940 et
3161 3884 3484 3941 celebravit
3529 3885 3792 3941 natalem

2141 3973 2376 4026 Domini
2398 3972 2458 4025 in
2490 3973 2810 4027 Wormatia
2840 3972 3089 4038 civitate,
3123 3977 3178 4028 et
3220 3972 3450 4044 pascha
3505 3972 3788 4030 similiter.

2212 4063 2383 4113 Anno
2413 4059 2730 4113 Dominicae
2761 4059 3189 4114 incarnationis
3209 4065 3312 4116 780
3342 4062 3586 4118 Carolus
3615 4065 3797 4118 Saxo-

2140 4146 2301 4202 niam
2335 4146 2635 4214 ingressus
2666 4147 2742 4201 ad
2770 4145 3146 4216 Heresburgh
3199 4149 3378 4219 venit,
3433 4154 3488 4205 et
3518 4149 3657 4205 inde
3715 4150 3797 4207 ad

2140 4235 2341 4291 locum
2363 4233 2466 4288 ubi
2500 4233 2682 4306 Lippa
2711 4235 3038 4304 consurgit,
3058 4240 3114 4291 et
3138 4236 3220 4292 ibi
3250 4239 3552 4310 synodum
3581 4238 3788 4294 tenuit.

2143 4323 2283 4380 Inde
2312 4338 2668 4396 progressus
2702 4323 2779 4378 ad
2809 4323 3045 4380 Albiam
3093 4324 3348 4381 ﬂuvium
3395 4328 3567 4394 venit,
3623 4331 3681 4382 et
3731 4327 3794 4383 in

2137 4412 2270 4484 ipso
2301 4411 2503 4467 itinere
2534 4411 3022 4482 Bardogavenses
3052 4417 3109 4469 et
3137 4415 3306 4470 multi
3353 4416 3427 4471 de
3475 4415 3794 4472 Nortliudis

2137 4499 2420 4572 baptizati
2450 4503 2591 4556 sunt
2618 4500 2680 4555 in
2708 4500 2840 4556 loco
2861 4501 2966 4573 qui
2996 4501 3209 4557 dicitur
3257 4503 3581 4575 Horheym,
3637 4504 3793 4560 ultra

2141 4590 2475 4647 Obaccrum
2501 4585 2772 4656 ﬂuvium,
2804 4594 2860 4645 et
2889 4592 3157 4663 pervenit
3214 4608 3402 4664 usque
3458 4594 3534 4648 ad
3591 4593 3795 4648 locum

2141 4679 2245 4735 ubi
2273 4683 2409 4735 Jora
2439 4679 2685 4735 conﬂuit
2709 4679 2768 4734 in
2822 4679 3015 4736 Albia.
3072 4681 3381 4753 Dispositis
3439 4682 3639 4755 itaque
3671 4687 3794 4738 tam

2144 4769 2480 4828 Saxonibus
2505 4785 2690 4840 quam
2750 4769 2992 4836 Sclavis,
3053 4770 3114 4824 in
3171 4771 3478 4826 Franciam
3517 4788 3793 4828 reversus

2139 4863 2244 4917 est.
2281 4859 2427 4916 Inito
2457 4863 2658 4914 autem
2689 4858 2957 4925 consilio,
2984 4863 3048 4914 ut
3079 4862 3328 4914 Romam
3356 4866 3628 4932 pergeret
3660 4877 3796 4916 ora-

2143 4949 2318 5005 tionis
2345 4964 2527 5004 causa
2557 4955 2696 5002 cum
2727 4947 2982 5017 conjuge
3039 4947 3415 5018 Hildegarda,
3477 4950 3800 5006 celebravit

2142 5038 2402 5095 natalem
2436 5036 2668 5092 Domini
2697 5035 2758 5091 in
2785 5036 2965 5107 Papia
2993 5037 3242 5093 civitate.

2215 5129 2389 5183 Anno
2421 5126 2738 5182 Dominicae
2769 5125 3194 5182 incarnationis
3251 5131 3344 5182 781
3398 5128 3641 5184 Carolus
3689 5128 3800 5182 iter

2142 5231 2398 5290 pergens
2427 5213 2743 5270 celebravit
2769 5214 2998 5287 pascha
3021 5214 3081 5269 in
3111 5218 3316 5281 Roma,
3350 5220 3404 5270 et
3433 5215 3513 5270 ibi
3537 5214 3802 5288 baptiza-

2143 5311 2240 5362 tus
2273 5310 2363 5361 est
2381 5303 2539 5360 ﬁlius
2561 5305 2688 5375 ejus
2720 5305 3002 5377 Pippinus
3027 5304 3102 5360 ab
3123 5305 3381 5359 Adriano
3405 5320 3584 5376 papa,
3619 5304 3723 5377 qui
3745 5308 3803 5359 et

2143 5396 2271 5470 ipse
2289 5411 2429 5451 eum
2451 5394 2524 5450 de
2551 5410 2722 5451 sacro
2748 5395 2907 5450 fonte
2938 5394 3216 5466 suscepit,
3246 5399 3301 5450 et
3329 5393 3450 5450 duo
3477 5393 3580 5449 ﬁlii
3604 5395 3733 5464 ejus
3765 5409 3804 5449 a

1983 5489 2204 5542 NOTAE.

1983 5490 2024 5542 N
2079 5489 2120 5542 Τ
2163 5489 2204 5540 ³.

452 5573 557 5646 (13)
591 5574 962 5646 Reginonem
991 5572 1302 5632 annallum
1335 5574 1804 5633 Laurissensium
1832 5487 2193 5634 verba
2216 5573 2594 5640 intellexisse,
2640 5587 2749 5626 nec
2781 5570 2874 5626 hic
2904 5570 2978 5626 de
3027 5568 3142 5625 alio
3173 5576 3365 5628 castro
3412 5570 3525 5627 nisi
3550 5571 3624 5627 de
3659 5571 3808 5642 Sigi-

381 5644 574 5713 burgo
597 5644 936 5703 sermonem
963 5661 1094 5703 esse
1122 5660 1299 5718 posse
1320 5646 1577 5719 quisque
1604 5648 1782 5706 videt.
