  <div class='ocr_page' id='page_1' title='image "/cluster/home/n/w/nwhite01/storage/ocr_20150623/132/hvd.32044054759931/034.png"; bbox 0 0 4076 6212; ppageno 0'>
   <div class='ocr_carea' id='block_1_1' title="bbox 253 221 3677 314">
    <p class='ocr_par' dir='ltr' id='par_1_1' title="bbox 253 221 3677 314">
     <span class='ocr_line' id='line_1_1' title="bbox 253 221 3677 314; baseline 0.002 -6"><span class='ocrx_word' id='word_1_1' title='bbox 253 258 319 308; x_wconf 83' lang='lat'>57</span> <span class='ocrx_word' id='word_1_2' title='bbox 581 221 585 224; x_wconf 61' lang='grc'><em>’</em></span> <span class='ocrx_word' id='word_1_3' title='bbox 704 301 710 306; x_wconf 75' lang='lat'>,</span> <span class='ocrx_word' id='word_1_4' title='bbox 1465 257 1888 314; x_wconf 67' lang='lat' dir='ltr'>cnnomcon.</span> <span class='ocrx_word' id='word_1_5' title='bbox 1930 257 2150 310; x_wconf 78' lang='lat' dir='ltr'>—&#39;AN.</span> <span class='ocrx_word' id='word_1_6' title='bbox 2191 258 2447 313; x_wconf 82' lang='lat'><strong>782-787.</strong></span> <span class='ocrx_word' id='word_1_7' title='bbox 3605 261 3677 314; x_wconf 83' lang='lat'><strong>58</strong></span> 
     </span>
    </p>
   </div>
   <div class='ocr_carea' id='block_1_2' title="bbox 252 376 3674 454">
    <p class='ocr_par' dir='ltr' id='par_1_2' title="bbox 252 376 3674 454">
     <span class='ocr_line' id='line_1_2' title="bbox 252 376 3674 454; baseline 0.002 -23"><span class='ocrx_word' id='word_1_8' title='bbox 252 376 590 448; x_wconf 89' lang='lat' dir='ltr'>supradicto</span> <span class='ocrx_word' id='word_1_9' title='bbox 638 378 918 450; x_wconf 88' lang='lat' dir='ltr'>pontiﬁce</span> <span class='ocrx_word' id='word_1_10' title='bbox 963 379 1190 436; x_wconf 89' lang='lat' dir='ltr'>inuncti</span> <span class='ocrx_word' id='word_1_11' title='bbox 1234 386 1373 436; x_wconf 91' lang='lat' dir='ltr'>sunt</span> <span class='ocrx_word' id='word_1_12' title='bbox 1419 382 1479 438; x_wconf 94' lang='lat' dir='ltr'>in</span> <span class='ocrx_word' id='word_1_13' title='bbox 1514 398 1703 452; x_wconf 89' lang='lat' dir='ltr'>reges,</span> <span class='ocrx_word' id='word_1_14' title='bbox 1744 381 1904 436; x_wconf 90' lang='lat' dir='ltr'>idem</span> <span class='ocrx_word' id='word_1_15' title='bbox 1944 381 1993 434; x_wconf 88' lang='lat' dir='ltr'><strong>A</strong></span> <span class='ocrx_word' id='word_1_16' title='bbox 2017 395 2124 451; x_wconf 90' lang='lat' dir='ltr'>per</span> <span class='ocrx_word' id='word_1_17' title='bbox 2151 381 2412 436; x_wconf 82' lang='lat' dir='ltr'>Saxones</span> <span class='ocrx_word' id='word_1_18' title='bbox 2440 381 2625 447; x_wconf 83' lang='lat' dir='ltr'>irruit,</span> <span class='ocrx_word' id='word_1_19' title='bbox 2674 381 2779 453; x_wconf 88' lang='lat' dir='ltr'>qui</span> <span class='ocrx_word' id='word_1_20' title='bbox 2833 397 2894 436; x_wconf 87' lang='lat' dir='ltr'>se</span> <span class='ocrx_word' id='word_1_21' title='bbox 2942 380 3312 438; x_wconf 80' lang='lat' dir='ltr'>sociaverant</span> <span class='ocrx_word' id='word_1_22' title='bbox 3351 398 3532 454; x_wconf 84' lang='lat' dir='ltr'>super</span> <span class='ocrx_word' id='word_1_23' title='bbox 3561 382 3674 438; x_wconf 88' lang='lat' dir='ltr'>ﬂu-</span> 
     </span>
    </p>
   </div>
   <div class='ocr_carea' id='block_1_3' title="bbox 249 457 1904 544">
    <p class='ocr_par' dir='ltr' id='par_1_3' title="bbox 249 457 1904 544">
     <span class='ocr_line' id='line_1_3' title="bbox 249 457 1904 544; baseline 0.003 -25"><span class='ocrx_word' id='word_1_24' title='bbox 249 465 531 539; x_wconf 88' lang='lat' dir='ltr'>Pippinus</span> <span class='ocrx_word' id='word_1_25' title='bbox 561 484 741 540; x_wconf 88' lang='lat' dir='ltr'><strong>super</strong></span> <span class='ocrx_word' id='word_1_26' title='bbox 764 468 1014 535; x_wconf 88' lang='lat' dir='ltr'>Italiam,</span> <span class='ocrx_word' id='word_1_27' title='bbox 1045 469 1400 526; x_wconf 84' lang='lat' dir='ltr'>Ludowicus</span> <span class='ocrx_word' id='word_1_28' title='bbox 1444 457 1623 544; x_wconf 75' lang='lat' dir='ltr'>super</span> <span class='ocrx_word' id='word_1_29' title='bbox 1664 471 1904 544; x_wconf 81' lang='lat' dir='ltr'>Aquita-</span> 
     </span>
    </p>
   </div>
   <div class='ocr_carea' id='block_1_4' title="bbox 245 554 1904 634">
    <p class='ocr_par' dir='ltr' id='par_1_4' title="bbox 245 554 1904 634">
     <span class='ocr_line' id='line_1_4' title="bbox 245 554 1904 634; baseline 0.005 -26"><span class='ocrx_word' id='word_1_30' title='bbox 245 554 429 609; x_wconf 83' lang='lat' dir='ltr'>niam.</span> <span class='ocrx_word' id='word_1_31' title='bbox 463 556 604 611; x_wconf 92' lang='lat' dir='ltr'>Inde</span> <span class='ocrx_word' id='word_1_32' title='bbox 634 573 910 612; x_wconf 76' lang='lat' dir='ltr'>reversus</span> <span class='ocrx_word' id='word_1_33' title='bbox 940 559 1100 614; x_wconf 88' lang='lat' dir='ltr'>venit</span> <span class='ocrx_word' id='word_1_34' title='bbox 1129 560 1546 629; x_wconf 86' lang='lat' dir='ltr'>Mediolanum,</span> <span class='ocrx_word' id='word_1_35' title='bbox 1576 561 1678 618; x_wconf 90' lang='lat' dir='ltr'>ubi</span> <span class='ocrx_word' id='word_1_36' title='bbox 1711 561 1904 634; x_wconf 90' lang='lat' dir='ltr'>bapti-</span> 
     </span>
    </p>
   </div>
   <div class='ocr_carea' id='block_1_5' title="bbox 245 645 1901 724">
    <p class='ocr_par' dir='ltr' id='par_1_5' title="bbox 245 645 1901 724">
     <span class='ocr_line' id='line_1_5' title="bbox 245 645 1901 724; baseline 0.004 -26"><span class='ocrx_word' id='word_1_37' title='bbox 245 648 375 699; x_wconf 89' lang='lat' dir='ltr'>zata</span> <span class='ocrx_word' id='word_1_38' title='bbox 400 649 487 700; x_wconf 90' lang='lat' dir='ltr'>est</span> <span class='ocrx_word' id='word_1_39' title='bbox 515 645 636 700; x_wconf 90' lang='lat' dir='ltr'>ﬁlia</span> <span class='ocrx_word' id='word_1_40' title='bbox 677 647 804 716; x_wconf 92' lang='lat' dir='ltr'>ejus</span> <span class='ocrx_word' id='word_1_41' title='bbox 857 647 1015 703; x_wconf 91' lang='lat' dir='ltr'>Gisla</span> <span class='ocrx_word' id='word_1_42' title='bbox 1058 649 1134 704; x_wconf 93' lang='lat' dir='ltr'>ab</span> <span class='ocrx_word' id='word_1_43' title='bbox 1179 651 1628 724; x_wconf 87' lang='lat' dir='ltr'>archiepiscopo</span> <span class='ocrx_word' id='word_1_44' title='bbox 1655 651 1901 716; x_wconf 89' lang='lat' dir='ltr'>Thoma,</span> 
     </span>
    </p>
   </div>
   <div class='ocr_carea' id='block_1_6' title="bbox 243 733 1903 812">
    <p class='ocr_par' dir='ltr' id='par_1_6' title="bbox 243 733 1903 812">
     <span class='ocr_line' id='line_1_6' title="bbox 243 733 1903 812; baseline 0.004 -25"><span class='ocrx_word' id='word_1_45' title='bbox 243 733 347 804; x_wconf 89' lang='lat' dir='ltr'>qui</span> <span class='ocrx_word' id='word_1_46' title='bbox 373 737 429 789; x_wconf 93' lang='lat' dir='ltr'>et</span> <span class='ocrx_word' id='word_1_47' title='bbox 456 733 584 806; x_wconf 92' lang='lat' dir='ltr'>ipse</span> <span class='ocrx_word' id='word_1_48' title='bbox 616 751 751 791; x_wconf 88' lang='lat' dir='ltr'>eam</span> <span class='ocrx_word' id='word_1_49' title='bbox 781 752 817 792; x_wconf 90' lang='lat' dir='ltr'>a</span> <span class='ocrx_word' id='word_1_50' title='bbox 843 753 1012 793; x_wconf 90' lang='lat' dir='ltr'>sacro</span> <span class='ocrx_word' id='word_1_51' title='bbox 1044 737 1202 795; x_wconf 88' lang='lat' dir='ltr'>fonte</span> <span class='ocrx_word' id='word_1_52' title='bbox 1247 739 1484 796; x_wconf 86' lang='lat' dir='ltr'>levavit.</span> <span class='ocrx_word' id='word_1_53' title='bbox 1546 741 1644 796; x_wconf 83' lang='lat' dir='ltr'>His</span> <span class='ocrx_word' id='word_1_54' title='bbox 1692 741 1771 796; x_wconf 91' lang='lat' dir='ltr'>ita</span> <span class='ocrx_word' id='word_1_55' title='bbox 1799 756 1903 812; x_wconf 91' lang='lat' dir='ltr'>pe-</span> 
     </span>
    </p>
   </div>
   <div class='ocr_carea' id='block_1_7' title="bbox 241 822 1902 902">
    <p class='ocr_par' dir='ltr' id='par_1_7' title="bbox 241 822 1902 902">
     <span class='ocr_line' id='line_1_7' title="bbox 241 822 1902 902; baseline 0.005 -26"><span class='ocrx_word' id='word_1_56' title='bbox 241 822 441 890; x_wconf 88' lang='lat' dir='ltr'>ractis,</span> <span class='ocrx_word' id='word_1_57' title='bbox 474 840 746 880; x_wconf 86' lang='lat' dir='ltr'>reversus</span> <span class='ocrx_word' id='word_1_58' title='bbox 767 830 856 882; x_wconf 90' lang='lat' dir='ltr'>est</span> <span class='ocrx_word' id='word_1_59' title='bbox 881 828 942 881; x_wconf 89' lang='lat' dir='ltr'>in</span> <span class='ocrx_word' id='word_1_60' title='bbox 968 829 1295 885; x_wconf 91' lang='lat' dir='ltr'>Franciam.</span> <span class='ocrx_word' id='word_1_61' title='bbox 1339 833 1444 886; x_wconf 88' lang='lat' dir='ltr'>Per</span> <span class='ocrx_word' id='word_1_62' title='bbox 1468 831 1526 886; x_wconf 91' lang='lat' dir='ltr'>id</span> <span class='ocrx_word' id='word_1_63' title='bbox 1558 836 1794 902; x_wconf 84' lang='lat' dir='ltr'>tempus</span> <span class='ocrx_word' id='word_1_64' title='bbox 1821 829 1902 884; x_wconf 90' lang='lat' dir='ltr'>le-</span> 
     </span>
    </p>
   </div>
   <div class='ocr_carea' id='block_1_8' title="bbox 243 911 1899 992">
    <p class='ocr_par' dir='ltr' id='par_1_8' title="bbox 243 911 1899 992">
     <span class='ocr_line' id='line_1_8' title="bbox 243 911 1899 992; baseline 0.004 -26"><span class='ocrx_word' id='word_1_65' title='bbox 243 911 364 981; x_wconf 88' lang='lat' dir='ltr'>gati</span> <span class='ocrx_word' id='word_1_66' title='bbox 411 913 740 984; x_wconf 86' lang='lat' dir='ltr'>apostolici,</span> <span class='ocrx_word' id='word_1_67' title='bbox 803 918 1120 972; x_wconf 86' lang='lat' dir='ltr'>Formosus</span> <span class='ocrx_word' id='word_1_68' title='bbox 1170 923 1226 972; x_wconf 91' lang='lat' dir='ltr'>et</span> <span class='ocrx_word' id='word_1_69' title='bbox 1275 922 1570 976; x_wconf 88' lang='lat' dir='ltr'>Damasus</span> <span class='ocrx_word' id='word_1_70' title='bbox 1613 918 1899 992; x_wconf 89' lang='lat' dir='ltr'>episcopi,</span> 
     </span>
    </p>
   </div>
   <div class='ocr_carea' id='block_1_9' title="bbox 242 1004 1901 1081">
    <p class='ocr_par' dir='ltr' id='par_1_9' title="bbox 242 1004 1901 1081">
     <span class='ocr_line' id='line_1_9' title="bbox 242 1004 1901 1081; baseline 0.004 -24"><span class='ocrx_word' id='word_1_71' title='bbox 242 1017 382 1058; x_wconf 91' lang='lat' dir='ltr'>cum</span> <span class='ocrx_word' id='word_1_72' title='bbox 413 1004 608 1060; x_wconf 90' lang='lat' dir='ltr'>missis</span> <span class='ocrx_word' id='word_1_73' title='bbox 654 1007 831 1075; x_wconf 89' lang='lat' dir='ltr'>regis,</span> <span class='ocrx_word' id='word_1_74' title='bbox 879 1007 1096 1063; x_wconf 85' lang='lat' dir='ltr'>Siculfo</span> <span class='ocrx_word' id='word_1_75' title='bbox 1147 1009 1461 1081; x_wconf 89' lang='lat' dir='ltr'>capellano</span> <span class='ocrx_word' id='word_1_76' title='bbox 1517 1016 1573 1067; x_wconf 91' lang='lat' dir='ltr'>et</span> <span class='ocrx_word' id='word_1_77' title='bbox 1624 1011 1901 1067; x_wconf 90' lang='lat' dir='ltr'>Euvardo</span> 
     </span>
    </p>
   </div>
   <div class='ocr_carea' id='block_1_10' title="bbox 241 1089 1900 1166">
    <p class='ocr_par' dir='ltr' id='par_1_10' title="bbox 241 1089 1900 1166">
     <span class='ocr_line' id='line_1_10' title="bbox 241 1089 1900 1166; baseline 0.007 -23"><span class='ocrx_word' id='word_1_78' title='bbox 241 1089 525 1160; x_wconf 89' lang='lat' dir='ltr'>magistro</span> <span class='ocrx_word' id='word_1_79' title='bbox 541 1092 747 1149; x_wconf 89' lang='lat' dir='ltr'>directi</span> <span class='ocrx_word' id='word_1_80' title='bbox 772 1101 910 1149; x_wconf 88' lang='lat' dir='ltr'>sunt</span> <span class='ocrx_word' id='word_1_81' title='bbox 934 1095 1011 1150; x_wconf 91' lang='lat' dir='ltr'>ad</span> <span class='ocrx_word' id='word_1_82' title='bbox 1038 1094 1461 1153; x_wconf 89' lang='lat' dir='ltr'>Thassilonem</span> <span class='ocrx_word' id='word_1_83' title='bbox 1483 1098 1722 1166; x_wconf 91' lang='lat' dir='ltr'>ducem,</span> <span class='ocrx_word' id='word_1_84' title='bbox 1737 1116 1900 1154; x_wconf 91' lang='lat' dir='ltr'>com-</span> 
     </span>
    </p>
   </div>
   <div class='ocr_carea' id='block_1_11' title="bbox 239 1185 1902 1257">
    <p class='ocr_par' dir='ltr' id='par_1_11' title="bbox 239 1185 1902 1257">
     <span class='ocr_line' id='line_1_11' title="bbox 239 1185 1902 1257; baseline 0.005 -23"><span class='ocrx_word' id='word_1_85' title='bbox 239 1185 549 1236; x_wconf 88' lang='lat' dir='ltr'>monentes</span> <span class='ocrx_word' id='word_1_86' title='bbox 579 1186 635 1237; x_wconf 90' lang='lat' dir='ltr'>et</span> <span class='ocrx_word' id='word_1_87' title='bbox 663 1187 1066 1240; x_wconf 90' lang='lat' dir='ltr'>contestantes</span> <span class='ocrx_word' id='word_1_88' title='bbox 1086 1201 1160 1240; x_wconf 89' lang='lat' dir='ltr'>ex</span> <span class='ocrx_word' id='word_1_89' title='bbox 1182 1187 1531 1241; x_wconf 86' lang='lat' dir='ltr'>auctoritate</span> <span class='ocrx_word' id='word_1_90' title='bbox 1554 1187 1902 1257; x_wconf 91' lang='lat' dir='ltr'>apostolica,</span> 
     </span>
    </p>
   </div>
   <div class='ocr_carea' id='block_1_12' title="bbox 238 1269 1904 1342">
    <p class='ocr_par' dir='ltr' id='par_1_12' title="bbox 238 1269 1904 1342">
     <span class='ocr_line' id='line_1_12' title="bbox 238 1269 1904 1342; baseline 0.005 -21"><span class='ocrx_word' id='word_1_91' title='bbox 238 1271 304 1322; x_wconf 91' lang='lat' dir='ltr'>ut</span> <span class='ocrx_word' id='word_1_92' title='bbox 330 1269 746 1324; x_wconf 87' lang='lat' dir='ltr'>recordaretur</span> <span class='ocrx_word' id='word_1_93' title='bbox 783 1273 1054 1342; x_wconf 87' lang='lat' dir='ltr'>priorum</span> <span class='ocrx_word' id='word_1_94' title='bbox 1087 1277 1626 1341; x_wconf 86' lang='lat' dir='ltr'>sacramentorum,</span> <span class='ocrx_word' id='word_1_95' title='bbox 1685 1278 1742 1328; x_wconf 89' lang='lat' dir='ltr'>et</span> <span class='ocrx_word' id='word_1_96' title='bbox 1783 1289 1904 1329; x_wconf 89' lang='lat' dir='ltr'>non</span> 
     </span>
    </p>
   </div>
   <div class='ocr_carea' id='block_1_13' title="bbox 241 1355 1902 1431">
    <p class='ocr_par' dir='ltr' id='par_1_13' title="bbox 241 1355 1902 1431">
     <span class='ocr_line' id='line_1_13' title="bbox 241 1355 1902 1431; baseline 0.005 -21"><span class='ocrx_word' id='word_1_97' title='bbox 241 1355 408 1411; x_wconf 91' lang='lat' dir='ltr'>aliter</span> <span class='ocrx_word' id='word_1_98' title='bbox 440 1356 678 1428; x_wconf 86' lang='lat' dir='ltr'>faceret,</span> <span class='ocrx_word' id='word_1_99' title='bbox 710 1358 830 1412; x_wconf 89' lang='lat' dir='ltr'>nisi</span> <span class='ocrx_word' id='word_1_100' title='bbox 860 1359 1010 1414; x_wconf 90' lang='lat' dir='ltr'>sicut</span> <span class='ocrx_word' id='word_1_101' title='bbox 1055 1360 1448 1430; x_wconf 88' lang='lat' dir='ltr'>jurejurando</span> <span class='ocrx_word' id='word_1_102' title='bbox 1490 1361 1618 1431; x_wconf 90' lang='lat' dir='ltr'>jam</span> <span class='ocrx_word' id='word_1_103' title='bbox 1669 1362 1902 1418; x_wconf 91' lang='lat' dir='ltr'>dudum</span> 
     </span>
    </p>
   </div>
   <div class='ocr_carea' id='block_1_14' title="bbox 240 1445 1903 1519">
    <p class='ocr_par' dir='ltr' id='par_1_14' title="bbox 240 1445 1903 1519">
     <span class='ocr_line' id='line_1_14' title="bbox 240 1445 1903 1519; baseline 0.005 -21"><span class='ocrx_word' id='word_1_104' title='bbox 240 1445 627 1516; x_wconf 87' lang='lat' dir='ltr'>premisserat</span> <span class='ocrx_word' id='word_1_105' title='bbox 656 1445 906 1518; x_wconf 87' lang='lat' dir='ltr'>Pippino</span> <span class='ocrx_word' id='word_1_106' title='bbox 936 1448 1059 1518; x_wconf 89' lang='lat' dir='ltr'>regi</span> <span class='ocrx_word' id='word_1_107' title='bbox 1089 1453 1145 1503; x_wconf 91' lang='lat' dir='ltr'>et</span> <span class='ocrx_word' id='word_1_108' title='bbox 1173 1448 1308 1504; x_wconf 89' lang='lat' dir='ltr'>ﬁliis</span> <span class='ocrx_word' id='word_1_109' title='bbox 1339 1451 1488 1519; x_wconf 88' lang='lat' dir='ltr'>ejus.</span> <span class='ocrx_word' id='word_1_110' title='bbox 1522 1451 1614 1505; x_wconf 84' lang='lat' dir='ltr'>His</span> <span class='ocrx_word' id='word_1_111' title='bbox 1633 1451 1903 1506; x_wconf 89' lang='lat' dir='ltr'>admoni-</span> 
     </span>
    </p>
   </div>
   <div class='ocr_carea' id='block_1_15' title="bbox 243 1530 1898 1608">
    <p class='ocr_par' dir='ltr' id='par_1_15' title="bbox 243 1530 1898 1608">
     <span class='ocr_line' id='line_1_15' title="bbox 243 1530 1898 1608; baseline 0.005 -23"><span class='ocrx_word' id='word_1_112' title='bbox 243 1530 505 1587; x_wconf 88' lang='lat' dir='ltr'>tionibus</span> <span class='ocrx_word' id='word_1_113' title='bbox 534 1535 832 1590; x_wconf 88' lang='lat' dir='ltr'>consensit</span> <span class='ocrx_word' id='word_1_114' title='bbox 861 1535 1141 1604; x_wconf 87' lang='lat' dir='ltr'>Thassilo,</span> <span class='ocrx_word' id='word_1_115' title='bbox 1166 1541 1222 1591; x_wconf 90' lang='lat' dir='ltr'>et</span> <span class='ocrx_word' id='word_1_116' title='bbox 1253 1537 1506 1608; x_wconf 91' lang='lat' dir='ltr'>sumptis</span> <span class='ocrx_word' id='word_1_117' title='bbox 1534 1538 1845 1593; x_wconf 82' lang='lat' dir='ltr'>obsidibus</span> <span class='ocrx_word' id='word_1_118' title='bbox 1863 1555 1898 1594; x_wconf 90' lang='lat' dir='ltr'>a</span> 
     </span>
    </p>
   </div>
   <div class='ocr_carea' id='block_1_16' title="bbox 237 1619 1891 1695">
    <p class='ocr_par' dir='ltr' id='par_1_16' title="bbox 237 1619 1891 1695">
     <span class='ocr_line' id='line_1_16' title="bbox 237 1619 1891 1695; baseline 0.006 -22"><span class='ocrx_word' id='word_1_119' title='bbox 237 1635 396 1688; x_wconf 86' lang='lat' dir='ltr'>rege,</span> <span class='ocrx_word' id='word_1_120' title='bbox 429 1619 586 1675; x_wconf 88' lang='lat' dir='ltr'>venit</span> <span class='ocrx_word' id='word_1_121' title='bbox 608 1621 1025 1690; x_wconf 89' lang='lat' dir='ltr'>Wormatiam,</span> <span class='ocrx_word' id='word_1_122' title='bbox 1044 1624 1142 1678; x_wconf 91' lang='lat' dir='ltr'>ubi</span> <span class='ocrx_word' id='word_1_123' title='bbox 1166 1626 1477 1680; x_wconf 85' lang='lat' dir='ltr'>renovavit</span> <span class='ocrx_word' id='word_1_124' title='bbox 1497 1632 1891 1695; x_wconf 90' lang='lat' dir='ltr'>sacramenta,</span> 
     </span>
    </p>
   </div>
   <div class='ocr_carea' id='block_1_17' title="bbox 2016 469 3674 543">
    <p class='ocr_par' dir='ltr' id='par_1_17' title="bbox 2016 469 3674 543">
     <span class='ocr_line' id='line_1_17' title="bbox 2016 469 3674 543; baseline 0.002 -20"><span class='ocrx_word' id='word_1_125' title='bbox 2016 469 2197 534; x_wconf 91' lang='lat' dir='ltr'>vium,</span> <span class='ocrx_word' id='word_1_126' title='bbox 2231 470 2400 539; x_wconf 91' lang='lat' dir='ltr'>cujus</span> <span class='ocrx_word' id='word_1_127' title='bbox 2429 470 2792 526; x_wconf 89' lang='lat' dir='ltr'>vocabulum</span> <span class='ocrx_word' id='word_1_128' title='bbox 2823 475 2910 526; x_wconf 91' lang='lat' dir='ltr'>est</span> <span class='ocrx_word' id='word_1_129' title='bbox 2937 474 3070 526; x_wconf 81' lang='lat' dir='ltr'>Asa.</span> <span class='ocrx_word' id='word_1_130' title='bbox 3108 470 3188 526; x_wconf 88' lang='lat' dir='ltr'>lbi</span> <span class='ocrx_word' id='word_1_131' title='bbox 3221 472 3433 526; x_wconf 83' lang='lat' dir='ltr'>iterum</span> <span class='ocrx_word' id='word_1_132' title='bbox 3466 486 3674 543; x_wconf 86' lang='lat' dir='ltr'>pugna</span> 
     </span>
    </p>
   </div>
   <div class='ocr_carea' id='block_1_18' title="bbox 2013 558 3670 633">
    <p class='ocr_par' dir='ltr' id='par_1_18' title="bbox 2013 558 3670 633">
     <span class='ocr_line' id='line_1_18' title="bbox 2013 558 3670 633; baseline 0.002 -20"><span class='ocrx_word' id='word_1_133' title='bbox 2013 558 2177 626; x_wconf 88' lang='lat' dir='ltr'>inita,</span> <span class='ocrx_word' id='word_1_134' title='bbox 2211 575 2330 614; x_wconf 89' lang='lat' dir='ltr'>non</span> <span class='ocrx_word' id='word_1_135' title='bbox 2364 561 2554 615; x_wconf 88' lang='lat' dir='ltr'>minor</span> <span class='ocrx_word' id='word_1_136' title='bbox 2584 577 2873 616; x_wconf 86' lang='lat' dir='ltr'>numerus</span> <span class='ocrx_word' id='word_1_137' title='bbox 2907 563 3211 617; x_wconf 83' lang='lat' dir='ltr'>Saxonum</span> <span class='ocrx_word' id='word_1_138' title='bbox 3242 561 3670 633; x_wconf 88' lang='lat' dir='ltr'>cecidit,quam</span> 
     </span>
    </p>
   </div>
   <div class='ocr_carea' id='block_1_19' title="bbox 2012 647 3670 721">
    <p class='ocr_par' dir='ltr' id='par_1_19' title="bbox 2012 647 3670 721">
     <span class='ocr_line' id='line_1_19' title="bbox 2012 647 3670 721; baseline 0.002 -20"><span class='ocrx_word' id='word_1_139' title='bbox 2012 647 2072 702; x_wconf 93' lang='lat' dir='ltr'>in</span> <span class='ocrx_word' id='word_1_140' title='bbox 2106 648 2393 720; x_wconf 84' lang='lat' dir='ltr'>superiori</span> <span class='ocrx_word' id='word_1_141' title='bbox 2421 649 2622 721; x_wconf 68' lang='lat' dir='ltr'>praelio</span> <span class='ocrx_word' id='word_1_142' title='bbox 2653 649 2966 706; x_wconf 89' lang='lat' dir='ltr'>ceciderat.</span> <span class='ocrx_word' id='word_1_143' title='bbox 3021 653 3180 706; x_wconf 89' lang='lat' dir='ltr'>Tunc</span> <span class='ocrx_word' id='word_1_144' title='bbox 3232 667 3334 706; x_wconf 89' lang='lat' dir='ltr'>rex</span> <span class='ocrx_word' id='word_1_145' title='bbox 3385 650 3670 706; x_wconf 88' lang='lat' dir='ltr'>Wisaram</span> 
     </span>
    </p>
   </div>
   <div class='ocr_carea' id='block_1_20' title="bbox 2013 737 3669 812">
    <p class='ocr_par' dir='ltr' id='par_1_20' title="bbox 2013 737 3669 812">
     <span class='ocr_line' id='line_1_20' title="bbox 2013 737 3669 812; baseline 0.001 -21"><span class='ocrx_word' id='word_1_146' title='bbox 2013 737 2261 807; x_wconf 88' lang='lat' dir='ltr'>transiit,</span> <span class='ocrx_word' id='word_1_147' title='bbox 2295 743 2350 793; x_wconf 92' lang='lat' dir='ltr'>et</span> <span class='ocrx_word' id='word_1_148' title='bbox 2379 738 2455 793; x_wconf 89' lang='lat' dir='ltr'>ad</span> <span class='ocrx_word' id='word_1_149' title='bbox 2483 739 2712 795; x_wconf 77' lang='lat' dir='ltr'>Albiam</span> <span class='ocrx_word' id='word_1_150' title='bbox 2739 755 2932 812; x_wconf 88' lang='lat' dir='ltr'>usque</span> <span class='ocrx_word' id='word_1_151' title='bbox 2959 739 3250 812; x_wconf 86' lang='lat' dir='ltr'>pervenit,</span> <span class='ocrx_word' id='word_1_152' title='bbox 3295 743 3428 811; x_wconf 91' lang='lat' dir='ltr'>post</span> <span class='ocrx_word' id='word_1_153' title='bbox 3452 739 3578 794; x_wconf 65' lang='lat' dir='ltr'>haec</span> <span class='ocrx_word' id='word_1_154' title='bbox 3609 738 3669 793; x_wconf 93' lang='lat' dir='ltr'>in</span> 
     </span>
    </p>
   </div>
   <div class='ocr_carea' id='block_1_21' title="bbox 2012 825 3668 882">
    <p class='ocr_par' dir='ltr' id='par_1_21' title="bbox 2012 825 3668 882">
     <span class='ocr_line' id='line_1_21' title="bbox 2012 825 3668 882; baseline 0.001 -3"><span class='ocrx_word' id='word_1_155' title='bbox 2012 825 2322 881; x_wconf 89' lang='lat' dir='ltr'>Franciam</span> <span class='ocrx_word' id='word_1_156' title='bbox 2350 827 2672 882; x_wconf 80' lang='lat' dir='ltr'>revertitur.</span> <span class='ocrx_word' id='word_1_157' title='bbox 2698 830 2920 882; x_wconf 49' lang='lat' dir='ltr'>Eodem</span> <span class='ocrx_word' id='word_1_158' title='bbox 2951 843 3114 882; x_wconf 89' lang='lat' dir='ltr'>anno</span> <span class='ocrx_word' id='word_1_159' title='bbox 3145 826 3292 882; x_wconf 87' lang='lat' dir='ltr'>obiit</span> <span class='ocrx_word' id='word_1_160' title='bbox 3344 827 3554 881; x_wconf 88' lang='lat' dir='ltr'>Bertha</span> <span class='ocrx_word' id='word_1_161' title='bbox 3577 842 3668 880; x_wconf 91' lang='lat' dir='ltr'>re-</span> 
     </span>
    </p>
   </div>
   <div class='ocr_carea' id='block_1_22' title="bbox 2011 914 3674 988">
    <p class='ocr_par' dir='ltr' id='par_1_22' title="bbox 2011 914 3674 988">
     <span class='ocr_line' id='line_1_22' title="bbox 2011 914 3674 988; baseline 0.001 -20"><span class='ocrx_word' id='word_1_162' title='bbox 2011 914 2151 983; x_wconf 87' lang='lat' dir='ltr'>gina</span> <span class='ocrx_word' id='word_1_163' title='bbox 2179 918 2211 969; x_wconf 81' lang='grc'><strong>4</strong></span> <span class='ocrx_word' id='word_1_164' title='bbox 2243 915 2324 971; x_wconf 88' lang='lat' dir='ltr'>ld.</span> <span class='ocrx_word' id='word_1_165' title='bbox 2357 914 2495 970; x_wconf 88' lang='lat' dir='ltr'>Julii</span> <span class='ocrx_word' id='word_1_166' title='bbox 2530 933 2542 970; x_wconf 92' lang='lat'>:</span> <span class='ocrx_word' id='word_1_167' title='bbox 2575 921 2630 971; x_wconf 89' lang='lat' dir='ltr'>et</span> <span class='ocrx_word' id='word_1_168' title='bbox 2667 933 2805 971; x_wconf 91' lang='lat' dir='ltr'>cum</span> <span class='ocrx_word' id='word_1_169' title='bbox 2853 917 3253 972; x_wconf 88' lang='lat' dir='ltr'>Wormatiam</span> <span class='ocrx_word' id='word_1_170' title='bbox 3301 915 3674 988; x_wconf 88' lang='lat' dir='ltr'>pervenisset</span> 
     </span>
    </p>
   </div>
   <div class='ocr_carea' id='block_1_23' title="bbox 2009 1003 3671 1072">
    <p class='ocr_par' dir='ltr' id='par_1_23' title="bbox 2009 1003 3671 1072">
     <span class='ocr_line' id='line_1_23' title="bbox 2009 1003 3671 1072; baseline 0.001 -15"><span class='ocrx_word' id='word_1_171' title='bbox 2009 1019 2132 1072; x_wconf 84' lang='lat' dir='ltr'>rex,</span> <span class='ocrx_word' id='word_1_172' title='bbox 2162 1004 2410 1060; x_wconf 90' lang='lat' dir='ltr'>sociavit</span> <span class='ocrx_word' id='word_1_173' title='bbox 2457 1004 2571 1059; x_wconf 89' lang='lat' dir='ltr'>sibi</span> <span class='ocrx_word' id='word_1_174' title='bbox 2613 1004 2674 1059; x_wconf 92' lang='lat' dir='ltr'>in</span> <span class='ocrx_word' id='word_1_175' title='bbox 2724 1005 3172 1062; x_wconf 87' lang='lat' dir='ltr'>matrimonium</span> <span class='ocrx_word' id='word_1_176' title='bbox 3204 1003 3671 1060; x_wconf 88' lang='lat' dir='ltr'>Frastradanam</span> 
     </span>
    </p>
   </div>
   <div class='ocr_carea' id='block_1_24' title="bbox 2011 1091 3669 1162">
    <p class='ocr_par' dir='ltr' id='par_1_24' title="bbox 2011 1091 3669 1162">
     <span class='ocr_line' id='line_1_24' title="bbox 2011 1091 3669 1162; baseline -0.001 -16"><span class='ocrx_word' id='word_1_177' title='bbox 2011 1093 2276 1162; x_wconf 89' lang='lat' dir='ltr'>reginam</span> <span class='ocrx_word' id='word_1_178' title='bbox 2304 1112 2315 1158; x_wconf 90' lang='lat'>;</span> <span class='ocrx_word' id='word_1_179' title='bbox 2346 1098 2402 1148; x_wconf 93' lang='lat' dir='ltr'>et</span> <span class='ocrx_word' id='word_1_180' title='bbox 2432 1093 2750 1149; x_wconf 88' lang='lat' dir='ltr'>celebravit</span> <span class='ocrx_word' id='word_1_181' title='bbox 2772 1094 3028 1151; x_wconf 88' lang='lat' dir='ltr'>natalem</span> <span class='ocrx_word' id='word_1_182' title='bbox 3063 1093 3292 1150; x_wconf 88' lang='lat' dir='ltr'>Domini</span> <span class='ocrx_word' id='word_1_183' title='bbox 3315 1093 3375 1148; x_wconf 93' lang='lat' dir='ltr'>in</span> <span class='ocrx_word' id='word_1_184' title='bbox 3406 1091 3669 1148; x_wconf 87' lang='lat' dir='ltr'>Heristel-</span> 
     </span>
    </p>
   </div>
   <div class='ocr_carea' id='block_1_25' title="bbox 2011 1178 2764 1252">
    <p class='ocr_par' dir='ltr' id='par_1_25' title="bbox 2011 1178 2764 1252">
     <span class='ocr_line' id='line_1_25' title="bbox 2011 1178 2764 1252; baseline 0.007 -20"><span class='ocrx_word' id='word_1_185' title='bbox 2011 1178 2112 1247; x_wconf 90' lang='lat' dir='ltr'>lio,</span> <span class='ocrx_word' id='word_1_186' title='bbox 2143 1185 2199 1235; x_wconf 92' lang='lat' dir='ltr'>et</span> <span class='ocrx_word' id='word_1_187' title='bbox 2226 1182 2452 1252; x_wconf 90' lang='lat' dir='ltr'>pascha</span> <span class='ocrx_word' id='word_1_188' title='bbox 2482 1181 2764 1238; x_wconf 87' lang='lat' dir='ltr'>similiter.</span> 
     </span>
    </p>
   </div>
   <div class='ocr_carea' id='block_1_26' title="bbox 2084 1269 3668 1327">
    <p class='ocr_par' dir='ltr' id='par_1_26' title="bbox 2084 1269 3668 1327">
     <span class='ocr_line' id='line_1_26' title="bbox 2084 1269 3668 1327; baseline 0.003 -5"><span class='ocrx_word' id='word_1_189' title='bbox 2084 1273 2253 1322; x_wconf 72' lang='lat' dir='ltr'>Anno</span> <span class='ocrx_word' id='word_1_190' title='bbox 2305 1269 2620 1325; x_wconf 78' lang='lat' dir='ltr'>Dominicae</span> <span class='ocrx_word' id='word_1_191' title='bbox 2674 1271 3104 1327; x_wconf 87' lang='lat' dir='ltr'>incarnationis</span> <span class='ocrx_word' id='word_1_192' title='bbox 3146 1275 3251 1327; x_wconf 75' lang='grc'>784</span> <span class='ocrx_word' id='word_1_193' title='bbox 3290 1271 3533 1326; x_wconf 90' lang='lat' dir='ltr'>Carolus</span> <span class='ocrx_word' id='word_1_194' title='bbox 3576 1272 3668 1326; x_wconf 90' lang='lat' dir='ltr'>in-</span> 
     </span>
    </p>
   </div>
   <div class='ocr_carea' id='block_1_27' title="bbox 2011 1359 3671 1430">
    <p class='ocr_par' dir='ltr' id='par_1_27' title="bbox 2011 1359 3671 1430">
     <span class='ocr_line' id='line_1_27' title="bbox 2011 1359 3671 1430; baseline 0.003 -21"><span class='ocrx_word' id='word_1_195' title='bbox 2011 1372 2252 1426; x_wconf 88' lang='lat' dir='ltr'>gressus</span> <span class='ocrx_word' id='word_1_196' title='bbox 2277 1362 2362 1412; x_wconf 89' lang='lat' dir='ltr'>est</span> <span class='ocrx_word' id='word_1_197' title='bbox 2394 1359 2733 1425; x_wconf 87' lang='lat' dir='ltr'>Saxoniam,</span> <span class='ocrx_word' id='word_1_198' title='bbox 2750 1375 2822 1414; x_wconf 93' lang='lat' dir='ltr'>eo</span> <span class='ocrx_word' id='word_1_199' title='bbox 2849 1360 3015 1430; x_wconf 88' lang='lat' dir='ltr'>quod</span> <span class='ocrx_word' id='word_1_200' title='bbox 3044 1361 3255 1415; x_wconf 89' lang='lat' dir='ltr'>iterum</span> <span class='ocrx_word' id='word_1_201' title='bbox 3281 1359 3671 1414; x_wconf 91' lang='lat' dir='ltr'>rebellassent</span> 
     </span>
    </p>
   </div>
   <div class='ocr_carea' id='block_1_28' title="bbox 2009 1446 3668 1519">
    <p class='ocr_par' dir='ltr' id='par_1_28' title="bbox 2009 1446 3668 1519">
     <span class='ocr_line' id='line_1_28' title="bbox 2009 1446 3668 1519; baseline 0.002 -20"><span class='ocrx_word' id='word_1_202' title='bbox 2009 1451 2059 1500; x_wconf 89' lang='lat' dir='ltr'>et</span> <span class='ocrx_word' id='word_1_203' title='bbox 2087 1462 2225 1500; x_wconf 91' lang='lat' dir='ltr'>cum</span> <span class='ocrx_word' id='word_1_204' title='bbox 2252 1446 2336 1500; x_wconf 86' lang='lat' dir='ltr'>eis</span> <span class='ocrx_word' id='word_1_205' title='bbox 2372 1446 2573 1518; x_wconf 88' lang='lat' dir='ltr'>aliqua</span> <span class='ocrx_word' id='word_1_206' title='bbox 2603 1464 2743 1519; x_wconf 91' lang='lat' dir='ltr'>pars</span> <span class='ocrx_word' id='word_1_207' title='bbox 2778 1451 3122 1512; x_wconf 84' lang='lat' dir='ltr'>Fresonum,</span> <span class='ocrx_word' id='word_1_208' title='bbox 3175 1453 3230 1503; x_wconf 93' lang='lat' dir='ltr'>et</span> <span class='ocrx_word' id='word_1_209' title='bbox 3271 1449 3541 1519; x_wconf 86' lang='lat' dir='ltr'>pervenit</span> <span class='ocrx_word' id='word_1_210' title='bbox 3571 1465 3668 1502; x_wconf 91' lang='lat' dir='ltr'>us-</span> 
     </span>
    </p>
   </div>
   <div class='ocr_carea' id='block_1_29' title="bbox 2004 1534 3667 1604">
    <p class='ocr_par' dir='ltr' id='par_1_29' title="bbox 2004 1534 3667 1604">
     <span class='ocr_line' id='line_1_29' title="bbox 2004 1534 3667 1604; baseline 0.001 -17"><span class='ocrx_word' id='word_1_211' title='bbox 2004 1549 2122 1604; x_wconf 89' lang='lat' dir='ltr'>que</span> <span class='ocrx_word' id='word_1_212' title='bbox 2152 1534 2226 1588; x_wconf 88' lang='lat' dir='ltr'>ad</span> <span class='ocrx_word' id='word_1_213' title='bbox 2263 1534 2524 1601; x_wconf 87' lang='lat' dir='ltr'>Huculvi,</span> <span class='ocrx_word' id='word_1_214' title='bbox 2579 1537 2946 1592; x_wconf 87' lang='lat' dir='ltr'>circueundo</span> <span class='ocrx_word' id='word_1_215' title='bbox 2995 1542 3050 1591; x_wconf 91' lang='lat' dir='ltr'>et</span> <span class='ocrx_word' id='word_1_216' title='bbox 3095 1536 3389 1592; x_wconf 86' lang='lat' dir='ltr'>vastando</span> <span class='ocrx_word' id='word_1_217' title='bbox 3444 1536 3667 1591; x_wconf 91' lang='lat' dir='ltr'>omnia.</span> 
     </span>
    </p>
   </div>
   <div class='ocr_carea' id='block_1_30' title="bbox 2006 1622 3672 1695">
    <p class='ocr_par' dir='ltr' id='par_1_30' title="bbox 2006 1622 3672 1695">
     <span class='ocr_line' id='line_1_30' title="bbox 2006 1622 3672 1695; baseline 0.002 -20"><span class='ocrx_word' id='word_1_218' title='bbox 2006 1624 2139 1676; x_wconf 90' lang='lat' dir='ltr'>Erat</span> <span class='ocrx_word' id='word_1_219' title='bbox 2169 1625 2368 1676; x_wconf 86' lang='lat' dir='ltr'>autem</span> <span class='ocrx_word' id='word_1_220' title='bbox 2403 1622 2586 1677; x_wconf 90' lang='lat' dir='ltr'>nimia</span> <span class='ocrx_word' id='word_1_221' title='bbox 2615 1623 2930 1678; x_wconf 86' lang='lat' dir='ltr'>inundatio</span> <span class='ocrx_word' id='word_1_222' title='bbox 2954 1639 3272 1695; x_wconf 90' lang='lat' dir='ltr'>aquarum.</span> <span class='ocrx_word' id='word_1_223' title='bbox 3330 1628 3462 1694; x_wconf 88' lang='lat' dir='ltr'>Ipse</span> <span class='ocrx_word' id='word_1_224' title='bbox 3493 1623 3672 1691; x_wconf 82' lang='lat' dir='ltr'>igitur</span> 
     </span>
    </p>
   </div>
   <div class='ocr_carea' id='block_1_31' title="bbox 233 1706 3669 1786">
    <p class='ocr_par' dir='ltr' id='par_1_31' title="bbox 233 1706 3669 1786">
     <span class='ocr_line' id='line_1_31' title="bbox 233 1706 3669 1786; baseline 0.002 -26"><span class='ocrx_word' id='word_1_225' title='bbox 233 1709 289 1761; x_wconf 90' lang='lat' dir='ltr'>et</span> <span class='ocrx_word' id='word_1_226' title='bbox 316 1706 479 1762; x_wconf 90' lang='lat' dir='ltr'>dedit</span> <span class='ocrx_word' id='word_1_227' title='bbox 507 1707 828 1764; x_wconf 88' lang='lat' dir='ltr'>duodecim</span> <span class='ocrx_word' id='word_1_228' title='bbox 856 1709 1130 1778; x_wconf 89' lang='lat' dir='ltr'>obsides;</span> <span class='ocrx_word' id='word_1_229' title='bbox 1169 1712 1299 1782; x_wconf 89' lang='lat' dir='ltr'>[sed</span> <span class='ocrx_word' id='word_1_230' title='bbox 1324 1728 1447 1768; x_wconf 92' lang='lat' dir='ltr'>non</span> <span class='ocrx_word' id='word_1_231' title='bbox 1476 1714 1579 1769; x_wconf 92' lang='lat' dir='ltr'>diu</span> <span class='ocrx_word' id='word_1_232' title='bbox 1610 1715 1892 1786; x_wconf 76' lang='lat' dir='ltr'>praefatus</span> <span class='ocrx_word' id='word_1_233' title='bbox 1930 1729 1975 1782; x_wconf 82' lang='grc' dir='ltr'>Β</span> <span class='ocrx_word' id='word_1_234' title='bbox 2005 1727 2109 1782; x_wconf 89' lang='lat' dir='ltr'>per</span> <span class='ocrx_word' id='word_1_235' title='bbox 2138 1711 2523 1780; x_wconf 88' lang='lat' dir='ltr'>Thuringiam</span> <span class='ocrx_word' id='word_1_236' title='bbox 2571 1713 2647 1768; x_wconf 89' lang='lat' dir='ltr'>ab</span> <span class='ocrx_word' id='word_1_237' title='bbox 2699 1712 2969 1767; x_wconf 89' lang='lat' dir='ltr'>orientali</span> <span class='ocrx_word' id='word_1_238' title='bbox 3022 1719 3188 1784; x_wconf 88' lang='lat' dir='ltr'>parte</span> <span class='ocrx_word' id='word_1_239' title='bbox 3215 1712 3458 1767; x_wconf 89' lang='lat' dir='ltr'>intravit</span> <span class='ocrx_word' id='word_1_240' title='bbox 3488 1727 3669 1783; x_wconf 89' lang='lat' dir='ltr'>super</span> 
     </span>
    </p>
   </div>
   <div class='ocr_carea' id='block_1_32' title="bbox 231 1793 1893 1871">
    <p class='ocr_par' dir='ltr' id='par_1_32' title="bbox 231 1793 1893 1871">
     <span class='ocr_line' id='line_1_32' title="bbox 231 1793 1893 1871; baseline 0.006 -22"><span class='ocrx_word' id='word_1_241' title='bbox 231 1793 498 1851; x_wconf 87' lang='lat' dir='ltr'>Thassilo</span> <span class='ocrx_word' id='word_1_242' title='bbox 533 1797 836 1868; x_wconf 90' lang='lat' dir='ltr'>promissa</span> <span class='ocrx_word' id='word_1_243' title='bbox 875 1800 1289 1871; x_wconf 83' lang='lat' dir='ltr'>conservavit].</span> <span class='ocrx_word' id='word_1_244' title='bbox 1334 1801 1663 1858; x_wconf 89' lang='lat' dir='ltr'>Celebravit</span> <span class='ocrx_word' id='word_1_245' title='bbox 1692 1808 1893 1859; x_wconf 90' lang='lat' dir='ltr'>autem</span> 
     </span>
    </p>
   </div>
   <div class='ocr_carea' id='block_1_33' title="bbox 229 1884 1888 1964">
    <p class='ocr_par' dir='ltr' id='par_1_33' title="bbox 229 1884 1888 1964">
     <span class='ocr_line' id='line_1_33' title="bbox 229 1884 1888 1964; baseline 0.005 -26"><span class='ocrx_word' id='word_1_246' title='bbox 229 1897 334 1939; x_wconf 90' lang='lat' dir='ltr'>rex</span> <span class='ocrx_word' id='word_1_247' title='bbox 363 1884 624 1941; x_wconf 87' lang='lat' dir='ltr'>natalem</span> <span class='ocrx_word' id='word_1_248' title='bbox 666 1887 895 1943; x_wconf 86' lang='lat' dir='ltr'>Domini</span> <span class='ocrx_word' id='word_1_249' title='bbox 920 1891 979 1943; x_wconf 92' lang='lat' dir='ltr'>in</span> <span class='ocrx_word' id='word_1_250' title='bbox 1005 1889 1321 1957; x_wconf 88' lang='lat' dir='ltr'>Carisiaco,</span> <span class='ocrx_word' id='word_1_251' title='bbox 1356 1896 1410 1947; x_wconf 90' lang='lat' dir='ltr'>et</span> <span class='ocrx_word' id='word_1_252' title='bbox 1431 1893 1658 1964; x_wconf 91' lang='lat' dir='ltr'>pascha</span> <span class='ocrx_word' id='word_1_253' title='bbox 1690 1892 1888 1948; x_wconf 90' lang='lat' dir='ltr'>simul.</span> 
     </span>
    </p>
   </div>
   <div class='ocr_carea' id='block_1_34' title="bbox 304 1975 1895 2047">
    <p class='ocr_par' dir='ltr' id='par_1_34' title="bbox 304 1975 1895 2047">
     <span class='ocr_line' id='line_1_34' title="bbox 304 1975 1895 2047; baseline 0.006 -19"><span class='ocrx_word' id='word_1_254' title='bbox 304 1975 478 2030; x_wconf 83' lang='lat' dir='ltr'>Anno</span> <span class='ocrx_word' id='word_1_255' title='bbox 506 1976 826 2032; x_wconf 73' lang='lat' dir='ltr'>Dominicee</span> <span class='ocrx_word' id='word_1_256' title='bbox 847 1977 1276 2034; x_wconf 90' lang='lat' dir='ltr'>incarnationis</span> <span class='ocrx_word' id='word_1_257' title='bbox 1304 1983 1426 2047; x_wconf 82' lang='lat'><strong>782,</strong></span> <span class='ocrx_word' id='word_1_258' title='bbox 1453 1981 1696 2036; x_wconf 85' lang='lat' dir='ltr'>Carolus</span> <span class='ocrx_word' id='word_1_259' title='bbox 1728 1981 1895 2037; x_wconf 91' lang='lat' dir='ltr'>Colo-</span> 
     </span>
    </p>
   </div>
   <div class='ocr_carea' id='block_1_35' title="bbox 227 2061 1893 2141">
    <p class='ocr_par' dir='ltr' id='par_1_35' title="bbox 227 2061 1893 2141">
     <span class='ocr_line' id='line_1_35' title="bbox 227 2061 1893 2141; baseline 0.006 -25"><span class='ocrx_word' id='word_1_260' title='bbox 227 2061 393 2118; x_wconf 89' lang='lat' dir='ltr'>niam</span> <span class='ocrx_word' id='word_1_261' title='bbox 423 2063 689 2131; x_wconf 89' lang='lat' dir='ltr'>veniens,</span> <span class='ocrx_word' id='word_1_262' title='bbox 723 2066 996 2122; x_wconf 83' lang='lat' dir='ltr'>Rhenum</span> <span class='ocrx_word' id='word_1_263' title='bbox 1027 2067 1256 2123; x_wconf 91' lang='lat' dir='ltr'>transiit</span> <span class='ocrx_word' id='word_1_264' title='bbox 1284 2073 1340 2124; x_wconf 93' lang='lat' dir='ltr'>et</span> <span class='ocrx_word' id='word_1_265' title='bbox 1371 2069 1675 2141; x_wconf 86' lang='lat' dir='ltr'>synodum</span> <span class='ocrx_word' id='word_1_266' title='bbox 1709 2070 1893 2126; x_wconf 91' lang='lat' dir='ltr'>tenuit</span> 
     </span>
    </p>
   </div>
   <div class='ocr_carea' id='block_1_36' title="bbox 227 2150 1890 2224">
    <p class='ocr_par' dir='ltr' id='par_1_36' title="bbox 227 2150 1890 2224">
     <span class='ocr_line' id='line_1_36' title="bbox 227 2150 1890 2224; baseline 0.007 -19"><span class='ocrx_word' id='word_1_267' title='bbox 227 2150 329 2206; x_wconf 91' lang='lat' dir='ltr'>ubi</span> <span class='ocrx_word' id='word_1_268' title='bbox 363 2151 548 2224; x_wconf 89' lang='lat' dir='ltr'>Lippa</span> <span class='ocrx_word' id='word_1_269' title='bbox 577 2155 915 2224; x_wconf 81' lang='lat' dir='ltr'>consurgit;</span> <span class='ocrx_word' id='word_1_270' title='bbox 944 2155 1050 2211; x_wconf 90' lang='lat' dir='ltr'>ubi</span> <span class='ocrx_word' id='word_1_271' title='bbox 1068 2173 1277 2212; x_wconf 90' lang='lat' dir='ltr'>omnes</span> <span class='ocrx_word' id='word_1_272' title='bbox 1310 2159 1573 2214; x_wconf 87' lang='lat' dir='ltr'>Saxones</span> <span class='ocrx_word' id='word_1_273' title='bbox 1603 2174 1890 2216; x_wconf 91' lang='lat' dir='ltr'>convene-</span> 
     </span>
    </p>
   </div>
   <div class='ocr_carea' id='block_1_37' title="bbox 226 2242 1888 2312">
    <p class='ocr_par' dir='ltr' id='par_1_37' title="bbox 226 2242 1888 2312">
     <span class='ocr_line' id='line_1_37' title="bbox 226 2242 1888 2312; baseline 0.006 -20"><span class='ocrx_word' id='word_1_274' title='bbox 226 2242 382 2306; x_wconf 88' lang='lat' dir='ltr'>runt,</span> <span class='ocrx_word' id='word_1_275' title='bbox 429 2245 677 2312; x_wconf 90' lang='lat' dir='ltr'>excepto</span> <span class='ocrx_word' id='word_1_276' title='bbox 731 2242 966 2298; x_wconf 90' lang='lat' dir='ltr'>rebellis</span> <span class='ocrx_word' id='word_1_277' title='bbox 1020 2243 1468 2301; x_wconf 89' lang='lat' dir='ltr'>Wildichindus.</span> <span class='ocrx_word' id='word_1_278' title='bbox 1522 2247 1660 2302; x_wconf 87' lang='lat' dir='ltr'>Illuc</span> <span class='ocrx_word' id='word_1_279' title='bbox 1709 2248 1888 2302; x_wconf 91' lang='lat' dir='ltr'>etiam</span> 
     </span>
    </p>
   </div>
   <div class='ocr_carea' id='block_1_38' title="bbox 222 2328 1884 2402">
    <p class='ocr_par' dir='ltr' id='par_1_38' title="bbox 222 2328 1884 2402">
     <span class='ocr_line' id='line_1_38' title="bbox 222 2328 1884 2402; baseline 0.005 -21"><span class='ocrx_word' id='word_1_280' title='bbox 222 2332 512 2383; x_wconf 89' lang='lat' dir='ltr'>venerunt</span> <span class='ocrx_word' id='word_1_281' title='bbox 556 2328 733 2398; x_wconf 87' lang='lat' dir='ltr'>legati</span> <span class='ocrx_word' id='word_1_282' title='bbox 789 2330 1090 2387; x_wconf 89' lang='lat' dir='ltr'>Godefridi</span> <span class='ocrx_word' id='word_1_283' title='bbox 1145 2333 1301 2402; x_wconf 86' lang='lat' dir='ltr'>regis</span> <span class='ocrx_word' id='word_1_284' title='bbox 1356 2337 1884 2390; x_wconf 80' lang='lat' dir='ltr'>Nortmannorum.</span> 
     </span>
    </p>
   </div>
   <div class='ocr_carea' id='block_1_39' title="bbox 222 2414 1888 2488">
    <p class='ocr_par' dir='ltr' id='par_1_39' title="bbox 222 2414 1888 2488">
     <span class='ocr_line' id='line_1_39' title="bbox 222 2414 1888 2488; baseline 0.004 -19"><span class='ocrx_word' id='word_1_285' title='bbox 222 2414 460 2470; x_wconf 77' lang='lat' dir='ltr'>Altdeni</span> <span class='ocrx_word' id='word_1_286' title='bbox 487 2422 544 2472; x_wconf 88' lang='lat' dir='ltr'>et</span> <span class='ocrx_word' id='word_1_287' title='bbox 574 2417 928 2487; x_wconf 87' lang='lat' dir='ltr'>Hosmundi,</span> <span class='ocrx_word' id='word_1_288' title='bbox 962 2434 1072 2474; x_wconf 90' lang='lat' dir='ltr'>nec</span> <span class='ocrx_word' id='word_1_289' title='bbox 1104 2436 1226 2475; x_wconf 90' lang='lat' dir='ltr'>non</span> <span class='ocrx_word' id='word_1_290' title='bbox 1257 2421 1435 2476; x_wconf 90' lang='lat' dir='ltr'>etiam</span> <span class='ocrx_word' id='word_1_291' title='bbox 1459 2421 1636 2488; x_wconf 86' lang='lat' dir='ltr'>legati</span> <span class='ocrx_word' id='word_1_292' title='bbox 1663 2425 1888 2477; x_wconf 75' lang='lat' dir='ltr'>Avaro-</span> 
     </span>
    </p>
   </div>
   <div class='ocr_carea' id='block_1_40' title="bbox 219 2504 1885 2580">
    <p class='ocr_par' dir='ltr' id='par_1_40' title="bbox 219 2504 1885 2580">
     <span class='ocr_line' id='line_1_40' title="bbox 219 2504 1885 2580; baseline 0.004 -22"><span class='ocrx_word' id='word_1_293' title='bbox 219 2517 362 2558; x_wconf 90' lang='lat' dir='ltr'>rum</span> <span class='ocrx_word' id='word_1_294' title='bbox 408 2504 576 2559; x_wconf 90' lang='lat' dir='ltr'>missi</span> <span class='ocrx_word' id='word_1_295' title='bbox 621 2521 657 2560; x_wconf 91' lang='lat' dir='ltr'>a</span> <span class='ocrx_word' id='word_1_296' title='bbox 706 2508 943 2561; x_wconf 90' lang='lat' dir='ltr'>Cacano</span> <span class='ocrx_word' id='word_1_297' title='bbox 973 2510 1028 2562; x_wconf 90' lang='lat' dir='ltr'>et</span> <span class='ocrx_word' id='word_1_298' title='bbox 1058 2510 1331 2576; x_wconf 86' lang='lat' dir='ltr'>Jugorro.</span> <span class='ocrx_word' id='word_1_299' title='bbox 1377 2510 1622 2563; x_wconf 85' lang='lat' dir='ltr'>Peracto</span> <span class='ocrx_word' id='word_1_300' title='bbox 1648 2509 1885 2580; x_wconf 89' lang='lat' dir='ltr'>placito.</span> 
     </span>
    </p>
   </div>
   <div class='ocr_carea' id='block_1_41' title="bbox 217 2593 1889 2652">
    <p class='ocr_par' dir='ltr' id='par_1_41' title="bbox 217 2593 1889 2652">
     <span class='ocr_line' id='line_1_41' title="bbox 217 2593 1889 2652; baseline 0.003 -6"><span class='ocrx_word' id='word_1_301' title='bbox 217 2607 504 2646; x_wconf 88' lang='lat' dir='ltr'>reversus</span> <span class='ocrx_word' id='word_1_302' title='bbox 534 2597 622 2648; x_wconf 89' lang='lat' dir='ltr'>est</span> <span class='ocrx_word' id='word_1_303' title='bbox 642 2609 745 2648; x_wconf 90' lang='lat' dir='ltr'>rex</span> <span class='ocrx_word' id='word_1_304' title='bbox 769 2593 831 2648; x_wconf 91' lang='lat' dir='ltr'>in</span> <span class='ocrx_word' id='word_1_305' title='bbox 858 2595 1198 2651; x_wconf 82' lang='lat' dir='ltr'>Franciam.</span> <span class='ocrx_word' id='word_1_306' title='bbox 1245 2597 1509 2651; x_wconf 84' lang='lat' dir='ltr'>Saxones</span> <span class='ocrx_word' id='word_1_307' title='bbox 1558 2598 1772 2652; x_wconf 90' lang='lat' dir='ltr'>iterum</span> <span class='ocrx_word' id='word_1_308' title='bbox 1825 2598 1889 2651; x_wconf 88' lang='lat' dir='ltr'>ﬁ-</span> 
     </span>
    </p>
   </div>
   <div class='ocr_carea' id='block_1_42' title="bbox 216 2679 1891 2754">
    <p class='ocr_par' dir='ltr' id='par_1_42' title="bbox 216 2679 1891 2754">
     <span class='ocr_line' id='line_1_42' title="bbox 216 2679 1891 2754; baseline 0.004 -21"><span class='ocrx_word' id='word_1_309' title='bbox 216 2679 366 2734; x_wconf 88' lang='lat' dir='ltr'>dem</span> <span class='ocrx_word' id='word_1_310' title='bbox 408 2679 655 2748; x_wconf 90' lang='lat' dir='ltr'>violant,</span> <span class='ocrx_word' id='word_1_311' title='bbox 688 2695 856 2736; x_wconf 91' lang='lat' dir='ltr'>arma</span> <span class='ocrx_word' id='word_1_312' title='bbox 877 2681 1225 2754; x_wconf 88' lang='lat' dir='ltr'>corripiunt,</span> <span class='ocrx_word' id='word_1_313' title='bbox 1246 2683 1534 2738; x_wconf 89' lang='lat' dir='ltr'>suadente</span> <span class='ocrx_word' id='word_1_314' title='bbox 1566 2683 1891 2740; x_wconf 90' lang='lat' dir='ltr'>Widichin-</span> 
     </span>
    </p>
   </div>
   <div class='ocr_carea' id='block_1_43' title="bbox 216 2768 1886 2842">
    <p class='ocr_par' dir='ltr' id='par_1_43' title="bbox 216 2768 1886 2842">
     <span class='ocr_line' id='line_1_43' title="bbox 216 2768 1886 2842; baseline 0.004 -20"><span class='ocrx_word' id='word_1_315' title='bbox 216 2768 322 2823; x_wconf 91' lang='lat' dir='ltr'>do.</span> <span class='ocrx_word' id='word_1_316' title='bbox 352 2770 473 2822; x_wconf 88' lang='lat' dir='ltr'>Rex</span> <span class='ocrx_word' id='word_1_317' title='bbox 495 2773 695 2824; x_wconf 89' lang='lat' dir='ltr'>autem</span> <span class='ocrx_word' id='word_1_318' title='bbox 721 2785 792 2824; x_wconf 91' lang='lat' dir='ltr'>ea</span> <span class='ocrx_word' id='word_1_319' title='bbox 822 2774 1169 2842; x_wconf 88' lang='lat' dir='ltr'>tempestate</span> <span class='ocrx_word' id='word_1_320' title='bbox 1197 2771 1440 2827; x_wconf 90' lang='lat' dir='ltr'>miserat</span> <span class='ocrx_word' id='word_1_321' title='bbox 1467 2773 1720 2828; x_wconf 91' lang='lat' dir='ltr'>nuncios</span> <span class='ocrx_word' id='word_1_322' title='bbox 1746 2790 1886 2829; x_wconf 93' lang='lat' dir='ltr'>suos</span> 
     </span>
    </p>
   </div>
   <div class='ocr_carea' id='block_1_44' title="bbox 219 2855 1888 2934">
    <p class='ocr_par' dir='ltr' id='par_1_44' title="bbox 219 2855 1888 2934">
     <span class='ocr_line' id='line_1_44' title="bbox 219 2855 1888 2934; baseline 0.005 -25"><span class='ocrx_word' id='word_1_323' title='bbox 219 2855 578 2925; x_wconf 83' lang='lat' dir='ltr'>Adalgisum</span> <span class='ocrx_word' id='word_1_324' title='bbox 610 2861 666 2912; x_wconf 92' lang='lat' dir='ltr'>et</span> <span class='ocrx_word' id='word_1_325' title='bbox 688 2857 988 2913; x_wconf 90' lang='lat' dir='ltr'>Geilonem</span> <span class='ocrx_word' id='word_1_326' title='bbox 1020 2863 1198 2931; x_wconf 88' lang='lat' dir='ltr'>atque</span> <span class='ocrx_word' id='word_1_327' title='bbox 1231 2860 1572 2916; x_wconf 88' lang='lat' dir='ltr'>Conradum</span> <span class='ocrx_word' id='word_1_328' title='bbox 1600 2861 1756 2917; x_wconf 89' lang='lat' dir='ltr'>viros</span> <span class='ocrx_word' id='word_1_329' title='bbox 1783 2879 1888 2934; x_wconf 90' lang='lat' dir='ltr'>po-</span> 
     </span>
    </p>
   </div>
   <div class='ocr_carea' id='block_1_45' title="bbox 214 2946 1884 3016">
    <p class='ocr_par' dir='ltr' id='par_1_45' title="bbox 214 2946 1884 3016">
     <span class='ocr_line' id='line_1_45' title="bbox 214 2946 1884 3016; baseline 0.005 -16"><span class='ocrx_word' id='word_1_330' title='bbox 214 2949 430 3016; x_wconf 89' lang='lat' dir='ltr'>tentes,</span> <span class='ocrx_word' id='word_1_331' title='bbox 463 2950 528 3002; x_wconf 92' lang='lat' dir='ltr'>ut</span> <span class='ocrx_word' id='word_1_332' title='bbox 557 2946 841 3003; x_wconf 91' lang='lat' dir='ltr'>ducerent</span> <span class='ocrx_word' id='word_1_333' title='bbox 865 2948 1189 3004; x_wconf 87' lang='lat' dir='ltr'>exercitum</span> <span class='ocrx_word' id='word_1_334' title='bbox 1222 2952 1584 3006; x_wconf 82' lang='lat' dir='ltr'>Francorum</span> <span class='ocrx_word' id='word_1_335' title='bbox 1627 2956 1684 3007; x_wconf 92' lang='lat' dir='ltr'>et</span> <span class='ocrx_word' id='word_1_336' title='bbox 1705 2954 1884 3008; x_wconf 90' lang='lat' dir='ltr'>Saxo-</span> 
     </span>
    </p>
   </div>
   <div class='ocr_carea' id='block_1_46' title="bbox 2007 1799 3668 1872">
    <p class='ocr_par' dir='ltr' id='par_1_46' title="bbox 2007 1799 3668 1872">
     <span class='ocr_line' id='line_1_46' title="bbox 2007 1799 3668 1872; baseline 0.002 -19"><span class='ocrx_word' id='word_1_337' title='bbox 2007 1799 2358 1867; x_wconf 87' lang='lat' dir='ltr'>Hostfalaos,</span> <span class='ocrx_word' id='word_1_338' title='bbox 2409 1816 2588 1872; x_wconf 88' lang='lat' dir='ltr'>porro</span> <span class='ocrx_word' id='word_1_339' title='bbox 2639 1799 2829 1855; x_wconf 87' lang='lat' dir='ltr'>ﬁlium</span> <span class='ocrx_word' id='word_1_340' title='bbox 2884 1816 3060 1855; x_wconf 91' lang='lat' dir='ltr'>suum</span> <span class='ocrx_word' id='word_1_341' title='bbox 3119 1800 3396 1856; x_wconf 89' lang='lat' dir='ltr'>Carolum</span> <span class='ocrx_word' id='word_1_342' title='bbox 3441 1799 3668 1856; x_wconf 88' lang='lat' dir='ltr'>dimisit</span> 
     </span>
    </p>
   </div>
   <div class='ocr_carea' id='block_1_47' title="bbox 2004 1887 3665 1960">
    <p class='ocr_par' dir='ltr' id='par_1_47' title="bbox 2004 1887 3665 1960">
     <span class='ocr_line' id='line_1_47' title="bbox 2004 1887 3665 1960; baseline 0.001 -20"><span class='ocrx_word' id='word_1_343' title='bbox 2004 1902 2141 1941; x_wconf 92' lang='lat' dir='ltr'>cum</span> <span class='ocrx_word' id='word_1_344' title='bbox 2172 1887 2372 1943; x_wconf 87' lang='lat' dir='ltr'>valida</span> <span class='ocrx_word' id='word_1_345' title='bbox 2403 1904 2589 1944; x_wconf 92' lang='lat' dir='ltr'>manu</span> <span class='ocrx_word' id='word_1_346' title='bbox 2616 1893 2823 1944; x_wconf 90' lang='lat' dir='ltr'>contra</span> <span class='ocrx_word' id='word_1_347' title='bbox 2874 1888 3249 1944; x_wconf 87' lang='lat' dir='ltr'>Westfalaos.</span> <span class='ocrx_word' id='word_1_348' title='bbox 3311 1891 3512 1960; x_wconf 89' lang='lat' dir='ltr'>Itaque</span> <span class='ocrx_word' id='word_1_349' title='bbox 3561 1903 3665 1942; x_wconf 87' lang='lat' dir='ltr'>rex</span> 
     </span>
    </p>
   </div>
   <div class='ocr_carea' id='block_1_48' title="bbox 2000 1975 3664 2050">
    <p class='ocr_par' dir='ltr' id='par_1_48' title="bbox 2000 1975 3664 2050">
     <span class='ocr_line' id='line_1_48' title="bbox 2000 1975 3664 2050; baseline 0.001 -20"><span class='ocrx_word' id='word_1_350' title='bbox 2000 1975 2383 2044; x_wconf 86' lang='lat' dir='ltr'>&#39;l‘huringiam</span> <span class='ocrx_word' id='word_1_351' title='bbox 2415 1977 2741 2048; x_wconf 85' lang='lat' dir='ltr'>ingressus,</span> <span class='ocrx_word' id='word_1_352' title='bbox 2771 1977 3042 2050; x_wconf 84' lang='lat' dir='ltr'>pervenit</span> <span class='ocrx_word' id='word_1_353' title='bbox 3083 1992 3274 2049; x_wconf 92' lang='lat' dir='ltr'>usque</span> <span class='ocrx_word' id='word_1_354' title='bbox 3300 1977 3379 2032; x_wconf 90' lang='lat' dir='ltr'>ad</span> <span class='ocrx_word' id='word_1_355' title='bbox 3408 1976 3664 2032; x_wconf 90' lang='lat' dir='ltr'>ﬂuvium</span> 
     </span>
    </p>
   </div>
   <div class='ocr_carea' id='block_1_49' title="bbox 1999 2063 3662 2137">
    <p class='ocr_par' dir='ltr' id='par_1_49' title="bbox 1999 2063 3662 2137">
     <span class='ocr_line' id='line_1_49' title="bbox 1999 2063 3662 2137; baseline 0.001 -19"><span class='ocrx_word' id='word_1_356' title='bbox 1999 2063 2196 2132; x_wconf 75' lang='lat' dir='ltr'>Albiae,</span> <span class='ocrx_word' id='word_1_357' title='bbox 2231 2070 2288 2121; x_wconf 92' lang='lat' dir='ltr'>et</span> <span class='ocrx_word' id='word_1_358' title='bbox 2315 2066 2453 2121; x_wconf 91' lang='lat' dir='ltr'>inde</span> <span class='ocrx_word' id='word_1_359' title='bbox 2481 2067 2557 2121; x_wconf 90' lang='lat' dir='ltr'>ad</span> <span class='ocrx_word' id='word_1_360' title='bbox 2583 2066 2888 2137; x_wconf 87' lang='lat' dir='ltr'>Tagnfurt,</span> <span class='ocrx_word' id='word_1_361' title='bbox 2931 2066 3146 2122; x_wconf 90' lang='lat' dir='ltr'>deinde</span> <span class='ocrx_word' id='word_1_362' title='bbox 3200 2065 3280 2122; x_wconf 88' lang='lat' dir='ltr'>ad</span> <span class='ocrx_word' id='word_1_363' title='bbox 3323 2065 3662 2134; x_wconf 89' lang='lat' dir='ltr'>Scaininge,</span> 
     </span>
    </p>
   </div>
   <div class='ocr_carea' id='block_1_50' title="bbox 1998 2151 3664 2226">
    <p class='ocr_par' dir='ltr' id='par_1_50' title="bbox 1998 2151 3664 2226">
     <span class='ocr_line' id='line_1_50' title="bbox 1998 2151 3664 2226; baseline -0.001 -18"><span class='ocrx_word' id='word_1_364' title='bbox 1998 2168 2068 2209; x_wconf 90' lang='lat' dir='ltr'>ex</span> <span class='ocrx_word' id='word_1_365' title='bbox 2099 2170 2221 2226; x_wconf 94' lang='lat' dir='ltr'>quo</span> <span class='ocrx_word' id='word_1_366' title='bbox 2246 2154 2377 2210; x_wconf 92' lang='lat' dir='ltr'>loco</span> <span class='ocrx_word' id='word_1_367' title='bbox 2404 2171 2678 2211; x_wconf 89' lang='lat' dir='ltr'>reversus</span> <span class='ocrx_word' id='word_1_368' title='bbox 2720 2160 2808 2210; x_wconf 92' lang='lat' dir='ltr'>est</span> <span class='ocrx_word' id='word_1_369' title='bbox 2846 2155 2907 2210; x_wconf 91' lang='lat' dir='ltr'>in</span> <span class='ocrx_word' id='word_1_370' title='bbox 2953 2155 3285 2211; x_wconf 86' lang='lat' dir='ltr'>Franciam.</span> <span class='ocrx_word' id='word_1_371' title='bbox 3348 2151 3664 2209; x_wconf 83' lang='lat' dir='ltr'>Westfalai</span> 
     </span>
    </p>
   </div>
   <div class='ocr_carea' id='block_1_51' title="bbox 1995 2241 3663 2315">
    <p class='ocr_par' dir='ltr' id='par_1_51' title="bbox 1995 2241 3663 2315">
     <span class='ocr_line' id='line_1_51' title="bbox 1995 2241 3663 2315; baseline 0 -19"><span class='ocrx_word' id='word_1_372' title='bbox 1995 2257 2138 2297; x_wconf 88' lang='lat' dir='ltr'>vero</span> <span class='ocrx_word' id='word_1_373' title='bbox 2169 2247 2689 2313; x_wconf 86' lang='lat' dir='ltr'>congregaverunt</span> <span class='ocrx_word' id='word_1_374' title='bbox 2714 2259 2775 2298; x_wconf 90' lang='lat' dir='ltr'>se</span> <span class='ocrx_word' id='word_1_375' title='bbox 2799 2243 2971 2314; x_wconf 83' lang='lat' dir='ltr'>juxta</span> <span class='ocrx_word' id='word_1_376' title='bbox 3004 2243 3272 2315; x_wconf 85' lang='lat' dir='ltr'>Lippam,</span> <span class='ocrx_word' id='word_1_377' title='bbox 3314 2241 3535 2315; x_wconf 91' lang='lat' dir='ltr'>quibus</span> <span class='ocrx_word' id='word_1_378' title='bbox 3565 2256 3663 2296; x_wconf 89' lang='lat' dir='ltr'>oc-</span> 
     </span>
    </p>
   </div>
   <div class='ocr_carea' id='block_1_52' title="bbox 1998 2328 3666 2402">
    <p class='ocr_par' dir='ltr' id='par_1_52' title="bbox 1998 2328 3666 2402">
     <span class='ocr_line' id='line_1_52' title="bbox 1998 2328 3666 2402; baseline -0.002 -18"><span class='ocrx_word' id='word_1_379' title='bbox 1998 2329 2178 2384; x_wconf 90' lang='lat' dir='ltr'>currit</span> <span class='ocrx_word' id='word_1_380' title='bbox 2205 2330 2364 2385; x_wconf 90' lang='lat' dir='ltr'>ﬁlius</span> <span class='ocrx_word' id='word_1_381' title='bbox 2393 2331 2548 2399; x_wconf 85' lang='lat' dir='ltr'>regis</span> <span class='ocrx_word' id='word_1_382' title='bbox 2591 2331 2652 2384; x_wconf 92' lang='lat' dir='ltr'>in</span> <span class='ocrx_word' id='word_1_383' title='bbox 2694 2346 2853 2401; x_wconf 86' lang='lat' dir='ltr'>pago</span> <span class='ocrx_word' id='word_1_384' title='bbox 2895 2331 2999 2402; x_wconf 90' lang='lat' dir='ltr'>qui</span> <span class='ocrx_word' id='word_1_385' title='bbox 3045 2331 3260 2385; x_wconf 83' lang='lat' dir='ltr'>dicitur</span> <span class='ocrx_word' id='word_1_386' title='bbox 3314 2328 3575 2396; x_wconf 84' lang='lat' dir='ltr'>Dragini,</span> <span class='ocrx_word' id='word_1_387' title='bbox 3607 2332 3666 2382; x_wconf 94' lang='lat' dir='ltr'>et</span> 
     </span>
    </p>
   </div>
   <div class='ocr_carea' id='block_1_53' title="bbox 1997 2417 3667 2490">
    <p class='ocr_par' dir='ltr' id='par_1_53' title="bbox 1997 2417 3667 2490">
     <span class='ocr_line' id='line_1_53' title="bbox 1997 2417 3667 2490; baseline -0.002 -18"><span class='ocrx_word' id='word_1_388' title='bbox 1997 2417 2256 2472; x_wconf 88' lang='lat' dir='ltr'>inierunt</span> <span class='ocrx_word' id='word_1_389' title='bbox 2283 2433 2576 2490; x_wconf 86' lang='lat' dir='ltr'>pugnam,</span> <span class='ocrx_word' id='word_1_390' title='bbox 2608 2418 2829 2488; x_wconf 89' lang='lat' dir='ltr'>quibus</span> <span class='ocrx_word' id='word_1_391' title='bbox 2858 2418 3098 2472; x_wconf 90' lang='lat' dir='ltr'>viriliter</span> <span class='ocrx_word' id='word_1_392' title='bbox 3126 2417 3446 2488; x_wconf 87' lang='lat' dir='ltr'>superatis,</span> <span class='ocrx_word' id='word_1_393' title='bbox 3477 2431 3667 2470; x_wconf 89' lang='lat' dir='ltr'>rever-</span> 
     </span>
    </p>
   </div>
   <div class='ocr_carea' id='block_1_54' title="bbox 1999 2503 3662 2573">
    <p class='ocr_par' dir='ltr' id='par_1_54' title="bbox 1999 2503 3662 2573">
     <span class='ocr_line' id='line_1_54' title="bbox 1999 2503 3662 2573; baseline 0.001 -15"><span class='ocrx_word' id='word_1_394' title='bbox 1999 2521 2102 2558; x_wconf 93' lang='lat' dir='ltr'>sus</span> <span class='ocrx_word' id='word_1_395' title='bbox 2132 2509 2220 2559; x_wconf 91' lang='lat' dir='ltr'>est</span> <span class='ocrx_word' id='word_1_396' title='bbox 2247 2506 2647 2559; x_wconf 88' lang='lat' dir='ltr'>Wormatiam</span> <span class='ocrx_word' id='word_1_397' title='bbox 2675 2504 2753 2558; x_wconf 91' lang='lat' dir='ltr'>ad</span> <span class='ocrx_word' id='word_1_398' title='bbox 2783 2505 3112 2573; x_wconf 86' lang='lat' dir='ltr'>genitorem</span> <span class='ocrx_word' id='word_1_399' title='bbox 3143 2520 3342 2560; x_wconf 88' lang='lat' dir='ltr'>suum.</span> <span class='ocrx_word' id='word_1_400' title='bbox 3388 2507 3506 2559; x_wconf 91' lang='lat' dir='ltr'>Rex</span> <span class='ocrx_word' id='word_1_401' title='bbox 3553 2503 3662 2560; x_wconf 85' lang='lat' dir='ltr'>ita-</span> 
     </span>
    </p>
   </div>
   <div class='ocr_carea' id='block_1_55' title="bbox 1998 2593 3662 2666">
    <p class='ocr_par' dir='ltr' id='par_1_55' title="bbox 1998 2593 3662 2666">
     <span class='ocr_line' id='line_1_55' title="bbox 1998 2593 3662 2666; baseline 0.001 -19"><span class='ocrx_word' id='word_1_402' title='bbox 1998 2609 2116 2665; x_wconf 91' lang='lat' dir='ltr'>que</span> <span class='ocrx_word' id='word_1_403' title='bbox 2168 2594 2452 2648; x_wconf 89' lang='lat' dir='ltr'>consultis</span> <span class='ocrx_word' id='word_1_404' title='bbox 2494 2593 2793 2662; x_wconf 88' lang='lat' dir='ltr'>ﬁdelibus,</span> <span class='ocrx_word' id='word_1_405' title='bbox 2854 2593 3060 2649; x_wconf 90' lang='lat' dir='ltr'>iterato</span> <span class='ocrx_word' id='word_1_406' title='bbox 3111 2595 3344 2666; x_wconf 89' lang='lat' dir='ltr'>hyemis</span> <span class='ocrx_word' id='word_1_407' title='bbox 3395 2599 3662 2666; x_wconf 89' lang='lat' dir='ltr'>tempore</span> 
     </span>
    </p>
   </div>
   <div class='ocr_carea' id='block_1_56' title="bbox 2001 2681 3666 2750">
    <p class='ocr_par' dir='ltr' id='par_1_56' title="bbox 2001 2681 3666 2750">
     <span class='ocr_line' id='line_1_56' title="bbox 2001 2681 3666 2750; baseline 0 -14"><span class='ocrx_word' id='word_1_408' title='bbox 2001 2683 2324 2737; x_wconf 89' lang='lat' dir='ltr'>Saxoniam</span> <span class='ocrx_word' id='word_1_409' title='bbox 2368 2681 2630 2750; x_wconf 83' lang='lat' dir='ltr'>intravit,</span> <span class='ocrx_word' id='word_1_410' title='bbox 2680 2687 2735 2737; x_wconf 92' lang='lat' dir='ltr'>et</span> <span class='ocrx_word' id='word_1_411' title='bbox 2789 2681 3109 2738; x_wconf 86' lang='lat' dir='ltr'>celebravit</span> <span class='ocrx_word' id='word_1_412' title='bbox 3134 2681 3397 2737; x_wconf 88' lang='lat' dir='ltr'>natalem</span> <span class='ocrx_word' id='word_1_413' title='bbox 3430 2681 3666 2736; x_wconf 88' lang='lat' dir='ltr'>Domini</span> 
     </span>
    </p>
   </div>
   <div class='ocr_carea' id='block_1_57' title="bbox 1996 2769 3662 2842">
    <p class='ocr_par' dir='ltr' id='par_1_57' title="bbox 1996 2769 3662 2842">
     <span class='ocr_line' id='line_1_57' title="bbox 1996 2769 3662 2842; baseline -0.002 -15"><span class='ocrx_word' id='word_1_414' title='bbox 1996 2770 2423 2827; x_wconf 84' lang='lat' dir='ltr'>Skidrioburch</span> <span class='ocrx_word' id='word_1_415' title='bbox 2453 2771 2801 2842; x_wconf 87' lang='lat' dir='ltr'>Wizzagawi</span> <span class='ocrx_word' id='word_1_416' title='bbox 2832 2785 3014 2841; x_wconf 90' lang='lat' dir='ltr'>super</span> <span class='ocrx_word' id='word_1_417' title='bbox 3045 2770 3297 2826; x_wconf 84' lang='lat' dir='ltr'>ﬂuvium</span> <span class='ocrx_word' id='word_1_418' title='bbox 3327 2769 3569 2836; x_wconf 85' lang='lat' dir='ltr'>Ambra,</span> <span class='ocrx_word' id='word_1_419' title='bbox 3598 2769 3662 2824; x_wconf 83' lang='lat' dir='ltr'>in</span> 
     </span>
    </p>
   </div>
   <div class='ocr_carea' id='block_1_58' title="bbox 1993 2851 3556 2932">
    <p class='ocr_par' dir='ltr' id='par_1_58' title="bbox 1993 2851 3556 2932">
     <span class='ocr_line' id='line_1_58' title="bbox 1993 2851 3556 2932; baseline 0.001 -18"><span class='ocrx_word' id='word_1_420' title='bbox 1993 2859 2130 2914; x_wconf 89' lang='lat' dir='ltr'>villa</span> <span class='ocrx_word' id='word_1_421' title='bbox 2159 2876 2293 2932; x_wconf 85' lang='lat' dir='ltr'>quae</span> <span class='ocrx_word' id='word_1_422' title='bbox 2324 2859 2538 2915; x_wconf 89' lang='lat' dir='ltr'>dicitur</span> <span class='ocrx_word' id='word_1_423' title='bbox 2565 2860 2816 2916; x_wconf 88' lang='lat' dir='ltr'>Liuhidi.</span> <span class='ocrx_word' id='word_1_424' title='bbox 3553 2851 3556 2854; x_wconf 50' lang='grc'><strong>’</strong></span> 
     </span>
    </p>
   </div>
   <div class='ocr_carea' id='block_1_59' title="bbox 2062 2949 3659 3020">
    <p class='ocr_par' dir='ltr' id='par_1_59' title="bbox 2062 2949 3659 3020">
     <span class='ocr_line' id='line_1_59' title="bbox 2062 2949 3659 3020; baseline 0.001 -18"><span class='ocrx_word' id='word_1_425' title='bbox 2062 2950 2238 3004; x_wconf 86' lang='lat' dir='ltr'>Anno</span> <span class='ocrx_word' id='word_1_426' title='bbox 2293 2949 2612 3004; x_wconf 67' lang='lat' dir='ltr'>Dominicae</span> <span class='ocrx_word' id='word_1_427' title='bbox 2670 2949 3101 3004; x_wconf 89' lang='lat' dir='ltr'>incarnationis</span> <span class='ocrx_word' id='word_1_428' title='bbox 3154 2952 3256 3003; x_wconf 78' lang='lat'>785</span> <span class='ocrx_word' id='word_1_429' title='bbox 3307 2964 3410 3004; x_wconf 93' lang='lat' dir='ltr'>rex</span> <span class='ocrx_word' id='word_1_430' title='bbox 3463 2964 3659 3020; x_wconf 90' lang='lat' dir='ltr'>usque</span> 
     </span>
    </p>
   </div>
   <div class='ocr_carea' id='block_1_60' title="bbox 213 3035 3684 3129">
    <p class='ocr_par' dir='ltr' id='par_1_60' title="bbox 213 3035 3684 3129">
     <span class='ocr_line' id='line_1_60' title="bbox 213 3035 3684 3129; baseline 0.001 -40"><span class='ocrx_word' id='word_1_431' title='bbox 213 3049 370 3089; x_wconf 90' lang='lat' dir='ltr'>num</span> <span class='ocrx_word' id='word_1_432' title='bbox 425 3050 606 3106; x_wconf 90' lang='lat' dir='ltr'>super</span> <span class='ocrx_word' id='word_1_433' title='bbox 664 3035 905 3092; x_wconf 90' lang='lat' dir='ltr'>Sclavos</span> <span class='ocrx_word' id='word_1_434' title='bbox 958 3053 1207 3108; x_wconf 90' lang='lat' dir='ltr'>paucos,</span> <span class='ocrx_word' id='word_1_435' title='bbox 1264 3038 1367 3110; x_wconf 92' lang='lat' dir='ltr'>qui</span> <span class='ocrx_word' id='word_1_436' title='bbox 1398 3038 1596 3095; x_wconf 90' lang='lat' dir='ltr'>adhuc</span> <span class='ocrx_word' id='word_1_437' title='bbox 1634 3040 1882 3096; x_wconf 91' lang='lat' dir='ltr'>rebelles</span> <span class='ocrx_word' id='word_1_438' title='bbox 1920 3074 1961 3129; x_wconf 70' lang='grc' dir='ltr'><strong>Ο</strong></span> <span class='ocrx_word' id='word_1_439' title='bbox 1990 3038 2208 3093; x_wconf 84' lang='lat' dir='ltr'>Adrine</span> <span class='ocrx_word' id='word_1_440' title='bbox 2238 3038 2397 3092; x_wconf 91' lang='lat' dir='ltr'>venit</span> <span class='ocrx_word' id='word_1_441' title='bbox 2440 3054 2623 3110; x_wconf 90' lang='lat' dir='ltr'>super</span> <span class='ocrx_word' id='word_1_442' title='bbox 2668 3037 2914 3093; x_wconf 91' lang='lat' dir='ltr'>ﬂuvium</span> <span class='ocrx_word' id='word_1_443' title='bbox 2962 3038 3211 3106; x_wconf 87' lang='lat' dir='ltr'>Wisara,</span> <span class='ocrx_word' id='word_1_444' title='bbox 3259 3037 3362 3092; x_wconf 91' lang='lat' dir='ltr'>ubi</span> <span class='ocrx_word' id='word_1_445' title='bbox 3410 3037 3684 3118; x_wconf 87' lang='lat' dir='ltr'>conﬂuit_</span> 
     </span>
    </p>
   </div>
   <div class='ocr_carea' id='block_1_61' title="bbox 214 3124 1877 3198">
    <p class='ocr_par' dir='ltr' id='par_1_61' title="bbox 214 3124 1877 3198">
     <span class='ocr_line' id='line_1_61' title="bbox 214 3124 1877 3198; baseline 0.004 -19"><span class='ocrx_word' id='word_1_446' title='bbox 214 3127 406 3179; x_wconf 89' lang='lat' dir='ltr'>erant.</span> <span class='ocrx_word' id='word_1_447' title='bbox 442 3124 774 3196; x_wconf 92' lang='lat' dir='ltr'>Supradicti</span> <span class='ocrx_word' id='word_1_448' title='bbox 801 3142 944 3181; x_wconf 89' lang='lat' dir='ltr'>vero</span> <span class='ocrx_word' id='word_1_449' title='bbox 976 3127 1296 3198; x_wconf 89' lang='lat' dir='ltr'>principes,</span> <span class='ocrx_word' id='word_1_450' title='bbox 1352 3144 1491 3183; x_wconf 92' lang='lat' dir='ltr'>cum</span> <span class='ocrx_word' id='word_1_451' title='bbox 1531 3129 1660 3198; x_wconf 89' lang='lat' dir='ltr'>jam</span> <span class='ocrx_word' id='word_1_452' title='bbox 1689 3129 1748 3184; x_wconf 92' lang='lat' dir='ltr'>in</span> <span class='ocrx_word' id='word_1_453' title='bbox 1778 3131 1877 3185; x_wconf 91' lang='lat' dir='ltr'>iti-</span> 
     </span>
    </p>
   </div>
   <div class='ocr_carea' id='block_1_62' title="bbox 215 3213 1880 3286">
    <p class='ocr_par' dir='ltr' id='par_1_62' title="bbox 215 3213 1880 3286">
     <span class='ocr_line' id='line_1_62' title="bbox 215 3213 1880 3286; baseline 0.004 -19"><span class='ocrx_word' id='word_1_454' title='bbox 215 3227 360 3267; x_wconf 91' lang='lat' dir='ltr'>nere</span> <span class='ocrx_word' id='word_1_455' title='bbox 389 3217 592 3268; x_wconf 91' lang='lat' dir='ltr'>essent</span> <span class='ocrx_word' id='word_1_456' title='bbox 619 3213 928 3269; x_wconf 90' lang='lat' dir='ltr'>audientes</span> <span class='ocrx_word' id='word_1_457' title='bbox 958 3215 1125 3286; x_wconf 89' lang='lat' dir='ltr'>quod</span> <span class='ocrx_word' id='word_1_458' title='bbox 1165 3218 1430 3272; x_wconf 80' lang='lat' dir='ltr'>Saxones</span> <span class='ocrx_word' id='word_1_459' title='bbox 1472 3217 1880 3286; x_wconf 90' lang='lat' dir='ltr'>rebellassent,</span> 
     </span>
    </p>
   </div>
   <div class='ocr_carea' id='block_1_63' title="bbox 215 3306 1882 3379">
    <p class='ocr_par' dir='ltr' id='par_1_63' title="bbox 215 3306 1882 3379">
     <span class='ocr_line' id='line_1_63' title="bbox 215 3306 1882 3379; baseline 0.004 -23"><span class='ocrx_word' id='word_1_460' title='bbox 215 3317 401 3374; x_wconf 87' lang='lat' dir='ltr'>super</span> <span class='ocrx_word' id='word_1_461' title='bbox 448 3317 550 3357; x_wconf 90' lang='lat' dir='ltr'>eos</span> <span class='ocrx_word' id='word_1_462' title='bbox 602 3318 774 3358; x_wconf 93' lang='lat' dir='ltr'>arma</span> <span class='ocrx_word' id='word_1_463' title='bbox 828 3308 1150 3370; x_wconf 90' lang='lat' dir='ltr'>verterunt,</span> <span class='ocrx_word' id='word_1_464' title='bbox 1207 3309 1264 3360; x_wconf 91' lang='lat' dir='ltr'>et</span> <span class='ocrx_word' id='word_1_465' title='bbox 1307 3306 1628 3361; x_wconf 91' lang='lat' dir='ltr'>commisso</span> <span class='ocrx_word' id='word_1_466' title='bbox 1678 3308 1882 3379; x_wconf 77' lang='lat' dir='ltr'>praelio</span> 
     </span>
    </p>
   </div>
   <div class='ocr_carea' id='block_1_64' title="bbox 214 3390 1880 3466">
    <p class='ocr_par' dir='ltr' id='par_1_64' title="bbox 214 3390 1880 3466">
     <span class='ocr_line' id='line_1_64' title="bbox 214 3390 1880 3466; baseline 0.004 -21"><span class='ocrx_word' id='word_1_467' title='bbox 214 3390 442 3446; x_wconf 90' lang='lat' dir='ltr'>multos</span> <span class='ocrx_word' id='word_1_468' title='bbox 466 3407 537 3446; x_wconf 88' lang='lat' dir='ltr'>ex</span> <span class='ocrx_word' id='word_1_469' title='bbox 568 3391 652 3446; x_wconf 92' lang='lat' dir='ltr'>eis</span> <span class='ocrx_word' id='word_1_470' title='bbox 684 3391 1123 3459; x_wconf 90' lang='lat' dir='ltr'>interfecerunt,</span> <span class='ocrx_word' id='word_1_471' title='bbox 1158 3393 1217 3448; x_wconf 92' lang='lat' dir='ltr'>in</span> <span class='ocrx_word' id='word_1_472' title='bbox 1239 3409 1362 3466; x_wconf 87' lang='lat' dir='ltr'>qua</span> <span class='ocrx_word' id='word_1_473' title='bbox 1389 3409 1597 3466; x_wconf 91' lang='lat' dir='ltr'>pugna</span> <span class='ocrx_word' id='word_1_474' title='bbox 1622 3395 1745 3450; x_wconf 94' lang='lat' dir='ltr'>duo</span> <span class='ocrx_word' id='word_1_475' title='bbox 1767 3396 1880 3451; x_wconf 92' lang='lat' dir='ltr'>du-</span> 
     </span>
    </p>
   </div>
   <div class='ocr_carea' id='block_1_65' title="bbox 215 3479 1880 3551">
    <p class='ocr_par' dir='ltr' id='par_1_65' title="bbox 215 3479 1880 3551">
     <span class='ocr_line' id='line_1_65' title="bbox 215 3479 1880 3551; baseline 0.004 -19"><span class='ocrx_word' id='word_1_476' title='bbox 215 3493 319 3532; x_wconf 91' lang='lat' dir='ltr'>ces</span> <span class='ocrx_word' id='word_1_477' title='bbox 368 3479 724 3548; x_wconf 87' lang='lat' dir='ltr'>ceciderunt,</span> <span class='ocrx_word' id='word_1_478' title='bbox 785 3480 1055 3535; x_wconf 89' lang='lat' dir='ltr'>videlicet</span> <span class='ocrx_word' id='word_1_479' title='bbox 1106 3480 1426 3550; x_wconf 83' lang='lat' dir='ltr'>Adalgisus</span> <span class='ocrx_word' id='word_1_480' title='bbox 1487 3487 1543 3538; x_wconf 92' lang='lat' dir='ltr'>et</span> <span class='ocrx_word' id='word_1_481' title='bbox 1597 3483 1776 3551; x_wconf 88' lang='lat' dir='ltr'>Geilo,</span> <span class='ocrx_word' id='word_1_482' title='bbox 1818 3485 1880 3539; x_wconf 91' lang='lat' dir='ltr'>in</span> 
     </span>
    </p>
   </div>
   <div class='ocr_carea' id='block_1_66' title="bbox 214 3566 1874 3644">
    <p class='ocr_par' dir='ltr' id='par_1_66' title="bbox 214 3566 1874 3644">
     <span class='ocr_line' id='line_1_66' title="bbox 214 3566 1874 3644; baseline 0.005 -24"><span class='ocrx_word' id='word_1_483' title='bbox 214 3570 421 3621; x_wconf 89' lang='lat' dir='ltr'>monte</span> <span class='ocrx_word' id='word_1_484' title='bbox 446 3567 550 3639; x_wconf 89' lang='lat' dir='ltr'>qui</span> <span class='ocrx_word' id='word_1_485' title='bbox 578 3566 794 3622; x_wconf 88' lang='lat' dir='ltr'>dicitur</span> <span class='ocrx_word' id='word_1_486' title='bbox 825 3567 1094 3624; x_wconf 92' lang='lat' dir='ltr'>Suntdal.</span> <span class='ocrx_word' id='word_1_487' title='bbox 1121 3568 1242 3624; x_wconf 85' lang='lat' dir='ltr'>Hoc</span> <span class='ocrx_word' id='word_1_488' title='bbox 1260 3569 1512 3625; x_wconf 87' lang='lat' dir='ltr'>audiens</span> <span class='ocrx_word' id='word_1_489' title='bbox 1532 3570 1874 3644; x_wconf 88' lang='lat' dir='ltr'>imperator.</span> 
     </span>
    </p>
   </div>
   <div class='ocr_carea' id='block_1_67' title="bbox 213 3657 1880 3734">
    <p class='ocr_par' dir='ltr' id='par_1_67' title="bbox 213 3657 1880 3734">
     <span class='ocr_line' id='line_1_67' title="bbox 213 3657 1880 3734; baseline 0.004 -23"><span class='ocrx_word' id='word_1_490' title='bbox 213 3671 357 3711; x_wconf 91' lang='lat' dir='ltr'>cum</span> <span class='ocrx_word' id='word_1_491' title='bbox 389 3657 628 3712; x_wconf 90' lang='lat' dir='ltr'>Francis</span> <span class='ocrx_word' id='word_1_492' title='bbox 658 3673 812 3730; x_wconf 91' lang='lat' dir='ltr'>quos</span> <span class='ocrx_word' id='word_1_493' title='bbox 843 3657 956 3712; x_wconf 85' lang='lat' dir='ltr'>sub</span> <span class='ocrx_word' id='word_1_494' title='bbox 984 3657 1280 3713; x_wconf 90' lang='lat' dir='ltr'>celeritate</span> <span class='ocrx_word' id='word_1_495' title='bbox 1301 3675 1666 3730; x_wconf 88' lang='lat' dir='ltr'>congregare</span> <span class='ocrx_word' id='word_1_496' title='bbox 1689 3663 1880 3734; x_wconf 90' lang='lat' dir='ltr'>potuit</span> 
     </span>
    </p>
   </div>
   <div class='ocr_carea' id='block_1_68' title="bbox 211 3743 1878 3819">
    <p class='ocr_par' dir='ltr' id='par_1_68' title="bbox 211 3743 1878 3819">
     <span class='ocr_line' id='line_1_68' title="bbox 211 3743 1878 3819; baseline 0.004 -21"><span class='ocrx_word' id='word_1_497' title='bbox 211 3743 353 3799; x_wconf 89' lang='lat' dir='ltr'>illuc</span> <span class='ocrx_word' id='word_1_498' title='bbox 410 3745 688 3817; x_wconf 86' lang='lat' dir='ltr'>perrexit,</span> <span class='ocrx_word' id='word_1_499' title='bbox 737 3748 794 3800; x_wconf 90' lang='lat' dir='ltr'>et</span> <span class='ocrx_word' id='word_1_500' title='bbox 846 3746 1113 3816; x_wconf 90' lang='lat' dir='ltr'>pervenit</span> <span class='ocrx_word' id='word_1_501' title='bbox 1172 3763 1362 3819; x_wconf 90' lang='lat' dir='ltr'>usque</span> <span class='ocrx_word' id='word_1_502' title='bbox 1409 3748 1485 3803; x_wconf 91' lang='lat' dir='ltr'>ad</span> <span class='ocrx_word' id='word_1_503' title='bbox 1529 3749 1730 3805; x_wconf 90' lang='lat' dir='ltr'>locum</span> <span class='ocrx_word' id='word_1_504' title='bbox 1778 3751 1878 3805; x_wconf 88' lang='lat' dir='ltr'>ubi</span> 
     </span>
    </p>
   </div>
   <div class='ocr_carea' id='block_1_69' title="bbox 213 3831 1881 3891">
    <p class='ocr_par' dir='ltr' id='par_1_69' title="bbox 213 3831 1881 3891">
     <span class='ocr_line' id='line_1_69' title="bbox 213 3831 1881 3891; baseline 0.002 -5"><span class='ocrx_word' id='word_1_505' title='bbox 213 3831 395 3888; x_wconf 80' lang='lat' dir='ltr'>Alara</span> <span class='ocrx_word' id='word_1_506' title='bbox 424 3833 670 3888; x_wconf 87' lang='lat' dir='ltr'>conﬂuit</span> <span class='ocrx_word' id='word_1_507' title='bbox 699 3832 758 3887; x_wconf 91' lang='lat' dir='ltr'>in</span> <span class='ocrx_word' id='word_1_508' title='bbox 791 3833 1038 3888; x_wconf 88' lang='lat' dir='ltr'>Wisara.</span> <span class='ocrx_word' id='word_1_509' title='bbox 1074 3837 1235 3889; x_wconf 89' lang='lat' dir='ltr'>Tunc</span> <span class='ocrx_word' id='word_1_510' title='bbox 1261 3850 1472 3890; x_wconf 90' lang='lat' dir='ltr'>omnes</span> <span class='ocrx_word' id='word_1_511' title='bbox 1497 3837 1761 3891; x_wconf 79' lang='lat' dir='ltr'>Saxones</span> <span class='ocrx_word' id='word_1_512' title='bbox 1780 3837 1881 3890; x_wconf 90' lang='lat' dir='ltr'>ite-</span> 
     </span>
    </p>
   </div>
   <div class='ocr_carea' id='block_1_70' title="bbox 213 3922 1880 3994">
    <p class='ocr_par' dir='ltr' id='par_1_70' title="bbox 213 3922 1880 3994">
     <span class='ocr_line' id='line_1_70' title="bbox 213 3922 1880 3994; baseline 0.001 -17"><span class='ocrx_word' id='word_1_513' title='bbox 213 3939 353 3978; x_wconf 84' lang='lat' dir='ltr'>rum</span> <span class='ocrx_word' id='word_1_514' title='bbox 391 3923 809 3978; x_wconf 90' lang='lat' dir='ltr'>convenientes</span> <span class='ocrx_word' id='word_1_515' title='bbox 861 3922 1260 3978; x_wconf 89' lang='lat' dir='ltr'>subdiderunt</span> <span class='ocrx_word' id='word_1_516' title='bbox 1313 3941 1376 3978; x_wconf 92' lang='lat' dir='ltr'>se</span> <span class='ocrx_word' id='word_1_517' title='bbox 1431 3923 1542 3978; x_wconf 94' lang='lat' dir='ltr'>sub</span> <span class='ocrx_word' id='word_1_518' title='bbox 1592 3928 1880 3994; x_wconf 87' lang='lat' dir='ltr'>potestate</span> 
     </span>
    </p>
   </div>
   <div class='ocr_carea' id='block_1_71' title="bbox 215 4011 1878 4085">
    <p class='ocr_par' dir='ltr' id='par_1_71' title="bbox 215 4011 1878 4085">
     <span class='ocr_line' id='line_1_71' title="bbox 215 4011 1878 4085; baseline 0.001 -19"><span class='ocrx_word' id='word_1_519' title='bbox 215 4011 549 4083; x_wconf 89' lang='lat' dir='ltr'>supradicti</span> <span class='ocrx_word' id='word_1_520' title='bbox 576 4011 753 4081; x_wconf 91' lang='lat' dir='ltr'>regis,</span> <span class='ocrx_word' id='word_1_521' title='bbox 788 4017 845 4066; x_wconf 92' lang='lat' dir='ltr'>et</span> <span class='ocrx_word' id='word_1_522' title='bbox 874 4011 1267 4066; x_wconf 89' lang='lat' dir='ltr'>reddiderunt</span> <span class='ocrx_word' id='word_1_523' title='bbox 1296 4011 1627 4079; x_wconf 89' lang='lat' dir='ltr'>seditiosos,</span> <span class='ocrx_word' id='word_1_524' title='bbox 1676 4013 1780 4085; x_wconf 88' lang='lat' dir='ltr'>qui</span> <span class='ocrx_word' id='word_1_525' title='bbox 1812 4013 1878 4068; x_wconf 94' lang='lat' dir='ltr'>il-</span> 
     </span>
    </p>
   </div>
   <div class='ocr_carea' id='block_1_72' title="bbox 209 4099 1876 4166">
    <p class='ocr_par' dir='ltr' id='par_1_72' title="bbox 209 4099 1876 4166">
     <span class='ocr_line' id='line_1_72' title="bbox 209 4099 1876 4166; baseline 0.001 -12"><span class='ocrx_word' id='word_1_526' title='bbox 209 4100 341 4155; x_wconf 92' lang='lat' dir='ltr'>lam</span> <span class='ocrx_word' id='word_1_527' title='bbox 373 4099 752 4155; x_wconf 88' lang='lat' dir='ltr'>rebellionem</span> <span class='ocrx_word' id='word_1_528' title='bbox 786 4100 1049 4154; x_wconf 81' lang='lat' dir='ltr'>maxime</span> <span class='ocrx_word' id='word_1_529' title='bbox 1071 4099 1558 4166; x_wconf 89' lang='lat' dir='ltr'>terminaverunt,</span> <span class='ocrx_word' id='word_1_530' title='bbox 1597 4101 1673 4155; x_wconf 93' lang='lat' dir='ltr'>ad</span> <span class='ocrx_word' id='word_1_531' title='bbox 1721 4101 1876 4156; x_wconf 90' lang='lat' dir='ltr'>occi-</span> 
     </span>
    </p>
   </div>
   <div class='ocr_carea' id='block_1_73' title="bbox 211 4186 1877 4259">
    <p class='ocr_par' dir='ltr' id='par_1_73' title="bbox 211 4186 1877 4259">
     <span class='ocr_line' id='line_1_73' title="bbox 211 4186 1877 4259; baseline 0.001 -17"><span class='ocrx_word' id='word_1_532' title='bbox 211 4186 484 4242; x_wconf 90' lang='lat' dir='ltr'>dendum</span> <span class='ocrx_word' id='word_1_533' title='bbox 514 4192 773 4259; x_wconf 88' lang='lat' dir='ltr'>quatuor</span> <span class='ocrx_word' id='word_1_534' title='bbox 803 4186 992 4242; x_wconf 90' lang='lat' dir='ltr'>mulia</span> <span class='ocrx_word' id='word_1_535' title='bbox 1039 4187 1399 4259; x_wconf 70' lang='lat' dir='ltr'>quingentos</span> <span class='ocrx_word' id='word_1_536' title='bbox 1456 4187 1632 4242; x_wconf 92' lang='lat' dir='ltr'>viros.</span> <span class='ocrx_word' id='word_1_537' title='bbox 1691 4188 1877 4243; x_wconf 86' lang='lat' dir='ltr'>Widi-</span> 
     </span>
    </p>
   </div>
   <div class='ocr_carea' id='block_1_74' title="bbox 211 4274 1876 4348">
    <p class='ocr_par' dir='ltr' id='par_1_74' title="bbox 211 4274 1876 4348">
     <span class='ocr_line' id='line_1_74' title="bbox 211 4274 1876 4348; baseline 0.001 -18"><span class='ocrx_word' id='word_1_538' title='bbox 211 4274 468 4330; x_wconf 89' lang='lat' dir='ltr'>chindus</span> <span class='ocrx_word' id='word_1_539' title='bbox 496 4291 639 4331; x_wconf 86' lang='lat' dir='ltr'>vero</span> <span class='ocrx_word' id='word_1_540' title='bbox 668 4275 942 4348; x_wconf 90' lang='lat' dir='ltr'>partibus</span> <span class='ocrx_word' id='word_1_541' title='bbox 973 4277 1372 4331; x_wconf 82' lang='lat' dir='ltr'>Nortmanniee</span> <span class='ocrx_word' id='word_1_542' title='bbox 1404 4277 1653 4347; x_wconf 84' lang='lat' dir='ltr'>aufugit.</span> <span class='ocrx_word' id='word_1_543' title='bbox 1698 4281 1876 4332; x_wconf 85' lang='lat' dir='ltr'>Inter-</span> 
     </span>
    </p>
   </div>
   <div class='ocr_carea' id='block_1_75' title="bbox 208 4362 1875 4436">
    <p class='ocr_par' dir='ltr' id='par_1_75' title="bbox 208 4362 1875 4436">
     <span class='ocr_line' id='line_1_75' title="bbox 208 4362 1875 4436; baseline 0.001 -18"><span class='ocrx_word' id='word_1_544' title='bbox 208 4362 377 4418; x_wconf 86' lang='lat' dir='ltr'>fectis</span> <span class='ocrx_word' id='word_1_545' title='bbox 429 4364 629 4436; x_wconf 88' lang='lat' dir='ltr'>itaque</span> <span class='ocrx_word' id='word_1_546' title='bbox 676 4364 972 4419; x_wconf 79' lang='lat' dir='ltr'>seditiosis</span> <span class='ocrx_word' id='word_1_547' title='bbox 1023 4364 1316 4436; x_wconf 76' lang='lat' dir='ltr'>exilioque</span> <span class='ocrx_word' id='word_1_548' title='bbox 1347 4365 1647 4420; x_wconf 87' lang='lat' dir='ltr'>damnatis</span> <span class='ocrx_word' id='word_1_549' title='bbox 1676 4382 1780 4420; x_wconf 90' lang='lat' dir='ltr'>rex</span> <span class='ocrx_word' id='word_1_550' title='bbox 1815 4367 1875 4420; x_wconf 91' lang='lat' dir='ltr'>in</span> 
     </span>
    </p>
   </div>
   <div class='ocr_carea' id='block_1_76' title="bbox 213 4453 1876 4519">
    <p class='ocr_par' dir='ltr' id='par_1_76' title="bbox 213 4453 1876 4519">
     <span class='ocr_line' id='line_1_76' title="bbox 213 4453 1876 4519; baseline 0.002 -12"><span class='ocrx_word' id='word_1_551' title='bbox 213 4453 526 4508; x_wconf 86' lang='lat' dir='ltr'>Franciam</span> <span class='ocrx_word' id='word_1_552' title='bbox 554 4469 828 4508; x_wconf 89' lang='lat' dir='ltr'>reversus</span> <span class='ocrx_word' id='word_1_553' title='bbox 873 4456 978 4519; x_wconf 89' lang='lat' dir='ltr'>est,</span> <span class='ocrx_word' id='word_1_554' title='bbox 1030 4458 1086 4507; x_wconf 92' lang='lat' dir='ltr'>et</span> <span class='ocrx_word' id='word_1_555' title='bbox 1129 4453 1445 4508; x_wconf 88' lang='lat' dir='ltr'>celebravit</span> <span class='ocrx_word' id='word_1_556' title='bbox 1475 4454 1734 4510; x_wconf 91' lang='lat' dir='ltr'>natalem</span> <span class='ocrx_word' id='word_1_557' title='bbox 1766 4458 1876 4509; x_wconf 91' lang='lat' dir='ltr'>Do-</span> 
     </span>
    </p>
   </div>
   <div class='ocr_carea' id='block_1_77' title="bbox 211 4541 1660 4613">
    <p class='ocr_par' dir='ltr' id='par_1_77' title="bbox 211 4541 1660 4613">
     <span class='ocr_line' id='line_1_77' title="bbox 211 4541 1660 4613; baseline 0.001 -16"><span class='ocrx_word' id='word_1_558' title='bbox 211 4542 360 4597; x_wconf 90' lang='lat' dir='ltr'>mini</span> <span class='ocrx_word' id='word_1_559' title='bbox 391 4542 452 4596; x_wconf 91' lang='lat' dir='ltr'>in</span> <span class='ocrx_word' id='word_1_560' title='bbox 481 4542 816 4598; x_wconf 87' lang='lat' dir='ltr'>Theodonis</span> <span class='ocrx_word' id='word_1_561' title='bbox 847 4541 1008 4608; x_wconf 90' lang='lat' dir='ltr'>villa,</span> <span class='ocrx_word' id='word_1_562' title='bbox 1040 4546 1096 4596; x_wconf 92' lang='lat' dir='ltr'>et</span> <span class='ocrx_word' id='word_1_563' title='bbox 1121 4543 1348 4613; x_wconf 88' lang='lat' dir='ltr'>pascha</span> <span class='ocrx_word' id='word_1_564' title='bbox 1378 4543 1660 4598; x_wconf 89' lang='lat' dir='ltr'>similiter.</span> 
     </span>
    </p>
   </div>
   <div class='ocr_carea' id='block_1_78' title="bbox 289 4630 1879 4687">
    <p class='ocr_par' dir='ltr' id='par_1_78' title="bbox 289 4630 1879 4687">
     <span class='ocr_line' id='line_1_78' title="bbox 289 4630 1879 4687; baseline 0.001 -3"><span class='ocrx_word' id='word_1_565' title='bbox 289 4635 461 4685; x_wconf 84' lang='lat' dir='ltr'>Anno</span> <span class='ocrx_word' id='word_1_566' title='bbox 507 4630 831 4686; x_wconf 76' lang='lat' dir='ltr'>Dominicae</span> <span class='ocrx_word' id='word_1_567' title='bbox 873 4630 1298 4685; x_wconf 90' lang='lat' dir='ltr'>incarnationis</span> <span class='ocrx_word' id='word_1_568' title='bbox 1346 4633 1446 4686; x_wconf 88' lang='lat'><strong>783</strong></span> <span class='ocrx_word' id='word_1_569' title='bbox 1502 4631 1648 4687; x_wconf 92' lang='lat' dir='ltr'>obiit</span> <span class='ocrx_word' id='word_1_570' title='bbox 1687 4631 1879 4686; x_wconf 87' lang='lat' dir='ltr'>Hilde-</span> 
     </span>
    </p>
   </div>
   <div class='ocr_carea' id='block_1_79' title="bbox 214 4720 1882 4793">
    <p class='ocr_par' dir='ltr' id='par_1_79' title="bbox 214 4720 1882 4793">
     <span class='ocr_line' id='line_1_79' title="bbox 214 4720 1882 4793; baseline 0.001 -18"><span class='ocrx_word' id='word_1_571' title='bbox 214 4720 420 4788; x_wconf 82' lang='lat' dir='ltr'>gardis</span> <span class='ocrx_word' id='word_1_572' title='bbox 480 4720 686 4788; x_wconf 88' lang='lat' dir='ltr'>regina</span> <span class='ocrx_word' id='word_1_573' title='bbox 742 4720 930 4792; x_wconf 86' lang='lat' dir='ltr'>pridie</span> <span class='ocrx_word' id='word_1_574' title='bbox 983 4720 1229 4775; x_wconf 85' lang='lat' dir='ltr'>Kalend.</span> <span class='ocrx_word' id='word_1_575' title='bbox 1280 4721 1428 4786; x_wconf 81' lang='lat' dir='ltr'>Maii,</span> <span class='ocrx_word' id='word_1_576' title='bbox 1480 4722 1645 4793; x_wconf 90' lang='lat' dir='ltr'>quod</span> <span class='ocrx_word' id='word_1_577' title='bbox 1685 4721 1882 4777; x_wconf 89' lang='lat' dir='ltr'>evenit</span> 
     </span>
    </p>
   </div>
   <div class='ocr_carea' id='block_1_80' title="bbox 213 4808 1879 4878">
    <p class='ocr_par' dir='ltr' id='par_1_80' title="bbox 213 4808 1879 4878">
     <span class='ocr_line' id='line_1_80' title="bbox 213 4808 1879 4878; baseline 0 -14"><span class='ocrx_word' id='word_1_578' title='bbox 213 4814 356 4864; x_wconf 90' lang='lat' dir='ltr'>tunc</span> <span class='ocrx_word' id='word_1_579' title='bbox 387 4808 446 4863; x_wconf 93' lang='lat' dir='ltr'>in</span> <span class='ocrx_word' id='word_1_580' title='bbox 479 4809 677 4877; x_wconf 82' lang='lat' dir='ltr'>vigilia</span> <span class='ocrx_word' id='word_1_581' title='bbox 727 4809 1092 4864; x_wconf 84' lang='lat' dir='ltr'>ascensionis</span> <span class='ocrx_word' id='word_1_582' title='bbox 1140 4809 1393 4878; x_wconf 90' lang='lat' dir='ltr'>Domini,</span> <span class='ocrx_word' id='word_1_583' title='bbox 1439 4816 1495 4865; x_wconf 90' lang='lat' dir='ltr'>et</span> <span class='ocrx_word' id='word_1_584' title='bbox 1533 4826 1634 4865; x_wconf 88' lang='lat' dir='ltr'>rex</span> <span class='ocrx_word' id='word_1_585' title='bbox 1664 4810 1879 4865; x_wconf 90' lang='lat' dir='ltr'>iterum</span> 
     </span>
    </p>
   </div>
   <div class='ocr_carea' id='block_1_81' title="bbox 217 4897 1880 4979">
    <p class='ocr_par' dir='ltr' id='par_1_81' title="bbox 217 4897 1880 4979">
     <span class='ocr_line' id='line_1_81' title="bbox 217 4897 1880 4979; baseline 0.001 -28"><span class='ocrx_word' id='word_1_586' title='bbox 217 4897 544 4952; x_wconf 88' lang='lat' dir='ltr'>Saxoniam</span> <span class='ocrx_word' id='word_1_587' title='bbox 590 4897 894 4968; x_wconf 90' lang='lat' dir='ltr'>ingressus</span> <span class='ocrx_word' id='word_1_588' title='bbox 936 4903 1044 4966; x_wconf 88' lang='lat' dir='ltr'>est,</span> <span class='ocrx_word' id='word_1_589' title='bbox 1076 4915 1146 4953; x_wconf 92' lang='lat' dir='ltr'>eo</span> <span class='ocrx_word' id='word_1_590' title='bbox 1177 4899 1344 4970; x_wconf 88' lang='lat' dir='ltr'>quod</span> <span class='ocrx_word' id='word_1_591' title='bbox 1372 4901 1635 4955; x_wconf 85' lang='lat' dir='ltr'>Saxones</span> <span class='ocrx_word' id='word_1_592' title='bbox 1666 4898 1880 4979; x_wconf 77' lang='lat' dir='ltr'>iterum</span> 
     </span>
    </p>
   </div>
   <div class='ocr_carea' id='block_1_82' title="bbox 216 4985 1885 5058">
    <p class='ocr_par' dir='ltr' id='par_1_82' title="bbox 216 4985 1885 5058">
     <span class='ocr_line' id='line_1_82' title="bbox 216 4985 1885 5058; baseline 0.002 -20"><span class='ocrx_word' id='word_1_593' title='bbox 216 4985 628 5055; x_wconf 86' lang='lat' dir='ltr'>rebellassent,</span> <span class='ocrx_word' id='word_1_594' title='bbox 655 4991 711 5043; x_wconf 93' lang='lat' dir='ltr'>et</span> <span class='ocrx_word' id='word_1_595' title='bbox 740 5004 880 5042; x_wconf 93' lang='lat' dir='ltr'>cum</span> <span class='ocrx_word' id='word_1_596' title='bbox 911 4986 1121 5058; x_wconf 90' lang='lat' dir='ltr'>paucis</span> <span class='ocrx_word' id='word_1_597' title='bbox 1166 4988 1404 5042; x_wconf 84' lang='lat' dir='ltr'>Francis</span> <span class='ocrx_word' id='word_1_598' title='bbox 1443 4987 1519 5043; x_wconf 90' lang='lat' dir='ltr'>ad</span> <span class='ocrx_word' id='word_1_599' title='bbox 1551 4985 1885 5042; x_wconf 80' lang='lat' dir='ltr'>Thietmall1</span> 
     </span>
    </p>
   </div>
   <div class='ocr_carea' id='block_1_83' title="bbox 217 5073 1881 5147">
    <p class='ocr_par' dir='ltr' id='par_1_83' title="bbox 217 5073 1881 5147">
     <span class='ocr_line' id='line_1_83' title="bbox 217 5073 1881 5147; baseline 0.004 -23"><span class='ocrx_word' id='word_1_600' title='bbox 217 5075 374 5128; x_wconf 89' lang='lat' dir='ltr'>venit</span> <span class='ocrx_word' id='word_1_601' title='bbox 400 5092 412 5140; x_wconf 89' lang='lat'><strong>;</strong></span> <span class='ocrx_word' id='word_1_602' title='bbox 445 5073 527 5128; x_wconf 89' lang='lat' dir='ltr'>ibi</span> <span class='ocrx_word' id='word_1_603' title='bbox 555 5075 818 5130; x_wconf 88' lang='lat' dir='ltr'>Saxones</span> <span class='ocrx_word' id='word_1_604' title='bbox 843 5079 1207 5147; x_wconf 90' lang='lat' dir='ltr'>paraverunt</span> <span class='ocrx_word' id='word_1_605' title='bbox 1237 5091 1509 5146; x_wconf 87' lang='lat' dir='ltr'>pugnam</span> <span class='ocrx_word' id='word_1_606' title='bbox 1555 5075 1614 5130; x_wconf 89' lang='lat' dir='ltr'>in</span> <span class='ocrx_word' id='word_1_607' title='bbox 1663 5091 1881 5147; x_wconf 88' lang='lat' dir='ltr'>campo</span> 
     </span>
    </p>
   </div>
   <div class='ocr_carea' id='block_1_84' title="bbox 217 5160 1882 5236">
    <p class='ocr_par' dir='ltr' id='par_1_84' title="bbox 217 5160 1882 5236">
     <span class='ocr_line' id='line_1_84' title="bbox 217 5160 1882 5236; baseline 0.004 -23"><span class='ocrx_word' id='word_1_608' title='bbox 217 5160 476 5216; x_wconf 87' lang='lat' dir='ltr'>viriliter.</span> <span class='ocrx_word' id='word_1_609' title='bbox 505 5165 664 5219; x_wconf 89' lang='lat' dir='ltr'>Tunc</span> <span class='ocrx_word' id='word_1_610' title='bbox 690 5180 793 5219; x_wconf 90' lang='lat' dir='ltr'>rex</span> <span class='ocrx_word' id='word_1_611' title='bbox 824 5180 965 5220; x_wconf 93' lang='lat' dir='ltr'>cum</span> <span class='ocrx_word' id='word_1_612' title='bbox 999 5164 1234 5218; x_wconf 78' lang='lat' dir='ltr'>Francis</span> <span class='ocrx_word' id='word_1_613' title='bbox 1267 5179 1446 5236; x_wconf 84' lang='lat' dir='ltr'>super</span> <span class='ocrx_word' id='word_1_614' title='bbox 1482 5181 1585 5218; x_wconf 91' lang='lat' dir='ltr'>eos</span> <span class='ocrx_word' id='word_1_615' title='bbox 1613 5165 1797 5231; x_wconf 90' lang='lat' dir='ltr'>irruit,</span> <span class='ocrx_word' id='word_1_616' title='bbox 1827 5168 1882 5220; x_wconf 89' lang='lat' dir='ltr'>et</span> 
     </span>
    </p>
   </div>
   <div class='ocr_carea' id='block_1_85' title="bbox 220 5254 1881 5327">
    <p class='ocr_par' dir='ltr' id='par_1_85' title="bbox 220 5254 1881 5327">
     <span class='ocr_line' id='line_1_85' title="bbox 220 5254 1881 5327; baseline 0.004 -23"><span class='ocrx_word' id='word_1_617' title='bbox 220 5265 508 5314; x_wconf 79' lang='lat' dir='ltr'>magnam</span> <span class='ocrx_word' id='word_1_618' title='bbox 541 5265 801 5323; x_wconf 82' lang='lat' dir='ltr'>stragem</span> <span class='ocrx_word' id='word_1_619' title='bbox 832 5271 904 5310; x_wconf 90' lang='lat' dir='ltr'>ex</span> <span class='ocrx_word' id='word_1_620' title='bbox 930 5255 1013 5309; x_wconf 92' lang='lat' dir='ltr'>eis</span> <span class='ocrx_word' id='word_1_621' title='bbox 1040 5254 1191 5321; x_wconf 85' lang='lat' dir='ltr'>fecit,</span> <span class='ocrx_word' id='word_1_622' title='bbox 1227 5254 1308 5309; x_wconf 87' lang='lat' dir='ltr'>ita</span> <span class='ocrx_word' id='word_1_623' title='bbox 1338 5259 1403 5309; x_wconf 90' lang='lat' dir='ltr'>ut</span> <span class='ocrx_word' id='word_1_624' title='bbox 1423 5255 1706 5327; x_wconf 87' lang='lat' dir='ltr'>perpauci</span> <span class='ocrx_word' id='word_1_625' title='bbox 1737 5255 1881 5324; x_wconf 88' lang='lat' dir='ltr'>fuga</span> 
     </span>
    </p>
   </div>
   <div class='ocr_carea' id='block_1_86' title="bbox 219 5336 1880 5415">
    <p class='ocr_par' dir='ltr' id='par_1_86' title="bbox 219 5336 1880 5415">
     <span class='ocr_line' id='line_1_86' title="bbox 219 5336 1880 5415; baseline 0.004 -24"><span class='ocrx_word' id='word_1_626' title='bbox 219 5336 612 5397; x_wconf 83' lang='lat' dir='ltr'>elaberentur.</span> <span class='ocrx_word' id='word_1_627' title='bbox 644 5345 778 5398; x_wconf 91' lang='lat' dir='ltr'>Post</span> <span class='ocrx_word' id='word_1_628' title='bbox 799 5347 1105 5415; x_wconf 86' lang='lat' dir='ltr'>peractam</span> <span class='ocrx_word' id='word_1_629' title='bbox 1137 5342 1444 5398; x_wconf 84' lang='lat' dir='ltr'>victoriam</span> <span class='ocrx_word' id='word_1_630' title='bbox 1483 5343 1642 5397; x_wconf 84' lang='lat' dir='ltr'>venit</span> <span class='ocrx_word' id='word_1_631' title='bbox 1670 5358 1770 5397; x_wconf 86' lang='lat' dir='ltr'>rex</span> <span class='ocrx_word' id='word_1_632' title='bbox 1803 5342 1880 5397; x_wconf 92' lang='lat' dir='ltr'>ad</span> 
     </span>
    </p>
   </div>
   <div class='ocr_carea' id='block_1_87' title="bbox 217 5425 1879 5498">
    <p class='ocr_par' dir='ltr' id='par_1_87' title="bbox 217 5425 1879 5498">
     <span class='ocr_line' id='line_1_87' title="bbox 217 5425 1879 5498; baseline 0.004 -18"><span class='ocrx_word' id='word_1_633' title='bbox 217 5426 669 5498; x_wconf 89' lang='lat' dir='ltr'>Paderbrunna,</span> <span class='ocrx_word' id='word_1_634' title='bbox 705 5431 802 5487; x_wconf 92' lang='lat' dir='ltr'>ubi</span> <span class='ocrx_word' id='word_1_635' title='bbox 835 5432 1174 5488; x_wconf 91' lang='lat' dir='ltr'>coadunato</span> <span class='ocrx_word' id='word_1_636' title='bbox 1203 5431 1482 5498; x_wconf 88' lang='lat' dir='ltr'>exercitu,</span> <span class='ocrx_word' id='word_1_637' title='bbox 1533 5425 1732 5487; x_wconf 77' lang='lat' dir='ltr'>denuo</span> <span class='ocrx_word' id='word_1_638' title='bbox 1780 5447 1879 5486; x_wconf 89' lang='lat' dir='ltr'>su-</span> 
     </span>
    </p>
   </div>
   <div class='ocr_carea' id='block_1_88' title="bbox 1990 3126 3653 3199">
    <p class='ocr_par' dir='ltr' id='par_1_88' title="bbox 1990 3126 3653 3199">
     <span class='ocr_line' id='line_1_88' title="bbox 1990 3126 3653 3199; baseline 0 -18"><span class='ocrx_word' id='word_1_639' title='bbox 1990 3126 2276 3194; x_wconf 87' lang='lat' dir='ltr'>Wachna,</span> <span class='ocrx_word' id='word_1_640' title='bbox 2307 3132 2363 3182; x_wconf 91' lang='lat' dir='ltr'>et</span> <span class='ocrx_word' id='word_1_641' title='bbox 2391 3132 2634 3199; x_wconf 82' lang='lat' dir='ltr'>propter</span> <span class='ocrx_word' id='word_1_642' title='bbox 2657 3127 2908 3182; x_wconf 90' lang='lat' dir='ltr'>nimiam</span> <span class='ocrx_word' id='word_1_643' title='bbox 2958 3126 3413 3182; x_wconf 89' lang='lat' dir='ltr'>inundationem</span> <span class='ocrx_word' id='word_1_644' title='bbox 3464 3142 3653 3198; x_wconf 91' lang='lat' dir='ltr'>aqua-</span> 
     </span>
    </p>
   </div>
   <div class='ocr_carea' id='block_1_89' title="bbox 1989 3215 3654 3285">
    <p class='ocr_par' dir='ltr' id='par_1_89' title="bbox 1989 3215 3654 3285">
     <span class='ocr_line' id='line_1_89' title="bbox 1989 3215 3654 3285; baseline 0 -15"><span class='ocrx_word' id='word_1_645' title='bbox 1989 3230 2125 3270; x_wconf 90' lang='lat' dir='ltr'>rum</span> <span class='ocrx_word' id='word_1_646' title='bbox 2172 3216 2312 3271; x_wconf 90' lang='lat' dir='ltr'>inde</span> <span class='ocrx_word' id='word_1_647' title='bbox 2349 3232 2625 3271; x_wconf 90' lang='lat' dir='ltr'>reversus</span> <span class='ocrx_word' id='word_1_648' title='bbox 2672 3220 2760 3271; x_wconf 91' lang='lat' dir='ltr'>est</span> <span class='ocrx_word' id='word_1_649' title='bbox 2808 3216 3201 3285; x_wconf 88' lang='lat' dir='ltr'>Heresburgh,</span> <span class='ocrx_word' id='word_1_650' title='bbox 3253 3215 3356 3270; x_wconf 91' lang='lat' dir='ltr'>ubi</span> <span class='ocrx_word' id='word_1_651' title='bbox 3404 3231 3654 3270; x_wconf 80' lang='lat' dir='ltr'>uxorem</span> 
     </span>
    </p>
   </div>
   <div class='ocr_carea' id='block_1_90' title="bbox 1993 3303 3654 3360">
    <p class='ocr_par' dir='ltr' id='par_1_90' title="bbox 1993 3303 3654 3360">
     <span class='ocr_line' id='line_1_90' title="bbox 1993 3303 3654 3360; baseline 0 -2"><span class='ocrx_word' id='word_1_652' title='bbox 1993 3320 2168 3359; x_wconf 89' lang='lat' dir='ltr'>suam</span> <span class='ocrx_word' id='word_1_653' title='bbox 2227 3304 2659 3360; x_wconf 89' lang='lat' dir='ltr'>Fastradanam</span> <span class='ocrx_word' id='word_1_654' title='bbox 2713 3320 2852 3360; x_wconf 90' lang='lat' dir='ltr'>cum</span> <span class='ocrx_word' id='word_1_655' title='bbox 2895 3304 3030 3360; x_wconf 86' lang='lat' dir='ltr'>ﬁliis</span> <span class='ocrx_word' id='word_1_656' title='bbox 3079 3308 3136 3359; x_wconf 92' lang='lat' dir='ltr'>et</span> <span class='ocrx_word' id='word_1_657' title='bbox 3172 3303 3414 3360; x_wconf 88' lang='lat' dir='ltr'>ﬁliabus</span> <span class='ocrx_word' id='word_1_658' title='bbox 3451 3303 3654 3358; x_wconf 91' lang='lat' dir='ltr'>venire</span> 
     </span>
    </p>
   </div>
   <div class='ocr_carea' id='block_1_91' title="bbox 1987 3392 3655 3465">
    <p class='ocr_par' dir='ltr' id='par_1_91' title="bbox 1987 3392 3655 3465">
     <span class='ocr_line' id='line_1_91' title="bbox 1987 3392 3655 3465; baseline -0.001 -18"><span class='ocrx_word' id='word_1_659' title='bbox 1987 3393 2182 3463; x_wconf 91' lang='lat' dir='ltr'>jussit,</span> <span class='ocrx_word' id='word_1_660' title='bbox 2209 3398 2266 3449; x_wconf 93' lang='lat' dir='ltr'>et</span> <span class='ocrx_word' id='word_1_661' title='bbox 2291 3393 2372 3448; x_wconf 92' lang='lat' dir='ltr'>ibi</span> <span class='ocrx_word' id='word_1_662' title='bbox 2400 3398 2520 3450; x_wconf 90' lang='lat' dir='ltr'>tota</span> <span class='ocrx_word' id='word_1_663' title='bbox 2545 3395 2760 3465; x_wconf 88' lang='lat' dir='ltr'>hyeme</span> <span class='ocrx_word' id='word_1_664' title='bbox 2790 3393 3029 3452; x_wconf 91' lang='lat' dir='ltr'>resedit.</span> <span class='ocrx_word' id='word_1_665' title='bbox 3074 3393 3157 3448; x_wconf 89' lang='lat' dir='ltr'>ibi</span> <span class='ocrx_word' id='word_1_666' title='bbox 3208 3394 3385 3448; x_wconf 90' lang='lat' dir='ltr'>etiam</span> <span class='ocrx_word' id='word_1_667' title='bbox 3425 3392 3655 3464; x_wconf 90' lang='lat' dir='ltr'>pascha</span> 
     </span>
    </p>
   </div>
   <div class='ocr_carea' id='block_1_92' title="bbox 1990 3481 3653 3554">
    <p class='ocr_par' dir='ltr' id='par_1_92' title="bbox 1990 3481 3653 3554">
     <span class='ocr_line' id='line_1_92' title="bbox 1990 3481 3653 3554; baseline -0.002 -17"><span class='ocrx_word' id='word_1_668' title='bbox 1990 3481 2326 3550; x_wconf 92' lang='lat' dir='ltr'>celebravit,</span> <span class='ocrx_word' id='word_1_669' title='bbox 2361 3487 2418 3538; x_wconf 94' lang='lat' dir='ltr'>et</span> <span class='ocrx_word' id='word_1_670' title='bbox 2447 3483 2645 3539; x_wconf 91' lang='lat' dir='ltr'>multis</span> <span class='ocrx_word' id='word_1_671' title='bbox 2676 3483 2909 3539; x_wconf 90' lang='lat' dir='ltr'>vicibus</span> <span class='ocrx_word' id='word_1_672' title='bbox 2938 3499 3139 3538; x_wconf 88' lang='lat' dir='ltr'>scaras</span> <span class='ocrx_word' id='word_1_673' title='bbox 3176 3497 3360 3554; x_wconf 92' lang='lat' dir='ltr'>super</span> <span class='ocrx_word' id='word_1_674' title='bbox 3387 3483 3653 3538; x_wconf 90' lang='lat' dir='ltr'>Saxones</span> 
     </span>
    </p>
   </div>
   <div class='ocr_carea' id='block_1_93' title="bbox 1989 3569 3652 3644">
    <p class='ocr_par' dir='ltr' id='par_1_93' title="bbox 1989 3569 3652 3644">
     <span class='ocr_line' id='line_1_93' title="bbox 1989 3569 3652 3644; baseline -0.001 -18"><span class='ocrx_word' id='word_1_675' title='bbox 1989 3571 2165 3637; x_wconf 89' lang='lat' dir='ltr'>misit,</span> <span class='ocrx_word' id='word_1_676' title='bbox 2200 3577 2257 3626; x_wconf 92' lang='lat' dir='ltr'>et</span> <span class='ocrx_word' id='word_1_677' title='bbox 2281 3588 2492 3627; x_wconf 91' lang='lat' dir='ltr'>eorum</span> <span class='ocrx_word' id='word_1_678' title='bbox 2523 3577 2718 3628; x_wconf 91' lang='lat' dir='ltr'>castra</span> <span class='ocrx_word' id='word_1_679' title='bbox 2745 3572 3129 3644; x_wconf 65' lang='lat' dir='ltr'>depraedatus</span> <span class='ocrx_word' id='word_1_680' title='bbox 3163 3575 3270 3639; x_wconf 90' lang='lat' dir='ltr'>est,</span> <span class='ocrx_word' id='word_1_681' title='bbox 3299 3575 3355 3626; x_wconf 93' lang='lat' dir='ltr'>et</span> <span class='ocrx_word' id='word_1_682' title='bbox 3402 3570 3463 3625; x_wconf 92' lang='lat' dir='ltr'>in</span> <span class='ocrx_word' id='word_1_683' title='bbox 3505 3569 3652 3626; x_wconf 88' lang='lat' dir='ltr'>Maio</span> 
     </span>
    </p>
   </div>
   <div class='ocr_carea' id='block_1_94' title="bbox 1989 3658 3654 3731">
    <p class='ocr_par' dir='ltr' id='par_1_94' title="bbox 1989 3658 3654 3731">
     <span class='ocr_line' id='line_1_94' title="bbox 1989 3658 3654 3731; baseline -0.001 -17"><span class='ocrx_word' id='word_1_684' title='bbox 1989 3660 2292 3731; x_wconf 78' lang='lat' dir='ltr'>synodum</span> <span class='ocrx_word' id='word_1_685' title='bbox 2323 3661 2400 3716; x_wconf 88' lang='lat' dir='ltr'>ad</span> <span class='ocrx_word' id='word_1_686' title='bbox 2433 3661 2860 3720; x_wconf 86' lang='lat' dir='ltr'>Paderbrunna</span> <span class='ocrx_word' id='word_1_687' title='bbox 2892 3660 3118 3727; x_wconf 88' lang='lat' dir='ltr'>habuit,</span> <span class='ocrx_word' id='word_1_688' title='bbox 3150 3664 3206 3713; x_wconf 91' lang='lat' dir='ltr'>et</span> <span class='ocrx_word' id='word_1_689' title='bbox 3225 3659 3364 3713; x_wconf 91' lang='lat' dir='ltr'>inde</span> <span class='ocrx_word' id='word_1_690' title='bbox 3395 3658 3502 3713; x_wconf 90' lang='lat' dir='ltr'>iter</span> <span class='ocrx_word' id='word_1_691' title='bbox 3522 3674 3654 3729; x_wconf 91' lang='lat' dir='ltr'>per-</span> 
     </span>
    </p>
   </div>
   <div class='ocr_carea' id='block_1_95' title="bbox 1990 3745 3656 3818">
    <p class='ocr_par' dir='ltr' id='par_1_95' title="bbox 1990 3745 3656 3818">
     <span class='ocr_line' id='line_1_95' title="bbox 1990 3745 3656 3818; baseline -0.003 -16"><span class='ocrx_word' id='word_1_692' title='bbox 1990 3764 2156 3818; x_wconf 89' lang='lat' dir='ltr'>gens,</span> <span class='ocrx_word' id='word_1_693' title='bbox 2184 3749 2348 3802; x_wconf 93' lang='lat' dir='ltr'>nullo</span> <span class='ocrx_word' id='word_1_694' title='bbox 2376 3748 2838 3813; x_wconf 88' lang='lat' dir='ltr'>contradicente,</span> <span class='ocrx_word' id='word_1_695' title='bbox 2875 3751 3060 3800; x_wconf 90' lang='lat' dir='ltr'>totam</span> <span class='ocrx_word' id='word_1_696' title='bbox 3094 3746 3419 3800; x_wconf 90' lang='lat' dir='ltr'>Saxoniam</span> <span class='ocrx_word' id='word_1_697' title='bbox 3451 3745 3656 3798; x_wconf 90' lang='lat' dir='ltr'>circui-</span> 
     </span>
    </p>
   </div>
   <div class='ocr_carea' id='block_1_96' title="bbox 1990 3829 3658 3902">
    <p class='ocr_par' dir='ltr' id='par_1_96' title="bbox 1990 3829 3658 3902">
     <span class='ocr_line' id='line_1_96' title="bbox 1990 3829 3658 3902; baseline -0.002 -14"><span class='ocrx_word' id='word_1_698' title='bbox 1990 3836 2088 3890; x_wconf 91' lang='lat' dir='ltr'>vit.</span> <span class='ocrx_word' id='word_1_699' title='bbox 2117 3835 2284 3888; x_wconf 85' lang='lat' dir='ltr'>Venit</span> <span class='ocrx_word' id='word_1_700' title='bbox 2309 3839 2508 3888; x_wconf 85' lang='lat' dir='ltr'>autem</span> <span class='ocrx_word' id='word_1_701' title='bbox 2539 3834 2598 3886; x_wconf 92' lang='lat' dir='ltr'>in</span> <span class='ocrx_word' id='word_1_702' title='bbox 2633 3831 3028 3899; x_wconf 84' lang='lat' dir='ltr'>Bardingawi,</span> <span class='ocrx_word' id='word_1_703' title='bbox 3079 3835 3134 3886; x_wconf 93' lang='lat' dir='ltr'>et</span> <span class='ocrx_word' id='word_1_704' title='bbox 3163 3829 3303 3884; x_wconf 92' lang='lat' dir='ltr'>inde</span> <span class='ocrx_word' id='word_1_705' title='bbox 3334 3830 3494 3884; x_wconf 89' lang='lat' dir='ltr'>misit</span> <span class='ocrx_word' id='word_1_706' title='bbox 3521 3834 3658 3902; x_wconf 89' lang='lat' dir='ltr'>post</span> 
     </span>
    </p>
   </div>
   <div class='ocr_carea' id='block_1_97' title="bbox 1989 3920 3654 3991">
    <p class='ocr_par' dir='ltr' id='par_1_97' title="bbox 1989 3920 3654 3991">
     <span class='ocr_line' id='line_1_97' title="bbox 1989 3920 3654 3991; baseline -0.002 -15"><span class='ocrx_word' id='word_1_707' title='bbox 1989 3921 2431 3976; x_wconf 89' lang='lat' dir='ltr'>Widichindum</span> <span class='ocrx_word' id='word_1_708' title='bbox 2463 3927 2518 3976; x_wconf 93' lang='lat' dir='ltr'>et</span> <span class='ocrx_word' id='word_1_709' title='bbox 2543 3920 2877 3976; x_wconf 79' lang='lat' dir='ltr'>Abbionem</span> <span class='ocrx_word' id='word_1_710' title='bbox 2917 3920 3006 3988; x_wconf 69' lang='lat'>’0&#39;,</span> <span class='ocrx_word' id='word_1_711' title='bbox 3068 3925 3125 3976; x_wconf 91' lang='lat' dir='ltr'>et</span> <span class='ocrx_word' id='word_1_712' title='bbox 3171 3923 3456 3991; x_wconf 88' lang='lat' dir='ltr'>utrosque</span> <span class='ocrx_word' id='word_1_713' title='bbox 3488 3920 3565 3975; x_wconf 93' lang='lat' dir='ltr'>ad</span> <span class='ocrx_word' id='word_1_714' title='bbox 3593 3934 3654 3974; x_wconf 89' lang='lat' dir='ltr'>se</span> 
     </span>
    </p>
   </div>
   <div class='ocr_carea' id='block_1_98' title="bbox 1989 4009 3657 4090">
    <p class='ocr_par' dir='ltr' id='par_1_98' title="bbox 1989 4009 3657 4090">
     <span class='ocr_line' id='line_1_98' title="bbox 1989 4009 3657 4090; baseline -0.001 -24"><span class='ocrx_word' id='word_1_715' title='bbox 1989 4011 2125 4067; x_wconf 90' lang='lat' dir='ltr'>fecit</span> <span class='ocrx_word' id='word_1_716' title='bbox 2155 4011 2374 4079; x_wconf 91' lang='lat' dir='ltr'>venire,</span> <span class='ocrx_word' id='word_1_717' title='bbox 2407 4028 2560 4084; x_wconf 91' lang='lat' dir='ltr'>quos</span> <span class='ocrx_word' id='word_1_718' title='bbox 2592 4015 2968 4066; x_wconf 90' lang='lat' dir='ltr'>sacramento</span> <span class='ocrx_word' id='word_1_719' title='bbox 2998 4009 3275 4077; x_wconf 89' lang='lat' dir='ltr'>ﬁrmavit,</span> <span class='ocrx_word' id='word_1_720' title='bbox 3305 4013 3370 4064; x_wconf 95' lang='lat' dir='ltr'>ut</span> <span class='ocrx_word' id='word_1_721' title='bbox 3398 4009 3457 4090; x_wconf 84' lang='lat' dir='ltr'>in</span> <span class='ocrx_word' id='word_1_722' title='bbox 3482 4013 3657 4066; x_wconf 83' lang='lat' dir='ltr'>Fran-</span> 
     </span>
    </p>
   </div>
   <div class='ocr_carea' id='block_1_99' title="bbox 1988 4099 3654 4173">
    <p class='ocr_par' dir='ltr' id='par_1_99' title="bbox 1988 4099 3654 4173">
     <span class='ocr_line' id='line_1_99' title="bbox 1988 4099 3654 4173; baseline -0.002 -16"><span class='ocrx_word' id='word_1_723' title='bbox 1988 4102 2142 4157; x_wconf 89' lang='lat' dir='ltr'>ciam</span> <span class='ocrx_word' id='word_1_724' title='bbox 2172 4102 2248 4157; x_wconf 89' lang='lat' dir='ltr'>ad</span> <span class='ocrx_word' id='word_1_725' title='bbox 2282 4118 2421 4156; x_wconf 90' lang='lat' dir='ltr'>eum</span> <span class='ocrx_word' id='word_1_726' title='bbox 2453 4101 2738 4157; x_wconf 90' lang='lat' dir='ltr'>venirent.</span> <span class='ocrx_word' id='word_1_727' title='bbox 2775 4101 2906 4167; x_wconf 88' lang='lat' dir='ltr'>Qui,</span> <span class='ocrx_word' id='word_1_728' title='bbox 2939 4101 3197 4173; x_wconf 89' lang='lat' dir='ltr'>acceptis</span> <span class='ocrx_word' id='word_1_729' title='bbox 3222 4100 3555 4167; x_wconf 89' lang='lat' dir='ltr'>obsidibus,</span> <span class='ocrx_word' id='word_1_730' title='bbox 3575 4099 3654 4154; x_wconf 93' lang='lat' dir='ltr'>ad</span> 
     </span>
    </p>
   </div>
   <div class='ocr_carea' id='block_1_100' title="bbox 1988 4187 3655 4260">
    <p class='ocr_par' dir='ltr' id='par_1_100' title="bbox 1988 4187 3655 4260">
     <span class='ocr_line' id='line_1_100' title="bbox 1988 4187 3655 4260; baseline -0.001 -17"><span class='ocrx_word' id='word_1_731' title='bbox 1988 4190 2348 4245; x_wconf 86' lang='lat' dir='ltr'>Attiniacum</span> <span class='ocrx_word' id='word_1_732' title='bbox 2379 4190 2455 4246; x_wconf 90' lang='lat' dir='ltr'>ad</span> <span class='ocrx_word' id='word_1_733' title='bbox 2505 4205 2705 4260; x_wconf 89' lang='lat' dir='ltr'>regem</span> <span class='ocrx_word' id='word_1_734' title='bbox 2758 4193 3071 4255; x_wconf 90' lang='lat' dir='ltr'>venerunt,</span> <span class='ocrx_word' id='word_1_735' title='bbox 3125 4189 3325 4260; x_wconf 87' lang='lat' dir='ltr'>ibique</span> <span class='ocrx_word' id='word_1_736' title='bbox 3372 4187 3655 4260; x_wconf 88' lang='lat' dir='ltr'>baptizati</span> 
     </span>
    </p>
   </div>
   <div class='ocr_carea' id='block_1_101' title="bbox 1987 4276 3648 4347">
    <p class='ocr_par' dir='ltr' id='par_1_101' title="bbox 1987 4276 3648 4347">
     <span class='ocr_line' id='line_1_101' title="bbox 1987 4276 3648 4347; baseline -0.003 -13"><span class='ocrx_word' id='word_1_737' title='bbox 1987 4283 2145 4347; x_wconf 89' lang='lat' dir='ltr'>sunt,</span> <span class='ocrx_word' id='word_1_738' title='bbox 2175 4284 2230 4334; x_wconf 88' lang='lat' dir='ltr'>et</span> <span class='ocrx_word' id='word_1_739' title='bbox 2261 4283 2400 4334; x_wconf 91' lang='lat' dir='ltr'>tunc</span> <span class='ocrx_word' id='word_1_740' title='bbox 2435 4283 2553 4333; x_wconf 84' lang='lat' dir='ltr'>tota</span> <span class='ocrx_word' id='word_1_741' title='bbox 2589 4277 2848 4334; x_wconf 90' lang='lat' dir='ltr'>Saxonia</span> <span class='ocrx_word' id='word_1_742' title='bbox 2879 4276 3204 4347; x_wconf 88' lang='lat' dir='ltr'>subjugata</span> <span class='ocrx_word' id='word_1_743' title='bbox 3233 4281 3325 4332; x_wconf 91' lang='lat' dir='ltr'>est</span> <span class='ocrx_word' id='word_1_744' title='bbox 3371 4276 3607 4332; x_wconf 81' lang='lat' dir='ltr'>Francis</span> <span class='ocrx_word' id='word_1_745' title='bbox 3635 4294 3648 4342; x_wconf 94' lang='lat'><strong>;</strong></span> 
     </span>
    </p>
   </div>
   <div class='ocr_carea' id='block_1_102' title="bbox 1990 4365 3649 4430">
    <p class='ocr_par' dir='ltr' id='par_1_102' title="bbox 1990 4365 3649 4430">
     <span class='ocr_line' id='line_1_102' title="bbox 1990 4365 3649 4430; baseline -0.002 -8"><span class='ocrx_word' id='word_1_746' title='bbox 1990 4371 2047 4422; x_wconf 92' lang='lat' dir='ltr'>et</span> <span class='ocrx_word' id='word_1_747' title='bbox 2070 4367 2131 4422; x_wconf 91' lang='lat' dir='ltr'>in</span> <span class='ocrx_word' id='word_1_748' title='bbox 2162 4367 2376 4422; x_wconf 92' lang='lat' dir='ltr'>eadem</span> <span class='ocrx_word' id='word_1_749' title='bbox 2407 4366 2544 4421; x_wconf 87' lang='lat' dir='ltr'>villa</span> <span class='ocrx_word' id='word_1_750' title='bbox 2572 4365 2890 4422; x_wconf 88' lang='lat' dir='ltr'>celebravit</span> <span class='ocrx_word' id='word_1_751' title='bbox 2934 4381 3038 4421; x_wconf 91' lang='lat' dir='ltr'>rex</span> <span class='ocrx_word' id='word_1_752' title='bbox 3084 4365 3347 4422; x_wconf 88' lang='lat' dir='ltr'>natalem</span> <span class='ocrx_word' id='word_1_753' title='bbox 3395 4365 3649 4430; x_wconf 91' lang='lat' dir='ltr'>Domini,</span> 
     </span>
    </p>
   </div>
   <div class='ocr_carea' id='block_1_103' title="bbox 1991 4455 2614 4528">
    <p class='ocr_par' dir='ltr' id='par_1_103' title="bbox 1991 4455 2614 4528">
     <span class='ocr_line' id='line_1_103' title="bbox 1991 4455 2614 4528; baseline -0.005 -16"><span class='ocrx_word' id='word_1_754' title='bbox 1991 4462 2048 4512; x_wconf 92' lang='lat' dir='ltr'>et</span> <span class='ocrx_word' id='word_1_755' title='bbox 2077 4457 2303 4528; x_wconf 90' lang='lat' dir='ltr'>pascha</span> <span class='ocrx_word' id='word_1_756' title='bbox 2334 4455 2614 4510; x_wconf 90' lang='lat' dir='ltr'>similiter.</span> 
     </span>
    </p>
   </div>
   <div class='ocr_carea' id='block_1_104' title="bbox 2061 4542 3654 4600">
    <p class='ocr_par' dir='ltr' id='par_1_104' title="bbox 2061 4542 3654 4600">
     <span class='ocr_line' id='line_1_104' title="bbox 2061 4542 3654 4600; baseline -0.003 -1"><span class='ocrx_word' id='word_1_757' title='bbox 2061 4550 2232 4599; x_wconf 76' lang='lat' dir='ltr'>Anno</span> <span class='ocrx_word' id='word_1_758' title='bbox 2264 4544 2580 4600; x_wconf 62' lang='lat' dir='ltr'>Dominicze</span> <span class='ocrx_word' id='word_1_759' title='bbox 2611 4542 3038 4598; x_wconf 84' lang='lat' dir='ltr'>incarnationis</span> <span class='ocrx_word' id='word_1_760' title='bbox 3069 4547 3172 4597; x_wconf 89' lang='lat'>786</span> <span class='ocrx_word' id='word_1_761' title='bbox 3217 4542 3461 4599; x_wconf 88' lang='lat' dir='ltr'>Carolus</span> <span class='ocrx_word' id='word_1_762' title='bbox 3492 4543 3654 4596; x_wconf 90' lang='lat' dir='ltr'>misit</span> 
     </span>
    </p>
   </div>
   <div class='ocr_carea' id='block_1_105' title="bbox 1989 4627 3653 4704">
    <p class='ocr_par' dir='ltr' id='par_1_105' title="bbox 1989 4627 3653 4704">
     <span class='ocr_line' id='line_1_105' title="bbox 1989 4627 3653 4704; baseline -0.005 -16"><span class='ocrx_word' id='word_1_763' title='bbox 1989 4633 2312 4688; x_wconf 85' lang='lat' dir='ltr'>exercitum</span> <span class='ocrx_word' id='word_1_764' title='bbox 2341 4648 2517 4687; x_wconf 91' lang='lat' dir='ltr'>suum</span> <span class='ocrx_word' id='word_1_765' title='bbox 2546 4631 2820 4704; x_wconf 86' lang='lat' dir='ltr'>partibus</span> <span class='ocrx_word' id='word_1_766' title='bbox 2853 4628 3164 4685; x_wconf 57' lang='lat' dir='ltr'>Britannia</span> <span class='ocrx_word' id='word_1_767' title='bbox 3193 4645 3316 4683; x_wconf 92' lang='lat' dir='ltr'>una</span> <span class='ocrx_word' id='word_1_768' title='bbox 3347 4645 3486 4682; x_wconf 90' lang='lat' dir='ltr'>cum</span> <span class='ocrx_word' id='word_1_769' title='bbox 3516 4627 3653 4681; x_wconf 89' lang='lat' dir='ltr'>mis-</span> 
     </span>
    </p>
   </div>
   <div class='ocr_carea' id='block_1_106' title="bbox 1989 4715 3650 4792">
    <p class='ocr_par' dir='ltr' id='par_1_106' title="bbox 1989 4715 3650 4792">
     <span class='ocr_line' id='line_1_106' title="bbox 1989 4715 3650 4792; baseline -0.005 -16"><span class='ocrx_word' id='word_1_770' title='bbox 1989 4737 2056 4776; x_wconf 93' lang='lat' dir='ltr'>so</span> <span class='ocrx_word' id='word_1_771' title='bbox 2083 4737 2192 4775; x_wconf 92' lang='lat' dir='ltr'>suo</span> <span class='ocrx_word' id='word_1_772' title='bbox 2221 4721 2496 4792; x_wconf 89' lang='lat' dir='ltr'>Odulpho</span> <span class='ocrx_word' id='word_1_773' title='bbox 2518 4720 2788 4791; x_wconf 91' lang='lat' dir='ltr'>principe</span> <span class='ocrx_word' id='word_1_774' title='bbox 2821 4733 3126 4784; x_wconf 90' lang='lat' dir='ltr'>cocorum,</span> <span class='ocrx_word' id='word_1_775' title='bbox 3177 4716 3281 4771; x_wconf 92' lang='lat' dir='ltr'>ubi</span> <span class='ocrx_word' id='word_1_776' title='bbox 3317 4715 3507 4769; x_wconf 91' lang='lat' dir='ltr'>multa</span> <span class='ocrx_word' id='word_1_777' title='bbox 3551 4730 3650 4769; x_wconf 86' lang='lat' dir='ltr'>ca-</span> 
     </span>
    </p>
   </div>
   <div class='ocr_carea' id='block_1_107' title="bbox 1989 4803 3653 4880">
    <p class='ocr_par' dir='ltr' id='par_1_107' title="bbox 1989 4803 3653 4880">
     <span class='ocr_line' id='line_1_107' title="bbox 1989 4803 3653 4880; baseline -0.004 -16"><span class='ocrx_word' id='word_1_778' title='bbox 1989 4809 2158 4865; x_wconf 88' lang='lat' dir='ltr'>stella</span> <span class='ocrx_word' id='word_1_779' title='bbox 2189 4808 2600 4880; x_wconf 89' lang='lat' dir='ltr'>adquisierunt</span> <span class='ocrx_word' id='word_1_780' title='bbox 2631 4807 2858 4874; x_wconf 86' lang='lat' dir='ltr'>Franci,</span> <span class='ocrx_word' id='word_1_781' title='bbox 2893 4810 2950 4861; x_wconf 93' lang='lat' dir='ltr'>et</span> <span class='ocrx_word' id='word_1_782' title='bbox 2979 4821 3189 4860; x_wconf 90' lang='lat' dir='ltr'>eorum</span> <span class='ocrx_word' id='word_1_783' title='bbox 3226 4803 3513 4877; x_wconf 91' lang='lat' dir='ltr'>primates</span> <span class='ocrx_word' id='word_1_784' title='bbox 3560 4819 3653 4858; x_wconf 86' lang='lat' dir='ltr'>re-</span> 
     </span>
    </p>
   </div>
   <div class='ocr_carea' id='block_1_108' title="bbox 1987 4891 3654 4972">
    <p class='ocr_par' dir='ltr' id='par_1_108' title="bbox 1987 4891 3654 4972">
     <span class='ocr_line' id='line_1_108' title="bbox 1987 4891 3654 4972; baseline -0.001 -19"><span class='ocrx_word' id='word_1_785' title='bbox 1987 4903 2501 4972; x_wconf 75' lang='lat' dir='ltr'>praesentaverunt</span> <span class='ocrx_word' id='word_1_786' title='bbox 2529 4896 2916 4952; x_wconf 87' lang='lat' dir='ltr'>Wormatiam</span> <span class='ocrx_word' id='word_1_787' title='bbox 2958 4894 3082 4963; x_wconf 91' lang='lat' dir='ltr'>regi</span> <span class='ocrx_word' id='word_1_788' title='bbox 3112 4893 3172 4947; x_wconf 91' lang='lat' dir='ltr'>in</span> <span class='ocrx_word' id='word_1_789' title='bbox 3220 4891 3462 4965; x_wconf 90' lang='lat' dir='ltr'>publico</span> <span class='ocrx_word' id='word_1_790' title='bbox 3512 4910 3654 4950; x_wconf 88' lang='lat' dir='ltr'>con-</span> 
     </span>
    </p>
   </div>
   <div class='ocr_carea' id='block_1_109' title="bbox 1993 4984 3652 5057">
    <p class='ocr_par' dir='ltr' id='par_1_109' title="bbox 1993 4984 3652 5057">
     <span class='ocr_line' id='line_1_109' title="bbox 1993 4984 3652 5057; baseline -0.001 -15"><span class='ocrx_word' id='word_1_791' title='bbox 1993 4993 2190 5042; x_wconf 91' lang='lat' dir='ltr'>ventu.</span> <span class='ocrx_word' id='word_1_792' title='bbox 2226 4990 2383 5042; x_wconf 89' lang='lat' dir='ltr'>Tunc</span> <span class='ocrx_word' id='word_1_793' title='bbox 2413 5002 2518 5042; x_wconf 90' lang='lat' dir='ltr'>rex</span> <span class='ocrx_word' id='word_1_794' title='bbox 2550 4986 2760 5041; x_wconf 91' lang='lat' dir='ltr'>videns</span> <span class='ocrx_word' id='word_1_795' title='bbox 2806 5001 2868 5038; x_wconf 90' lang='lat' dir='ltr'>se</span> <span class='ocrx_word' id='word_1_796' title='bbox 2911 5000 2984 5038; x_wconf 89' lang='lat' dir='ltr'>ex</span> <span class='ocrx_word' id='word_1_797' title='bbox 3037 4984 3200 5038; x_wconf 89' lang='lat' dir='ltr'>omni</span> <span class='ocrx_word' id='word_1_798' title='bbox 3241 4989 3406 5056; x_wconf 87' lang='lat' dir='ltr'>parte</span> <span class='ocrx_word' id='word_1_799' title='bbox 3437 5001 3652 5057; x_wconf 90' lang='lat' dir='ltr'>pacem</span> 
     </span>
    </p>
   </div>
   <div class='ocr_carea' id='block_1_110' title="bbox 1990 5071 3651 5147">
    <p class='ocr_par' dir='ltr' id='par_1_110' title="bbox 1990 5071 3651 5147">
     <span class='ocr_line' id='line_1_110' title="bbox 1990 5071 3651 5147; baseline -0.002 -15"><span class='ocrx_word' id='word_1_800' title='bbox 1990 5077 2230 5142; x_wconf 91' lang='lat' dir='ltr'>habere,</span> <span class='ocrx_word' id='word_1_801' title='bbox 2263 5081 2516 5132; x_wconf 88' lang='lat' dir='ltr'>Romam</span> <span class='ocrx_word' id='word_1_802' title='bbox 2542 5075 2801 5147; x_wconf 85' lang='lat' dir='ltr'>perrexit</span> <span class='ocrx_word' id='word_1_803' title='bbox 2832 5071 3116 5128; x_wconf 87' lang='lat' dir='ltr'>orationis</span> <span class='ocrx_word' id='word_1_804' title='bbox 3149 5090 3354 5142; x_wconf 88' lang='lat' dir='ltr'>causa,</span> <span class='ocrx_word' id='word_1_805' title='bbox 3390 5079 3446 5131; x_wconf 92' lang='lat' dir='ltr'>et</span> <span class='ocrx_word' id='word_1_806' title='bbox 3479 5080 3539 5130; x_wconf 91' lang='lat' dir='ltr'>ut</span> <span class='ocrx_word' id='word_1_807' title='bbox 3569 5074 3651 5129; x_wconf 91' lang='lat' dir='ltr'>ibi</span> 
     </span>
    </p>
   </div>
   <div class='ocr_carea' id='block_1_111' title="bbox 1990 5161 3652 5236">
    <p class='ocr_par' dir='ltr' id='par_1_111' title="bbox 1990 5161 3652 5236">
     <span class='ocr_line' id='line_1_111' title="bbox 1990 5161 3652 5236; baseline -0.002 -15"><span class='ocrx_word' id='word_1_808' title='bbox 1990 5183 2128 5221; x_wconf 91' lang='lat' dir='ltr'>cum</span> <span class='ocrx_word' id='word_1_809' title='bbox 2159 5166 2359 5221; x_wconf 89' lang='lat' dir='ltr'>missis</span> <span class='ocrx_word' id='word_1_810' title='bbox 2389 5163 2764 5236; x_wconf 86' lang='lat' dir='ltr'>imperatoris</span> <span class='ocrx_word' id='word_1_811' title='bbox 2791 5161 3157 5234; x_wconf 87' lang='lat' dir='ltr'>colloquium</span> <span class='ocrx_word' id='word_1_812' title='bbox 3187 5164 3454 5232; x_wconf 88' lang='lat' dir='ltr'>haberet,</span> <span class='ocrx_word' id='word_1_813' title='bbox 3483 5169 3539 5219; x_wconf 92' lang='lat' dir='ltr'>et</span> <span class='ocrx_word' id='word_1_814' title='bbox 3562 5180 3652 5219; x_wconf 86' lang='lat' dir='ltr'>ce-</span> 
     </span>
    </p>
   </div>
   <div class='ocr_carea' id='block_1_112' title="bbox 1988 5251 3480 5312">
    <p class='ocr_par' dir='ltr' id='par_1_112' title="bbox 1988 5251 3480 5312">
     <span class='ocr_line' id='line_1_112' title="bbox 1988 5251 3480 5312; baseline -0.003 -2"><span class='ocrx_word' id='word_1_815' title='bbox 1988 5256 2239 5312; x_wconf 91' lang='lat' dir='ltr'>lebravit</span> <span class='ocrx_word' id='word_1_816' title='bbox 2263 5254 2520 5311; x_wconf 89' lang='lat' dir='ltr'>natalem</span> <span class='ocrx_word' id='word_1_817' title='bbox 2557 5252 2790 5307; x_wconf 89' lang='lat' dir='ltr'>Domini</span> <span class='ocrx_word' id='word_1_818' title='bbox 2819 5251 2878 5307; x_wconf 91' lang='lat' dir='ltr'>in</span> <span class='ocrx_word' id='word_1_819' title='bbox 2911 5251 3206 5308; x_wconf 87' lang='lat' dir='ltr'>Florentia</span> <span class='ocrx_word' id='word_1_820' title='bbox 3229 5253 3480 5308; x_wconf 90' lang='lat' dir='ltr'>civitate.</span> 
     </span>
    </p>
   </div>
   <div class='ocr_carea' id='block_1_113' title="bbox 2059 5339 3652 5399">
    <p class='ocr_par' dir='ltr' id='par_1_113' title="bbox 2059 5339 3652 5399">
     <span class='ocr_line' id='line_1_113' title="bbox 2059 5339 3652 5399; baseline -0.004 0"><span class='ocrx_word' id='word_1_821' title='bbox 2059 5350 2230 5399; x_wconf 87' lang='lat' dir='ltr'>Anno</span> <span class='ocrx_word' id='word_1_822' title='bbox 2262 5341 2584 5398; x_wconf 70' lang='lat' dir='ltr'>Dominicaa</span> <span class='ocrx_word' id='word_1_823' title='bbox 2623 5339 3050 5398; x_wconf 87' lang='lat' dir='ltr'>incarnationis</span> <span class='ocrx_word' id='word_1_824' title='bbox 3100 5345 3200 5396; x_wconf 88' lang='lat'>787</span> <span class='ocrx_word' id='word_1_825' title='bbox 3251 5340 3496 5396; x_wconf 80' lang='lat' dir='ltr'>Carolus</span> <span class='ocrx_word' id='word_1_826' title='bbox 3546 5341 3652 5393; x_wconf 84' lang='lat' dir='ltr'>Ro-</span> 
     </span>
    </p>
   </div>
   <div class='ocr_carea' id='block_1_114' title="bbox 1989 5427 3650 5501">
    <p class='ocr_par' dir='ltr' id='par_1_114' title="bbox 1989 5427 3650 5501">
     <span class='ocr_line' id='line_1_114' title="bbox 1989 5427 3650 5501; baseline -0.004 -16"><span class='ocrx_word' id='word_1_827' title='bbox 1989 5447 2154 5487; x_wconf 90' lang='lat' dir='ltr'>mam</span> <span class='ocrx_word' id='word_1_828' title='bbox 2179 5431 2358 5495; x_wconf 91' lang='lat' dir='ltr'>venit,</span> <span class='ocrx_word' id='word_1_829' title='bbox 2392 5431 2449 5483; x_wconf 93' lang='lat' dir='ltr'>et</span> <span class='ocrx_word' id='word_1_830' title='bbox 2475 5445 2510 5484; x_wconf 94' lang='lat' dir='ltr'>a</span> <span class='ocrx_word' id='word_1_831' title='bbox 2540 5427 2816 5501; x_wconf 88' lang='lat' dir='ltr'>pontiﬁce</span> <span class='ocrx_word' id='word_1_832' title='bbox 2846 5430 3109 5485; x_wconf 79' lang='lat' dir='ltr'>Adriano</span> <span class='ocrx_word' id='word_1_833' title='bbox 3143 5427 3470 5484; x_wconf 88' lang='lat' dir='ltr'>honoriﬁce</span> <span class='ocrx_word' id='word_1_834' title='bbox 3519 5442 3650 5480; x_wconf 88' lang='lat' dir='ltr'>sus-</span> 
     </span>
    </p>
   </div>
   <div class='ocr_carea' id='block_1_115' title="bbox 1596 5573 2274 5630">
    <p class='ocr_par' dir='ltr' id='par_1_115' title="bbox 1596 5573 2274 5630">
     <span class='ocr_line' id='line_1_115' title="bbox 1596 5573 2274 5630; baseline -0.003 -2"><span class='ocrx_word' id='word_1_835' title='bbox 1596 5573 1832 5628; x_wconf 70' lang='lat' dir='ltr'>VARl/E</span> <span class='ocrx_word' id='word_1_836' title='bbox 1873 5573 2274 5630; x_wconf 78' lang='lat' dir='ltr'>LECTIONES.</span> 
     </span>
    </p>
   </div>
   <div class='ocr_carea' id='block_1_116' title="bbox 296 5710 2179 5786">
    <p class='ocr_par' dir='ltr' id='par_1_116' title="bbox 296 5710 2179 5786">
     <span class='ocr_line' id='line_1_116' title="bbox 296 5710 2179 5786; baseline 0.002 -19"><span class='ocrx_word' id='word_1_837' title='bbox 296 5710 370 5745; x_wconf 79' lang='grc'>³⁸·</span> <span class='ocrx_word' id='word_1_838' title='bbox 407 5710 733 5770; x_wconf 75' lang='lat' dir='ltr'>abbionem</span> <span class='ocrx_word' id='word_1_839' title='bbox 763 5716 820 5786; x_wconf 77' lang='grc'><strong>4,</strong></span> <span class='ocrx_word' id='word_1_840' title='bbox 847 5720 937 5781; x_wconf 81' lang='lat' dir='ltr'>5a,</span> <span class='ocrx_word' id='word_1_841' title='bbox 969 5716 1029 5773; x_wconf 89' lang='lat' dir='ltr'>d.</span> <span class='ocrx_word' id='word_1_842' title='bbox 1060 5723 1114 5783; x_wconf 93' lang='lat'>7,</span> <span class='ocrx_word' id='word_1_843' title='bbox 1145 5722 1198 5782; x_wconf 87' lang='lat'>9,</span> <span class='ocrx_word' id='word_1_844' title='bbox 1237 5721 1323 5786; x_wconf 80' lang='lat' dir='ltr'>to,</span> <span class='ocrx_word' id='word_1_845' title='bbox 1359 5721 1444 5784; x_wconf 84' lang='grc' dir='ltr'>Η,</span> <span class='ocrx_word' id='word_1_846' title='bbox 1476 5720 1575 5782; x_wconf 78' lang='grc'>12;</span> <span class='ocrx_word' id='word_1_847' title='bbox 1613 5713 1916 5771; x_wconf 87' lang='lat' dir='ltr'>albionem</span> <span class='ocrx_word' id='word_1_848' title='bbox 1940 5715 2179 5784; x_wconf 79' lang='lat' dir='ltr'>reliqui.</span> 
     </span>
    </p>
   </div>
  </div>
