4086 6200
380 171 463 229 59-
1502 156 1880 217 REGINDNIS
1917 156 2053 219 PBU

2163 156 2335 217 ZNSIS
2390 159 2705 221 ΑΒΒΛΤΙΞ.
3755 165 3824 218 60

387 292 598 363 ceptus
651 292 763 357 est,
822 288 927 351 ubi
975 287 1205 360 aliquot
1250 286 1379 343 dies
1423 288 1693 342 moratus
1737 284 1843 339 est.
1877 279 2048 343 Quod
2077 280 2127 343 Α
2157 281 2419 338 exercitu
2475 283 2638 339 venit
2690 282 2768 338 ad
2808 283 3130 343 Trientum.
3177 288 3339 345 Tunc
3371 284 3735 358 perspiciens
3762 302 3824 343 se

386 394 525 435 cum
557 378 828 435 audisset
857 377 1175 447 Heregisus
1204 375 1330 431 dux
1359 366 1935 440 Beneventanorum,
1984 368 2049 424 ti-

386 484 554 524 more
595 467 959 540 perterritus,
1007 465 1168 522 misit
1217 464 1578 522 Romaldum
1623 461 1815 518 ﬁlium
1869 474 2049 514 suum

384 571 523 614 cum
547 556 785 627 magnis
814 553 1168 612 muneribus
1197 553 1277 610 ad
1324 568 1550 624 regem,
1600 549 1911 624 postulans
1940 563 2046 620 pa-

383 660 539 716 cem,
568 648 626 702 et
653 643 1008 717 promittens
1036 659 1099 700 se
1123 658 1369 701 omnem
1392 641 1764 698 voluntatem
1794 638 1928 710 ejus
1970 635 2050 692 fa.

384 737 641 791 cturum.
672 732 786 789 Sed
814 732 907 791 his
954 732 1337 791 suasionibus
1386 729 1632 787 minime
1685 726 2048 801 apostolicus

384 822 651 890 credidit,
680 822 787 879 sed
823 822 1019 891 magis
1060 822 1332 880 hortatus
1373 824 1462 877 est
1500 834 1726 890 regem,
1764 820 1828 874 ut
1872 818 2051 871 Bene.

337 945 346 955 -
382 911 539 969 venti
568 910 718 968 ﬁnes
746 912 1010 982 intraret,
1040 911 1208 984 quod
1239 914 1296 966 et
1324 909 1478 967 fecit.
1514 910 1581 965 Et
1609 924 1749 963 cum
1778 907 2046 980 Capuam

382 1000 660 1071 venisset,
694 1001 990 1071 Herigisus
1021 1000 1258 1073 reliquit
1286 1001 1690 1057 Beneventum
1733 1000 1791 1052 et
1832 996 1893 1053 in
1944 996 2047 1050 Sa-

384 1088 621 1145 lernum
669 1090 929 1157 secessit,
975 1089 1180 1162 ibique
1229 1105 1291 1143 se
1323 1087 1596 1145 munivit.
1639 1085 1863 1143 Exinde
1891 1084 2050 1140 misit

383 1176 574 1235 ﬁlium
605 1193 783 1234 suum
814 1177 1184 1235 Grimaldum
1217 1178 1385 1247 (nam
1423 1175 1783 1233 Romaldum
1832 1189 1935 1229 rex
1963 1188 2048 1227 se-

386 1282 524 1323 cum
570 1268 888 1339 retinebat)
918 1283 1059 1323 cum
1089 1266 1329 1336 magnis
1379 1265 1755 1334 muneribus,
1794 1263 2049 1319 offerens

384 1354 625 1412 obsides
654 1360 712 1411 et
739 1354 1092 1427 promittens
1124 1370 1369 1411 omnem
1398 1355 1765 1420 ﬁdelitatem,
1815 1355 2049 1408 tantum

384 1446 455 1505 ut
477 1443 554 1499 ab
583 1442 1038 1515 impugnatione
1068 1448 1343 1499 cessaret.
1393 1446 1553 1500 Tunc
1590 1458 1695 1498 rex
1735 1457 1875 1496 cum
1905 1456 2047 1496 con-

386 1530 548 1589 sultu
574 1530 844 1589 ﬁdelium
865 1534 923 1587 et
944 1531 1345 1603 sacerdotum,
1378 1547 1452 1588 ne
1480 1531 1716 1604 penitus
1745 1528 2051 1602 episcopia

2157 371 2426 428 Thassilo
2475 388 2549 428 ex
2606 373 2771 428 omni
2820 378 2988 446 parte
3027 389 3158 430 esse
3189 374 3626 443 circundatum,
3659 381 3715 433 et
3740 376 3824 433 vi—

2156 459 2306 516 dens
2358 462 2523 533 quod
2578 462 2831 532 Bajoarii
2880 462 3073 531 magis
3127 467 3325 519 essent
3372 462 3578 520 ﬁdeles
3616 464 3823 521 Carolo

2157 565 2343 622 quam
2370 550 2502 619 sibi,
2536 550 2803 624 undique
2830 555 3167 609 coarctatus
3207 553 3370 609 venit
3418 553 3496 609 ad
3544 569 3684 609 eum
3711 559 3823 611 tra-

2156 638 2306 694 dens
2336 656 2398 694 se
2427 639 2710 696 manibus
2759 641 2890 712 ejus
2943 641 3019 698 ad
3066 641 3394 713 servitium,
3444 641 3823 713 reddensque

2156 726 2444 785 ducatum
2468 728 2580 785 sibi
2610 729 3008 787 commissum
3041 746 3076 786 a
3096 730 3347 804 Pippino
3377 746 3538 801 rege,
3588 736 3645 787 et
3673 747 3734 787 se
3761 731 3823 787 in

2157 817 2439 873 omnibus
2465 834 2746 892 peccasse
2776 823 2833 875 et
2861 818 3017 877 male
3043 820 3233 889 egisse
3262 820 3577 877 confessus
3611 824 3732 890 est;
3767 824 3824 877 et

2157 906 2358 964 denuo
2384 924 2687 965 renovans
2715 914 3091 971 sacramenta
3118 909 3281 966 dedit
3306 910 3630 967 duodecim
3660 910 3819 966 obsi-

2157 994 2264 1051 des
2311 996 2551 1065 electos,
2605 1002 2663 1054 et
2700 997 3093 1057 tredecimum
3120 998 3311 1055 ﬁlium
3341 1015 3519 1055 suum
3550 998 3821 1056 Theodo-

2157 1099 2317 1142 nem.
2377 1085 2524 1157 Rex,
2580 1087 2832 1161 receptis
2879 1086 3195 1144 obsidibus
3224 1130 3238 1155 ,
3294 1104 3570 1144 reversus
3628 1091 3718 1144 est
3762 1087 3822 1147 in

2158 1174 2491 1247 Franciam,
2517 1180 2574 1233 et
2599 1176 2923 1233 celebravit
2952 1176 3216 1233 natalem
3247 1177 3483 1234 Domini
3535 1177 3596 1232 in
3650 1177 3824 1246 Eugi-

2156 1262 2425 1334 linheim,
2458 1268 2516 1321 et
2542 1266 2771 1339 pascha
2797 1266 3081 1322 similiter.

2228 1356 2401 1409 Anno
2431 1354 2755 1410 Dominicee
2782 1354 3213 1413 incarnationis
3238 1357 3342 1412 788
3374 1371 3479 1412 rex
3503 1370 3826 1424 congrega-

2156 1440 2241 1497 vit
2266 1441 2571 1513 synodum
2600 1442 2660 1498 in
2693 1444 2942 1517 praefata
2974 1443 3131 1510 villa,
3185 1443 3389 1515 ibique
3416 1444 3577 1500 venit
3600 1444 3827 1501 Thassi~

2157 1529 2237 1593 lo,
2272 1535 2585 1603 coeperunt
2610 1536 2812 1589 autem
2843 1547 2985 1587 eum
3017 1531 3266 1603 Bajoarii
3318 1548 3623 1603 accusare,
3663 1530 3830 1613 quod

385 1622 443 1675 et
471 1618 834 1675 monasteria
858 1618 1332 1689 devastarentur,
1361 1619 1535 1687 elegit
1579 1618 1901 1679 duodecim
1945 1615 2049 1671 ob-
2092 1633 2131 1687 Β
2160 1616 2350 1677 ﬁdem
2381 1618 2749 1691 promissam
2776 1618 3091 1687 violasset,
3111 1619 3398 1677 suadente
3442 1636 3627 1677 uxore
3680 1619 3832 1676 Liut-

387 1706 564 1776 sides,
596 1712 652 1763 et
682 1707 915 1763 tertium
945 1706 1246 1763 decimum
1279 1706 1470 1762 ﬁlium
1507 1705 1834 1778 supradicti
1880 1704 2050 1760 ducis

388 1795 777 1863 Grimaldum,
811 1801 869 1851 et
894 1800 1149 1871 accepta
1177 1812 1450 1865 munera,
1465 1796 1818 1867 juraverunt
1845 1793 1897 1850 ei
1927 1809 2051 1850 om-

386 1898 494 1940 nes
529 1884 946 1953 Beneventani,
992 1887 1049 1939 et
1094 1898 1368 1939 reversus
1420 1887 1508 1940 est
1543 1887 1815 1951 Romam,
1848 1881 2049 1954 ibique

388 1971 708 2029 celebravit
762 1973 992 2044 pascha
1028 1989 1167 2029 cum
1211 1972 1466 2045 praesule
1497 1972 1655 2028 sedis
1686 1969 2046 2045 apostolicis.

386 2063 685 2119 Venerunt
710 2062 889 2118 etiam
917 2061 978 2118 in
1025 2062 1239 2118 eodem
1281 2061 1414 2118 loco
1472 2061 1641 2118 missi
1689 2058 2051 2119 Thassilonis

386 2152 585 2207 Arnus
615 2149 937 2223 episcopus
969 2154 1025 2207 et
1056 2151 1343 2217 Henricus
1373 2150 1585 2220 abbas,
1616 2154 1898 2220 rogantes
1942 2164 2049 2221 pa-

385 2253 553 2311 pam,
584 2242 649 2296 ut
670 2254 883 2311 pacem
912 2239 1150 2307 faceret,
1176 2238 1460 2315 litemque
1512 2238 1856 2296 terminaret
1900 2238 2051 2294 inter

387 2326 663 2387 Carolum
688 2342 891 2397 regem
917 2332 973 2383 et
1000 2327 1366 2385 Tassilonem
1395 2328 1634 2385 ducem.
1671 2330 1752 2384 Ex
1771 2342 1896 2400 qua
1916 2341 2052 2383 cau-

389 2432 460 2477 sa
477 2415 737 2475 multum
766 2417 1087 2475 decertavit
1124 2416 1506 2490 apostolicus.
1554 2419 1676 2475 Rex
1719 2420 1921 2477 autem
1973 2415 2051 2481 ad

386 2504 687 2579 postulata
713 2505 1109 2579 respondihse
1123 2521 1230 2578 per
1246 2505 1436 2564 multa
1455 2510 1729 2579 tempora
1748 2505 2047 2578 quaesisse,

390 2593 497 2650 sed
525 2593 772 2651 minime
802 2593 1069 2651 obtinere
1099 2593 1366 2667 potuisse
1402 2612 1414 2648 :
1455 2610 1566 2649 nec
1604 2598 1806 2651 tamen
1843 2593 2050 2649 inohe-

390 2681 560 2743 cliens
579 2682 876 2741 videretur
902 2698 1031 2741 esse
1054 2682 1296 2739 monitis
1323 2682 1686 2755 apostolicis,
1711 2681 1965 2739 asseruit
1989 2697 2052 2738 se

391 2769 455 2826 in
477 2771 751 2842 ejusdem
776 2787 950 2845 papae
976 2771 1294 2843 praesentia
1315 2788 1455 2827 cum
1481 2771 1705 2830 eisdem
1728 2771 1926 2827 missis
1948 2785 2052 2843 pa-

393 2874 524 2915 cem
548 2858 696 2917 velle
726 2859 985 2917 ﬁrmare.
1022 2859 1137 2918 Illis
1164 2865 1367 2919 autem
1413 2859 1822 2925 renuentibus,
1875 2863 2052 2931 atque

2158 1705 2366 1776 berga.
2429 1709 2494 1762 Et
2540 1706 2777 1778 objecta
2830 1707 3097 1764 Thassilo
3137 1708 3435 1777 denegare
3464 1724 3589 1764 non
3616 1707 3828 1781 potuit,

2160 1794 2265 1850 sed
2295 1795 2725 1869 comprobatus
2756 1801 2845 1852 est
2876 1812 2937 1851 se
2969 1795 3047 1851 ad
3070 1800 3298 1853 Avaros
3328 1800 3537 1868 postea
3559 1796 3831 1855 transmi-

2161 1882 2329 1952 sisse,
2359 1887 2415 1941 et
2447 1882 2510 1939 in
2542 1883 2727 1941 vitam
2758 1884 3027 1940 ﬁdelium
3053 1884 3210 1954 regis
3241 1884 3610 1941 consiliasse.
3632 1884 3722 1940 Ad
3750 1884 3830 1940 ul-

2158 1971 2376 2029 timum
2405 1973 2715 2029 confessus
2748 1980 2835 2031 est
2860 1990 2922 2030 se
2953 1973 3195 2041 dixisse,
3226 1973 3404 2030 etiam
3437 1973 3487 2028 si
3519 1973 3730 2033 decem
3758 1974 3826 2029 ἰὶτ
3924 2014 3935 2022 .

2158 2060 2269 2116 lios
2295 2060 2563 2129 haberet,
2597 2077 2807 2117 omnes
2833 2061 3039 2120 mallet
3058 2062 3345 2129 amittere,
3380 2077 3572 2135 quam
3596 2062 3677 2119 ita
3706 2078 3833 2119 ma-

2159 2165 2301 2206 nere
2332 2151 2484 2206 sicut
2505 2151 2827 2222 juraverat.
2853 2154 2932 2207 Ex
2962 2151 3055 2213 bis
3081 2156 3139 2211 et
3162 2150 3291 2208 aliis
3322 2151 3526 2208 multis
3569 2151 3647 2211 ab
3698 2167 3828 2209 om-

2158 2237 2339 2294 nibus
2360 2237 2722 2309 dijudicatus
2748 2243 2837 2295 est
2866 2239 2945 2295 ad
2983 2243 3259 2296 mortem.
3314 2241 3381 2294 Et
3428 2255 3568 2295 cum
3622 2255 3830 2297 omnes

2160 2325 2479 2399 capitalem
2499 2328 2852 2401 sententiam
2880 2327 3346 2400 proclamarent,
3371 2343 3476 2384 rex
3496 2327 3831 2387 misericor-

2160 2413 2261 2470 dia
2281 2419 2499 2483 motus,
2526 2431 2597 2471 eo
2628 2416 2795 2488 quod
2822 2416 3309 2487 consanguineus
3339 2416 3470 2487 ejus
3503 2421 3679 2484 esset,
3725 2415 3829 2473 ob-

2161 2502 2335 2568 tinuit
2356 2503 2435 2560 ab
2460 2503 2611 2578 ipsis
2640 2504 2739 2561 Dei
2768 2503 2890 2561 suis
2914 2504 3195 2560 ﬁdelibus
3240 2520 3313 2560 ne
3358 2509 3708 2563 moreretur.
3743 2508 3827 2559 ln-

2163 2596 2496 2662 terrogatus
2525 2608 2667 2662 ergo
2684 2608 2720 2649 a
2749 2608 2888 2662 rege
2917 2592 3066 2666 quid
3083 2609 3260 2665 agere
3284 2593 3481 2659 vellet,
3504 2598 3672 2649 terrae
3697 2608 3830 2665 pro-

2163 2684 2381 2736 stratus
2410 2680 2712 2739 licentiam
2739 2680 2802 2738 in
2824 2681 3256 2741 monasterium
3278 2681 3541 2739 intrandi
3567 2682 3826 2757 expetiit,

2162 2772 2230 2825 ut
2257 2767 2339 2823 ibi
2368 2772 2615 2840 peccata
2646 2785 2755 2825 sua
2779 2768 3095 2841 deplorare
3124 2769 3432 2842 potuisset.
3467 2769 3741 2827 Similiter
3770 2773 3827 2826 et

2163 2854 2321 2913 ﬁlius
2358 2857 2490 2928 ejus
2522 2857 2747 2915 Thiodo
2775 2856 2929 2914 fecit.
2978 2858 3161 2928 lgitur
3211 2859 3429 2917 attonsi
3472 2863 3628 2924 sunt,
3680 2862 3739 2917 et
3767 2858 3831 2917 in

392 2947 729 3005 dicentibus
758 2964 882 3007 non
912 2965 973 3005 se
1002 2949 1222 3007 audere
1250 2965 1360 3022 pro
1399 2949 1633 3007 seniore
1678 2947 2054 3007 diﬂinitivam
2081 2981 2127 3036 ο
2168 2946 2601 3003 monasterium
2636 2946 2821 3002 missi.
2851 2947 3028 3004 Pauci
3060 2948 3312 3019 Bajoarii
3341 2948 3446 3021 qui
3474 2964 3613 3005 cum
3655 2949 3831 3003 Thas-

393 3035 657 3108 proferre
685 3037 1059 3107 sententiam,
1100 3053 1297 3111 neque
1326 3053 1390 3093 se
1439 3038 1517 3095 ad
1560 3038 1674 3093 hoc
1726 3036 2055 3095 destinatos

394 3141 543 3192 esse,
570 3125 781 3182 videns
808 3126 1177 3198 apostolicus
1206 3126 1362 3185 facta
1389 3124 1727 3194 mendacia,
1754 3132 1811 3182 et
1840 3140 2058 3195 cogno-

395 3228 567 3271 scens
596 3213 1047 3281 instabilitatem
1076 3215 1265 3284 ducis,
1297 3214 1487 3272 iratus
1538 3214 2061 3273 anathematizavit

393 3302 747 3375 praedictum
776 3304 1184 3363 Thassilonem
1215 3307 1273 3361 et
1297 3319 1508 3361 omnes
1538 3303 1620 3360 illi
1650 3301 2059 3374 faventes,nisi

395 3390 739 3449 ﬁdelitatem
765 3408 953 3465 quam
982 3392 1107 3462 regi
1138 3391 1388 3466 Pippino
1418 3396 1474 3449 et
1502 3390 1624 3449 ﬁlio
1666 3392 1798 3463 ejus
1847 3391 2057 3448 Carolo

395 3481 769 3553 promiserat,
801 3498 909 3555 per
936 3482 1142 3539 omnia
1172 3481 1522 3541 observaret
1542 3500 1557 3550 ;
1577 3484 1920 3539 contestans
1950 3496 2064 3553 per.

397 3569 641 3631 eosdem
667 3570 885 3628 missos
909 3570 1172 3628 eundem
1200 3571 1419 3651 virum,
1447 3574 1505 3627 et
1532 3585 1789 3627 monens
1831 3585 1909 3627 ne
1951 3584 2059 3642 per

396 3658 526 3730 ejus
543 3658 1006 3721 obdurationem
1054 3664 1111 3719 et
1152 3659 1470 3733 perﬁdiam
1500 3658 1747 3730 sanguis
1777 3658 2056 3717 Christia-

395 3762 613 3807 norum
642 3748 1011 3819 funderetur,
1034 3754 1091 3805 et
1119 3753 1275 3807 terra
1311 3749 1741 3806 devastaretur.
1771 3751 1837 3805 Et
1858 3749 1908 3805 si
1929 3748 2058 3820 ipse

395 3835 520 3893 dux
573 3836 914 3894 nullatenus
966 3836 1210 3892 obedire
1265 3836 1458 3904 vellet,
1514 3840 1657 3892 tunc
1712 3837 1957 3895 Carolus
2002 3841 2059 3895 et

397 3924 687 3983 exercitus
717 3925 847 3994 ejus
877 3924 1141 3985 absoluti
1169 3928 1367 3981 essent
1395 3940 1431 3980 a
1454 3925 1575 3981 Deo
1606 3930 1659 3980 et
1706 3929 1912 3985 sancto
1955 3927 2058 3982 Pe-

397 4016 508 4083 tro,
537 4016 596 4069 et
621 4012 910 4085 quicquid
938 4012 1000 4068 in
1023 4012 1248 4069 ducatu
1277 4012 1408 4082 ejus
1452 4016 1862 4086 perpetratum
1905 4012 2077 4072 esset

397 4101 688 4163 incendiis
712 4106 771 4157 et
814 4101 1153 4163 homicidiis
1190 4101 1285 4157 vel
1337 4101 1742 4175 qualicunque
1797 4103 2055 4176 malicia,

396 4194 586 4248 totum
616 4190 730 4251 hoc
752 4206 931 4264 super
957 4190 1369 4249 Thassilonem
1397 4196 1455 4249 et
1480 4193 1673 4251 socios
1698 4193 1828 4265 ejus
1876 4199 2060 4252 verte-

394 4283 575 4351 retur,
616 4284 674 4339 et
720 4296 824 4338 rex
874 4286 932 4338 et
960 4282 1165 4339 Franci
1189 4286 1389 4339 essent
1415 4281 1663 4339 innoxii.
1721 4283 1820 4340 His
1856 4284 2056 4341 verbis

395 4367 684 4426 absolutis
710 4370 908 4425 missis
933 4370 1315 4436 Thassilonis,
1341 4386 1447 4426 rex
1474 4372 1744 4431 oratione
1778 4372 1858 4429 ad
1901 4373 2057 4431 limi-

393 4472 476 4515 na
502 4458 913 4530 apostolorum
951 4458 1272 4532 completa,
1301 4463 1358 4517 et
1399 4459 1813 4517 benedictione
1861 4476 2059 4532 perce-

391 4549 518 4619 pta,
547 4546 609 4603 in
642 4547 949 4607 Franciam
979 4563 1253 4618 gressum
1305 4548 1524 4619 dirigit,
1577 4552 1634 4605 et
1672 4548 2056 4605 Wormatiam

392 4634 496 4692 ubi
524 4641 650 4695 erat
681 4638 1073 4695 Frastradana
1103 4637 1324 4706 conjux
1349 4638 1479 4709 ejus
1508 4637 1798 4710 pervenit,
1827 4636 1934 4693 ubi
1964 4653 2058 4708 sy—

391 4723 624 4782 nodum
655 4724 1056 4796 congregavit,
1106 4728 1163 4779 et
1192 4726 1595 4783 manifestavit
1647 4723 2056 4783 sacerdotibus

394 4812 452 4866 et
495 4813 885 4881 optimatibus
922 4812 1090 4882 regni
1137 4828 1355 4873 causas
1398 4814 1643 4883 itineris,
1693 4818 1750 4870 et
1803 4812 2058 4885 qualiter

392 4899 655 4956 versutia
682 4900 1042 4961 Thassilonis
1071 4917 1277 4960 coram
1321 4920 1561 4960 summo
1591 4901 1870 4975 pontiﬁce
1900 4907 2057 4960 esset

335 4993 339 4997 '
392 4984 787 5058 deprehensa.
818 4989 965 5046 Misit
991 4988 1190 5064 itaque
1217 5008 1357 5051 cum
1383 4990 1658 5049 consultu
1686 4989 1955 5049 ﬁdelium
1976 4991 2056 5051 ad

394 5075 655 5133 eundem
698 5077 1109 5137 Thassilonem
1154 5095 1430 5147 monens,
1463 5083 1528 5134 ut
1572 5078 1911 5151 apostolicis
1951 5080 2055 5136 ad-

393 5163 830 5222 hortationibus
851 5166 1291 5241 obtemperaret
1319 5186 1332 5235 ;
1382 5168 1487 5241 qui
1537 5184 1676 5225 cum
1705 5168 1887 5225 nollet
1916 5168 2056 5227 obe-

394 5250 539 5322 dire,
575 5268 678 5311 rex
727 5254 997 5327 partibus
1040 5256 1330 5328 Bajoariae
1379 5255 1703 5323 exercitum
1750 5255 1960 5322 movit,
2000 5259 2057 5311 et

392 5340 555 5398 venit
580 5342 640 5401 in
671 5342 805 5403 loco
829 5345 932 5417 qui
958 5345 1173 5403 dicitur
1206 5342 1500 5412 Lechfeld,
1546 5360 1725 5417 super
1761 5344 2054 5411 civitatem

392 5434 744 5501 Augustam,
771 5438 829 5490 et
854 5437 1149 5490 venerunt
1176 5431 1496 5489 orientales
1549 5434 1751 5490 Franci
1801 5439 1855 5489 et
1907 5436 2056 5491 Thu-

391 5517 547 5588 ringi
590 5525 648 5578 et
694 5524 958 5580 Saxones
1008 5536 1192 5593 super
1234 5519 1575 5577 Danubium
1612 5521 1676 5577 in
1721 5523 1922 5580 locum
1950 5523 2056 5597 ‘qui

394 5608 608 5667 dicitur
638 5613 907 5684 Faringa.
934 5614 1115 5667 Porro
1144 5610 1435 5685 Pippinus
1462 5626 1564 5668 rex
1593 5611 1669 5671 de
1706 5614 1876 5673 Italia
1913 5630 2054 5685 cum

2170 3034 2356 3091 silone
2386 3040 2714 3105 senserant,
2737 3035 2798 3091 in
2829 3036 3071 3093 exilium
3102 3041 3240 3093 sunt
3268 3036 3459 3093 missi.
3485 3037 3707 3094 Eodem
3731 3053 3834 3093 an-

2166 3139 2247 3179 no
2273 3122 2669 3180 commissum
2698 3129 2786 3180 est
2815 3122 3041 3182 bellum
3071 3125 3221 3182 inter
3250 3128 3480 3185 Graecos
3510 3131 3567 3183 et
3606 3129 3833 3196 Lango-

2166 3211 2415 3279 bardos,
2472 3212 2728 3269 ducibus
2777 3213 3179 3270 Hildebrando
3208 3214 3283 3270 de
3316 3215 3575 3288 Spoleto,
3624 3219 3682 3271 et
3718 3215 3835 3275 Gri-

2166 3301 2371 3357 maldo
2403 3301 2477 3357 de
2511 3304 2866 3374 Benevento,
2917 3308 2975 3359 et
3024 3303 3318 3374 Winegiso
3361 3320 3398 3360 a
3428 3320 3568 3375 rege
3607 3304 3831 3362 directo

2166 3407 2306 3447 cum
2336 3390 2596 3457 Francis,
2630 3396 2687 3448 et
2708 3392 2896 3463 fugati
2922 3397 3061 3450 sunt
3086 3392 3289 3461 Graeci,
3317 3397 3375 3449 et
3400 3393 3655 3451 victores
3694 3392 3837 3450 exti-

2166 3485 2364 3538 terunt
2391 3482 2602 3538 Franci
2631 3486 2688 3539 et
2719 3482 3117 3553 Langobardi.
3141 3485 3247 3539 Per
3271 3482 3435 3541 idem
3464 3487 3705 3557 tempus
3723 3499 3835 3557 pu-

2167 3585 2288 3639 gna
2318 3570 2646 3627 commissa
2674 3575 2766 3627 est
2790 3572 2942 3629 inter
2970 3575 3196 3629 Avaros
3222 3575 3281 3631 et
3301 3575 3579 3641 Francos,
3602 3573 3709 3646 qui
3724 3573 3835 3629 Ita-

2163 3658 2245 3715 lia
2271 3659 2644 3729 habitabant,
2659 3664 2734 3728 et,
2762 3663 2879 3718 Deo
2903 3660 3210 3731 largiente,
3228 3661 3538 3719 victoriam
3562 3662 3833 3723 obtinue-

2164 3752 2303 3803 runt
2324 3748 2551 3805 Franci.
2584 3749 2774 3809 Tertia
2797 3765 3005 3822 pugna
3035 3749 3359 3807 commissa
3384 3754 3477 3807 est
3506 3750 3658 3811 inter
3683 3758 3834 3821 Ava-

2162 3851 2263 3892 ros
2288 3841 2343 3894 et
2374 3837 2673 3909 Bajoarios
2725 3837 2785 3893 in
2844 3852 3063 3911 campo
3114 3838 3323 3905 Iborte,
3374 3843 3431 3895 et
3463 3839 3701 3895 fuerunt
3749 3838 3833 3897 ibi

2165 3927 2328 3984 missi
2360 3926 2513 3996 regis
2545 3927 2962 3984 Grahamanus
2987 3931 3044 3985 et
3084 3927 3317 3997 Odocar
3353 3944 3494 3985 cum
3527 3928 3834 4003 aliquibus

2167 4017 2428 4079 Francis,
2461 4020 2517 4072 et
2549 4019 2666 4073 Deo
2695 4016 3020 4075 auxiliante
3046 4016 3292 4074 victoria
3318 4017 3428 4074 fuit
3465 4020 3833 4076 Francorum

2166 4122 2273 4161 seu
2306 4105 2735 4176 Bajoariorum.
2768 4108 2902 4161 Haec
2923 4106 3130 4164 omnia
3153 4107 3533 4180 supradictus
3560 4108 3833 4165 Thassilo

2166 4198 2223 4250 et
2249 4210 2396 4249 uxor
2421 4193 2549 4263 ejus
2583 4193 2883 4263 Liuthirga
2912 4195 3396 4255 terminaverunt.
3442 4198 3669 4262 Quarta
3714 4214 3827 4269 pu-

2167 4297 2286 4352 gna
2316 4281 2426 4337 fuit
2450 4286 2657 4338 contra
2689 4286 2936 4354 Avaros,
2986 4285 3091 4357 qui
3148 4285 3466 4342 voluerunt
3517 4285 3828 4344 vindicare

2165 4386 2267 4427 eos
2303 4370 2407 4443 qui
2436 4370 2497 4427 in
2528 4370 2733 4444 praelio
2789 4373 3064 4446 superius
3115 4374 3272 4430 dicto
3303 4374 3665 4447 ceciderunt,
3698 4375 3823 4443 sed,

2162 4460 2282 4514 Deo
2313 4459 2653 4530 adjuvante,
2674 4459 2921 4519 victoria
2948 4462 3293 4521 Christianis
3322 4464 3515 4521 cessit.
3536 4466 3677 4533 Post
3698 4464 3827 4519 haec

2165 4547 2410 4605 Carolus
2436 4548 2514 4604 ad
2546 4549 2980 4622 Reganesburg
3023 4552 3201 4619 venit,
3256 4552 3459 4625 ibique
3503 4568 3740 4609 marces
3768 4558 3828 4609 et

2161 4636 2311 4693 ﬁnes
2343 4638 2753 4708 Bajoariorum
2801 4638 3113 4712 disposuit,
3146 4640 3393 4714 indique
3440 4658 3710 4699 reversus
3739 4644 3829 4697 est

2162 4725 2224 4781 in
2280 4726 2607 4796 Franciam,
2656 4730 2711 4783 et
2764 4727 3089 4785 celebravit
3144 4729 3411 4787 natalem
3470 4730 3706 4787 Domini
3763 4730 3826 4786 in

2162 4814 2342 4886 Aquis
2371 4814 2614 4887 palatio,
2648 4818 2704 4872 et
2727 4817 2959 4889 pascha
2983 4815 3265 4873 similiter.

2192 4948 2197 4954 .
2232 4906 2403 4959 Anno
2426 4904 2749 4960 Dominicis
2770 4904 3313 4961 iacarnationis789
3326 4921 3429 4962 rex
3442 4906 3720 4963 Rhenum
3747 4906 3828 4965 ad

2163 4990 2470 5051 Coloniam
2487 4997 2618 5051 tran
2626 4993 2802 5061 siit,et
2818 4993 3142 5051 Saxoniam
3156 4994 3574 5065 ingressus,ad
3588 4994 3828 5053 Albiam

2163 5080 2413 5139 ﬂuvium
2434 5083 2627 5150 venit;
2657 5082 2860 5154 ibique
2881 5083 3037 5140 duos
3060 5088 3278 5156 pontes
3305 5084 3650 5154 construxit,
3671 5088 3728 5139 et
3753 5100 3833 5140 ex

2161 5175 2415 5244 utraque
2444 5176 2613 5244 parte
2645 5171 2843 5243 pontis
2877 5178 3070 5231 castra
3098 5173 3415 5232 aediﬁcavit
3442 5191 3514 5231 ex
3551 5172 3728 5244 lignis
3770 5179 3834 5232 et

2162 5263 2338 5330 terra,
2381 5266 2438 5317 et
2466 5260 2603 5327 inde
2632 5277 2989 5334 progressus
3014 5262 3364 5323 Sclavorum
3389 5264 3540 5319 ﬁnes
3564 5262 3828 5332 intravit,

2162 5354 2219 5405 et
2250 5350 2493 5406 Sclavos
2526 5355 2929 5420 cognomento
2962 5351 3143 5407 Wiltzi
3182 5369 3292 5408 suo
3323 5351 3594 5409 dominio
3623 5351 3834 5423 subju-

2164 5438 2343 5507 gavit.
2364 5442 2620 5496 Fuerunt
2635 5456 2775 5494 cum
2797 5456 2868 5496 eo
2895 5441 2956 5495 in
2981 5440 3195 5496 eadem
3218 5441 3596 5517 expeditione
3618 5443 3835 5498 Franci

2163 5531 2220 5582 et
2242 5526 2526 5599 Saxones,
2568 5531 2849 5584 Fresones
2878 5533 3081 5585 autem
3124 5529 3365 5600 navigio
3402 5535 3693 5587 venerunt
3720 5547 3834 5603 per

2164 5614 2391 5679 Habola
2414 5616 2683 5691 ﬂuvium.
2700 5619 2960 5675 Fuerunt
2982 5618 3165 5681 etiam
3190 5636 3331 5681 cum
3348 5636 3419 5680 eo
3439 5618 3835 5682 SclaviSurvi
