4076 6212
236 237 298 291 ω
577 223 581 227 ⁷
1442 236 1868 298 CHRONICON.

2021 237 2136 297 AN.
2182 236 2435 295 τοο-796.
3582 246 3661 303 62

237 360 295 412 et
329 355 619 425 Abotridi,
659 373 921 430 quorum
977 359 1261 435 princeps
1306 362 1633 422 vocabatur
1670 361 1889 423 Wisan.
1919 362 1972 423 Α
2000 359 2361 433 dosynodus
2390 363 2752 429 Graecorum,
2782 376 2970 434 quam
3013 376 3122 435 pro
3160 361 3489 428 aderandis
3514 366 3662 427 ima-

235 442 553 501 Obsidibus
595 445 801 520 itaqua
844 448 1119 522 receptis,
1149 465 1427 507 reversus
1476 458 1563 510 est
1607 452 1669 508 in
1714 454 1891 509 Fran-

232 533 409 604 ciam,
441 537 496 590 et
523 534 841 594 celebravit
878 537 1143 597 natalem
1182 540 1418 599 Domini
1450 541 1800 612 Wormatiee,
1835 545 1892 600 et

232 623 458 695 pascha
486 622 769 681 similiter.

303 714 479 768 Anno
525 713 848 769 Dominica:
900 716 1327 775 incarnationis
1373 722 1476 776 790
1518 719 1749 777 nullum
1781 718 1890 776 iter

230 800 366 857 fecit
392 816 519 870 rex,
547 801 654 858 sed
682 802 743 858 in
774 804 1117 877 supradicta
1167 808 1400 865 civitate
1438 824 1541 869 rex
1568 808 1891 867 celebravit

230 889 495 946 natalem
527 891 782 960 Domini,
808 898 864 950 et
891 894 1121 966 pascha
1148 895 1431 955 similiter.

302 981 478 1035 Anno
510 979 826 1038 Dominicre
853 982 1281 1041 incarnationis
1314 987 1409 1043 791
1439 985 1684 1044 Carolus
1708 986 1888 1062 parti—

230 1067 346 1124 bus
378 1069 789 1140 Bajoariorum
831 1074 1107 1145 perrexit,
1141 1079 1198 1132 et
1226 1076 1305 1131 ad
1337 1077 1764 1147 Reganesburg
1788 1092 1890 1132 ve-

229 1157 334 1231 nit,
362 1159 466 1216 ubi
495 1164 551 1216 et
577 1162 903 1218 exercitum
944 1180 1123 1220 suum
1168 1169 1489 1222 convenire
1516 1166 1732 1237 jussit;
1780 1165 1891 1221 ibi-

229 1262 347 1320 que
376 1263 515 1304 cum
545 1248 797 1305 consilio
824 1250 1189 1321 optimatum
1218 1253 1387 1321 regni
1410 1252 1705 1326 disposuit
1731 1253 1813 1308 ire
1834 1252 1897 1311 in

231 1337 570 1393 Avarorum
620 1352 878 1406 regnum
920 1343 1165 1412 propter
1212 1339 1513 1399 maliciam
1557 1340 1896 1397 intolerabi-

232 1423 376 1491 lem,
410 1440 598 1495 quam
642 1424 705 1479 in
736 1424 1058 1481 Galliorum
1096 1428 1357 1501 populos
1387 1430 1809 1487 commiserunt
1838 1435 1897 1491 et

237 1512 299 1568 in
330 1512 591 1568 ecclesiis
622 1513 737 1569 Dei.
770 1515 929 1570 Venit
956 1532 1098 1585 ergo
1142 1533 1282 1573 cum
1311 1518 1568 1575 exercitu
1594 1535 1783 1591 usque
1812 1519 1894 1577 ad

233 1601 488 1656 Anisum
513 1600 783 1669 ﬂuvium,
820 1602 922 1659 ubi
951 1602 1297 1662 triduanum
1321 1606 1620 1679 jejunium
1651 1624 1790 1664 cum
1810 1607 1891 1663 le-

1999 448 2240 519 ginibus
2272 448 2554 518 fecerunt,
2587 466 2623 507 a
2673 448 3057 523 pontiﬁcibus
3104 451 3322 523 rejecta
3366 454 3474 515 est.
3520 456 3662 512 Post

1997 538 2127 593 haec
2184 553 2308 605 rex,
2340 536 2531 593 diviso
2583 538 2644 595 in
2704 538 2858 595 duas
2914 543 3112 614 partes
3162 541 3441 610 exercitu,
3477 544 3657 601 Saxo—

1998 628 2161 682 niam
2209 625 2517 697 ingressus
2568 631 2697 684 est:
2760 627 2886 700 ipse
2945 642 3052 700 per
3101 628 3507 701 Thuringiam,
3548 632 3657 688 Ca-

1996 714 2162 771 rolus
2190 731 2332 770 vero
2360 714 2517 771 ﬁlius
2546 717 2675 787 ejus
2707 715 2786 773 ad
2810 714 3122 774 Coloniam
3148 717 3420 776 Rhenum
3446 720 3661 777 transi-

1996 803 2094 861 vit.
2132 806 2398 862 Saxones
2420 821 2560 861 vero
2582 810 3014 876 congregantes
3044 822 3106 862 se
3135 806 3199 863 in
3223 805 3357 864 loco
3381 808 3657 881 Finisfelt,

1994 899 2491 968 praeparaverunt
2537 911 2598 950 se
2648 893 2728 951 ad
2772 911 3064 969 pugnam.
3099 897 3249 953 Cum
3280 912 3422 953 vero
3453 898 3660 955 audis-

1997 988 2130 1039 sent
2194 1000 2257 1039 se
2315 999 2388 1039 ex
2443 981 2685 1040 duabus
2742 984 3010 1056 partibus
3076 1001 3205 1041 esse
3253 984 3659 1055 circundatos,

1999 1072 2310 1147 dissipavit
2387 1076 2545 1131 Deus
2631 1074 2878 1132 consilia
2951 1091 3182 1147 eorum,
3245 1079 3301 1144 et
3373 1076 3659 1148 quamvis

1999 1160 2407 1220 fraudulenter
2464 1163 2830 1221 Christianos
2890 1182 2953 1221 se
3006 1181 3133 1221 esse
3193 1168 3250 1221 et
3304 1163 3512 1221 ﬁdeles
3567 1181 3658 1221 re-

2002 1249 2061 1319 gi
2104 1248 2227 1306 fore
2272 1251 2689 1323 promiserunt.
2733 1256 2851 1310 Rex
2894 1253 2956 1310 in
3001 1252 3309 1310 Franciam
3355 1269 3656 1321 reversus,

2003 1338 2325 1396 celebravit
2363 1340 2623 1397 natalem
2682 1343 2917 1399 Domini
2964 1344 3024 1398 in
3072 1341 3261 1414 Aquis
3307 1342 3564 1414 palacio,
3602 1347 3660 1400 et

1998 1429 2230 1500 pascha
2256 1427 2538 1485 similiter.

2070 1517 2246 1573 Anno
2288 1518 2610 1573 Dominicae
2640 1516 3067 1575 incarnationis
3097 1522 3200 1573 795
3231 1533 3337 1573 rex
3365 1517 3525 1574 venit
3552 1520 3662 1575 Mo-

2001 1605 2224 1674 gontia,
2254 1603 2456 1678 ibique
2490 1607 2673 1663 tenuit
2716 1606 3003 1679 placitum
3047 1622 3226 1662 suum
3264 1606 3325 1661 in
3355 1606 3496 1663 villa
3525 1623 3660 1681 quin

230 1688 407 1746 taniis
448 1689 734 1759 fecerunt,
762 1690 1136 1764 postulantes
1179 1709 1290 1767 pro
1345 1695 1532 1753 salute
1577 1698 1886 1766 exercitus,
1916 1709 1969 1767 Β
1999 1694 2213 1751 dicitur
2267 1694 2634 1766 Cuﬂinstein,
2684 1695 2745 1752 in
2799 1694 3089 1751 suburbio
3141 1695 3413 1769 ejusdem
3470 1696 3655 1753 urbis.

229 1781 285 1835 et
331 1778 631 1849 adjutorio
681 1780 802 1846 Dei,
854 1786 910 1836 et
955 1780 1276 1840 vindictam
1322 1784 1722 1845 inimicorum.
1765 1788 1892 1844 Rex

226 1866 427 1941 itaque
467 1867 641 1924 litora
677 1868 933 1926 Danubii
959 1869 1034 1925 de
1064 1872 1312 1930 australi
1344 1878 1512 1947 parte
1547 1876 1750 1948 tenuit,
1785 1878 1890 1933 Sa-

225 1972 414 2013 xones
441 1960 642 2014 autem
672 1974 811 2014 cum
840 1957 1210 2030 quibusdam
1250 1963 1510 2035 Francis,
1543 1968 1598 2020 et
1628 1964 1892 2036 plurima

224 2045 604 2103 multitudine
633 2048 956 2102 Fresonum
977 2046 1051 2103 de
1076 2048 1438 2121 Aquilonali,
1458 2056 1515 2108 et
1532 2052 1614 2109 ita
1638 2069 1889 2125 pergen-

224 2136 311 2191 tes
339 2136 634 2190 venerunt
676 2134 777 2189 ubi
807 2135 938 2206 jam
968 2136 1108 2193 dicti
1137 2139 1362 2195 Avares
1389 2142 1755 2199 munitiones
1785 2143 1890 2199 ha-

222 2220 448 2278 bebant
475 2227 738 2295 paratas,
767 2223 841 2279 de
874 2224 1119 2280 australi
1172 2232 1340 2299 parte
1375 2228 1454 2285 ad
1484 2230 1886 2303 Cbumberch,

224 2310 301 2366 de
328 2311 656 2385 aquilonali
686 2328 829 2369 vero
856 2313 990 2386 ripa
1017 2314 1081 2370 in
1109 2314 1242 2372 loco
1280 2317 1385 2390 qui
1415 2317 1628 2376 dicitur
1660 2322 1848 2395 Camp
1872 2338 1887 2390 ;

226 2399 310 2456 sic
352 2400 512 2457 enim
553 2401 900 2458 nominatur
947 2402 1043 2458 ille
1084 2404 1299 2460 ﬂuvius
1349 2406 1454 2479 qui
1482 2406 1565 2463 ibi
1606 2408 1801 2465 inﬂuit
1828 2408 1893 2464 in

224 2489 594 2547 Danubium.
627 2494 833 2562 itaque
883 2506 1099 2548 avares
1149 2509 1288 2548 cum
1339 2510 1412 2549 ex
1452 2499 1704 2568 utraque
1745 2497 1891 2569 ripa:

219 2582 397 2651 parte
420 2577 705 2634 vidissent
732 2578 1078 2646 exercitum,
1108 2585 1165 2636 et
1190 2580 1449 2638 classem
1488 2599 1595 2656 per
1624 2584 1894 2641 medium

217 2667 480 2724 ﬂuvium
510 2667 869 2734 venientem,
904 2671 1103 2724 tantus
1130 2685 1314 2740 error,
1348 2673 1466 2727 Deo
1494 2671 1766 2742 faciente,
1800 2691 1895 2730 su-

220 2773 331 2830 per
357 2771 462 2812 eos
488 2756 733 2821 cecedit,
759 2756 839 2826 ut,
864 2756 1126 2813 dimissis
1150 2759 1442 2831 praesidiis
1463 2762 1889 2830 munitionum,

222 2845 516 2904 exercitus
544 2845 775 2918 absque
795 2845 1039 2901 laesione
1056 2849 1426 2904 Pannoniam
1456 2850 1738 2908 introivit.
1765 2855 1892 2909 Per-

221 2935 387 2993 venit
416 2939 617 2990 autem
656 2950 760 2991 rex
797 2950 994 3007 usque
1032 2934 1113 2991 ad
1141 2936 1390 2993 ﬂuvium
1424 2938 1528 3011 qui
1558 2940 1891 2997 vocabatur

222 3024 413 3091 Raba,
442 3022 649 3080 omnia
677 3022 943 3079 caedibus
981 3023 1297 3093 incendiis,
1328 3027 1674 3101 rapinisque
1705 3029 1887 3087 deva-

224 3116 411 3180 stans,
445 3116 501 3167 et
544 3111 686 3168 inde
735 3127 1014 3168 reversus
1059 3114 1529 3186 Reganesburgh
1569 3118 1892 3177 celebravit

1997 1781 2259 1841 Audiens
2287 1800 2428 1840 vero
2466 1784 2632 1859 quod
2676 1786 2941 1842 Saxones
2973 1784 3307 1845 secundum
3337 1789 3656 1841 consuetu-

1996 1873 2267 1930 tudinem
2295 1873 2762 1946 promissionem
2789 1890 3192 1947 suam,quam
3222 1872 3296 1929 de
3327 1874 3657 1931 observan-

1996 1962 2077 2019 da
2106 1962 2539 2020 Christianitate
2587 1967 2643 2029 et
2685 1962 2965 2020 ﬁdelitate
3014 1962 3171 2033 regis
3216 1963 3474 2020 tenenda
3502 1964 3656 2020 fece-

1994 2055 2150 2119 rant,
2180 2051 2406 2108 irritam
2436 2052 2733 2119 fecissent,
2758 2068 2896 2108 cum
2926 2052 3188 2108 exercitu
3220 2052 3543 2109 Saxoniam
3571 2052 3659 2109 in-

1997 2139 2190 2210 travit,
2222 2144 2279 2196 et
2306 2156 2497 2213 usque
2544 2140 2623 2197 ad
2652 2139 2902 2196 ﬂuvium
2939 2139 3111 2196 Albia
3150 2140 3421 2212 pervenit
3468 2137 3547 2195 ad
3576 2138 3661 2195 lo-

1997 2243 2135 2284 cum
2161 2228 2264 2301 qui
2294 2227 2510 2284 dicitur
2535 2227 2754 2295 Hliuni,
2781 2228 2841 2283 in
2871 2243 2994 2301 quo
3024 2224 3257 2284 hisdem
3284 2226 3499 2283 diebus
3522 2226 3658 2283 Wiz-

1997 2331 2131 2371 zam
2153 2314 2577 2372 Abrotidorum
2598 2331 2703 2371 rex
2727 2331 2765 2371 a
2796 2315 3132 2372 Saxonibus
3159 2315 3396 2371 occisus
3426 2314 3655 2371 fuerat:

1998 2400 2082 2457 ibi
2113 2403 2292 2458 etiam
2320 2407 2613 2458 venerunt
2655 2401 2819 2457 missi
2848 2400 3125 2467 Thudun,
3158 2401 3261 2473 qui
3310 2400 3369 2456 in
3401 2404 3575 2469 gente
3605 2405 3666 2458 et

2000 2504 2188 2558 regno
2213 2495 2544 2546 Avarorum
2572 2504 2859 2557 magnam
2884 2492 3238 2562 potestatem
3269 2488 3553 2557 habebat,
3577 2488 3659 2547 af-

2000 2578 2280 2633 ﬁmantes
2309 2575 2476 2650 quod
2504 2576 2646 2633 item
2685 2574 2939 2631 'l‘hudun
2968 2592 3107 2631 cum
3150 2581 3304 2633 terra
3344 2581 3401 2634 et
3430 2577 3658 2651 populo

2003 2682 2113 2722 suo
2166 2682 2227 2720 se
2274 2665 2400 2737 regi
2444 2663 2589 2722 dare
2639 2662 2831 2736 vellet,
2863 2669 2919 2721 et
2966 2665 3235 2736 ejusdem
3284 2666 3658 2724 ordinatione

2001 2756 2394 2813 Christianam
2443 2756 2625 2812 fidem
2675 2754 2995 2828 suscipere.
3032 2756 3155 2811 Rex
3198 2756 3398 2828 itaque
3429 2755 3660 2813 afﬂictis

1999 2862 2223 2917 magna
2252 2862 2325 2901 ex
2354 2850 2520 2921 parte
2553 2842 2890 2902 Saxonibus
2921 2860 3253 2918 eorumque
3286 2850 3438 2901 terra
3467 2847 3662 2901 vasta-

1998 2938 2078 2999 ta,
2110 2933 2369 3005 acceptis
2408 2929 2720 2990 obsidibus
2765 2932 2825 2988 in
2864 2933 3177 2989 Franciam
3208 2932 3397 3000 rediit,
3432 2938 3489 2989 et
3513 2932 3660 2990 cele-

1996 3023 2194 3080 bravit
2221 3027 2345 3079 nat.
2380 3025 2545 3079 Dom.
2574 3021 2781 3095 Aquis,
2813 3026 2870 3078 et
2898 3021 3126 3094 pascha
3155 3021 3440 3081 similiter.

2071 3117 2245 3171 Anno
2273 3109 2593 3168 Dominicis
2609 3110 3036 3167 incarnationis
3061 3111 3471 3168 796Adrianus
3498 3127 3660 3185 papa

223 3202 309 3260 ibi
339 3201 600 3258 natalem
630 3200 885 3267 Domini,
919 3205 977 3256 et
1001 3201 1229 3266 pascha
1253 3203 1536 3262 similiter.
1996 3202 2162 3273 obiit,
2195 3206 2252 3257 et
2284 3203 2395 3258 Leo
2422 3216 2566 3257 mox
2608 3199 2669 3255 in
2699 3199 3051 3273 pontificatu
3095 3201 3398 3268 successit,
3433 3202 3659 3258 statim-

295 3295 468 3349 Anno
498 3289 819 3346 Dominicae
848 3289 1277 3348 incarnationis
1309 3298 1412 3350 792
1444 3294 1735 3353 Feliciana
1764 3296 1879 3354 hce-
1996 3307 2112 3363 que
2143 3289 2443 3360 miSitPegi
2463 3289 2690 3359 legatos
2709 3305 2846 3345 cum
2872 3284 3462 3357 ωυῐιεΐίῦυενοιᾶνθε
3478 3291 3658 3346 εὕδω

223 3380 372 3436 resis
397 3378 841 3451 condempnata
871 3383 980 3450 est,
1006 3395 1191 3451 quem
1222 3380 1475 3439 Felicem
1516 3383 1888 3454 Engilbertus
1995 3378 2389 3436 confessionis
2418 3378 2608 3435 sancti
2633 3377 2779 3434 Petri
2802 3382 2858 3433 et
2878 3376 3158 3434 vexillum
3185 3380 3470 3434 Romanis
3495 3377 3659 3434 urbis

223 3469 290 3525 in
333 3468 713 3542 praesentiam
749 3466 993 3524 Adriani
1031 3468 1331 3542 pontiﬁcis
1362 3471 1632 3541 adduxit,
1666 3477 1721 3529 et
1747 3478 1890 3546 post
1992 3468 2223 3524 direxit.
2258 3467 2561 3538 Henricus,
2593 3465 2716 3523 dux
2765 3465 3282 3538 Forojulanorum,
3317 3466 3516 3522 missis
3553 3467 3661 3523 ho-

223 3556 663 3613 confessionem
727 3554 1003 3613 haeresim
1052 3556 1373 3627 abdicavit,
1434 3559 1658 3616 Eodem
1725 3576 1887 3617 anno
1991 3558 2257 3614 minibus
2288 3557 2410 3613 suis
2440 3573 2580 3613 cum
2612 3555 2953 3612 Wonomiro
2977 3556 3193 3611 Sclavo
3231 3556 3292 3610 in
3324 3556 3656 3625 Pannonia,
3760 3612 3769 3621 ,

224 3645 392 3703 nulla
439 3643 738 3718 expeditio
783 3644 941 3701 facta
986 3649 1093 3716 est,
1126 3646 1230 3703 sed
1261 3651 1492 3705 tantum
1524 3665 1678 3721 pons
1710 3666 1890 3724 super
1996 3648 2260 3718 lringum
2309 3646 2499 3715 gentis
2530 3648 2863 3701 Avarorum
2893 3643 3249 3716 principem,
3276 3643 3472 3712 longis
3500 3648 3659 3701 retro

224 3749 412 3791 naves
441 3735 520 3792 ad
561 3734 815 3793 ﬂumina
854 3738 1221 3794 transeunda
1259 3743 1610 3812 compactus
1653 3745 1739 3795 est
1780 3756 1887 3796 an-
1993 3736 2367 3808 temporibus
2398 3735 2500 3805 qui
2530 3748 2673 3791 eum
2720 3732 2874 3787 civili
2917 3730 3075 3789 bello
3125 3730 3388 3798 fatigatis
3416 3730 3568 3786 inter
3598 3747 3663 3785 se

227 3822 423 3879 choris
453 3827 510 3879 et
537 3823 804 3891 funibus,
827 3824 909 3880 ita
938 3825 1261 3897 cohaerens,
1293 3831 1359 3882 ut
1381 3826 1556 3898 jungi
1586 3831 1643 3883 et
1670 3826 1888 3882 dissol-
1997 3822 2394 3895 principibus,
2425 3818 2749 3890 improvise
2779 3815 3120 3887 expoliavit.
3154 3816 3430 3884 Caganus
3468 3821 3527 3873 et
3565 3819 3663 3874 Ju-

229 3911 289 3967 vi
314 3912 519 3985 possit,
547 3916 603 3967 et
632 3911 949 3969 celebravit
978 3927 1083 3969 rex
1127 3913 1391 3971 natalem
1435 3914 1672 3971 Domini
1700 3914 1761 3969 in
1792 3930 1891 3969 eo-
2000 3925 2148 3981 goro
2195 3906 2476 3964 intestina
2524 3903 3068 3985 cladeinterempti
3118 3907 3279 3975 sunt,
3312 3902 3662 3965 thesaurum

227 3984 373 4057 dem
400 4000 533 4057 loco
562 4000 720 4058 idem
750 4001 1246 4073 Reganasburgh.
1996 3998 2333 4079 priscorum
2361 4011 2569 4067 regum
2597 3984 2785 4051 multa
2811 3993 3153 4050 seculorum
3183 3992 3518 4067 prolixitate
3545 3995 3663 4052 eol-

302 4091 812 4147 AnnoDominicaa
839 4091 1267 4148 incarnationis
1284 4097 1385 4150 793
1409 4092 1653 4149 Carolus
1682 4093 1756 4150 de
1784 4096 1890 4151 Re-
1996 4088 2216 4145 lectum
2245 4085 2402 4142 idem
2431 4084 2555 4141 dux
2580 4081 2790 4140 Carolo
2821 4082 2899 4140 ad
2930 4083 3113 4155 Aquis
3142 4082 3435 4156 palatium
3462 4085 3657 4157 misit;

228 4179 617 4253 ganesburgh
660 4180 1070 4254 proﬁciscens,
1126 4182 1205 4238 ad
1253 4180 1548 4240 fossatum
1595 4198 1891 4253 magnum
1997 4194 2120 4252 quo
2151 4179 2417 4249 accepto,
2446 4177 2687 4247 peracta
2726 4171 2992 4244 largitori
3040 4172 3316 4230 omnium
3356 4172 3661 4232 bonorum

227 4270 385 4326 inter
430 4268 646 4327 ﬂuvios
694 4268 1007 4326 Alcmonia
1057 4274 1115 4327 et
1156 4271 1431 4328 Radenza
1473 4271 1655 4342 venit,
1684 4271 1889 4345 ibique
1999 4266 2327 4337 gratiarum
2357 4262 2609 4329 actione,
2641 4277 2931 4334 magnam
2971 4266 3205 4336 partem
3235 4261 3375 4319 inde
3406 4266 3661 4323 Romam

230 4357 454 4415 summi
482 4356 783 4430 pontiﬁcis
813 4358 985 4415 missi
1009 4375 1148 4416 cum
1177 4360 1420 4431 magnis
1452 4359 1803 4418 muneribus
1829 4360 1889 4417 in
1927 4413 1965 4431 Π
1998 4355 2077 4411 ad
2106 4353 2315 4411 limina
2344 4351 2756 4426 apostolorum
2786 4351 2949 4408 misit
2977 4367 3085 4425 per
3116 4349 3524 4421 Engilbertum
3552 4349 3662 4407 ab-

227 4446 612 4519 prazsentiam
650 4447 781 4517 ejus
809 4451 1136 4517 venerunt;
1180 4447 1263 4505 ibi
1311 4448 1491 4505 etiam
1539 4448 1891 4506 nunciatum

229 4540 315 4593 est
344 4536 416 4603 ei,
438 4537 704 4592 Saxones
722 4535 938 4595 iterum
957 4552 1122 4593 more
1151 4536 1323 4593 solito
1351 4536 1532 4593 ﬁdem
1559 4541 1617 4593 et
1634 4537 1892 4611 promis-

229 4640 299 4681 sa
328 4623 606 4681 violasse.
642 4623 784 4680 Inde
826 4625 1069 4695 navigio
1110 4641 1218 4700 per
1248 4625 1520 4682 Radenza
1561 4626 1757 4683 Mohin
1801 4626 1892 4682 in-

229 4729 494 4784 gressus,
508 4712 771 4770 natalem
794 4713 1025 4770 Domini
1044 4713 1363 4771 celebravit
1377 4715 1439 4771 in
1453 4715 1892 4772 Wurzaburhc.

302 4804 480 4858 Anno
510 4802 833 4859 Dominicaa
864 4802 1289 4860 incarnationis
1319 4807 1423 4859 794
1445 4794 1766 4861 celebravit
1790 4820 1895 4859 rex

228 4891 461 4965 pascha
488 4891 551 4948 in
582 4891 1242 4965 Franconofurt,ibique
1285 4893 1674 4964 congregavit
1713 4908 1895 4964 syno-

231 4980 381 5037 dum
411 4996 701 5052 magnam
740 4980 1162 5054 episcoporum
1192 4981 1537 5049 Galliarum,
1569 4983 1894 5038 Germano-

230 5086 369 5127 rum
394 5074 453 5125 et
478 5070 785 5143 Italorum,
805 5070 907 5126 ubi
928 5070 1165 5127 fuerunt
1194 5072 1360 5127 missi
1385 5070 1694 5145 apostolici
1714 5072 1896 5129 Theo-

234 5157 432 5230 philus
458 5163 515 5215 et
547 5159 886 5233 Stephanus
917 5158 1200 5232 episcopi.
1228 5160 1294 5215 In
1320 5159 1433 5216 hac
1460 5159 1695 5231 synodo
1727 5159 1896 5216 tertio

238 5246 636 5304 condemnata
661 5251 750 5303 est
792 5246 1032 5304 haeresis
1065 5246 1374 5315 Feliciana,
1410 5264 1596 5321 quam
1644 5248 1897 5305 damna-

236 5335 459 5393 tionem
514 5353 622 5411 per
661 5338 1075 5395 auctoritatem
1132 5341 1477 5395 sanctorum
1535 5340 1774 5395 Patrum
1832 5338 1896 5395 in

227 5424 389 5481 libro
440 5426 944 5500 conscripserunt,
996 5441 1179 5500 quem
1234 5425 1456 5483 librum
1527 5441 1738 5483 omnes
1799 5441 1895 5485 sa-

231 5513 506 5571 cerdotes
542 5514 823 5571 manibus
847 5514 1102 5589 propriis
1137 5514 1636 5588 conscripserunt.
1668 5513 1896 5571 Eodem

233 5606 505 5677 tempore
532 5603 680 5663 obiit
719 5603 1119 5662 Frastradana
1146 5602 1372 5674 regina,
1406 5607 1461 5661 et
1488 5601 1551 5660 in
1592 5605 1896 5660 monaste-

231 5691 321 5750 rio
380 5693 573 5752 sancti
628 5694 847 5752 Albani
892 5693 1219 5753 honoriﬁce
1270 5693 1503 5768 sepulta
1552 5696 1658 5751 est.
1720 5694 1896 5749 Pseu-

1996 4443 2221 4501 batem.
2238 4444 2415 4501 Porro
2440 4440 2733 4514 reliquam
2753 4445 2988 4515 partem
3005 4439 3417 4512 optimatibus,
3436 4437 3662 4495 clericis

2001 4534 2126 4589 sive
2145 4530 2329 4597 laicis,
2350 4529 2694 4603 cmterisque
2717 4528 2996 4585 ﬁdelibus
3019 4529 3142 4583 suis
3161 4528 3409 4596 largitus
3432 4532 3537 4582 est.
3557 4530 3664 4581 Per

1999 4623 2161 4679 idem
2211 4625 2446 4693 tempus
2494 4619 2750 4675 Thudun
2804 4616 3155 4695 secundum.
3193 4615 3663 4687 promissionem

1999 4726 2175 4766 suam
2197 4724 2336 4764 cum
2358 4723 2582 4777 magna
2601 4711 2770 4781 parte
2790 4710 3053 4764 Avarum
3081 4703 3159 4759 ad
3180 4717 3384 4772 regem
3413 4701 3592 4769 venit,
3608 4702 3665 4758 et

2000 4816 2062 4856 se
2078 4815 2216 4855 cum
2238 4797 2465 4872 populo
2492 4812 2603 4853 suo
2632 4801 2689 4852 et
2718 4796 2911 4869 patria
2936 4793 3061 4862 regi
3086 4790 3356 4858 tradidit;
3390 4795 3447 4847 et
3464 4790 3591 4865 ipse
3608 4794 3666 4847 et

1998 4887 2261 4962 populus
2276 4887 2406 4958 ejus
2428 4885 2766 4959 baptizatus
2790 4888 2896 4953 est,
2915 4886 2971 4938 et
2993 4879 3345 4936 muneribus
3369 4879 3661 4954 susceptis

1999 4976 2305 5032 redierunt
2325 4974 2402 5031 ad
2422 4973 2687 5049 propria.
2716 4976 2794 5029 Eo
2823 4976 3089 5043 tempore
3111 4983 3215 5024 rex
3240 4984 3378 5026 cum
3403 4969 3663 5027 exercitu

2004 5065 2325 5129 Saxoniam
2355 5065 2668 5136 ingressus
2700 5066 2806 5128 est,
2832 5064 2890 5115 et
2918 5056 3201 5131 Pippinus
3222 5076 3325 5117 rex
3349 5061 3409 5119 in
3435 5064 3664 5119 Panno-

2001 5154 2167 5213 niam
2198 5170 2337 5209 cum
2385 5151 2647 5208 exercitu
2693 5146 2971 5205 introivit.
3005 5147 3171 5204 Venit
3216 5153 3416 5207 autem
3444 5147 3663 5220 legatio

2002 5243 2233 5318 Pippini
2281 5241 2437 5313 regis
2468 5236 2547 5296 ad
2584 5241 2817 5312 patrem
2860 5236 2921 5294 in
2954 5238 3298 5309 Saxoniam,
3330 5242 3466 5312 qua:
3493 5236 3662 5311 dixit,

2002 5332 2168 5409 quod
2195 5337 2419 5391 Avares
2456 5333 2593 5403 post
2635 5327 3107 5385 interfectionem
3136 5328 3406 5404 priorum
3436 5328 3663 5385 ducum

2006 5437 2186 5496 super
2224 5437 2286 5477 se
2331 5416 2775 5474 constituissent
2819 5432 3021 5488 regem
3070 5416 3312 5473 nomine
3343 5416 3576 5484 Kaiam,
3608 5416 3666 5471 et

2003 5512 2289 5586 Pippinus
2321 5511 2529 5565 contra
2556 5523 2694 5564 eum
2722 5512 2944 5565 certare
2974 5504 3334 5579 disponeret.
3352 5502 3477 5559 Rex
3496 5516 3664 5585 pera-

2005 5606 2174 5672 grata
2207 5596 2464 5656 Saxonia
2505 5597 2565 5659 in
2597 5598 2910 5654 Franciam
2943 5612 3004 5651 se
3034 5595 3272 5669 recepit,
3304 5595 3362 5648 et
3387 5591 3449 5647 in
3479 5586 3663 5665 Aquis

2005 5689 2227 5766 palatio
2247 5687 2439 5749 ﬁlium
2462 5704 2642 5745 suum
2671 5687 2991 5761 Pippinum
3019 5700 3056 5743 a
3082 5678 3393 5743 Pannonia
3412 5678 3664 5733 redeun-
