4076 6212
395 211 461 264 63
1527 205 1900 264 REGINONIS
1939 206 2358 266 PRUMIENSIS
2395 209 2708 267 ABBATIS.
3745 208 3816 261 64

395 335 515 386 tem
545 334 602 387 et
629 335 862 403 partem
891 332 1150 388 thesauri
1177 348 1313 403 quae
1342 336 1713 389 remanserat
1750 331 2051 388 adducen-
2089 335 2132 387 A
2162 333 2359 401 mulos
2390 336 2777 408 captivosque
2807 336 3038 390 Mauros
3084 330 3207 402 regi
3248 346 3356 403 per
3395 328 3644 399 legatos,
3672 330 3816 385 Fro-

394 427 516 477 tem
563 421 733 478 laetus
778 422 1025 494 aspexit.
1079 424 1168 492 [Et
1216 422 1538 479 celebravit
1565 424 1625 479 in
1661 423 1874 479 eodem
1921 422 2053 479 loco
2155 422 2286 493 jam
2331 428 2387 479 et
2416 423 2750 494 Basilicum,
2780 421 3013 494 hyemis
3045 425 3312 492 tempore
3363 417 3545 488 misit,
3578 421 3635 474 et
3673 417 3818 473 cele-

395 512 658 568 natalem
693 511 922 566 Domini
950 515 1005 566 et
1032 512 1264 582 pascha
1294 512 1604 584 similiter.]

467 604 638 654 Anno
685 598 1002 654 Dominicze
1033 599 1458 656 incarnationis
1502 606 1604 657 797
1637 600 1943 656 Barcilona
1973 600 2051 654 ci-

397 688 548 744 vitas
573 688 890 759 Hispanim,
916 704 1051 760 quae
1075 689 1203 760 jam
1231 690 1464 762 pridem
1490 707 1526 746 a
1553 690 1788 745 Francis
1812 690 2053 746 discive-

396 781 506 842 rat,
537 791 644 846 per
671 775 923 847 Thatim,
946 779 1295 849 praafectum
1319 779 1528 851 ipsius,
1559 778 1796 835 Francis
1820 781 1908 833 est
1926 775 2055 831 red-

396 864 537 919 dita.
572 867 722 920 Nam
771 866 898 938 ipse
951 869 1027 924 ad
1059 869 1349 941 palatium
1381 869 1644 939 veniens,
1676 873 1731 924 et
1761 867 2054 922 civitatem

397 969 538 1007 cum
564 953 882 1026 semetipso
912 957 1037 1025 regi
1066 958 1327 1014 tradidit.
1355 961 1434 1012 Eo
1467 963 1731 1031 tempore
1759 954 2054 1027 expeditio

399 1039 555 1097 facta
581 1046 668 1097 est
694 1042 756 1096 in
788 1044 1130 1114 Saxoniam,
1160 1050 1216 1101 et
1245 1063 1435 1119 usque
1457 1046 1536 1101 ad
1565 1061 1860 1101 oceanum
1889 1048 2052 1099 trans

399 1146 611 1187 omnes
635 1132 886 1204 paludes
917 1139 974 1189 et
1015 1135 1175 1191 invia
1204 1135 1337 1192 loca
1375 1135 1714 1209 pertransiit
1742 1133 2051 1201 exercitus,

401 1224 458 1275 et
497 1237 602 1276 rex
633 1220 707 1276 de
736 1221 929 1278 Adulo
956 1223 1072 1279 hoc
1108 1240 1416 1294 regressus
1446 1257 1513 1264 ———
1555 1225 1669 1279 hoc
1718 1223 1879 1278 enim
1922 1221 2054 1277 loco

399 1324 622 1364 nomen
652 1315 758 1378 est,
791 1311 894 1366 ubi
940 1328 1203 1368 oceanus
1249 1313 1575 1370 Saxoniam
1607 1312 1793 1381 alluit,
1824 1344 1890 1351 ——
1935 1315 2057 1367 tota

403 1399 707 1454 Saxonum
735 1406 908 1468 gente
933 1402 992 1456 in
1013 1402 1378 1458 deditionem
1403 1420 1510 1476 per
1529 1403 1768 1458 obsides
1789 1405 2053 1473 accepta,

398 1486 460 1541 in
490 1487 675 1558 Aquis
704 1488 927 1560 palatio
957 1507 1229 1546 reversus
1261 1496 1368 1557 est,
1401 1493 1506 1547 ubi
1526 1491 1835 1547 Abdellam
1861 1494 2059 1547 Sarra-

401 1591 642 1639 cenum,
667 1576 858 1632 ﬁlium
889 1578 1015 1633 Ibin
1047 1580 1251 1649 magni
1278 1581 1456 1650 regis,
1480 1581 1580 1653 qui
1606 1597 1641 1636 a
1670 1580 1844 1636 fratre
1871 1596 2057 1650 regno

2159 511 2355 567 bravit
2384 513 2646 569 natalem
2677 511 2911 569 Domini
2953 510 3015 567 in
3058 509 3271 566 eodem
3313 508 3467 577 loco,
3503 512 3560 563 et
3587 508 3819 580 pascha

2161 599 2444 658 similiter.
2637 613 2641 619 ‘
3451 623 3454 625 λ

2231 695 2402 747 Anno
2434 692 2754 748 Dominicee
2793 689 3220 747 incarnationis
3254 691 3356 744 799
3386 686 3639 743 Romani
3685 688 3824 742 Leo-

2159 796 2300 836 nem
2325 798 2551 854 papam
2574 782 2798 838 letania
2821 782 3050 852 majore
3080 783 3321 851 captum
3349 779 3821 844 excaecaverunt,

2161 885 2231 925 ac
2255 869 2525 941 linguam
2553 872 2683 943 ejus
2713 870 2996 927 radicitus
3026 867 3441 934 absciderunt;
3485 865 3589 938 qui
3627 865 3689 920 in
3722 881 3827 920 cu-

2161 959 2354 1014 stodia
2381 961 2600 1016 missus
2625 964 2810 1015 noctu
2835 975 2942 1032 per
2973 975 3215 1014 murum
3241 956 3450 1026 evasit,
3474 960 3530 1010 et
3556 955 3636 1011 ad
3663 955 3830 1024 lega-

2160 1051 2251 1103 tos
2303 1050 2480 1119 regis,
2520 1050 2624 1122 qui
2674 1054 2813 1106 tunc
2857 1049 3020 1122 apud
3073 1047 3388 1104 basilicam
3438 1045 3629 1103 sancti
3673 1045 3824 1101 Petri

2161 1141 2347 1206 erant,
2383 1139 2730 1195 Wirundum
2783 1139 3001 1194 scilicet
3049 1137 3351 1203 abbatem,
3385 1140 3442 1191 et
3470 1134 3826 1204 Winigisum

2161 1228 2604 1300 Spolitanorum
2659 1229 2875 1285 ducem
2925 1227 3195 1296 veniens,
3254 1225 3560 1298 Spoletum
3607 1224 3824 1280 ductus

2163 1322 2268 1372 est.
2303 1319 2422 1372 Rex
2469 1318 2791 1374 Saxoniam
2836 1317 3165 1386 ingressus,
3199 1314 3364 1388 apud
3413 1313 3827 1370 Paterbrunna

2164 1407 2369 1461 castris
2399 1407 2606 1478 positis
2636 1406 2924 1472 consedit,
2950 1410 3007 1461 et
3031 1405 3170 1460 inde
3199 1404 3393 1459 diviso
3424 1403 3827 1469 exercitu,Ca-

2164 1494 2359 1550 rolum
2389 1494 2579 1550 ﬁlium
2611 1512 2790 1550 suum
2815 1511 2955 1550 cum
2975 1493 3291 1549 medietate
3335 1492 3412 1548 ad
3450 1491 3819 1564 colloquium

2170 1583 2537 1651 Sclavorum,
2556 1588 2612 1639 et
2639 1583 2717 1639 ad
2737 1581 3112 1655 recipiendos
3142 1583 3406 1637 Saxones
3436 1579 3542 1652 qui
3566 1595 3640 1635 ex
3664 1583 3829 1636 Nort-

401 1664 613 1735 pulsus
671 1664 731 1719 in
788 1668 1132 1724 Mauritania
1197 1670 1496 1736 exulabat,
1553 1671 1680 1743 ipse
1739 1670 2057 1742 semetipso
2098 1684 2138 1736 B
2167 1672 2344 1727 liudis
2372 1676 2682 1742 venerunt,
2713 1672 2775 1727 in
2820 1669 3195 1740 Bardengavi
3232 1668 3464 1724 direxit.
3495 1673 3560 1723 In
3611 1667 3830 1723 eodem

403 1755 863 1810 commendante
894 1759 1174 1830 suscepit.
1209 1760 1271 1813 In
1317 1759 1530 1814 eodem
1572 1759 1706 1815 loco
1746 1765 1802 1815 et
1829 1759 2059 1830 legatus

405 1842 615 1897 Nicetee
661 1845 764 1915 qui
810 1849 950 1900 tunc
1003 1847 1260 1903 Siliciam
1304 1849 1567 1917 regebat,
1603 1849 1845 1904 nomine
1874 1850 2058 1904 Theo-

402 1930 624 2002 philus,
649 1933 809 1988 venit
835 1935 1210 2006 imperatoris
1242 1937 1556 2008 epistolam
1587 1942 1856 2010 portans,
1879 1953 2059 2010 quem

402 2019 730 2076 honoritice
767 2023 1118 2095 suspiciens,
1150 2030 1290 2097 post
1335 2025 1562 2098 aliquot
1605 2025 1732 2081 dies
1782 2026 2057 2082 absolvit.

405 2111 533 2178 Ipse
564 2125 701 2164 vero
731 2112 1051 2167 Novembri
1078 2130 1288 2170 mense
1315 2101 1638 2186 mediante,
1672 2115 1750 2171 ad
1776 2116 2064 2187 hyeman-

404 2196 550 2252 dum
595 2215 734 2254 cum
772 2203 1030 2257 exercitu
1077 2204 1397 2259 Saxoniam
1445 2204 1700 2271 intravit,
1732 2204 2063 2277 positisque

403 2285 609 2340 castris
653 2288 824 2357 juxta
857 2291 1142 2346 Wisaram
1177 2293 1444 2357 ﬂuvium,
1479 2293 1680 2348 locum
1731 2299 2064 2349 castrorum

404 2373 795 2431 Heristellium
821 2379 1024 2433 vocari
1064 2380 1262 2450 jussit.
1299 2381 1436 2435 Illuc
1467 2381 1644 2451 legati
1677 2382 1867 2452 gentis
1906 2386 2062 2437 Ava—

404 2478 610 2519 rorum
653 2482 791 2521 cum
844 2469 1194 2524 muneribus
1241 2470 1480 2540 magnis
1520 2476 1828 2528 venerunt.
1864 2473 1941 2526 De
1971 2488 2064 2527 eo-

405 2551 545 2607 dem
573 2553 707 2609 loco
736 2555 1046 2612 Abdellam
1079 2560 1478 2614 Sarracenum
1508 2576 1646 2615 cum
1673 2561 1794 2616 ﬁlio
1819 2577 1930 2616 suo
1959 2564 2064 2615 Lu-

405 2639 638 2697 dowico
685 2642 742 2697 in
794 2645 1140 2717 Hispaniam
1186 2647 1266 2703 ire
1309 2648 1506 2719 jussit,
1553 2653 1610 2704 et
1651 2648 1842 2704 ﬁlium
1885 2665 2062 2703 suum

407 2728 722 2800 Pippinum
744 2731 804 2787 in
840 2733 1065 2789 Italiam
1096 2736 1345 2801 remisit,
1370 2737 1496 2808 ipse
1517 2737 1596 2792 ad
1616 2736 2063 2808 disponendum

409 2818 731 2874 Saxoniam
779 2825 969 2877 totum
1018 2824 1253 2894 hyemis
1301 2829 1541 2898 tempus
1574 2825 1950 2896 impendens,
1981 2823 2062 2878 ibi

405 2907 669 2962 natalem
689 2911 942 2979 Domini,
965 2911 1048 2967 ibi
1081 2915 1310 2984 pascha
1340 2913 1669 2969 celevravit.

2166 1761 2298 1816 loco
2322 1763 2578 1816 Leonem
2605 1775 2834 1832 papam
2855 1773 3095 1814 summo
3121 1775 3260 1814 cum
3288 1757 3516 1813 honore
3547 1756 3827 1828 suscepit,

2166 1849 2369 1921 ibique
2399 1849 2657 1904 reditum
2685 1846 2875 1905 Caroli
2924 1847 3027 1902 ﬁlii
3075 1846 3166 1901 sui
3196 1851 3538 1919 expectans,
3574 1848 3830 1901 Leonem

2168 1937 2514 2010 pontificem
2540 1936 2714 1992 simili
2744 1953 2867 2007 quo
2900 1939 3216 2008 susceptus
3247 1938 3373 1990 erat
3396 1934 3624 1989 honore
3654 1931 3831 1987 dimi-

2171 2026 2262 2097 sit,
2293 2025 2398 2097 qui
2429 2026 2627 2081 statim
2657 2029 2909 2080 Romam
2940 2023 3241 2096 profectus
3271 2027 3376 2078 est.
3408 2025 3663 2093 Recepto
3693 2035 3833 2075 cum

2171 2113 2558 2186 prosperitate
2587 2113 2731 2180 tilio,
2762 2112 2946 2185 Aquis
2975 2111 3300 2184 repedavit,
3337 2110 3440 2166 ubi
3477 2109 3709 2179 legatus
3738 2108 3835 2164 Mi-

2172 2203 2361 2259 chaeli
2414 2202 2621 2257 Siliciae
2666 2200 2948 2274 praefecti,
2981 2200 3225 2256 nomine
3276 2198 3544 2268 Danihel,
3576 2198 3655 2254 ad
3694 2213 3835 2253 eum

2170 2292 2350 2358 venit,
2375 2297 2554 2364 atque
2584 2291 2722 2346 inde
2749 2307 2888 2346 cum
2918 2305 3146 2359 magno
3167 2289 3396 2344 honore
3421 2287 3706 2343 dimissus
3722 2290 3831 2342 est.
3854 2336 3868 2350 ,

2174 2381 2396 2437 Eodem
2427 2396 2587 2437 anno
2611 2396 2757 2450 gens
2773 2383 3035 2436 Avarum
3060 2394 3096 2435 a
3124 2377 3244 2433 ﬁde
3266 2393 3454 2450 quam
3480 2376 3837 2450 promiserat

2173 2469 2402 2537 defecit,
2437 2475 2494 2525 et
2543 2469 2830 2539 Einricus,
2863 2468 2987 2523 dux
3042 2466 3558 2538 Forojulanorum,
3587 2468 3724 2538 post
3753 2467 3836 2520 tot

2172 2559 2448 2614 victorias
2477 2575 2761 2631 prospere
2805 2561 3000 2627 gestas
3026 2557 3201 2628 juxta
3228 2555 3591 2625 Tharsicam,
3627 2552 3831 2609 Libur-

2175 2648 2285 2702 niae
2317 2647 2633 2713 civitatem,
2668 2646 2899 2700 insidiis
2949 2645 3168 2700 civium
3215 2660 3541 2717 oppressus
3583 2648 3688 2698 est.
3730 2645 3836 2698 Per

2172 2737 2330 2790 idem
2363 2740 2601 2807 tempus
2633 2735 2941 2803 Geroldus,
2961 2751 3100 2789 cum
3131 2738 3288 2789 esset
3315 2751 3520 2790 comes
3549 2738 3605 2790 et
3629 2734 3838 2804 Bajoa-

2174 2824 2274 2877 riae
2303 2823 2638 2893 praefectus,
2670 2822 2996 2878 commisso
3027 2838 3166 2876 cum
3196 2823 3490 2878 Avaribus
3519 2822 3724 2895 praelio
3752 2822 3840 2877 in-

2176 2910 2455 2967 terﬁcitur
2485 2911 2564 2982 [et
2604 2911 2663 2966 in
2694 2911 2887 2980 Augia
2915 2910 3218 2982 sepelitur]
3266 2910 3340 2965 de
3370 2926 3494 2982 quo
3521 2912 3582 2966 in
3612 2912 3840 2967 visione

478 2997 653 3050 Anno
674 2999 997 3088 Dominicae
1020 3001 1448 3059 incarnationis
1469 3006 1571 3058 798
1589 3003 1748 3058 venit
1765 3002 1842 3056 ad
1863 3017 2064 3071 regem
2095 3032 2136 3088 ρ
2177 2999 2382 3055 Witini
2407 2999 2639 3069 legitur,
2673 2999 2839 3071 quod
2868 2999 3019 3054 inter
3047 3003 3342 3088 martyres
3375 2997 3450 3052 sit
3479 2998 3845 3088 adnumera-

406 3081 638 3152 legatus
668 3087 1017 3157 Haldifonsi,
1051 3092 1206 3162 regis
1232 3091 1482 3146 Galliciee
1511 3095 1567 3146 et
1588 3090 1854 3159 Asturiaa,
1875 3089 2065 3145 nomi-

409 3187 482 3226 ne
513 3173 705 3243 Frola,
734 3178 1101 3250 papilionem
1132 3180 1297 3235 mirae
1341 3177 1771 3250 magnitudinis
1799 3194 2064 3250 praesen-

409 3264 560 3317 tans.
594 3266 661 3319 Et
702 3264 762 3320 in
810 3266 941 3339 ipso
971 3268 1214 3340 paschae
1244 3272 1534 3338 tempore,
1567 3267 1872 3322 Nordliudi
1902 3272 2065 3323 trans

407 3349 642 3407 Albiam
693 3355 989 3422 sedentes,
1023 3355 1310 3410 seditione
1353 3359 1656 3410 commota
1707 3355 1934 3426 legatos
1974 3372 2066 3411 re-

408 3438 540 3508 gios
572 3441 675 3513 qui
705 3447 845 3498 tunc
874 3445 952 3500 ad
973 3443 1232 3514 justitias
1261 3442 1568 3498 faciendas
1595 3443 1760 3516 apud
1787 3461 1890 3500 eos
1925 3461 2066 3500 con-

407 3529 822 3599 versabantur,
873 3530 1475 3598 comprehenderunt,
1517 3532 1817 3603 quosdam
1865 3549 1937 3587 ex
1985 3533 2069 3587 eis

407 3616 872 3685 trucidaverunt,
910 3623 1153 3674 caeteros
1204 3618 1281 3674 ad
1328 3618 1747 3676 redimendum
1797 3636 2067 3676 servave-

407 3710 564 3760 runt.
601 3709 720 3762 Rex
749 3706 948 3779 itaque
989 3706 1235 3764 collecto
1265 3709 1545 3779 exercitu,
1578 3710 1652 3765 de
1682 3709 1962 3766 Heristelli
1991 3710 2071 3766 ad

405 3793 607 3849 locum
633 3794 736 3864 qui
761 3794 964 3850 Minda
988 3794 1201 3851 dicitur
1225 3798 1500 3870 perrexit,
1526 3803 1580 3853 et
1614 3797 1771 3854 facto
1797 3799 2066 3869 consilio,

408 3882 468 3935 in
497 3881 829 3937 desertores
860 3899 1031 3939 arma
1052 3886 1356 3957 corripuit,
1374 3890 1430 3941 et
1455 3891 1644 3941 totam
1671 3889 1819 3942 inter
1835 3888 2071 3943 Albiam

409 3972 466 4022 et
504 3967 804 4024 Wisaram
856 3972 1179 4027 Saxoniam
1223 3973 1652 4045 depopulando
1709 3976 2067 4046 peragravit.

409 4055 697 4112 Nortliudi
746 4064 953 4115 contra
997 4063 1505 4131 Transachonem,
1538 4062 1755 4118 ducem
1795 4062 2070 4116 Abrothi-

408 4145 645 4213 dorum,
679 4151 736 4204 et
781 4148 1171 4217 Hebruinum,
1217 4151 1481 4221 legatum
1535 4151 1714 4222 regis,
1747 4151 2106 4206 commisso.

409 4234 614 4307 praelia
642 4237 775 4294 victi
806 4243 962 4295 sunt.
1007 4243 1170 4296 Ctesa
1211 4244 1348 4295 sunt
1389 4257 1462 4296 ex
1509 4240 1592 4295 eis
1643 4241 1703 4296 in
1745 4256 1817 4296 eo
1865 4239 2070 4312 praelio

408 4329 668 4396 quatuor
697 4328 898 4397 milia;
932 4330 1126 4385 cmteri
1151 4330 1253 4402 qui
1286 4329 1583 4399 fugerunt,
1617 4330 1692 4386 de
1729 4331 1894 4402 pacis
1925 4346 2068 4386 con-

409 4413 631 4471 ditione
662 4421 913 4475 tractare
943 4424 1270 4490 cmperunt.
1302 4422 1441 4489 Rex,
1474 4420 1730 4491 acceptis
1753 4419 2067 4475 obsidibus

410 4519 445 4559 a
475 4505 830 4573 Saxonibus,
863 4508 923 4563 in
971 4508 1278 4564 Franciam
1328 4524 1601 4564 reversus
1652 4514 1758 4571 est,
1793 4514 1849 4564 et
1886 4509 2071 4581 Aquis

409 4596 762 4666 perveniens
791 4595 1151 4666 legationem
1185 4598 1521 4654 Graecorum
1557 4597 2074 4670 Constantinopoli

408 4684 656 4740 missam
707 4685 986 4757 suscepit.
1033 4688 1210 4741 Erant
1245 4686 1405 4741 enim
1448 4686 1622 4755 legati
1656 4687 1940 4743 Michahel
1969 4703 2074 4758 pa-

409 4771 600 4827 tritius
624 4774 937 4845 quondam
969 4775 1259 4846 Phrygiis,
1283 4781 1338 4830 et
1358 4776 1719 4848 Theophilus
1740 4777 2072 4854 presbyter,

410 4860 725 4931 epistolam
753 4864 980 4919 Hirenae
1009 4865 1403 4937 imperatricis
1435 4866 1707 4922 ferentes.
1739 4871 1886 4922 Nam
1919 4867 2075 4922 filius

411 4949 540 5019 ejus
571 4953 990 5009 Constantinus
1019 4954 1346 5027 imperator
1375 4971 1411 5010 a
1453 4956 1574 5010 suis
1606 4957 2074 5029 comprehensus

409 5043 467 5095 et
494 5046 793 5096 exaacatus
818 5048 922 5098 est.
956 5044 1090 5100 Haec
1119 5049 1322 5100 tamen
1351 5044 1572 5114 legatio
1605 5051 1835 5102 tantum
1868 5047 1941 5101 de
1972 5062 2074 5119 pa-

411 5144 476 5184 ce
501 5128 646 5198 fuit;
675 5147 830 5203 quos
860 5149 998 5188 cum
1031 5134 1402 5203 absolvisset,
1438 5135 1694 5190 absolvit
1727 5136 1907 5190 etiam
1937 5153 2074 5191 cum

411 5218 494 5272 eis
523 5223 581 5275 et
625 5220 949 5276 Sisinnium
987 5221 1229 5278 fratrem
1263 5224 1549 5291 Tharasii,
1585 5225 2077 5297 Constantinopo-

410 5306 579 5363 litani
602 5309 890 5383 episcopi,
902 5310 1032 5380 jam
1052 5311 1286 5368 dudum
1311 5313 1372 5368 in
1395 5313 1561 5370 Italia
1579 5313 1785 5386 praelio
1808 5319 2072 5386 captum.

412 5397 539 5454 Hoc
568 5413 730 5454 anno
758 5399 926 5454 sidus
954 5400 1145 5457 Martis
1162 5400 1223 5456 in
1249 5406 1370 5458 toto
1399 5403 1549 5459 coelo
1571 5419 1696 5458 non
1718 5403 2071 5476 comparuit.

413 5485 625 5542 Insulas
653 5486 925 5545 Baleares
956 5505 992 5545 a
1023 5489 1235 5547 Mauris
1265 5493 1322 5545 et
1351 5491 1690 5548 Sarracenis
1715 5491 2076 5566 depraedatze

411 5577 570 5632 sunt.
615 5575 996 5643 Aldefonsus,
1048 5593 1152 5633 rex
1207 5578 1461 5635 Gallicim
1511 5583 1566 5635 et
1615 5581 1881 5651 Asturiee,
1927 5596 2077 5653 pras-

412 5665 557 5723 data
587 5664 911 5737 Olisopona
940 5665 1154 5725 ultima
1198 5666 1494 5741 Hispaniae
1545 5667 1799 5740 civitate,
1839 5669 2077 5741 loricas,

2176 3093 2290 3160 tus,
2323 3089 2534 3145 Insula;
2588 3089 2857 3145 Baleares
2901 3106 3034 3162 quae
3081 3105 3118 3144 a
3164 3086 3378 3144 Mauris
3407 3089 3464 3142 et
3495 3085 3847 3142 Sarracenis

2176 3179 2533 3253 depraedatm
2583 3184 2739 3250 sunt,
2785 3178 3087 3251 postulato
3133 3182 3190 3233 et
3236 3179 3480 3250 accepto
3515 3192 3552 3231 a
3600 3173 3846 3230 Francis

2176 3268 2418 3336 auxilio,
2460 3284 2495 3324 a
2543 3268 2902 3340 praedonum
2949 3266 3290 3322 incursione
3338 3262 3629 3320 defensati
3677 3265 3838 3330 sunt,

2178 3359 2350 3429 signa
2400 3374 2643 3430 quoque
2686 3350 3024 3415 Maurdrum
3069 3357 3130 3412 in
3175 3371 3383 3430 pugna
3430 3352 3666 3409 sublata
3713 3351 3841 3420 regi

2177 3452 2534 3520 praesentata
2574 3451 2732 3504 sunt.
2761 3447 2928 3503 Wido
2965 3462 3189 3516 comes,
3222 3445 3327 3518 qui
3347 3446 3604 3502 Marcam
3633 3446 3843 3497 contra

2179 3537 2444 3592 Britones
2475 3535 2733 3605 tenebat,
2768 3553 2907 3592 cum
2939 3536 3114 3592 sociis
3145 3533 3507 3594 Britanniam
3536 3532 3842 3601 ingressus

2178 3631 2486 3698 totamque
2533 3625 2926 3698 perlustrans,
2967 3625 3030 3679 in
3071 3623 3438 3680 deditionem
3487 3619 3728 3692 recepit,
3783 3621 3842 3673 et

2178 3715 2303 3785 regi
2351 3714 2425 3770 de
2467 3716 2726 3772 Saxonia
2769 3714 3082 3770 revertenti
3135 3727 3307 3769 arma
3356 3711 3583 3766 ducum
3625 3707 3729 3782 qui
3777 3723 3839 3762 se

2178 3803 2548 3858 tradiderant
2576 3801 2871 3874 inscriptis
2910 3801 3286 3871 singulorum
3316 3798 3664 3855 nominibus
3698 3810 3846 3867 prae-

2181 3893 2449 3948 sentavit.
2495 3896 2639 3948 Tota
2680 3892 2882 3964 itaque
2935 3890 3254 3958 Britannia,
3301 3889 3466 3961 quod
3520 3900 3841 3958 nunquam

2180 3986 2356 4036 antea
2414 3981 2540 4047 fuit,
2604 3981 2842 4036 Francis
2894 3980 3219 4050 subjugata
3261 3983 3366 4033 est.
3413 3976 3635 4032 Eodem
3679 3989 3842 4030 anno

2180 4069 2514 4122 monachus
2543 4068 2791 4139 quidam
2835 4067 2910 4123 de
2942 4066 3368 4139 Hierosolymis
3415 4065 3680 4134 veniens,
3712 4061 3844 4118 reli-

2180 4156 2354 4228 quias
2379 4155 2597 4211 multas
2627 4155 2817 4210 attulit
2846 4155 2972 4224 regi
3002 4171 3075 4211 ex
3113 4159 3283 4227 parte
3327 4153 3678 4228 patriarchae
3711 4152 3844 4206 Hie-

2180 4244 2613 4317 rosolymitani.
2647 4248 2827 4312 Azan,
2859 4243 3176 4316 praefectus
3231 4243 3482 4300 civitatis
3524 4257 3659 4313 quae
3693 4239 3846 4295 dici-

2182 4339 2276 4389 tur
2319 4331 2676 4402 Oscaclavis,
2709 4331 2832 4403 regi
2876 4347 3129 4388 munera
3167 4332 3343 4388 misit.
3379 4327 3709 4388 Celebravit
3739 4343 3846 4384 rex

2169 4422 2442 4488 natalem
2471 4421 2707 4477 Domini
2730 4422 2792 4476 in
2822 4421 3036 4478 eodem
3063 4421 3304 4493 palatio.

2254 4518 2425 4568 Anno
2466 4511 2790 4567 Dominicw
2836 4511 3264 4567 incarnationis
3305 4513 3410 4567 800
3455 4525 3559 4565 rex
3603 4506 3846 4564 absolu-

2185 4607 2311 4658 tum
2342 4601 2952 4673 Hierosolymitanum
2982 4601 3370 4667 monachum,
3399 4599 3559 4655 misit
3587 4613 3727 4654 cum
3772 4611 3845 4652 eo

2183 4691 2530 4748 Zachariam
2577 4691 3017 4763 presbyterum,
3066 4689 3140 4746 de
3185 4689 3407 4762 palatio
3453 4705 3584 4760 suo,
3635 4691 3692 4742 et
3739 4701 3847 4760 per

2183 4781 2349 4837 illum
2405 4780 2658 4835 multam
2715 4780 3036 4851 pecuniam
3093 4778 3254 4833 misit
3317 4794 3426 4851 per
3479 4776 3580 4832 illa
3639 4778 3849 4832 sancta

2184 4870 2317 4925 loca
2371 4868 2472 4924 ubi
2531 4868 2816 4923 Dominus
2865 4871 3250 4922 conversatus
3303 4870 3390 4922 est
3437 4863 3842 4938 corporaliter.

2186 4960 2314 5031 ‘zpse
2357 4956 2554 5012 medio
2587 4955 2786 5018 Martio
2817 4955 2891 5011 de
2922 4955 3104 5028 Aquis
3133 4971 3430 5024 egressus,
3463 4953 3602 5009 litus
3634 4951 3848 5010 oceani

2187 5047 2386 5102 Gallici
2443 5044 2831 5116 perlustratus
2879 5049 2984 5115 est,
3045 5049 3101 5100 et
3150 5043 3211 5099 in
3284 5045 3416 5116 ipso
3475 5042 3629 5099 mari
3679 5039 3850 5114 quod

2186 5140 2325 5189 tunc
2383 5150 2419 5188 a
2477 5133 2683 5205 piratis
2729 5132 3143 5205 infestabatur,
3195 5133 3451 5188 classem
3506 5130 3755 5188 instituit
3793 5133 3852 5185 et

2185 5222 2464 5297 praesidia
2517 5222 2829 5294 disposuit.
2889 5224 3116 5279 Pascha
3187 5222 3352 5295 apud
3419 5226 3696 5278 sanctum
3752 5219 3848 5275 Ri-

2186 5312 2459 5368 charium
2489 5311 2807 5368 celebravit
2833 5329 2845 5365 :
2870 5311 3129 5384 indeque
3153 5311 3368 5368 iterum
3399 5309 3647 5384 perlitus
3678 5324 3851 5380 ocea-

2185 5402 2248 5457 ni
2303 5401 2382 5457 ad
2435 5403 2875 5472 Rothomagum
2932 5400 3228 5457 civitatem
3296 5399 3584 5474 pervenit,
3644 5398 3850 5471 ibique

2187 5493 2469 5564 Sequana
2521 5507 2700 5546 amne
2750 5489 3119 5557 transmisso,
3153 5491 3400 5547 Turonis
3444 5490 3522 5547 ad
3571 5491 3849 5545 sanctum

2186 5581 2499 5638 Martinum
2531 5579 2815 5635 orationis
2843 5595 3030 5644 causa
3058 5580 3360 5654 profectus
3385 5584 3494 5645 est,
3517 5579 3722 5651 ibique
3749 5576 3854 5650 ali-

2187 5669 2475 5743 quotdies
2500 5673 2768 5726 moratus
2788 5672 2892 5737 est,
2911 5673 3155 5743 propter
3178 5670 3490 5728 adversam
3513 5666 3852 5725 Liutkardee
