4076 6212
265 190 334 242 65
579 217 582 222 .
1480 179 1909 238 caaomcon.
1950 203 2017 218 -ι
2059 179 2176 234 AN.
2219 181 2470 236 801-802.
3623 193 3690 245 es

265 308 536 378 conjugis
563 306 988 376 valetudinem,
1019 322 1152 379 quae
1189 305 1415 361 ibidem
1458 310 1515 361 et
1556 305 1838 361 defuncta
1862 306 1918 358 et
1947 304 1995 358 A
2035 306 2188 356 sunt.
2224 303 2410 373 Hujus
2441 304 2717 361 factionis
2746 305 2906 362 fuere
2935 306 3234 380 principes
3265 310 3564 367 Paschalis
3585 329 3693 369 nu-

263 397 511 453 humata
542 401 647 453 est.
682 396 838 453 Obiit
880 401 1082 452 autem
1122 395 1315 468 pridie
1360 398 1504 451 Non.
1555 394 1758 479 Junii.
1782 393 1921 448 Inde

261 503 367 560 per
395 486 730 542 Aurelianis
760 502 830 542 ac
862 486 1122 541 Parisius
1151 500 1480 554 regressus,
1534 483 1718 556 Aquis
1763 482 1925 555 pala-

261 576 409 631 tium
439 576 615 632 venit.
650 575 875 632 Eodem
906 590 1067 631 anno
1093 574 1283 647 pridie
1315 577 1459 630 Non.
1499 573 1679 641 Junii,
1719 576 1926 628 contra

264 681 496 722 morem
537 670 594 720 et
624 670 906 721 naturam
955 680 1168 737 aspera
1215 669 1271 719 et
1322 663 1458 733 gelu
1499 668 1775 719 concreta
1818 661 1927 716 fuit

264 753 502 826 pruina,
531 759 586 810 et
613 761 641 809 7
679 754 760 809 Id.
791 753 925 810 Julii
974 753 1258 821 similiter,
1293 752 1397 808 sed
1447 757 1645 808 tamen
1694 750 1923 806 nullam

262 842 820 898 incommoditatem
849 842 1137 898 fructibus
1171 841 1380 898 attulit.
1416 845 1606 898 Mense
1631 845 1779 910 Aug.
1813 842 1925 896 Mo-

265 931 469 1002 gontia
499 931 784 1004 placitum
816 931 1020 1001 tenuit,
1052 935 1108 986 et
1131 930 1270 986 inde
1304 946 1552 986 movens
1579 946 1717 985 cum
1763 943 1924 982 exer-

266 1020 387 1076 citu
413 1023 757 1076 Ravennam
789 1020 968 1091 venit,
1000 1020 1102 1075 ubi
1129 1026 1159 1074 7
1187 1019 1314 1074 dies
1341 1023 1628 1083 moratus,
1672 1021 1924 1072 Romam

265 1123 537 1177 gressum
565 1108 798 1178 direxit,
829 1109 952 1164 ﬁlio
983 1124 1094 1164 suo
1124 1107 1374 1180 Pippino
1405 1123 1543 1162 cum
1574 1105 1836 1161 exercitu
1865 1104 1927 1157 in

264 1200 668 1254 Beneventum
694 1198 899 1253 misso.
937 1202 1140 1268 Itaque
1169 1213 1308 1250 cum
1349 1199 1602 1250 Romam
1647 1193 1924 1257 venisset,

264 1286 521 1342 occurrit
549 1285 602 1340 ei
627 1284 820 1356 pridie
849 1287 964 1338 Leo
988 1299 1154 1354 papa
1172 1288 1227 1336 et
1248 1285 1490 1336 senatus
1516 1281 1926 1336 Romanorum

268 1375 434 1444 apud
463 1378 848 1440 Nomentum,
901 1371 1263 1428 duodecimo
1312 1371 1389 1426 ab
1432 1370 1582 1426 Urbe
1623 1369 1840 1442 lapide,
1873 1373 1930 1424 et

272 1475 516 1514 summa
550 1476 688 1514 eum
708 1458 1038 1514 humilitate
1066 1474 1426 1529 summoque
1454 1459 1679 1512 honore
1726 1472 1926 1510 susce-

271 1549 376 1621 pit,
406 1549 709 1620 prandens
736 1565 874 1603 cum
905 1564 976 1603 eo
1000 1549 1060 1602 in
1093 1547 1303 1603 eodem
1336 1547 1486 1601 loco.
1523 1546 1700 1615 Igitur
1728 1545 1926 1601 statim

2035 390 2366 456 miculator,
2394 399 2449 448 et
2476 394 2826 466 Campullus
2855 396 3217 464 sacellarius,
3267 403 3323 454 et
3373 399 3543 456 multi
3593 402 3691 458 alii

2036 481 2265 536 nobiles
2295 483 2564 554 Romani,
2596 485 2700 556 qui
2732 501 2945 540 omnes
2972 486 3183 542 eadem
3212 489 3504 544 sententia
3525 490 3694 546 dam-

2032 571 2158 627 nati
2208 576 2366 627 sunt.
2414 573 2710 629 Ordinatis
2760 575 2961 645 itaque
3004 579 3282 632 Romanae
3312 579 3478 634 urbis
3512 579 3691 634 totius

2036 661 2234 730 Italize,
2276 678 2399 717 non
2429 668 2661 718 tantum
2692 663 2971 735 publicis,
3008 665 3112 720 sed
3143 666 3320 722 etiam
3347 668 3693 725 ecclesiasti-

2034 750 2117 805 cis
2142 750 2322 806 rebus
2349 757 2403 806 et
2431 752 2702 820 negotiis,
2735 753 3046 825 missaque
3076 753 3293 809 iterum
3316 773 3494 828 super
3520 761 3694 813 Bene-

2031 847 2321 895 ventanos
2353 856 2491 894 cum
2524 841 2770 912 Pippino
2793 841 2913 896 ﬁlio
2934 841 3135 897 hostili
3156 843 3693 918 expeditione,ipse

2031 933 2168 1001 pOSt
2194 930 2424 1001 pascha
2459 933 2487 984 a’i
2518 929 2768 984 Kalend.
2803 931 2930 986 Maii
2965 934 3214 987 Romam
3259 948 3534 1000 egressus
3586 938 3692 1003 est,

2033 1023 2088 1073 et
2110 1019 2272 1073 venit
2302 1018 2701 1091 Spoletum,et
2729 1019 2875 1074 dum
2905 1020 2985 1075 ibi
3015 1026 3366 1089 moraretur,
3384 1027 3414 1077 '2
3445 1023 3691 1078 Kalend.

2035 1107 2180 1172 Maii,
2213 1107 2364 1163 hora
2393 1107 2585 1162 noctis
2627 1109 2893 1163 secunda
2941 1114 3312 1166 terraemotus
3359 1112 3569 1181 ingens
3613 1112 3694 1167 fa-

2035 1197 2162 1248 ctus
2193 1199 2302 1263 est,
2331 1211 2452 1266 quo
2483 1199 2604 1251 tota
2637 1196 2797 1252 Italia
2829 1198 3084 1266 graviter
3114 1215 3410 1255 concussa
3433 1206 3521 1256 est
3546 1217 3696 1274 ;quo

2036 1288 2206 1338 motu
2235 1287 2454 1339 tectum
2485 1284 2747 1340 basilica:
2774 1286 2934 1341 beati
2960 1287 3122 1342 Pauli
3169 1290 3424 1359 apostoli
3474 1306 3698 1360 magna

2037 1387 2108 1426 ex
2142 1377 2308 1443 parte
2333 1389 2472 1427 cum
2503 1373 2624 1427 suis
2655 1374 2924 1428 trabibus
2973 1377 3211 1430 corruit.
3265 1377 3483 1432 Eodem
3537 1394 3697 1433 anno

2035 1460 2168 1515 loca
2199 1461 2481 1532 quaedam
2513 1462 2671 1517 circa
2700 1463 2967 1516 Rhenum
3005 1468 3060 1517 et
3087 1463 3148 1517 in
3181 1463 3366 1519 Gallia
3395 1471 3451 1519 et
3478 1467 3537 1519 in
3570 1469 3700 1519 Ger-

2036 1551 2240 1606 mania
2266 1556 2431 1605 terrae
2459 1556 2628 1606 motu
2658 1557 3048 1614 tremuerunt,
3100 1559 3156 1608 et
3203 1553 3538 1624 pestilentia
3568 1571 3704 1626 pro-

267 1654 406 1692 eum
438 1637 515 1691 ad
551 1636 760 1691 Urbem
790 1637 1114 1708 praecessit,
1151 1640 1207 1690 et
1235 1635 1293 1690 in
1321 1635 1646 1691 crastinum
1685 1636 1747 1690 in
1795 1650 1926 1704 gra-
1957 1652 1998 1708 3
2034 1644 2164 1712 pter
2195 1638 2500 1694 mollitiem
2532 1639 2792 1710 Hyberni
2824 1640 3107 1711 temporis
3128 1642 3283 1696 facta
3307 1648 3414 1696 est.
3443 1643 3701 1714 Impera-

263 1725 442 1780 dibus
462 1723 723 1780 basilicae
753 1724 910 1780 beati
939 1725 1085 1780 Petri
1114 1723 1369 1796 apostoli
1390 1728 1574 1791 stans,
1602 1724 1802 1779 missis
1822 1723 1926 1779 ob-

261 1816 426 1870 viam
453 1817 737 1870 Romanae
766 1814 931 1870 urbis
977 1814 1207 1870 vexillis
1251 1830 1389 1870 cum
1440 1814 1717 1869 crucibus
1746 1818 1924 1885 atque

264 1903 548 1976 reliquiis,
580 1903 870 1960 ordinatis
899 1904 1078 1960 etiam
1108 1909 1286 1976 atque
1314 1903 1618 1976 dispositis
1640 1919 1749 1976 per
1785 1919 1924 1958 con-

265 2008 416 2062 grua
444 1993 575 2048 loca
605 1997 730 2048 tam
757 1994 1209 2064 peregrinorum
1237 2008 1424 2065 quam
1452 1993 1668 2047 civium
1693 1992 1921 2059 turmis,

262 2081 366 2154 qui
397 2081 654 2136 venienti
683 2081 891 2137 laudes
921 2082 1206 2150 dicerent,
1237 2081 1364 2152 ipse
1387 2097 1524 2136 cum
1543 2081 1699 2136 clero
1731 2085 1785 2155 et
1805 2081 1925 2152 epi—

263 2170 460 2242 scopis
491 2175 627 2227 ante
655 2171 879 2240 gradus
909 2171 1173 2226 ecclesiae
1204 2186 1344 2226 eum
1374 2170 1674 2226 humiliter
1723 2186 1923 2226 susce-

264 2260 368 2332 pit,
396 2259 657 2331 dataque
686 2259 1099 2316 benedictione
1127 2260 1189 2315 in
1219 2259 1528 2315 basilicam
1573 2259 1732 2316 beati
1777 2259 1925 2314 Petri

265 2347 519 2420 apostoli
546 2348 774 2403 cunctis
804 2347 1198 2419 psallentibus
1247 2347 1592 2402 introduxit.
1654 2348 1774 2402 Hoc
1818 2364 1925 2402 au-

267 2442 386 2492 tem
415 2438 642 2494 factum
668 2441 756 2493 est
780 2442 811 2492 8
841 2437 972 2492 Kal.
1011 2437 1287 2493 Decemb.
1343 2438 1480 2491 Post
1530 2443 1559 2490 7
1611 2453 1754 2492 vero
1800 2437 1928 2491 dies

260 2542 371 2581 rex
401 2527 692 2581 concione
720 2530 952 2591 vocata,
976 2541 1081 2580 cur
1103 2527 1359 2579 Romam
1378 2523 1640 2579 venisset
1664 2528 1931 2596 patenter

265 2613 576 2680 indicavit,
592 2618 650 2668 et
668 2613 806 2668 inde
837 2612 1049 2668 cotidie
1078 2613 1155 2667 ad
1181 2627 1252 2668 ea
1277 2628 1412 2684 qua:
1445 2617 1688 2666 venerat
1715 2612 1932 2667 facien-

265 2703 350 2759 da
380 2719 630 2775 operam
660 2701 843 2769 dedit,
894 2702 1046 2756 inter
1089 2717 1246 2773 quae,
1303 2700 1469 2772 quod
1510 2701 1846 2756 maximum
1877 2705 1932 2756 et

266 2791 690 2848 difﬁcillimum
720 2795 863 2857 erat,
896 2791 972 2846 de
1001 2790 1388 2845 discutiendis
1414 2789 1763 2845 criminibus
1792 2806 1928 2862 quae

268 2897 509 2937 summo
538 2880 804 2952 pontiﬁci
834 2880 1070 2950 objecta
1101 2884 1286 2935 erant.
1318 2882 1510 2936 Causa
1550 2879 1753 2952 itaque
1783 2895 1928 2936 ven-

2035 1731 2124 1782 tor
2151 1727 2225 1782 de
2261 1728 2498 1798 Spoleto
2527 1730 2872 1782 Ravennam
2906 1729 3169 1799 veniens,
3203 1729 3431 1801 aliquot
3455 1729 3584 1785 dies
3615 1730 3723 1786 ibi‘

2033 1821 2321 1876 moratus.
2350 1816 2600 1888 Papiam
2629 1816 2906 1888 perrexit.
2958 1816 3040 1872 Ibi
3092 1818 3444 1873 nunciatum
3485 1823 3574 1874 est
3623 1819 3694 1885 ei,

2033 1904 2259 1972 legatos
2288 1910 2485 1960 Aaron
2515 1889 2890 1972 Amirmulin,
2914 1907 3070 1976 regis
3097 1907 3436 1977 Persarum,
3455 1913 3697 1980 portum

2035 1994 2178 2049 Pisae
2206 1993 2480 2063 intrasse,
2513 1995 2732 2068 quibus
2777 1995 3020 2051 obviam
3073 1996 3332 2063 mittens,
3380 1997 3531 2052 inter
3560 2000 3697 2052 Ver-

2035 2084 2212 2138 cellas
2243 2088 2298 2139 et
2331 2084 2641 2140 Eboreiam
2672 2101 2774 2140 eos
2801 2085 2914 2140 sibi
2944 2084 3079 2140 fecit
3108 2088 3480 2158 praesentari.
3537 2089 3697 2142 Unus

2033 2174 2192 2230 enim
2251 2190 2324 2228 ex
2371 2174 2454 2228 eis
2501 2178 2628 2230 erat
2675 2179 2851 2230 Persa
2901 2175 2975 2229 de
3001 2175 3246 2245 oriente,
3277 2175 3510 2246 legatus
3541 2175 3697 2245 regis

2035 2262 2370 2330 Persarum,
2395 2261 2540 2317 alter
2569 2265 2932 2320 Sarracenus
2959 2263 3034 2318 de
3056 2264 3269 2330 Africa,
3317 2264 3550 2333 legatus
3586 2265 3698 2317 Ad-

2035 2348 2245 2404 mirate
2269 2349 2634 2418 Habraham,
2649 2351 2752 2421 qui
2772 2352 2830 2405 in
2854 2352 3116 2406 conﬁnio
3147 2352 3353 2406 Africa:
3378 2353 3440 2405 in
3459 2355 3700 2406 Fossato

2039 2435 2414 2507 possidebat,
2463 2437 2566 2507 qui
2617 2441 2778 2491 Isaac
2826 2437 3122 2506 Judaeum,
3163 2453 3344 2509 quem
3377 2439 3702 2510 imperator

2040 2528 2178 2579 ante
2203 2523 2669 2595 quadriennium
2699 2524 2776 2578 ad
2805 2540 3010 2594 regem
3043 2528 3350 2582 Persarum
3373 2543 3511 2582 cum
3535 2531 3703 2584 Lant-

2041 2612 2195 2667 frido
2224 2617 2281 2667 et
2305 2611 2658 2681 Sigimundo
2687 2613 2948 2679 miserat,
2973 2602 3277 2670 reversum
3299 2632 3438 2671 cum
3464 2618 3702 2687 magnis

2040 2701 2394 2758 muneribus
2425 2703 2864 2757 nuntiaverunt.
2900 2705 3048 2758 Nam
3083 2703 3416 2760 Lantfridus
3464 2710 3521 2761 et
3552 2705 3696 2774 Sigi-

2044 2791 2311 2846 mundus
2343 2790 2403 2845 in
2433 2790 2639 2846 itinere
2677 2791 2939 2846 defuncti
2975 2797 3130 2847 sunt.
3165 2793 3314 2848 Misit
3340 2794 3543 2867 itaque
3597 2809 3700 2850 rex

2040 2879 2561 2936 Herchenbaldum
2611 2879 2909 2937 notarium
2940 2880 3002 2935 in
3043 2882 3339 2949 Liguriam
3391 2883 3470 2938 ad
3515 2899 3699 2938 naves

267 2971 452 3037 tilata,
478 2987 613 3025 cum
646 2969 846 3024 nullus
867 2969 1156 3040 probator
1181 2973 1284 3024 aut
1313 2969 1472 3024 testis
1497 2968 1794 3037 legitimus
1826 2985 1929 3041 ap-
1959 2996 2001 3053 ρ
2036 2969 2363 3042 parandas,
2411 2968 2516 3023 ubi
2567 2967 2854 3040 elephans
2906 2974 2962 3023 et
2995 2985 3065 3024 ea
3091 2986 3226 3041 qua:
3257 2971 3700 3038 deferebantur,

264 3063 522 3134 pareret,
554 3059 657 3131 qui
685 3059 886 3114 locum
914 3057 1328 3114 controversia:
1360 3057 1559 3113 subire
1607 3074 1929 3130 praesume-

265 3155 376 3219 ret,
401 3149 685 3222 praefatus
714 3148 980 3221 pontifex
1001 3136 1206 3204 coram
1227 3147 1392 3202 omni
1414 3147 1640 3220 populo
1661 3149 1721 3203 in
1744 3149 1927 3204 domo

270 3239 459 3294 sancti
487 3238 636 3293 Petri
688 3236 1066 3308 evangelium
1114 3241 1363 3309 portans
1418 3236 1744 3293 ambonem
1790 3254 1928 3293 con-

268 3327 499 3384 scendit
517 3328 915 3399 invocatoque
947 3330 1165 3382 sanctae
1196 3325 1486 3382 Trinitatis
1525 3327 1789 3397 nomine,
1831 3329 1928 3399 ju-

268 3416 528 3473 rerando
557 3416 636 3472 ab
661 3415 908 3486 objectis
929 3431 991 3470 se
1021 3415 1372 3470 criminibus
1393 3416 1690 3487 purgavit.
1708 3417 1930 3472 Eadem

273 3507 369 3562 die
414 3507 726 3562 Zacharias
773 3505 1082 3578 presbyter
1131 3521 1270 3560 cum
1314 3505 1552 3560 duobus
1592 3506 1927 3576 monachis,

272 3613 394 3652 uno
423 3597 497 3653 de
524 3600 726 3652 monte
755 3595 978 3662 Oliveti,
1013 3595 1196 3650 altero
1225 3594 1300 3650 de
1331 3595 1646 3662 Bethleem,
1679 3599 1930 3652 Romam

271 3686 450 3753 venit,
478 3701 633 3758 quos
665 3683 983 3757 episcOpus
1015 3683 1566 3755 Hierosolymorum
1610 3684 1687 3739 ad
1728 3700 1930 3753 regem

271 3775 502 3841 direxit,
562 3774 667 3847 qui
714 3773 1150 3830 benedictionis
1196 3789 1382 3829 causa
1429 3773 1623 3828 claves
1675 3773 1933 3846 sepulcri

273 3862 508 3919 Domini
534 3879 604 3919 ac
632 3862 750 3918 loci
778 3861 1070 3927 calvariae,
1103 3861 1300 3917 claves
1325 3861 1505 3916 etiam
1528 3859 1777 3915 civitatis
1795 3876 1934 3914 cum

269 3952 488 4009 vexillo
517 3952 892 4019 detulerunt;
933 3966 1089 4023 quos
1125 3966 1229 4004 rex
1277 3949 1537 4018 benigne
1584 3947 1932 4018 suscipiens,

272 4041 506 4113 aliquot
532 4040 657 4096 dies
685 4056 892 4096 secum
915 4037 1184 4102 detinuit,
1215 4041 1270 4092 et
1294 4051 1498 4092 mense
1526 4035 1707 4108 Aprili
1736 4052 1934 4092 remu-

270 4135 515 4186 neratos
543 4129 814 4186 absolvit.
859 4132 925 4184 Et
946 4127 1264 4183 celebravit
1289 4126 1370 4182 ibi
1398 4142 1498 4182 rex
1527 4126 1788 4182 natalem
1822 4130 1934 4183 Do-

273 4219 441 4276 mini.

346 4315 516 4365 Anno
549 4309 869 4364 Dominicaa
897 4306 1322 4363 incarnationis
1353 4308 1446 4361 801
1499 4322 1638 4361 cum
1668 4322 1771 4361 rex
1800 4307 1932 4378 ipso

275 4399 370 4454 die
400 4397 614 4454 natalis
647 4397 878 4452 Domini
909 4400 1046 4451 ante
1077 4395 1518 4450 confessionem
1567 4398 1752 4450 sancti
1783 4396 1931 4451 Petri

277 4487 354 4542 ab
382 4486 650 4542 oratione
677 4488 962 4554 surgeret,
979 4487 1091 4539 Leo
1112 4499 1273 4556 papa
1294 4498 1581 4538 coronam
1609 4483 1788 4554 capiti
1805 4485 1934 4554 ejus

277 4575 582 4648 imposuit,
615 4580 672 4631 et
696 4591 732 4631 a
761 4579 976 4630 cuncto
1009 4577 1419 4629 Romanorum
1468 4572 1695 4645 populo
1726 4578 1812 4628 ter
1841 4589 1936 4629 ac-

275 4666 608 4722 clamatum
650 4669 738 4720 est
781 4683 793 4718 :
841 4664 1060 4720 Carolo
1101 4665 1373 4733 Augusto
1412 4679 1449 4717 a
1482 4663 1600 4718 Deo
1632 4669 1935 4730 coronato,

275 4771 498 4826 magno
527 4760 582 4810 ct
604 4755 861 4824 paciﬁca
891 4755 1241 4822 imperatori
1268 4755 1694 4821 Romanorum,
1730 4754 1853 4807 vita
1884 4758 1938 4807 et

275 4845 573 4902 victoria!
604 4847 670 4899 Et
696 4847 833 4917 post
860 4842 1068 4898 laudes
1097 4857 1263 4897 more
1293 4842 1681 4913 antiquorum
1720 4841 1938 4912 princi-

277 4935 427 5007 pum
459 4933 745 4989 adoratus
777 4937 886 5002 est,
918 4936 975 4987 et
999 4931 1200 4988 ablato
1228 4930 1460 5004 patricii
1490 4931 1733 4987 nomine
1753 4934 1939 5003 Impe-

275 5028 440 5080 rator
469 5027 526 5079 et
551 5027 851 5093 Augustus
879 5026 968 5077 est
995 5021 1348 5094 appellatus.
1382 5023 1516 5076 Post
1557 5036 1782 5092 paucos
1832 5037 1938 5075 au-

279 5116 396 5168 tem
428 5113 556 5168 dies
582 5112 758 5182 jussit
785 5127 907 5174 eos,
936 5111 1038 5177 qui
1068 5126 1229 5167 anno
1257 5109 1547 5183 superiori
1593 5109 1939 5182 pontiﬁcem

281 5200 702 5271 deposuerant,
752 5199 1039 5268 exhiberi,
1065 5205 1121 5256 et
1147 5199 1355 5256 habita
1383 5199 1456 5254 de
1484 5199 1569 5253 eis
1609 5199 1940 5270 quaestione

283 5289 616 5344 secundum
646 5304 851 5358 regem
879 5290 1236 5358 Romanam,
1269 5294 1334 5343 ut
1366 5287 1694 5358 majestatis
1732 5287 1815 5341 rei
1846 5301 1940 5340 ca-

277 5376 445 5450 pitali
475 5379 766 5437 sententia
790 5377 1063 5434 damnati
1103 5383 1260 5448 sunt,
1318 5393 1428 5450 pro
1471 5375 1691 5449 quibus
1739 5380 1940 5430 tamen

276 5481 441 5541 papa
463 5469 564 5541 pio
582 5467 799 5525 affectu
815 5468 977 5540 apud
996 5469 1420 5541 imperatorem
1441 5465 1941 5522 intercessit.Nam

276 5557 402 5612 vita
429 5560 488 5613 et
519 5557 932 5614 membrorum
961 5557 1266 5629 integritas
1291 5555 1376 5613 eis
1397 5571 1682 5612 concessa
1713 5556 1820 5618 est,
1837 5567 1941 5606 cae-

275 5647 476 5703 terum
524 5661 636 5720 pro
681 5645 961 5704 facinoris
1003 5645 1417 5716 magnitudine
1447 5643 1620 5702 exilio
1649 5637 1941 5714 deportati

2041 3059 2530 3126 subveherentur,
2571 3058 2695 3130 ipse
2735 3073 2879 3114 vero
2929 3059 3226 3115 celebrato
3255 3061 3349 3116 die
3381 3061 3701 3117 nativitatis

2041 3148 2230 3202 sancti
2272 3147 2516 3203 Joannis
2557 3147 2829 3219 baptistae
2882 3147 3046 3220 apud
3095 3148 3470 3214 Heboreiam,
3520 3150 3700 3221 Alpes

2037 3243 2446 3304 transgressus
2477 3235 2538 3290 in
2565 3235 2816 3291 Galliam
2859 3252 3133 3292 reversus
3184 3242 3289 3292 est.
3337 3241 3472 3308 Ipsa
3503 3241 3702 3293 aestate

2042 3329 2218 3397 capta
2242 3329 2328 3380 est
2355 3324 2563 3380 civitas
2585 3325 2893 3381 Barcilona
2928 3325 3241 3396 Hispaniae,
3271 3327 3401 3397 jam
3433 3331 3573 3380 tunc
3598 3325 3705 3380 mi-

2040 3429 2153 3469 nus
2182 3413 2318 3486 plus
2349 3413 2593 3471 biennio
2623 3413 2871 3469 obsessa
2897 3433 2908 3481 ;
2943 3417 3124 3469 Zatun
3156 3415 3471 3486 praefectus
3496 3415 3625 3485 ejus
3647 3417 3707 3469 et

2041 3503 2137 3559 alii
2163 3519 2348 3575 quam
2371 3503 2572 3574 plures
2611 3502 2915 3559 Sarraceni
2957 3503 3378 3574 comprehensi
3417 3507 3576 3558 sunt.
3641 3505 3708 3558 Et

2042 3593 2104 3648 in
2136 3591 2304 3648 Italia
2350 3591 2573 3646 Theate
2624 3591 2832 3646 civitas
2855 3590 3124 3646 similiter
3145 3595 3322 3662 capta
3352 3596 3409 3645 et
3435 3591 3702 3647 ﬂammis

2043 3687 2252 3736 exusta
2276 3685 2383 3747 est,
2415 3680 2668 3749 ejusque
2699 3678 3010 3748 praefectus
3043 3679 3388 3732 Rotselmus
3440 3691 3708 3750 compre-

2042 3771 2268 3824 hensus
2291 3773 2396 3823 est.
2430 3765 2689 3820 Castella
2719 3781 2854 3834 quae
2886 3765 2964 3818 ad
2994 3765 3157 3818 illam
3209 3765 3503 3818 civitatem
3553 3765 3709 3836 aspi-

2046 3857 2303 3919 ciebant,
2333 3854 2395 3908 in
2425 3852 2788 3908 deditionem
2828 3856 3064 3925 recepta
3086 3855 3243 3907 sunt.
3276 3855 3462 3908 Zatun
3492 3858 3550 3910 et
3582 3857 3712 3910 Rot-

2049 3943 2276 4000 selmus
2303 3941 2476 3997 exilio
2503 3940 2776 3996 damnati
2801 3945 2957 3995 sunt.
3005 3943 3201 3997 Mense
3234 3939 3511 4010 Octobrio
3544 3946 3710 3999 Isaac

2044 4033 2284 4089 Iudaeus
2311 4031 2384 4086 de
2414 4029 2608 4086 Africa
2638 4045 2774 4085 cum
2807 4029 3063 4086 elefanto
3092 4045 3423 4100 regressus,
3467 4037 3709 4105 portum

2047 4121 2284 4179 Veneris
2312 4119 2566 4184 intravit,
2600 4123 2657 4175 et
2683 4119 2826 4191 quia
2856 4125 3102 4192 propter
3127 4119 3296 4175 nives
3346 4119 3520 4193 Alpes
3556 4127 3711 4179 tran-

2048 4213 2161 4268 sire
2219 4226 2340 4266 non
2394 4208 2606 4282 potuit,
2663 4208 2932 4264 Vercellis
2991 4209 3318 4282 hyemavit.
3384 4213 3711 4282 Imperator

2046 4300 2232 4373 Aquis
2262 4298 2525 4355 natalem
2554 4296 2788 4357 Domini
2819 4297 3157 4354 celebravit.

2119 4396 2290 4444 Anno
2319 4386 2638 4443 Dominicaa
2667 4386 3096 4444 incarnationis
3123 4391 3226 4443 802
3272 4387 3484 4442 Hirene
3524 4388 3711 4459 impe-

2045 4479 2231 4535 ratrix
2276 4478 2351 4533 de
2391 4477 2900 4549 Constantinopoli
2957 4477 3120 4532 misit
3165 4477 3430 4544 legatum
3465 4475 3708 4531 nomine

2047 4573 2306 4624 Leonem
2337 4567 2415 4622 ad
2444 4567 2865 4639 imperatorem
2894 4565 2969 4621 de
2999 4580 3147 4637 pace
3178 4563 3595 4618 conﬁrmanda
3623 4562 3710 4614 in-

2047 4662 2132 4713 ter
2163 4660 2420 4712 Francos
2451 4662 2507 4712 et
2533 4660 2785 4722 Graecos,
2840 4659 2897 4711 et
2939 4654 3266 4726 imperator
3295 4649 3712 4705 Constantino-

2046 4745 2234 4819 polim
2276 4745 2468 4800 missit
2511 4749 2674 4800 Iesse
2720 4743 3071 4815 episcopum
3116 4737 3602 4805 Ambianensem,
3653 4741 3710 4793 et

2048 4833 2449 4904 Elingaudum
2480 4833 2780 4900 comitem,
2796 4836 2859 4886 ut
2878 4845 3093 4902 pacem
3115 4842 3254 4882 cum
3275 4841 3348 4881 ea
3363 4829 3705 4882 statuerent.

2051 4925 2275 4980 Pascha
2302 4923 2665 4980 celebratum
2697 4925 2788 4976 est
2825 4920 2884 4974 in
2940 4917 3152 4974 eodem
3197 4914 3438 4988 palatio.
3485 4915 3707 4972 Eodem

2050 5030 2212 5069 anno
2243 5019 2296 5069 I3
2323 5012 2568 5068 Kalend.
2601 5017 2751 5079 Aug.
2785 5008 2947 5063 venit
2977 5011 3144 5061 Isaac
3172 5021 3310 5062 cum
3355 5006 3610 5063 elefanto
3653 5009 3711 5060 et
3819 4997 3830 5006 “

2048 5103 2268 5158 caeteris
2299 5101 2653 5158 muneribus
2685 5114 2721 5154 a
2750 5112 2887 5166 rege
2913 5099 3222 5152 Persarum
3249 5095 3446 5152 missis
3476 5095 3537 5150 in
3560 5109 3708 5166 prae-

2049 5192 2300 5248 sentiam
2332 5186 2709 5262 imperatoris
2737 5204 2750 5252 ;
2782 5201 3004 5242 nomen
3034 5185 3301 5242 elefantis
3331 5189 3459 5241 erat
3487 5183 3708 5239 Ambu-

2049 5281 2218 5338 lator.
2244 5284 2465 5337 Ostona
2486 5277 2694 5333 civitas
2719 5275 2778 5330 in
2813 5276 2970 5332 Italia
2991 5276 3049 5331 in
3081 5275 3445 5331 deditionem
3472 5277 3710 5344 recepta

2049 5378 2154 5427 est.
2201 5370 2440 5426 Luceria
2489 5382 2731 5438 quoque
2776 5365 3069 5440 frequenti
3098 5363 3414 5438 obsidione
3441 5362 3704 5431 fatigata,

2049 5466 2106 5518 et
2135 5461 2265 5532 ipsa
2297 5459 2358 5513 in
2382 5456 2746 5513 deditionem
2766 5457 2948 5525 venit,
2969 5456 3439 5528 praesidiumque
3465 5450 3709 5506 Franco-

2050 5565 2186 5605 rum
2217 5548 2277 5603 in
2307 5562 2378 5602 ea
2398 5546 2660 5620 positum
2685 5552 2790 5604 est.
2825 5547 3153 5618 Imperator
3191 5539 3411 5599 aestatis
3443 5545 3707 5610 tempore

2052 5638 2114 5695 in
2141 5635 2464 5693 Arduenna
2484 5635 2903 5694 venationibus
2927 5648 3174 5706 operam
3194 5627 3378 5695 dedit,
3423 5628 3480 5679 et
3525 5624 3707 5682 misso
