4076 6212
433 157 500 210 G7
1553 142 1929 205 REGINONIS
1964 140 2380 203 PRUMIENSIS
2420 149 2732 207 ABBATIS.
3789 157 3867 210 68

432 278 494 332 in
522 276 845 332 Saxoniam
887 276 1166 343 exercitu,
1215 274 1654 330 transalbianos
1699 275 1963 328 Saxones
1991 285 2088 324 va-
2125 271 2170 322 Α
2201 271 2478 344 princeps
2501 279 2848 341 Avarorum,
2881 275 3305 348 imperatorem
3333 275 3495 344 adiit,
3544 276 3870 348 postulans

433 365 629 422 stavit.
655 365 992 421 Grimaldus
1040 367 1597 420 Beneventanorum
1640 362 1784 431 dux,
1827 360 1887 416 in
1918 362 2093 414 Luce-

434 455 524 511 ria
553 455 899 524 Winigisum
921 453 1199 509 comitem
1231 453 1472 524 Spoleti,
1495 453 1597 525 qui
1621 449 1898 524 praesidio
1914 462 2094 520 praee-

434 547 545 610 rat,
595 544 847 600 adversa
894 543 1233 599 valetudine
1276 543 1589 612 fatigatum
1638 538 1892 605 obsedit,
1944 541 2001 592 et
2029 536 2088 590 in

435 634 798 690 deditionem
825 633 1071 704 accepit,
1119 637 1487 705 captumque
1530 647 1668 686 eum
1718 643 1943 698 magno
1990 627 2093 682 ho-

437 738 580 778 nore
612 722 813 778 tenuit.
863 725 1190 795 Imperator
1218 722 1402 794 Aquis
1428 720 1689 776 natalem
1721 716 1955 774 Domini
2003 730 2093 770 ce-

434 810 699 867 lebravit.

439 937 442 940 ~
504 905 677 956 Anno
705 901 1026 957 Dominicea
1073 901 1496 958 incarnationis
1540 904 1640 955 803
1683 904 1851 954 terra;
1895 900 2094 953 motUS

435 991 617 1063 Aquis
659 991 880 1063 palatio
922 992 1114 1048 factus
1154 997 1259 1061 est,
1314 997 1370 1047 et
1416 989 1746 1047 mortalitas
1776 987 2095 1042 subsecuta

433 1085 542 1148 est,
572 1080 902 1150 Winegisus
927 1097 962 1137 a
991 1081 1294 1136 Grimaldo
1322 1080 1589 1136 redditus
1635 1083 1740 1133 est.
1781 1076 1937 1133 Missi
1989 1074 2097 1128 im-

434 1170 725 1241 peratoris
755 1185 791 1226 a
817 1171 1325 1244 Constantinopoli
1349 1168 1601 1239 regressi
1635 1171 1792 1234 sunt,
1832 1171 1892 1221 et
1921 1178 2098 1220 vene-

434 1263 574 1314 runt
602 1273 742 1314 cum
771 1261 854 1315 eis
883 1260 1060 1329 legati
1099 1261 1350 1315 Nicofori
1381 1258 1778 1330 imperatoris,
1822 1255 1926 1328 qui
1956 1259 2097 1309 tunc

434 1363 562 1403 rem
593 1348 900 1420 publicam
927 1349 1192 1420 regebat,
1219 1365 1476 1420 quorum
1501 1349 1626 1402 haec
1648 1351 1786 1401 sunt
1801 1344 2050 1401 nomina
2082 1359 2093 1396 :

433 1436 675 1493 Michael
701 1437 1042 1509 episcopus,
1068 1440 1272 1492 Petrus
1304 1437 1517 1502 abbas,
1551 1435 1802 1491 Calistus
1847 1437 1904 1488 et
1950 1436 2099 1488 Can-

434 1526 696 1594 didatus,
725 1527 828 1598 qui
859 1533 1148 1581 venerunt
1181 1526 1259 1580 ad
1287 1527 1709 1597 imperatorem
1759 1523 1818 1577 in
1857 1525 2096 1579 Germa-

2202 360 2316 415 sibi
2340 361 2542 431 locum
2576 364 2704 418 dari
2730 363 2806 419 ab
2826 363 3225 420 habitandum
3268 365 3418 420 inter
3466 365 3776 421 Sabariam
3807 371 3871 422 et

2201 447 2629 522 Carantanum,
2675 454 2817 525 quia
2855 458 3097 526 propter
3143 453 3579 510 infestationem
3629 455 3874 512 Sclavo-

2200 556 2335 596 rum
2383 542 2442 596 in
2502 543 2764 614 pristinis
2817 543 3058 598 sedibus
3105 559 3345 599 manere
3399 560 3521 600 non
3579 549 3868 616 poterat;

2199 644 2386 700 quam
2411 631 2734 704 imperator
2762 631 3020 702 benigne
3047 632 3324 705 suscepit,
3357 631 3628 702 ejusdem
3677 634 3872 706 preci-

2200 718 2314 773 bus
2340 719 2500 775 favit.
2528 721 2748 776 Eodem
2776 725 3044 792 tempore
3065 721 3203 776 nisit
3227 721 3550 777 exercitum
3572 738 3711 776 eum
3738 722 3870 779 ﬁlio

2201 825 2310 864 suo
2343 810 2551 866 Carolo
2580 827 2760 883 super
2787 811 3023 868 Sclavos
3053 811 3156 883 qui
3185 815 3474 867 vocantur
3496 811 3694 867 Boemi
3719 830 3731 878 ;
3759 813 3871 886 qui

2203 913 2446 954 omnem
2474 904 2692 955 terram
2743 916 2952 956 eorum
3001 899 3458 972 depopulantes,
3510 899 3729 955 ducem
3771 917 3872 957 eo-

2203 1004 2339 1042 rum
2367 989 2470 1060 qui
2493 989 2909 1061 appellabatur
2940 989 3117 1044 Letho
3147 987 3509 1044 occiderunt.
3539 994 3871 1062 Imperator

2204 1077 2539 1134 Thcodonis
2567 1077 2770 1135 villam
2792 1080 2970 1147 venit,
2992 1078 3251 1152 indeque
3270 1077 3348 1134 ad
3379 1078 3672 1134 Romarici
3695 1096 3872 1136 mon-

2204 1169 2323 1222 tem
2352 1181 2545 1237 usque
2576 1167 2896 1240 profectus,
2939 1166 3023 1222 ibi
3061 1166 3476 1222 venationibus
3510 1165 3871 1224 exercitatus

2207 1260 2311 1322 est,
2337 1255 2474 1310 inde
2503 1255 2837 1312 Theodonis
2877 1255 3079 1312 villam
3119 1271 3392 1311 reversus
3443 1255 3707 1313 natalem
3761 1260 3874 1314 Do-

2208 1344 2352 1399 mini
2383 1344 2718 1401 celebravit.

2279 1439 2448 1489 Anno
2481 1434 2802 1490 Dominicre
2828 1434 3253 1491 incarnationis
3294 1437 3394 1489 806
3420 1440 3709 1491 venerunt
3737 1435 3873 1491 Wil-

2207 1523 2410 1579 harius
2438 1529 2493 1579 et
2515 1526 2723 1580 Beatus
2753 1525 2936 1579 duces
2966 1525 3238 1590 Venetiae,
3265 1539 3373 1579 nec
3405 1540 3526 1579 non
3557 1530 3612 1580 et
3653 1524 3873 1582 Paulus

409 1614 536 1668 ‘nia
566 1630 749 1686 super
773 1615 1022 1668 ﬂuvium
1055 1614 1210 1679 Sala,
1243 1614 1302 1668 in
1334 1614 1466 1668 loco
1513 1613 1618 1685 qui
1665 1611 1879 1668 dicitur
1925 1611 2092 1682 Saltz,
2133 1620 2176 1672 Β
2207 1615 2329 1670 dux
2371 1613 2616 1682 ladorze,
2665 1619 2843 1686 atque
2876 1615 3137 1668 Donatus
3168 1613 3438 1684 ejusdem
3470 1613 3720 1669 civitatis
3752 1613 3875 1687 epi-

435 1707 492 1757 et
521 1710 765 1775 pactum
794 1703 1078 1759 faciendae
1108 1705 1273 1776 pacis
1303 1703 1363 1757 in
1397 1703 1624 1758 Christo
1655 1706 2047 1774 susceperunt
2079 1719 2090 1768 ;

434 1791 574 1846 inde
604 1793 833 1848 dimissi
859 1808 996 1847 cum
1024 1792 1272 1864 cpistola
1297 1791 1670 1864 imperatoris
1703 1794 1953 1846 Romam
1997 1806 2095 1845 ve-

434 1885 671 1948 nerunt,
703 1882 840 1937 inde
873 1881 1453 1954 Constantinopolim
1478 1880 1726 1951 regressi
1778 1884 1933 1935 sunt.
1987 1883 2097 1934 lm-

436 1975 676 2040 perator
702 1975 901 2025 autem
930 1970 1265 2040 Bajoariam
1295 1970 1597 2041 profectus
1628 1974 1735 2035 est,
1768 1972 1825 2024 et
1847 1967 2096 2040 disposi-

437 2057 508 2112 tis
541 2059 984 2114 Pannoniarum
1009 2059 1225 2126 causis,
1250 2057 1432 2130 Aquis
1462 2073 1736 2114 reversus
1767 2062 1873 2124 est,
1892 2056 1974 2112 ibi
1994 2072 2097 2112 na-

436 2147 615 2202 talem
645 2147 878 2203 Domini
909 2148 1243 2203 celebravit.

509 2239 684 2290 Anno
737 2236 1056 2291 Dominieae
1113 2236 1539 2292 incarnationis
1597 2239 1700 2292 804
1773 2235 2096 2308 imperator

435 2324 618 2396 Aquis
643 2324 1176 2395 hyemavit,mstate
1198 2341 1338 2380 vero
1356 2326 1414 2380 in
1441 2327 1760 2381 Saxoniam
1781 2341 1919 2380 cum
1941 2340 2097 2379 exer-

435 2412 554 2468 citu
604 2413 878 2484 perrexit,
929 2429 1260 2484 omnesque
1318 2413 1421 2486 qui
1465 2417 1630 2468 trans
1690 2413 1924 2468 Albiam
1955 2412 2096 2467 etin

434 2501 789 2557 Wibmohdi
821 2501 1169 2558 habitabant
1197 2505 1460 2558 Saxones
1491 2519 1629 2557 cum
1662 2502 2009 2557 mulieribus
2041 2505 2096 2555 et

431 2591 762 2647 infantibus
779 2593 1074 2647 transtulit
1102 2593 1162 2647 in
1191 2593 1519 2661 Franciam,
1549 2598 1606 2646 et
1634 2606 1824 2662 pagos
1853 2589 2098 2645 transal-

413 2679 644 2736 ‘bianos
670 2681 967 2736 Abrotidis
983 2681 1165 2736 dedit.
1185 2682 1407 2735 Eodem
1428 2685 1696 2751 tempore
1719 2679 2092 2748 Godet’ridus,

429 2784 534 2824 rex
567 2771 892 2835 Danorum,
924 2769 1087 2825 venit
1116 2785 1252 2824 cum
1285 2769 1477 2824 classe
1499 2785 1609 2824 sua
1639 2774 1695 2824 et
1717 2768 1884 2824 omni
1928 2770 2094 2841 equi-

429 2863 558 2914 tutu
583 2859 752 2929 regni
779 2860 870 2914 sui
901 2859 978 2915 ad
1026 2859 1227 2914 locum
1272 2859 1384 2930 qui
1435 2859 1649 2914 dicitur
1686 2859 1986 2932 Sltestorp,
2034 2859 2094 2914 in

2205 1721 2446 1776 scopus,
2475 1703 2651 1771 legati
2683 1703 3004 1773 Dalmatiae,
3039 1702 3097 1758 in
3130 1702 3506 1775 praesentiam
3548 1702 3872 1776 imperato-

2203 1795 2284 1850 ris
2311 1811 2449 1849 cum
2480 1793 2717 1862 magnis
2747 1792 2943 1856 donis,
2999 1796 3055 1847 et
3105 1791 3392 1847 ordinatis
3437 1796 3562 1848 tam
3614 1792 3872 1849 Venetiis

2203 1898 2393 1954 quam
2425 1882 2748 1949 Dalmatiis,
2782 1897 2988 1937 eorum
3020 1881 3220 1938 missis
3251 1882 3564 1952 absolutis,
3614 1883 3871 1956 impera-

2205 1975 2299 2026 tor
2327 1989 2465 2027 cum
2496 1971 2859 2045 primoribus
2891 1977 2945 2028 et
2972 1971 3360 2045 optimatibus
3394 1974 3759 2028 Francorum
3792 1973 3869 2028 de

2207 2077 2356 2134 pace
2387 2061 2808 2117 constituenda
2835 2065 2892 2116 et
2921 2059 3336 2116 conservanda
3366 2060 3516 2116 inter
3532 2060 3686 2117 filios
3707 2078 3871 2132 suos,

2205 2155 2262 2206 et
2292 2150 2366 2206 de
2405 2150 2720 2223 partitione
2750 2150 2918 2219 regni
2951 2149 3239 2223 placitum
3269 2149 3498 2206 habuit.
3542 2153 3607 2206 Et
3637 2151 3875 2206 divisio-

2206 2257 2279 2294 ne
2309 2241 2483 2304 facta,
2516 2240 2576 2294 in
2605 2245 2721 2294 tres
2751 2239 3072 2312 imperium
3105 2256 3282 2294 suum
3315 2239 3566 2311 partitus
3598 2244 3688 2295 est
3721 2240 3875 2296 inter

2202 2333 2318 2384 tres
2347 2329 2520 2395 ﬁlios,
2551 2335 2614 2384 ut
2639 2329 2856 2384 scilicet
2888 2330 3301 2403 unusquisque
3330 2329 3505 2385 sciret
3525 2345 3711 2401 quam
3733 2346 3872 2402 par-

2202 2422 2320 2474 tem
2347 2419 2495 2473 tueri
2525 2423 2580 2473 et
2609 2433 2812 2486 regere
2839 2417 3165 2484 debuisset,
3202 2418 3251 2472 si
3277 2417 3444 2473 illum
3480 2419 3758 2490 [patreml
3778 2435 3875 2474 su-

2204 2506 2549 2578 perviveret.
2587 2508 2664 2561 De
2694 2507 2806 2562 hac
2837 2506 3128 2562 divisione
3161 2511 3581 2563 testamentum
3615 2507 3769 2570 fecit,
3811 2516 3874 2567 et

2205 2596 2590 2651 sacramentis
2645 2595 3006 2668 interpositis
3056 2599 3091 2651 a
3149 2596 3388 2652 Francis
3448 2596 3870 2654 conﬁrmatum

2203 2690 2318 2751 est,
2353 2690 2408 2740 et
2437 2685 2612 2740 Leoni
2639 2700 2815 2756 papae
2857 2684 3301 2755 transmissum,
3356 2691 3421 2741 ut
3463 2687 3586 2741 haec
3637 2686 3875 2744 decreta

2203 2790 2392 2830 manu
2425 2789 2533 2828 sua
2563 2773 2863 2836 ﬁrmaret;
2895 2773 3060 2842 quod
3083 2777 3140 2826 et
3171 2772 3394 2827 factum
3451 2777 3556 2828 est.
3605 2773 3871 2828 Posthaac

2205 2863 2530 2935 imperator
2559 2859 2808 2914 dimisso
2837 2862 3088 2930 utroque
3105 2858 3227 2914 tilio
3256 2859 3318 2913 in
3348 2875 3603 2928 regnum
3631 2860 3742 2915 sibi
3774 2860 3875 2914 de-

431 2948 691 3002 coniinio
741 2947 907 3016 regni
957 2947 1051 3001 sui
1098 2952 1155 3001 et
1186 2947 1456 3003 Saxonis:
1482 2965 1496 3016 ;
1531 2947 1804 3021 promisit
1841 2948 2001 3004 enim
2033 2965 2094 3004 se
2131 2971 2176 3024 ο
2207 2957 2503 3026 putatum,
2537 2948 2786 3022 Pippino
2818 2947 3037 3003 scilicet
3065 2952 3121 3004 et
3147 2948 3481 3016 Ludowico,
3509 2947 3583 3003 de
3610 2949 3874 3004 Theodo~

432 3034 512 3090 ad
539 3034 905 3107 colloquium
937 3035 1313 3107 imperatoris
1343 3041 1679 3103 venturum,
1710 3036 1818 3091 sed
1849 3036 2097 3093 consilio

432 3139 680 3179 suorum
726 3124 982 3190 territus,
1019 3124 1266 3198 propius
1306 3140 1429 3180 non
1475 3125 1745 3195 accessit,
1793 3127 1898 3182 sed
1928 3127 2097 3198 quic-

430 3213 577 3286 quid
607 3213 792 3269 voluit
821 3229 928 3286 per
955 3215 1182 3283 legatos
1214 3214 1543 3270 mandavit.
1593 3219 1740 3271 Nam
1771 3215 2100 3287 imperator

431 3318 612 3374 super
640 3303 872 3358 Albiam
903 3303 1156 3358 ﬁuvium
1193 3303 1456 3365 sedebat,
1497 3304 1556 3359 in
1585 3303 1717 3360 loco
1749 3305 1852 3376 qui
1883 3305 2100 3360 dicitur

431 3392 824 3461 Holdunsteti,
856 3397 912 3449 et
939 3393 1124 3448 missa
1155 3393 1232 3448 ad
1258 3392 1646 3449 Godei‘ridum
1669 3393 1962 3464 legatione
1987 3409 2096 3465 pro

431 3481 690 3549 fugitivis
721 3483 982 3546 retentis,
1016 3481 1316 3538 mediante
1364 3481 1734 3554 Septembrio
1785 3482 2096 3537 Coloniam

431 3569 614 3635 venit,
646 3569 862 3625 deinde
892 3570 1214 3626 Arduenna
1241 3573 1568 3641 ingressus,
1600 3571 1988 3626 venationum
2009 3572 2097 3641 jo-

429 3659 514 3714 cis
533 3660 885 3716 exercitatus
902 3661 1086 3734 Aquis
1101 3678 1376 3718 reversus
1399 3666 1504 3717 est.
1531 3659 1716 3717 Medio
1736 3661 2094 3717 Novembrio

427 3751 779 3806 nunciatum
803 3758 890 3806 est
920 3751 991 3818 ei,
1028 3755 1280 3808 Leonem
1313 3768 1540 3825 papam
1567 3768 1705 3808 cum
1732 3768 1803 3808 eo
1829 3752 2092 3808 natalem

427 3839 662 3894 Domini
691 3839 991 3896 celebrare
1041 3840 1190 3896 velle
1229 3841 1570 3913 ubicunque
1618 3842 1700 3896 illi
1749 3842 2090 3914 placuisset,

425 3929 592 3999 quod
624 3934 924 3997 gratanter
953 3929 1232 4000 suscepit.
1265 3931 1330 3983 Et
1361 3929 1562 3984 statim
1593 3932 1775 3985 misso
1815 3931 1936 3986 lilio
1982 3949 2096 3986 suo

427 4017 636 4074 Carolo
668 4019 745 4074 ad
773 4025 1046 4076 sanctum
1068 4017 1424 4085 Mauritium,
1459 4033 1598 4073 eum
1647 4019 1952 4090 suscipere
1990 4021 2095 4074 ho-

424 4109 668 4166 noriﬁce
700 4110 1000 4184 praecepit,
1033 4110 1159 4183 ipse
1185 4125 1326 4165 vero
1358 4108 1600 4164 obviam
1643 4108 1722 4164 illi
1771 4111 2094 4165 Remorum

425 4198 652 4254 civitate
674 4199 972 4271 profectus
995 4203 1101 4265 est,
1135 4197 1336 4270 ibique
1367 4201 1714 4270 susceptum
1741 4195 1819 4251 ad
1847 4196 2091 4252 Carisia-

426 4303 564 4341 eum
597 4304 785 4360 usque
815 4289 1193 4362 perductum,
1226 4303 1364 4342 cum
1396 4302 1465 4341 eo
1496 4285 1576 4340 ibi
1601 4284 1863 4341 natalem
1896 4285 2090 4340 Domi-

424 4376 485 4433 ni
507 4376 845 4445 celebravit,
869 4378 1084 4434 deinde
1115 4377 1300 4450 Aquis
1329 4375 1625 4449 perduxit,
1642 4381 1696 4432 et
1723 4376 2086 4432 honoratum

424 4468 661 4539 magnis
689 4469 1039 4525 muneribus
1069 4485 1175 4541 per
1204 4467 1541 4539 Bajoariam
1567 4467 1649 4522 ire
1694 4463 2014 4533 volentem,
2049 4483 2084 4522 a

423 4560 545 4616 suis
574 4559 788 4616 deduci
817 4559 951 4616 fecit
979 4575 1171 4632 usque
1223 4561 1588 4613 Ravennam.
1643 4559 1835 4613 Causa
1881 4561 2082 4612 autem

422 4651 714 4707 adventus
738 4651 867 4721 ejus
887 4651 1016 4704 haec
1046 4649 1155 4704 fuit
1187 4666 1198 4702 :
1232 4648 1572 4703 nuntiatum
1611 4652 1698 4702 est
1717 4646 2080 4720 imperatori,

420 4741 556 4794 Jesu
585 4740 794 4797 Christi
823 4737 1051 4794 Domini
1099 4737 1282 4793 nostri
1327 4735 1684 4806 sanguinem
1741 4736 1802 4792 in
1849 4739 2084 4792 Mantua

422 4827 649 4883 civitate
669 4829 854 4885 fuisse
883 4833 1182 4901 repertum
1209 4846 1220 4894 ;
1250 4826 1578 4899 imperator
1608 4825 1687 4881 ad
1729 4840 1956 4899 papam
1998 4825 2082 4881 di-

419 4916 584 4982 rexit,
611 4933 833 4985 rogans
864 4924 928 4973 ut
950 4918 1253 4973 veritatem
1284 4916 1368 4972 rei
1399 4916 1769 4988 perquireret
1795 4934 1807 4980 ;
1839 4916 1961 4990 qui,
1981 4933 2079 4972 ac-

419 5010 591 5078 cepta
616 5007 930 5062 occasione
961 5012 1146 5063 Roma
1177 5006 1454 5073 exeundi,
1503 5006 1700 5079 primo
1745 5006 1806 5062 in
1857 5009 2081 5076 Lango-

419 5096 718 5165 bardiam,
779 5096 952 5170 quasi
992 5113 1100 5171 pro
1149 5096 1529 5172 inquisitione
1574 5097 1861 5170 praedicta
1891 5098 2082 5170 profe~

419 5190 547 5242 ctus
574 5191 681 5254 est,
710 5186 925 5243 deinde
953 5191 1191 5261 arrepto
1223 5187 1428 5243 itinere
1459 5186 1660 5242 subito
1710 5185 1787 5242 ad
1830 5186 2082 5260 impera-

418 5281 606 5332 torem
638 5293 827 5350 usque
858 5277 1144 5351 pervenit,
1175 5277 1514 5350 mansitque
1542 5276 1708 5348 apud
1758 5274 1925 5332 illum
1953 5276 2079 5332 dies

418 5367 572 5432 octo,
606 5370 680 5434 et,
715 5366 865 5421 sicut
897 5366 1123 5422 dictum
1149 5369 1254 5433 est,
1278 5367 1530 5421 Romam
1562 5363 1888 5437 repedavit.

489 5461 658 5510 Anno
714 5455 1036 5513 Dominicae
1096 5454 1522 5512 incarnationis
1602 5457 1704 5509 805
1785 5456 2075 5526 Cacanus,

2210 3042 2299 3097 nis
2330 3040 2469 3095 villa
2507 3038 2827 3112 profectus,
2852 3036 3092 3107 navigio
3131 3051 3238 3108 per
3267 3035 3566 3092 Mosellam
3597 3036 3872 3093 Rhenum

2211 3132 2540 3200 ingressus,
2574 3129 2651 3184 ad
2683 3127 3038 3195 Niumagam
3096 3126 3154 3181 in
3199 3128 3388 3181 Batna
3441 3124 3616 3192 venit,
3665 3123 3877 3198 ibique

2210 3224 2332 3276 tota
2363 3216 2827 3291 quadragesima
2858 3215 2984 3279 fuit,
3035 3219 3091 3269 et
3141 3217 3416 3268 sanctum
3467 3211 3697 3284 pascha
3728 3210 3879 3266 cele-

2207 3309 2440 3374 bravit;
2469 3312 2525 3362 et
2550 3305 2687 3361 inde
2719 3304 2902 3377 Aquis
2943 3302 3202 3372 rediens,
3257 3301 3536 3357 Carolum
3562 3299 3771 3371 filium
3811 3298 3874 3354 i’n

2207 3402 2364 3452 terra
2397 3396 2742 3452 Sclavorum
2768 3409 2904 3465 qute
2934 3391 3148 3448 dicitur
3181 3390 3408 3454 Sorabi,
3427 3405 3609 3462 super
3638 3387 3876 3443 Albiam

2207 3485 2458 3541 ﬂuvium
2485 3501 2624 3540 cum
2682 3482 2942 3539 exercitu
2971 3480 3150 3550 misit,
3191 3481 3252 3535 in
3290 3495 3412 3552 qua
3450 3477 3872 3549 congressione

2207 3575 2476 3631 Miliduoc
2507 3573 2748 3631 Sclavus
2779 3571 3015 3628 occisus
3045 3574 3154 3637 est,
3211 3570 3454 3641 duoque
3508 3567 3746 3624 castella
3794 3566 3874 3621 ab

2206 3665 2467 3720 exercitu
2496 3666 2834 3718 constructa
2857 3665 3013 3730 sunt,
3048 3676 3238 3715 unum
3266 3673 3445 3730 super
3469 3658 3663 3729 ripam
3682 3655 3877 3733 ﬂumi-

2206 3753 2298 3809 nis
2332 3752 2502 3822 Salm,
2535 3751 2786 3807 alterum
2831 3765 3011 3821 super
3040 3747 3296 3804 Albiam.
3343 3745 3684 3819 Sclavisque
3712 3759 3874 3800 com-

2204 3845 2449 3918 pressis,
2483 3859 2554 3898 ex
2584 3843 2696 3896 hac
2727 3845 2895 3913 parte
2928 3839 2987 3894 in
3017 3837 3397 3894 Behemicum
3419 3852 3557 3892 cum
3587 3833 3874 3906 Bajoariis

2208 3940 2386 4007 atque
2417 3930 2762 3989 Alamannis
2793 3930 3142 4000 ingreditur,
3177 3943 3506 3999 eorumque
3538 3930 3757 3982 terram
3795 3940 3868 3979 ex

2205 4024 2471 4079 maxima
2500 4027 2667 4093 parte
2695 4019 2970 4075 vastavit.
3008 4017 3230 4072 Eodem
3262 4031 3421 4072 anno
3460 4015 3522 4070 in
3568 4013 3871 4072 Corsicam

2205 4111 2464 4165 insulam
2496 4115 2702 4164 contra
2732 4111 2963 4162 Mauros
2993 4105 3097 4176 qui
3128 4121 3264 4159 eam
3288 4104 3628 4175 vastabant,
3659 4103 3866 4159 classis

2206 4199 2279 4256 de
2307 4198 2472 4254 Italia
2503 4214 2538 4251 a
2559 4196 2806 4269 Pippino
2825 4194 3010 4249 missa
3041 4197 3150 4264 est,
3167 4193 3338 4265 cujus
3356 4194 3682 4250 adventum
3715 4196 3873 4249 Mau-

2133 4316 2175 4370 D
2205 4289 2253 4344 ri
2275 4305 2397 4344 non
2428 4289 2804 4359 expectantes
2858 4282 3293 4339 abscesserunt.
3343 4286 3504 4339 Unus
3555 4287 3757 4338 tamen
3799 4300 3872 4338 ex

2208 4382 2445 4434 Francis
2463 4375 2833 4432 Hademarus
2850 4373 3114 4444 nomine,
3131 4390 3331 4430 comes
3354 4373 3599 4430 civitatis
3630 4375 3868 4439 Genuae,

2201 4484 2341 4523 cum
2366 4463 2777 4538 imprudenter
2813 4468 3130 4535 pugnaret,
3158 4463 3392 4520 occisus
3425 4468 3512 4518 est
3551 4479 3586 4518 a
3633 4461 3867 4518 Mauris.

2202 4562 2265 4612 ln
2299 4555 2522 4628 Spania
2546 4569 2687 4608 vero
2717 4552 2960 4608 Navarri
2989 4555 3045 4608 et
3075 4551 3585 4627 Pampilonenses,
3628 4550 3735 4624 qui
3774 4567 3871 4605 su-

2197 4643 2534 4720 perioribus
2564 4641 2737 4699 annis
2767 4641 2843 4698 ad
2875 4643 3234 4698 Sarracenos
3282 4641 3657 4706 transierant,
3707 4639 3768 4695 in
3806 4639 3874 4697 ﬁ.

2193 4736 2332 4792 dem
2361 4731 2582 4806 recepti
2609 4735 2767 4787 sunt.
2791 4730 3004 4788 Classis
3043 4745 3078 4785 a
3107 4729 3443 4802 Nicophoro
3475 4729 3868 4802 imperatore,

2191 4825 2285 4882 cui
2319 4827 2462 4881 Geta
2493 4820 2779 4895 patricius
2811 4820 2856 4855 ²¹
2891 4822 3164 4892 praeerat,
3195 4819 3272 4875 ad
3295 4816 3704 4891 recipiendam
3732 4815 3874 4900 Dal-

2191 4914 2437 4970 matiam
2465 4910 2732 4978 mittitur,
2766 4913 2823 4965 et
2849 4907 3028 4979 legati
3059 4907 3162 4980 qui
3195 4908 3312 4963 fere
3359 4923 3551 4963 annos
3598 4911 3861 4980 quatuor

2191 5003 2269 5061 ad
2295 5019 2497 5074 regem
2525 5003 2838 5056 Persarum
2858 4997 3028 5052 missi
3064 5001 3224 5068 sunt,
3273 5013 3380 5069 per
3423 4997 3587 5070 ipsas
3636 4999 3862 5052 Graeca-

2189 5110 2324 5149 rum
2376 5090 2621 5147 navium
2679 5087 2962 5144 stationes
3011 5085 3347 5153 transvecti,
3396 5102 3464 5142 ac
3523 5083 3857 5142 Tarvisium

2188 5181 2353 5238 nullo
2382 5178 2866 5237 adversariorum
2899 5175 3184 5232 sentiente
3220 5179 3638 5250 pervenerunt.
3669 5178 3862 5247 Impe-

2188 5277 2349 5328 rator
2397 5269 2719 5327 celebravit
2764 5265 3023 5324 natalem
3079 5265 3312 5322 Domini
3369 5265 3551 5339 Aquis
3611 5263 3857 5337 palatio.

2189 5361 2413 5418 Eodem
2480 5375 2638 5416 anno
2698 5358 2807 5414 fuit
2861 5355 3118 5429 eclypsis
3174 5355 3351 5411 lunae.
3403 5359 3454 5412 4.
3514 5359 3661 5412 Non.
3724 5356 3866 5427 Sep,

2187 5452 2434 5517 tembr.;
2487 5454 2612 5508 erat
2670 5448 2843 5505 statio
2895 5445 3035 5503 solis
3075 5450 3214 5502 tunc
3272 5446 3331 5502 in
3388 5451 3451 5503 16
3515 5450 3680 5520 parte
3739 5445 3863 5503 Vir-

1787 5543 2024 5600 VARUE
2073 5543 2366 5603 LECTION
2378 5542 2476 5597 ES.

487 5635 531 5670 ’ί
563 5637 696 5704 gata
726 5633 1009 5706 patricius
1041 5640 1087 5703 1,
1115 5640 1170 5702 2,
1202 5639 1255 5704 3,‘
1288 5639 1339 5702 5,
1369 5641 1420 5703 6,
1452 5639 1502 5691 7.
1541 5638 1708 5704 getra
1737 5633 2017 5708 patricius
2047 5637 2103 5693 8.
2132 5633 2327 5693 niceta
2358 5630 2644 5704 patricius
2675 5633 2728 5696 4,
2761 5632 2814 5696 9,
2857 5631 2940 5694 10,
2974 5630 3057 5694 ll,
3095 5630 3176 5681 t2.
