4076 6212
253 156 324 209 69
559 196 564 200 .
1485 157 1912 215 CHRONICON.

2033 157 2148 212 ΛΝ.
2180 158 2439 214 807-008.
3611 166 3681 219 70

255 276 427 347 ginis,
484 277 630 334 luna
686 280 890 335 autem
936 278 1292 337 morabatur
1340 280 1404 337 in
1460 284 1524 337 i6
1574 285 1745 354 parte
1786 280 1907 337 Pis,
1941 282 1990 335 A
2019 278 2211 336 classe
2226 280 2884 354 Constantinopolitana
2901 282 3150 343 sedebat
3167 283 3229 343 in
3246 285 3511 354 Venetia,
3531 301 3682 358 pace

257 381 413 421 cium
422 410 434 422 .

324 458 496 510 Anno
547 455 870 513 Dominicis
917 456 1351 514 incarnationis
1374 462 1478 514 807
1511 458 1746 532 eclipsis
1766 458 1911 515 solis

254 543 411 600 facta
461 549 552 601 est
600 550 633 602 3
691 546 829 602 ldus
858 545 1163 615 Februan,
1209 552 1400 605 stante
1432 553 1685 623 utroque
1723 549 1915 605 sidere

253 631 318 688 in
338 638 406 689 25
434 638 602 706 parte
626 634 894 707 Aquarii,
925 640 984 691 et
1017 635 1081 695 in
1110 637 1325 693 eodem
1364 652 1573 695 mense
1600 642 1634 693 4
1664 637 1910 695 Kalend.

257 722 460 789 Martii,
512 723 749 797 eclipsis
792 724 952 781 lunae
980 723 1138 783 facta
1166 731 1275 797 est,
1307 731 1366 785 et
1398 727 1461 783 in
1490 728 1703 785 eadem
1741 731 1915 784 nocte

258 816 671 882 apparuerunt
697 812 854 869 acies
891 813 953 869 in
974 813 1126 871 ccelc
1153 815 1321 871 miras
1348 816 1797 886 magnitudinis,
1825 831 1918 873 so-

256 898 310 955 le
340 905 615 957 morante
644 903 705 957 in
736 902 1058 959 undecima
1088 909 1258 976 parte
1288 904 1563 974 Piscium,
1596 910 1654 962 et
1679 906 1826 962 luna
1852 907 1916 961 in

262 992 318 1042 Η
378 993 547 1060 parte
600 990 871 1061 Virginis.
925 996 1145 1049 Iterum
1202 999 1258 1049 Η
1318 994 1566 1051 Kalend.
1609 994 1912 1068 Septemb.

255 1075 492 1148 eclipsis
519 1077 677 1134 lunai
708 1080 863 1137 facta
886 1086 974 1137 est
1000 1082 1154 1137 hora
1168 1082 1382 1153 noctis,
1404 1083 1577 1141 tertia
1601 1083 1727 1138 sole
1754 1083 1916 1155 posi-

256 1167 316 1220 to
335 1164 397 1219 in
428 1171 460 1221 5
483 1171 652 1239 parte
682 1168 961 1239 Virginis,
988 1174 1051 1224 et
1070 1169 1220 1225 luna
1245 1169 1311 1225 in
1367 1174 1398 1223 5
1444 1170 1722 1225 Piscium.
1784 1174 1918 1226 Rat-

254 1252 462 1309 bertus
495 1255 717 1311 missus
745 1256 1148 1327 imperatoris,
1178 1257 1284 1328 qui
1314 1256 1388 1312 de
1410 1258 1638 1313 oriente
1665 1263 1918 1314 reverte-

255 1341 457 1412 batur,
488 1342 810 1398 defunctus
834 1349 943 1411 est,
966 1348 1025 1400 et
1043 1344 1276 1414 legatus
1300 1346 1459 1416 regis
1480 1349 1788 1403 Persarum
1818 1362 1922 1404 no-

261 1431 428 1486 mine
460 1430 730 1499 Abdella,
762 1448 900 1488 cum
932 1435 1246 1490 monachis
1273 1434 1350 1491 de
1388 1437 1755 1493 Hierusalem
1808 1438 1916 1509 qui

259 1516 557 1589 legatione
586 1521 822 1577 Thomas
852 1523 1187 1594 patriarcha
1208 1524 1631 1594 fungebantur,
1653 1543 1915 1601 quorum

2022 367 2178 423 facta
2208 383 2347 424 cum
2398 368 2648 441 Pipme
2707 384 2870 441 rege,
2924 375 2984 429 et
3034 371 3293 431 induciis
3351 389 3543 447 usque
3598 373 3680 432 ad

2021 472 2293 513 mensem
2337 460 2677 528 Augustum
2707 458 2988 531 acceptis,
3014 461 3271 521 statione
3299 460 3498 519 soluta
3531 464 3681 521 Con-

2021 544 2473 618 stantinopolim
2496 561 2806 617 regressus
2844 551 2954 617 est,
2975 552 3033 605 et
3059 548 3381 607 celebravit
3417 550 3679 623 impera-

2022 639 2116 691 tor
2138 634 2403 693 natalem
2432 636 2668 693 Domini
2694 636 2907 707 Aquis,
2940 642 3000 695 et
3025 638 3256 710 pascha
3285 638 3572 701 similiter.

2091 727 2267 779 Anno
2282 723 2603 781 Dominicis
2629 723 3057 784 incarnationis
3086 728 3194 785 808
3220 727 3435 799 hyeme
3452 726 3678 785 mollis-

2021 812 2179 868 sima
2206 816 2261 869 et
2290 810 2576 884 pestilens
2608 812 2736 871 fuit.
2786 816 2930 871 Vere
2982 813 3308 875 inchoante
3358 815 3683 887 imperator

2020 901 2316 971 Ninmaga
2370 900 2673 972 proiectus
2727 905 2834 970 est,
2865 905 2923 959 et
2947 902 3245 963 celebrato
3292 902 3378 961 ibi
3430 903 3680 976 pascha,

2022 988 2238 1045 iterum
2264 990 2448 1060 Aquis
2472 988 2815 1061 repedavit;
2840 989 2944 1047 ubi
2967 991 3265 1049 nutiatum
3284 995 3373 1049 est
3396 991 3469 1059 ei,
3495 990 3682 1049 Gods-

2026 1076 2245 1134 fridum
2275 1093 2479 1147 regem
2510 1080 2814 1137 Dacorum
2844 1079 3052 1152 copias
3079 1080 3142 1138 in
3171 1080 3486 1138 Abrotides
3506 1081 3680 1152 traje-

2026 1164 2203 1234 cisse,
2232 1166 2523 1222 adversus
2550 1183 2734 1240 quem
2760 1171 3039 1226 Carolum
3065 1168 3259 1227 ﬁlium
3304 1186 3483 1229 suum
3536 1184 3679 1231 cum

2026 1253 2288 1309 exercitu
2338 1254 2518 1323 misit,
2569 1254 2791 1324 jubens
2848 1270 3078 1315 vesano
3133 1256 3259 1327 regi
3282 1258 3571 1324 resistere,
3626 1257 3680 1313 ‘si

2029 1341 2302 1399 Saxonim
2333 1342 2620 1400 terminos
2652 1344 2902 1415 aggredi
2958 1349 3289 1416 temptaret.
3329 1346 3680 1405 Godefridns

2023 1434 2384 1502 expugnatis
2423 1432 2749 1504 aliquantis
2807 1432 3158 1490 Sclavorum
3205 1433 3487 1502 castellis,
3542 1449 3683 1493 cum

2023 1534 2248 1590 magno
2272 1518 2586 1590 copiarum
2617 1536 2865 1576 suarum
2916 1521 3274 1579 detrimento
3312 1521 3377 1577 in
3404 1521 3683 1594 patriam

256 1607 508 1663 nomina
559 1608 722 1664 fuere
750 1611 1035 1682 Georgius
1083 1616 1141 1668 et
1169 1613 1342 1669 Felix.
1398 1615 1684 1685 Georgius
1721 1616 1914 1673 abbas

2022 1623 2291 1664 reversus
2312 1611 2423 1664 est.
2457 1611 2607 1664 Nam
2634 1608 2774 1665 licet
2791 1612 3158 1665 Drasconem
3182 1609 3403 1667 ducem
3452 1609 3683 1667 Abroti-

252 1699 380 1751 erat
406 1695 484 1752 de
512 1702 717 1754 monte
749 1699 976 1766 Oliveti,
1005 1705 1063 1756 et
1093 1706 1217 1758 erat
1268 1702 1514 1759 natione
1558 1707 1911 1775 Germanus,

254 1788 312 1839 et
341 1800 377 1840 a
402 1787 751 1857 parentibus
780 1787 1170 1859 Engilbaldus
1200 1796 1457 1847 vocatus
1497 1798 1604 1848 est.
1636 1796 1916 1852 Pervene-

252 1879 395 1931 runt
431 1875 633 1948 itaque
663 1878 850 1950 Aquis
881 1878 961 1934 ad
989 1878 1415 1952 imperatorem
1442 1898 1693 1941 munera
1722 1885 1914 1942 feren-

254 1964 361 2029 tes,
393 1978 531 2034 quse
558 1965 880 2036 praedictus
898 1982 1004 2022 rex
1032 1968 1242 2025 cessari
1263 1969 1525 2038 miserat,
1558 1972 1779 2029 scilicet
1801 1988 1915 2046 pa-

252 2050 537 2122 pilionem
564 2057 622 2109 et
652 2056 904 2112 tentoria
934 2056 1084 2121 atrii,
1140 2058 1310 2114 vario
1359 2059 1560 2116 colore
1616 2077 1910 2135 respersa,

2019 1698 2238 1754 dorum
2266 1697 2401 1753 loco
2420 1697 2775 1770 pepulisset,
2807 1697 3207 1756 Godelaibum
3235 1698 3423 1757 alium
3458 1698 3678 1757 ducem

2019 1786 2161 1843 dolo
2189 1791 2434 1859 captum
2465 1786 2739 1859 patibulo
2768 1786 3204 1859 suspendisset,
3253 1786 3678 1849 Abrotidorum

2018 1875 2174 1933 duas
2204 1879 2405 1947 partes
2433 1875 2546 1930 sibi
2573 1874 2897 1945 vectigales
2916 1875 3174 1945 fecisset,
3194 1876 3456 1948 optimos
3474 1880 3679 1935 tamen

2019 1964 2276 2021 militum
2308 1979 2557 2019 suorum
2581 1968 2638 2020 et
2668 1980 2863 2021 manu
2914 1964 3398 2037 promptissimos
3454 1964 3675 2033 amisit,

2020 2059 2077 2111 et
2102 2069 2244 2109 cum
2272 2054 2359 2109 eis
2382 2053 2574 2109 ﬁlium
2594 2053 2792 2111 fratris
2817 2052 2913 2109 sui
2942 2054 3184 2111 nomine
3214 2053 3674 2124 Reginbaldum,

254 2139 419 2195 mirae
448 2144 882 2212 magnitudinis
912 2149 970 2201 et
999 2146 1481 2219 pulchritudinis.
1542 2152 1718 2207 Erant
1750 2152 1912 2208 enim
2016 2145 2121 2217 qui
2151 2145 2211 2199 in
2242 2143 2693 2216 oppugnatione
2719 2143 3038 2214 cujusdam
3084 2143 3297 2216 oppidi
3346 2160 3488 2217 cum
3541 2142 3675 2215 pln-

251 2229 456 2284 omnia
482 2230 751 2301 byssina,
773 2239 899 2289 tam
931 2235 1180 2290 tentoria
1198 2251 1383 2308 quam
1412 2243 1469 2292 et
1498 2238 1668 2293 funes
1701 2256 1913 2295 eorum

250 2316 502 2373 diversis
548 2319 729 2376 tincta
785 2322 1109 2378 coloribus.
1142 2326 1401 2380 Fuerunt
1438 2326 1620 2383 etiam
1659 2344 1916 2384 munera

251 2406 484 2476 prmfati
513 2407 670 2475 regis
702 2408 885 2479 pallia
925 2410 1219 2466 oloserica
1267 2412 1459 2467 multa
1484 2419 1541 2468 et
1573 2415 1749 2469 valde
1787 2431 1918 2488 pre-

248 2493 426 2564 tiosa,
458 2500 517 2549 et
543 2494 963 2566 odoramenta,
997 2496 1054 2553 et
1076 2498 1420 2555 balsamum
1443 2506 1623 2573 atque
1645 2518 1916 2571 unguen-

248 2585 335 2635 ta.
392 2582 543 2639 Misit
588 2588 876 2655 praeterea
908 2585 1291 2657 horologium
1321 2603 1395 2644 ex
1420 2589 1762 2647 aurichalco
1793 2596 1916 2647 arte

249 2670 609 2727 mechanica
634 2672 886 2729 mirifice
912 2676 1336 2747 compositum,
1367 2677 1428 2732 in
1457 2694 1581 2750 quo
1634 2683 1697 2735 l2
1744 2680 1918 2737 hora-

247 2774 389 2815 rum
420 2776 636 2815 cursus
667 2761 746 2817 ad
776 2762 1159 2835 clepsydram
1196 2765 1559 2834 vertebatur,
1609 2784 1749 2824 cum
1781 2770 1914 2826 toti-

249 2846 393 2903 dem
424 2848 593 2903 mrcis
613 2847 832 2920 pﬂulis,
857 2865 997 2922 quae
1027 2850 1107 2906 ad
1131 2852 1595 2925 completionem
1626 2856 1913 2912 horarum

250 2936 633 3005 decidebant,
654 2943 713 2994 et
738 2955 884 2995 casu
906 2956 1017 3029 suo
1048 2941 1386 3013 subjectum
1417 2945 1528 3000 sibi
1560 2946 1912 3017 cymbalum
1941 2980 1980 3029 η

248 3041 535 3082 resonare
576 3026 900 3100 faciebant,
941 3028 1159 3085 additis
1218 3031 1276 3086 in
1338 3032 1553 3089 eodem
1602 3035 1914 3107 horologio

250 3115 528 3185 ejusdem
552 3118 789 3172 numeri
826 3118 1150 3191 equitibus,
1176 3120 1281 3193 qui
1306 3137 1415 3193 per
1461 3123 1783 3180 duodecim
1838 3126 1917 3182 fe-

252 3209 486 3260 nestras
516 3206 828 3279 completis
858 3206 1021 3263 horis
1050 3209 1316 3278 exibant,
1348 3216 1406 3267 et
1432 3212 1493 3267 in
1519 3229 1700 3269 cursu
1721 3230 1916 3285 egres-

254 3293 444 3349 sionis
470 3309 596 3349 suae
622 3295 865 3351 totidem
893 3296 1179 3355 fenestras
1200 3315 1337 3372 qute
1366 3302 1532 3373 prius
1558 3308 1727 3360 erant
1747 3321 1915 3377 aper-

252 3388 351 3452 tte,
398 3383 761 3441 claudebant
793 3403 806 3440 :
866 3402 976 3443 nec
1022 3403 1147 3443 non
1205 3393 1261 3445 et
1290 3390 1408 3446 alia
1437 3390 1626 3449 multa
1656 3399 1825 3450 erant
1854 3395 1914 3451 in

255 3469 503 3542 prmfato
541 3471 873 3543 horologio.
908 3475 1167 3532 Fuerunt
1195 3477 1375 3534 etiam
1428 3479 1579 3535 inter
1624 3483 1911 3554 praedicta

250 3575 510 3615 munera
532 3560 656 3616 duo
685 3561 1049 3619 candelabra
1092 3580 1165 3620 ex
1194 3566 1534 3624 aurichalco
1562 3569 1727 3625 mirzr
1781 3586 1910 3627 ma-

255 3649 584 3719 gnitudinis
613 3654 669 3707 et
690 3652 1081 3724 proceritatis,
1109 3671 1247 3727 quae
1271 3657 1476 3714 omnia
1527 3660 1711 3732 Aquis
1735 3677 1912 3733 repo-

255 3738 370 3795 sita
428 3744 591 3795 sunt.
650 3744 978 3815 Imperator
1024 3743 1289 3815 legatum
1343 3751 1400 3802 et
1442 3750 1778 3804 monachos
1807 3766 1914 3822 per

257 3826 487 3899 aliquot
512 3832 751 3903 tempus
776 3846 985 3887 secum
1026 3833 1310 3906 retinens,
1370 3836 1765 3906 postmodum
1815 3854 1916 3892 eos

254 3914 318 3971 in
344 3915 573 3973 Italiam
604 3917 837 3988 direxit,
869 3924 1052 3992 atque
1092 3920 1178 3975 ibi
1221 3925 1462 3993 tempus
1518 3922 1918 3994 navigationis

255 4010 574 4081 expectare
596 4007 787 4078 jussit.
824 4008 1045 4064 Eodem
1072 4024 1233 4065 anno
1265 4010 1677 4068 Burchardum
1731 4014 1916 4070 comi-

252 4097 383 4149 tem
411 4093 629 4151 stabuli
672 4097 782 4165 sui,
814 4098 981 4170 quod
1026 4103 1302 4173 corrupte
1351 4102 1778 4160 constabulum
1808 4121 1916 4178 ap-

252 4182 575 4257 pellamus,
599 4184 738 4241 cum
768 4186 958 4243 classe
988 4188 1147 4245 misit
1196 4189 1258 4244 in
1316 4191 1640 4261 Corsicam,
1686 4197 1753 4249 ut
1781 4211 1917 4251 eam

256 4286 295 4327 a
317 4271 528 4328 Mauris
556 4273 919 4341 defenderet,
947 4277 1051 4348 qui
1097 4277 1336 4349 praedas
1387 4279 1505 4336 illic
1536 4282 1912 4339 exercebant.

256 4361 369 4426 Qui
393 4361 566 4433 juxta
591 4364 1091 4422 consuetudinem
1120 4384 1295 4423 suam
1312 4369 1386 4424 de
1404 4369 1687 4443 Hispania
1714 4387 1916 4442 egres-

252 4449 323 4515 si,
356 4450 557 4521 primo
619 4452 957 4510 Sardiniam
1012 4455 1252 4528 appulsi
1307 4462 1466 4527 sunt,
1515 4459 1720 4532 ibique
1777 4477 1916 4517 cum

251 4537 461 4594 Sardis
484 4540 691 4611 praelio
718 4542 1069 4611 commisso,
1098 4550 1156 4601 et
1183 4545 1385 4602 multis
1403 4562 1656 4604 suorum
1674 4549 1917 4606 amissis

252 4659 322 4667 —
352 4642 501 4684 nam
530 4629 641 4686 tria
668 4631 835 4687 milia
863 4632 946 4688 ibi
984 4634 1267 4691 cecidisse
1311 4637 1699 4709 perhibentur
1739 4671 1806 4680 —
1852 4640 1916 4695 in

249 4716 559 4775 Corsicam
576 4726 737 4777 recto
763 4736 942 4777 cursu
979 4730 1380 4795 pervenerunt
1413 4744 1427 4795 ;
1456 4726 1540 4782 ibi
1586 4728 1801 4785 iterum
1854 4728 1917 4784 in

249 4805 526 4878 quodam
571 4814 751 4881 portu
794 4810 1069 4882 ejusdem
1110 4812 1320 4869 insulae
1381 4831 1522 4871 cum
1583 4815 1773 4872 classe
1822 4816 1917 4873 cui

252 4896 635 4953 Bnrchardus
660 4904 933 4971 praeerat,
965 4902 1172 4974 prselio
1202 4903 1599 4975 decertarunt,
1658 4904 1917 4979 victique

253 4999 323 5042 ac
353 4985 544 5057 fugati
577 4992 735 5056 sunt,
778 4989 1017 5046 amissis
1042 4991 1327 5049 tredecim
1354 4993 1618 5050 navibus
1646 4998 1702 5050 et
1727 4994 1915 5069 pluri-

250 5075 367 5136 mis
393 5091 643 5132 suorum
664 5077 1006 5136 interfectis.
1040 5082 1205 5137 Adeo
1228 5082 1329 5139 illo
1350 5099 1513 5140 anno
1537 5083 1600 5140 in
1630 5085 1916 5141 omnibus

253 5159 398 5217 locis
427 5164 680 5223 adversa
704 5167 943 5225 fortuna
968 5168 1195 5241 fatigati
1226 5176 1386 5242 sunt,
1418 5177 1481 5229 ut
1518 5173 1636 5245 ipsi
1690 5173 1913 5230 idcirco

254 5249 371 5307 hoc
430 5257 722 5315 accidisse
774 5261 969 5317 testati
1022 5262 1157 5330 sint,
1190 5263 1356 5337 quod
1414 5280 1576 5321 anno
1622 5264 1915 5338 superiori

252 5345 463 5399 contra
489 5361 736 5404 omnem
760 5349 1052 5419 justitiam
1080 5351 1153 5407 de
1170 5352 1459 5409 Patalaria
1480 5352 1677 5409 insula
1696 5357 1766 5409 70
1787 5368 1913 5408 mo-

250 5432 480 5491 nachos
510 5442 846 5510 aspostatos
876 5440 935 5495 in
964 5440 1246 5514 Hispania
1269 5442 1706 5509 vendiderunt;
1758 5455 1913 5514 quo-

245 5535 384 5577 rum
411 5521 606 5598 aliqui
632 5542 743 5599 per
767 5527 1181 5587 liberalitatem
1212 5530 1588 5605 imperatoris
1608 5530 1821 5587 iterum
1852 5529 1971 5599 ing.

245 5626 359 5669 sua
377 5612 518 5672 loca
566 5618 789 5675 reversi
826 5624 982 5677 sunt.
1026 5621 1225 5679 Niceta
1258 5622 1555 5696 patritius,
1608 5622 1712 5693 qui
1767 5636 1907 5676 cum

2019 2234 2185 2289 rimis
2218 2236 2520 2289 Danorum
2546 2232 2914 2304 primoribus
2942 2232 3282 2289 interfectus
3338 2237 3452 2289 est.
3484 2236 3678 2303 Impe-

2020 2324 2236 2377 ratoris
2265 2323 2425 2376 ﬁlius
2450 2322 2686 2377 Albiam
2714 2327 2897 2393 ponte
2923 2322 3140 2391 junxit,
3160 2327 3220 2376 et
3237 2321 3566 2381 exercitum
3582 2320 3681 2379 cui

2022 2416 2277 2484 praeerat
2328 2410 2632 2464 Hilinones
2688 2415 2747 2465 et
2796 2410 3192 2478 Smeldingos,
3216 2410 3325 2482 qui
3368 2414 3432 2467 et
3454 2409 3572 2484 ipsi
3597 2409 3680 2467 ad

2025 2497 2414 2553 Godefridum
2442 2510 2645 2565 regem
2674 2495 3037 2565 defecerant,
3052 2503 3282 2569 quanta
3307 2499 3499 2570 potuit
3533 2497 3681 2557 ωιο-

2024 2586 2195 2642 ritate
2223 2584 2610 2656 transposuit,
2657 2582 3161 2656 depopulatisque
3209 2585 3681 2658 circumquaque

2024 2690 2235 2731 eorum
2258 2673 2442 2743 agris,
2474 2672 2724 2729 transito
2749 2672 2966 2728 iterum
3016 2672 3288 2745 ﬂumine,
3324 2690 3487 2733 cum.
3514 2674 3686 2732 ineo-

2020 2764 2170 2820 lumi
2194 2762 2457 2819 exercitu
2479 2762 2542 2817 in
2570 2761 2893 2819 Saxoniam
2913 2778 2978 2818 se
3003 2762 3245 2835 recepit.
3266 2766 3524 2821 Fuerunt
3540 2780 3681 2823 cum

2020 2851 2343 2908 Godefrido
2375 2850 2437 2906 in
2466 2850 2755 2923 pradicta
2777 2850 3156 2923 expeditione
3210 2852 3404 2911 Sclavi
3454 2853 3566 2925 qui
3592 2852 3681 2913 di-

2020 2946 2237 2999 cuntur
2258 2939 2457 3004 Wiltn’,
2471 2939 2576 3011 qui
2601 2940 2845 3011 propter
2861 2939 3143 3011 antiquas
3161 2939 3503 2999 inimicitias
3523 2956 3680 3014 quas

2020 3045 2163 3086 cum
2184 3027 2485 3087 Abrctidis
2514 3026 2737 3083 habere
2765 3026 3060 3095 solebant,
3110 3033 3324 3100 sponte
3369 3044 3433 3087 se
3456 3045 3677 3102 corpus

2019 3135 2231 3176 eorum
2284 3118 2630 3189 junxerunt,
2686 3117 2942 3190 ipsoque
2987 3117 3050 3173 in
3100 3133 3288 3188 regno
3326 3124 3676 3189 revertente,

2019 3226 2161 3267 cum
2182 3208 2388 3281 praeda
2415 3223 2603 3279 quam
2633 3208 2787 3263 inter
2815 3207 3129 3264 Abrotides
3157 3214 3464 3281 caperent
3480 3214 3539 3267 et
3560 3209 3676 3281 ipsi

2019 3300 2274 3356 domum
2302 3297 2523 3352 reversi
2553 3302 2711 3353 sunt.
2741 3296 3096 3353 Godefridus
3126 3313 3284 3362 vero,
3319 3298 3675 3370 priusquam

2018 3392 2407 3446 reverteretur
2435 3387 2737 3443 destructo
2762 3386 3036 3459 emporio
3064 3386 3231 3459 quod
3259 3386 3323 3443 in
3351 3386 3563 3444 oceani
3589 3386 3677 3447 lit-

2022 3483 2145 3534 tore
2173 3477 2556 3533 constitutum
2588 3479 2734 3547 erat,
2761 3480 2818 3531 et
2844 3474 3056 3545 lingua
3103 3478 3410 3532 Dacorum
3465 3475 3675 3532 Berieh

2020 3568 2349 3631 dicebatur,
2382 3571 2441 3621 et
2469 3579 2758 3633 magnam
2788 3578 2977 3633 regno
3002 3563 3158 3619 illius
3183 3564 3678 3621 commoditatem

2020 3655 2403 3725 vectigalium
2440 3652 2846 3725 persolutione
2870 3650 3222 3722 prnstabat,
3253 3651 3678 3723 translatisque

2022 3745 2162 3800 inde
2186 3740 2660 3810 negotiatoribus
2687 3738 2887 3792 soluta
2912 3736 3132 3805 classe,
3162 3736 3245 3792 ad
3272 3740 3517 3808 portum
3573 3737 3682 3809 qui

2026 3829 2333 3901 Liestorph
2362 3826 2596 3892 dicitur,
2628 3840 2768 3882 cum
2822 3823 3108 3880 universo
3152 3823 3419 3881 exercitu
3473 3824 3633 3883 venit
3664 3842 3678 3893 ;

2026 3920 2127 3977 ubi
2152 3933 2260 3992 per
2289 3917 2518 3990 aliquot
2543 3915 2672 3971 dies
2726 3918 3019 3984 moratus,
3069 3913 3322 3972 limitem
3379 3916 3547 3987 regni
3585 3916 3680 3973 sui

2022 4010 2128 4084 qui
2158 4007 2481 4067 Saxoniam
2500 4005 2758 4080 respicit,
2786 4004 2945 4063 vallo
2980 4005 3215 4062 munire
3245 4005 3567 4075 constituit,
3618 4009 3682 4063 et

2021 4099 2207 4156 modo
2235 4104 2303 4155 ut
2330 4097 2411 4154 ab
2434 4095 2705 4153 orientali
2731 4096 2915 4152 maris
2943 4094 3081 4151 sinu
3109 4111 3293 4168 quem
3328 4095 3412 4151 illi
3438 4099 3679 4154 Bostar-

2021 4189 2109 4247 sal
2133 4188 2360 4259 dicunt,
2392 4201 2587 4259 usque
2613 4186 2693 4242 ad
2710 4184 3144 4242 occidentalem
3166 4200 3463 4242 oceanum
3488 4190 3680 4245 totam

2021 4279 2290 4351 Egidorie
2315 4276 2580 4333 ﬂuminis
2629 4275 3046 4349 aquilonarem
3092 4275 3288 4348 ripam
3334 4276 3679 4333 munimen-

2021 4373 2150 4425 tum
2177 4366 2314 4424 valli
2340 4369 2709 4439 prietexerat,
2739 4380 2864 4421 una
2912 4369 3148 4422 tantum
3195 4368 3371 4437 porta
3404 4364 3675 4432 dimissa,

2019 4474 2128 4531 per
2150 4471 2341 4530 quam
2365 4470 2536 4512 carra
2563 4460 2621 4512 et
2656 4456 2886 4527 equites
2913 4453 3102 4510 emitti
3129 4458 3188 4509 et
3222 4453 3409 4525 recipi
3449 4454 3678 4526 potuis—

2023 4551 2172 4603 sent.
2207 4545 2406 4602 Diviso
2436 4546 2639 4618 itaque
2669 4559 2849 4618 opere
2879 4542 3033 4599 inter
3060 4542 3270 4608 duces,
3302 4542 3558 4597 domum
3587 4555 3679 4595 re-

2020 4652 2231 4692 versus
2261 4639 2369 4691 est.
2406 4638 2628 4690 Interea
2655 4649 2761 4689 rex
2782 4630 3319 4689 Nortdanibrorum
3346 4629 3424 4683 de
3454 4628 3679 4683 Britan-

2021 4727 2122 4783 nia
2146 4724 2342 4781 insula
2369 4723 2612 4779 nomine
2642 4721 2904 4790 Eardulf,
2944 4734 3132 4790 regno
3158 4722 3216 4774 et
3231 4716 3425 4790 patria
3444 4715 3675 4789 pulsus,

2022 4816 2100 4872 ad
2129 4816 2553 4889 imperatorem
2580 4813 2730 4869 dum
2757 4811 2958 4869 adhuc
3004 4808 3357 4875 Miumagna
3410 4811 3679 4865 moratur

2020 4905 2199 4972 venit,
2258 4908 2315 4960 et
2340 4902 2639 4977 patefacto
2693 4900 2985 4957 adventus
3014 4897 3109 4953 sui
3136 4895 3398 4968 negotio,
3424 4900 3677 4956 Romam

2020 4993 2435 5069 proﬁciscitur,
2470 4996 2780 5063 Romaque
2806 4987 3044 5044 rediens
3070 5001 3179 5061 per
3205 4986 3434 5058 legatos
3458 4992 3676 5045 Roma-

2022 5084 2083 5139 ni
2112 5082 2410 5157 pontiﬁcis
2439 5086 2497 5137 et
2533 5075 2911 5152 imperatoris
2956 5074 3019 5131 in
3071 5090 3327 5147 regnum
3382 5093 3561 5135 suum
3590 5092 3678 5132 re-

2021 5173 2276 5230 ducitur.
2329 5171 2461 5227 Fuit
2490 5173 2693 5225 autem
2734 5165 2966 5235 legatus
3016 5166 3329 5239 apostolici
3359 5166 3677 5239 Adulphus

2022 5264 2314 5319 diaconus
2344 5261 2419 5317 de
2452 5256 2773 5325 Britannia,
2808 5256 3050 5314 natione
3078 5260 3254 5328 Saxo,
3302 5262 3364 5314 et
3414 5273 3556 5313 cum
3601 5271 3675 5312 eo

2022 5352 2101 5408 ab
2124 5353 2484 5426 imperatore
2511 5346 2676 5403 missi
2701 5345 2950 5404 abbates
2977 5348 3122 5417 duo,
3173 5346 3469 5404 Rotfridus
3511 5349 3678 5402 nota—

2020 5442 2143 5497 rius
2167 5446 2225 5497 et
2253 5436 2612 5495 Nantharius
2643 5436 2717 5492 de
2748 5441 2954 5493 sancto
2976 5438 3281 5494 Othmaro.
3326 5439 3669 5505 Imperator,

2020 5529 2330 5589 aediﬁcetis
2358 5542 2466 5601 per
2486 5526 2713 5599 legatos
2736 5542 3107 5601 suosvsuper
3154 5524 3391 5584 Albiam
3430 5522 3673 5581 duobus

2023 5617 2296 5687 castellis,
2326 5617 2725 5692 praseidioque
2752 5617 2811 5674 in
2841 5617 2929 5673 eis
2955 5620 3165 5674 eontra
3189 5614 3539 5672 Selavorum
3580 5609 3669 5666 in-
