4076 6212
459 80 518 140 Ἡ
1578 82 1954 146 REGINONIS
1992 79 2407 137 PRUMIENSIS
2442 82 2756 139 ABBATIS.
3814 89 3891 139 72

458 207 766 264 cursiones
791 206 1103 281 disposito,
1136 206 1317 278 Aquis
1352 205 1614 262 natalem
1667 205 1901 262 Domini
1961 204 2112 260 cele—
2143 204 2192 258 A
2224 204 2524 277 armisque
2553 222 2624 262 ac
2654 205 2879 261 caeteris
2908 205 2988 262 ad
3013 222 3192 261 usum
3240 204 3649 261 necessarium
3700 205 3892 263 rebus

455 297 672 363 bravit,
705 301 765 352 et
788 296 1018 369 pascha
1045 294 1327 350 similiter.

527 390 701 441 Anno
728 383 1046 439 Dominicae
1068 381 1494 437 incarnationis
1516 387 1619 440 809
1643 382 1851 438 classis
1875 381 1949 437 de
1968 384 2115 437 Con-

457 471 841 544 stantiuopoli
874 471 1076 537 missa,
1105 470 1302 543 primo
1330 470 1708 539 Dalmatiam,
1766 470 1982 526 deinde
2008 473 2112 525 Ve-

454 562 677 618 netiam
703 558 954 632 appulit,
972 566 1224 632 ‘cunque
1246 559 1332 615 ibi
1356 560 1686 632 hyemaret,
1709 575 1849 632 pars
1874 559 2003 630 ejus
2033 558 2112 614 ad

457 649 843 709 Cumaculam
870 647 1130 704 insulam
1175 649 1352 712 venit,
1407 649 1850 721 commissoque
1907 648 2111 721 praglio

453 742 660 797 contra
688 736 1035 810 praesidium
1066 737 1234 809 quod
1261 738 1323 794 in
1352 753 1423 793 ea
1452 738 1716 810 positum
1745 742 1889 807 erat,
1917 753 1954 792 a
1978 736 2114 792 civi-

451 828 568 884 bus
598 826 737 883 victi
766 831 946 899 atque
966 825 1153 896 fugati
1183 831 1339 882 sunt.
1400 829 1529 882 Dux
1573 830 1774 882 autem
1805 825 1909 898 qui
1938 825 2111 881 classi

453 920 727 989 praeerat,
751 915 995 971 nomine
1027 915 1262 981 Paulus,
1296 931 1436 970 cum
1473 915 1548 970 de
1578 930 1727 986 pace
1758 914 1910 970 inter
1936 917 2110 969 Fran-

452 1021 555 1061 cos
584 1009 642 1060 et
671 1006 903 1061 Graecos
934 1002 1369 1073 constituenda,
1426 1003 1601 1076 quasi
1625 1002 1737 1059 sibi
1790 1004 1903 1058 hoc
1955 1007 2112 1058 esset

450 1094 808 1165 injunctum,
842 1091 1004 1163 apud
1054 1091 1373 1163 Pippinum
1403 1107 1606 1161 regem
1655 1107 1835 1165 agere
1878 1090 2110 1146 molire-

452 1162 565 1251 tur,
600 1180 855 1237 Willario
882 1162 942 1236 et
975 1183 1151 1235 Beato
1182 1180 1558 1236 Venetiarum
1578 1162 1847 1235 ducibus
1896 1195 2108 1236 omnes

450 1275 702 1327 conatus
730 1269 860 1340 ejus
884 1267 1371 1340 impedientibus,
1403 1274 1582 1341 atque
1613 1268 1761 1340 ipsis
1790 1268 1969 1324 etiam
2017 1268 2107 1323 in-

449 1359 631 1415 sidias
658 1357 1031 1431 parantibus,
1062 1356 1302 1425 cognita
1322 1373 1533 1412 eorum
1553 1357 1785 1423 fraude,
1814 1356 2103 1412 discessit.

446 1448 601 1501 Dum
630 1446 760 1500 haec
785 1444 845 1499 in
880 1444 1043 1499 Italia
1073 1449 1355 1513 aguntur,
1390 1443 1745 1499 Ludowicus
1776 1459 1877 1498 rex
1902 1443 1963 1498 in
2007 1460 2106 1498 oc-

2221 293 2561 362 instructos,
2593 294 2672 350 ad
2699 295 2901 350 locum
2923 294 3289 350 destinatum
3315 293 3532 349 ducere
3581 310 3689 367 per
3745 298 3888 352 Fre-

2223 382 2374 438 siam
2393 384 2693 455 jussisset,
2716 386 2952 450 'I‘rasco,
2977 384 3103 439 dux
3123 382 3569 460 Abroditorum,
3593 384 3655 439 in
3674 400 3888 457 empo-

2220 471 2309 527 rio
2338 472 2545 528 Berich
2574 472 2652 528 ab
2681 472 3029 528 hominibus
3060 470 3359 528 Godefridi
3407 471 3549 528 dolo
3612 472 3889 530 interfec—

2221 564 2316 615 tus
2345 565 2454 617 est.
2486 566 2834 634 Imperator,
2866 566 3190 634 postquam
3221 560 3390 617 locus
3419 559 3635 617 civitati
3664 562 3888 618 consti-
3986 628 3987 631 η

2221 647 2457 703 tuendae
2482 647 2670 704 fuerat
2695 648 3059 720 exploratus,
3094 647 3417 717 Egbertum
3433 648 3715 704 comitem
3739 649 3887 706 huic

2219 736 2460 806 negotio
2486 737 2840 810 exequendo
2889 737 3239 810 praeficiens,
3298 737 3534 794 Albiam
3587 738 3883 809 trajicere,

2220 828 2278 879 et
2297 823 2691 896 locumjussit
2710 840 3027 898 occupare.
3088 828 3187 880 Est
3234 830 3434 882 autem
3478 825 3647 881 locus
3699 842 3887 900 super

2219 911 2415 984 ripam
2444 913 2649 968 Sturiae
2676 912 2958 980 ﬂuminis,
2991 912 3288 969 vocabulo
3339 913 3636 970 Essesfelt.
3697 916 3884 971 Occu-

2220 1004 2396 1072 patus
2424 1006 2513 1057 est
2539 1003 2741 1073 itaque
2767 1002 2847 1057 ab
2878 1001 3132 1071 Egberto
3158 1006 3215 1058 et
3252 1002 3571 1058 comitibus
3629 1004 3881 1059 Saxoni-

2216 1089 2354 1158 bus,
2387 1094 2443 1145 et
2471 1090 2628 1146 circa
2658 1091 2797 1146 Idus
2817 1091 3000 1147 Martii
3030 1091 3252 1146 muniri
3282 1097 3533 1165 cceptus.
3566 1093 3719 1148 Dum
3749 1093 3881 1149 hazc

2218 1177 2374 1235 circa
2405 1182 2601 1235 Danos
2630 1185 2911 1251 agtmtur,
2945 1180 3235 1235 Aureolus
3264 1196 3487 1247 comes,
3520 1181 3626 1253 qui
3646 1180 3707 1236 in
3737 1197 3881 1238 eon-

2216 1266 2362 1322 ﬁnio
2386 1267 2677 1341 Hispaniae
2718 1273 2897 1341 atque
2929 1268 3125 1324 Galliae
3165 1273 3331 1325 trans
3380 1272 3712 1341 Pyreneum
3740 1285 3882 1326 con-

2216 1359 2309 1410 tra
2338 1358 2550 1412 Oscam
2581 1362 2639 1413 et
2660 1360 3179 1427 Caesaraugustam
3208 1357 3528 1425 residebat,
3560 1358 3879 1415 defunctus

2218 1449 2324 1514 est,
2348 1448 2405 1499 et
2433 1450 2685 1501 Amoroz
2712 1445 3027 1517 praefectus
3074 1445 3135 1501 in
3187 1445 3389 1502 locum
3435 1447 3565 1517 ejus
3614 1446 3876 1518 intravit,

448 1533 638 1589 ciduis
667 1532 938 1604 partibus
963 1548 1099 1586 cum
1119 1533 1379 1587 exercitu
1405 1531 1752 1603 Hispaniam
1776 1532 2103 1602 ingressus,
2137 1554 2182 1607 Β
2217 1532 2520 1605 missaque
2544 1533 2622 1588 ad
2650 1533 3078 1606 imperatorem
3106 1533 3423 1605 legatione,
3462 1550 3523 1590 se
3554 1551 3693 1591 cum
3746 1536 3876 1592 suis

449 1623 757 1676 Dertosam
786 1620 1084 1675 civitatem
1109 1635 1289 1691 super
1316 1619 1510 1691 ripam
1544 1619 1693 1675 lberi
1733 1619 1998 1675 ﬂuminis
2029 1620 2105 1675 si-

446 1714 570 1766 tam
596 1708 847 1775 obsedit,
881 1713 1361 1780 consumptoque
1390 1708 1452 1763 in
1478 1708 1921 1780 expugnatione
1949 1708 2105 1765 illius

446 1798 758 1870 aliquanto
789 1801 1076 1869 tempore,
1108 1800 1435 1868 postquam
1475 1812 1610 1851 eam
1641 1801 1765 1852 tam
1825 1796 1940 1853 cito
1970 1798 2105 1870 capi

444 1902 567 1943 non
600 1900 775 1958 posse
804 1885 969 1952 vidit,
996 1884 1245 1940 dimissa
1273 1884 1585 1939 obsidione
1641 1901 1780 1939 cum
1817 1884 2104 1941 incolumi

444 1973 705 2031 exercitu
731 1972 791 2028 in
817 1972 1198 2045 Aquitaniam
1227 1989 1288 2028 se
1314 1972 1554 2044 recepit.
1587 1975 1910 2045 Postquam
1968 1977 2103 2029 Ear-

443 2062 646 2119 dulfus
674 2078 778 2117 rex
808 2061 1341 2117 Nortdanibrorum
1371 2061 1432 2116 in
1461 2076 1716 2131 regnum
1748 2078 1929 2117 suum
1984 2078 2102 2117 res-

447 2151 649 2207 titutus
677 2154 786 2219 est,
814 2166 953 2206 cum
984 2151 1152 2206 missi
1172 2155 1624 2213 reverterentur,
1648 2151 1962 2223 Adulphus
1976 2150 2101 2206 dia-

441 2256 631 2297 conus
655 2244 866 2312 captus
905 2243 992 2294 est
1023 2256 1059 2294 a
1087 2239 1315 2311 piratis,
1373 2238 1479 2295 sed
1515 2244 1724 2312 postea
1752 2238 2099 2311 redemptus

440 2334 528 2386 est
548 2333 919 2401 Romamque
948 2343 1245 2383 reversus.
1298 2332 1361 2382 In
1418 2328 1628 2383 Tuscia
1676 2327 2097 2400 Populonium,

440 2419 648 2477 civitas
668 2417 987 2485 maritima,
1014 2434 1050 2474 a
1079 2417 1294 2473 Graecis
1322 2417 1428 2490 qui
1473 2416 1728 2474 Orobitaa
1783 2423 2094 2486 vocantur,

438 2509 783 2583 depraedata
812 2512 901 2563 est
935 2526 949 2576 ;
978 2506 1160 2563 Mauri
1191 2523 1436 2579 quoque
1466 2506 1540 2561 de
1572 2505 1853 2579 Hispania
1910 2507 2096 2566 Corsi-

438 2616 572 2656 cam
597 2598 873 2669 ingressi,
913 2597 975 2653 in
1002 2597 1140 2669 ipso
1166 2596 1420 2652 sabbato
1451 2599 1659 2651 sancto
1687 2596 1929 2668 paschae
1951 2596 2093 2653 civi-

436 2693 619 2745 tatem
648 2686 961 2760 quandam
990 2684 1318 2758 depraedati
1347 2689 1506 2751 sunt,
1538 2689 1595 2741 et
1623 2689 1835 2758 praeter
1863 2686 2093 2757 episco-

435 2794 586 2851 pum
608 2781 667 2833 et
692 2791 920 2848 paucos
946 2790 1121 2830 senes
1170 2778 1352 2846 atque
1391 2773 1663 2829 inﬁrmos
1714 2774 1864 2830 nihil
1908 2774 1967 2830 in
2021 2790 2094 2830 ea

437 2866 823 2959 reliquerunt.
854 2866 1080 2959 Interea
1111 2862 1483 2959 Godefridus,
1506 2878 1610 2959 rex
1627 2864 2093 2959 Danolrumtper
2127 2904 2167 2959 Ο

434 2952 737 3026 quosdam
765 2951 1162 3023 negotiatores
1190 2950 1504 3007 mandavit
1531 2951 1667 3007 duci
1694 2951 1799 3024 qui
1830 2950 2090 3007 Fresiam

433 3039 806 3114 providebat,
834 3039 1076 3096 audisse
1097 3056 1159 3095 se
1187 3039 1349 3111 quod
1375 3039 1429 3095 ei
1457 3038 1784 3112 imperator
1802 3043 1959 3094 esset
1979 3038 2091 3095 ira-

434 3135 528 3187 tus
558 3146 630 3186 eo
655 3128 819 3202 quod
848 3129 910 3184 in
952 3127 1265 3184 Abrotides
1320 3127 1586 3184 duxisset
1632 3127 1979 3198 exercitum,
2034 3131 2091 3183 et

433 3235 575 3275 suos
599 3218 759 3275 ultus
783 3220 938 3274 esset
963 3217 1235 3288 injurias,
1270 3216 1499 3273 addens
1530 3232 1591 3271 se
1619 3216 1767 3271 velle
1789 3216 2088 3286 denegare

431 3305 598 3378 quod
618 3306 673 3363 ei
692 3305 1109 3377 objiciebatur,
1142 3305 1309 3379 quod
1341 3304 1531 3361 faedus
1582 3304 1948 3377 promissum
2008 3303 2085 3359 ir-

431 3392 689 3467 rupisset
722 3412 735 3463 ;
766 3393 973 3467 petivit
999 3393 1180 3449 etiam
1215 3398 1277 3449 ut
1304 3393 1561 3450 mitteret
1586 3393 1913 3465 imperator
1944 3407 2085 3448 suos

430 3483 648 3540 missos
675 3489 842 3540 trans
868 3484 1064 3539 Albim
1089 3484 1261 3555 juxta
1286 3482 1575 3539 terminos
1640 3481 1808 3551 regni
1861 3481 1974 3546 sui,
2030 3485 2087 3537 et

424 3572 555 3646 ipse
577 3589 716 3630 cum
741 3573 864 3629 suis
890 3573 976 3629 ibi
998 3572 1622 3645 veniret,invicemque
1646 3570 1930 3627 discussis
1947 3586 2084 3626 cau-

428 3662 796 3737 sis,quaeque
826 3662 1266 3720 emendationis
1299 3661 1483 3733 digna
1505 3659 1934 3732 erant,absque
1946 3676 2087 3715 con-

424 3752 773 3808 tradictione
804 3752 886 3808 ibi
902 3749 1538 3820 corrigerentur.Quod
1567 3765 1706 3804 cum
1738 3748 2082 3821 imperatori

424 3841 770 3896 nuntiatum
799 3844 1100 3909 esset,non
1126 3837 1853 3911 abnuit,colloquiumque
1873 3842 1961 3892 est
1979 3838 2083 3893 ha-

423 3926 616 3982 bitum
633 3943 773 3983 cum
793 3926 1156 3999 primoribus
1176 3929 1480 3982 Danorum
1496 3929 1660 3981 trans
1671 3925 2084 3992 Albiam,mul-

425 4014 620 4087 tisque
648 4014 787 4070 hinc
818 4014 956 4071 inde
986 4013 1251 4087 prolatis,
1277 4012 1524 4070 minime
1554 4012 1634 4069 ad
1658 4013 1936 4070 effectum
1983 4028 2079 4067 res

312 4100 323 4105 ’
424 4102 714 4178 perducta
733 4109 840 4160 est.
859 4105 1118 4161 Thrasco
1137 4104 1262 4160 dux
1279 4103 1724 4170 Abrotidorum,
1755 4106 2080 4175 postquam

422 4193 615 4251 ﬁlium
645 4210 823 4250 suum
853 4194 1177 4267 postulanti
1207 4192 1525 4250 Godefrido
1568 4192 1843 4248 obsidem
1896 4190 2077 4247 dede-

421 4287 533 4351 rat,
566 4282 811 4339 collecta
841 4297 1050 4353 manu;
1078 4287 1135 4339 et
1160 4283 1381 4340 auxilio
1411 4300 1448 4339 a
1480 4280 1817 4340 Saxonibus
1842 4283 2079 4335 contra-

421 4377 537 4444 cto,
558 4373 787 4430 vicinos
820 4389 962 4430 suos
989 4372 1221 4431 Wiltzos
1251 4388 1594 4444 aggressus,
1637 4384 1816 4440 agros
1868 4383 2080 4424 eorum

422 4463 578 4522 ferro
605 4468 663 4521 et
686 4462 823 4535 igne
852 4463 1130 4532 vastavit,
1162 4474 1592 4533 regressusque
1632 4457 1883 4514 domum
1939 4472 2077 4512 cum

419 4554 647 4626 ingenti
676 4554 904 4628 praeda,
932 4557 1178 4625 accepto
1221 4551 1436 4607 iterum
1474 4564 1511 4604 a
1565 4545 1901 4604 Saxonibus
1930 4544 2077 4601 vali-

417 4643 569 4701 diori
607 4643 850 4713 auxilio,
882 4641 1363 4711 Smeldingorum
1393 4636 1723 4694 maximam
1779 4635 2077 4691 civitatem

420 4738 745 4804 expugnat,
777 4736 959 4805 atque
988 4730 1081 4786 his
1110 4727 1413 4801 prosperis
1442 4724 1816 4781 successibus
1864 4740 2075 4780 omnes

415 4820 521 4893 qui
551 4836 622 4877 eo
652 4821 1010 4888 defecerant,
1044 4818 1125 4875 ad
1154 4833 1329 4873 suam
1351 4814 1693 4872 societatem
1722 4813 1913 4870 redire
1943 4830 2073 4870 coe-

417 4908 517 4979 git.
552 4908 882 4980 Imperator
910 4908 1133 4982 itaque,
1166 4922 1305 4962 cum
1334 4905 1387 4961 ei
1416 4903 1606 4960 multa
1632 4904 1707 4960 de
1751 4903 2072 4975 jactatione

414 5001 472 5053 et
511 4994 795 5070 superbia
827 4996 983 5068 regis
1042 4998 1340 5053 Danorum
1388 4992 1822 5062 nuntiarentur,
1870 4993 2075 5050 statuit

412 5090 578 5143 trans
604 5084 835 5142 Albiam
867 5084 1163 5143 civitatem
1210 5085 1522 5141 aediﬁcare.
1582 5085 2071 5149 Francorumque

412 5176 474 5232 in
494 5192 566 5233 ea
595 5191 817 5248 ponere
842 5176 1192 5249 praesidium
1217 5193 1229 5243 ;
1263 5173 1633 5247 cumquead
1662 5173 1776 5229 hoc
1797 5188 1905 5245 per
1942 5171 2068 5227 Gal—

409 5265 554 5323 liam
607 5269 786 5339 atque
838 5264 1216 5322 Germaniam
1275 5262 1552 5319 homines
1621 5264 2063 5332 congregasset,

2216 1621 2502 1677 omnibus
2532 1622 2661 1692 ejus
2693 1622 2986 1695 obsequio
3014 1623 3368 1679 traditurum
3398 1623 3691 1696 promisit.
3723 1624 3878 1682 Ecli-

2216 1711 2339 1782 psis
2365 1710 2523 1766 lunae
2549 1711 2762 1767 accidit
2784 1719 2814 1766 7
2839 1711 3085 1767 Kalend.
3117 1715 3359 1768 Januar.

2286 1802 2458 1854 Anno
2486 1799 2807 1855 Dominicae
2833 1799 3262 1856 incarnationis
3292 1804 3397 1856 810
3426 1801 3682 1858 Amoros
3722 1819 3876 1876 prae-

2213 1887 2402 1943 fectus
2429 1888 2794 1961 colloquium
2822 1888 3201 1961 imperatoris
3232 1888 3474 1962 expetiit
3499 1889 3562 1945 in
3611 1890 3876 1950 conﬁnio

2215 1976 2415 2033 Gallici
2441 1982 2497 2032 et
2526 1976 2822 2050 Hispanici
2851 1976 2966 2032 litis
2990 1995 3003 2043 ;
3036 1978 3098 2033 in
3119 1993 3191 2033 eo
3222 1976 3521 2051 colloquio
3551 1994 3614 2034 se
3650 1980 3879 2053 promi-

2213 2065 2445 2120 sitcum
2468 2064 2589 2120 suis
2618 2064 2900 2121 omnibus
2944 2065 3323 2138 imperatoris
3370 2065 3652 2122 manibus
3705 2084 3877 2123 eom-

2211 2154 2661 2224 mendaturum,
2738 2154 2907 2227 quod
2962 2154 3095 2210 licet
3167 2154 3494 2228 imperator
3542 2156 3871 2228 annuisset,

2210 2242 2414 2298 multis
2441 2243 2970 2299 intervenientibus
2999 2243 3216 2308 causis,
3248 2244 3535 2300 remansit
3559 2244 3868 2303 infectum.

2209 2330 2411 2399 Mauri,
2444 2331 2518 2387 de
2549 2335 2671 2388 tota
2714 2331 3002 2405 Hispania
3053 2332 3321 2389 maxima
3367 2331 3555 2389 classe
3599 2333 3868 2404 collecta,

2206 2418 2405 2492 primo
2430 2420 2791 2490 Sardiniam,
2822 2420 3040 2478 deinde
3080 2421 3382 2479 Corsicam
3430 2421 3866 2495 applicuerunt,

2207 2508 2494 2582 nulloque
2522 2509 2586 2564 in
2609 2525 2681 2565 ea
2708 2509 2951 2566 invento
2981 2510 3281 2582 praesidio,
3309 2509 3573 2567 insulam
3600 2527 3755 2584 pene
3783 2517 3867 2568 to-

2205 2600 2330 2652 tam
2360 2596 2712 2670 depopulati
2752 2601 2908 2653 sunt.
2936 2601 3090 2653 Dum
3117 2598 3247 2653 haec
3270 2602 3551 2669 aguntur,
3583 2598 3867 2677 Pippinus

2203 2700 2309 2740 rex
2332 2685 2586 2757 perﬁdia
2614 2685 2841 2740 ducum
2887 2685 3264 2742 Venetiorum
3314 2686 3613 2755 incitatus,
3669 2688 3867 2762 ipsam

2203 2773 2463 2828 insulam
2494 2772 2651 2828 bello
2682 2776 2835 2829 terra
2859 2774 3134 2845 marique
3163 2775 3443 2844 vexabat,
3474 2775 3867 2851 subjectaque

2202 2861 2443 2917 Venetia
2486 2877 2556 2917 ac
2598 2860 2855 2917 ducibus
2893 2863 3022 2933 ejus
3069 2862 3130 2917 in
3175 2861 3541 2919 deditionem
3588 2865 3865 2939 receptis,

2202 2949 2458 3006 eandem
2487 2949 2741 3005 classem
2773 2950 2852 3006 ad
2883 2950 3187 3007 Dalmatiae
3217 2949 3414 3006 littora
3440 2954 3730 3009 vastanda
3757 2954 3870 3010 mi-

2202 3037 2294 3093 sit.
2329 3034 2469 3095 ’Sed
2521 3054 2659 3094 cum
2715 3037 2953 3109 Paulus,
2984 3037 3297 3095 Cefalaniaa
3335 3036 3673 3110 praefectus,
3719 3056 3872 3099 cum

2200 3125 2469 3182 orientali
2495 3125 2685 3182 classe
2716 3126 2797 3182 ad
2849 3125 3140 3182 auxilium
3186 3125 3489 3183 Dalmatiis
3545 3126 3870 3185 ferendum

2201 3215 2569 3285 adventaret,
2600 3214 2765 3284 regia
2807 3214 3020 3271 classis
3070 3215 3148 3272 ad
3202 3214 3455 3288 propria
3504 3215 3861 3285 regreditur.

2201 3301 2572 3372 Ruodthrud,
2604 3301 2727 3358 ﬁlia
2754 3301 3134 3376 imperatoris
3166 3318 3303 3375 quas
3332 3306 3486 3359 natu
3499 3302 3698 3375 major
3712 3308 3861 3373 erat,

2199 3392 2232 3444 8
2264 3389 2400 3445 ldus
2427 3392 2560 3446 Jun.
2594 3390 2863 3446 moritur.
2896 3392 3229 3465 Imperator
3256 3391 3443 3465 Aquis
3485 3390 3859 3458 morabatur,

2198 3477 2301 3533 ubi
2328 3477 2667 3534 nuntiatum
2690 3482 2777 3535 est
2796 3479 2869 3547 ei,
2902 3479 3157 3536 classem
3178 3480 3575 3537 ducentarum
3613 3479 3862 3536 navium

2197 3565 2271 3621 de
2319 3566 2666 3623 Nortmania
2711 3566 2773 3622 in
2820 3568 3077 3624 Fresiam
3127 3567 3511 3642 applicuisse,
3569 3572 3861 3640 ternaque

2196 3655 2400 3728 praelia
2447 3673 2587 3713 cum
2667 3657 3024 3714 Fresonibus
3068 3657 3465 3727 commisisse,
3536 3661 3858 3731 Danosque

2198 3745 2447 3802 victores
2505 3747 2795 3804 tributum
2849 3747 3018 3803 victis
3073 3746 3454 3820 imposuisse,
3505 3750 3564 3804 et
3598 3747 3725 3818 jam
3757 3746 3858 3804 100

2193 3833 2379 3891 libras
2428 3836 2658 3907 argenti
2708 3853 2745 3892 a
2774 3836 3131 3893 Fresonibus
3187 3852 3317 3894 esse
3348 3836 3594 3907 solutas,
3619 3851 3857 3907 regem-

2194 3939 2313 3996 que
2339 3925 2725 3982 Godefridum
2754 3926 2883 3981 hac
2908 3925 3116 3982 omnia
3144 3941 3322 3997 agere
3345 3925 3512 3982 dixit.
3544 3925 3657 3992 Qui
3702 3940 3857 3981 nun-

2194 4011 2308 4065 tius
2365 4012 2517 4068 adeo
2574 4013 2998 4085 imperatorem
3048 4014 3382 4085 concitavit,
3433 4018 3499 4071 ut
3546 4013 3743 4071 missis
3787 4013 3854 4070 in

2193 4100 2477 4156 omnibus
2505 4102 2955 4173 circunquaque
2982 4102 3330 4172 regionibus
3355 4103 3433 4161 ad
3481 4118 3854 4175 congregan-

2191 4188 2340 4244 dum
2391 4188 2714 4244 exercitum
2766 4188 3012 4257 nuntiis,
3062 4190 3194 4263 ipse
3249 4192 3375 4249 sine
3428 4208 3598 4249 mora
3626 4192 3854 4265 palatio

2192 4276 2415 4345 exiens,
2446 4276 2576 4334 illas
2606 4277 2668 4333 in
2694 4283 2892 4351 partes
2917 4278 3158 4336 tendere
3189 4282 3386 4355 cmpit.
3418 4280 3684 4339 Transito
3737 4281 3853 4338 ita-

2188 4382 2306 4439 que
2329 4367 2533 4423 Rheno
2555 4366 2801 4423 ﬂumine
2830 4367 2892 4424 in
2926 4367 3059 4426 loco
3095 4371 3200 4444 qui
3250 4373 3437 4445 Lippa
3491 4371 3723 4440 dicitur,
3757 4386 3858 4428 co-

2189 4456 2322 4530 pias
2348 4472 2483 4529 qute
2530 4456 2805 4514 nondum
2861 4465 3265 4517 convenerant
3308 4460 3514 4518 statuit
3563 4460 3846 4535 opperiri.

2189 4543 2298 4601 Ubi
2329 4561 2467 4601 cum
2498 4545 2725 4619 aliquot
2742 4547 2869 4603 dies
2899 4553 3253 4617 moraretur,
3286 4549 3467 4606 elefas
3495 4549 3613 4620 ille,
3662 4565 3849 4623 quem

2187 4633 2237 4689 ei
2269 4635 2468 4691 Aaron
2497 4651 2601 4692 rex
2652 4637 3116 4694 Sarracenorum
3172 4639 3599 4708 transmiserat,
3650 4638 3852 4695 subita

2185 4728 2377 4781 morte
2408 4725 2597 4798 periit.
2632 4726 3016 4797 Congregatis
3054 4727 3297 4786 tandem
3349 4728 3557 4803 copiis,
3615 4733 3850 4803 quanta

2184 4814 2375 4887 potuit
2403 4814 2695 4871 celeritate
2721 4816 2801 4872 ad
2820 4816 3064 4873 Alarum
3088 4817 3342 4875 ﬂuvium
3362 4818 3688 4886 contendit,
3712 4834 3847 4875 cas-

2184 4903 2410 4977 trisque
2440 4908 2652 4977 positis
2685 4905 2986 4962 minarum
3013 4906 3313 4964 Godefridi
3331 4908 3488 4979 regis
3539 4907 3848 4981 praestola-

2181 4993 2361 5049 batur
2388 4998 2668 5049 eventum
2695 5012 2708 5062 ;
2739 5010 2883 5052 nam
2911 4994 3006 5052 ille
3036 5000 3330 5070 tyrannus
3359 4997 3655 5071 superbia;
3676 4996 3850 5069 spiri-

2182 5086 2246 5138 tu
2282 5081 2524 5137 inﬂatus
2552 5084 2621 5153 ι’,
2654 5099 2719 5138 se
2742 5084 2985 5155 jactavit
3014 5085 3556 5160 arroganter,quod
3575 5101 3716 5143 cum
3734 5084 3849 5142 im-

2178 5174 2452 5244 peratore
2482 5172 2767 5243 congredi
2789 5173 3104 5231 vellet.Sed
3125 5191 3263 5231 cum
3285 5176 3612 5249 imperator
3629 5174 3692 5231 in
3707 5177 3844 5231 loco

2177 5264 2514 5318 memorato
2545 5261 2800 5333 sederet,
2856 5262 3231 5321 diversarum
3259 5280 3465 5340 rerum
3508 5263 3841 5336 legationes

1774 5366 2009 5420 VARUE
2051 5367 2243 5423 LECTI
2252 5367 2349 5423 ON
2356 5367 2457 5422 ES.

478 5462 523 5496 ³³
543 5459 700 5589 {Sigeis
725 5420 1208 5532 praestolabatur,
1241 5463 1373 5523 ctc.,
1427 5471 1609 5527 usque
1638 5454 1880 5511 inﬂatus
1907 5456 1961 5535 fr,
1996 5457 2049 5522 6,
2341 5420 2429 5520 l0,
2464 5459 2548 5536 ll,
2570 5457 2665 5534 .12,
2691 5454 2844 5537 regis
2870 5425 3111 5513 inﬂatus
3142 5459 3393 5526 (omissis
3422 5457 3654 5529 mediis)
3691 5457 3740 5525 l,
3775 5460 3834 5528 2,

512 5546 544 5589 ε
574 5546 575 5549 ‘
654 5545 700 5589 ,τ
728 5534 759 5587 3
791 5530 875 5588 ita
904 5528 1238 5589 emendavit
1271 5545 1291 5585 :
1312 5528 1513 5589 ibique
1529 5532 1725 5584 castra
1748 5529 1963 5589 posuit,
1988 5541 2059 5581 ex
2080 5540 2260 5586 minis
2284 5524 2584 5582 Godefridi
2601 5539 2754 5589 regis
2772 5530 2980 5589 iratus.
3004 5528 3107 5589 qui
3124 5545 3186 5585 se
3201 5530 3449 5589 jactavit
3461 5533 3834 5589 arroganter.

406 5538 478 5603 εδ
512 5524 700 5591 cod-ca:
725 5524 759 5587 '3
791 5530 875 5588 ita
904 5524 1238 5590 emendavit
1271 5545 1291 5585 :
1312 5524 1521 5603 ibique
1529 5532 1725 5584 castra
1747 5524 1963 5599 posuit,
1988 5541 2059 5581 ex
2080 5524 2260 5586 minis
2284 5524 2584 5582 Godefridi
2601 5524 2754 5596 regis
2772 5526 2980 5596 iratus,
3004 5528 3107 5601 qui
3124 5524 3186 5585 se
3200 5530 3449 5602 jactavit
3461 5524 3836 5601 arroganter.
