4086 6200
184 233 254 282 τες
1418 207 1846 271 CHRONICON.
1882 237 1956 246 —
1993 210 2117 262 AN.
2163 208 2437 264 811-812.
3602 218 3668 268 κ,

187 351 264 407 ad
304 364 442 404 eum
488 344 922 418 perferuntur;
979 359 1126 399 nam
1156 347 1213 398 et
1241 342 1492 397 classem
1538 350 1674 409 quae
1714 335 1849 389 Fre-
1883 333 1935 385 A
1969 330 2149 386 niam
2204 332 2290 388 ad
2336 333 2785 390 controversias
2832 335 3150 391 Hunorum
3198 348 3268 389 ac
3321 334 3669 391 Sclavorum

184 434 646 507 siamvastabat
670 432 934 490 domum
968 447 1292 497 reversam,
1319 434 1376 485 et
1403 423 1782 485 Godefridum
1817 437 1853 476 a

182 526 453 602 quodam
486 538 599 578 suo
653 520 915 576 satellite
959 520 1403 592 interemptum,
1448 520 1504 572 et
1543 510 1853 570 castellum

185 612 485 673 vocabulo
523 609 963 678 Huobbuocki,
997 608 1182 663 Albim
1226 605 1455 663 ﬂumini
1486 602 1853 671 contiguum,

184 704 243 759 in
272 718 400 775 quo
431 700 559 757 Odo
588 699 832 769 legatus
854 697 1237 770 imperatoris
1269 698 1413 764 erat,
1444 697 1500 749 et
1527 694 1650 747 erat
1668 687 1860 745 orien-

189 793 398 849 talium
436 793 753 848 Saxonum
794 786 1180 860 prmsidium,
1208 784 1469 843 aWiltzis
1498 784 1756 855 captum,
1803 777 1864 831 et

188 883 513 956 Pippinum
558 879 754 934 ﬁlium
811 877 970 947 ejus,
1002 892 1205 947 regem
1238 875 1434 941 Italiae,
1466 877 1497 929 8
1542 871 1680 927 Idus
1731 863 1868 956 Julii

190 954 269 1029 de
292 954 544 1045 corpore
562 966 1172 1039 migrasse,duasque
1191 964 1516 1035 legationes
1536 961 1609 1017 de
1620 954 1869 1015 diversis

190 1044 492 1118 terrarum
519 1056 827 1131 partibus,
864 1071 1056 1110 unam
1086 1053 1161 1109 de
1184 1046 1710 1122 Constantinopoli,
1735 1044 1874 1101 alte—

192 1167 327 1206 ram
351 1149 429 1206 de
460 1146 769 1213 Corduba,
802 1144 1137 1200 adventare
1161 1141 1329 1215 pacis
1359 1155 1543 1196 causa
1560 1134 1876 1194 nuntiaba—

195 1249 310 1299 tur.
364 1239 599 1306 Quibus
647 1236 746 1291 ille
797 1233 1091 1307 acceptis,
1122 1231 1413 1305 disposita
1439 1245 1551 1303 pro
1594 1224 1877 1300 temporis

195 1330 547 1389 conditione
578 1326 865 1392 Saxonia,
908 1323 1098 1396 Aquis
1128 1321 1453 1379 revertitur.
1498 1322 1685 1375 Tanta
1720 1317 1782 1372 in
1807 1330 1878 1370 ea

194 1421 314 1477 fuit
343 1417 722 1492 expeditione
760 1413 960 1471 boum
995 1411 1351 1486 pestilentia,
1397 1413 1462 1467 ut
1497 1424 1651 1483 pene
1678 1404 1909 1463 nullus.

197 1514 374 1567 tanto
405 1500 686 1564 exercitui
724 1505 1092 1576 superesset,
1141 1500 1287 1573 quin
1330 1513 1543 1556 omnes
1585 1512 1777 1569 usque
1801 1494 1881 1550 ad

200 1613 399 1653 unum
444 1594 727 1668 perirent,
761 1596 820 1647 et
860 1605 991 1646 non
1039 1587 1235 1645 solum
1278 1586 1379 1654 ibi,
1414 1585 1520 1642 sed
1549 1584 1728 1641 etiam
1774 1597 1883 1655 per

200 1701 388 1744 omne
417 1681 745 1756 imperium
774 1678 965 1749 hujus
995 1675 1231 1749 generis
1249 1674 1533 1732 animalia
1557 1673 1877 1746 perierunt.
1908 1692 1949 1746 Β

202 1774 396 1849 Aquis
422 1771 675 1829 veniens
703 1784 915 1825 mense
939 1765 1613 1833 Octobris,memoratas
1640 1760 1883 1833 legatio-

202 1881 319 1922 nes
347 1861 627 1935 suscepit,
639 1873 986 1933 pacemque
1012 1872 1153 1912 cum
1176 1855 1511 1928 Nicophoro
1526 1853 1884 1926 imperatore

207 1961 269 2013 et
298 1971 442 2011 cum
471 1950 719 2017 Abulaz,
743 1965 887 2020 rege
918 1946 1242 2020 Hispaniae,
1269 1944 1439 2013 fecit;
1473 1942 1770 2016 siquidem
1787 1945 1888 1997 Ve-

204 2045 439 2102 netiam
470 2041 814 2114 Nicophoro
834 2036 1124 2103 reddidit,
1156 2038 1212 2091 et
1236 2032 1577 2090 Heinricum
1606 2032 1886 2088 comitem

204 2131 449 2187 dudum
499 2146 537 2185 a
588 2125 933 2185 Sarracenis
985 2129 1233 2197 captum
1282 2121 1506 2179 Abulaz
1556 2121 1886 2177 remittente

206 2221 454 2294 recepit.
490 2221 576 2274 Eo
602 2232 764 2274 anno
815 2215 907 2271 sol
936 2218 997 2270 et
1023 2213 1173 2269 luna
1213 2212 1305 2269 bis
1338 2210 1701 2278 defecerunt,
1732 2209 1822 2265 sol
1855 2214 1885 2266 5

209 2312 352 2368 ldus
374 2312 520 2365 Jun.
550 2312 609 2364 et
636 2306 826 2380 pridie
851 2304 986 2360 Kal.
1023 2306 1284 2370 Decem,
1313 2302 1461 2358 luna
1493 2306 1549 2357 11
1586 2299 1886 2367 Kal.Julii,

210 2406 269 2459 et
317 2405 349 2454 9
392 2398 531 2455 Kal.
563 2400 805 2453 Januar.
842 2393 1091 2451 Corsica
1139 2391 1335 2447 insula
1364 2391 1579 2447 iterum
1611 2406 1647 2445 a
1671 2388 1888 2445 Mauris

212 2495 456 2548 vastata
485 2493 597 2544 est.
640 2488 901 2542 Amoroz
928 2488 987 2539 et
1016 2482 1410 2549 Abdiraman,
1447 2479 1606 2536 ﬁlius
1639 2477 1888 2547 Abulaz,

213 2580 296 2637 de
323 2580 784 2647 Caesaraugusta
811 2572 1126 2647 expulsus,
1159 2575 1216 2627 et
1241 2574 1455 2627 Oscam
1481 2568 1699 2624 intrare
1730 2584 1894 2623 com-

215 2670 438 2745 pulsus
463 2673 567 2724 est.
611 2663 958 2735 Godefrido,
995 2667 1060 2719 ut
1088 2660 1376 2729 diximus,
1428 2661 1687 2727 mortuo,
1721 2659 1893 2713 Hem-

212 2760 484 2830 mingus,
534 2755 691 2812 ﬁlius
746 2752 947 2809 fratris
994 2752 1152 2823 ejus,
1207 2750 1269 2805 in
1298 2763 1552 2819 regnum
1585 2746 1889 2815 successit,

214 2862 561 2923 pacemque
600 2860 738 2900 cum
768 2843 1136 2914 imperatore
1166 2838 1318 2894 fecit.

284 2946 464 2995 Anno
487 2932 813 2992 Dominicaa
834 2927 1268 2986 incarnationis
1289 2932 1384 2984 811
1414 2924 1696 2982 absoluto
1712 2927 1893 2996 atque

1970 417 2288 477 ﬁniendas
2319 420 2558 491 direxit,
2573 424 2813 480 tertium
2841 440 3023 497 super
3042 422 3334 479 Brittones
3357 423 3435 479 ad
3462 439 3670 480 eorum

1977 507 2313 578 perﬁdiam
2370 510 2751 582 puniendam
2808 512 3010 579 misit;
3074 510 3181 584 qui
3232 528 3446 569 omnes
3493 513 3674 569 rebus

1978 611 2282 693 prospere
2314 599 2519 668 gestis,
2555 601 2810 659 domum
2840 601 3066 658 reversi
3100 605 3256 657 sunt.
3309 601 3445 675 Ipse
3473 605 3675 658 autem

1982 687 2323 757 imperator
2376 687 2460 744 ad
2508 689 2763 747 classem
2818 689 3164 755 videndam,
3209 705 3397 762 quam
3456 706 3677 763 praece-

1985 773 2153 829 denti
2202 790 2376 831 anno
2418 775 2549 833 ﬁeri
2595 784 2651 835 et
2690 778 2973 836 fabricari
3009 779 3287 849 jusserat,
3321 778 3401 834 ad
3445 780 3679 836 Bonno-

1984 861 2153 930 niam
2183 861 2381 931 venit,
2426 864 2746 941 farumque
2792 867 2876 923 ibi
2909 866 2989 923 ad
3017 866 3434 937 navigantium
3463 883 3675 923 cursus

1984 950 2350 1023 dirigendos
2402 956 2732 1031 antiquitus
2775 956 3165 1013 constitutam
3210 956 3590 1027 restauravit,
3622 959 3678 1011 et

1983 1042 2047 1098 in
2076 1039 2371 1113 ejusdem
2405 1046 2749 1103 summitate
2776 1049 2949 1101 nocte
2979 1045 3183 1115 ignem
3212 1044 3508 1113 accendit,
3536 1043 3679 1100 inde

1984 1131 2066 1189 ad
2094 1129 2271 1187 Scalt
2291 1129 2548 1191 ﬂuvium
2565 1136 2832 1204 veniens,
2861 1135 2920 1190 in
2943 1135 3076 1191 loco
3104 1134 3207 1209 qui
3228 1139 3482 1191 vocatur
3503 1136 3676 1203 Gant,

1983 1238 2169 1279 naves
2216 1218 2303 1275 ad
2353 1225 2618 1282 eandem
2649 1226 2902 1281 classem
2933 1224 3259 1281 aediﬁcatas
3309 1225 3567 1298 aspexit,
3623 1227 3681 1278 et

1987 1312 2147 1369 circa
2176 1308 2459 1370 medium
2487 1313 2917 1371 Novembrium
2938 1314 3124 1386 Aquis
3146 1312 3328 1380 venit,
3343 1313 3451 1369 ubi
3476 1312 3682 1369 obvia-

1985 1404 2208 1460 Verunt
2235 1399 2290 1455 ei
2316 1400 2531 1473 legatis
2565 1403 2905 1474 Hemmingi
2935 1403 3113 1475 regis,
3156 1401 3345 1457 onin
3378 1406 3437 1457 et
3468 1401 3677 1471 Hebbi,

1987 1506 2251 1549 munera
2276 1493 2436 1563 regis
2466 1498 2524 1549 et
2549 1493 2743 1550 verba
2767 1493 3020 1565 paciﬁca
3040 1492 3393 1548 deferentes.
3422 1495 3683 1549 Fuerunt

1991 1583 2172 1639 etiam
2203 1581 2392 1654 Aquis
2423 1582 2765 1639 adventum
2815 1584 2944 1654 ejus
2974 1581 3412 1655 praestolantes,
3465 1582 3571 1656 qui
3604 1581 3682 1637 de

1992 1670 2310 1728 Pannonia
2358 1675 2681 1740 venerunt,
2724 1672 3037 1729 Canizauci
3079 1670 3360 1744 princeps
3389 1675 3682 1744 Avarum,

1992 1767 2050 1819 et
2077 1760 2355 1829 Thudun,
2407 1765 2464 1817 et
2493 1760 2605 1816 alii
2654 1761 2957 1835 principes
2988 1778 3059 1817 ac
3107 1761 3293 1817 duces
3326 1760 3683 1818 Sclavorum

1994 1852 2153 1909 circa
2182 1850 2530 1907 Danubium
2567 1851 2996 1921 habitantium,
3024 1849 3129 1923 qui
3160 1866 3196 1905 a
3215 1849 3477 1906 ducibus
3500 1854 3682 1907 Fran-

1994 1957 2205 1998 corum
2235 1940 2341 2013 qui
2369 1939 2429 1995 in
2452 1941 2807 1997 Pannonias
2837 1941 3081 1997 fuerunt
3101 1938 3291 2010 missi,
3316 1939 3399 1995 ad
3418 1955 3680 2012 praesen-

1993 2032 2141 2087 tiam
2192 2028 2478 2103 principis
2499 2029 2667 2100 jussi
2698 2035 2837 2086 sunt
2867 2028 3089 2085 venire.
3144 2029 3373 2084 Interea
3404 2030 3675 2098 Carolus,

1994 2120 2153 2176 ﬁlius
2182 2117 2565 2192 imperatoris
2582 2118 2691 2191 qui
2710 2121 2909 2191 major
2937 2121 3084 2174 natu
3104 2121 3248 2185 erat,
3278 2116 3428 2173 obiit
3460 2123 3493 2173 2
3526 2122 3675 2174 Non.

1999 2207 2361 2266 Decembris.

2068 2304 2239 2355 Anno
2293 2296 2624 2354 Dominicae
2656 2294 3086 2372 incarnationis
3134 2297 3238 2349 812
3280 2295 3675 2364 Hemmingus

1999 2391 2302 2444 Danorum
2356 2402 2461 2441 rex
2491 2386 2773 2452 moritur,
2807 2385 2905 2440 cui
2955 2401 3095 2439 cum
3129 2382 3455 2453 Sigefridus
3483 2399 3675 2456 nepos

2000 2476 2315 2543 Godefridi,
2339 2478 2396 2531 et
2420 2474 2596 2529 Anilo
2619 2490 2813 2547 nepos
2838 2471 3095 2528 Hcrioldi
3116 2471 3435 2528 succedere
3456 2472 3676 2528 voluis-

2000 2571 2149 2634 sent,
2180 2580 2377 2638 neque
2398 2564 2554 2619 inter
2574 2580 2681 2619 eos
2700 2564 2776 2619 de
2803 2562 3097 2618 divisione
3110 2562 3281 2632 regni
3302 2561 3669 2624 conveniret,

2000 2655 2361 2729 comparatis
2398 2653 2592 2727 copiis
2631 2656 2690 2709 et
2721 2652 3045 2709 commisso
3075 2651 3280 2724 praelio
3322 2650 3508 2707 ambo
3537 2667 3671 2707 mo-

1998 2746 2250 2802 riuntur.
2300 2744 2442 2798 Pars
2472 2745 2680 2797 tamen
2712 2740 2983 2797 Anilonis
3012 2740 3231 2811 adepta
3262 2738 3529 2804 victoria,
3555 2738 3671 2794 fra-

2002 2839 2117 2891 tres
2146 2832 2196 2904 ej
2209 2848 2275 2887 us
2306 2828 2634 2885 Heroldum
2661 2832 2719 2884 et
2750 2827 3159 2898 Reginfridum
3184 2844 3354 2898 reges
3383 2827 3494 2882 sibi
3525 2843 3666 2882 con-

2002 2921 2204 2992 stituit,
2236 2936 2422 2993 quam
2452 2919 2796 2976 necessario
2826 2934 2969 2991 pars
2996 2917 3155 2973 victa
3184 2915 3669 2984 secuta,eosdem

214 3030 494 3096 dimisso,
535 3022 766 3081 Arsaﬁo
797 3019 1087 3093 spatario,
1120 3017 1316 3088 legato
1345 3014 1602 3073 Nicofori
1630 3013 1891 3084 augusti,
1922 3047 1963 3102 Ο
2003 3011 2119 3102 sibi
2145 3010 2442 3102 imperare
2472 3024 2598 3065 non
2628 3007 2861 3064 abnuit.
2906 3008 2971 3062 In
3001 3022 3073 3062 eo
3102 3005 3303 3079 praelio
3339 3007 3535 3073 10,940
3559 3003 3669 3060 viri

212 3118 498 3192 ejusdem
532 3113 700 3188 pacis
729 3106 1171 3168 conﬁrmandae
1193 3106 1384 3176 gratia
1395 3104 1576 3177 legati
1595 3102 1673 3159 ab
1699 3102 1892 3176 impe-

215 3191 413 3267 ratore
444 3198 1030 3273 Constantinopolim
1071 3196 1407 3264 mittuntur,
1440 3192 1627 3250 Haido
1659 3191 1892 3265 episco-

216 3317 330 3374 pus
363 3291 728 3362 Basiliensis,
754 3294 812 3345 et
865 3291 996 3357 Hug
1022 3301 1230 3342 comes
1278 3284 1352 3340 de
1382 3282 1653 3352 Turonis,
1682 3284 1741 3338 et
1786 3281 1893 3338 Aio

218 3370 662 3458 Langobardus
690 3380 765 3435 de
797 3375 1122 3448 Forojulio,
1151 3379 1209 3430 et
1239 3389 1375 3429 cum
1400 3372 1483 3430 eis
1504 3374 1619 3428 Leo
1640 3370 1895 3443 quidam

219 3476 523 3553 spatarius
542 3471 788 3529 natione
817 3466 1072 3534 Siculus,
1088 3468 1146 3520 et
1157 3462 1450 3523 Willarius
1465 3462 1591 3517 dux
1615 3460 1890 3533 Venetiae,

216 3550 484 3642 quorum
524 3562 675 3620 alter
701 3563 840 3616 ante
884 3572 1081 3613 annos
1118 3558 1183 3609 10
1228 3556 1427 3609 Romae
1457 3551 1538 3609 ad
1566 3550 1892 3623 imperato-

218 3638 369 3727 rem,
420 3671 565 3711 cum
620 3651 703 3707 ibi
732 3651 909 3718 esset,
940 3646 1017 3703 de
1050 3642 1249 3702 Sicilia
1276 3640 1559 3715 profugit,
1593 3643 1650 3696 et
1700 3638 1894 3696 redire

220 3748 431 3805 volens
463 3742 727 3819 patriam
754 3736 1104 3801 remittitur;
1133 3732 1281 3788 alter
1303 3735 1548 3805 propter
1577 3727 1895 3819 perﬁdiam

223 3840 452 3896 honore
469 3817 777 3906 spoliatus
822 3821 1405 3893 Constantinopolim
1458 3819 1536 3876 ad
1576 3817 1897 3874 dominum

228 3944 413 3985 suum
464 3923 605 3980 duci
649 3920 914 3993 jubetur.
959 3913 1249 3974 Condicta
1299 3911 1378 3968 ab
1432 3910 1791 3983 imperatore
1841 3912 1899 3964 et

228 4015 612 4083 Hemmingo,
640 4026 780 4080 rege
831 4011 1161 4073 Danorum,
1209 4016 1331 4074 pax
1367 4002 1612 4073 propter
1660 3997 1897 4070 hyemis

229 4103 621 4179 asperitatem
663 4115 802 4173 quae
857 4097 1011 4152 inter
1060 4095 1263 4166 partes
1310 4085 1695 4146 commeandi
1732 4086 1895 4143 viam

231 4175 576 4259 claudebat,
608 4190 668 4245 in
698 4186 883 4244 armis
913 4188 1149 4241 tantum
1168 4181 1371 4252 jurata
1400 4175 1894 4247 servatur,donec

230 4287 520 4345 redeunte
544 4281 701 4337 veris
723 4275 1028 4350 temperie,
1045 4273 1157 4330 viis
1174 4270 1414 4343 apertis,
1436 4266 1894 4327 advenientibus

231 4395 303 4435 ex
336 4381 594 4446 utraque
622 4373 812 4442 parte,
842 4367 1215 4422 Francorum
1243 4359 1464 4456 scilicet
1482 4363 1539 4415 et
1567 4359 1893 4456 Danomm,
1930 4403 1969 4456 Ι)

228 4464 561 4524 duodecim
592 4457 976 4534 primoribus,
1034 4467 1217 4525 super
1269 4449 1520 4506 fluvium
1549 4446 1896 4517 Agidoram,

228 4558 387 4615 datis
416 4550 691 4610 vicissim
742 4545 1079 4604 secundum
1130 4541 1312 4597 ritum
1350 4556 1420 4619 ac
1447 4553 1682 4595 morem
1721 4551 1900 4591 suum

232 4639 637 4703 sacramentis
666 4653 786 4710 pax
807 4634 1283 4691 conﬁrmaretur.
1299 4629 1580 4685 Proceres
1605 4628 1807 4683 autem
1827 4623 1902 4680 de

232 4741 404 4810 parte
450 4735 820 4788 Francorum
868 4724 931 4780 hi
961 4723 1145 4788 fuere,
1182 4717 1459 4785 Walach,
1503 4713 1901 4781 Burehardus,

234 4803 647 4882 Dernhardus.
696 4815 1001 4887 Egbertus,
1048 4806 1466 4876 Theodericus,
1498 4810 1647 4872 Ano,
1681 4803 1901 4873 Osdag,

238 4916 594 4978 Wichman,
644 4921 855 4963 omnes
886 4901 1171 4959 comites:
1221 4897 1296 4954 de
1321 4901 1488 4970 parte
1526 4911 1665 4951 vero
1705 4895 1902 4949 Dano-

240 5022 378 5062 rum
414 5003 479 5057 in
514 4996 723 5072 primis
752 4995 961 5051 fratres
992 4986 1337 5057 Hemmingi
1387 4984 1634 5042 Ancwin
1686 4987 1745 5039 et
1791 4983 1907 5037 An-

247 5106 495 5165 ganseo,
518 5071 746 5143 deinde
784 5081 981 5140 caeteri
1007 5075 1391 5136 honorabiles
1421 5075 1573 5131 inter
1605 5088 1749 5130 suos
1777 5071 1906 5139 viri,

250 5196 513 5255 quorum
550 5175 799 5233 nomina
837 5170 1212 5245 superﬂuum
1262 5164 1546 5222 duximus
1596 5165 1905 5218 annotare.

253 5251 580 5343 Imperator
634 5264 833 5338 itaque
867 5276 1011 5335 pace
1059 5273 1198 5315 cum
1247 5253 1603 5343 Hemmingo
1648 5251 1907 5316 ﬁrmata,

251 5366 313 5418 et
326 5340 545 5434 placito
563 5353 828 5428 generali
850 5349 1186 5408 secundum
1207 5342 1700 5403 consuetudinem
1724 5340 1910 5413 Aquis

245 5428 483 5518 habito,
526 5448 589 5504 in
620 5451 736 5502 tres
764 5446 968 5517 partes
1010 5436 1181 5508 regni
1226 5434 1317 5491 sui
1347 5433 1592 5490 totidem
1620 5428 1913 5487 exercitus

247 5541 433 5607 misit,
462 5552 658 5594 unum
681 5539 849 5591 trans
878 5528 1112 5587 Albiam
1140 5526 1201 5582 in
1232 5524 1508 5591 Linones,
1525 5521 1630 5596 qui
1658 5525 1715 5577 et
1742 5519 1910 5593 ipsos

246 5629 537 5695 vastavit,
581 5630 640 5683 et
666 5627 932 5681 castrum
981 5614 1337 5674 Hohbuochi
1366 5610 1657 5686 superiori
1687 5624 1848 5667 anno
1878 5622 1918 5666 a

250 5720 477 5778 Wiltzis
508 5716 879 5773 destructum
902 5704 1277 5773 restauravit,
1311 5702 1563 5761 alterum
1592 5701 1655 5758 in
1683 5703 1914 5757 Panno-

547 5808 790 5862 PAnOL.
825 5800 1063 5893 CXXXll.

2001 3099 2287 3159 cecidisse
2340 3101 2778 3154 memorantur.
2815 3094 3122 3153 Nicoforus
3168 3095 3498 3168 imperator
3534 3096 3670 3165 post

2002 3190 2225 3248 multas
2272 3192 2329 3245 et
2374 3186 2643 3257 insignes
2672 3185 2969 3254 victorias,
3002 3184 3063 3239 in
3106 3182 3305 3240 Moesia
3333 3180 3664 3255 provincia,

2001 3278 2328 3338 commisso
2349 3292 2490 3333 cum
2514 3275 2782 3346 Bulgaris
2797 3273 3023 3348 praelio,
3039 3271 3310 3343 moritur,
3326 3276 3383 3327 et
3400 3269 3665 3341 Michael,

2001 3385 2184 3444 gener
2213 3368 2363 3440 ejus,
2392 3366 2722 3439 imperator
2746 3365 2959 3431 factus,
2982 3362 3212 3433 legatos
3241 3359 3453 3416 domni
3479 3359 3667 3432 impe-

2000 3458 2216 3519 ratoris
2273 3456 2377 3530 qui
2428 3455 2509 3512 ad
2554 3456 2962 3527 Nicophorum
3017 3452 3445 3525 imperatorem
3498 3447 3669 3504 missi

2000 3551 2262 3617 fuerunt,
2295 3545 2556 3618 suscepit
2574 3544 2635 3600 in
2666 3540 3265 3613 Constantinopolim,
3289 3542 3347 3595 et
3377 3535 3663 3604 absolvit;

2002 3657 2143 3698 cum
2172 3637 2395 3712 quibus
2420 3639 2480 3691 et
2508 3650 2650 3690 suos
2679 3634 2909 3702 legatos
2929 3630 3162 3697 direxit,
3192 3626 3536 3685 Michaclem
3552 3624 3664 3681 sci-

2000 3730 2138 3787 licet
2165 3708 2518 3800 episcopum
2548 3727 2605 3778 et
2646 3721 2966 3787 Arsaﬁum,
3010 3722 3189 3790 atque
3216 3717 3665 3785 Theognostum

2002 3813 2535 3892 protospatarium,
2582 3814 2640 3867 et
2684 3824 2791 3882 per
2831 3824 2934 3864 eos
2988 3821 3201 3880 pacem
3239 3820 3277 3859 a
3327 3802 3664 3876 Nicophoro

2004 3890 2241 3980 ceptam
2273 3898 2680 3967 conﬁrmavit;
2708 3913 2855 3954 nam
2876 3892 3237 3969 Aquisgrani
3256 3891 3362 3947 ubi
3379 3891 3457 3947 ad
3482 3890 3668 3963 impe-

2002 3977 2263 4053 ratorem
2306 3992 2616 4057 venerunt,
2648 3985 3055 4057 conscriptum
3103 3985 3349 4055 pactum
3378 3979 3457 4036 ab
3489 3994 3559 4035 eo
3603 3977 3666 4033 in

2004 4083 2258 4141 ecclesia
2297 4079 2709 4153 susceperunt,
2737 4089 2903 4129 more
2934 4087 3065 4137 suo,
3098 4070 3158 4125 id
3215 4072 3304 4124 est
3341 4082 3538 4138 graeca
3560 4065 3669 4121 lin-

2005 4191 2127 4246 gua
2181 4170 2391 4229 laudes
2446 4168 2578 4240 ejus
2630 4164 2928 4229 dixerunt,
2972 4161 3397 4233 imperatorem
3442 4172 3582 4213 eum
3612 4159 3669 4211 et

2008 4262 2305 4320 Basileum
2362 4256 2734 4333 appellantes
2767 4272 2779 4308 :
2832 4256 2889 4308 et
2930 4251 2991 4307 in
3029 4246 3383 4305 revertendo
3412 4250 3667 4303 Romam

2008 4353 2334 4420 venientes,
2366 4348 2428 4405 in
2456 4345 2705 4403 basilica
2734 4341 2921 4400 sancti
2947 4339 3095 4396 Petri
3121 4335 3378 4411 apostoli
3406 4335 3668 4392 eundem

2009 4442 2170 4517 pacti
2213 4456 2322 4496 seu
2361 4435 2602 4494 foederis
2648 4431 2919 4489 libellum
2969 4446 3005 4485 a
3054 4431 3247 4517 Leone
3276 4440 3440 4497 papa
3467 4425 3669 4480 denuo

2011 4510 2420 4604 susceperunt.
2468 4523 2695 4591 Quibus
2722 4518 3002 4584 dimissis,
3050 4516 3378 4587 imperator
3407 4510 3669 4581 generali

2010 4600 2312 4678 conventu
2339 4615 2526 4689 Aquis
2578 4608 2962 4684 solempniter
2991 4602 3218 4670 habito,
3254 4600 3669 4689 Bernhardum

2010 4710 2202 4766 ﬁlium
2233 4688 2465 4780 Pippini
2508 4704 2789 4775 nepotem
2820 4712 2999 4753 suum
3021 4694 3084 4750 in
3123 4690 3355 4747 Italiam
3380 4688 3563 4780 misit,
3614 4690 3671 4743 et

2011 4803 2257 4874 propter
2282 4777 2507 4852 famam
2539 4789 2746 4848 classis
2778 4802 2913 4861 qua:
2940 4780 3240 4874 de_Afr_ica
3281 4782 3338 4835 et
3384 4777 3671 4874 Hispania

2015 4866 2094 4948 ad
2112 4866 2478 4945 vastandum
2494 4880 2722 4938 Italiam
2733 4879 2985 4933 ventura
3006 4866 3671 4937 dicebatur,Wallonem

2014 4979 2207 5035 ﬁlium
2237 4972 2561 5032 Bernhardi
2589 4965 2874 5044 patruelis
2905 4962 2997 5019 sui
3025 4977 3165 5017 cum
3193 4959 3294 5016 illo
3320 4975 3449 5015 esse
3474 4957 3669 5031 jussit,

2016 5083 2339 5143 quousque
2358 5078 2561 5121 rerum
2582 5061 2830 5116 eventus
2855 5051 3232 5110 securitatem
3250 5050 3374 5106 suis
3396 5047 3670 5105 adferret.

2019 5135 2152 5215 llaec
2184 5135 2390 5213 classis
2418 5149 2639 5226 partim
2676 5147 2739 5202 in
2772 5141 3095 5214 Corsicam,
3128 5139 3350 5214 partim
3379 5138 3442 5193 in
3467 5135 3672 5226 nSardi-

2019 5247 2185 5304 niam
2212 5244 2389 5310 venit,
2421 5225 2487 5297 iet
2514 5254 2586 5295 ea
2616 5232 2864 5310 quidem
2891 5247 3037 5305 pars
3066 5246 3203 5304 quae
3235 5227 3314 5285 ad
3337 5225 3675 5285 Sardiniam

2020 5335 2201 5401 venit,
2264 5346 2418 5405 pene
2482 5325 2678 5383 deleta
2731 5326 2838 5379 est.
2896 5319 3117 5378 Classis
3170 5320 3677 5375 Nortmannorum

2022 5422 2388 5498 Hyberniam
2425 5415 2687 5474 insulam
2730 5427 2994 5485 agressa,
3042 5406 3487 5478 commissoque
3540 5420 3678 5460 cum

2027 5492 2213 5573 Scotis
2245 5508 2472 5585 praelio,
2504 5504 2707 5563 multis
2731 5519 2804 5559 ex
2833 5501 2917 5558 eis
2947 5497 3290 5562 interfectis,
3313 5494 3508 5551 caeteri
3538 5492 3681 5561 fuga

2024 5602 2182 5676 lapsi
2205 5582 2365 5656 sunt.
2398 5601 2445 5654 A
2476 5592 2800 5663 Grimaldo,
2828 5590 2980 5646 duce
3007 5588 3587 5676 Beneventanorum,
3612 5582 3678 5633 25

2028 5667 2193 5750 milia
2222 5687 2606 5748 sordidorum
2637 5682 2768 5743 auri
2799 5697 2910 5755 pro
2941 5677 3161 5737 tributo
3189 5667 3535 5745 imperatori
3587 5681 3681 5722 so-

3406 5762 3436 5812 3
