4076 6212
259 269 330 318 ’Π
466 288 489 305 ο
1474 259 1902 319 CHRONICON.
1944 288 2014 302 -—-
2053 260 2165 315 ΑΝ.
2208 260 2467 317 8304853.
3612 264 3681 317 78

258 385 380 442 suis
414 384 667 458 imperio
695 383 985 456 privatur,
1018 389 1076 441 et
1104 385 1375 456 privatus
1418 384 1704 441 custodite
1742 382 1917 439 tradi-
1943 386 1991 439 Α
2028 382 2200 455 pagis
2227 388 2389 440 trans
2417 383 2692 441 Rhenum
2718 383 2766 421 ⁸⁸
2793 386 3036 455 propter
3060 382 3180 443 vini
3210 383 3469 456 copiam.
3501 384 3684 443 Porro

258 481 369 545 tur,
400 474 691 545 regnique
737 476 1095 532 monarchia
1124 476 1443 543 Hlothario,
1476 475 1598 532 ﬁlio
1626 475 1776 546 ejus,
1808 490 1917 547 per

255 564 601 620 electionem
635 566 1000 619 Francorum
1030 564 1209 620 datur
1232 566 1310 631 33;
1342 580 1702 634 rursumque
1729 580 1764 619 a
1792 563 1916 618 filio

257 653 602 709 Hludowico
647 657 703 709 et
730 668 768 708 a
797 653 1041 709 Francis
1072 654 1148 710 de
1179 654 1453 711 custodia
1480 654 1723 721 eruitur,
1754 668 1823 708 ac
1852 652 1912 707 in

253 741 546 815 imperiali
578 741 733 797 sede
750 740 1091 797 restituitur.
1126 742 1252 800 Fuit
1280 748 1478 799 autem
1507 743 1635 798 haec
1663 741 1914 813 dejectio

255 845 327 886 ex
354 829 736 902 permaxima
759 830 808 866 ⁸⁸
840 835 1006 902 parte
1037 829 1191 888 facta
1220 836 1464 904 propter
1491 829 1913 887 multimodam

254 918 710 976 fornicationem
740 918 964 985 Judith,
998 920 1198 976 uxoris
1222 921 1376 990 ejus.

817 1008 1188 1066 DCCCXXXIX
1228 1010 1358 1080 (ρο).

328 1101 500 1151 Anno
551 1096 870 1151 llominicaa
922 1097 1353 1154 incarnationis
1402 1101 1505 1153 839
1555 1096 1915 1165 Hlotharius,

258 1183 541 1242 derelicta
586 1186 853 1250 Francia,
888 1185 1118 1241 Italiam
1156 1185 1341 1257 petiit.
1378 1185 1565 1250 Ebbo,
1596 1184 1920 1255 episcopus

260 1273 610 1337 Remorum,
640 1274 703 1328 in
729 1273 992 1341 generali
1021 1274 1260 1343 synodo
1284 1273 1625 1345 deponitur,
1651 1288 1721 1328 ac
1751 1272 1921 1329 multi

260 1361 359 1419 alii
383 1361 561 1417 exilio
589 1361 983 1430 damnantur,
1012 1363 1116 1434 qui
1154 1362 1215 1417 in
1244 1362 1575 1433 dejectione
1606 1363 1919 1434 imperato-

263 1447 347 1503 ris
377 1447 891 1519 conspiraverant.

908 1565 912 1568 ~
956 1537 1236 1595 “CCCXL.

333 1628 503 1678 Anno
557 1624 873 1678 Dominicae
914 1625 1339 1680 incarnationis
1388 1629 1491 1682 8i0
1531 1626 1914 1683 Hludowicus

2028 472 2387 539 Hlotharius,
2420 473 2524 545 qui
2552 477 2611 529 et
2652 473 2852 539 maior
2896 477 3043 532 natu
3085 478 3213 533 erat
3259 478 3316 531 et
3360 474 3685 546 imperator

2025 563 2460 636 appellabatur,
2492 562 2728 620 medius
2761 562 2915 621 inter
2945 566 3228 636 utrosque
3270 562 3553 623 incedens
3598 578 3685 621 re-

2024 668 2213 723 gnum
2244 652 2484 709 sortitus
2516 658 2622 721 eet,
2650 653 2815 726 quod
2846 653 3140 711 hactenus
3165 669 3237 711 ex
3263 653 3393 723 ejus
3420 653 3683 712 vocabu-

2021 741 2080 797 lo
2107 741 2397 798 Hlotharii
2428 742 2477 777 “
2505 745 2912 815 nuncupatur,
2938 746 3253 815 totamque
3282 740 3680 810 Provinciam,

2022 847 2132 887 nec
2152 847 2275 887 non
2296 836 2354 887 et
2373 831 2579 887 omnia
2607 832 2652 868 ‘7
2674 847 2860 900 regna
2890 830 3067 889 Italiae
3090 847 3230 888 cum
3254 830 3386 903 ipsa
3416 832 3684 888 Romana

2020 919 2192 988 urbe,
2216 936 2351 994 quae
2382 920 2647 977 etmodo
2675 920 2753 976 ab
2783 921 2948 978 omni
2979 924 3189 978 sancta
3217 918 3477 978 Ecclesia
3508 934 3686 991 prop-

2022 1015 2109 1064 ter
2137 1009 2517 1080 praesentiam
2550 1008 2959 1080 apostolorum
2990 1009 3137 1069 Petri
3161 1014 3219 1064 et
3250 1007 3412 1066 Pauli
3439 1006 3684 1079 speriali

2025 1097 2295 1168 quodam
2325 1101 2643 1155 veneratur
2667 1096 2997 1170 privilegio,
3019 1103 3076 1153 et
3095 1096 3408 1170 quondam
3439 1099 3684 1171 propter

2026 1184 2280 1243 Romani
2328 1184 2588 1243 nominis
2617 1184 2901 1244 invictam
2945 1186 3275 1258 potentiam
3302 1185 3464 1243 orbis
3494 1189 3679 1243 terra-

2027 1287 2164 1329 rum
2197 1271 2446 1332 domina
2472 1271 2629 1331 dicta
2659 1273 2852 1331 fuerat
2886 1275 2952 1331 ⁵⁸.

2627 1363 2987 1421 DCCCXLVII
3016 1363 3087 1417 ‘9.

2097 1452 2273 1507 Anno
2338 1450 2661 1509 Dominicaa
2745 1449 3171 1509 incarnationis
3246 1452 3348 1504 847
3431 1446 3578 1507 Hetti
3640 1448 3686 1483 ⁸ο

2024 1538 2193 1608 (21),
2254 1538 2629 1597 Trevirorum
2684 1538 3008 1610 episcopus
3067 1539 3134 1603 5‘,
3183 1552 3258 1595 ex
3314 1536 3427 1592 hoc
3487 1534 3687 1592 seculo

2024 1625 2279 1694 transiit,
2334 1636 2393 1681 et
2446 1626 2846 1695 Thietgaudus
2888 1627 2934 1661 ⁵³
2982 1624 3342 1683 kathedram
3399 1624 3528 1696 ejus
3582 1623 3689 1682 ob-

258 1711 601 1782 imperator,
616 1711 762 1766 dum
786 1711 972 1767 tilium
1003 1712 1421 1769 Hludovvicum
1445 1720 1608 1770 trans
1640 1716 1913 1771 Rhenum
1946 1736 1983 1789 Β
2023 1714 2215 1774 tinuit.
2326 1792 2331 1793 ί

256 1800 652 1871 persequitur,
684 1800 899 1857 morbo
930 1806 1233 1872 gravatur,
1265 1808 1323 1857 et
1350 1803 1411 1859 in
1439 1804 1644 1860 navim
1670 1804 1911 1874 missus,

256 1902 364 1958 per
393 1887 654 1946 Moinum
684 1889 733 1924 ³⁸
762 1887 1015 1945 ﬂuvium
1051 1889 1113 1945 in
1140 1889 1420 1947 Rhenum
1445 1891 1779 1957 deducitur,
1806 1891 1914 1948 ibi-

254 1991 375 2048 que
402 1976 463 2035 in
487 1977 686 2036 insula
709 1978 883 2048 juxta
912 1979 1314 2048 lngelenheim
1348 1981 1465 2037 vita
1489 1981 1741 2038 decedit.
1770 1982 1911 2038 Inde

254 2066 694 2124 Mediomatrico
739 2068 789 2103 ³⁸
845 2067 1212 2139 deportatus,
1282 2069 1341 2127 in
1405 2070 1655 2128 basilica
1721 2072 1910 2129 sancti

256 2154 481 2209 Arnulﬁ
514 2157 562 2189 ³⁷
591 2156 1018 2211 honorabiliter
1047 2159 1362 2230 sepultum
1410 2160 1752 2218 mandatur.
1789 2163 1911 2217 Sta-

258 2244 481 2316 timque
512 2245 559 2279 33
604 2244 947 2302 Hlotharius
978 2247 1143 2303 Italia
1167 2249 1216 2284 ³ο
1273 2264 1585 2318 regressus
1621 2251 1690 2317 ⁸ο,
1721 2250 1912 2322 impc-

253 2332 411 2391 rium
442 2333 708 2406 arripuit.
1240 2341 1244 2344 ‘

936 2424 1221 2482 UCCCXLI
1232 2466 1244 2480 .

330 2514 506 2569 Anno
534 2510 857 2569 Dominicee
885 2510 1313 2569 incarnationis
1332 2514 1429 2568 841
1458 2512 1841 2570 Hludowicus
1862 2517 1920 2568 et

253 2599 535 2668 Carolus,
565 2598 811 2667 indigne
841 2600 1094 2656 ferentes
1123 2599 1290 2671 quod
1316 2615 1504 2669 regno
1532 2605 1784 2672 paterno
1813 2615 1921 2673 per

250 2687 466 2747 omnia
494 2687 711 2760 privati
737 2693 955 2758 essent,
987 2688 1309 2745 exercitum
1338 2688 1743 2762 undequaque
1775 2706 1917 2749 con-

254 2777 520 2845 trahunt,
537 2793 610 2835 ac
628 2792 776 2834 mox
796 2776 1038 2836 fratrem
1060 2777 1218 2834 bello
1238 2776 1671 2847 aggrediuntur
1691 2781 1732 2814 “
1753 2780 1917 2852 apud

258 2865 722 2932 Fontaniacum;
774 2864 834 2920 in
863 2880 985 2937 qua
1021 2880 1228 2937 pugna
1257 2864 1341 2924 ita
1370 2868 1732 2925 Francorum
1766 2868 1918 2925 vires

253 2957 578 3012 attenuatae
623 2957 762 3011 sunt
807 2970 876 3010 ac
919 2953 1154 3012 famosa
1202 2954 1390 3011 virtus
1423 2956 1470 2990 “
1498 2954 1822 3024 inﬁrmata,
1854 2960 1919 3014 ut

722 3044 772 3077 ‘3
805 3043 1261 3077 nmnliﬁnont‘m
1294 3044 1458 3077 mani
1488 3045 1652 3077 iam;

256 3059 381 3102 non
407 3043 593 3101 modo
618 3044 697 3101 ad
722 3044 772 3077 ‘3
802 3043 1263 3114 ampliﬁcandos
1293 3044 1458 3113 regni
1488 3045 1789 3112 terminos,
1822 3063 1917 3103 ve-

259 3147 395 3187 rum
426 3131 603 3187 etiam
652 3147 761 3187 nec
797 3131 874 3189 ad
898 3132 1194 3204 proprios
1237 3132 1492 3190 tuendos
1520 3132 1915 3206 imposternm

2034 3064 2141 3119 que
2161 3046 2484 3111 trucidant;
2508 3061 2874 3118 omnemque
2896 3045 3365 3117 circumquaque
3376 3044 3684 3113 regionem

2034 3137 2425 3205 detractantes,
2482 3136 2745 3207 primum
2790 3137 2838 3173 σο
2891 3134 3413 3206 Andegavensem,
3467 3133 3684 3190 deinde

259 3147 395 3187 rum
426 3131 603 3187 etiam
652 3147 761 3187 nec
797 3131 874 3189 ad
898 3132 1194 3204 proprios
1237 3132 1492 3190 tuendos
1520 3132 1915 3206 imposternm

259 3219 621 3278 sufﬁcerent.
651 3220 925 3278 Tandum
965 3235 1091 3279 non
1144 3220 1274 3279 sine
1305 3222 1352 3255 “
1382 3221 1552 3290 gravi
1600 3221 1916 3295 dispendio

260 3325 511 3367 suorum
542 3308 786 3367 Carolus
812 3312 872 3366 et
898 3307 1283 3368 Hludowicus
1308 3309 1590 3369 vicerunt.

921 3397 1140 3454 DCCCX
1148 3397 1253 3454 Lll.

339 3490 510 3546 Anno
534 3485 856 3545 Dominicm
875 3486 1303 3545 incarnationis
1333 3489 1436 3543 842
1460 3492 1573 3545 tres
1589 3489 1917 3560 supradicti

257 3577 472 3635 fratres
488 3575 809 3649 imperium
832 3577 1195 3634 Francorum
1215 3576 1368 3634 inter
1384 3593 1446 3633 se
1468 3577 1827 3646 diviserunt;
1860 3583 1918 3635 e't

259 3663 476 3723 Carolo
504 3663 896 3721 occidentalia
940 3676 1130 3733 regna
1156 3669 1484 3730 cesserunt,
1518 3681 1555 3722 a
1583 3665 1916 3723 Britannico

259 3768 489 3812 oceano
516 3768 710 3825 usque
739 3752 818 3810 ad
847 3755 1069 3810 Mosam
1100 3752 1372 3813 ﬂuvium.
1398 3752 1745 3811 Hludowico
1778 3770 1917 3813 vero

259 3841 593 3911 orientalia,
639 3841 860 3900 scilicet
896 3841 1094 3902 omnis
1132 3841 1449 3901 Germania
1500 3858 1693 3913 usque
1734 3842 1921 3901 Rheni

2596 1820 2597 1823 ‘
2682 1804 2931 1862 DCCCLI
2960 1805 3030 1860 ⁵³.

2092 1896 2267 1952 Λειηο
2298 1893 2617 1953 Dominicae
2647 1892 3076 1953 incarnationis
3106 1892 3201 1947 85I
3241 1891 3389 1950 obiit
3425 1890 3682 1950 Hirmin-

2021 1982 2223 2053 gardis
2256 1983 2298 2021 ει
2329 1983 2536 2052 regina
2556 1983 2691 2057 (22),
2714 1983 2939 2052 conjux
2973 1980 3255 2040 Hlotharii
3280 1980 3681 2053 imperatoris,

2020 2070 2373 2129 venerabilis
2404 2075 2463 2133 et
2488 2074 2611 2129 Deo
2640 2070 3026 2144 acceptabilis
3059 2074 3359 2136 matrona,
3394 2085 3531 2142 quae
3564 2072 3684 2125 tres

2020 2158 2173 2219 ﬁlios
2202 2160 2510 2219 Hlothario
2540 2164 2829 2229 genuerat
2860 2161 2929 2225 ⁵⁵,
2949 2159 3220 2217 videlicet
3244 2157 3681 2224 Hludowicum,

2021 2248 2391 2309 Hlotharium
2418 2253 2479 2308 et
2505 2248 2806 2307 Carolum.

2582 2337 2877 2393 DCCCLlll
2908 2337 3022 2406 (23)
3055 2337 3125 2392 δι.

2046 2470 2057 2475 ς
2096 2431 2268 2482 Anno
2298 2425 2617 2483 Dominicee
2648 2423 3075 2481 incarnationis
3109 2426 3209 2481 853
3242 2421 3615 2481 Nordmanni
3637 2423 3684 2456 ⁸⁷

2025 2512 2432 2572 Britannicum
2458 2528 2626 2569 mare
2656 2511 2899 2580 navigio
2928 2511 3209 2582 girantes,
3239 2511 3437 2570 hostia
3466 2512 3685 2585 Ligeris

2026 2602 2290 2661 ﬂuminis
2311 2604 2777 2673 occupaverunt,
2802 2604 2859 2657 et
2875 2600 3188 2673 repentina
3206 2600 3533 2673 irruptione
3550 2600 3689 2658 civi-

2025 2696 2206 2751 tatem
2230 2690 2532 2750 Namnetis
2551 2692 2597 2723 ⁵⁸
2619 2689 2933 2755 invadunt,
2954 2690 3281 2763 omniaque
3299 2689 3585 2758 caedibus,
3604 2688 3687 2746 in-

2024 2779 2251 2839 cendiis
2266 2795 2339 2837 ac
2356 2779 2580 2852 rapinis
2601 2778 3058 2851 depopulantes,
3075 2778 3422 2851 pontiﬁcem
3435 2777 3688 2835 civitatis

2022 2869 2153 2941 ipso
2170 2868 2264 2924 die
2286 2868 2544 2927 sabbato
2569 2872 2775 2926 sancto
2798 2869 2845 2903 59
2868 2868 3131 2939 paschae,
3147 2883 3286 2924 cum
3312 2866 3685 2941 baptismum

2023 2974 2094 3014 ex
2117 2973 2282 3017 more
2300 2956 2644 3023 celebraret,
2668 2957 2727 3013 in
2754 2956 3004 3014 basilica
3023 2955 3406 3026 interficiunt,
3429 2955 3684 3015 clerum-

2024 3064 2141 3119 que
2161 3046 2484 3111 trucidant;
2508 3061 2874 3118 omnemque
2896 3045 3365 3117 circumquaque
3376 3044 3684 3113 regionem

2028 3225 2391 3285 Turonioam
2448 3230 2749 3298 occupant
2806 3224 3039 3296 urbem,
3070 3240 3139 3281 ac
3189 3222 3366 3283 velud
3403 3222 3686 3281 immanis

2026 3321 2347 3388 tempestas
2372 3319 2588 3374 cuncta
2608 3313 2945 3387 prosternit,
2960 3313 3043 3370 ita
3059 3317 3279 3371 cuncta
3298 3313 3683 3375 consumunt.

2023 3404 2333 3477 Templum
2362 3403 2541 3462 etiam
2570 3401 3099 3475 praecellentissimi
3126 3400 3427 3476 pontificis
3459 3397 3689 3459 Martini

2021 3492 2301 3552 incendio
2345 3497 2631 3551 cremant.
2682 3493 2723 3527 ⁶¹
2759 3494 2921 3549 Tunc
2960 3490 3226 3562 primum
3275 3488 3690 3547 Nordmanno-

2023 3600 2160 3641 rum
2187 3583 2414 3647 classis,
2445 3587 2508 3641 ut
2537 3582 2724 3647 aiunt,
2760 3580 2979 3651 Ligeris
3013 3578 3203 3649 attigit
3230 3578 3424 3636 litora.

2102 3668 2323 3727 Eodem
2341 3684 2505 3725 anno
2538 3667 2663 3736 Egil
2692 3666 2853 3722 abba
2883 3664 3229 3721 monasterii
3253 3663 3616 3720 Prumiensis
3641 3665 3687 3698 ⁶²

2026 3756 2423 3811 constituitur.
2456 3754 2623 3811 Circa
2668 3754 2798 3810 hac
2839 3757 3111 3822 tempora
3142 3749 3249 3820 (24)
3280 3747 3527 3806 Carolus
3555 3748 3687 3825 Pip-

2029 3842 2265 3915 pinum,
2314 3856 2519 3909 regem
2565 3839 2918 3913 Aquitanim,
2948 3842 3231 3913 nepotem
3279 3853 3463 3895 suum
3510 3836 3686 3913 cepit,

260 3932 508 3999 ﬂuenta,
553 3935 611 3991 et
642 3930 948 3991 nonnullae
996 3931 1260 3988 civitates
1306 3946 1449 3989 cum
1505 3929 1921 4000 adiacentibus
1949 3934 1992 3987 D
2029 3929 2181 4005 ipsis
2203 3930 2517 4004 Aquitanis
2545 3946 2686 3991 eum
2707 3928 3119 4003 prodentibus,
3145 3943 3216 3988 eo
3235 3926 3402 4004 quod
3422 3943 3572 4003 pace
3598 3944 3689 3989 so-

1637 4144 1868 4200 VABIIE
1908 4145 2198 4202 LECTlON
2209 4148 2308 4201 ES.

337 4286 389 4319 ³³
417 4285 765 4342 electionem
788 4284 1037 4341 fratrum
1062 4284 1242 4340 datur
1270 4291 1322 4339 7.
1353 4288 1407 4341 8.
1439 4290 1493 4340 9.
1530 4288 1613 4339 10.
1650 4288 1736 4339 11.
1771 4288 1856 4340 t2.

2034 4300 2093 4340 ax
2116 4285 2385 4341 maxima
2422 4285 2468 4339 I'.
2502 4289 2555 4341 3.
2650 4286 2702 4321 ³³
2729 4275 2893 4342 moin
2929 4287 2977 4342 I.
3010 4292 3063 4343 2.
3098 4289 3150 4344 3.
3185 4299 3521 4353 magonum
3546 4288 3599 4338 5.
3633 4286 3685 4338 8.

262 4371 601 4425 magonum
630 4363 682 4414 9.
721 4357 807 4412 10.
843 4357 929 4412 II.
966 4359 1050 4411 l2.
1068 4357 1133 4399 ν³⁶
1157 4354 1681 4412 mediomatricum
1705 4359 1759 4410 2.
1788 4360 1840 4411 Β.
1863 4360 1916 4410 8.
1949 4356 2152 4412 medio
2180 4360 2398 4412 martlo
2423 4360 2477 4412 3.
2511 4355 2715 4413 medio
2744 4356 3136 4415 matricorum
3164 4356 3465 4415 civitatem
3491 4357 3686 4425 77-7-42.

263 4430 309 4465 π
344 4427 729 4501 arnolﬁ2._3.
764 4432 815 4483 5.
911 4428 959 4462 ³⁸
979 4426 1171 4501 _satin1
1202 4430 1254 4482 6.
1284 4443 1409 4501 sqq.

260 4499 461 4555 9—12.
567 4500 616 4534 ⁵²
641 4497 908 4555 formosa
935 4496 1122 4553 virtus
1151 4496 1345 4553 9—121

1505 4428 1553 4465 ³⁸
1585 4425 1815 4482 Italiam
1839 4432 1893 4483 3.
1924 4431 1979 4483 Β.
2012 4432 2096 4483 11.

1451 4499 1500 4534 ⁸³
1528 4512 1652 4553 non
1681 4497 1865 4554 modo
1896 4513 2019 4553 non
2047 4498 2129 4554 ad
2156 4503 2244 4554 5c.

262 4569 472 4655 y_the__ni
659 4571 937 4636 rhenum,
961 4569 1236 4655 rheni7.‘
1292 4570 1340 4655 :5
1364 4568 1615 4655 Igmarii‘
1636 4570 1679 4622 l.
1707 4572 1760 4625 2.
1790 4573 1847 4655 Ζ.
1948 4568 2193 4655 lotharii

2193 4429 2241 4464 ⁸ο
2269 4442 2580 4509 regressus
2608 4432 2739 4484 7—-I
2752 4433 2805 4485 2.
2849 4498 2859 4509 .
2902 4430 2949 4463 δι
2972 4424 3606 4509 aggrediuntur‘bello
3634 4430 3687 4480 Ἰ.

2350 4500 2395 4533 ⁸⁸
2431 4503 2632 4577 taque?
2656 4514 2781 4577 son
2813 4498 2942 4577 sine
2960 4496 3202 4577 3442--
3285 4498 3348 4577 ξεῖ
3366 4496 3687 4577 absum-

2221 4584 2477 4639 regnum
2507 4573 2558 4625 3.
2587 4568 2784 4626 lothar
2806 4574 2862 4627 ϐ.
2891 4566 3148 4639 lotharia
3177 4564 3693 4639 97—12;ij

266 4632 367 4769 Ege
393 4646 447 4697 5.
525 4643 709 4724 “nec
736 4656 861 4697 non
887 4632 1093 4724 omnia
1120 4644 1173 4694 2.
1207 4645 1258 4696 3.
1291 4645 1343 4695 ὕ.
1376 4643 1431 4695 ϐ.
1502 4641 1557 4677 ⁴⁸
1587 4643 1761 4721 ᾼιιιιο
1788 4642 1913 4696 844.
1948 4640 2258 4722 Lotharius
2290 4632 2503 4712 regem
2538 4640 2892 4723 .Solavorum
2922 4635 3340 4697 Gestionulum
3367 4632 3606 4699 occidit,
3636 4634 3696 4690 et

342 4711 657 4768 Iavosslbi
688 4712 1054 4769 subiunavnt.
1088 4716 1259 4769 Anno
1284 4714 1411 4767 846.
1444 4710 1737 4767 Ludmcus
1780 4725 1886 4766 rex
1930 4713 2303 4768 Pannoniam
2340 4712 2597 4769 subeant.
2627 4717 2687 4768 et
2721 4710 2863 4768 inde
2892 4710 3126 4767 rediens
3157 4706 3453 4765 Bohemos
3483 4707 3687 4760 vasta-

342 4711 657 4768 Iavos-sibi
688 4712 1054 4783 subjugavit.
1088 4716 1259 4769 Anno
1284 4714 1411 4767 846.
1444 4710 1737 4783 Ludoicus
1780 4725 1886 4783 rex
1930 4711 2303 4768 Pannoniam
2340 4706 2597 4782 subegit,
2627 4717 2687 4768 et
2721 4710 2863 4768 inde
2888 4710 3126 4783 rediens
3156 4706 3453 4783 Bchemos
3483 4707 3687 4783 vasta-

267 4783 351 4839 vit
378 4788 431 4839 3.
463 4784 530 4839 in
556 4775 832 4854 margine
856 4775 1088 4839 vvetusla
1115 4798 1319 4854 manu.
1353 4784 1617 4854 exiAnn.
1646 4782 1833 4854 Fuld.
1860 4797 1917 4838 α.

2034 4784 2074 4838 1.
2107 4785 2254 4854 sie.
2312 4784 2359 4821 δ’
2381 4775 2748 4854 851294—12.
2787 4784 2852 4854 75°
2880 4782 3043 4854 hetto
3144 4782 3178 4833 9
3204 4776 3443 4854 nepti].
3492 4775 3567 4854 _51
3595 4789 3692 4854 ar-

269 4853 667 4936 chiepiscopis
690 4852 972 4936 ’λθ-μζ
1002 4930 1027 4936 υ
1072 4855 1120 4936 ξ’
1151 4853 1533 4936 thietgandus
1553 4858 1615 4936 ᾖ.
1650 4852 2032 4936 thietgaudus
2177 4852 3064 4936 thioetgaudns_3..thitgaudu's

3250 4848 3298 4881 ⁵³
3331 4849 3453 4902 852.
3480 4850 3685 4905 9—12.

271 4926 321 4961 “
343 4918 806 4996 hérimingardis
838 4930 886 4981 1.
917 4929 971 4981 2.
1000 4930 1052 4981 5.
1080 4918 1522 4997 hermingardis
1552 4928 1603 4980 3.
1636 4918 2049 4997 ermengardis
2078 4928 2133 4980 4.
2165 4918 2583 4997 γνωίηᾷωιάὶι
2604 4926 2660 4981 7.
2690 4918 3076 4997 irmingardis
3107 4919 3309 4997 8—312.
3386 4919 3434 4955 ⁸⁵
3464 4918 3691 4997 genuit.

273 4997 323 5031 ⁶⁶
342 4998 504 5052 ιιηηὶ
527 4995 813 5053 ﬂuitem:
852 4997 1014 5053 deest
1044 5003 1098 5051 7.
1139 4997 1217 5050 I0.
1253 4996 1592 5052 DCCCLIIII.
1633 4995 1678 5049 l.
1707 5000 1760 5050 2.

1876 4996 1917 5031 ⁵⁷
1951 4996 2276 5062 nortmani,
2323 4996 2563 5063 britani,
2602 5012 2746 5052 cum
2794 5009 2961 5051 mare
2992 4996 3043 5048 5.

3158 4992 3205 5027 ⁵⁸
3235 4994 3584 5049 namnetem
3625 4989 3687 5046 31

277 5068 323 5102 ⁵ο
350 5067 544 5124 sancti
566 5068 811 5141 paschae
842 5072 894 5123 5.
972 5068 1020 5102 ⁶⁰
1045 5066 1309 5139 primum
1336 5066 1416 5123 ad
1445 5065 1938 5137 andagavensem
1966 5071 2018 5122 5.
2097 5068 2140 5101 ‘“
2169 5061 2588 5125 cremaverunt
2612 5071 2664 5123 5.
2698 5070 2751 5121 6.
2829 5066 2876 5099 ⁸³
2908 5061 3247 5135 pruniensis
3278 5067 3476 5120 9—I2.

1874 5280 2097 5337 NOTAE.

349 5418 459 5495 (21)
497 5424 671 5482 Anno
700 5422 802 5495 846
832 5419 997 5495 apud
1027 5419 1344 5479 Hontheim
1367 5418 1406 5476 l.
1439 5437 1517 5491 c.,
1544 5435 1606 5493 p.
1642 5423 1762 5491 184,
1797 5420 1928 5479 ulti-

274 5504 381 5546 ma
403 5490 529 5547 vice
559 5490 831 5547 occurrit.

349 5561 1207 5643 (22)“Exdftabanihepitaphio
1257 5578 1359 5623 xm
1402 5561 1529 5623 Kal.
1572 5562 1809 5643 Aprilis.
1856 5560 1940 5618 Cf.

278 5631 689 5695 Ann.'Bertin.
722 5647 821 5693 an.
849 5631 973 5691 853'.

353 5702 465 5774 (23)
542 5708 716 5761 Anno
753 5707 878 5767 843.
923 5701 1008 5761 Cf.
1044 5706 1466 5780 Fragmentum
1512 5704 1769 5765 historiae
1816 5701 1940 5763 Bri-

2040 5419 2258 5493 tannia:
2290 5418 2633 5493 Armoricae,
2666 5422 2905 5493 auctore
2952 5415 3389 5493 coee'vo,_§.pud
3420 5417 3698 5473 Mai-tene-

2044 5490 2219 5546 Thes.
2255 5487 2491 5561 an_ecd.,
2526 5493 2615 5561 Ill,
2648 5493 2772 5561 38I,
2804 5495 2861 5546 et
2889 5491 3159 5561 Bouqnet
3184 5487 3294 5555 VII“,
3322 5491 3409 5561 411.

2123 5533 2236 5634 ἱὲῖ)
2255 5533 3159 5629 ”‹Ξ”ιῗ”ἱὲιὶιῖ”ὲςέἔιίιέ.”ἒιὲἰῖ.“ἒέεξῖ
3177 5533 3442 5617 έὶᾙιὶἁ.
3474 5570 3572 5611 an.
3607 5555 3695 5617 es,

1956 5654 1961 5659 .
2048 5648 2180 5741 sqq.
