4086 6200
472 247 538 298 79
1591 234 1964 291 REGINONIS
2002 230 2418 289 PRUMIENSIS
2458 234 2779 294 ABBATIS.
3638 268 3661 287 .-
3823 248 3889 302 30

470 364 594 421 luta
635 364 848 421 eadem
893 360 1199 435 provincia
1229 374 1266 416 a
1295 358 1419 415 suis
1448 358 1743 429 indigenis
1786 357 2121 414 devastare-
2148 358 2197 411 A
2231 356 2578 414 versationis
2638 364 2938 433 suscepto,
3006 360 3067 417 in
3138 361 3443 434 religionis
3521 366 3888 437 professione

470 457 584 523 tur,
634 457 691 509 et
736 450 925 508 multa
970 450 1086 505 illic
1130 447 1292 504 mala
1342 448 1589 521 impune
1636 450 2035 521 patrarentur,
2067 448 2123 501 et

468 546 713 615 captum
760 556 899 597 cum
951 538 1198 595 consilio
1234 538 1657 610 episcoporum
1690 554 1759 594 ac
1804 552 2122 610 procerum

467 631 739 701 attondit,
772 633 829 684 et
856 627 1066 683 habitu
1093 627 1450 683 monachico
1475 626 1755 682 indutum
1786 624 2121 683 Suessionis

465 721 527 776 in
557 718 986 775 monasterium
1019 717 1209 773 sancti
1238 717 1497 774 Medardi
1544 715 1721 772 misit.
1774 715 1936 784 Inde,
1976 715 2122 770 duo-

464 809 579 863 bus
608 807 919 864 monachis
941 808 987 841 ⁶³
1010 804 1516 862 consentientibus
1543 804 1721 860 simul
1751 809 1808 861 et
1835 821 2013 877 opem
2034 804 2119 860 fe-

462 897 750 966 rentibus,
782 896 927 967 fuga
950 895 1222 968 dilapsus
1250 899 1337 951 est
1362 912 1375 961 ;
1425 894 1529 949 sed
1555 894 1770 950 iterum
1797 898 2027 966 captus,
2057 893 2118 949 in

466 986 806 1043 Silvanectis
854 987 900 1020 ⁶⁴
953 986 1061 1056 (25)
1113 989 1305 1040 castro
1362 982 1769 1040 munitissimo
1832 982 2117 1039 custodiae

463 1076 860 1149 mancipatur.
896 1074 1025 1129 Fuit
1050 1090 1193 1130 vero
1223 1073 1330 1129 iste
1356 1072 1640 1145 Pippinus
1668 1072 1827 1128 ﬁlius
1863 1071 2115 1145 Pippini,

461 1166 566 1222 ﬁlii
612 1166 938 1221 Hludowici
986 1164 1385 1237 imperatoris,
1417 1164 1492 1219 de
1534 1179 1658 1235 quo
1704 1162 1919 1229 ferunt,
1951 1161 2119 1235 quod

462 1272 601 1311 eum
631 1260 817 1327 pater,
848 1253 1119 1309 videlicet
1167 1253 1546 1309 Hludowicus
1593 1252 1935 1325 imperator,
1968 1251 2118 1306 dum

461 1344 659 1399 adhuc
687 1342 931 1415 puerilis
964 1345 1119 1396 esset
1165 1341 1352 1396 aetatis
1388 1342 1455 1407 65,
1488 1340 1739 1397 voluerit
1767 1342 1847 1397 ad
1875 1340 2116 1396 clerica—

458 1437 553 1488 tus
583 1432 848 1487 ofﬁcium
886 1447 1262 1504 promovere,
1291 1446 1361 1487 ac
1393 1430 1653 1502 Drogoni
1678 1430 1961 1504 episcopo
1986 1433 2118 1486 Met-

459 1524 609 1581 tensi
652 1525 778 1595 [M.,
807 1523 973 1579 fratri
1004 1540 1132 1591 suo,
1174 1527 1392 1595 patruo
1438 1524 1659 1579 scilicet
1699 1523 1890 1597 pueri,
1940 1522 2113 1591 7-12],

458 1613 758 1670 avunculo
805 1611 1077 1667 videlicet
1120 1627 1250 1679 suo,
1283 1612 1711 1669 commendare
1740 1612 1809 1681 ⁸⁸,
1839 1611 2114 1667 erudien-

458 1705 606 1760 dum
633 1705 678 1738 ⁸⁷
708 1702 1056 1758 liberalibus
1100 1702 1278 1758 simul
1307 1706 1363 1758 et
1401 1701 1814 1758 ecclesiasticis
1859 1699 2115 1774 discipli-
2146 1713 2185 1766 Β

457 1793 569 1848 nis.
607 1792 719 1849 Sed
770 1790 1032 1863 paternis
1064 1791 1215 1846 votis
1261 1790 1603 1847 Hlotharius
1644 1790 1917 1862 ejusdem
1946 1790 2115 1863 pueri

455 1882 633 1938 frater
660 1880 872 1936 obvius
905 1881 971 1947 ⁸⁸,
1002 1896 1392 1952 nequaquam
1438 1880 1707 1953 permisit
1748 1896 1889 1936 eum
1928 1882 2115 1935 atton-

456 1972 537 2039 di,
569 1971 675 2027 sed
703 1971 757 2025 vi
788 1969 1080 2027 abstraxit
1106 1970 1180 2025 de
1211 1985 1400 2026 manu
1443 1971 1647 2043 patris.
1684 1974 1821 2027 Erat
1848 1971 2009 2026 enim
2036 1969 2111 2025 is-

454 2061 593 2117 dem
624 2077 795 2134 puer,
823 2064 889 2116 ut
916 2059 1104 2129 aiunt,
1133 2060 1389 2129 ingentis
1434 2060 1642 2131 [mirae,
1676 2060 1824 2131 7-12]
1854 2059 2112 2132 pulchri-

454 2150 698 2221 tudinis,
731 2150 826 2205 cui
850 2148 1240 2222 postmodum
1270 2148 1651 2205 Hludowicus
1690 2149 2017 2221 imperator
2040 2151 2109 2218 δ’,

452 2242 622 2310 pater
651 2255 819 2304 suus,
844 2253 984 2292 cum
1009 2237 1160 2293 inter
1186 2236 1341 2293 ﬁlios
1371 2252 1512 2292 suos
1541 2237 1863 2310 imperium
1895 2239 1942 2272 ⁷ο
1966 2237 2113 2293 divi-

452 2327 634 2398 deret,
667 2326 1049 2399 Aquitaniam
1101 2330 1330 2381 tantum
1374 2325 1751 2398 provinciam
1793 2325 2106 2382 concessit.

455 2418 568 2474 Sed
598 2432 719 2479 non
750 2417 801 2471 ei
830 2416 891 2471 in
920 2431 1277 2489 prosperum
1307 2416 1500 2485 cessit,
1533 2416 1699 2489 quod
1724 2432 1761 2471 a
1792 2416 1893 2471 Dei
1923 2414 2111 2473 cultu-

449 2522 518 2561 ra
543 2509 599 2562 et
624 2504 860 2560 servitio
893 2506 933 2538 τι
962 2508 1276 2559 revocatus
1301 2508 1393 2559 est
1423 2506 1468 2538 τε
1495 2522 1508 2571 ;
1543 2503 1928 2560 ebrietatibus
1948 2505 2110 2560 enim

449 2592 507 2651 et
535 2593 1074 2650 comessationibus
1123 2594 1216 2649 die
1260 2596 1563 2664 noctuque
1602 2608 1848 2662 vacans,
1880 2594 1960 2649 ad
2006 2610 2107 2649 ex-

454 2689 715 2741 tremum
771 2688 970 2740 mente
1026 2688 1256 2755 captus,
1308 2682 1369 2736 in
1422 2682 1768 2738 maniacam
1813 2683 1860 2717 ⁷³
1904 2682 2110 2739 incidit

448 2773 815 2847 passionem,
874 2775 929 2827 et
978 2774 1336 2845 praesentem
1386 2770 1573 2826 vitam
1629 2785 1769 2825 cum
1814 2769 2107 2826 dedecore

450 2863 664 2930 amisit,
694 2876 1102 2916 successorem
1143 2858 1485 2931 relinquens
1530 2856 1849 2931 Pippinum
1891 2859 2103 2930 ﬁlium,

448 2952 522 3007 de
548 2967 671 3024 quo
700 2949 883 3022 paulo
907 2950 951 2982 ⁷⁵
982 2948 1254 3025 superius
1280 2947 1647 3005 mentionem
1676 2948 1947 3004 fecimus.

1135 3038 1423 3093 DCCCLV.

517 3134 689 3184 Anno
745 3125 1067 3183 Dominicaz
1131 3125 1559 3181 incarnationis
1622 3130 1725 3182 855
1781 3126 2100 3197 Hlotarius,

428 3214 788 3275 convocatis
830 3214 1193 3289 primoribus
1222 3215 1411 3285 regni,
1444 3215 1763 3288 imperium
1791 3215 1928 3271 ﬁliis
1979 3216 2101 3271 suis

446 3307 647 3363 divisit
670 3307 752 3374 7‘5;
786 3304 1131 3361 Hludowico
1159 3304 1386 3361 Italiam
1418 3304 1675 3376 tradidit,
1707 3320 1970 3378 eumque
1994 3304 2103 3361 im-

444 3401 782 3470 peratorem
833 3393 1122 3467 appellari
1170 3394 1322 3464 fecit,
1357 3394 1669 3466 requivoco
1712 3409 1877 3463 vero,
1910 3393 1972 3449 id
2015 3399 2104 3450 est

444 3486 765 3553 Hlothario,
798 3499 1050 3554 regnum
1090 3482 1255 3556 quod
1300 3499 1373 3539 ex
1421 3500 1530 3539 suo
1577 3483 1823 3539 nomine
1852 3486 2103 3540 vocatur

443 3575 755 3644 concessit,
790 3573 1001 3631 Carolo
1030 3578 1250 3643 autem,
1268 3573 1373 3646 qui
1396 3573 1600 3644 junior
1618 3578 1766 3629 natu
1792 3578 1937 3643 erat,
1961 3576 2099 3629 Pro-

441 3664 652 3720 vincim
679 3678 935 3735 regnum
963 3662 1211 3732 largitus
1235 3666 1343 3718 est.
1367 3661 1674 3741 Dispositis
1694 3662 1894 3734 itaque
1921 3666 2100 3733 atque

444 3753 730 3811 ordinatis
758 3752 927 3822 regni
956 3753 1228 3823 negotiis,
1250 3750 1589 3807 valedicens
1611 3750 1754 3819 suis,
1778 3750 2033 3823 reliquid
2053 3752 2099 3785 ’³⁸

444 3844 733 3910 seculum,
766 3846 946 3913 atque
975 3840 1039 3895 in
1067 3840 1306 3895 Prumia
1330 3840 1696 3896 monasterio
1729 3842 1795 3907 ττ,
1830 3840 2095 3907 veniens,

444 3948 686 3988 comam
733 3929 941 4002 capitis
997 3928 1292 4000 deposuit,
1324 3928 1654 3999 habituque
1700 3933 1921 3985 sanctae
1953 3943 2096 3984 con-

2231 444 2391 501 diem
2417 446 2631 504 clausit
2664 453 3017 518 extremum,
3047 454 3078 507 3
3110 450 3241 507 Kal.
3275 451 3566 521 Octobris.

2898 540 3215 596 DCCCLVI.

2299 626 2473 679 Anno
2502 626 2825 683 Dominicae
2871 626 3304 684 incarnationis
3335 633 3441 685 856
3475 632 3520 667 ⁷⁸
3552 631 3887 691 Hlotharius

2228 727 2332 767 rex
2360 712 2757 787 Thietbirgam
2792 719 2836 752 79
2868 717 3140 789 reginam
3185 717 3297 775 sibi
3340 719 3402 775 in
3431 721 3886 782 matrimonium

2223 801 2457 872 junxit;
2505 821 2577 861 ex
2606 822 2730 879 qua
2777 807 3199 879 conjunctione
3245 809 3515 867 maxima
3561 811 3738 868 ruina
3765 830 3883 870 non

2226 889 2309 946 illi
2336 893 2554 962 solum,
2584 895 2689 950 sed
2719 896 2899 952 etiam
2924 896 3091 953 omni
3117 912 3304 966 regno
3325 898 3455 969 ejus
3485 900 3722 971 accidit,
3738 902 3886 959 sicut

2225 977 2288 1034 in
2318 981 2824 1055 subsequentibus
2851 986 2900 1020 ⁸ο
2926 985 3058 1042 luce
3085 985 3303 1042 clarius
3333 987 3672 1060 apparebit.

2795 1075 3135 1131 coccum
3179 1076 3308 1147 (26).
3419 1104 3430 1110 -

2295 1162 2466 1215 Anno
2495 1162 2815 1218 Dominicis
2840 1162 3267 1221 incarnationis
3296 1169 3399 1222 858
3423 1167 3467 1201 ³¹
3496 1167 3741 1224 Carolus
3759 1185 3882 1237 rex,

2224 1246 2382 1303 ﬁlius
2411 1249 2697 1306 Hlotharii
2738 1251 3139 1324 imperatoris,
3171 1255 3451 1323 moritur;
3501 1256 3608 1328 qui
3645 1260 3884 1315 Provin-

2226 1337 2384 1393 ciam
2433 1339 2697 1409 regebat,
2732 1344 2790 1396 et
2836 1356 2909 1397 ex
2956 1358 3142 1413 regno
3198 1343 3366 1415 quod
3405 1348 3694 1415 tenuerat,
3728 1347 3887 1405 facta

2225 1432 2314 1483 est
2340 1443 2465 1483 non
2496 1429 2734 1486 modica
2766 1431 3170 1488 controversia
3210 1432 3363 1488 inter
3393 1433 3761 1492 Hlotharium
3791 1454 3885 1493 re-

2225 1531 2364 1587 gem
2406 1522 2461 1573 et
2506 1519 2873 1575 avunculum
2919 1522 3245 1593 [patruum,
3276 1525 3330 1589 4,
3364 1524 3518 1595 7-12]
3550 1524 3679 1595 ejus
3709 1529 3885 1583 Caro-

2224 1604 2370 1662 lum.

2902 1698 3207 1754 DCCCLIX.

2296 1785 2470 1839 Anno
2524 1784 2845 1841 Dominicae
2896 1786 3325 1843 incarnationis
3378 1793 3481 1847 859
3542 1789 3883 1848 Hlotharius

2223 1871 2518 1927 Hucberto
2561 1874 2608 1907 ⁸²
2662 1872 2869 1929 abbati
2923 1874 3215 1931 ducatum
3262 1878 3309 1910 ⁸³
3364 1877 3518 1933 inter
3566 1879 3777 1936 Jurum
3827 1885 3889 1937 et

2220 1965 2490 2017 montem
2517 1963 2564 1997 δ”
2592 1963 2754 2019 Jovis
2780 1964 3099 2036 commisit,
3131 1981 3203 2022 eo
3233 1966 3404 2039 quod
3434 1972 3575 2025 tunc
3602 1969 3885 2027 ﬁdelissi-

2220 2066 2358 2106 mus
2377 2054 2703 2124 putaretur,
2720 2056 2922 2125 utpote
2945 2052 3229 2111 aﬁinitate
3251 2057 3387 2128 conj
3397 2062 3609 2115 unctus
3638 2065 3888 2132 propter

2222 2155 2490 2196 sororem
2519 2140 2940 2213 Thietbirgam.

2710 2238 2717 2243 ’
2910 2231 3199 2288 DCCCLX.

2290 2322 2462 2375 Anno
2494 2320 2814 2375 Dominicis
2859 2320 3290 2379 incarnationis
3322 2329 3428 2381 860
3460 2325 3582 2395 Egil
3612 2328 3661 2361 ⁸⁵
3688 2326 3883 2384 abba-

2220 2408 2367 2465 tiam
2384 2409 2787 2465 Prumiensem
2811 2426 2921 2466 sua
2946 2415 3159 2473 sponte
3185 2412 3430 2481 dimisit,
3455 2418 3512 2471 et
3534 2415 3884 2473 Ansbaldus

2219 2498 2266 2539 8“
2287 2498 2402 2569 (27)
2427 2498 2807 2568 inregimine
2839 2499 3142 2568 successit,
3173 2500 3264 2557 vir
3292 2503 3462 2559 omni
3489 2504 3800 2562 sanctitate
3824 2511 3886 2563 et

2216 2586 2482 2643 bonitate
2509 2587 2892 2661 conspicuus.
2919 2588 3018 2644 His
3038 2588 3151 2661 (28)
3171 2591 3546 2663 temporibus
3579 2592 3887 2650 Hludowi-

2218 2691 2324 2731 cus
2376 2675 2593 2744 senior,
2626 2677 2806 2732 frater
2852 2677 3140 2734 Hlotharii
3184 2677 3583 2752 imperatoris,
3615 2682 3883 2755 plurima

2214 2765 2372 2822 bella
2402 2767 2806 2823 strenuissime
2839 2768 3024 2837 gessit
3051 2767 3338 2825 adversus
3368 2771 3716 2829 Sclavorum
3738 2789 3883 2843 gen-

2215 2859 2340 2923 tes;
2398 2855 2695 2928 siquidem
2748 2858 3187 2914 Marahensium
3223 2860 3270 2894 ⁸⁷
3317 2875 3506 2931 regna
3547 2861 3878 2932 ingressus,

2215 2944 2400 2999 armis
2425 2948 2641 3000 cuncta
2663 2944 3024 3017 perdomuit,
3048 2951 3225 3020 capto
3250 2964 3461 3005 eorum
3485 2950 3754 3023 principe
3775 2967 3883 3008 no-

2134 3067 2175 3121 C
2213 3032 2374 3088 mine
2400 3033 2595 3089 Rastiz
2624 3035 2689 3088 ⁸⁸.
2724 3034 2819 3089 cui
2871 3034 3050 3090 etiam
3095 3041 3340 3109 propter
3376 3037 3600 3096 violata
3643 3039 3882 3097 fmdera

2212 3122 2420 3178 oculos
2451 3121 2710 3177 effodere
2743 3122 2909 3192 (erui,
2945 3124 3090 3194 7-12]
3115 3124 3296 3195 jussit
3322 3127 3389 3181 ⁸9.

2282 3214 2365 3268 Ea
2384 3215 2735 3284 tempestate
2752 3214 2862 3284 (29)
2875 3212 3026 3268 inter
3040 3213 3341 3287 principes
3371 3215 3558 3272 Jaroli
3574 3232 3875 3287 magnum

2211 3300 2647 3357 discordiarum
2665 3316 2736 3356 ac
2757 3299 2949 3357 litium
2974 3301 3227 3358 eferbuit
3247 3303 3614 3362 incendium.
3635 3308 3685 3342 9°
3702 3309 3878 3365 Deni-

2210 3405 2329 3462 que
2351 3389 2723 3459 Lambertus,
2748 3391 2852 3462 qui
2872 3391 3161 3447 ducatum
3184 3392 3425 3449 tenebat
3446 3393 3597 3450 inter
3615 3394 3876 3465 Ligerim

2211 3483 2267 3535 et
2289 3478 2979 3552 Sequanam,Vivianum
3003 3482 3167 3553 91(30)
3183 3485 3489 3555 potentem
3510 3485 3708 3541 virum
3731 3485 3876 3542 dolo

2208 3568 2531 3637 interfecit;
2572 3584 2779 3624 rursus
2828 3570 3089 3626 eundem
3128 3571 3514 3628 Lambertum
3542 3575 3655 3645 (31)
3686 3575 3876 3631 Gauz-

2208 3659 2414 3715 bertus
2441 3660 2486 3693 ⁹²
2513 3674 2713 3713 comes
2741 3675 2877 3715 cum
2910 3659 3039 3715 aliis
3079 3676 3249 3733 aeque
3279 3661 3421 3718 dolo
3454 3664 3502 3698 ⁹³
3535 3664 3871 3721 trucidavit.

2210 3750 2404 3805 Isdem
2434 3749 2794 3805 Gauzbertus
2822 3750 2932 3820 (32)
2956 3751 3131 3822 jussu
3174 3751 3366 3809 Caroli
3399 3753 3731 3811 decollatus
3758 3761 3869 3812 est.

2210 3839 2555 3895 Destitutam
2572 3842 2790 3894 terram
2814 3840 3185 3913 principibus
3214 3845 3271 3898 et
3298 3842 3549 3899 consilio
3576 3844 3873 3902 nudatam

2207 3926 2633 4000 perspicientes
2648 3927 2960 3996 Brittones,
2976 3945 3146 3987 arma
3166 3930 3515 4003 corripiunt,
3531 3932 3684 3989 ﬁnes
3700 3934 3871 4005 regni

1819 4124 2048 4178 VARUE
2090 4122 2497 4178 LECTIONES.

518 4270 564 4304 ⁸³
607 4267 919 4325 monachis
961 4266 1022 4322 in
1060 4266 1174 4338 hoc
1207 4271 1272 4338 1.
1332 4266 1377 4299 ⁵⁵
1408 4269 1621 4338 captus
1648 4264 1850 4338 insula
1898 4264 2087 4338 Nectis
2131 4270 2290 4338 5‘.pn_1_
2331 4264 2481 4320 silua
2510 4263 2701 4319 noctis
2730 4269 2782 4319 7.
2862 4266 2910 4338 {‘5
2941 4268 3110 4321 aetate
3137 4272 3190 4320 7.
3234 4266 3522 4338 puerulus
3553 4273 3870 4335 essetrvo-

442 4340 614 4397 luerit
638 4346 689 4396 2.

806 4342 854 4374 δδ
884 4337 1139 4409 drogoni
1183 4336 1465 4409 episcopo
1484 4335 1775 4409 inettensi
1792 4336 2088 4409 avunculo
2116 4335 2390 4409 videlicet
2421 4351 2531 4409 suo
2559 4336 3070 4409 commendaret.
3105 4340 3157 4391 2.
3192 4335 3259 4409 3;
3282 4339 3377 4409 (4.)
3405 4343 3456 4395 5.
3490 4342 3541 4394 6.

3656 4342 3701 4375 ⁵7
3735 4357 3871 4397 eru-

441 4412 731 4467 diendum
755 4409 926 4485 illum
956 4406 1025 4464 6f
1050 4412 1109 4485 (ξὲ-
1121 4406 1339 4485 obvius
1364 4406 1522 4485 deest
1647 4407 2096 4485 69__hlud_owic_u_s
2125 4407 2452 4485 imperator
2478 4407 2638 4485 deest
2674 4408 2801 4485 l._3_.
2832 4412 2884 4463 6.
2927 4406 3155 4485 7_°_inter
3182 4407 3335 4485 ﬁlios
3352 4406 3510 4485 (suos
3535 4410 3865 4485 imperium

441 4485 596 4541 deest
629 4488 676 4538 1.
707 4487 758 4538 3.
789 4486 840 4538 6.
874 4481 1024 4537 inter
1051 4480 1205 4535 ﬁlios
1234 4496 1375 4536 suos
1404 4480 1563 4536 deest
1685 4480 1729 4513 ῖ¹
1765 4480 1861 4535 dei
1891 4479 2124 4535 servitio
2153 4478 2291 4534 4.’7.
2326 4483 2473 4534 9-12.
2516 4480 2563 4512 τ’
2596 4478 2833 4534 servitio
2865 4478 3205 4535 subtractus
3236 4484 3324 4537 est
3349 4484 3401 4535 5.
3437 4487 3488 4536 7.
3523 4478 3679 4538 9-12.
3722 4484 3774 4517 ⁷³
3800 4483 3869 4540 in

439 4555 822 4612 amaniacam
854 4559 904 4608 7.
940 4554 1000 4608 in
1027 4552 1371 4608 amanicam
1401 4556 1451 4607 9.
1488 4556 1572 4607 10.
1605 4551 1943 4621 amenciam
1966 4555 2060 4621 11.
2101 4548 2184 4621 12.
2261 4551 2308 4583 7"
2336 4566 2375 4621 p

436 4628 589 4684 ﬁlios
614 4625 814 4683 divisit
845 4629 894 4679 1.
924 4629 976 4680 2.
1010 4629 1063 4679 3.
1093 4627 1124 4677 6
1148 4624 1174 4677 ?
1212 4625 1260 4657 τε
1290 4622 1413 4678 suis
1442 4621 1741 4677 mundum
1765 4620 2002 4693 reliquit
2026 4625 2077 4675 5.
2110 4624 2143 4675 6
2163 4620 2191 4675 ?
2228 4621 2275 4653 ⁷⁷
2303 4619 2608 4692 prumiam
2632 4620 3067 4693 monasterium
3100 4627 3151 4693 5.
3181 4624 3212 4682 6

2380 4549 2518 4629 aulo
2556 4549 2714 4604 deest
2745 4556 2798 4606 7.
2831 4554 2976 4633 9-12..
3056 4550 3663 4633 “uituperiumsuum
3708 4553 3870 4633 inter

3286 4629 3528 4693 prumia
3556 4629 3874 4683 monaste-

436 4699 591 4754 rium
620 4702 674 4753 4.
743 4699 790 4731 ῖθ
824 4700 946 4751 855.
980 4698 1042 4750 in
1072 4697 1196 4750 loco
1225 4710 1380 4751 raso.
1426 4694 1506 4748 ll.
1546 4694 1627 4748 12.
1682 4694 1729 4726 79
1773 4691 2167 4764 thietbergam
2194 4694 2245 4745 5.
2276 4691 2637 4764 constanter.
2681 4694 2728 4724 ⁸ο
2767 4691 2830 4747 in
2859 4692 3246 4764 sequentibus
3276 4691 3324 4749 f.
3361 4697 3411 4749 3.
3446 4697 3499 4749 4.
3532 4698 3583 4749 6.
3654 4697 3698 4730 ⁸¹
3728 4699 3864 4754 856.

441 4773 524 4822 11.
582 4774 663 4825 12.
717 4771 801 4834 (in
855 4770 980 4823 loco
1028 4766 1208 4835 raso).
1323 4768 1443 4819 859.
1496 4768 1640 4835 L72.
1702 4764 1782 4819 10.

436 4838 481 4871 ⁸⁵
504 4846 705 4894 monte
731 4846 782 4893 7.

1898 4764 1945 4795 ⁸²
1973 4761 2231 4842 buberto
2280 4767 2331 4816 7.
2367 4761 2744 4842 hugbnertogt.
2785 4767 2874 4842 11.
2922 4761 3004 4842 12.

862 4840 907 4873 ⁸⁵
938 4837 1103 4907 Exgil
1129 4833 1183 4892 2.
1261 4838 1307 4869 36
1334 4834 1665 4907 auspaldus
1826 4836 1873 4907 δῖ
1906 4833 2335 4907 mirahensium
2365 4837 2418 4888 3.
2488 4834 2542 4907 γεγε
2571 4833 2752 4907 rastin
2776 4839 2824 4889 1.
2858 4834 3367 4907 Γᾶεῒτὶχλιιειειίῑῑ
3397 4841 3450 4892 2.
3485 4842 3537 4892 5.
3571 4841 3623 4893 6.
3655 4839 3864 4897 rastri.

3119 4765 3166 4797 ³⁸
3196 4764 3485 4821 ducatum
3515 4766 3674 4822 deest
3712 4768 3767 4823 5.
3805 4774 3865 4826 7.

439 4912 522 4962 11.
580 4911 625 4943 δυ
652 4910 859 4964 oculos
891 4902 1173 4965 eﬁ‘odiare
1194 4906 1370 4979 jussit
1398 4902 1469 4961 2f
1506 4906 1553 4939 9°
1580 4904 1833 4960 etl'erunt
1858 4902 2204 4979 incendium
2235 4907 2428 4959 9-12,
2470 4904 2929 4979 _9'_vivinia_r_i_um
2952 4912 3004 4979 7_.
3033 4905 3496 4979 juvianumcod
3523 4909 3585 4965 S.
3622 4908 3858 4966 Godeh.

434 4980 480 5013 93
514 4980 888 5047 ganzbertus,
921 4985 1030 5036 etc.
1068 4985 1118 5035 5.
1154 4974 1531 5049 gausbertus,
1565 4980 1672 5031 etc.
1704 4980 1857 5031 9-12.
1937 4976 1984 5010 9³
2015 4990 2217 5030 comes
2245 4990 2410 5043 aeque
2451 4974 2591 5030 dolo
2624 4980 2674 5031 5.
2727 4975 2856 5032 aliis
2885 4974 3250 5034 dolo‘7—l2.
3284 4977 3413 5034 aliis
3457 4978 3659 5036 multis
3690 4983 3763 5035 tr.
3801 4986 3865 5039 7.

2018 5167 2248 5225 NOTAE.

498 5299 610 5439 £25)
648 5298 893 5361 Senlis.)

520 5375 611 5439 26)
651 5373 821 5424 Anno
853 5370 893 5422 81

520 5375 611 5441 26)
651 5373 821 5424 Anno
853 5370 975 5422 863.

496 5433 605 5512 (27)
646 5443 821 5512 Anno
866 5443 958 5492 861
1012 5437 1207 5512 primo
1236 5434 1295 5489 in
1329 5433 1762 5506 Diplomatibus
1803 5433 2077 5489 oceurrit.

422 5510 742 5568 HOntheim
768 5510 808 5565 l.
841 5526 917 5578 c.,
950 5522 1009 5579 p.
1043 5510 1161 5562 198.

492 5586 605 5654 (28)
646 5582 833 5637 Rastiz
863 5574 1023 5654 anno
1039 5581 1153 5654 _8_70
1179 5579 1392 5654 captus
1420 5581 1528 5654 est.
1565 5578 1719 5632 Ann.
1754 5574 1916 5654 Fuld.

494 5647 602 5728 (29)
643 5658 814 5709 Anno
862 5654 964 5707 848
1004 5647 1673 5721 (ΟΙιιτοΠῘΒΓίιᾶηηὶοιιω
1719 5648 1881 5720 apud
1929 5650 2075 5703 Bou-

2192 5297 2336 5376 quet
2364 5296 2474 5376 Vll,
2510 5298 2652 5376 221)¹
2683 5300 2787 5352 aut
2832 5301 2955 5376 849.
3009 5300 3184 5365 (Ann.
3236 5300 3471 5372 Bertin.)
3517 5301 3767 5359 Carolus
3819 5321 3863 5363 a

2188 5366 2511 5422 Nomenvio
2542 5367 2732 5422 victus
2761 5372 2867 5423 est.

2260 5434 2374 5519 (30)
2403 5440 2528 5519 itu.
2571 5442 2698 5519 851,
2729 5454 2801 5494 ex
2832 5438 3050 5497 Chron.
3087 5442 3366 5515 Aquitan.
3399 5457 3505 5510 seu
3552 5444 3866 5504 Memmia-

2184 5521 2286 5577 no,
2318 5512 2376 5563 et
2401 5508 2724 5577 Engolism.

2258 5578 2371 5646 (31)
2411 5584 2520 5634 An.
2554 5582 2677 5648 852,
2719 5581 2873 5636 Ann.
2910 5582 3057 5637 Bert.

2248 5648 2366 5728 (32)
2406 5652 2606 5728 Anno_
2630 5654 2772 5728 853_;_
2828 5650 2899 5707 cf.
2936 5652 3143 5709 chron.
3182 5655 3465 5728 Aquitan.
3500 5656 3622 5714 sive
3674 5660 3860 5717 Mem-

2179 5721 2453 5776 mianum
2484 5727 2541 5775 et
2569 5721 3023 5792 Engolismense
3056 5741 3156 5783 an.
3189 5721 3313 5785 852.
