4076 6212
237 196 300 250 8,
630 219 634 223 ,
1481 184 1902 245 αΗιιοΝιεοΝ.
1929 213 1998 226 -
2027 188 2142 243 ΑΝ.
2171 190 2428 246 861-864.
3601 188 3670 241 82

240 319 602 373 Francorum
628 312 938 385 invadunt,
974 313 1229 384 Ligerim
1257 314 1590 378 transeunt,
1622 312 1679 365 et
1706 323 1899 380 usque
1928 310 1978 364 Α
2014 311 2192 367 noius
2221 313 2293 349 ὀε
2320 328 2426 368 rex
2454 312 2789 369 Brittonum
2813 311 3081 381 moritur,
3113 309 3320 365 divino
3357 312 3509 365 nutu
3536 324 3671 381 per-

240 403 486 460 Pictavis
550 402 1036 474 progrediuntur,
1087 401 1375 469 aedibus,
1418 400 1670 473 rapinis,
1713 402 1772 454 et
1814 397 1901 452 in-

240 492 465 550 cendiis
511 491 718 547 omnia
774 491 1232 565 depopulantes,
1283 489 1630 562 oneratique
1677 486 1904 558 ingenti

237 582 448 657 praeda
479 581 559 637 ad
582 581 830 655 propria
856 581 1130 637 redeunt.
1149 580 1237 636 Ad
1259 581 1369 652 (33)
1399 577 1903 653 compescendam

236 686 378 727 vero
404 670 587 742 hujus
608 669 1093 743 praesumptionis
1110 668 1492 725 insolentiam
1509 666 1751 724 Carolus
1763 681 1902 721 cum

240 775 469 831 magno
493 759 758 816 exercitu
784 758 1132 816 Brittaniam
1174 759 1433 816 intravit.
1481 761 1689 827 Pugna
1736 771 1902 811 com—

238 848 509 917 mittitur,
572 850 840 905 Saxones
888 849 1003 920 (34)
1045 849 1149 922 qui
1193 847 1476 905 conducti
1522 847 1775 913 fuerant,
1823 843 1903 900 ad

240 936 628 1009 excipiendos
677 936 972 993 velocium
1021 952 1317 1010 equorum
1364 936 1780 992 anfractuosos
1817 948 1904 989 re-

240 1042 458 1081 cursus
487 1025 548 1081 in
577 1025 773 1098 prima
816 1025 1006 1082 fronte
1053 1031 1383 1099 ponuntur,
1417 1024 1523 1080 sed
1570 1023 1768 1097 primo
1793 1023 1906 1077 im-

238 1118 403 1188 petu,
435 1114 676 1189 spiculis
725 1115 1055 1171 Brittonum
1102 1113 1419 1187 perterriti,
1443 1113 1507 1167 in
1536 1112 1663 1167 acie
1711 1127 1773 1165 se
1814 1125 1907 1165 re-

239 1203 525 1260 condunt.
555 1204 849 1260 Brittones
896 1218 1065 1259 more
1092 1202 1269 1258 solito
1315 1202 1439 1256 huc
1484 1199 1747 1271 illucque
1772 1213 1911 1253 cum

240 1291 412 1364 equis
440 1291 519 1347 ad
559 1289 988 1361 hujuscemodi
1035 1288 1381 1344 conflictum
1422 1285 1755 1342 exercitatis
1791 1284 1911 1340 dis-

246 1383 556 1435 cursantes
585 1380 659 1449 ⁸⁸,
689 1378 877 1434 modo
906 1377 1237 1434 confertam
1256 1379 1302 1413 ³⁸
1328 1380 1692 1433 Francorum
1721 1374 1912 1430 aciem

246 1468 563 1540 impetum,
596 1482 666 1523 ac
692 1467 831 1522 totis
856 1467 1081 1522 viribus
1110 1468 1171 1521 in
1198 1466 1400 1522 medio
1451 1467 1499 1501 ⁹⁶
1527 1464 1761 1536 spicula
1788 1467 1909 1518 tor-

247 1560 451 1629 quent,
484 1571 644 1610 nunc
692 1555 906 1625 fugam
964 1554 1315 1610 simulantes
1348 1556 1416 1620 9",
1466 1552 1909 1625 insequentiam

2014 417 2248 458 cussus.
2268 406 2416 458 Nam
2442 418 2580 457 cum
2611 400 2892 457 ecclesias
2923 399 3021 455 Dei
3036 399 3464 464 devastaret,et
3493 398 3676 453 conii-

2012 490 2114 546 nia
2140 491 2451 546 crudeliter
2501 488 2990 563 depOpularetur,
3040 504 3111 543 eo
3140 487 3305 560 quod
3330 485 3541 543 Carolo
3572 486 3673 541 de-

2011 578 2199 636 bitam
2254 579 2597 636 ﬁdelitatem
2653 582 2983 645 servarent,
3036 576 3305 650 quadam
3357 575 3474 645 die,
3533 591 3673 631 cum

2014 683 2240 741 equum
2270 668 2593 725 ascendere
2610 667 2804 736 vellet,
2828 671 2893 721 ut
2920 670 3182 738 coeptam
3204 663 3505 720 maliciam
3537 680 3674 719 con-

2015 763 2302 824 sumaret,
2332 762 2573 830 repente
2611 756 2757 812 vidit
2784 760 2920 813 ante
2947 772 3010 810 se
3055 758 3335 809 sanctum
3369 755 3439 787 “‘9
3467 752 3673 809 Mauri-

2010 846 2233 903 lionem
2269 848 2338 882 ¹¹⁰
2368 847 2723 919 episcopum
2751 848 2967 913 astare,
3000 843 3112 899 sibi
3142 843 3272 898 haec
3311 848 3480 898 torvo
3507 842 3676 898 vultu

2013 941 2070 992 et
2091 936 2455 993 terribilibus
2502 935 2691 991 oculis
2720 934 3224 1005 ingeminantem:
3273 933 3483 987 Desine
3518 934 3673 1000 jam,

2014 1027 2271 1083 crudelis
2294 1018 2831 1095 prwdo,'ecclesias
2858 1025 2968 1080 Dei
2992 1023 3322 1079 devastare.
3349 1020 3446 1077 His
3476 1020 3673 1088 dictis,

2016 1116 2301 1171 baculum
2351 1130 2533 1187 quem
2592 1130 2781 1170 manu
2834 1113 3107 1183 gestabat
3135 1112 3399 1177 elevans,
3448 1126 3587 1166 eum
3611 1109 3676 1165 in

2018 1203 2210 1276 capite
2233 1202 2526 1276 percussit
2550 1221 2564 1270 ;
2594 1203 2698 1275 qui
2724 1219 2761 1259 a
2791 1203 2915 1257 suis
2944 1201 3006 1256 in
3035 1201 3289 1256 domum
3318 1202 3671 1272 reportatus,

2018 1291 2204 1347 vitam
2233 1308 2373 1347 cum
2399 1305 2584 1360 regno
2630 1289 2837 1346 ﬁnivit.
2868 1289 2995 1346 Fuit
3032 1292 3235 1345 autem
3270 1289 3376 1343 iste
3408 1286 3673 1344 Maurilio

2023 1382 2086 1415 ¹¹¹
2142 1380 2462 1453 episcopus
2492 1378 2945 1448 Andegavensis
2969 1377 3135 1432 urbis
3161 1378 3254 1430 ιη.
3288 1376 3458 1446 cujus
3483 1376 3679 1431 civita-

2018 1470 2090 1525 tis
2115 1470 2350 1525 termini
2397 1471 2783 1541 cohaerebant
2826 1468 3052 1523 ﬁnibus
3101 1466 3421 1534 Brittaniae,
3462 1469 3517 1519 et
3546 1465 3680 1520 ideo

2017 1558 2096 1614 ab
2122 1559 2208 1613 eis
2234 1558 2489 1628 graviter
2517 1556 3049 1630 depopulabantur
3072 1558 3142 1590 “3
3167 1554 3340 1611 Filius
3371 1552 3678 1619 Nomenoi,

242 1642 632 1700 nihilominus
662 1642 1005 1715 pectoribus
1050 1641 1281 1715 spicula
1313 1642 1525 1711 ﬁgunt.
1570 1640 1776 1697 Franci
1804 1642 1909 1713 qui

2021 1647 2359 1721 Herispoius
2392 1646 2482 1715 1“,
2515 1662 2772 1716 regnum
2802 1650 3124 1718 paternum
3153 1643 3426 1700 obtinuit.

242 1733 517 1789 cominus
543 1734 591 1768 ⁸⁸
622 1732 838 1788 strictis
879 1731 1094 1802 gladiis
1138 1746 1410 1804 pugnare
1451 1734 1907 1794 consueverant,

243 1821 471 1879 attoniti
500 1821 761 1890 stabant,
812 1821 1074 1878 novitate
1125 1825 1263 1877 ante
1290 1820 1582 1894 inexperti
1612 1822 1659 1855 9°
1701 1820 1910 1876 discri-

242 1911 421 1968 minis
446 1910 726 1984 perculsi,
772 1926 884 1966 nec
915 1910 994 1967 ad
1045 1910 1493 1983 insequendum
1539 1908 1761 1981 idonei,
1799 1925 1910 1965 nec

243 2002 305 2057 in
334 2016 527 2056 unum
557 1999 901 2070 conglobati
932 1999 1059 2056 tuti.
1082 2002 1210 2056 Nox
1231 1999 1660 2073 superveniens
1683 1998 1910 2055 bellum

252 2092 324 2126 ¹⁰⁶
352 2089 607 2146 diremit.
642 2088 800 2146 Multi
831 2104 902 2144 ex
943 2088 1187 2145 Francis
1229 2088 1536 2156 interfecti,
1581 2087 1908 2161 quamplu-

244 2178 379 2235 rimi
406 2178 719 2243 vulnerati,
751 2176 1221 2233 innumerabiles
1276 2177 1416 2250 equi
1454 2177 1774 2250 perierunt.
1813 2178 1909 2233 Se-

246 2268 450 2340 quenti
476 2267 577 2323 die
605 2283 814 2322 rursus
867 2282 1075 2339 pugna
1111 2266 1446 2336 inchoatur,
1500 2265 1607 2322 sed
1650 2264 1911 2336 graviori

243 2355 672 2420 infortunio!“
720 2355 943 2412 ﬁnitur.
978 2356 1152 2420 Quod
1205 2371 1456 2411 cernens
1501 2354 1766 2422 Carolus,
1818 2353 1909 2408 ni-

246 2445 368 2502 mio
397 2449 620 2502 terrore
650 2444 1005 2514 dissolutus,
1043 2448 1220 2500 nocte
1244 2443 1434 2499 inscio
1463 2443 1726 2498 exercitu
1755 2442 1913 2497 clam

250 2535 508 2604 aufugit,
540 2536 617 2589 de
660 2533 863 2589 relicto
911 2531 1236 2605 papilione,
1281 2532 1627 2597 tentatoriis,
1652 2536 1709 2588 et
1748 2531 1916 2587 omni

242 2620 416 2690 regio
444 2624 762 2694 apparatu.
796 2623 962 2677 Mane
1010 2619 1192 2689 facto,
1240 2635 1382 2675 cum
1428 2617 1719 2675 exercitus
1772 2617 1917 2688 fuga

242 2708 488 2781 lapsum
515 2723 721 2779 regem
780 2708 1191 2780 comperisset,
1240 2707 1432 2765 nimia
1478 2707 1797 2764 formidine
1827 2723 1915 2762 re-

246 2797 462 2870 pletur,
512 2797 779 2870 nihilque
830 2797 996 2853 aliud
1051 2798 1163 2852 nisi
1220 2798 1296 2853 de
1348 2797 1495 2867 fuga
1550 2797 1910 2864 meditatur;

248 2885 538 2942 Brittones
598 2885 858 2943 clamore
909 2885 1163 2953 irruunt,
1212 2889 1269 2942 et
1323 2890 1518 2941 castra
1552 2888 1913 2942 Francorum

247 2974 529 3070 omnibus
554 2973 780 3070 _divitis
830 2972 1048 3029 referta
1079 2975 1148 3010 ¹⁰²
1178 2973 1493 3070 invadunt,
1545 2989 1912 3047 omnemque
1943 3013 1984 3070 Ο

246 3061 385 3118 belli
434 3063 693 3137 copiam,
770 3068 1116 3135 capessunt,
1198 3062 1484 3134 fugientia
1544 3065 1911 3119 Francorum

248 3152 494 3223 agmina
522 3152 889 3222 insecuntur,
937 3151 1150 3208 obvios
1180 3167 1457 3225 quosque
1483 3156 1589 3207 aut
1610 3152 1768 3208 ferro
1797 3168 1911 3207 cae-

247 3244 419 3313 dunt,
452 3246 557 3299 aut
582 3243 754 3299 vivos
783 3242 1067 3314 capiunt;
1123 3241 1385 3315 reliquos
1438 3241 1583 3313 fuga
1637 3242 1907 3298 servavit.

250 3332 423 3388 Ditati
478 3332 678 3404 itaque
723 3331 1014 3387 Brittones
1057 3330 1278 3402 opibus
1322 3334 1684 3388 Francorum
1730 3330 1911 3387 armi-

252 3436 402 3494 sque
429 3421 720 3489 instructi,
751 3421 813 3476 in
841 3435 954 3476 sua
982 3434 1045 3475 se
1076 3419 1449 3489 recolligant.

848 3509 1137 3565 DCCCLXI
1194 3509 1306 3579 (35)

317 3604 492 3656 Anno
547 3598 868 3654 Dominica:
920 3598 1347 3655 incarnationis
1395 3602 1488 3655 861
1548 3599 1617 3633 ¹⁰³
1667 3599 1912 3655 Carolus

250 3690 424 3730 “U05
454 3686 741 3760 placitum
770 3686 982 3743 habuit
1026 3687 1088 3743 in
1115 3687 1505 3760 Compendio,
1538 3686 1741 3760 ibique
1772 3703 1911 3742 cum

246 3779 610 3852 optimatum
639 3776 886 3833 consilio
926 3776 1225 3833 Rodberto
1271 3776 1342 3812 ¹⁰⁶
1368 3777 1570 3832 comiti
1625 3777 1913 3833 ducatum

246 3868 402 3923 inter
447 3865 697 3937 Ligerim
746 3870 803 3922 et
861 3867 1204 3938 Sequanam
1252 3866 1577 3921 adversum
1624 3864 1914 3919 Brittones

248 3954 716 4022 commendavit,
767 3970 952 4027 quem
1009 3970 1150 4010 cum
1198 3954 1425 4024 ingenti
1471 3952 1765 4008 industria
1810 3967 1916 4025 per

247 4044 501 4118 aliquod
524 4048 762 4116 tempus
789 4042 958 4099 rexit.

838 4135 1152 4190 DCCCLXI!
1186 4132 1320 4204 (36).

320 4225 491 4277 Anno
545 4222 865 4278 Dominicaa
923 4220 1350 4278 incarnationis
1403 4225 1505 4278 862
1560 4223 1653 4277 “’7.
1707 4224 1915 4277 Nome‘

2586 1736 2926 1792 DCCCLXI]!
2972 1736 3105 1806 (37).

2088 1831 2260 1881 Anno
2278 1825 2601 1881 Dominicte
2625 1824 3049 1882 incarnationis
3075 1829 3177 1880 863
3204 1822 3449 1879 Carolus
3481 1822 3548 1857 ¹¹⁶
3577 1821 3678 1876 ite-

2016 1932 2151 1971 rum
2177 1931 2316 1970 cum
2345 1915 2646 1971 immenso
2676 1914 2936 1971 exercitu
2966 1913 3117 1969 ﬁnes
3145 1913 3475 1968 Brittonum
3499 1910 3677 1966 intra-

2017 2004 2120 2075 vit,
2148 2004 2254 2060 sed
2283 2004 2526 2060 minime
2550 2009 2615 2060 ut
2645 2008 2959 2077 optaverat
2981 2002 3323 2076 praevaluit;
3352 1999 3678 2056 novissime

2018 2100 2220 2151 autem
2248 2095 2318 2129 ¹¹⁶
2370 2111 2509 2150 cum
2567 2094 2650 2150 eis
2678 2110 2894 2167 pacem
2950 2094 3105 2149 fecit.
3165 2092 3324 2148 Datis
3374 2091 3575 2163 itaque
3605 2104 3681 2144 ex

2019 2189 2272 2256 utraque
2298 2188 2466 2256 parte
2490 2183 2804 2239 obsidibus
2830 2187 2888 2242 et
2902 2182 3312 2251 sacramentis,
3337 2178 3681 2252 Herispoius

2018 2289 2123 2328 rex
2153 2272 2232 2327 ad
2258 2288 2398 2327 eum
2428 2271 2607 2338 venit,
2658 2272 2913 2343 ejusque
2956 2269 3355 2326 dominationi
3385 2286 3449 2323 se
3479 2266 3681 2322 subdi-

2021 2360 2126 2414 dit.
2155 2359 2399 2414 Carolus
2440 2358 2678 2427 magnis
2726 2357 3081 2412 muneribus
3132 2357 3496 2411 honoratum
3526 2352 3685 2407 Heri-

2024 2446 2265 2520 spoium
2293 2446 2356 2502 in
2380 2461 2636 2514 regnum
2657 2445 2822 2501 abire
2847 2445 3137 2515 permisit;
3162 2444 3289 2516 ipse
3322 2445 3392 2477 “7
3422 2442 3483 2497 in
3510 2445 3685 2497 Fran-

2027 2535 2185 2591 ciam
2214 2533 2542 2590 revertitur.

2675 2622 3033 2677 DCCCLXIV.

2095 2716 2268 2767 Anno
2291 2710 2613 2767 Dominicte
2632 2709 3060 2766 incarnationis
3092 2711 3194 2764 864
3215 2707 3552 2763 Hlotharius
3581 2722 3686 2762 rex

2024 2800 2320 2872 coepit(38)
2334 2798 2681 2855 occasiones
2708 2814 2992 2870 quaerere,
3017 2797 3272 2870 qualiter
3282 2795 3686 2864 Thietbirgam

2022 2889 2294 2959 reginam
2324 2906 2361 2944 a
2383 2904 2492 2944 suo
2517 2888 2820 2944 consortio
2842 2903 3121 2959 separare
3151 2886 3461 2959 potuisset,
3496 2900 3684 2958 quam

2022 2994 2269 3034 exosam
2298 2977 2563 3034 habebat
2588 2982 2831 3050 propter
2857 2976 3240 3033 Waldradam
3271 2977 3362 3043 ηε,
3395 2991 3529 3047 quae
3555 2976 3686 3045 ejus

2022 3068 2215 3123 fuerat
2239 3066 2600 3134 concubina,
2631 3082 2773 3121 cum
2820 3066 3020 3122 adhuc
3052 3065 3406 3121 adolescens
3436 3068 3592 3120 esset
3622 3065 3683 3119 in

2021 3157 2207 3212 domo
2217 3158 2653 3229 paternallanc
2667 3154 3683 3227 siquidem,diaboloinﬂammante,

2020 3246 2208 3302 nimio
2257 3244 2546 3316 diligebat
2587 3260 2811 3301 amore.
2866 3244 3215 3300 Guntarium
3259 3244 3482 3316 itaque,
3512 3242 3684 3297 Colo-

2020 3336 2245 3393 niensis
2259 3334 2423 3391 urbis
2451 3334 2821 3408 pontiﬁcem,
2840 3335 3030 3407 quieo
3063 3338 3328 3406 tempore
3345 3336 3471 3388 erat
3499 3330 3689 3387 archi-

2020 3426 2387 3500 capellanus,
2419 3441 2522 3480 rex
2547 3425 2746 3497 primo
2774 3440 2882 3496 per
2926 3422 3413 3478 subintroductos
3443 3420 3683 3487 missos,

2019 3513 2235 3570 deinde
2256 3529 2363 3587 per
2392 3512 2781 3585 semetipsum
2802 3527 2981 3584 super
2994 3508 3412 3583 hujuscemodi
3436 3507 3687 3563 dissidio

2019 3604 2187 3660 omni
2216 3608 2339 3659 arte
2365 3602 2729 3672 aggreditur,
2762 3604 2819 3655 et
2850 3604 2915 3654 ut
2948 3599 3177 3654 facilius
3208 3613 3521 3653 assensum
3537 3611 3687 3668 prae-

2024 3690 2497 3763 beret,promisit
2522 3704 2585 3743 se
2615 3688 2887 3757 ejusdem
2917 3687 3183 3758 episcopi
3208 3690 3450 3756 neptem
3480 3684 3541 3738 in
3562 3699 3690 3738 ma-

2022 3774 2372 3831 trimonium
2393 3775 2803 3842 accepturum,
2818 3773 3053 3822 tantum
3074 3774 3139 3821 ut
3164 3766 3495 3838 predictam
3523 3766 3689 3819 Thie-

2022 3862 2260 3931 birgam
2281 3860 2411 3929 ejus
2432 3857 2808 3928 aliorumque
2824 3854 3247 3926 episcoporum
3270 3853 3617 3908 auctoritate
3633 3856 3690 3907 et

2022 3950 2259 4006 licentia
2284 3946 2604 4021 repudiare
2625 3960 3011 4018 quacumque
3029 3944 3259 4000 ratione
3280 3944 3351 3978 “9
3368 3942 3678 4016 potuisset.

2023 4042 2151 4109 Qui,
2180 4045 2245 4096 ut
2271 4042 2397 4095 erat
2425 4038 2568 4093 levis
2598 4036 2799 4093 animo
2827 4052 2895 4091 ac
2916 4033 3396 4091 inconsideratus
3427 4033 3681 4101 actione,

2021 4131 2293 4205 protinus
2309 4129 2474 4185 omni
2495 4127 2818 4184 intentione
2851 4128 2922 4165 ¹²ο
2942 4125 3003 4181 in
3013 4142 3141 4182 rem
3160 4125 3251 4193 ‘2‘,
3266 4125 3679 4192 introducitur,

2020 4237 2177 4278 vana
2207 4235 2333 4292 spe,
2361 4223 2426 4275 ut
2450 4221 2660 4291 postea
2686 4216 2916 4287 claruit,
2944 4217 3243 4273 seductus.
3268 4219 3490 4271 Rursus
3520 4215 3680 4271 idem

1628 4349 1858 4405 VARUS
1892 4349 2183 4405 LECTlON
2192 4348 2293 4403 ES.

319 4473 368 4507 ⁹⁴
398 4471 800 4528 discurrentes
825 4476 877 4526 5.
946 4472 994 4506 ’5
1024 4475 1362 4529 consertam
1394 4472 1441 4528 l.
1471 4477 1522 4528 3.
1556 4477 1750 4529 9-12.
1820 4474 1868 4507 ⁹⁶
1897 4473 1959 4528 in
1988 4471 2256 4528 medium
2286 4474 2337 4525 6.
2373 4470 2570 4540 8-12)

2615 4471 2660 4503 97
2692 4468 2900 4539 fugam
2930 4468 3249 4539 simulante
3284 4472 3330 4522 1.
3365 4471 3416 4521 2.
3451 4469 3589 4539 324.
3620 4470 3675 4520 5.

246 4548 301 4619 6.
329 4543 541 4613 fugam
561 4541 1059 4619 simulantium3.
1091 4542 1219 4619 nim
1248 4543 1458 4619 fugam
1483 4550 1535 4600 7.
1565 4559 1726 4619 nunc
1757 4542 1945 4613 fugati
1973 4548 2026 4619 9_.
2064 4546 2146 4598 10.
2187 4542 2269 4596 ll.
2302 4556 2412 4619 nec
2442 4537 2629 4619 fugati
2654 4541 2735 4619 12.
2769 4537 2785 4539 ⁷
2806 4539 3141 4619 θεεειιιίιιιιᾳ
3163 4537 3363 4619 minus
3388 4541 3439 4614 ξ’).
3492 4538 3543 4619 f9
3572 4550 3679 4619 no:

246 4615 427 4687 vitate
458 4619 669 4687 autem
691 4613 751 4669 in
798 4613 1033 4687 experti,
1057 4623 1104 4670 1.
1137 4618 1190 4669 2.
1224 4618 1275 4670 3.
1304 4618 1356 4671 4.
1392 4620 1442 4670 5.
1477 4619 1528 4671 6.
1600 4616 1670 4649 ¹⁰⁰
1700 4613 2127 4687 superveniens

2219 4612 2451 4667 rualium
2487 4604 2595 4666 {-4.
2668 4613 2732 4645 ¹⁰¹
2769 4608 2873 4664 sed
2904 4604 3095 4681 "prio—ri
3128 4604 3452 4661 infortunio
3481 4608 3534 4681 4:
3608 4606 3676 4681 tt”

247 4685 466 4741 referta
489 4685 706 4741 divitiis
736 4673 931 4741 7—1‘2.
995 4686 1066 4719 ¹⁰³
1097 4689 1220 4741 862.
1248 4691 1300 4741 7.
1334 4687 1485 4743 anni
1510 4673 1797 4743 numerus
1821 4687 1909 4743 det

2021 4689 2092 4740 IO.
2153 4673 2321 4724 ¹δ¹’-¹⁰⁵
2347 4682 2582 4738 carolus
2608 4698 2709 4737 rex
2738 4686 2787 4736 1.
2852 4673 3242 4736 ¹⁰⁶’Βθ(11)θι“ῐο
3269 4683 3322 4731 7.
3353 4673 3678 4731 roudberto

247 4762 301 4813 9.
334 4757 741 4839 rudberto__l()_.
774 4755 1100 4838 ruodberto
1131 4761 1196 4839 3._
1238 4757 1318 4811 11.
1350 4758 1676 4839 ruodperto
1712 4757 1792 4811 12.
1826 4756 2089 4839 roberton
2106 4754 2472 4839 4..rudper‘to
2500 4758 2550 4809 2.
2579 4751 2847 4839 rotberhto
2878 4753 2931 4839 1.,
2972 4752 3063 4839 f0:
3096 4746 3440 4839 862ζξέη¹ξξ
3473 4760 3679 4839 rnutris:-

245 4844 400 4884 neus
433 4833 588 4884 1-3,
618 4833 670 4883 5.
705 4833 756 4883 7.
789 4828 1148 4884 numeneius
1174 4831 1226 4883 4.
1262 4819 1613 4884 nomeneius
1640 4831 1691 4883 8.
1721 4828 2030 4883 nomecius
2062 4832 2114 4881 9.
2155 4831 2237 4882 11.
2275 4819 2357 4880 12.
2391 4825 2689 4880 dometius
2736 4828 2800 4879 lO
2829 4824 2931 4879 sed
2960 4822 3128 4889 infra
3159 4819 3443 4889 nomenoi
3473 4819 3671 4871 9-12.

248 4899 531 4971 nomenei
581 4903 633 4956 8.
668 4898 955 4954 numenoi
994 4904 1061 4971 2.
1096 4898 1337 4955 nomine
1386 4898 1817 4971 oiherispoiush
1840 4905 1892 4953 7.

1992 4900 2061 4933 ¹⁰⁹
2120 4902 2395 4953 sanctum
2448 4897 2602 4951 deest
2661 4902 2713 4950 7.
2762 4898 2956 4948 9-12,
3025 4886 3119 4925 ’ίιθ
3166 4886 3564 4943 maurilonem
3621 4892 3671 4943 5.

248 4969 717 5026 maurilinomen
746 4975 797 5027 2.
831 4969 1175 5025 maurilium
1206 4974 1257 5027 4.
1282 4975 1556 5026 sanctum
1591 4959 2008 5025 rhaurilionem
2038 4973 2089 5024 8.
2152 4971 2219 5003 ¹¹¹
2249 4967 2505 5024 maurilo
2534 4972 2584 5021 5.
2631 4968 2700 5000 ¹¹²
2733 4959 3174 5031 andegavensis
3202 4959 3449 5015 civitatis
3479 4963 3671 5015 7-12.

254 5043 325 5114 ξ¹³
346 5041 547 5114 depop

554 5041 830 5097 ulabatur
981 5042 1052 5113 Ψ
1084 5041 1379 5113 herispius
1528 5043 1597 5076 “1"
1628 5040 1864 5096 carolus
1890 5056 2031 5096 vero
2055 5041 2249 5113 7—12.
2276 5111 2289 5113 _
2318 5040 2405 5113 _““
2428 5037 2759 5113 novissime
2793 5051 2930 5113 cum
2961 5036 3154 5113 77—12.
3226 5034 3311 5113 η]-
3324 5032 3450 5113 ipse
3475 5036 3677 5113 autem

249 5112 313 5167 in
337 5102 535 5169 7—‘12‘.
606 5114 676 5147 ¹¹⁸
722 5112 1068 5185 Waldradae
1094 5102 1304 5168 nomen
1334 5116 1398 5185 in
1429 5113 1626 5169 codice
1654 5120 1705 5167 7.
1730 5128 2161 5185 nonnunquam
2188 5110 2489 5185 vuldrada
2509 5108 2812 5185 scribitur,
2832 5111 2893 5159 ut
2925 5110 2980 5160 et
3006 5106 3068 5159 in
3098 5102 3671 5162 ann.Fuldensibus,

255 5185 327 5218 “’
355 5199 739 5256 quacumque
765 5183 1083 5239 occasione
1112 5188 1164 5239 4.
1236 5186 1308 5219 ¹²⁰
1336 5184 1719 5241 intentatione
1749 5189 1825 5263 5._
1872 5187 1938 5219 ¹²¹
1971 5180 2034 5239 in
2060 5200 2187 5239 rem
2212 5183 2371 5238 deest
2404 5184 2558 5235 1-3,
2593 5183 2643 5233 5.
2678 5180 2729 5233 6.

1855 5310 2077 5365 ΝΘΤᾸΞ.

321 5431 429 5574 E33)
457 5432 543 5488 Cf.
574 5436 701 5488 not.
731 5435 822 5488 29.

346 5505 437 5575 34)
464 5504 739 5575 Saxones
782 5502 1163 5575 Baiocassini,
1208 5503 1337 5573 jam
1367 5503 1531 5575 apud
1565 5496 1913 5575 Gregorium

248 5574 659 5631 Turonensem
687 5574 867 5629 obvii.
1274 5580 1281 5585 '

324 5646 437 5716 (35)
468 5644 551 5701 Cf.
581 5650 735 5703 Ann.
767 5645 978 5703 Bertln.
1011 5656 1108 5701 an.
1144 5647 1276 5709 859;
1301 5648 1421 5702 861.

2089 5433 2203 5502 (36)
2230 5435 2401 5486 Anno
2428 5427 2549 5502 85l.
2583 5426 2666 5502 gf.
2700 5441 2840 5484 ann.
2884 5430 3032 5484 Bert.

2092 5498 2200 5567 (37)
2234 5504 2406 5555 Anno
2434 5499 2555 5555 851.
2589 5498 2671 5555 Cf.
2706 5503 2855 5554 Ann.
2882 5502 3029 5554 Bert.

2089 5568 2203 5646 (38)
2233 5571 2314 5627 Cf.
2348 5575 2499 5627 Ann.
2534 5570 2697 5627 Fuld.
2731 5574 2788 5626 et
2816 5573 2961 5628 Bert.
2996 5568 3076 5624 ad
3102 5582 3243 5623 ann.
3272 5570 3395 5623 863.
