  <div class='ocr_page' id='page_1' title='image "/cluster/home/n/w/nwhite01/storage/ocr_20150623/132/hvd.32044054759931/047.png"; bbox 0 0 4086 6200; ppageno 0'>
   <div class='ocr_carea' id='block_1_1' title="bbox 354 88 3799 164">
    <p class='ocr_par' dir='ltr' id='par_1_1' title="bbox 354 88 3799 164">
     <span class='ocr_line' id='line_1_1' title="bbox 354 88 3799 164; baseline -0.009 0"><span class='ocrx_word' id='word_1_1' title='bbox 354 109 425 164; x_wconf 84' lang='lat'><strong>83</strong></span> <span class='ocrx_word' id='word_1_2' title='bbox 1528 98 1902 155; x_wconf 77' lang='lat' dir='ltr'><strong>REGINONIS</strong></span> <span class='ocrx_word' id='word_1_3' title='bbox 1940 90 2358 148; x_wconf 69' lang='lat' dir='ltr'><strong>PRUMIENSIS</strong></span> <span class='ocrx_word' id='word_1_4' title='bbox 2395 88 2688 145; x_wconf 69' lang='lat' dir='ltr'><strong>ABBATIS</strong></span> <span class='ocrx_word' id='word_1_5' title='bbox 3724 88 3799 141; x_wconf 57' lang='grc' dir='ltr'><strong>δε</strong></span> 
     </span>
    </p>
   </div>
   <div class='ocr_carea' id='block_1_2' title="bbox 355 207 3798 297">
    <p class='ocr_par' dir='ltr' id='par_1_2' title="bbox 355 207 3798 297">
     <span class='ocr_line' id='line_1_2' title="bbox 355 207 3798 297; baseline -0.007 -11"><span class='ocrx_word' id='word_1_6' title='bbox 355 229 713 287; x_wconf 86' lang='lat' dir='ltr'><strong>Guntharius</strong></span> <span class='ocrx_word' id='word_1_7' title='bbox 755 225 1211 297; x_wconf 86' lang='lat' dir='ltr'><strong>Thietgaudum,</strong></span> <span class='ocrx_word' id='word_1_8' title='bbox 1263 222 1784 296; x_wconf 75' lang='lat' dir='ltr'><strong>archiepiscopum</strong></span> <span class='ocrx_word' id='word_1_9' title='bbox 1821 218 2012 275; x_wconf 81' lang='lat' dir='ltr'><strong>Trevi-</strong></span> <span class='ocrx_word' id='word_1_10' title='bbox 2050 222 2097 270; x_wconf 66' lang='grc' dir='ltr'>Α</span> <span class='ocrx_word' id='word_1_11' title='bbox 2126 211 2659 281; x_wconf 87' lang='lat' dir='ltr'><strong>tratis,Waldrada</strong></span> <span class='ocrx_word' id='word_1_12' title='bbox 2683 212 2811 282; x_wconf 88' lang='lat' dir='ltr'><strong>jam</strong></span> <span class='ocrx_word' id='word_1_13' title='bbox 2843 211 2905 265; x_wconf 90' lang='lat' dir='ltr'><strong>in</strong></span> <span class='ocrx_word' id='word_1_14' title='bbox 2935 208 3243 281; x_wconf 89' lang='lat' dir='ltr'><strong>publicum</strong></span> <span class='ocrx_word' id='word_1_15' title='bbox 3282 207 3563 297; x_wconf 74' lang='lat' dir='ltr'><strong>procedit</strong></span> <span class='ocrx_word' id='word_1_16' title='bbox 3579 208 3798 297; x_wconf 83' lang='lat' dir='ltr'><strong>stipata</strong></span> 
     </span>
    </p>
   </div>
   <div class='ocr_carea' id='block_1_3' title="bbox 353 311 2018 386">
    <p class='ocr_par' dir='ltr' id='par_1_3' title="bbox 353 311 2018 386">
     <span class='ocr_line' id='line_1_3' title="bbox 353 311 2018 386; baseline -0.008 -11"><span class='ocrx_word' id='word_1_17' title='bbox 353 332 611 385; x_wconf 65' lang='lat' dir='ltr'><strong>ren‘sem,</strong></span> <span class='ocrx_word' id='word_1_18' title='bbox 642 318 757 373; x_wconf 89' lang='lat' dir='ltr'><strong>hac</strong></span> <span class='ocrx_word' id='word_1_19' title='bbox 786 315 859 372; x_wconf 88' lang='lat' dir='ltr'><strong>de</strong></span> <span class='ocrx_word' id='word_1_20' title='bbox 882 329 1067 372; x_wconf 86' lang='lat' dir='ltr'><strong>causa</strong></span> <span class='ocrx_word' id='word_1_21' title='bbox 1111 311 1454 386; x_wconf 75' lang='lat' dir='ltr'><strong>alloquitur,</strong></span> <span class='ocrx_word' id='word_1_22' title='bbox 1482 318 1538 369; x_wconf 89' lang='lat' dir='ltr'><strong>et</strong></span> <span class='ocrx_word' id='word_1_23' title='bbox 1568 311 1762 367; x_wconf 88' lang='lat' dir='ltr'><strong>sciens</strong></span> <span class='ocrx_word' id='word_1_24' title='bbox 1795 312 1866 344; x_wconf 67' lang='grc' dir='ltr'><strong>ιη</strong></span> <span class='ocrx_word' id='word_1_25' title='bbox 1889 322 2018 363; x_wconf 83' lang='lat' dir='ltr'><strong>esse</strong></span> 
     </span>
    </p>
   </div>
   <div class='ocr_carea' id='block_1_4' title="bbox 357 397 2019 479">
    <p class='ocr_par' dir='ltr' id='par_1_4' title="bbox 357 397 2019 479">
     <span class='ocr_line' id='line_1_4' title="bbox 357 397 2019 479; baseline -0.006 -18"><span class='ocrx_word' id='word_1_26' title='bbox 357 408 549 463; x_wconf 82' lang='lat' dir='ltr'><strong>virum</strong></span> <span class='ocrx_word' id='word_1_27' title='bbox 576 405 930 479; x_wconf 80' lang='lat' dir='ltr'><strong>simplicem,</strong></span> <span class='ocrx_word' id='word_1_28' title='bbox 976 416 1085 459; x_wconf 92' lang='lat' dir='ltr'><strong>nec</strong></span> <span class='ocrx_word' id='word_1_29' title='bbox 1124 402 1278 459; x_wconf 89' lang='lat' dir='ltr'><strong>adeo</strong></span> <span class='ocrx_word' id='word_1_30' title='bbox 1318 403 1381 458; x_wconf 91' lang='lat' dir='ltr'><strong>in</strong></span> <span class='ocrx_word' id='word_1_31' title='bbox 1437 400 1651 457; x_wconf 82' lang='lat' dir='ltr'><strong>divinis</strong></span> <span class='ocrx_word' id='word_1_32' title='bbox 1706 397 2019 471; x_wconf 88' lang='lat' dir='ltr'><strong>Scripturis</strong></span> 
     </span>
    </p>
   </div>
   <div class='ocr_carea' id='block_1_5' title="bbox 357 489 2016 565">
    <p class='ocr_par' dir='ltr' id='par_1_5' title="bbox 357 489 2016 565">
     <span class='ocr_line' id='line_1_5' title="bbox 357 489 2016 565; baseline -0.007 -12"><span class='ocrx_word' id='word_1_33' title='bbox 357 497 657 553; x_wconf 84' lang='lat' dir='ltr'><strong>eruditum</strong></span> <span class='ocrx_word' id='word_1_34' title='bbox 686 493 1112 565; x_wconf 84' lang='lat' dir='ltr'><strong>canonicisque</strong></span> <span class='ocrx_word' id='word_1_35' title='bbox 1156 492 1570 549; x_wconf 87' lang='lat' dir='ltr'><strong>sanctionibus</strong></span> <span class='ocrx_word' id='word_1_36' title='bbox 1611 489 2016 555; x_wconf 83' lang='lat' dir='ltr'><strong>exercitatum,</strong></span> 
     </span>
    </p>
   </div>
   <div class='ocr_carea' id='block_1_6' title="bbox 357 580 2019 656">
    <p class='ocr_par' dir='ltr' id='par_1_6' title="bbox 357 580 2019 656">
     <span class='ocr_line' id='line_1_6' title="bbox 357 580 2019 656; baseline -0.007 -14"><span class='ocrx_word' id='word_1_37' title='bbox 357 602 430 642; x_wconf 81' lang='lat' dir='ltr'><strong>ex</strong></span> <span class='ocrx_word' id='word_1_38' title='bbox 460 585 770 656; x_wconf 87' lang='lat' dir='ltr'><strong>utriusque</strong></span> <span class='ocrx_word' id='word_1_39' title='bbox 801 583 1164 639; x_wconf 85' lang='lat' dir='ltr'><strong>Testamenti</strong></span> <span class='ocrx_word' id='word_1_40' title='bbox 1192 581 1429 655; x_wconf 82' lang='lat' dir='ltr'><strong>paginis</strong></span> <span class='ocrx_word' id='word_1_41' title='bbox 1460 580 1760 654; x_wconf 86' lang='lat' dir='ltr'><strong>quasdam</strong></span> <span class='ocrx_word' id='word_1_42' title='bbox 1783 581 2019 633; x_wconf 82' lang='lat' dir='ltr'><strong>senten-</strong></span> 
     </span>
    </p>
   </div>
   <div class='ocr_carea' id='block_1_7' title="bbox 358 665 2023 749">
    <p class='ocr_par' dir='ltr' id='par_1_7' title="bbox 358 665 2023 749">
     <span class='ocr_line' id='line_1_7' title="bbox 358 665 2023 749; baseline -0.006 -18"><span class='ocrx_word' id='word_1_43' title='bbox 358 677 470 732; x_wconf 86' lang='lat' dir='ltr'><strong>tias</strong></span> <span class='ocrx_word' id='word_1_44' title='bbox 494 673 733 749; x_wconf 82' lang='lat' dir='ltr'><strong>profert,</strong></span> <span class='ocrx_word' id='word_1_45' title='bbox 769 684 923 746; x_wconf 86' lang='lat' dir='ltr'><strong>quas</strong></span> <span class='ocrx_word' id='word_1_46' title='bbox 948 672 1116 729; x_wconf 86' lang='lat' dir='ltr'><strong>aliter</strong></span> <span class='ocrx_word' id='word_1_47' title='bbox 1158 686 1345 745; x_wconf 89' lang='lat' dir='ltr'><strong>quam</strong></span> <span class='ocrx_word' id='word_1_48' title='bbox 1385 669 1787 727; x_wconf 86' lang='lat' dir='ltr'><strong>ecclesiastica</strong></span> <span class='ocrx_word' id='word_1_49' title='bbox 1813 665 2023 736; x_wconf 82' lang='lat' dir='ltr'><strong>regula</strong></span> 
     </span>
    </p>
   </div>
   <div class='ocr_carea' id='block_1_8' title="bbox 320 756 2019 833">
    <p class='ocr_par' dir='ltr' id='par_1_8' title="bbox 320 756 2019 833">
     <span class='ocr_line' id='line_1_8' title="bbox 320 756 2019 833; baseline -0.005 -13"><span class='ocrx_word' id='word_1_50' title='bbox 320 815 331 824; x_wconf 81' lang='grc'>,</span> <span class='ocrx_word' id='word_1_51' title='bbox 358 764 534 819; x_wconf 81' lang='lat' dir='ltr'><strong>docet</strong></span> <span class='ocrx_word' id='word_1_52' title='bbox 563 762 921 833; x_wconf 87' lang='lat' dir='ltr'><strong>edisserens,</strong></span> <span class='ocrx_word' id='word_1_53' title='bbox 950 759 1144 817; x_wconf 88' lang='lat' dir='ltr'><strong>virum</strong></span> <span class='ocrx_word' id='word_1_54' title='bbox 1174 759 1582 833; x_wconf 88' lang='lat' dir='ltr'><strong>improvidum</strong></span> <span class='ocrx_word' id='word_1_55' title='bbox 1614 771 1816 814; x_wconf 81' lang='lat' dir='ltr'><strong>secum</strong></span> <span class='ocrx_word' id='word_1_56' title='bbox 1849 756 1908 812; x_wconf 91' lang='lat' dir='ltr'><strong>in</strong></span> <span class='ocrx_word' id='word_1_57' title='bbox 1936 757 2019 811; x_wconf 77' lang='lat' dir='ltr'><strong>fo-</strong></span> 
     </span>
    </p>
   </div>
   <div class='ocr_carea' id='block_1_9' title="bbox 357 845 2021 923">
    <p class='ocr_par' dir='ltr' id='par_1_9' title="bbox 357 845 2021 923">
     <span class='ocr_line' id='line_1_9' title="bbox 357 845 2021 923; baseline -0.004 -17"><span class='ocrx_word' id='word_1_58' title='bbox 357 864 536 908; x_wconf 86' lang='lat' dir='ltr'><strong>veam</strong></span> <span class='ocrx_word' id='word_1_59' title='bbox 565 850 762 923; x_wconf 77' lang='lat' dir='ltr'><strong>trahit,</strong></span> <span class='ocrx_word' id='word_1_60' title='bbox 795 864 990 907; x_wconf 67' lang='lat' dir='ltr'><strong>caicus</strong></span> <span class='ocrx_word' id='word_1_61' title='bbox 1020 865 1181 907; x_wconf 74' lang='lat' dir='ltr'><strong>cteco</strong></span> <span class='ocrx_word' id='word_1_62' title='bbox 1212 849 1500 905; x_wconf 88' lang='lat' dir='ltr'><strong>ducatum</strong></span> <span class='ocrx_word' id='word_1_63' title='bbox 1526 852 1836 920; x_wconf 61' lang='lat' dir='ltr'><strong>praestans.</strong></span> <span class='ocrx_word' id='word_1_64' title='bbox 1870 845 2021 911; x_wconf 84' lang='lat' dir='ltr'><strong>Quid</strong></span> 
     </span>
    </p>
   </div>
   <div class='ocr_carea' id='block_1_10' title="bbox 302 933 2025 1016">
    <p class='ocr_par' dir='ltr' id='par_1_10' title="bbox 302 933 2025 1016">
     <span class='ocr_line' id='line_1_10' title="bbox 302 933 2025 1016; baseline -0.004 -20"><span class='ocrx_word' id='word_1_65' title='bbox 302 1004 312 1016; x_wconf 48' lang='grc'><em>,</em></span> <span class='ocrx_word' id='word_1_66' title='bbox 359 940 537 1013; x_wconf 89' lang='lat' dir='ltr'><strong>plura</strong></span> <span class='ocrx_word' id='word_1_67' title='bbox 556 940 583 994; x_wconf 73' lang='lat' dir='ltr'><strong>‘I</strong></span> <span class='ocrx_word' id='word_1_68' title='bbox 611 940 769 996; x_wconf 87' lang='lat' dir='ltr'><strong>facta</strong></span> <span class='ocrx_word' id='word_1_69' title='bbox 798 944 937 995; x_wconf 90' lang='lat' dir='ltr'><strong>sunt</strong></span> <span class='ocrx_word' id='word_1_70' title='bbox 960 939 1186 1008; x_wconf 80' lang='lat' dir='ltr'><strong>omnia,</strong></span> <span class='ocrx_word' id='word_1_71' title='bbox 1230 951 1368 1010; x_wconf 69' lang='lat' dir='ltr'><strong>quae</strong></span> <span class='ocrx_word' id='word_1_72' title='bbox 1395 937 1534 992; x_wconf 88' lang='lat' dir='ltr'><strong>huic</strong></span> <span class='ocrx_word' id='word_1_73' title='bbox 1578 940 1918 992; x_wconf 89' lang='lat' dir='ltr'><strong>commento</strong></span> <span class='ocrx_word' id='word_1_74' title='bbox 1944 933 2025 988; x_wconf 87' lang='lat' dir='ltr'><strong>vi-</strong></span> 
     </span>
    </p>
   </div>
   <div class='ocr_carea' id='block_1_11' title="bbox 360 1025 2024 1091">
    <p class='ocr_par' dir='ltr' id='par_1_11' title="bbox 360 1025 2024 1091">
     <span class='ocr_line' id='line_1_11' title="bbox 360 1025 2024 1091; baseline -0.003 -6"><span class='ocrx_word' id='word_1_75' title='bbox 360 1030 660 1086; x_wconf 85' lang='lat' dir='ltr'><strong>debantur</strong></span> <span class='ocrx_word' id='word_1_76' title='bbox 702 1042 831 1085; x_wconf 87' lang='lat' dir='ltr'><strong>esse</strong></span> <span class='ocrx_word' id='word_1_77' title='bbox 878 1028 1239 1085; x_wconf 88' lang='lat' dir='ltr'><strong>necessaria.</strong></span> <span class='ocrx_word' id='word_1_78' title='bbox 1298 1026 1627 1084; x_wconf 83' lang='lat' dir='ltr'><strong>Concilium</strong></span> <span class='ocrx_word' id='word_1_79' title='bbox 1676 1025 1859 1081; x_wconf 79' lang='lat' dir='ltr'><strong>Mettis</strong></span> <span class='ocrx_word' id='word_1_80' title='bbox 1910 1026 2024 1091; x_wconf 82' lang='lat'><strong>(39)</strong></span> 
     </span>
    </p>
   </div>
   <div class='ocr_carea' id='block_1_12' title="bbox 364 1114 2027 1187">
    <p class='ocr_par' dir='ltr' id='par_1_12' title="bbox 364 1114 2027 1187">
     <span class='ocr_line' id='line_1_12' title="bbox 364 1114 2027 1187; baseline -0.004 -14"><span class='ocrx_word' id='word_1_81' title='bbox 364 1122 701 1173; x_wconf 89' lang='lat' dir='ltr'><strong>convocant</strong></span> <span class='ocrx_word' id='word_1_82' title='bbox 732 1119 824 1186; x_wconf 65' lang='grc'><strong>⁸³³,</strong></span> <span class='ocrx_word' id='word_1_83' title='bbox 879 1115 1147 1185; x_wconf 76' lang='lat' dir='ltr'><strong>reginam</strong></span> <span class='ocrx_word' id='word_1_84' title='bbox 1174 1117 1349 1187; x_wconf 89' lang='lat' dir='ltr'><strong>quasi</strong></span> <span class='ocrx_word' id='word_1_85' title='bbox 1391 1114 1677 1169; x_wconf 83' lang='lat' dir='ltr'><strong>canonice</strong></span> <span class='ocrx_word' id='word_1_86' title='bbox 1714 1115 2027 1168; x_wconf 83' lang='lat' dir='ltr'><strong>evocatam</strong></span> 
     </span>
    </p>
   </div>
   <div class='ocr_carea' id='block_1_13' title="bbox 366 1203 2026 1277">
    <p class='ocr_par' dir='ltr' id='par_1_13' title="bbox 366 1203 2026 1277">
     <span class='ocr_line' id='line_1_13' title="bbox 366 1203 2026 1277; baseline -0.005 -15"><span class='ocrx_word' id='word_1_87' title='bbox 366 1208 437 1242; x_wconf 68' lang='lat'><strong>1“</strong></span> <span class='ocrx_word' id='word_1_88' title='bbox 463 1204 525 1262; x_wconf 89' lang='lat' dir='ltr'><strong>in</strong></span> <span class='ocrx_word' id='word_1_89' title='bbox 555 1205 756 1261; x_wconf 88' lang='lat' dir='ltr'><strong>medio</strong></span> <span class='ocrx_word' id='word_1_90' title='bbox 782 1209 1071 1269; x_wconf 84' lang='lat' dir='ltr'><strong>statuunt,</strong></span> <span class='ocrx_word' id='word_1_91' title='bbox 1121 1208 1300 1259; x_wconf 83' lang='lat' dir='ltr'><strong>testes</strong></span> <span class='ocrx_word' id='word_1_92' title='bbox 1335 1203 1679 1277; x_wconf 87' lang='lat' dir='ltr'><strong>producunt</strong></span> <span class='ocrx_word' id='word_1_93' title='bbox 1727 1216 1849 1256; x_wconf 88' lang='lat' dir='ltr'><strong>una</strong></span> <span class='ocrx_word' id='word_1_94' title='bbox 1887 1212 2026 1255; x_wconf 89' lang='lat' dir='ltr'><strong>cum</strong></span> 
     </span>
    </p>
   </div>
   <div class='ocr_carea' id='block_1_14' title="bbox 364 1288 2023 1365">
    <p class='ocr_par' dir='ltr' id='par_1_14' title="bbox 364 1288 2023 1365">
     <span class='ocr_line' id='line_1_14' title="bbox 364 1288 2023 1365; baseline -0.006 -16"><span class='ocrx_word' id='word_1_95' title='bbox 364 1292 616 1365; x_wconf 73' lang='lat' dir='ltr'><strong>scriptis,</strong></span> <span class='ocrx_word' id='word_1_96' title='bbox 648 1291 752 1363; x_wconf 85' lang='lat' dir='ltr'><strong>qui</strong></span> <span class='ocrx_word' id='word_1_97' title='bbox 782 1290 955 1346; x_wconf 87' lang='lat' dir='ltr'><strong>valde</strong></span> <span class='ocrx_word' id='word_1_98' title='bbox 988 1291 1196 1359; x_wconf 85' lang='lat' dir='ltr'><strong>gravia</strong></span> <span class='ocrx_word' id='word_1_99' title='bbox 1244 1291 1495 1347; x_wconf 87' lang='lat' dir='ltr'><strong>crimina</strong></span> <span class='ocrx_word' id='word_1_100' title='bbox 1523 1288 2023 1362; x_wconf 53' lang='lat' dir='ltr'><strong>imponentee&#39;”,</strong></span> 
     </span>
    </p>
   </div>
   <div class='ocr_carea' id='block_1_15' title="bbox 362 1372 2030 1447">
    <p class='ocr_par' dir='ltr' id='par_1_15' title="bbox 362 1372 2030 1447">
     <span class='ocr_line' id='line_1_15' title="bbox 362 1372 2030 1447; baseline -0.003 -16"><span class='ocrx_word' id='word_1_101' title='bbox 362 1376 514 1432; x_wconf 89' lang='lat' dir='ltr'><strong>inter</strong></span> <span class='ocrx_word' id='word_1_102' title='bbox 543 1376 662 1431; x_wconf 85' lang='lat' dir='ltr'><strong>alia</strong></span> <span class='ocrx_word' id='word_1_103' title='bbox 690 1375 996 1446; x_wconf 86' lang='lat' dir='ltr'><strong>protestati</strong></span> <span class='ocrx_word' id='word_1_104' title='bbox 1024 1379 1183 1442; x_wconf 89' lang='lat' dir='ltr'><strong>sunt,</strong></span> <span class='ocrx_word' id='word_1_105' title='bbox 1232 1375 1400 1447; x_wconf 90' lang='lat' dir='ltr'><strong>quod</strong></span> <span class='ocrx_word' id='word_1_106' title='bbox 1424 1375 1652 1430; x_wconf 79' lang='lat' dir='ltr'><strong>eadem</strong></span> <span class='ocrx_word' id='word_1_107' title='bbox 1686 1372 2030 1441; x_wconf 81' lang='lat' dir='ltr'><strong>Tbietbirga</strong></span> 
     </span>
    </p>
   </div>
   <div class='ocr_carea' id='block_1_16' title="bbox 364 1462 2030 1534">
    <p class='ocr_par' dir='ltr' id='par_1_16' title="bbox 364 1462 2030 1534">
     <span class='ocr_line' id='line_1_16' title="bbox 364 1462 2030 1534; baseline -0.003 -14"><span class='ocrx_word' id='word_1_108' title='bbox 364 1463 641 1520; x_wconf 83' lang='lat' dir='ltr'><strong>confessa</strong></span> <span class='ocrx_word' id='word_1_109' title='bbox 670 1462 897 1529; x_wconf 83' lang='lat' dir='ltr'><strong>fuisset,</strong></span> <span class='ocrx_word' id='word_1_110' title='bbox 933 1462 1321 1534; x_wconf 79' lang='lat' dir='ltr'><strong>semetipsum</strong></span> <span class='ocrx_word' id='word_1_111' title='bbox 1351 1462 1545 1518; x_wconf 75' lang='lat' dir='ltr'><strong>fratris</strong></span> <span class='ocrx_word' id='word_1_112' title='bbox 1576 1462 1841 1531; x_wconf 81' lang='lat' dir='ltr'><strong>germani</strong></span> <span class='ocrx_word' id='word_1_113' title='bbox 1879 1463 2030 1515; x_wconf 89' lang='lat' dir='ltr'><strong>ince-</strong></span> 
     </span>
    </p>
   </div>
   <div class='ocr_carea' id='block_1_17' title="bbox 2128 296 3795 372">
    <p class='ocr_par' dir='ltr' id='par_1_17' title="bbox 2128 296 3795 372">
     <span class='ocr_line' id='line_1_17' title="bbox 2128 296 3795 372; baseline -0.002 -16"><span class='ocrx_word' id='word_1_114' title='bbox 2128 299 2593 372; x_wconf 89' lang='lat' dir='ltr'><strong>obsequentium</strong></span> <span class='ocrx_word' id='word_1_115' title='bbox 2623 298 3022 364; x_wconf 87' lang='lat' dir='ltr'><strong>multitudine,</strong></span> <span class='ocrx_word' id='word_1_116' title='bbox 3074 297 3395 367; x_wconf 88' lang='lat' dir='ltr'><strong>omnisque</strong></span> <span class='ocrx_word' id='word_1_117' title='bbox 3443 296 3609 365; x_wconf 87' lang='lat' dir='ltr'><strong>regia</strong></span> <span class='ocrx_word' id='word_1_118' title='bbox 3656 296 3795 353; x_wconf 85' lang='lat' dir='ltr'><strong>aula</strong></span> 
     </span>
    </p>
   </div>
   <div class='ocr_carea' id='block_1_18' title="bbox 2127 384 3797 455">
    <p class='ocr_par' dir='ltr' id='par_1_18' title="bbox 2127 384 3797 455">
     <span class='ocr_line' id='line_1_18' title="bbox 2127 384 3797 455; baseline -0.004 -10"><span class='ocrx_word' id='word_1_119' title='bbox 2127 389 2393 455; x_wconf 79' lang='lat' dir='ltr'><strong>resultat,</strong></span> <span class='ocrx_word' id='word_1_120' title='bbox 2444 387 2843 444; x_wconf 87' lang='lat' dir='ltr'><strong>Waldradam</strong></span> <span class='ocrx_word' id='word_1_121' title='bbox 2892 385 3163 455; x_wconf 80' lang='lat' dir='ltr'><strong>reginam</strong></span> <span class='ocrx_word' id='word_1_122' title='bbox 3193 399 3342 439; x_wconf 85' lang='lat' dir='ltr'><strong>esse.</strong></span> <span class='ocrx_word' id='word_1_123' title='bbox 3386 384 3691 440; x_wconf 84' lang='lat' dir='ltr'><strong>Guntharii</strong></span> <span class='ocrx_word' id='word_1_124' title='bbox 3718 387 3797 421; x_wconf 64' lang='lat'><strong>“3</strong></span> 
     </span>
    </p>
   </div>
   <div class='ocr_carea' id='block_1_19' title="bbox 2128 473 3801 555">
    <p class='ocr_par' dir='ltr' id='par_1_19' title="bbox 2128 473 3801 555">
     <span class='ocr_line' id='line_1_19' title="bbox 2128 473 3801 555; baseline -0.003 -19"><span class='ocrx_word' id='word_1_125' title='bbox 2128 478 2396 555; x_wconf 84' lang='lat' dir='ltr'><strong>episcopi</strong></span> <span class='ocrx_word' id='word_1_126' title='bbox 2440 479 2635 552; x_wconf 87' lang='lat' dir='ltr'><strong>neptis</strong></span> <span class='ocrx_word' id='word_1_127' title='bbox 2684 479 2761 535; x_wconf 92' lang='lat' dir='ltr'><strong>ad</strong></span> <span class='ocrx_word' id='word_1_128' title='bbox 2792 490 2998 548; x_wconf 81' lang='lat' dir='ltr'><strong>regem</strong></span> <span class='ocrx_word' id='word_1_129' title='bbox 3027 473 3369 544; x_wconf 85' lang='lat' dir='ltr'><strong>accersitur,</strong></span> <span class='ocrx_word' id='word_1_130' title='bbox 3395 491 3466 530; x_wconf 93' lang='lat' dir='ltr'><strong>ac</strong></span> <span class='ocrx_word' id='word_1_131' title='bbox 3505 475 3712 542; x_wconf 87' lang='lat' dir='ltr'><strong>semel,</strong></span> <span class='ocrx_word' id='word_1_132' title='bbox 3735 480 3801 532; x_wconf 91' lang='lat' dir='ltr'><strong>ut</strong></span> 
     </span>
    </p>
   </div>
   <div class='ocr_carea' id='block_1_20' title="bbox 2130 563 3804 640">
    <p class='ocr_par' dir='ltr' id='par_1_20' title="bbox 2130 563 3804 640">
     <span class='ocr_line' id='line_1_20' title="bbox 2130 563 3804 640; baseline -0.004 -15"><span class='ocrx_word' id='word_1_133' title='bbox 2130 572 2319 637; x_wconf 89' lang='lat' dir='ltr'><strong>aiunt,</strong></span> <span class='ocrx_word' id='word_1_134' title='bbox 2350 567 2430 624; x_wconf 85' lang='lat' dir='ltr'><strong>ab</strong></span> <span class='ocrx_word' id='word_1_135' title='bbox 2460 583 2531 623; x_wconf 90' lang='lat' dir='ltr'><strong>eo</strong></span> <span class='ocrx_word' id='word_1_136' title='bbox 2560 571 3001 640; x_wconf 86' lang='lat' dir='ltr'><strong>constupratur,</strong></span> <span class='ocrx_word' id='word_1_137' title='bbox 3035 568 3215 636; x_wconf 87' lang='lat' dir='ltr'><strong>atque</strong></span> <span class='ocrx_word' id='word_1_138' title='bbox 3255 579 3394 618; x_wconf 90' lang='lat' dir='ltr'><strong>eum</strong></span> <span class='ocrx_word' id='word_1_139' title='bbox 3423 563 3719 619; x_wconf 89' lang='lat' dir='ltr'><strong>cachinno</strong></span> <span class='ocrx_word' id='word_1_140' title='bbox 3745 568 3804 620; x_wconf 89' lang='lat' dir='ltr'><strong>et</strong></span> 
     </span>
    </p>
   </div>
   <div class='ocr_carea' id='block_1_21' title="bbox 2128 651 3804 722">
    <p class='ocr_par' dir='ltr' id='par_1_21' title="bbox 2128 651 3804 722">
     <span class='ocr_line' id='line_1_21' title="bbox 2128 651 3804 722; baseline -0.005 -8"><span class='ocrx_word' id='word_1_141' title='bbox 2128 657 2405 714; x_wconf 87' lang='lat' dir='ltr'><strong>omnium</strong></span> <span class='ocrx_word' id='word_1_142' title='bbox 2435 656 2733 712; x_wconf 84' lang='lat' dir='ltr'><strong>derisione</strong></span> <span class='ocrx_word' id='word_1_143' title='bbox 2774 655 2851 711; x_wconf 89' lang='lat' dir='ltr'><strong>ad</strong></span> <span class='ocrx_word' id='word_1_144' title='bbox 2900 652 3267 710; x_wconf 86' lang='lat' dir='ltr'><strong>avunculum</strong></span> <span class='ocrx_word' id='word_1_145' title='bbox 3310 651 3646 708; x_wconf 82' lang='lat' dir='ltr'><strong>remittitur.</strong></span> <span class='ocrx_word' id='word_1_146' title='bbox 3694 653 3804 722; x_wconf 86' lang='lat' dir='ltr'><strong>Igi-</strong></span> 
     </span>
    </p>
   </div>
   <div class='ocr_carea' id='block_1_22' title="bbox 2129 741 3803 825">
    <p class='ocr_par' dir='ltr' id='par_1_22' title="bbox 2129 741 3803 825">
     <span class='ocr_line' id='line_1_22' title="bbox 2129 741 3803 825; baseline -0.005 -22"><span class='ocrx_word' id='word_1_147' title='bbox 2129 752 2226 803; x_wconf 86' lang='lat' dir='ltr'><strong>tur</strong></span> <span class='ocrx_word' id='word_1_148' title='bbox 2271 746 2588 816; x_wconf 81' lang='lat' dir='ltr'><strong>agentibus</strong></span> <span class='ocrx_word' id='word_1_149' title='bbox 2646 744 2929 802; x_wconf 78' lang='lat' dir='ltr'><strong>fratribus</strong></span> <span class='ocrx_word' id='word_1_150' title='bbox 2968 742 3320 810; x_wconf 70' lang='lat' dir='ltr'><strong>Thietbirgaa</strong></span> <span class='ocrx_word' id='word_1_151' title='bbox 3378 741 3624 811; x_wconf 71' lang='lat' dir='ltr'><strong>reginae,</strong></span> <span class='ocrx_word' id='word_1_152' title='bbox 3676 742 3803 825; x_wconf 72' lang='lat' dir='ltr'><strong>haec</strong></span> 
     </span>
    </p>
   </div>
   <div class='ocr_carea' id='block_1_23' title="bbox 2130 830 3803 905">
    <p class='ocr_par' dir='ltr' id='par_1_23' title="bbox 2130 830 3803 905">
     <span class='ocr_line' id='line_1_23' title="bbox 2130 830 3803 905; baseline -0.003 -13"><span class='ocrx_word' id='word_1_153' title='bbox 2130 836 2338 893; x_wconf 86' lang='lat' dir='ltr'><strong>omnia</strong></span> <span class='ocrx_word' id='word_1_154' title='bbox 2367 836 2442 892; x_wconf 87' lang='lat' dir='ltr'><strong>ad</strong></span> <span class='ocrx_word' id='word_1_155' title='bbox 2495 836 2769 892; x_wconf 82' lang='lat' dir='ltr'><strong>notitiam</strong></span> <span class='ocrx_word' id='word_1_156' title='bbox 2820 833 3043 890; x_wconf 84' lang='lat' dir='ltr'><strong>Nicolai</strong></span> <span class='ocrx_word' id='word_1_157' title='bbox 3089 848 3261 905; x_wconf 69' lang='lat' dir='ltr'><strong>papre</strong></span> <span class='ocrx_word' id='word_1_158' title='bbox 3292 830 3664 901; x_wconf 88' lang='lat' dir='ltr'><strong>deferuntur,</strong></span> <span class='ocrx_word' id='word_1_159' title='bbox 3698 832 3803 904; x_wconf 80' lang='lat' dir='ltr'><strong>qul</strong></span> 
     </span>
    </p>
   </div>
   <div class='ocr_carea' id='block_1_24' title="bbox 2131 919 3529 997">
    <p class='ocr_par' dir='ltr' id='par_1_24' title="bbox 2131 919 3529 997">
     <span class='ocr_line' id='line_1_24' title="bbox 2131 919 3529 997; baseline -0.004 -17"><span class='ocrx_word' id='word_1_160' title='bbox 2131 942 2202 981; x_wconf 91' lang='lat' dir='ltr'><strong>eo</strong></span> <span class='ocrx_word' id='word_1_161' title='bbox 2242 928 2508 997; x_wconf 89' lang='lat' dir='ltr'><strong>tempore</strong></span> <span class='ocrx_word' id='word_1_162' title='bbox 2538 927 2820 981; x_wconf 61' lang='lat' dir='ltr'><strong>Romanae</strong></span> <span class='ocrx_word' id='word_1_163' title='bbox 2847 921 3213 997; x_wconf 69' lang='lat' dir='ltr'><strong>praesidebat</strong></span> <span class='ocrx_word' id='word_1_164' title='bbox 3238 919 3529 976; x_wconf 76' lang='lat' dir='ltr'><strong>Ecclesiae.</strong></span> 
     </span>
    </p>
   </div>
   <div class='ocr_carea' id='block_1_25' title="bbox 2724 1010 3208 1081">
    <p class='ocr_par' dir='ltr' id='par_1_25' title="bbox 2724 1010 3208 1081">
     <span class='ocr_line' id='line_1_25' title="bbox 2724 1010 3208 1081; baseline -0.008 -14"><span class='ocrx_word' id='word_1_165' title='bbox 2724 1012 3037 1069; x_wconf 68' lang='lat' dir='ltr'><strong>unocuxv</strong></span> <span class='ocrx_word' id='word_1_166' title='bbox 3074 1010 3208 1081; x_wconf 66' lang='lat'><strong>(41).</strong></span> 
     </span>
    </p>
   </div>
   <div class='ocr_carea' id='block_1_26' title="bbox 2204 1096 3805 1155">
    <p class='ocr_par' dir='ltr' id='par_1_26' title="bbox 2204 1096 3805 1155">
     <span class='ocr_line' id='line_1_26' title="bbox 2204 1096 3805 1155; baseline -0.001 0"><span class='ocrx_word' id='word_1_167' title='bbox 2204 1105 2376 1155; x_wconf 84' lang='lat' dir='ltr'><strong>Anno</strong></span> <span class='ocrx_word' id='word_1_168' title='bbox 2436 1099 2755 1155; x_wconf 75' lang='lat' dir='ltr'><strong>Ilominicre</strong></span> <span class='ocrx_word' id='word_1_169' title='bbox 2813 1097 3244 1155; x_wconf 83' lang='lat' dir='ltr'><strong>incarnationis</strong></span> <span class='ocrx_word' id='word_1_170' title='bbox 3290 1100 3393 1152; x_wconf 82' lang='lat'><strong>865</strong></span> <span class='ocrx_word' id='word_1_171' title='bbox 3443 1096 3614 1152; x_wconf 82' lang='lat' dir='ltr'><strong>missi</strong></span> <span class='ocrx_word' id='word_1_172' title='bbox 3668 1103 3805 1153; x_wconf 81' lang='lat' dir='ltr'><strong>sunt</strong></span> 
     </span>
    </p>
   </div>
   <div class='ocr_carea' id='block_1_27' title="bbox 2140 1186 3803 1258">
    <p class='ocr_par' dir='ltr' id='par_1_27' title="bbox 2140 1186 3803 1258">
     <span class='ocr_line' id='line_1_27' title="bbox 2140 1186 3803 1258; baseline -0.001 -14"><span class='ocrx_word' id='word_1_173' title='bbox 2140 1193 2382 1257; x_wconf 82' lang='lat' dir='ltr'><strong>[lagano</strong></span> <span class='ocrx_word' id='word_1_174' title='bbox 2416 1190 2488 1223; x_wconf 75' lang='grc'><strong>³³³</strong></span> <span class='ocrx_word' id='word_1_175' title='bbox 2518 1192 2575 1243; x_wconf 92' lang='lat' dir='ltr'><strong>et</strong></span> <span class='ocrx_word' id='word_1_176' title='bbox 2600 1188 2943 1244; x_wconf 78' lang='lat' dir='ltr'><strong>Rodoaldus</strong></span> <span class='ocrx_word' id='word_1_177' title='bbox 3000 1188 3091 1256; x_wconf 64' lang='lat'><strong>&#39;3‘,</strong></span> <span class='ocrx_word' id='word_1_178' title='bbox 3138 1186 3480 1258; x_wconf 64' lang='lat' dir='ltr'><strong>apostolioe</strong></span> <span class='ocrx_word' id='word_1_179' title='bbox 3523 1186 3684 1241; x_wconf 88' lang='lat' dir='ltr'><strong>sedis</strong></span> <span class='ocrx_word' id='word_1_180' title='bbox 3729 1187 3803 1242; x_wconf 83' lang='lat' dir='ltr'><strong>le-</strong></span> 
     </span>
    </p>
   </div>
   <div class='ocr_carea' id='block_1_28' title="bbox 2138 1275 3804 1347">
    <p class='ocr_par' dir='ltr' id='par_1_28' title="bbox 2138 1275 3804 1347">
     <span class='ocr_line' id='line_1_28' title="bbox 2138 1275 3804 1347; baseline -0.001 -14"><span class='ocrx_word' id='word_1_181' title='bbox 2138 1278 2277 1347; x_wconf 77' lang='lat' dir='ltr'><strong>guti,</strong></span> <span class='ocrx_word' id='word_1_182' title='bbox 2312 1278 2373 1332; x_wconf 88' lang='lat' dir='ltr'><strong>in</strong></span> <span class='ocrx_word' id='word_1_183' title='bbox 2399 1277 2672 1346; x_wconf 84' lang='lat' dir='ltr'><strong>Galliam,</strong></span> <span class='ocrx_word' id='word_1_184' title='bbox 2707 1276 2786 1334; x_wconf 87' lang='lat' dir='ltr'><strong>ad</strong></span> <span class='ocrx_word' id='word_1_185' title='bbox 2841 1275 3306 1344; x_wconf 88' lang='lat' dir='ltr'><strong>discutiendum,</strong></span> <span class='ocrx_word' id='word_1_186' title='bbox 3352 1281 3553 1331; x_wconf 83' lang='lat' dir='ltr'><strong>utrum</strong></span> <span class='ocrx_word' id='word_1_187' title='bbox 3603 1292 3697 1332; x_wconf 87' lang='lat' dir='ltr'><strong>res</strong></span> <span class='ocrx_word' id='word_1_188' title='bbox 3724 1276 3804 1332; x_wconf 87' lang='lat' dir='ltr'><strong>ita</strong></span> 
     </span>
    </p>
   </div>
   <div class='ocr_carea' id='block_1_29' title="bbox 2138 1362 3807 1436">
    <p class='ocr_par' dir='ltr' id='par_1_29' title="bbox 2138 1362 3807 1436">
     <span class='ocr_line' id='line_1_29' title="bbox 2138 1362 3807 1436; baseline -0.001 -15"><span class='ocrx_word' id='word_1_189' title='bbox 2138 1382 2199 1421; x_wconf 89' lang='lat' dir='ltr'><strong>se</strong></span> <span class='ocrx_word' id='word_1_190' title='bbox 2254 1365 2518 1429; x_wconf 84' lang='lat' dir='ltr'><strong>haberet,</strong></span> <span class='ocrx_word' id='word_1_191' title='bbox 2572 1366 2726 1420; x_wconf 87' lang='lat' dir='ltr'><strong>sicut</strong></span> <span class='ocrx_word' id='word_1_192' title='bbox 2788 1366 2856 1399; x_wconf 72' lang='grc'><strong>³³⁵</strong></span> <span class='ocrx_word' id='word_1_193' title='bbox 2912 1379 3151 1420; x_wconf 87' lang='lat' dir='ltr'><strong>summo</strong></span> <span class='ocrx_word' id='word_1_194' title='bbox 3201 1362 3465 1436; x_wconf 83' lang='lat' dir='ltr'><strong>pontifici</strong></span> <span class='ocrx_word' id='word_1_195' title='bbox 3522 1364 3807 1420; x_wconf 85' lang='lat' dir='ltr'><strong>nunciata</strong></span> 
     </span>
    </p>
   </div>
   <div class='ocr_carea' id='block_1_30' title="bbox 2140 1453 3809 1528">
    <p class='ocr_par' dir='ltr' id='par_1_30' title="bbox 2140 1453 3809 1528">
     <span class='ocr_line' id='line_1_30' title="bbox 2140 1453 3809 1528; baseline -0.001 -19"><span class='ocrx_word' id='word_1_196' title='bbox 2140 1456 2371 1511; x_wconf 83' lang='lat' dir='ltr'><strong>fuerat:</strong></span> <span class='ocrx_word' id='word_1_197' title='bbox 2405 1456 2507 1528; x_wconf 86' lang='lat' dir='ltr'><strong>qui</strong></span> <span class='ocrx_word' id='word_1_198' title='bbox 2539 1456 2601 1511; x_wconf 89' lang='lat' dir='ltr'><strong>in</strong></span> <span class='ocrx_word' id='word_1_199' title='bbox 2630 1455 2882 1510; x_wconf 88' lang='lat' dir='ltr'><strong>Francia</strong></span> <span class='ocrx_word' id='word_1_200' title='bbox 2928 1453 3255 1519; x_wconf 84' lang='lat' dir='ltr'><strong>venientes,</strong></span> <span class='ocrx_word' id='word_1_201' title='bbox 3314 1453 3571 1525; x_wconf 85' lang='lat' dir='ltr'><strong>pecunia</strong></span> <span class='ocrx_word' id='word_1_202' title='bbox 3612 1469 3809 1508; x_wconf 86' lang='lat' dir='ltr'><strong>corru-</strong></span> 
     </span>
    </p>
   </div>
   <div class='ocr_carea' id='block_1_31' title="bbox 366 1541 3809 1623">
    <p class='ocr_par' dir='ltr' id='par_1_31' title="bbox 366 1541 3809 1623">
     <span class='ocr_line' id='line_1_31' title="bbox 366 1541 3809 1623; baseline -0.003 -14"><span class='ocrx_word' id='word_1_203' title='bbox 366 1557 573 1609; x_wconf 87' lang='lat' dir='ltr'><strong>stuoso</strong></span> <span class='ocrx_word' id='word_1_204' title='bbox 604 1552 926 1608; x_wconf 86' lang='lat' dir='ltr'><strong>concubitu</strong></span> <span class='ocrx_word' id='word_1_205' title='bbox 956 1567 1088 1607; x_wconf 85' lang='lat' dir='ltr'><strong>esse</strong></span> <span class='ocrx_word' id='word_1_206' title='bbox 1130 1550 1442 1623; x_wconf 84' lang='lat' dir='ltr'><strong>pollutam.</strong></span> <span class='ocrx_word' id='word_1_207' title='bbox 1497 1552 1787 1607; x_wconf 76' lang='lat' dir='ltr'><strong>Continuo</strong></span> <span class='ocrx_word' id='word_1_208' title='bbox 1815 1553 2033 1605; x_wconf 86' lang='lat' dir='ltr'><strong>statuta</strong></span> <span class='ocrx_word' id='word_1_209' title='bbox 2066 1568 2109 1620; x_wconf 78' lang='grc' dir='ltr'>Β</span> <span class='ocrx_word' id='word_1_210' title='bbox 2142 1544 2244 1617; x_wconf 86' lang='lat' dir='ltr'><strong>pti,</strong></span> <span class='ocrx_word' id='word_1_211' title='bbox 2278 1545 2470 1613; x_wconf 74' lang='lat' dir='ltr'><strong>magis</strong></span> <span class='ocrx_word' id='word_1_212' title='bbox 2513 1546 2785 1600; x_wconf 83' lang='lat' dir='ltr'><strong>faverunt</strong></span> <span class='ocrx_word' id='word_1_213' title='bbox 2822 1544 3118 1616; x_wconf 84' lang='lat' dir='ltr'><strong>iniquitati</strong></span> <span class='ocrx_word' id='word_1_214' title='bbox 3163 1558 3350 1615; x_wconf 87' lang='lat' dir='ltr'><strong>quam</strong></span> <span class='ocrx_word' id='word_1_215' title='bbox 3383 1541 3668 1614; x_wconf 52' lang='lat' dir='ltr'><strong>aequitati.</strong></span> <span class='ocrx_word' id='word_1_216' title='bbox 3700 1544 3809 1598; x_wconf 84' lang='lat' dir='ltr'><strong>Ta-</strong></span> 
     </span>
    </p>
   </div>
   <div class='ocr_carea' id='block_1_32' title="bbox 365 1639 2033 1713">
    <p class='ocr_par' dir='ltr' id='par_1_32' title="bbox 365 1639 2033 1713">
     <span class='ocr_line' id='line_1_32' title="bbox 365 1639 2033 1713; baseline -0.002 -16"><span class='ocrx_word' id='word_1_217' title='bbox 365 1645 611 1713; x_wconf 87' lang='lat' dir='ltr'><strong>patrum</strong></span> <span class='ocrx_word' id='word_1_218' title='bbox 640 1642 715 1696; x_wconf 91' lang='lat' dir='ltr'><strong>de</strong></span> <span class='ocrx_word' id='word_1_219' title='bbox 747 1640 1099 1696; x_wconf 84' lang='lat' dir='ltr'><strong>incestuosis</strong></span> <span class='ocrx_word' id='word_1_220' title='bbox 1140 1640 1482 1707; x_wconf 81' lang='lat' dir='ltr'><strong>recitantur,</strong></span> <span class='ocrx_word' id='word_1_221' title='bbox 1517 1647 1572 1695; x_wconf 91' lang='lat' dir='ltr'><strong>ct</strong></span> <span class='ocrx_word' id='word_1_222' title='bbox 1623 1657 1742 1695; x_wconf 91' lang='lat' dir='ltr'><strong>non</strong></span> <span class='ocrx_word' id='word_1_223' title='bbox 1774 1639 1970 1695; x_wconf 84' lang='lat' dir='ltr'><strong>solum</strong></span> <span class='ocrx_word' id='word_1_224' title='bbox 1998 1656 2033 1693; x_wconf 88' lang='lat' dir='ltr'><strong>a</strong></span> 
     </span>
    </p>
   </div>
   <div class='ocr_carea' id='block_1_33' title="bbox 365 1726 2035 1800">
    <p class='ocr_par' dir='ltr' id='par_1_33' title="bbox 365 1726 2035 1800">
     <span class='ocr_line' id='line_1_33' title="bbox 365 1726 2035 1800; baseline -0.002 -15"><span class='ocrx_word' id='word_1_225' title='bbox 365 1728 634 1800; x_wconf 87' lang='lat' dir='ltr'><strong>legitimo</strong></span> <span class='ocrx_word' id='word_1_226' title='bbox 660 1728 785 1785; x_wconf 89' lang='lat' dir='ltr'><strong>viro</strong></span> <span class='ocrx_word' id='word_1_227' title='bbox 802 1733 1135 1800; x_wconf 83' lang='lat' dir='ltr'><strong>separatur,</strong></span> <span class='ocrx_word' id='word_1_228' title='bbox 1162 1744 1369 1785; x_wconf 87' lang='lat' dir='ltr'><strong>verum</strong></span> <span class='ocrx_word' id='word_1_229' title='bbox 1391 1729 1569 1785; x_wconf 89' lang='lat' dir='ltr'><strong>etiam</strong></span> <span class='ocrx_word' id='word_1_230' title='bbox 1587 1727 1785 1784; x_wconf 86' lang='lat' dir='ltr'><strong>omnis</strong></span> <span class='ocrx_word' id='word_1_231' title='bbox 1816 1726 2035 1799; x_wconf 83' lang='lat' dir='ltr'><strong>copula</strong></span> 
     </span>
    </p>
   </div>
   <div class='ocr_carea' id='block_1_34' title="bbox 366 1815 2032 1889">
    <p class='ocr_par' dir='ltr' id='par_1_34' title="bbox 366 1815 2032 1889">
     <span class='ocr_line' id='line_1_34' title="bbox 366 1815 2032 1889; baseline -0.004 -15"><span class='ocrx_word' id='word_1_232' title='bbox 366 1817 654 1874; x_wconf 84' lang='lat' dir='ltr'><strong>maritalis</strong></span> <span class='ocrx_word' id='word_1_233' title='bbox 676 1816 977 1873; x_wconf 86' lang='lat' dir='ltr'><strong>inhibetur</strong></span> <span class='ocrx_word' id='word_1_234' title='bbox 999 1817 1325 1889; x_wconf 85' lang='lat' dir='ltr'><strong>penitentia</strong></span> <span class='ocrx_word' id='word_1_235' title='bbox 1353 1818 1525 1887; x_wconf 75' lang='lat' dir='ltr'><strong>juxta</strong></span> <span class='ocrx_word' id='word_1_236' title='bbox 1547 1817 1798 1873; x_wconf 86' lang='lat' dir='ltr'><strong>modum</strong></span> <span class='ocrx_word' id='word_1_237' title='bbox 1841 1815 2032 1888; x_wconf 78' lang='lat' dir='ltr'><strong>culpae</strong></span> 
     </span>
    </p>
   </div>
   <div class='ocr_carea' id='block_1_35' title="bbox 368 1905 2033 1978">
    <p class='ocr_par' dir='ltr' id='par_1_35' title="bbox 368 1905 2033 1978">
     <span class='ocr_line' id='line_1_35' title="bbox 368 1905 2033 1978; baseline -0.001 -18"><span class='ocrx_word' id='word_1_238' title='bbox 368 1906 670 1978; x_wconf 85' lang='lat' dir='ltr'><strong>indicitur,</strong></span> <span class='ocrx_word' id='word_1_239' title='bbox 700 1911 758 1962; x_wconf 90' lang='lat' dir='ltr'><strong>et</strong></span> <span class='ocrx_word' id='word_1_240' title='bbox 786 1905 886 1961; x_wconf 87' lang='lat' dir='ltr'><strong>tali</strong></span> <span class='ocrx_word' id='word_1_241' title='bbox 919 1905 1148 1964; x_wconf 88' lang='lat' dir='ltr'><strong>nefaria</strong></span> <span class='ocrx_word' id='word_1_242' title='bbox 1176 1907 1246 1941; x_wconf 82' lang='grc'>¹²⁶</span> <span class='ocrx_word' id='word_1_243' title='bbox 1286 1906 1729 1963; x_wconf 83' lang='lat' dir='ltr'><strong>machinatione</strong></span> <span class='ocrx_word' id='word_1_244' title='bbox 1760 1905 1863 1961; x_wconf 88' lang='lat' dir='ltr'><strong>diu</strong></span> <span class='ocrx_word' id='word_1_245' title='bbox 1893 1920 2033 1960; x_wconf 80' lang='lat' dir='ltr'><strong>exo-</strong></span> 
     </span>
    </p>
   </div>
   <div class='ocr_carea' id='block_1_36' title="bbox 373 1994 1442 2067">
    <p class='ocr_par' dir='ltr' id='par_1_36' title="bbox 373 1994 1442 2067">
     <span class='ocr_line' id='line_1_36' title="bbox 373 1994 1442 2067; baseline -0.002 -16"><span class='ocrx_word' id='word_1_246' title='bbox 373 1999 538 2067; x_wconf 88' lang='lat' dir='ltr'><strong>ptata</strong></span> <span class='ocrx_word' id='word_1_247' title='bbox 572 1994 847 2051; x_wconf 81' lang='lat' dir='ltr'><strong>voluntas</strong></span> <span class='ocrx_word' id='word_1_248' title='bbox 878 1994 1034 2065; x_wconf 85' lang='lat' dir='ltr'><strong>regis</strong></span> <span class='ocrx_word' id='word_1_249' title='bbox 1063 1994 1442 2067; x_wconf 83' lang='lat' dir='ltr'><strong>adimpletur.</strong></span> 
     </span>
    </p>
   </div>
   <div class='ocr_carea' id='block_1_37' title="bbox 440 2083 2036 2157">
    <p class='ocr_par' dir='ltr' id='par_1_37' title="bbox 440 2083 2036 2157">
     <span class='ocr_line' id='line_1_37' title="bbox 440 2083 2036 2157; baseline -0.002 -16"><span class='ocrx_word' id='word_1_250' title='bbox 440 2088 569 2141; x_wconf 82' lang='lat' dir='ltr'><strong>Non</strong></span> <span class='ocrx_word' id='word_1_251' title='bbox 598 2084 787 2140; x_wconf 88' lang='lat' dir='ltr'><strong>multo</strong></span> <span class='ocrx_word' id='word_1_252' title='bbox 810 2088 946 2157; x_wconf 87' lang='lat' dir='ltr'><strong>post</strong></span> <span class='ocrx_word' id='word_1_253' title='bbox 998 2084 1307 2155; x_wconf 73' lang='lat' dir='ltr'><strong>interiecto</strong></span> <span class='ocrx_word' id='word_1_254' title='bbox 1354 2087 1624 2156; x_wconf 88' lang='lat' dir='ltr'><strong>tempore</strong></span> <span class='ocrx_word' id='word_1_255' title='bbox 1678 2084 1793 2154; x_wconf 70' lang='grc'><strong>(40)</strong></span> <span class='ocrx_word' id='word_1_256' title='bbox 1821 2083 2036 2139; x_wconf 86' lang='lat' dir='ltr'><strong>iterum</strong></span> 
     </span>
    </p>
   </div>
   <div class='ocr_carea' id='block_1_38' title="bbox 370 2171 2033 2245">
    <p class='ocr_par' dir='ltr' id='par_1_38' title="bbox 370 2171 2033 2245">
     <span class='ocr_line' id='line_1_38' title="bbox 370 2171 2033 2245; baseline -0.001 -17"><span class='ocrx_word' id='word_1_257' title='bbox 370 2176 735 2228; x_wconf 87' lang='lat' dir='ltr'><strong>conventum</strong></span> <span class='ocrx_word' id='word_1_258' title='bbox 783 2172 1139 2245; x_wconf 86' lang='lat' dir='ltr'><strong>synodalem</strong></span> <span class='ocrx_word' id='word_1_259' title='bbox 1166 2171 1531 2245; x_wconf 73' lang='lat' dir='ltr'><strong>Aquisgrani</strong></span> <span class='ocrx_word' id='word_1_260' title='bbox 1564 2174 1629 2206; x_wconf 73' lang='grc'>¹²⁷</span> <span class='ocrx_word' id='word_1_261' title='bbox 1668 2171 2033 2235; x_wconf 86' lang='lat' dir='ltr'><strong>coadunant,</strong></span> 
     </span>
    </p>
   </div>
   <div class='ocr_carea' id='block_1_39' title="bbox 368 2259 2034 2333">
    <p class='ocr_par' dir='ltr' id='par_1_39' title="bbox 368 2259 2034 2333">
     <span class='ocr_line' id='line_1_39' title="bbox 368 2259 2034 2333; baseline -0.002 -16"><span class='ocrx_word' id='word_1_262' title='bbox 368 2260 475 2317; x_wconf 79' lang='lat' dir='ltr'><strong>ubi</strong></span> <span class='ocrx_word' id='word_1_263' title='bbox 498 2274 604 2316; x_wconf 81' lang='lat' dir='ltr'><strong>rex</strong></span> <span class='ocrx_word' id='word_1_264' title='bbox 648 2260 919 2317; x_wconf 88' lang='lat' dir='ltr'><strong>libellum</strong></span> <span class='ocrx_word' id='word_1_265' title='bbox 952 2279 1075 2316; x_wconf 68' lang='lat' dir='ltr'><strong>sua:</strong></span> <span class='ocrx_word' id='word_1_266' title='bbox 1121 2261 1610 2333; x_wconf 86' lang='lat' dir='ltr'><strong>proclamationis</strong></span> <span class='ocrx_word' id='word_1_267' title='bbox 1660 2260 1891 2324; x_wconf 87' lang='lat' dir='ltr'><strong>obtulit,</strong></span> <span class='ocrx_word' id='word_1_268' title='bbox 1936 2259 2034 2316; x_wconf 91' lang='lat' dir='ltr'><strong>ubi</strong></span> 
     </span>
    </p>
   </div>
   <div class='ocr_carea' id='block_1_40' title="bbox 371 2348 2037 2421">
    <p class='ocr_par' dir='ltr' id='par_1_40' title="bbox 371 2348 2037 2421">
     <span class='ocr_line' id='line_1_40' title="bbox 371 2348 2037 2421; baseline -0.001 -16"><span class='ocrx_word' id='word_1_269' title='bbox 371 2348 809 2419; x_wconf 87' lang='lat' dir='ltr'><strong>continebatur,</strong></span> <span class='ocrx_word' id='word_1_270' title='bbox 866 2348 1121 2421; x_wconf 86' lang='lat' dir='ltr'><strong>qualiter</strong></span> <span class='ocrx_word' id='word_1_271' title='bbox 1168 2349 1230 2405; x_wconf 91' lang='lat' dir='ltr'><strong>in</strong></span> <span class='ocrx_word' id='word_1_272' title='bbox 1257 2348 1525 2421; x_wconf 84' lang='lat' dir='ltr'><strong>quadam</strong></span> <span class='ocrx_word' id='word_1_273' title='bbox 1574 2350 1822 2405; x_wconf 82' lang='lat' dir='ltr'><strong>fcemina</strong></span> <span class='ocrx_word' id='word_1_274' title='bbox 1851 2348 2037 2403; x_wconf 87' lang='lat' dir='ltr'><strong>Thiet-</strong></span> 
     </span>
    </p>
   </div>
   <div class='ocr_carea' id='block_1_41' title="bbox 372 2437 2035 2510">
    <p class='ocr_par' dir='ltr' id='par_1_41' title="bbox 372 2437 2035 2510">
     <span class='ocr_line' id='line_1_41' title="bbox 372 2437 2035 2510; baseline -0.001 -17"><span class='ocrx_word' id='word_1_275' title='bbox 372 2437 547 2507; x_wconf 83' lang='lat' dir='ltr'><strong>birga</strong></span> <span class='ocrx_word' id='word_1_276' title='bbox 572 2438 837 2508; x_wconf 90' lang='lat' dir='ltr'><strong>nomine,</strong></span> <span class='ocrx_word' id='word_1_277' title='bbox 886 2437 1144 2493; x_wconf 86' lang='lat' dir='ltr'><strong>factiosis</strong></span> <span class='ocrx_word' id='word_1_278' title='bbox 1174 2437 1543 2510; x_wconf 75' lang='lat' dir='ltr'><strong>perfidorum</strong></span> <span class='ocrx_word' id='word_1_279' title='bbox 1592 2438 1909 2493; x_wconf 82' lang='lat' dir='ltr'><strong>hominum</strong></span> <span class='ocrx_word' id='word_1_280' title='bbox 1939 2451 2035 2492; x_wconf 86' lang='lat' dir='ltr'><strong>ar-</strong></span> 
     </span>
    </p>
   </div>
   <div class='ocr_carea' id='block_1_42' title="bbox 371 2526 2037 2595">
    <p class='ocr_par' dir='ltr' id='par_1_42' title="bbox 371 2526 2037 2595">
     <span class='ocr_line' id='line_1_42' title="bbox 371 2526 2037 2595; baseline -0.002 -13"><span class='ocrx_word' id='word_1_281' title='bbox 371 2526 670 2595; x_wconf 87' lang='lat' dir='ltr'><strong>gumentis</strong></span> <span class='ocrx_word' id='word_1_282' title='bbox 701 2528 893 2583; x_wconf 82' lang='lat' dir='ltr'><strong>fuerat</strong></span> <span class='ocrx_word' id='word_1_283' title='bbox 920 2526 1334 2594; x_wconf 79' lang='lat' dir='ltr'><strong>defraudatus,</strong></span> <span class='ocrx_word' id='word_1_284' title='bbox 1356 2526 1480 2582; x_wconf 88' lang='lat' dir='ltr'><strong>imo</strong></span> <span class='ocrx_word' id='word_1_285' title='bbox 1511 2542 1631 2581; x_wconf 90' lang='lat' dir='ltr'><strong>non</strong></span> <span class='ocrx_word' id='word_1_286' title='bbox 1663 2526 2037 2581; x_wconf 83' lang='lat' dir='ltr'><strong>mediocriter</strong></span> 
     </span>
    </p>
   </div>
   <div class='ocr_carea' id='block_1_43' title="bbox 369 2613 2037 2689">
    <p class='ocr_par' dir='ltr' id='par_1_43' title="bbox 369 2613 2037 2689">
     <span class='ocr_line' id='line_1_43' title="bbox 369 2613 2037 2689; baseline -0.002 -19"><span class='ocrx_word' id='word_1_287' title='bbox 369 2614 658 2687; x_wconf 85' lang='lat' dir='ltr'><strong>repetivit.</strong></span> <span class='ocrx_word' id='word_1_288' title='bbox 688 2614 1110 2689; x_wconf 85' lang='lat' dir='ltr'><strong>quodjudicio</strong></span> <span class='ocrx_word' id='word_1_289' title='bbox 1147 2615 1572 2687; x_wconf 86' lang='lat' dir='ltr'><strong>episcoporum</strong></span> <span class='ocrx_word' id='word_1_290' title='bbox 1623 2613 1850 2669; x_wconf 86' lang='lat' dir='ltr'><strong>dissidii</strong></span> <span class='ocrx_word' id='word_1_291' title='bbox 1909 2629 2037 2668; x_wconf 84' lang='lat' dir='ltr'><strong>sen-</strong></span> 
     </span>
    </p>
   </div>
   <div class='ocr_carea' id='block_1_44' title="bbox 372 2702 2036 2775">
    <p class='ocr_par' dir='ltr' id='par_1_44' title="bbox 372 2702 2036 2775">
     <span class='ocr_line' id='line_1_44' title="bbox 372 2702 2036 2775; baseline -0.002 -15"><span class='ocrx_word' id='word_1_292' title='bbox 372 2704 621 2760; x_wconf 84' lang='lat' dir='ltr'><strong>tentiam</strong></span> <span class='ocrx_word' id='word_1_293' title='bbox 659 2703 1013 2775; x_wconf 87' lang='lat' dir='ltr'><strong>pertulisset.</strong></span> <span class='ocrx_word' id='word_1_294' title='bbox 1049 2706 1191 2769; x_wconf 69' lang='lat' dir='ltr'><strong>Quae</strong></span> <span class='ocrx_word' id='word_1_295' title='bbox 1222 2703 1270 2758; x_wconf 89' lang='lat' dir='ltr'><strong>si</strong></span> <span class='ocrx_word' id='word_1_296' title='bbox 1298 2702 1518 2758; x_wconf 90' lang='lat' dir='ltr'><strong>idonea</strong></span> <span class='ocrx_word' id='word_1_297' title='bbox 1547 2710 1704 2758; x_wconf 85' lang='lat' dir='ltr'><strong>esset</strong></span> <span class='ocrx_word' id='word_1_298' title='bbox 1731 2702 2036 2773; x_wconf 83' lang='lat' dir='ltr'><strong>conjugali</strong></span> 
     </span>
    </p>
   </div>
   <div class='ocr_carea' id='block_1_45' title="bbox 372 2786 2037 2859">
    <p class='ocr_par' dir='ltr' id='par_1_45' title="bbox 372 2786 2037 2859">
     <span class='ocr_line' id='line_1_45' title="bbox 372 2786 2037 2859; baseline -0.001 -17"><span class='ocrx_word' id='word_1_299' title='bbox 372 2787 562 2852; x_wconf 87' lang='lat' dir='ltr'><strong>thoro,</strong></span> <span class='ocrx_word' id='word_1_300' title='bbox 595 2792 650 2841; x_wconf 91' lang='lat' dir='ltr'><strong>et</strong></span> <span class='ocrx_word' id='word_1_301' title='bbox 675 2787 955 2858; x_wconf 86' lang='lat' dir='ltr'><strong>pestifera</strong></span> <span class='ocrx_word' id='word_1_302' title='bbox 1007 2786 1266 2842; x_wconf 88' lang='lat' dir='ltr'><strong>incestus</strong></span> <span class='ocrx_word' id='word_1_303' title='bbox 1294 2786 1621 2859; x_wconf 88' lang='lat' dir='ltr'><strong>pollutione</strong></span> <span class='ocrx_word' id='word_1_304' title='bbox 1662 2788 1885 2842; x_wconf 61' lang='lat' dir='ltr'><strong>findata</strong></span> <span class='ocrx_word' id='word_1_305' title='bbox 1914 2803 2037 2841; x_wconf 91' lang='lat' dir='ltr'><strong>non</strong></span> 
     </span>
    </p>
   </div>
   <div class='ocr_carea' id='block_1_46' title="bbox 371 2874 2036 2947">
    <p class='ocr_par' dir='ltr' id='par_1_46' title="bbox 371 2874 2036 2947">
     <span class='ocr_line' id='line_1_46' title="bbox 371 2874 2036 2947; baseline -0.001 -17"><span class='ocrx_word' id='word_1_306' title='bbox 371 2874 598 2944; x_wconf 85' lang='lat' dir='ltr'><strong>fuisset,</strong></span> <span class='ocrx_word' id='word_1_307' title='bbox 631 2890 742 2931; x_wconf 91' lang='lat' dir='ltr'><strong>nec</strong></span> <span class='ocrx_word' id='word_1_308' title='bbox 778 2874 925 2931; x_wconf 70' lang='lat' dir='ltr'><strong>vivas</strong></span> <span class='ocrx_word' id='word_1_309' title='bbox 980 2875 1141 2930; x_wconf 88' lang='lat' dir='ltr'><strong>vocis</strong></span> <span class='ocrx_word' id='word_1_310' title='bbox 1190 2874 1566 2930; x_wconf 80' lang='lat' dir='ltr'><strong>confessione</strong></span> <span class='ocrx_word' id='word_1_311' title='bbox 1611 2874 1846 2947; x_wconf 73' lang='lat' dir='ltr'><strong>publice</strong></span> <span class='ocrx_word' id='word_1_312' title='bbox 1893 2891 2036 2929; x_wconf 88' lang='lat' dir='ltr'><strong>con-</strong></span> 
     </span>
    </p>
   </div>
   <div class='ocr_carea' id='block_1_47' title="bbox 370 2958 2038 3030">
    <p class='ocr_par' dir='ltr' id='par_1_47' title="bbox 370 2958 2038 3030">
     <span class='ocr_line' id='line_1_47' title="bbox 370 2958 2038 3030; baseline 0.001 -18"><span class='ocrx_word' id='word_1_313' title='bbox 370 2958 676 3025; x_wconf 84' lang='lat' dir='ltr'><strong>demnata,</strong></span> <span class='ocrx_word' id='word_1_314' title='bbox 710 2962 922 3030; x_wconf 87' lang='lat' dir='ltr'><strong>sponte</strong></span> <span class='ocrx_word' id='word_1_315' title='bbox 970 2974 1105 3014; x_wconf 87' lang='lat' dir='ltr'><strong>eam</strong></span> <span class='ocrx_word' id='word_1_316' title='bbox 1154 2958 1468 3014; x_wconf 81' lang='lat' dir='ltr'><strong>retineret:</strong></span> <span class='ocrx_word' id='word_1_317' title='bbox 1522 2975 1701 3030; x_wconf 73' lang='lat' dir='ltr'><strong>porro</strong></span> <span class='ocrx_word' id='word_1_318' title='bbox 1746 2975 1806 3014; x_wconf 87' lang='lat' dir='ltr'><strong>se</strong></span> <span class='ocrx_word' id='word_1_319' title='bbox 1836 2959 2038 3015; x_wconf 86' lang='lat' dir='ltr'><strong>incon-</strong></span> 
     </span>
    </p>
   </div>
   <div class='ocr_carea' id='block_1_48' title="bbox 374 3046 2040 3120">
    <p class='ocr_par' dir='ltr' id='par_1_48' title="bbox 374 3046 2040 3120">
     <span class='ocr_line' id='line_1_48' title="bbox 374 3046 2040 3120; baseline 0.001 -19"><span class='ocrx_word' id='word_1_320' title='bbox 374 3046 658 3102; x_wconf 90' lang='lat' dir='ltr'><strong>tinentem</strong></span> <span class='ocrx_word' id='word_1_321' title='bbox 684 3061 813 3103; x_wconf 86' lang='lat' dir='ltr'><strong>esse</strong></span> <span class='ocrx_word' id='word_1_322' title='bbox 842 3046 1148 3119; x_wconf 85' lang='lat' dir='ltr'><strong>professus</strong></span> <span class='ocrx_word' id='word_1_323' title='bbox 1178 3051 1284 3113; x_wconf 89' lang='lat' dir='ltr'><strong>est,</strong></span> <span class='ocrx_word' id='word_1_324' title='bbox 1332 3052 1390 3103; x_wconf 86' lang='lat' dir='ltr'><strong>et</strong></span> <span class='ocrx_word' id='word_1_325' title='bbox 1417 3047 1544 3103; x_wconf 88' lang='lat' dir='ltr'><strong>sine</strong></span> <span class='ocrx_word' id='word_1_326' title='bbox 1572 3048 1788 3120; x_wconf 85' lang='lat' dir='ltr'><strong>copula</strong></span> <span class='ocrx_word' id='word_1_327' title='bbox 1809 3047 2040 3115; x_wconf 82' lang='lat' dir='ltr'><strong>juveni-</strong></span> 
     </span>
    </p>
   </div>
   <div class='ocr_carea' id='block_1_49' title="bbox 372 3133 2039 3208">
    <p class='ocr_par' dir='ltr' id='par_1_49' title="bbox 372 3133 2039 3208">
     <span class='ocr_line' id='line_1_49' title="bbox 372 3133 2039 3208; baseline 0.002 -20"><span class='ocrx_word' id='word_1_328' title='bbox 372 3133 443 3205; x_wconf 85' lang='lat' dir='ltr'><strong>lis</strong></span> <span class='ocrx_word' id='word_1_329' title='bbox 474 3134 663 3189; x_wconf 77' lang='lat' dir='ltr'><strong>aetatis</strong></span> <span class='ocrx_word' id='word_1_330' title='bbox 693 3134 972 3205; x_wconf 87' lang='lat' dir='ltr'><strong>ardorem</strong></span> <span class='ocrx_word' id='word_1_331' title='bbox 1024 3134 1173 3191; x_wconf 87' lang='lat' dir='ltr'><strong>ferre</strong></span> <span class='ocrx_word' id='word_1_332' title='bbox 1210 3150 1333 3190; x_wconf 93' lang='lat' dir='ltr'><strong>non</strong></span> <span class='ocrx_word' id='word_1_333' title='bbox 1362 3152 1559 3208; x_wconf 85' lang='lat' dir='ltr'><strong>posse.</strong></span> <span class='ocrx_word' id='word_1_334' title='bbox 1614 3136 1813 3191; x_wconf 85' lang='lat' dir='ltr'><strong>Allatis</strong></span> <span class='ocrx_word' id='word_1_335' title='bbox 1843 3138 1910 3169; x_wconf 66' lang='grc'><strong>³³⁸</strong></span> <span class='ocrx_word' id='word_1_336' title='bbox 1936 3136 2039 3191; x_wconf 88' lang='lat' dir='ltr'><strong>ita-</strong></span> 
     </span>
    </p>
   </div>
   <div class='ocr_carea' id='block_1_50' title="bbox 373 3223 2040 3296">
    <p class='ocr_par' dir='ltr' id='par_1_50' title="bbox 373 3223 2040 3296">
     <span class='ocr_line' id='line_1_50' title="bbox 373 3223 2040 3296; baseline 0.001 -18"><span class='ocrx_word' id='word_1_337' title='bbox 373 3239 492 3296; x_wconf 89' lang='lat' dir='ltr'><strong>que</strong></span> <span class='ocrx_word' id='word_1_338' title='bbox 513 3223 887 3280; x_wconf 87' lang='lat' dir='ltr'><strong>diversorum</strong></span> <span class='ocrx_word' id='word_1_339' title='bbox 941 3224 1331 3280; x_wconf 87' lang='lat' dir='ltr'><strong>consiliorum</strong></span> <span class='ocrx_word' id='word_1_340' title='bbox 1385 3224 1816 3291; x_wconf 86' lang='lat' dir='ltr'><strong>voluminibus,</strong></span> <span class='ocrx_word' id='word_1_341' title='bbox 1854 3224 2040 3280; x_wconf 86' lang='lat' dir='ltr'><strong>multa</strong></span> 
     </span>
    </p>
   </div>
   <div class='ocr_carea' id='block_1_51' title="bbox 374 3306 2038 3386">
    <p class='ocr_par' dir='ltr' id='par_1_51' title="bbox 374 3306 2038 3386">
     <span class='ocr_line' id='line_1_51' title="bbox 374 3306 2038 3386; baseline 0.001 -20"><span class='ocrx_word' id='word_1_342' title='bbox 374 3312 450 3366; x_wconf 92' lang='lat' dir='ltr'><strong>de</strong></span> <span class='ocrx_word' id='word_1_343' title='bbox 473 3306 826 3368; x_wconf 78' lang='lat' dir='ltr'><strong>incestuosis</strong></span> <span class='ocrx_word' id='word_1_344' title='bbox 848 3312 1131 3385; x_wconf 87' lang='lat' dir='ltr'><strong>replicata</strong></span> <span class='ocrx_word' id='word_1_345' title='bbox 1154 3317 1313 3381; x_wconf 90' lang='lat' dir='ltr'><strong>sunt;</strong></span> <span class='ocrx_word' id='word_1_346' title='bbox 1341 3312 1562 3386; x_wconf 78' lang='lat' dir='ltr'><strong>quibus</strong></span> <span class='ocrx_word' id='word_1_347' title='bbox 1583 3314 1857 3379; x_wconf 87' lang='lat' dir='ltr'><strong>recitatis,</strong></span> <span class='ocrx_word' id='word_1_348' title='bbox 1882 3315 2038 3368; x_wconf 84' lang='lat' dir='ltr'><strong>hanc</strong></span> 
     </span>
    </p>
   </div>
   <div class='ocr_carea' id='block_1_52' title="bbox 375 3398 2038 3475">
    <p class='ocr_par' dir='ltr' id='par_1_52' title="bbox 375 3398 2038 3475">
     <span class='ocr_line' id='line_1_52' title="bbox 375 3398 2038 3475; baseline 0 -19"><span class='ocrx_word' id='word_1_349' title='bbox 375 3398 754 3457; x_wconf 79' lang='lat' dir='ltr'><strong>diﬂinitivam</strong></span> <span class='ocrx_word' id='word_1_350' title='bbox 785 3401 1141 3457; x_wconf 86' lang='lat' dir='ltr'><strong>sententiam</strong></span> <span class='ocrx_word' id='word_1_351' title='bbox 1193 3402 1605 3475; x_wconf 85' lang='lat' dir='ltr'><strong>protulerunt:</strong></span> <span class='ocrx_word' id='word_1_352' title='bbox 1665 3428 1689 3451; x_wconf 86' lang='grc'><strong>‹‹</strong></span> <span class='ocrx_word' id='word_1_353' title='bbox 1728 3402 2038 3458; x_wconf 69' lang='lat' dir='ltr'><strong>Credimus</strong></span> 
     </span>
    </p>
   </div>
   <div class='ocr_carea' id='block_1_53' title="bbox 379 3488 2038 3563">
    <p class='ocr_par' dir='ltr' id='par_1_53' title="bbox 379 3488 2038 3563">
     <span class='ocr_line' id='line_1_53' title="bbox 379 3488 2038 3563; baseline 0.001 -18"><span class='ocrx_word' id='word_1_354' title='bbox 379 3488 543 3546; x_wconf 89' lang='lat' dir='ltr'><strong>illam</strong></span> <span class='ocrx_word' id='word_1_355' title='bbox 572 3506 696 3546; x_wconf 90' lang='lat' dir='ltr'><strong>non</strong></span> <span class='ocrx_word' id='word_1_356' title='bbox 722 3490 906 3547; x_wconf 84' lang='lat' dir='ltr'><strong>fuisse</strong></span> <span class='ocrx_word' id='word_1_357' title='bbox 936 3488 1222 3547; x_wconf 82' lang='lat' dir='ltr'><strong>idoneam</strong></span> <span class='ocrx_word' id='word_1_358' title='bbox 1240 3508 1309 3547; x_wconf 86' lang='lat' dir='ltr'><strong>ac</strong></span> <span class='ocrx_word' id='word_1_359' title='bbox 1339 3489 1668 3562; x_wconf 81' lang='lat' dir='ltr'><strong>legitimam</strong></span> <span class='ocrx_word' id='word_1_360' title='bbox 1696 3495 1826 3563; x_wconf 83' lang='lat' dir='ltr'><strong>conj</strong></span> <span class='ocrx_word' id='word_1_361' title='bbox 1839 3510 2038 3563; x_wconf 82' lang='lat' dir='ltr'><strong>ugem,</strong></span> 
     </span>
    </p>
   </div>
   <div class='ocr_carea' id='block_1_54' title="bbox 376 3582 2042 3654">
    <p class='ocr_par' dir='ltr' id='par_1_54' title="bbox 376 3582 2042 3654">
     <span class='ocr_line' id='line_1_54' title="bbox 376 3582 2042 3654; baseline 0.002 -20"><span class='ocrx_word' id='word_1_362' title='bbox 376 3594 572 3652; x_wconf 88' lang='lat' dir='ltr'><strong>neque</strong></span> <span class='ocrx_word' id='word_1_363' title='bbox 602 3596 637 3637; x_wconf 90' lang='lat' dir='ltr'><strong>a</strong></span> <span class='ocrx_word' id='word_1_364' title='bbox 663 3583 781 3636; x_wconf 91' lang='lat' dir='ltr'><strong>Deo</strong></span> <span class='ocrx_word' id='word_1_365' title='bbox 816 3582 884 3616; x_wconf 64' lang='grc' dir='ltr'>ηε</span> <span class='ocrx_word' id='word_1_366' title='bbox 909 3586 1309 3654; x_wconf 78' lang='lat' dir='ltr'><strong>praeparatam</strong></span> <span class='ocrx_word' id='word_1_367' title='bbox 1326 3597 1456 3638; x_wconf 90' lang='lat' dir='ltr'><strong>esse</strong></span> <span class='ocrx_word' id='word_1_368' title='bbox 1484 3599 1752 3648; x_wconf 77' lang='lat' dir='ltr'><strong>uxorem,</strong></span> <span class='ocrx_word' id='word_1_369' title='bbox 1778 3598 1913 3654; x_wconf 73' lang='lat' dir='ltr'><strong>quae</strong></span> <span class='ocrx_word' id='word_1_370' title='bbox 1934 3598 2042 3654; x_wconf 38' lang='lat' dir='ltr'><strong>pus</strong></span> 
     </span>
    </p>
   </div>
   <div class='ocr_carea' id='block_1_55' title="bbox 375 3668 2043 3727">
    <p class='ocr_par' dir='ltr' id='par_1_55' title="bbox 375 3668 2043 3727">
     <span class='ocr_line' id='line_1_55' title="bbox 375 3668 2043 3727; baseline 0.002 -4"><span class='ocrx_word' id='word_1_371' title='bbox 375 3668 532 3724; x_wconf 87' lang='lat' dir='ltr'><strong>blica</strong></span> <span class='ocrx_word' id='word_1_372' title='bbox 561 3669 935 3726; x_wconf 79' lang='lat' dir='ltr'><strong>confessione</strong></span> <span class='ocrx_word' id='word_1_373' title='bbox 964 3670 1308 3727; x_wconf 88' lang='lat' dir='ltr'><strong>incestuoso</strong></span> <span class='ocrx_word' id='word_1_374' title='bbox 1339 3670 1750 3727; x_wconf 87' lang='lat' dir='ltr'><strong>fornicationis</strong></span> <span class='ocrx_word' id='word_1_375' title='bbox 1797 3670 2043 3726; x_wconf 87' lang='lat' dir='ltr'><strong>crimine</strong></span> 
     </span>
    </p>
   </div>
   <div class='ocr_carea' id='block_1_56' title="bbox 378 3757 2044 3833">
    <p class='ocr_par' dir='ltr' id='par_1_56' title="bbox 378 3757 2044 3833">
     <span class='ocr_line' id='line_1_56' title="bbox 378 3757 2044 3833; baseline 0.002 -21"><span class='ocrx_word' id='word_1_376' title='bbox 378 3757 659 3814; x_wconf 88' lang='lat' dir='ltr'><strong>denotata</strong></span> <span class='ocrx_word' id='word_1_377' title='bbox 690 3759 1000 3831; x_wconf 88' lang='lat' dir='ltr'><strong>probatur.</strong></span> <span class='ocrx_word' id='word_1_378' title='bbox 1026 3759 1353 3825; x_wconf 87' lang='lat' dir='ltr'><strong>Quodciroa</strong></span> <span class='ocrx_word' id='word_1_379' title='bbox 1382 3759 1641 3830; x_wconf 84' lang='lat' dir='ltr'><strong>glorioso</strong></span> <span class='ocrx_word' id='word_1_380' title='bbox 1663 3760 1915 3833; x_wconf 85' lang='lat' dir='ltr'><strong>principi</strong></span> <span class='ocrx_word' id='word_1_381' title='bbox 1936 3776 2044 3815; x_wconf 81' lang='lat' dir='ltr'><strong>no—</strong></span> 
     </span>
    </p>
   </div>
   <div class='ocr_carea' id='block_1_57' title="bbox 378 3845 2046 3918">
    <p class='ocr_par' dir='ltr' id='par_1_57' title="bbox 378 3845 2046 3918">
     <span class='ocr_line' id='line_1_57' title="bbox 378 3845 2046 3918; baseline 0.002 -19"><span class='ocrx_word' id='word_1_382' title='bbox 378 3850 498 3902; x_wconf 86' lang='lat' dir='ltr'><strong>stro</strong></span> <span class='ocrx_word' id='word_1_383' title='bbox 528 3862 639 3918; x_wconf 91' lang='lat' dir='ltr'><strong>pro</strong></span> <span class='ocrx_word' id='word_1_384' title='bbox 670 3862 781 3902; x_wconf 89' lang='lat' dir='ltr'><strong>sua</strong></span> <span class='ocrx_word' id='word_1_385' title='bbox 810 3847 870 3901; x_wconf 92' lang='lat' dir='ltr'><strong>in</strong></span> <span class='ocrx_word' id='word_1_386' title='bbox 900 3845 1106 3903; x_wconf 89' lang='lat' dir='ltr'><strong>divino</strong></span> <span class='ocrx_word' id='word_1_387' title='bbox 1135 3847 1299 3903; x_wconf 88' lang='lat' dir='ltr'><strong>cultu</strong></span> <span class='ocrx_word' id='word_1_388' title='bbox 1324 3847 1712 3904; x_wconf 86' lang='lat' dir='ltr'><strong>devotissima</strong></span> <span class='ocrx_word' id='word_1_389' title='bbox 1734 3849 2046 3904; x_wconf 83' lang='lat' dir='ltr'><strong>affectione</strong></span> 
     </span>
    </p>
   </div>
   <div class='ocr_carea' id='block_1_58' title="bbox 377 3934 2047 4008">
    <p class='ocr_par' dir='ltr' id='par_1_58' title="bbox 377 3934 2047 4008">
     <span class='ocr_line' id='line_1_58' title="bbox 377 3934 2047 4008; baseline 0.001 -16"><span class='ocrx_word' id='word_1_390' title='bbox 377 3934 449 3970; x_wconf 73' lang='grc'><strong>¹²³⁰</strong></span> <span class='ocrx_word' id='word_1_391' title='bbox 479 3951 636 4008; x_wconf 85' lang='lat' dir='ltr'><strong>aque</strong></span> <span class='ocrx_word' id='word_1_392' title='bbox 665 3935 1060 3992; x_wconf 87' lang='lat' dir='ltr'><strong>victorissima</strong></span> <span class='ocrx_word' id='word_1_393' title='bbox 1086 3937 1254 4008; x_wconf 80' lang='lat' dir='ltr'><strong>regni</strong></span> <span class='ocrx_word' id='word_1_394' title='bbox 1285 3936 1552 4007; x_wconf 90' lang='lat' dir='ltr'><strong>tuitione,</strong></span> <span class='ocrx_word' id='word_1_395' title='bbox 1576 3937 1672 3991; x_wconf 93' lang='lat' dir='ltr'><strong>cui</strong></span> <span class='ocrx_word' id='word_1_396' title='bbox 1699 3954 1822 3994; x_wconf 90' lang='lat' dir='ltr'><strong>non</strong></span> <span class='ocrx_word' id='word_1_397' title='bbox 1849 3938 2047 3993; x_wconf 91' lang='lat' dir='ltr'><strong>solum</strong></span> 
     </span>
    </p>
   </div>
   <div class='ocr_carea' id='block_1_59' title="bbox 377 4024 2043 4095">
    <p class='ocr_par' dir='ltr' id='par_1_59' title="bbox 377 4024 2043 4095">
     <span class='ocr_line' id='line_1_59' title="bbox 377 4024 2043 4095; baseline 0.003 -17"><span class='ocrx_word' id='word_1_398' title='bbox 377 4039 545 4092; x_wconf 91' lang='lat' dir='ltr'><strong>nos;</strong></span> <span class='ocrx_word' id='word_1_399' title='bbox 618 4039 828 4079; x_wconf 82' lang='lat' dir='ltr'><strong>verum</strong></span> <span class='ocrx_word' id='word_1_400' title='bbox 882 4024 1062 4079; x_wconf 88' lang='lat' dir='ltr'><strong>etiam</strong></span> <span class='ocrx_word' id='word_1_401' title='bbox 1129 4025 1349 4095; x_wconf 83' lang='lat' dir='ltr'><strong>(omnis</strong></span> <span class='ocrx_word' id='word_1_402' title='bbox 1401 4026 1549 4092; x_wconf 77' lang='lat'><strong>7-12)</strong></span> <span class='ocrx_word' id='word_1_403' title='bbox 1617 4027 1909 4083; x_wconf 88' lang='lat' dir='ltr'><strong>canonica</strong></span> <span class='ocrx_word' id='word_1_404' title='bbox 1976 4029 2043 4062; x_wconf 84' lang='grc'><strong>¹³¹</strong></span> 
     </span>
    </p>
   </div>
   <div class='ocr_carea' id='block_1_60' title="bbox 380 4112 2044 4186">
    <p class='ocr_par' dir='ltr' id='par_1_60' title="bbox 380 4112 2044 4186">
     <span class='ocr_line' id='line_1_60' title="bbox 380 4112 2044 4186; baseline 0.002 -19"><span class='ocrx_word' id='word_1_405' title='bbox 380 4112 702 4168; x_wconf 87' lang='lat' dir='ltr'><strong>auctoritas</strong></span> <span class='ocrx_word' id='word_1_406' title='bbox 748 4112 1047 4169; x_wconf 82' lang='lat' dir='ltr'><strong>interdixit</strong></span> <span class='ocrx_word' id='word_1_407' title='bbox 1097 4112 1505 4170; x_wconf 89' lang='lat' dir='ltr'><strong>incestuosum</strong></span> <span class='ocrx_word' id='word_1_408' title='bbox 1542 4114 1912 4186; x_wconf 84' lang='lat' dir='ltr'><strong>conjugium,</strong></span> <span class='ocrx_word' id='word_1_409' title='bbox 1963 4116 2044 4171; x_wconf 89' lang='lat' dir='ltr'><strong>lc-</strong></span> 
     </span>
    </p>
   </div>
   <div class='ocr_carea' id='block_1_61' title="bbox 381 4200 2045 4271">
    <p class='ocr_par' dir='ltr' id='par_1_61' title="bbox 381 4200 2045 4271">
     <span class='ocr_line' id='line_1_61' title="bbox 381 4200 2045 4271; baseline 0.004 -17"><span class='ocrx_word' id='word_1_410' title='bbox 381 4200 655 4271; x_wconf 86' lang='lat' dir='ltr'><strong>gitimum</strong></span> <span class='ocrx_word' id='word_1_411' title='bbox 702 4200 1153 4257; x_wconf 88' lang='lat' dir='ltr'><strong>matrimonium</strong></span> <span class='ocrx_word' id='word_1_412' title='bbox 1184 4218 1219 4258; x_wconf 89' lang='lat' dir='ltr'><strong>a</strong></span> <span class='ocrx_word' id='word_1_413' title='bbox 1270 4204 1389 4258; x_wconf 93' lang='lat' dir='ltr'><strong>Deo</strong></span> <span class='ocrx_word' id='word_1_414' title='bbox 1418 4203 1499 4257; x_wconf 87' lang='lat' dir='ltr'><strong>illi</strong></span> <span class='ocrx_word' id='word_1_415' title='bbox 1537 4219 1889 4259; x_wconf 87' lang='lat' dir='ltr'><strong>concessum</strong></span> <span class='ocrx_word' id='word_1_416' title='bbox 1926 4221 2045 4261; x_wconf 90' lang='lat' dir='ltr'><strong>non</strong></span> 
     </span>
    </p>
   </div>
   <div class='ocr_carea' id='block_1_62' title="bbox 2141 1630 3813 1705">
    <p class='ocr_par' dir='ltr' id='par_1_62' title="bbox 2141 1630 3813 1705">
     <span class='ocr_line' id='line_1_62' title="bbox 2141 1630 3813 1705; baseline -0.001 -17"><span class='ocrx_word' id='word_1_417' title='bbox 2141 1648 2282 1688; x_wconf 90' lang='lat' dir='ltr'><strong>men</strong></span> <span class='ocrx_word' id='word_1_418' title='bbox 2308 1633 2387 1689; x_wconf 88' lang='lat' dir='ltr'><strong>ad</strong></span> <span class='ocrx_word' id='word_1_419' title='bbox 2432 1649 2634 1703; x_wconf 85' lang='lat' dir='ltr'><strong>regem</strong></span> <span class='ocrx_word' id='word_1_420' title='bbox 2666 1632 3103 1705; x_wconf 83' lang='lat' dir='ltr'><strong>pervenientes,</strong></span> <span class='ocrx_word' id='word_1_421' title='bbox 3132 1648 3271 1687; x_wconf 90' lang='lat' dir='ltr'><strong>cum</strong></span> <span class='ocrx_word' id='word_1_422' title='bbox 3322 1632 3378 1688; x_wconf 91' lang='lat' dir='ltr'><strong>ei</strong></span> <span class='ocrx_word' id='word_1_423' title='bbox 3405 1630 3813 1687; x_wconf 81' lang='lat' dir='ltr'><strong>declarassem</strong></span> 
     </span>
    </p>
   </div>
   <div class='ocr_carea' id='block_1_63' title="bbox 2141 1720 3811 1794">
    <p class='ocr_par' dir='ltr' id='par_1_63' title="bbox 2141 1720 3811 1794">
     <span class='ocr_line' id='line_1_63' title="bbox 2141 1720 3811 1794; baseline -0.001 -17"><span class='ocrx_word' id='word_1_424' title='bbox 2141 1722 2454 1790; x_wconf 76' lang='lat' dir='ltr'><strong>legationis</strong></span> <span class='ocrx_word' id='word_1_425' title='bbox 2487 1739 2609 1777; x_wconf 75' lang='lat' dir='ltr'><strong>suae</strong></span> <span class='ocrx_word' id='word_1_426' title='bbox 2630 1736 2864 1788; x_wconf 85' lang='lat' dir='ltr'><strong>causas,</strong></span> <span class='ocrx_word' id='word_1_427' title='bbox 2896 1721 3011 1777; x_wconf 85' lang='lat' dir='ltr'><strong>tale</strong></span> <span class='ocrx_word' id='word_1_428' title='bbox 3035 1735 3396 1794; x_wconf 85' lang='lat' dir='ltr'><strong>responsum</strong></span> <span class='ocrx_word' id='word_1_429' title='bbox 3423 1720 3503 1776; x_wconf 83' lang='lat' dir='ltr'><strong>ab</strong></span> <span class='ocrx_word' id='word_1_430' title='bbox 3541 1735 3613 1776; x_wconf 91' lang='lat' dir='ltr'><strong>eo</strong></span> <span class='ocrx_word' id='word_1_431' title='bbox 3640 1734 3811 1777; x_wconf 87' lang='lat' dir='ltr'><strong>acce-</strong></span> 
     </span>
    </p>
   </div>
   <div class='ocr_carea' id='block_1_64' title="bbox 2143 1808 3809 1882">
    <p class='ocr_par' dir='ltr' id='par_1_64' title="bbox 2143 1808 3809 1882">
     <span class='ocr_line' id='line_1_64' title="bbox 2143 1808 3809 1882; baseline -0.001 -17"><span class='ocrx_word' id='word_1_432' title='bbox 2143 1815 2376 1882; x_wconf 86' lang='lat' dir='ltr'><strong>perunt,</strong></span> <span class='ocrx_word' id='word_1_433' title='bbox 2408 1828 2472 1867; x_wconf 88' lang='lat' dir='ltr'><strong>se</strong></span> <span class='ocrx_word' id='word_1_434' title='bbox 2497 1810 2647 1866; x_wconf 87' lang='lat' dir='ltr'><strong>nihil</strong></span> <span class='ocrx_word' id='word_1_435' title='bbox 2694 1810 2858 1866; x_wconf 85' lang='lat' dir='ltr'><strong>aliud</strong></span> <span class='ocrx_word' id='word_1_436' title='bbox 2889 1811 3105 1881; x_wconf 79' lang='lat' dir='ltr'><strong>egisse,</strong></span> <span class='ocrx_word' id='word_1_437' title='bbox 3157 1808 3270 1865; x_wconf 87' lang='lat' dir='ltr'><strong>nisi</strong></span> <span class='ocrx_word' id='word_1_438' title='bbox 3325 1808 3493 1882; x_wconf 91' lang='lat' dir='ltr'><strong>quod</strong></span> <span class='ocrx_word' id='word_1_439' title='bbox 3544 1808 3809 1881; x_wconf 87' lang='lat' dir='ltr'><strong>episcopi</strong></span> 
     </span>
    </p>
   </div>
   <div class='ocr_carea' id='block_1_65' title="bbox 2091 1897 3810 1971">
    <p class='ocr_par' dir='ltr' id='par_1_65' title="bbox 2091 1897 3810 1971">
     <span class='ocr_line' id='line_1_65' title="bbox 2091 1897 3810 1971; baseline -0.001 -17"><span class='ocrx_word' id='word_1_440' title='bbox 2091 1958 2100 1966; x_wconf 62' lang='grc'><em>,</em></span> <span class='ocrx_word' id='word_1_441' title='bbox 2140 1898 2333 1971; x_wconf 85' lang='lat' dir='ltr'><strong>ipsius</strong></span> <span class='ocrx_word' id='word_1_442' title='bbox 2362 1899 2530 1967; x_wconf 78' lang='lat' dir='ltr'><strong>regni</strong></span> <span class='ocrx_word' id='word_1_443' title='bbox 2563 1899 2621 1954; x_wconf 91' lang='lat' dir='ltr'><strong>in</strong></span> <span class='ocrx_word' id='word_1_444' title='bbox 2648 1898 2909 1967; x_wconf 76' lang='lat' dir='ltr'><strong>generali</strong></span> <span class='ocrx_word' id='word_1_445' title='bbox 2930 1897 3166 1970; x_wconf 83' lang='lat' dir='ltr'><strong>synodo</strong></span> <span class='ocrx_word' id='word_1_446' title='bbox 3190 1897 3301 1953; x_wconf 89' lang='lat' dir='ltr'><strong>sibi</strong></span> <span class='ocrx_word' id='word_1_447' title='bbox 3328 1897 3635 1966; x_wconf 83' lang='lat' dir='ltr'><strong>agendum</strong></span> <span class='ocrx_word' id='word_1_448' title='bbox 3662 1913 3810 1968; x_wconf 79' lang='lat' dir='ltr'><strong>prae-</strong></span> 
     </span>
    </p>
   </div>
   <div class='ocr_carea' id='block_1_66' title="bbox 2144 1986 3813 2055">
    <p class='ocr_par' dir='ltr' id='par_1_66' title="bbox 2144 1986 3813 2055">
     <span class='ocr_line' id='line_1_66' title="bbox 2144 1986 3813 2055; baseline -0.002 -11"><span class='ocrx_word' id='word_1_449' title='bbox 2144 1992 2584 2044; x_wconf 82' lang='lat' dir='ltr'><strong>monstrassent</strong></span> <span class='ocrx_word' id='word_1_450' title='bbox 2610 1990 2699 2044; x_wconf 80' lang='grc'><strong>¹³⁶.</strong></span> <span class='ocrx_word' id='word_1_451' title='bbox 2737 1988 3251 2043; x_wconf 85' lang='lat' dir='ltr'><strong>Dederuntautem</strong></span> <span class='ocrx_word' id='word_1_452' title='bbox 3274 1986 3436 2042; x_wconf 86' lang='lat' dir='ltr'><strong>idem</strong></span> <span class='ocrx_word' id='word_1_453' title='bbox 3467 1987 3645 2055; x_wconf 86' lang='lat' dir='ltr'><strong>legati</strong></span> <span class='ocrx_word' id='word_1_454' title='bbox 3676 2002 3813 2042; x_wconf 88' lang='lat' dir='ltr'><strong>con-</strong></span> 
     </span>
    </p>
   </div>
   <div class='ocr_carea' id='block_1_67' title="bbox 2146 2075 3813 2149">
    <p class='ocr_par' dir='ltr' id='par_1_67' title="bbox 2146 2075 3813 2149">
     <span class='ocr_line' id='line_1_67' title="bbox 2146 2075 3813 2149; baseline -0.001 -17"><span class='ocrx_word' id='word_1_455' title='bbox 2146 2077 2341 2132; x_wconf 85' lang='lat' dir='ltr'><strong>silium</strong></span> <span class='ocrx_word' id='word_1_456' title='bbox 2368 2078 2511 2147; x_wconf 84' lang='lat' dir='ltr'><strong>regi,</strong></span> <span class='ocrx_word' id='word_1_457' title='bbox 2545 2082 2609 2133; x_wconf 89' lang='lat' dir='ltr'><strong>ut</strong></span> <span class='ocrx_word' id='word_1_458' title='bbox 2634 2076 2769 2132; x_wconf 88' lang='lat' dir='ltr'><strong>illos</strong></span> <span class='ocrx_word' id='word_1_459' title='bbox 2793 2078 3112 2149; x_wconf 87' lang='lat' dir='ltr'><strong>episcopos</strong></span> <span class='ocrx_word' id='word_1_460' title='bbox 3148 2078 3215 2111; x_wconf 68' lang='grc' dir='ltr'><strong>¹³τ</strong></span> <span class='ocrx_word' id='word_1_461' title='bbox 3246 2076 3351 2147; x_wconf 87' lang='lat' dir='ltr'><strong>qui</strong></span> <span class='ocrx_word' id='word_1_462' title='bbox 3376 2075 3459 2131; x_wconf 88' lang='lat' dir='ltr'><strong>illi</strong></span> <span class='ocrx_word' id='word_1_463' title='bbox 3497 2077 3567 2110; x_wconf 77' lang='grc'><strong>¹³⁸</strong></span> <span class='ocrx_word' id='word_1_464' title='bbox 3588 2076 3813 2131; x_wconf 83' lang='lat' dir='ltr'><strong>‘sinodo</strong></span> 
     </span>
    </p>
   </div>
   <div class='ocr_carea' id='block_1_68' title="bbox 2145 2164 3813 2237">
    <p class='ocr_par' dir='ltr' id='par_1_68' title="bbox 2145 2164 3813 2237">
     <span class='ocr_line' id='line_1_68' title="bbox 2145 2164 3813 2237; baseline -0.001 -17"><span class='ocrx_word' id='word_1_465' title='bbox 2145 2166 2527 2237; x_wconf 63' lang='lat' dir='ltr'><strong>praefuerant,</strong></span> <span class='ocrx_word' id='word_1_466' title='bbox 2561 2165 2637 2221; x_wconf 87' lang='lat' dir='ltr'><strong>ad</strong></span> <span class='ocrx_word' id='word_1_467' title='bbox 2667 2165 2869 2220; x_wconf 89' lang='lat' dir='ltr'><strong>sedem</strong></span> <span class='ocrx_word' id='word_1_468' title='bbox 2916 2164 3310 2236; x_wconf 85' lang='lat' dir='ltr'><strong>apostolicam</strong></span> <span class='ocrx_word' id='word_1_469' title='bbox 3336 2164 3681 2232; x_wconf 80' lang='lat' dir='ltr'><strong>destinaret,</strong></span> <span class='ocrx_word' id='word_1_470' title='bbox 3707 2164 3813 2235; x_wconf 88' lang='lat' dir='ltr'><strong>qui</strong></span> 
     </span>
    </p>
   </div>
   <div class='ocr_carea' id='block_1_69' title="bbox 2144 2253 3811 2326">
    <p class='ocr_par' dir='ltr' id='par_1_69' title="bbox 2144 2253 3811 2326">
     <span class='ocr_line' id='line_1_69' title="bbox 2144 2253 3811 2326; baseline 0 -19"><span class='ocrx_word' id='word_1_471' title='bbox 2144 2254 2342 2310; x_wconf 84' lang='lat' dir='ltr'><strong>verbis</strong></span> <span class='ocrx_word' id='word_1_472' title='bbox 2371 2269 2442 2311; x_wconf 87' lang='lat' dir='ltr'><strong>ac</strong></span> <span class='ocrx_word' id='word_1_473' title='bbox 2479 2254 2712 2326; x_wconf 83' lang='lat' dir='ltr'><strong>scriptis</strong></span> <span class='ocrx_word' id='word_1_474' title='bbox 2774 2253 3092 2309; x_wconf 85' lang='lat' dir='ltr'><strong>universali</strong></span> <span class='ocrx_word' id='word_1_475' title='bbox 3145 2268 3321 2325; x_wconf 66' lang='lat' dir='ltr'><strong>papae</strong></span> <span class='ocrx_word' id='word_1_476' title='bbox 3381 2253 3811 2308; x_wconf 81' lang='lat' dir='ltr'><strong>satisfacerent.</strong></span> 
     </span>
    </p>
   </div>
   <div class='ocr_carea' id='block_1_70' title="bbox 2149 2342 3813 2415">
    <p class='ocr_par' dir='ltr' id='par_1_70' title="bbox 2149 2342 3813 2415">
     <span class='ocr_line' id='line_1_70' title="bbox 2149 2342 3813 2415; baseline -0.001 -16"><span class='ocrx_word' id='word_1_477' title='bbox 2149 2343 2347 2411; x_wconf 81' lang='lat' dir='ltr'><strong>Legati</strong></span> <span class='ocrx_word' id='word_1_478' title='bbox 2399 2343 2709 2399; x_wconf 86' lang='lat' dir='ltr'><strong>immensis</strong></span> <span class='ocrx_word' id='word_1_479' title='bbox 2761 2343 2927 2399; x_wconf 82' lang='lat' dir='ltr'><strong>dilati</strong></span> <span class='ocrx_word' id='word_1_480' title='bbox 2985 2342 3228 2415; x_wconf 90' lang='lat' dir='ltr'><strong>opibus,</strong></span> <span class='ocrx_word' id='word_1_481' title='bbox 3276 2345 3528 2398; x_wconf 84' lang='lat' dir='ltr'><strong>Romam</strong></span> <span class='ocrx_word' id='word_1_482' title='bbox 3558 2343 3813 2410; x_wconf 78' lang='lat' dir='ltr'><strong>regressi</strong></span> 
     </span>
    </p>
   </div>
   <div class='ocr_carea' id='block_1_71' title="bbox 2145 2431 3818 2504">
    <p class='ocr_par' dir='ltr' id='par_1_71' title="bbox 2145 2431 3818 2504">
     <span class='ocr_line' id='line_1_71' title="bbox 2145 2431 3818 2504; baseline -0.001 -18"><span class='ocrx_word' id='word_1_483' title='bbox 2145 2433 2858 2504; x_wconf 85' lang='lat' dir='ltr'><strong>sunt,nuntiaveruntque</strong></span> <span class='ocrx_word' id='word_1_484' title='bbox 2889 2431 3132 2503; x_wconf 78' lang='lat' dir='ltr'><strong>praesuli</strong></span> <span class='ocrx_word' id='word_1_485' title='bbox 3163 2447 3301 2503; x_wconf 72' lang='lat' dir='ltr'><strong>quas</strong></span> <span class='ocrx_word' id='word_1_486' title='bbox 3336 2432 3397 2486; x_wconf 90' lang='lat' dir='ltr'><strong>in</strong></span> <span class='ocrx_word' id='word_1_487' title='bbox 3427 2431 3622 2487; x_wconf 84' lang='lat' dir='ltr'><strong>Galliis</strong></span> <span class='ocrx_word' id='word_1_488' title='bbox 3654 2431 3818 2485; x_wconf 79' lang='lat' dir='ltr'><strong>vide-</strong></span> 
     </span>
    </p>
   </div>
   <div class='ocr_carea' id='block_1_72' title="bbox 2146 2520 3818 2591">
    <p class='ocr_par' dir='ltr' id='par_1_72' title="bbox 2146 2520 3818 2591">
     <span class='ocr_line' id='line_1_72' title="bbox 2146 2520 3818 2591; baseline -0.001 -16"><span class='ocrx_word' id='word_1_489' title='bbox 2146 2525 2281 2576; x_wconf 85' lang='lat' dir='ltr'><strong>rant</strong></span> <span class='ocrx_word' id='word_1_490' title='bbox 2303 2525 2362 2576; x_wconf 92' lang='lat' dir='ltr'><strong>et</strong></span> <span class='ocrx_word' id='word_1_491' title='bbox 2388 2520 2723 2591; x_wconf 83' lang='lat' dir='ltr'><strong>audierant,</strong></span> <span class='ocrx_word' id='word_1_492' title='bbox 2772 2520 3117 2591; x_wconf 87' lang='lat' dir='ltr'><strong>adjicientes</strong></span> <span class='ocrx_word' id='word_1_493' title='bbox 3148 2522 3216 2555; x_wconf 77' lang='grc'><strong>¹³⁹</strong></span> <span class='ocrx_word' id='word_1_494' title='bbox 3272 2536 3335 2575; x_wconf 88' lang='lat' dir='ltr'><strong>se</strong></span> <span class='ocrx_word' id='word_1_495' title='bbox 3359 2520 3589 2575; x_wconf 89' lang='lat' dir='ltr'><strong>nullum</strong></span> <span class='ocrx_word' id='word_1_496' title='bbox 3622 2520 3694 2555; x_wconf 62' lang='lat'><strong>“0</strong></span> <span class='ocrx_word' id='word_1_497' title='bbox 3728 2536 3818 2574; x_wconf 80' lang='lat' dir='ltr'><strong>sa-</strong></span> 
     </span>
    </p>
   </div>
   <div class='ocr_carea' id='block_1_73' title="bbox 2149 2609 3817 2683">
    <p class='ocr_par' dir='ltr' id='par_1_73' title="bbox 2149 2609 3817 2683">
     <span class='ocr_line' id='line_1_73' title="bbox 2149 2609 3817 2683; baseline -0.001 -18"><span class='ocrx_word' id='word_1_498' title='bbox 2149 2609 2410 2681; x_wconf 84' lang='lat' dir='ltr'><strong>pientem</strong></span> <span class='ocrx_word' id='word_1_499' title='bbox 2442 2610 2795 2683; x_wconf 84' lang='lat' dir='ltr'><strong>episcopum</strong></span> <span class='ocrx_word' id='word_1_500' title='bbox 2838 2611 2898 2665; x_wconf 90' lang='lat' dir='ltr'><strong>in</strong></span> <span class='ocrx_word' id='word_1_501' title='bbox 2930 2626 3117 2679; x_wconf 79' lang='lat' dir='ltr'><strong>regno</strong></span> <span class='ocrx_word' id='word_1_502' title='bbox 3163 2609 3331 2665; x_wconf 81' lang='lat' dir='ltr'><strong>Hlotli</strong></span> <span class='ocrx_word' id='word_1_503' title='bbox 3356 2609 3447 2665; x_wconf 67' lang='lat' dir='ltr'><strong>urii</strong></span> <span class='ocrx_word' id='word_1_504' title='bbox 3490 2609 3817 2678; x_wconf 87' lang='lat' dir='ltr'><strong>invenisse,</strong></span> 
     </span>
    </p>
   </div>
   <div class='ocr_carea' id='block_1_74' title="bbox 2147 2698 3819 2770">
    <p class='ocr_par' dir='ltr' id='par_1_74' title="bbox 2147 2698 3819 2770">
     <span class='ocr_line' id='line_1_74' title="bbox 2147 2698 3819 2770; baseline -0.001 -17"><span class='ocrx_word' id='word_1_505' title='bbox 2147 2698 2253 2770; x_wconf 87' lang='lat' dir='ltr'><strong>qui</strong></span> <span class='ocrx_word' id='word_1_506' title='bbox 2308 2699 2387 2754; x_wconf 86' lang='lat' dir='ltr'><strong>ad</strong></span> <span class='ocrx_word' id='word_1_507' title='bbox 2442 2698 2740 2770; x_wconf 86' lang='lat' dir='ltr'><strong>liquidum</strong></span> <span class='ocrx_word' id='word_1_508' title='bbox 2811 2699 3115 2755; x_wconf 86' lang='lat' dir='ltr'><strong>canonicis</strong></span> <span class='ocrx_word' id='word_1_509' title='bbox 3170 2700 3233 2733; x_wconf 70' lang='grc'>¹⁸¹</span> <span class='ocrx_word' id='word_1_510' title='bbox 3303 2703 3461 2754; x_wconf 88' lang='lat' dir='ltr'><strong>esset</strong></span> <span class='ocrx_word' id='word_1_511' title='bbox 3512 2698 3819 2754; x_wconf 87' lang='lat' dir='ltr'><strong>institutus</strong></span> 
     </span>
    </p>
   </div>
   <div class='ocr_carea' id='block_1_75' title="bbox 2150 2786 3821 2858">
    <p class='ocr_par' dir='ltr' id='par_1_75' title="bbox 2150 2786 3821 2858">
     <span class='ocr_line' id='line_1_75' title="bbox 2150 2786 3821 2858; baseline -0.001 -18"><span class='ocrx_word' id='word_1_512' title='bbox 2150 2786 2502 2858; x_wconf 84' lang='lat' dir='ltr'><strong>disciplinis.</strong></span> <span class='ocrx_word' id='word_1_513' title='bbox 2540 2791 2763 2841; x_wconf 89' lang='lat' dir='ltr'><strong>Interea</strong></span> <span class='ocrx_word' id='word_1_514' title='bbox 2791 2788 2905 2856; x_wconf 61' lang='lat'><strong>(42)</strong></span> <span class='ocrx_word' id='word_1_515' title='bbox 2927 2786 3330 2855; x_wconf 78' lang='lat' dir='ltr'><strong>Thietgaudus</strong></span> <span class='ocrx_word' id='word_1_516' title='bbox 3367 2790 3425 2842; x_wconf 90' lang='lat' dir='ltr'><strong>et</strong></span> <span class='ocrx_word' id='word_1_517' title='bbox 3455 2786 3821 2842; x_wconf 80' lang='lat' dir='ltr'><strong>Guntharius</strong></span> 
     </span>
    </p>
   </div>
   <div class='ocr_carea' id='block_1_76' title="bbox 2150 2874 3822 2947">
    <p class='ocr_par' dir='ltr' id='par_1_76' title="bbox 2150 2874 3822 2947">
     <span class='ocr_line' id='line_1_76' title="bbox 2150 2874 3822 2947; baseline 0 -17"><span class='ocrx_word' id='word_1_518' title='bbox 2150 2874 2589 2947; x_wconf 88' lang='lat' dir='ltr'><strong>archiepiscopi</strong></span> <span class='ocrx_word' id='word_1_519' title='bbox 2661 2878 2911 2931; x_wconf 82' lang='lat' dir='ltr'><strong>Romam</strong></span> <span class='ocrx_word' id='word_1_520' title='bbox 2971 2876 3218 2946; x_wconf 87' lang='lat' dir='ltr'><strong>profecti</strong></span> <span class='ocrx_word' id='word_1_521' title='bbox 3287 2881 3443 2939; x_wconf 89' lang='lat' dir='ltr'><strong>sunt,</strong></span> <span class='ocrx_word' id='word_1_522' title='bbox 3503 2892 3575 2930; x_wconf 82' lang='lat' dir='ltr'><strong>ea</strong></span> <span class='ocrx_word' id='word_1_523' title='bbox 3633 2875 3822 2930; x_wconf 88' lang='lat' dir='ltr'><strong>animi</strong></span> 
     </span>
    </p>
   </div>
   <div class='ocr_carea' id='block_1_77' title="bbox 2148 2963 3822 3038">
    <p class='ocr_par' dir='ltr' id='par_1_77' title="bbox 2148 2963 3822 3038">
     <span class='ocr_line' id='line_1_77' title="bbox 2148 2963 3822 3038; baseline 0.001 -20"><span class='ocrx_word' id='word_1_524' title='bbox 2148 2963 2493 3029; x_wconf 89' lang='lat' dir='ltr'><strong>intentione,</strong></span> <span class='ocrx_word' id='word_1_525' title='bbox 2552 2968 2700 3020; x_wconf 89' lang='lat' dir='ltr'><strong>utet</strong></span> <span class='ocrx_word' id='word_1_526' title='bbox 2747 2978 2949 3033; x_wconf 67' lang='lat' dir='ltr'><strong>regem</strong></span> <span class='ocrx_word' id='word_1_527' title='bbox 2997 2965 3312 3020; x_wconf 82' lang='lat' dir='ltr'><strong>innoxium</strong></span> <span class='ocrx_word' id='word_1_528' title='bbox 3360 2965 3421 3020; x_wconf 88' lang='lat' dir='ltr'><strong>in</strong></span> <span class='ocrx_word' id='word_1_529' title='bbox 3471 2964 3822 3038; x_wconf 85' lang='lat' dir='ltr'><strong>supradicto</strong></span> 
     </span>
    </p>
   </div>
   <div class='ocr_carea' id='block_1_78' title="bbox 2152 3052 3822 3125">
    <p class='ocr_par' dir='ltr' id='par_1_78' title="bbox 2152 3052 3822 3125">
     <span class='ocr_line' id='line_1_78' title="bbox 2152 3052 3822 3125; baseline 0 -18"><span class='ocrx_word' id='word_1_530' title='bbox 2152 3052 2308 3107; x_wconf 84' lang='lat' dir='ltr'><strong>facto</strong></span> <span class='ocrx_word' id='word_1_531' title='bbox 2337 3052 2818 3116; x_wconf 84' lang='lat' dir='ltr'><strong>demonstrarent</strong></span> <span class='ocrx_word' id='word_1_532' title='bbox 2871 3056 2960 3119; x_wconf 60' lang='lat'><strong>“1,</strong></span> <span class='ocrx_word' id='word_1_533' title='bbox 2993 3059 3051 3108; x_wconf 91' lang='lat' dir='ltr'><strong>et</strong></span> <span class='ocrx_word' id='word_1_534' title='bbox 3093 3070 3155 3108; x_wconf 86' lang='lat' dir='ltr'><strong>se</strong></span> <span class='ocrx_word' id='word_1_535' title='bbox 3186 3070 3326 3109; x_wconf 90' lang='lat' dir='ltr'><strong>cum</strong></span> <span class='ocrx_word' id='word_1_536' title='bbox 3364 3054 3590 3110; x_wconf 62' lang='lat' dir='ltr'><strong>caeteris</strong></span> <span class='ocrx_word' id='word_1_537' title='bbox 3619 3054 3822 3125; x_wconf 82' lang='lat' dir='ltr'><strong>coepi-</strong></span> 
     </span>
    </p>
   </div>
   <div class='ocr_carea' id='block_1_79' title="bbox 2150 3140 3824 3213">
    <p class='ocr_par' dir='ltr' id='par_1_79' title="bbox 2150 3140 3824 3213">
     <span class='ocr_line' id='line_1_79' title="bbox 2150 3140 3824 3213; baseline 0.001 -20"><span class='ocrx_word' id='word_1_538' title='bbox 2150 3141 2346 3212; x_wconf 84' lang='lat' dir='ltr'><strong>scopis</strong></span> <span class='ocrx_word' id='word_1_539' title='bbox 2378 3140 2783 3196; x_wconf 62' lang='lat' dir='ltr'><strong>ecclesiastica</strong></span> <span class='ocrx_word' id='word_1_540' title='bbox 2811 3148 2991 3213; x_wconf 89' lang='lat' dir='ltr'><strong>atque</strong></span> <span class='ocrx_word' id='word_1_541' title='bbox 3022 3141 3354 3213; x_wconf 83' lang='lat' dir='ltr'><strong>apostolica</strong></span> <span class='ocrx_word' id='word_1_542' title='bbox 3386 3143 3456 3175; x_wconf 64' lang='grc'><strong>³³³</strong></span> <span class='ocrx_word' id='word_1_543' title='bbox 3487 3141 3824 3196; x_wconf 84' lang='lat' dir='ltr'><strong>exercuisse</strong></span> 
     </span>
    </p>
   </div>
   <div class='ocr_carea' id='block_1_80' title="bbox 2150 3228 3828 3302">
    <p class='ocr_par' dir='ltr' id='par_1_80' title="bbox 2150 3228 3828 3302">
     <span class='ocr_line' id='line_1_80' title="bbox 2150 3228 3828 3302; baseline 0.002 -20"><span class='ocrx_word' id='word_1_544' title='bbox 2150 3228 2408 3297; x_wconf 84' lang='lat' dir='ltr'><strong>decreta,</strong></span> <span class='ocrx_word' id='word_1_545' title='bbox 2463 3229 2715 3285; x_wconf 68' lang='lat' dir='ltr'><strong>stultitiae</strong></span> <span class='ocrx_word' id='word_1_546' title='bbox 2767 3230 3035 3302; x_wconf 90' lang='lat' dir='ltr'><strong>(quidem</strong></span> <span class='ocrx_word' id='word_1_547' title='bbox 3085 3231 3230 3299; x_wconf 79' lang='lat'><strong>7-12)</strong></span> <span class='ocrx_word' id='word_1_548' title='bbox 3277 3230 3472 3300; x_wconf 85' lang='lat' dir='ltr'><strong>elogio</strong></span> <span class='ocrx_word' id='word_1_549' title='bbox 3522 3232 3589 3264; x_wconf 57' lang='grc' dir='ltr'><strong>ιδ’</strong></span> <span class='ocrx_word' id='word_1_550' title='bbox 3640 3231 3828 3286; x_wconf 83' lang='lat' dir='ltr'><strong>deno-</strong></span> 
     </span>
    </p>
   </div>
   <div class='ocr_carea' id='block_1_81' title="bbox 2153 3318 3827 3390">
    <p class='ocr_par' dir='ltr' id='par_1_81' title="bbox 2153 3318 3827 3390">
     <span class='ocr_line' id='line_1_81' title="bbox 2153 3318 3827 3390; baseline 0.001 -18"><span class='ocrx_word' id='word_1_551' title='bbox 2153 3318 2335 3378; x_wconf 88' lang='lat' dir='ltr'><strong>tandi.</strong></span> <span class='ocrx_word' id='word_1_552' title='bbox 2364 3321 2467 3390; x_wconf 87' lang='lat' dir='ltr'><strong>qui</strong></span> <span class='ocrx_word' id='word_1_553' title='bbox 2498 3318 2661 3374; x_wconf 90' lang='lat' dir='ltr'><strong>illam</strong></span> <span class='ocrx_word' id='word_1_554' title='bbox 2691 3318 2870 3384; x_wconf 68' lang='lat' dir='ltr'><strong>dicati</strong></span> <span class='ocrx_word' id='word_1_555' title='bbox 2924 3322 2974 3380; x_wconf 83' lang='grc' dir='ltr'><strong>ϐ,</strong></span> <span class='ocrx_word' id='word_1_556' title='bbox 3005 3321 3149 3389; x_wconf 84' lang='lat' dir='ltr'><strong>7-I2)</strong></span> <span class='ocrx_word' id='word_1_557' title='bbox 3202 3319 3349 3375; x_wconf 85' lang='lat' dir='ltr'><strong>Petri</strong></span> <span class='ocrx_word' id='word_1_558' title='bbox 3382 3320 3450 3354; x_wconf 67' lang='lat'><strong>&quot;*5</strong></span> <span class='ocrx_word' id='word_1_559' title='bbox 3482 3319 3687 3374; x_wconf 84' lang='lat' dir='ltr'><strong>sedem</strong></span> <span class='ocrx_word' id='word_1_560' title='bbox 3719 3318 3827 3375; x_wconf 83' lang='lat' dir='ltr'><strong>ali-</strong></span> 
     </span>
    </p>
   </div>
   <div class='ocr_carea' id='block_1_82' title="bbox 2150 3406 3821 3479">
    <p class='ocr_par' dir='ltr' id='par_1_82' title="bbox 2150 3406 3821 3479">
     <span class='ocr_line' id='line_1_82' title="bbox 2150 3406 3821 3479; baseline 0.003 -20"><span class='ocrx_word' id='word_1_561' title='bbox 2150 3422 2272 3477; x_wconf 89' lang='lat' dir='ltr'><strong>quo</strong></span> <span class='ocrx_word' id='word_1_562' title='bbox 2304 3422 2492 3477; x_wconf 84' lang='lat' dir='ltr'><strong>pravo</strong></span> <span class='ocrx_word' id='word_1_563' title='bbox 2523 3406 2804 3476; x_wconf 76' lang='lat' dir='ltr'><strong>dogmate</strong></span> <span class='ocrx_word' id='word_1_564' title='bbox 2854 3407 3050 3462; x_wconf 79' lang='lat' dir='ltr'><strong>fallere</strong></span> <span class='ocrx_word' id='word_1_565' title='bbox 3098 3422 3276 3479; x_wconf 89' lang='lat' dir='ltr'><strong>posse</strong></span> <span class='ocrx_word' id='word_1_566' title='bbox 3330 3406 3593 3463; x_wconf 88' lang='lat' dir='ltr'><strong>arbitrati</strong></span> <span class='ocrx_word' id='word_1_567' title='bbox 3657 3414 3821 3465; x_wconf 62' lang='lat' dir='ltr'><strong>sunt,</strong></span> 
     </span>
    </p>
   </div>
   <div class='ocr_carea' id='block_1_83' title="bbox 2150 3493 3816 3567">
    <p class='ocr_par' dir='ltr' id='par_1_83' title="bbox 2150 3493 3816 3567">
     <span class='ocr_line' id='line_1_83' title="bbox 2150 3493 3816 3567; baseline 0.002 -21"><span class='ocrx_word' id='word_1_568' title='bbox 2150 3509 2285 3565; x_wconf 65' lang='lat' dir='ltr'><strong>quae</strong></span> <span class='ocrx_word' id='word_1_569' title='bbox 2318 3510 2424 3548; x_wconf 90' lang='lat' dir='ltr'><strong>nec</strong></span> <span class='ocrx_word' id='word_1_570' title='bbox 2456 3493 2657 3550; x_wconf 88' lang='lat' dir='ltr'><strong>fefellit</strong></span> <span class='ocrx_word' id='word_1_571' title='bbox 2688 3496 2779 3562; x_wconf 66' lang='lat'><strong>“6,</strong></span> <span class='ocrx_word' id='word_1_572' title='bbox 2810 3509 2921 3550; x_wconf 88' lang='lat' dir='ltr'><strong>nec</strong></span> <span class='ocrx_word' id='word_1_573' title='bbox 2951 3494 3030 3550; x_wconf 84' lang='lat' dir='ltr'><strong>ab</strong></span> <span class='ocrx_word' id='word_1_574' title='bbox 3051 3494 3254 3567; x_wconf 88' lang='lat' dir='ltr'><strong>aliqua</strong></span> <span class='ocrx_word' id='word_1_575' title='bbox 3278 3495 3489 3550; x_wconf 66' lang='lat' dir='ltr'><strong>haeresi</strong></span> <span class='ocrx_word' id='word_1_576' title='bbox 3540 3510 3816 3567; x_wconf 76' lang='lat' dir='ltr'><strong>imquam</strong></span> 
     </span>
    </p>
   </div>
   <div class='ocr_carea' id='block_1_84' title="bbox 2152 3573 3828 3655">
    <p class='ocr_par' dir='ltr' id='par_1_84' title="bbox 2152 3573 3828 3655">
     <span class='ocr_line' id='line_1_84' title="bbox 2152 3573 3828 3655; baseline 0.002 -19"><span class='ocrx_word' id='word_1_577' title='bbox 2152 3580 2274 3637; x_wconf 88' lang='lat' dir='ltr'><strong>falli</strong></span> <span class='ocrx_word' id='word_1_578' title='bbox 2300 3581 2507 3653; x_wconf 90' lang='lat' dir='ltr'><strong>potuit.</strong></span> <span class='ocrx_word' id='word_1_579' title='bbox 2542 3586 2740 3655; x_wconf 83' lang='lat' dir='ltr'><strong>Itaque</strong></span> <span class='ocrx_word' id='word_1_580' title='bbox 2789 3599 2928 3638; x_wconf 88' lang='lat' dir='ltr'><strong>cum</strong></span> <span class='ocrx_word' id='word_1_581' title='bbox 2970 3583 3032 3638; x_wconf 88' lang='lat' dir='ltr'><strong>in</strong></span> <span class='ocrx_word' id='word_1_582' title='bbox 3073 3583 3451 3655; x_wconf 80' lang='lat' dir='ltr'><strong>praesentiam</strong></span> <span class='ocrx_word' id='word_1_583' title='bbox 3486 3585 3549 3618; x_wconf 66' lang='lat'><strong>“7</strong></span> <span class='ocrx_word' id='word_1_584' title='bbox 3600 3573 3828 3639; x_wconf 67' lang='lat' dir='ltr'><strong>Nicolai</strong></span> 
     </span>
    </p>
   </div>
   <div class='ocr_carea' id='block_1_85' title="bbox 2153 3669 3829 3742">
    <p class='ocr_par' dir='ltr' id='par_1_85' title="bbox 2153 3669 3829 3742">
     <span class='ocr_line' id='line_1_85' title="bbox 2153 3669 3829 3742; baseline 0 -17"><span class='ocrx_word' id='word_1_585' title='bbox 2153 3684 2328 3741; x_wconf 69' lang='lat' dir='ltr'><strong>papas</strong></span> <span class='ocrx_word' id='word_1_586' title='bbox 2362 3669 2679 3739; x_wconf 80' lang='lat' dir='ltr'><strong>venissent,</strong></span> <span class='ocrx_word' id='word_1_587' title='bbox 2710 3670 2980 3725; x_wconf 84' lang='lat' dir='ltr'><strong>libellum</strong></span> <span class='ocrx_word' id='word_1_588' title='bbox 3026 3670 3394 3740; x_wconf 89' lang='lat' dir='ltr'><strong>obtulerunt,</strong></span> <span class='ocrx_word' id='word_1_589' title='bbox 3443 3671 3503 3726; x_wconf 89' lang='lat' dir='ltr'><strong>in</strong></span> <span class='ocrx_word' id='word_1_590' title='bbox 3535 3687 3660 3742; x_wconf 90' lang='lat' dir='ltr'><strong>quo</strong></span> <span class='ocrx_word' id='word_1_591' title='bbox 3689 3686 3829 3725; x_wconf 84' lang='lat' dir='ltr'><strong>con-</strong></span> 
     </span>
    </p>
   </div>
   <div class='ocr_carea' id='block_1_86' title="bbox 2156 3758 3829 3831">
    <p class='ocr_par' dir='ltr' id='par_1_86' title="bbox 2156 3758 3829 3831">
     <span class='ocr_line' id='line_1_86' title="bbox 2156 3758 3829 3831; baseline 0.001 -18"><span class='ocrx_word' id='word_1_592' title='bbox 2156 3758 2498 3814; x_wconf 88' lang='lat' dir='ltr'><strong>tinebantur</strong></span> <span class='ocrx_word' id='word_1_593' title='bbox 2530 3765 2699 3826; x_wconf 78' lang='lat' dir='ltr'><strong>gesta</strong></span> <span class='ocrx_word' id='word_1_594' title='bbox 2736 3760 3075 3831; x_wconf 87' lang='lat' dir='ltr'><strong>synodalia,</strong></span> <span class='ocrx_word' id='word_1_595' title='bbox 3125 3776 3263 3831; x_wconf 73' lang='lat' dir='ltr'><strong>quae</strong></span> <span class='ocrx_word' id='word_1_596' title='bbox 3289 3760 3351 3814; x_wconf 90' lang='lat' dir='ltr'><strong>in</strong></span> <span class='ocrx_word' id='word_1_597' title='bbox 3381 3760 3829 3817; x_wconf 78' lang='lat' dir='ltr'><strong>Mediomatrico</strong></span> 
     </span>
    </p>
   </div>
   <div class='ocr_carea' id='block_1_87' title="bbox 2156 3849 3827 3920">
    <p class='ocr_par' dir='ltr' id='par_1_87' title="bbox 2156 3849 3827 3920">
     <span class='ocr_line' id='line_1_87' title="bbox 2156 3849 3827 3920; baseline 0.001 -17"><span class='ocrx_word' id='word_1_598' title='bbox 2156 3853 2214 3904; x_wconf 89' lang='lat' dir='ltr'><strong>et</strong></span> <span class='ocrx_word' id='word_1_599' title='bbox 2240 3849 2427 3920; x_wconf 83' lang='lat' dir='ltr'><strong>Aquis</strong></span> <span class='ocrx_word' id='word_1_600' title='bbox 2462 3851 2531 3884; x_wconf 63' lang='lat'><strong>“3</strong></span> <span class='ocrx_word' id='word_1_601' title='bbox 2559 3849 2637 3905; x_wconf 87' lang='lat' dir='ltr'><strong>ab</strong></span> <span class='ocrx_word' id='word_1_602' title='bbox 2668 3850 2752 3904; x_wconf 90' lang='lat' dir='ltr'><strong>eis</strong></span> <span class='ocrx_word' id='word_1_603' title='bbox 2782 3854 3002 3905; x_wconf 86' lang='lat' dir='ltr'><strong>statuta</strong></span> <span class='ocrx_word' id='word_1_604' title='bbox 3033 3849 3286 3905; x_wconf 88' lang='lat' dir='ltr'><strong>fuerant.</strong></span> <span class='ocrx_word' id='word_1_605' title='bbox 3339 3850 3451 3913; x_wconf 83' lang='lat' dir='ltr'><strong>Qui</strong></span> <span class='ocrx_word' id='word_1_606' title='bbox 3481 3865 3622 3904; x_wconf 88' lang='lat' dir='ltr'><strong>cum</strong></span> <span class='ocrx_word' id='word_1_607' title='bbox 3651 3865 3688 3905; x_wconf 89' lang='lat' dir='ltr'><strong>a</strong></span> <span class='ocrx_word' id='word_1_608' title='bbox 3714 3864 3827 3904; x_wconf 90' lang='lat' dir='ltr'><strong>no-</strong></span> 
     </span>
    </p>
   </div>
   <div class='ocr_carea' id='block_1_88' title="bbox 2156 3937 3831 4008">
    <p class='ocr_par' dir='ltr' id='par_1_88' title="bbox 2156 3937 3831 4008">
     <span class='ocr_line' id='line_1_88' title="bbox 2156 3937 3831 4008; baseline 0.001 -16"><span class='ocrx_word' id='word_1_609' title='bbox 2156 3938 2306 3993; x_wconf 88' lang='lat' dir='ltr'><strong>tario</strong></span> <span class='ocrx_word' id='word_1_610' title='bbox 2337 3954 2542 3994; x_wconf 89' lang='lat' dir='ltr'><strong>coram</strong></span> <span class='ocrx_word' id='word_1_611' title='bbox 2590 3938 2874 3993; x_wconf 80' lang='lat' dir='ltr'><strong>omnibus</strong></span> <span class='ocrx_word' id='word_1_612' title='bbox 2904 3939 3182 3994; x_wconf 87' lang='lat' dir='ltr'><strong>recitatus</strong></span> <span class='ocrx_word' id='word_1_613' title='bbox 3207 3943 3388 4007; x_wconf 87' lang='lat' dir='ltr'><strong>esset,</strong></span> <span class='ocrx_word' id='word_1_614' title='bbox 3437 3937 3831 4008; x_wconf 64' lang='lat' dir='ltr'><strong>interrogavit</strong></span> 
     </span>
    </p>
   </div>
   <div class='ocr_carea' id='block_1_89' title="bbox 2154 4026 3830 4099">
    <p class='ocr_par' dir='ltr' id='par_1_89' title="bbox 2154 4026 3830 4099">
     <span class='ocr_line' id='line_1_89' title="bbox 2154 4026 3830 4099; baseline 0 -17"><span class='ocrx_word' id='word_1_615' title='bbox 2154 4027 2441 4099; x_wconf 83' lang='lat' dir='ltr'><strong>pontifex,</strong></span> <span class='ocrx_word' id='word_1_616' title='bbox 2493 4028 2540 4081; x_wconf 90' lang='lat' dir='ltr'><strong>si</strong></span> <span class='ocrx_word' id='word_1_617' title='bbox 2587 4027 2716 4081; x_wconf 68' lang='lat' dir='ltr'><strong>haec</strong></span> <span class='ocrx_word' id='word_1_618' title='bbox 2755 4026 2974 4098; x_wconf 89' lang='lat' dir='ltr'><strong>scripta</strong></span> <span class='ocrx_word' id='word_1_619' title='bbox 3020 4028 3215 4083; x_wconf 82' lang='lat' dir='ltr'><strong>verbis</strong></span> <span class='ocrx_word' id='word_1_620' title='bbox 3246 4026 3670 4083; x_wconf 87' lang='lat' dir='ltr'><strong>conﬁrmarent</strong></span> <span class='ocrx_word' id='word_1_621' title='bbox 3704 4029 3773 4062; x_wconf 73' lang='lat'><strong>“9</strong></span> <span class='ocrx_word' id='word_1_622' title='bbox 3800 4028 3830 4082; x_wconf 86' lang='lat'><strong>?</strong></span> 
     </span>
    </p>
   </div>
   <div class='ocr_carea' id='block_1_90' title="bbox 2160 4115 3826 4187">
    <p class='ocr_par' dir='ltr' id='par_1_90' title="bbox 2160 4115 3826 4187">
     <span class='ocr_line' id='line_1_90' title="bbox 2160 4115 3826 4187; baseline 0 -17"><span class='ocrx_word' id='word_1_623' title='bbox 2160 4116 2634 4187; x_wconf 83' lang='lat' dir='ltr'><strong>Responderunt,</strong></span> <span class='ocrx_word' id='word_1_624' title='bbox 2718 4115 3148 4171; x_wconf 79' lang='lat' dir='ltr'><strong>inconveniens</strong></span> <span class='ocrx_word' id='word_1_625' title='bbox 3234 4115 3441 4182; x_wconf 87' lang='lat' dir='ltr'><strong>videri,</strong></span> <span class='ocrx_word' id='word_1_626' title='bbox 3522 4121 3588 4170; x_wconf 91' lang='lat' dir='ltr'><strong>ut</strong></span> <span class='ocrx_word' id='word_1_627' title='bbox 3658 4116 3826 4187; x_wconf 89' lang='lat' dir='ltr'><strong>quod</strong></span> 
     </span>
    </p>
   </div>
   <div class='ocr_carea' id='block_1_91' title="bbox 2158 4202 3829 4275">
    <p class='ocr_par' dir='ltr' id='par_1_91' title="bbox 2158 4202 3829 4275">
     <span class='ocr_line' id='line_1_91' title="bbox 2158 4202 3829 4275; baseline -0.001 -17"><span class='ocrx_word' id='word_1_628' title='bbox 2158 4204 2414 4275; x_wconf 88' lang='lat' dir='ltr'><strong>propriis</strong></span> <span class='ocrx_word' id='word_1_629' title='bbox 2496 4202 2777 4258; x_wconf 82' lang='lat' dir='ltr'><strong>manibus</strong></span> <span class='ocrx_word' id='word_1_630' title='bbox 2854 4204 3300 4273; x_wconf 89' lang='lat' dir='ltr'><strong>roboraverant,</strong></span> <span class='ocrx_word' id='word_1_631' title='bbox 3386 4204 3580 4259; x_wconf 81' lang='lat' dir='ltr'><strong>verbis</strong></span> <span class='ocrx_word' id='word_1_632' title='bbox 3665 4204 3829 4259; x_wconf 87' lang='lat' dir='ltr'><strong>inIir-</strong></span> 
     </span>
    </p>
   </div>
   <div class='ocr_carea' id='block_1_92' title="bbox 383 4271 3830 4366">
    <p class='ocr_par' dir='ltr' id='par_1_92' title="bbox 383 4271 3830 4366">
     <span class='ocr_line' id='line_1_92' title="bbox 383 4271 3830 4366; baseline 0.002 -24"><span class='ocrx_word' id='word_1_633' title='bbox 383 4287 778 4359; x_wconf 81' lang='lat' dir='ltr'><strong>denegamus,</strong></span> <span class='ocrx_word' id='word_1_634' title='bbox 850 4287 1021 4358; x_wconf 80' lang='lat' dir='ltr'><strong>juxta</strong></span> <span class='ocrx_word' id='word_1_635' title='bbox 1092 4288 1527 4359; x_wconf 88' lang='lat' dir='ltr'><strong>indulgentiam</strong></span> <span class='ocrx_word' id='word_1_636' title='bbox 1588 4289 1837 4345; x_wconf 86' lang='lat' dir='ltr'><strong>dicentis</strong></span> <span class='ocrx_word' id='word_1_637' title='bbox 1899 4293 2049 4362; x_wconf 83' lang='lat' dir='ltr'><strong>Apo-</strong></span> <span class='ocrx_word' id='word_1_638' title='bbox 2083 4271 2123 4323; x_wconf 75' lang='grc' dir='ltr'><strong>ί)</strong></span> <span class='ocrx_word' id='word_1_639' title='bbox 2161 4271 2312 4348; x_wconf 70' lang='lat' dir='ltr'><strong>mari</strong></span> <span class='ocrx_word' id='word_1_640' title='bbox 2369 4293 2438 4326; x_wconf 74' lang='grc'><strong>¹⁵⁰</strong></span> <span class='ocrx_word' id='word_1_641' title='bbox 2461 4292 2705 4348; x_wconf 88' lang='lat' dir='ltr'><strong>mallent</strong></span> <span class='ocrx_word' id='word_1_642' title='bbox 2780 4294 2840 4347; x_wconf 88' lang='lat' dir='ltr'><strong>Et</strong></span> <span class='ocrx_word' id='word_1_643' title='bbox 2880 4292 2961 4348; x_wconf 89' lang='lat' dir='ltr'><strong>sic</strong></span> <span class='ocrx_word' id='word_1_644' title='bbox 3003 4309 3077 4349; x_wconf 91' lang='lat' dir='ltr'><strong>ne</strong></span> <span class='ocrx_word' id='word_1_645' title='bbox 3118 4271 3358 4366; x_wconf 87' lang='lat' dir='ltr'><strong>repulsa</strong></span> <span class='ocrx_word' id='word_1_646' title='bbox 3406 4309 3516 4349; x_wconf 91' lang='lat' dir='ltr'><strong>nec</strong></span> <span class='ocrx_word' id='word_1_647' title='bbox 3557 4293 3830 4348; x_wconf 87' lang='lat' dir='ltr'><strong>admissa</strong></span> 
     </span>
    </p>
   </div>
   <div class='ocr_carea' id='block_1_93' title="bbox 386 4375 2049 4450">
    <p class='ocr_par' dir='ltr' id='par_1_93' title="bbox 386 4375 2049 4450">
     <span class='ocr_line' id='line_1_93' title="bbox 386 4375 2049 4450; baseline 0.002 -20"><span class='ocrx_word' id='word_1_648' title='bbox 386 4375 551 4432; x_wconf 88' lang='lat' dir='ltr'><strong>stoli:</strong></span> <span class='ocrx_word' id='word_1_649' title='bbox 605 4377 822 4433; x_wconf 79' lang='lat' dir='ltr'><strong>Melius</strong></span> <span class='ocrx_word' id='word_1_650' title='bbox 851 4383 934 4432; x_wconf 78' lang='lat' dir='ltr'><strong>est</strong></span> <span class='ocrx_word' id='word_1_651' title='bbox 988 4376 1210 4434; x_wconf 74' lang='lat' dir='ltr'><strong>nubere</strong></span> <span class='ocrx_word' id='word_1_652' title='bbox 1246 4390 1426 4448; x_wconf 83' lang='lat' dir='ltr'><strong>quam</strong></span> <span class='ocrx_word' id='word_1_653' title='bbox 1461 4378 1575 4432; x_wconf 79' lang='lat' dir='ltr'><strong>uri.</strong></span> <span class='ocrx_word' id='word_1_654' title='bbox 1611 4400 1636 4426; x_wconf 87' lang='grc'><strong>››</strong></span> <span class='ocrx_word' id='word_1_655' title='bbox 1680 4378 1774 4432; x_wconf 90' lang='lat' dir='ltr'><strong>His</strong></span> <span class='ocrx_word' id='word_1_656' title='bbox 1820 4378 1899 4434; x_wconf 89' lang='lat' dir='ltr'><strong>ita</strong></span> <span class='ocrx_word' id='word_1_657' title='bbox 1943 4392 2049 4450; x_wconf 88' lang='lat' dir='ltr'><strong>pa-</strong></span> 
     </span>
    </p>
   </div>
   <div class='ocr_carea' id='block_1_94' title="bbox 2158 4380 3831 4454">
    <p class='ocr_par' dir='ltr' id='par_1_94' title="bbox 2158 4380 3831 4454">
     <span class='ocr_line' id='line_1_94' title="bbox 2158 4380 3831 4454; baseline 0 -18"><span class='ocrx_word' id='word_1_658' title='bbox 2158 4394 2368 4436; x_wconf 87' lang='lat' dir='ltr'><strong>eorum</strong></span> <span class='ocrx_word' id='word_1_659' title='bbox 2439 4380 2786 4450; x_wconf 89' lang='lat' dir='ltr'><strong>assertione,</strong></span> <span class='ocrx_word' id='word_1_660' title='bbox 2848 4382 3000 4452; x_wconf 89' lang='lat' dir='ltr'><strong>jussi</strong></span> <span class='ocrx_word' id='word_1_661' title='bbox 3062 4387 3204 4438; x_wconf 89' lang='lat' dir='ltr'><strong>sunt</strong></span> <span class='ocrx_word' id='word_1_662' title='bbox 3271 4382 3356 4438; x_wconf 85' lang='lat' dir='ltr'><strong>ire</strong></span> <span class='ocrx_word' id='word_1_663' title='bbox 3420 4381 3501 4437; x_wconf 88' lang='lat' dir='ltr'><strong>ad</strong></span> <span class='ocrx_word' id='word_1_664' title='bbox 3566 4380 3831 4454; x_wconf 88' lang='lat' dir='ltr'><strong>hospitia</strong></span> 
     </span>
    </p>
   </div>
   <div class='ocr_carea' id='block_1_95' title="bbox 1778 4501 2438 4562">
    <p class='ocr_par' dir='ltr' id='par_1_95' title="bbox 1778 4501 2438 4562">
     <span class='ocr_line' id='line_1_95' title="bbox 1778 4501 2438 4562; baseline 0.005 -6"><span class='ocrx_word' id='word_1_665' title='bbox 1778 4503 2006 4559; x_wconf 77' lang='lat' dir='ltr'><strong>VARl/E</strong></span> <span class='ocrx_word' id='word_1_666' title='bbox 2039 4501 2438 4562; x_wconf 69' lang='lat' dir='ltr'><strong>LECTIONES.</strong></span> 
     </span>
    </p>
   </div>
   <div class='ocr_carea' id='block_1_96' title="bbox 463 4620 3834 4701">
    <p class='ocr_par' dir='ltr' id='par_1_96' title="bbox 463 4620 3834 4701">
     <span class='ocr_line' id='line_1_96' title="bbox 463 4620 3834 4701; baseline 0.001 -20"><span class='ocrx_word' id='word_1_667' title='bbox 463 4622 534 4701; x_wconf 53' lang='lat'><strong>’3‘</strong></span> <span class='ocrx_word' id='word_1_668' title='bbox 561 4620 885 4701; x_wconf 67' lang='lat' dir='ltr'><strong>alloquitur</strong></span> <span class='ocrx_word' id='word_1_669' title='bbox 914 4620 1110 4701; x_wconf 78' lang='lat' dir='ltr'><strong>sciens</strong></span> <span class='ocrx_word' id='word_1_670' title='bbox 1144 4624 1195 4677; x_wconf 86' lang='lat'><strong>5.</strong></span> <span class='ocrx_word' id='word_1_671' title='bbox 1219 4623 1321 4701; x_wconf 57' lang='lat' dir='ltr'><strong>ff&quot;</strong></span> <span class='ocrx_word' id='word_1_672' title='bbox 1342 4628 1640 4701; x_wconf 69' lang='lat' dir='ltr'><strong>convocat</strong></span> <span class='ocrx_word' id='word_1_673' title='bbox 1670 4628 1737 4701; x_wconf 67' lang='grc' dir='ltr'>ὄρ</span> <span class='ocrx_word' id='word_1_674' title='bbox 1766 4640 1824 4701; x_wconf 91' lang='lat' dir='ltr'><strong>e._</strong></span> <span class='ocrx_word' id='word_1_675' title='bbox 1866 4628 1935 4660; x_wconf 50' lang='grc' dir='ltr'><strong>ηδ</strong></span> <span class='ocrx_word' id='word_1_676' title='bbox 1967 4625 2553 4701; x_wconf 76' lang='lat' dir='ltr'><strong>canonicevocatam</strong></span> <span class='ocrx_word' id='word_1_677' title='bbox 2577 4630 2741 4701; x_wconf 21' lang='lat' dir='ltr'><strong>7.AI2.</strong></span> <span class='ocrx_word' id='word_1_678' title='bbox 2778 4629 2850 4663; x_wconf 74' lang='grc'><strong>¹²⁵</strong></span> <span class='ocrx_word' id='word_1_679' title='bbox 2875 4626 3271 4701; x_wconf 86' lang='lat' dir='ltr'><strong>imponebant</strong></span> <span class='ocrx_word' id='word_1_680' title='bbox 3300 4628 3350 4684; x_wconf 79' lang='lat'><strong>5.</strong></span> <span class='ocrx_word' id='word_1_681' title='bbox 3398 4628 3469 4701; x_wconf 61' lang='lat'><strong>{2°</strong></span> <span class='ocrx_word' id='word_1_682' title='bbox 3491 4631 3545 4684; x_wconf 92' lang='lat' dir='ltr'><strong>et</strong></span> <span class='ocrx_word' id='word_1_683' title='bbox 3578 4633 3698 4684; x_wconf 88' lang='lat' dir='ltr'><strong>tam</strong></span> <span class='ocrx_word' id='word_1_684' title='bbox 3729 4642 3834 4701; x_wconf 85' lang='lat' dir='ltr'><strong>ne-</strong></span> 
     </span>
    </p>
   </div>
   <div class='ocr_carea' id='block_1_97' title="bbox 391 4691 3829 4772">
    <p class='ocr_par' dir='ltr' id='par_1_97' title="bbox 391 4691 3829 4772">
     <span class='ocr_line' id='line_1_97' title="bbox 391 4691 3829 4772; baseline 0.002 -25"><span class='ocrx_word' id='word_1_685' title='bbox 391 4691 550 4772; x_wconf 66' lang='lat' dir='ltr'><strong>faria</strong></span> <span class='ocrx_word' id='word_1_686' title='bbox 575 4691 734 4772; x_wconf 56' lang='lat'><strong>7—:2.</strong></span> <span class='ocrx_word' id='word_1_687' title='bbox 761 4694 859 4772; x_wconf 43' lang='grc' dir='ltr'><strong>,ηπ</strong></span> <span class='ocrx_word' id='word_1_688' title='bbox 883 4692 1235 4772; x_wconf 78' lang='lat' dir='ltr'><strong>aquisgrani</strong></span> <span class='ocrx_word' id='word_1_689' title='bbox 1261 4694 1314 4772; x_wconf 48' lang='grc' dir='ltr'><strong>ᾗ.</strong></span> <span class='ocrx_word' id='word_1_690' title='bbox 1342 4695 1392 4772; x_wconf 62' lang='grc' dir='ltr'><strong>ξ.</strong></span> <span class='ocrx_word' id='word_1_691' title='bbox 1444 4693 1745 4772; x_wconf 66' lang='lat' dir='ltr'><strong>f’“__Allat_is</strong></span> <span class='ocrx_word' id='word_1_692' title='bbox 1774 4699 1883 4772; x_wconf 82' lang='lat' dir='ltr'><strong>etc.</strong></span> <span class='ocrx_word' id='word_1_693' title='bbox 1918 4711 2105 4768; x_wconf 85' lang='lat' dir='ltr'><strong>usque</strong></span> <span class='ocrx_word' id='word_1_694' title='bbox 2126 4696 2409 4772; x_wconf 82' lang='lat' dir='ltr'><strong>replicata</strong></span> <span class='ocrx_word' id='word_1_695' title='bbox 2442 4702 2580 4772; x_wconf 82' lang='lat' dir='ltr'><strong>sunt</strong></span> <span class='ocrx_word' id='word_1_696' title='bbox 2608 4698 2767 4755; x_wconf 74' lang='lat' dir='ltr'><strong>deest</strong></span> <span class='ocrx_word' id='word_1_697' title='bbox 2797 4691 2979 4754; x_wconf 73' lang='lat'><strong>7—12</strong></span> <span class='ocrx_word' id='word_1_698' title='bbox 3000 4700 3068 4734; x_wconf 79' lang='grc'><strong>¹²⁹</strong></span> <span class='ocrx_word' id='word_1_699' title='bbox 3099 4712 3294 4772; x_wconf 88' lang='lat' dir='ltr'><strong>neque</strong></span> <span class='ocrx_word' id='word_1_700' title='bbox 3321 4714 3358 4756; x_wconf 89' lang='lat' dir='ltr'><strong>a</strong></span> <span class='ocrx_word' id='word_1_701' title='bbox 3382 4698 3498 4756; x_wconf 91' lang='lat' dir='ltr'><strong>deo</strong></span> <span class='ocrx_word' id='word_1_702' title='bbox 3615 4705 3667 4755; x_wconf 79' lang='lat' dir='ltr'><strong>et</strong></span> <span class='ocrx_word' id='word_1_703' title='bbox 3695 4700 3829 4755; x_wconf 79' lang='lat' dir='ltr'><strong>alii.</strong></span> 
     </span>
    </p>
   </div>
   <div class='ocr_carea' id='block_1_98' title="bbox 396 4762 3831 4896">
    <p class='ocr_par' dir='ltr' id='par_1_98' title="bbox 396 4762 3831 4896">
     <span class='ocr_line' id='line_1_98' title="bbox 396 4762 3831 4838; baseline 0.003 -21"><span class='ocrx_word' id='word_1_704' title='bbox 396 4763 467 4797; x_wconf 70' lang='grc' dir='ltr'><strong>ιω</strong></span> <span class='ocrx_word' id='word_1_705' title='bbox 487 4762 880 4820; x_wconf 83' lang='lat' dir='ltr'><strong>devotissima</strong></span> <span class='ocrx_word' id='word_1_706' title='bbox 910 4762 1234 4821; x_wconf 71' lang='lat' dir='ltr'><strong>assertione</strong></span> <span class='ocrx_word' id='word_1_707' title='bbox 1262 4766 1314 4821; x_wconf 93' lang='lat'><strong>2.</strong></span> <span class='ocrx_word' id='word_1_708' title='bbox 1350 4769 1400 4820; x_wconf 88' lang='lat'><strong>3.</strong></span> <span class='ocrx_word' id='word_1_709' title='bbox 1432 4766 1485 4820; x_wconf 76' lang='grc'><strong>4.</strong></span> <span class='ocrx_word' id='word_1_710' title='bbox 1521 4768 1573 4822; x_wconf 75' lang='grc'><strong>5.</strong></span> <span class='ocrx_word' id='word_1_711' title='bbox 1629 4768 1695 4801; x_wconf 68' lang='grc'>’³³</span> <span class='ocrx_word' id='word_1_712' title='bbox 1751 4768 1928 4823; x_wconf 87' lang='lat' dir='ltr'><strong>etiam</strong></span> <span class='ocrx_word' id='word_1_713' title='bbox 1963 4762 2257 4825; x_wconf 73' lang='lat' dir='ltr'><strong>canonica</strong></span> <span class='ocrx_word' id='word_1_714' title='bbox 2294 4768 2445 4826; x_wconf 83' lang='lat'><strong>1—6.</strong></span> <span class='ocrx_word' id='word_1_715' title='bbox 2513 4768 2583 4805; x_wconf 79' lang='grc'><strong>¹⁸²</strong></span> <span class='ocrx_word' id='word_1_716' title='bbox 2658 4772 2923 4825; x_wconf 88' lang='lat' dir='ltr'><strong>unterius</strong></span> <span class='ocrx_word' id='word_1_717' title='bbox 2957 4762 3297 4826; x_wconf 47' lang='lat' dir='ltr'><strong>constanter</strong></span> <span class='ocrx_word' id='word_1_718' title='bbox 3325 4772 3388 4826; x_wconf 77' lang='lat' dir='ltr'><strong>in</strong></span> <span class='ocrx_word' id='word_1_719' title='bbox 3420 4774 3471 4826; x_wconf 79' lang='lat'><strong>5.</strong></span> <span class='ocrx_word' id='word_1_720' title='bbox 3526 4768 3597 4804; x_wconf 71' lang='lat'><strong>“’3</strong></span> <span class='ocrx_word' id='word_1_721' title='bbox 3628 4783 3831 4838; x_wconf 76' lang='lat' dir='ltr'><strong>agano</strong></span> 
     </span>
     <span class='ocr_line' id='line_1_99' title="bbox 398 4783 3831 4896; baseline 0.003 -10"><span class='ocrx_word' id='word_1_722' title='bbox 398 4835 482 4889; x_wconf 83' lang='lat' dir='ltr'><strong>IO.</strong></span> <span class='ocrx_word' id='word_1_723' title='bbox 570 4834 641 4868; x_wconf 69' lang='grc'><strong>¹³⁵</strong></span> <span class='ocrx_word' id='word_1_724' title='bbox 668 4832 1030 4896; x_wconf 85' lang='lat' dir='ltr'><strong>rodoialdus</strong></span> <span class='ocrx_word' id='word_1_725' title='bbox 1060 4837 1256 4891; x_wconf 66' lang='lat'><strong>9—12.</strong></span> <span class='ocrx_word' id='word_1_726' title='bbox 1342 4836 1412 4870; x_wconf 75' lang='grc'><strong>¹³⁶</strong></span> <span class='ocrx_word' id='word_1_727' title='bbox 1438 4834 1621 4894; x_wconf 88' lang='lat' dir='ltr'><strong>habet</strong></span> <span class='ocrx_word' id='word_1_728' title='bbox 1651 4836 1802 4894; x_wconf 89' lang='lat' dir='ltr'><strong>sicut</strong></span> <span class='ocrx_word' id='word_1_729' title='bbox 1830 4842 1917 4894; x_wconf 73' lang='lat' dir='ltr'><strong>Eic.</strong></span> <span class='ocrx_word' id='word_1_730' title='bbox 1976 4840 2046 4873; x_wconf 81' lang='grc'><strong>¹³⁶</strong></span> <span class='ocrx_word' id='word_1_731' title='bbox 2072 4840 2587 4896; x_wconf 88' lang='lat' dir='ltr'><strong>demonstrassent</strong></span> <span class='ocrx_word' id='word_1_732' title='bbox 2761 4842 2830 4875; x_wconf 74' lang='grc'><strong>³³⁷</strong></span> <span class='ocrx_word' id='word_1_733' title='bbox 2856 4845 2922 4896; x_wconf 93' lang='lat' dir='ltr'><strong>ut</strong></span> <span class='ocrx_word' id='word_1_734' title='bbox 2949 4842 3266 4896; x_wconf 88' lang='lat' dir='ltr'><strong>cnisconos</strong></span> <span class='ocrx_word' id='word_1_735' title='bbox 3291 4841 3396 4896; x_wconf 85' lang='lat' dir='ltr'><strong>aui</strong></span> <span class='ocrx_word' id='word_1_736' title='bbox 3424 4840 3621 4896; x_wconf 86' lang='lat' dir='ltr'><strong>eidem</strong></span> <span class='ocrx_word' id='word_1_737' title='bbox 3651 4855 3831 4896; x_wconf 79' lang='lat' dir='ltr'><strong>svno-</strong></span> 
     </span>
    </p>
   </div>
   <div class='ocr_carea' id='block_1_99' title="bbox 398 4832 2587 4896">
    <p class='ocr_par' dir='ltr' id='par_1_99' title="bbox 398 4832 2587 4896">
     <span class='ocr_line' id='line_1_100' title="bbox 398 4832 2587 4896; baseline 0.005 -10"><span class='ocrx_word' id='word_1_738' title='bbox 398 4835 482 4889; x_wconf 78' lang='lat' dir='ltr'><strong>to.</strong></span> <span class='ocrx_word' id='word_1_739' title='bbox 570 4834 641 4868; x_wconf 70' lang='grc'><strong>¹³⁵</strong></span> <span class='ocrx_word' id='word_1_740' title='bbox 668 4832 1030 4896; x_wconf 86' lang='lat' dir='ltr'><strong>rodoialdus</strong></span> <span class='ocrx_word' id='word_1_741' title='bbox 1060 4837 1256 4891; x_wconf 62' lang='lat'><strong>9-42.</strong></span> <span class='ocrx_word' id='word_1_742' title='bbox 1342 4836 1412 4870; x_wconf 74' lang='grc'>¹³⁶</span> <span class='ocrx_word' id='word_1_743' title='bbox 1438 4834 1621 4894; x_wconf 88' lang='lat' dir='ltr'><strong>habet</strong></span> <span class='ocrx_word' id='word_1_744' title='bbox 1651 4836 1802 4894; x_wconf 88' lang='lat' dir='ltr'><strong>sicut</strong></span> <span class='ocrx_word' id='word_1_745' title='bbox 1830 4842 1917 4894; x_wconf 75' lang='lat' dir='ltr'><strong>3c.</strong></span> <span class='ocrx_word' id='word_1_746' title='bbox 1976 4840 2046 4873; x_wconf 81' lang='grc'><strong>¹³⁶</strong></span> <span class='ocrx_word' id='word_1_747' title='bbox 2072 4840 2587 4896; x_wconf 87' lang='lat' dir='ltr'><strong>demonstrassent</strong></span> 
     </span>
    </p>
   </div>
   <div class='ocr_carea' id='block_1_100' title="bbox 399 4902 2387 5014">
    <p class='ocr_par' dir='ltr' id='par_1_100' title="bbox 399 4902 2387 5014">
     <span class='ocr_line' id='line_1_101' title="bbox 399 4902 2387 5014; baseline 0.005 -56"><span class='ocrx_word' id='word_1_748' title='bbox 399 4902 478 4958; x_wconf 91' lang='lat' dir='ltr'><strong>do</strong></span> <span class='ocrx_word' id='word_1_749' title='bbox 510 4907 704 4986; x_wconf 61' lang='grc' dir='ltr'><strong>7-τ12,</strong></span> <span class='ocrx_word' id='word_1_750' title='bbox 768 4902 842 4941; x_wconf 76' lang='grc'><strong>¹⁸⁸</strong></span> <span class='ocrx_word' id='word_1_751' title='bbox 860 4908 1017 4963; x_wconf 78' lang='lat' dir='ltr'><strong>deest</strong></span> <span class='ocrx_word' id='word_1_752' title='bbox 1049 4909 1101 4963; x_wconf 90' lang='lat'><strong>8.</strong></span> <span class='ocrx_word' id='word_1_753' title='bbox 1188 4906 1259 4941; x_wconf 79' lang='grc'><strong>¹³⁹</strong></span> <span class='ocrx_word' id='word_1_754' title='bbox 1290 4902 1580 4964; x_wconf 87' lang='lat' dir='ltr'><strong>adiciente</strong></span> <span class='ocrx_word' id='word_1_755' title='bbox 1628 4923 1815 4981; x_wconf 83' lang='lat' dir='ltr'><strong>usque</strong></span> <span class='ocrx_word' id='word_1_756' title='bbox 1843 4909 2171 5014; x_wconf 76' lang='lat' dir='ltr'><strong>disciplinis</strong></span> <span class='ocrx_word' id='word_1_757' title='bbox 2209 4911 2387 4967; x_wconf 81' lang='lat' dir='ltr'><strong>deest.</strong></span> 
     </span>
     <span class='ocr_line' id='line_1_102' title="bbox 399 4972 2387 5014; baseline 0.001 0"><span class='ocrx_word' id='word_1_758' title='bbox 399 4972 701 5014; x_wconf 68' lang='lat' dir='ltr'><strong>nannnlnia</strong></span> <span class='ocrx_word' id='word_1_759' title='bbox 730 4979 761 5014; x_wconf 76' lang='grc' dir='ltr'><strong><em>Ἰ</em></strong></span> <span class='ocrx_word' id='word_1_760' title='bbox 856 4979 926 5011; x_wconf 71' lang='lat' dir='ltr'><strong>its</strong></span> <span class='ocrx_word' id='word_1_761' title='bbox 959 4975 1112 5014; x_wconf 59' lang='lat' dir='ltr'><strong>fni-On</strong></span> <span class='ocrx_word' id='word_1_762' title='bbox 1158 4981 1557 5014; x_wconf 64' lang='grc' dir='ltr'><strong>νηηηαὴοοιιοηι</strong></span> <span class='ocrx_word' id='word_1_763' title='bbox 1597 4984 1628 5014; x_wconf 70' lang='grc' dir='ltr'><strong>οι</strong></span> <span class='ocrx_word' id='word_1_764' title='bbox 1705 4982 1880 5014; x_wconf 32' lang='lat' dir='ltr'><strong>unm</strong></span> <span class='ocrx_word' id='word_1_765' title='bbox 1969 4982 1983 5014; x_wconf 81' lang='grc' dir='ltr'>ι</span> <span class='ocrx_word' id='word_1_766' title='bbox 2019 4983 2040 5014; x_wconf 83' lang='lat'><strong><em>3</em></strong></span> <span class='ocrx_word' id='word_1_767' title='bbox 2068 4984 2245 5014; x_wconf 64' lang='grc' dir='ltr'><strong>οιηηο</strong></span> <span class='ocrx_word' id='word_1_768' title='bbox 2296 4997 2387 5014; x_wconf 64' lang='lat' dir='ltr'><strong>nn:</strong></span> 
     </span>
    </p>
   </div>
   <div class='ocr_carea' id='block_1_101' title="bbox 2019 4983 2101 5036">
    <p class='ocr_par' dir='ltr' id='par_1_101' title="bbox 2019 4983 2101 5036">
     <span class='ocr_line' id='line_1_103' title="bbox 2019 4983 2101 5036; baseline 0 0"><span class='ocrx_word' id='word_1_769' title='bbox 2019 4983 2101 5036; x_wconf 76' lang='lat' dir='ltr'><strong>3a</strong></span> 
     </span>
    </p>
   </div>
   <div class='ocr_carea' id='block_1_102' title="bbox 396 4972 1983 5036">
    <p class='ocr_par' dir='ltr' id='par_1_102' title="bbox 396 4972 1983 5036">
     <span class='ocr_line' id='line_1_104' title="bbox 396 4972 1983 5036; baseline 0.005 -8"><span class='ocrx_word' id='word_1_770' title='bbox 396 4972 701 5029; x_wconf 84' lang='lat' dir='ltr'><strong>canonicis</strong></span> <span class='ocrx_word' id='word_1_771' title='bbox 730 4979 782 5030; x_wconf 88' lang='lat'><strong>7.</strong></span> <span class='ocrx_word' id='word_1_772' title='bbox 856 4979 926 5011; x_wconf 60' lang='grc' dir='ltr'><strong>’δ’</strong></span> <span class='ocrx_word' id='word_1_773' title='bbox 957 4975 1112 5033; x_wconf 83' lang='lat' dir='ltr'><strong>facto</strong></span> <span class='ocrx_word' id='word_1_774' title='bbox 1158 4981 1557 5035; x_wconf 86' lang='lat' dir='ltr'><strong>monstrarent</strong></span> <span class='ocrx_word' id='word_1_775' title='bbox 1597 4984 1649 5036; x_wconf 88' lang='lat'><strong>7.</strong></span> <span class='ocrx_word' id='word_1_776' title='bbox 1705 4972 1901 5036; x_wconf 59' lang='lat'><strong>9—42.</strong></span> <span class='ocrx_word' id='word_1_777' title='bbox 1969 4982 1983 5014; x_wconf 86' lang='grc'>¹</span> 
     </span>
    </p>
   </div>
   <div class='ocr_carea' id='block_1_103' title="bbox 2761 4840 3834 4915">
    <p class='ocr_par' dir='ltr' id='par_1_103' title="bbox 2761 4840 3834 4915">
     <span class='ocr_line' id='line_1_105' title="bbox 2761 4840 3834 4915; baseline -0.001 -19"><span class='ocrx_word' id='word_1_778' title='bbox 2761 4842 2830 4875; x_wconf 73' lang='grc'><strong>³³⁷</strong></span> <span class='ocrx_word' id='word_1_779' title='bbox 2856 4845 2922 4897; x_wconf 92' lang='lat' dir='ltr'><strong>ut</strong></span> <span class='ocrx_word' id='word_1_780' title='bbox 2949 4842 3266 4915; x_wconf 82' lang='lat' dir='ltr'><strong>episcopos</strong></span> <span class='ocrx_word' id='word_1_781' title='bbox 3291 4841 3405 4915; x_wconf 79' lang='lat' dir='ltr'><strong>qui</strong></span> <span class='ocrx_word' id='word_1_782' title='bbox 3424 4840 3621 4915; x_wconf 80' lang='lat' dir='ltr'><strong>eidem</strong></span> <span class='ocrx_word' id='word_1_783' title='bbox 3651 4855 3834 4913; x_wconf 79' lang='lat' dir='ltr'><strong>syno-</strong></span> 
     </span>
    </p>
   </div>
   <div class='ocr_carea' id='block_1_104' title="bbox 2484 4909 3835 4986">
    <p class='ocr_par' dir='ltr' id='par_1_104' title="bbox 2484 4909 3835 4986">
     <span class='ocr_line' id='line_1_106' title="bbox 2484 4909 3835 4986; baseline -0.001 -19"><span class='ocrx_word' id='word_1_784' title='bbox 2484 4911 2556 4986; x_wconf 46' lang='grc' dir='ltr'><strong>’ᾗ</strong></span> <span class='ocrx_word' id='word_1_785' title='bbox 2600 4909 2835 4986; x_wconf 82' lang='lat' dir='ltr'><strong>nullum</strong></span> <span class='ocrx_word' id='word_1_786' title='bbox 2884 4927 2945 4968; x_wconf 92' lang='lat' dir='ltr'><strong>se</strong></span> <span class='ocrx_word' id='word_1_787' title='bbox 2974 4909 3029 4986; x_wconf 71' lang='grc' dir='ltr'><strong>ἱ.</strong></span> <span class='ocrx_word' id='word_1_788' title='bbox 3063 4919 3132 4986; x_wconf 62' lang='grc' dir='ltr'><strong>3.Δ</strong></span> <span class='ocrx_word' id='word_1_789' title='bbox 3156 4909 3176 4914; x_wconf 80' lang='grc'><strong>’</strong></span> <span class='ocrx_word' id='word_1_790' title='bbox 3204 4912 3267 4986; x_wconf 64' lang='grc' dir='ltr'>Ψ</span> <span class='ocrx_word' id='word_1_791' title='bbox 3303 4909 3409 4984; x_wconf 77' lang='lat' dir='ltr'><strong>qui</strong></span> <span class='ocrx_word' id='word_1_792' title='bbox 3451 4909 3835 4986; x_wconf 76' lang='lat' dir='ltr'><strong>aliquantum</strong></span> 
     </span>
    </p>
   </div>
   <div class='ocr_carea' id='block_1_105' title="bbox 2173 4980 3834 5061">
    <p class='ocr_par' dir='ltr' id='par_1_105' title="bbox 2173 4980 3834 5061">
     <span class='ocr_line' id='line_1_107' title="bbox 2173 4980 3834 5061; baseline 0.002 -26"><span class='ocrx_word' id='word_1_793' title='bbox 2173 4997 2245 5036; x_wconf 91' lang='lat' dir='ltr'><strong>ue</strong></span> <span class='ocrx_word' id='word_1_794' title='bbox 2295 4980 2626 5061; x_wconf 74' lang='lat' dir='ltr'><strong>apostolica</strong></span> <span class='ocrx_word' id='word_1_795' title='bbox 2657 4982 2814 5061; x_wconf 72' lang='lat' dir='ltr'><strong>deest</strong></span> <span class='ocrx_word' id='word_1_796' title='bbox 2842 4991 2893 5038; x_wconf 79' lang='lat'><strong>7.</strong></span> <span class='ocrx_word' id='word_1_797' title='bbox 2929 4985 3013 5061; x_wconf 52' lang='lat' dir='ltr'><strong>fit</strong></span> <span class='ocrx_word' id='word_1_798' title='bbox 3041 4983 3299 5061; x_wconf 2' lang='lat' dir='ltr'><strong>eulogia,</strong></span> <span class='ocrx_word' id='word_1_799' title='bbox 3322 4980 3527 5061; x_wconf 61' lang='lat'><strong>:9—12.</strong></span> <span class='ocrx_word' id='word_1_800' title='bbox 3551 4980 3652 5018; x_wconf 71' lang='grc'><strong>⁷¹⁵⁸</strong></span> <span class='ocrx_word' id='word_1_801' title='bbox 3675 4982 3834 5061; x_wconf 81' lang='lat' dir='ltr'><strong>petri</strong></span> 
     </span>
    </p>
   </div>
   <div class='ocr_carea' id='block_1_106' title="bbox 398 5043 3832 5134">
    <p class='ocr_par' dir='ltr' id='par_1_106' title="bbox 398 5043 3832 5134">
     <span class='ocr_line' id='line_1_108' title="bbox 398 5043 3832 5134; baseline 0.002 -33"><span class='ocrx_word' id='word_1_802' title='bbox 398 5043 975 5134; x_wconf 26' lang='lat' dir='ltr'><strong>appetoli‘latffnec</strong></span> <span class='ocrx_word' id='word_1_803' title='bbox 1002 5060 1067 5134; x_wconf 66' lang='lat' dir='ltr'><strong>se</strong></span> <span class='ocrx_word' id='word_1_804' title='bbox 1095 5046 1297 5134; x_wconf 56' lang='lat' dir='ltr'><strong>fefellit</strong></span> <span class='ocrx_word' id='word_1_805' title='bbox 1320 5052 1377 5134; x_wconf 45' lang='grc' dir='ltr'><strong>ζ).</strong></span> <span class='ocrx_word' id='word_1_806' title='bbox 1406 5048 1472 5132; x_wconf 50' lang='lat' dir='ltr'><strong>“ﬁ</strong></span> <span class='ocrx_word' id='word_1_807' title='bbox 1503 5050 1815 5134; x_wconf 64' lang='lat' dir='ltr'><strong>praesentia</strong></span> <span class='ocrx_word' id='word_1_808' title='bbox 1841 5050 2054 5134; x_wconf 6' lang='lat'><strong>7:12.,</strong></span> <span class='ocrx_word' id='word_1_809' title='bbox 2087 5043 2163 5134; x_wconf 57' lang='lat' dir='ltr'><strong>&quot;if</strong></span> <span class='ocrx_word' id='word_1_810' title='bbox 2184 5043 2641 5134; x_wconf 69' lang='lat' dir='ltr'><strong>mediomatrlco</strong></span> <span class='ocrx_word' id='word_1_811' title='bbox 2676 5053 2822 5134; x_wconf 72' lang='lat' dir='ltr'><strong>urbe</strong></span> <span class='ocrx_word' id='word_1_812' title='bbox 2853 5054 2952 5134; x_wconf 67' lang='lat' dir='ltr'><strong>vel</strong></span> <span class='ocrx_word' id='word_1_813' title='bbox 2974 5054 3147 5134; x_wconf 75' lang='lat' dir='ltr'><strong>aquis</strong></span> <span class='ocrx_word' id='word_1_814' title='bbox 3176 5043 3347 5134; x_wconf 60' lang='lat'><strong>7—12</strong></span> <span class='ocrx_word' id='word_1_815' title='bbox 3370 5043 3832 5134; x_wconf 72' lang='lat' dir='ltr'><strong>mediomatrieo</strong></span> 
     </span>
    </p>
   </div>
   <div class='ocr_carea' id='block_1_107' title="bbox 398 5116 3824 5189">
    <p class='ocr_par' dir='ltr' id='par_1_107' title="bbox 398 5116 3824 5189">
     <span class='ocr_line' id='line_1_109' title="bbox 398 5116 3824 5189; baseline 0.003 -17"><span class='ocrx_word' id='word_1_816' title='bbox 398 5116 547 5172; x_wconf 84' lang='lat' dir='ltr'><strong>urbe</strong></span> <span class='ocrx_word' id='word_1_817' title='bbox 576 5122 633 5172; x_wconf 92' lang='lat' dir='ltr'><strong>et</strong></span> <span class='ocrx_word' id='word_1_818' title='bbox 660 5117 870 5189; x_wconf 89' lang='lat' dir='ltr'><strong>acquis</strong></span> <span class='ocrx_word' id='word_1_819' title='bbox 1116 5120 1187 5153; x_wconf 69' lang='lat'><strong>“9</strong></span> <span class='ocrx_word' id='word_1_820' title='bbox 1216 5119 1411 5176; x_wconf 86' lang='lat' dir='ltr'><strong>verbis</strong></span> <span class='ocrx_word' id='word_1_821' title='bbox 1437 5116 1742 5178; x_wconf 74' lang='lat' dir='ltr'><strong>infirmare</strong></span> <span class='ocrx_word' id='word_1_822' title='bbox 1772 5120 1969 5176; x_wconf 81' lang='lat' dir='ltr'><strong>7—I2.</strong></span> <span class='ocrx_word' id='word_1_823' title='bbox 2000 5119 2192 5177; x_wconf 83' lang='lat' dir='ltr'><strong>verbis</strong></span> <span class='ocrx_word' id='word_1_824' title='bbox 2218 5120 2593 5181; x_wconf 84' lang='lat' dir='ltr'><strong>inﬁrmarent</strong></span> <span class='ocrx_word' id='word_1_825' title='bbox 2615 5125 2667 5180; x_wconf 82' lang='grc'><strong>4.</strong></span> <span class='ocrx_word' id='word_1_826' title='bbox 2729 5127 2801 5159; x_wconf 74' lang='grc' dir='ltr'><strong>ίδο</strong></span> <span class='ocrx_word' id='word_1_827' title='bbox 2830 5116 3336 5182; x_wconf 63' lang='grc' dir='ltr'><strong>νθὼἱέἱιιῐᾶωᾶιτὶ</strong></span> <span class='ocrx_word' id='word_1_828' title='bbox 3368 5128 3415 5181; x_wconf 85' lang='lat' dir='ltr'><strong>I.</strong></span> <span class='ocrx_word' id='word_1_829' title='bbox 3449 5128 3502 5182; x_wconf 87' lang='lat'><strong>3.</strong></span> <span class='ocrx_word' id='word_1_830' title='bbox 3809 5130 3824 5143; x_wconf 84' lang='lat'><strong><em>&#39;</em></strong></span> 
     </span>
    </p>
   </div>
   <div class='ocr_carea' id='block_1_108' title="bbox 2005 5243 2227 5302">
    <p class='ocr_par' dir='ltr' id='par_1_108' title="bbox 2005 5243 2227 5302">
     <span class='ocr_line' id='line_1_110' title="bbox 2005 5243 2227 5302; baseline 0.009 -2"><span class='ocrx_word' id='word_1_831' title='bbox 2005 5243 2227 5302; x_wconf 70' lang='grc' dir='ltr'><strong>ΝΟΤΛΕ.</strong></span> 
     </span>
    </p>
   </div>
   <div class='ocr_carea' id='block_1_109' title="bbox 468 5362 2053 5492">
    <p class='ocr_par' dir='ltr' id='par_1_109' title="bbox 468 5362 2053 5492">
     <span class='ocr_line' id='line_1_111' title="bbox 468 5362 2053 5492; baseline 0.003 -72"><span class='ocrx_word' id='word_1_832' title='bbox 468 5362 583 5492; x_wconf 54' lang='grc' dir='ltr'><strong>ξ39)</strong></span> <span class='ocrx_word' id='word_1_833' title='bbox 605 5366 716 5420; x_wconf 82' lang='lat' dir='ltr'><strong>An.</strong></span> <span class='ocrx_word' id='word_1_834' title='bbox 749 5366 872 5420; x_wconf 87' lang='lat'><strong>860.</strong></span> <span class='ocrx_word' id='word_1_835' title='bbox 905 5365 1283 5438; x_wconf 81' lang='lat' dir='ltr'><strong>Aquisgrani,</strong></span> <span class='ocrx_word' id='word_1_836' title='bbox 1333 5381 1457 5423; x_wconf 90' lang='lat' dir='ltr'><strong>non</strong></span> <span class='ocrx_word' id='word_1_837' title='bbox 1485 5364 1658 5422; x_wconf 89' lang='lat' dir='ltr'><strong>metis</strong></span> <span class='ocrx_word' id='word_1_838' title='bbox 1688 5364 2053 5425; x_wconf 87' lang='lat' dir='ltr'><strong>celebratum</strong></span> 
     </span>
    </p>
   </div>
   <div class='ocr_carea' id='block_1_110' title="bbox 401 5452 510 5504">
    <p class='ocr_par' dir='ltr' id='par_1_110' title="bbox 401 5452 510 5504">
     <span class='ocr_line' id='line_1_112' title="bbox 401 5452 510 5504; baseline -0.018 -11"><span class='ocrx_word' id='word_1_839' title='bbox 401 5452 510 5504; x_wconf 73' lang='grc' dir='ltr'><strong>θεῖ,</strong></span> 
     </span>
    </p>
   </div>
   <div class='ocr_carea' id='block_1_111' title="bbox 472 5503 2048 5591">
    <p class='ocr_par' dir='ltr' id='par_1_111' title="bbox 472 5503 2048 5591">
     <span class='ocr_line' id='line_1_113' title="bbox 472 5503 2048 5591; baseline 0.003 -28"><span class='ocrx_word' id='word_1_840' title='bbox 472 5507 586 5578; x_wconf 75' lang='grc'><strong>(40)</strong></span> <span class='ocrx_word' id='word_1_841' title='bbox 616 5508 729 5565; x_wconf 74' lang='lat' dir='ltr'><strong>An.</strong></span> <span class='ocrx_word' id='word_1_842' title='bbox 772 5506 893 5565; x_wconf 83' lang='lat'><strong>862.</strong></span> <span class='ocrx_word' id='word_1_843' title='bbox 925 5506 1039 5565; x_wconf 89' lang='lat' dir='ltr'><strong>Cfr.</strong></span> <span class='ocrx_word' id='word_1_844' title='bbox 1070 5505 1294 5591; x_wconf 84' lang='lat' dir='ltr'><strong>Concil.</strong></span> <span class='ocrx_word' id='word_1_845' title='bbox 1327 5503 1510 5562; x_wconf 84' lang='lat' dir='ltr'><strong>Labb.</strong></span> <span class='ocrx_word' id='word_1_846' title='bbox 1552 5509 1612 5564; x_wconf 90' lang='grc' dir='ltr'><strong>Τ.</strong></span> <span class='ocrx_word' id='word_1_847' title='bbox 1646 5508 1783 5580; x_wconf 81' lang='lat' dir='ltr'>VIII,</span> <span class='ocrx_word' id='word_1_848' title='bbox 1812 5512 1868 5565; x_wconf 89' lang='lat' dir='ltr'><strong>et</strong></span> <span class='ocrx_word' id='word_1_849' title='bbox 1897 5512 2048 5567; x_wconf 79' lang='lat' dir='ltr'><strong>Ann.</strong></span> 
     </span>
    </p>
   </div>
   <div class='ocr_carea' id='block_1_112' title="bbox 2161 5348 3617 5446">
    <p class='ocr_par' dir='ltr' id='par_1_112' title="bbox 2161 5348 3617 5446">
     <span class='ocr_line' id='line_1_114' title="bbox 2161 5348 3617 5446; baseline 0.001 -20"><span class='ocrx_word' id='word_1_850' title='bbox 2161 5371 2312 5446; x_wconf 85' lang='lat' dir='ltr'><strong>Bert.</strong></span> <span class='ocrx_word' id='word_1_851' title='bbox 2330 5372 2598 5446; x_wconf 60' lang='lat' dir='ltr'><strong>senta.</strong></span> <span class='ocrx_word' id='word_1_852' title='bbox 2688 5444 2700 5446; x_wconf 76' lang='lat'><strong><em>_</em></strong></span> <span class='ocrx_word' id='word_1_853' title='bbox 3606 5348 3617 5377; x_wconf 79' lang='lat'>’</span> 
     </span>
    </p>
   </div>
   <div class='ocr_carea' id='block_1_113' title="bbox 2238 5440 2808 5514">
    <p class='ocr_par' dir='ltr' id='par_1_113' title="bbox 2238 5440 2808 5514">
     <span class='ocr_line' id='line_1_115' title="bbox 2238 5440 2808 5514; baseline 0.002 -16"><span class='ocrx_word' id='word_1_854' title='bbox 2238 5442 2346 5514; x_wconf 72' lang='grc'><strong>(41)</strong></span> <span class='ocrx_word' id='word_1_855' title='bbox 2378 5440 2459 5500; x_wconf 85' lang='lat' dir='ltr'><strong>Cf.</strong></span> <span class='ocrx_word' id='word_1_856' title='bbox 2494 5440 2647 5499; x_wconf 67' lang='lat' dir='ltr'><strong>Knn.</strong></span> <span class='ocrx_word' id='word_1_857' title='bbox 2681 5444 2808 5514; x_wconf 65' lang='lat'><strong>863,</strong></span> 
     </span>
    </p>
   </div>
   <div class='ocr_carea' id='block_1_114' title="bbox 2232 5442 3181 5587">
    <p class='ocr_par' dir='ltr' id='par_1_114' title="bbox 2232 5442 3181 5587">
     <span class='ocr_line' id='line_1_116' title="bbox 2238 5442 2808 5587; baseline -0.002 -89"><span class='ocrx_word' id='word_1_858' title='bbox 2238 5442 2346 5587; x_wconf 60' lang='grc' dir='ltr'><strong>(4ίέ</strong></span> <span class='ocrx_word' id='word_1_859' title='bbox 2378 5442 2459 5500; x_wconf 85' lang='lat' dir='ltr'><strong>Cf.</strong></span> <span class='ocrx_word' id='word_1_860' title='bbox 2494 5442 2647 5499; x_wconf 56' lang='lat' dir='ltr'><strong>Enn.</strong></span> <span class='ocrx_word' id='word_1_861' title='bbox 2681 5444 2808 5499; x_wconf 86' lang='lat'><strong>863.</strong></span> 
     </span>
     <span class='ocr_line' id='line_1_117' title="bbox 2232 5512 3181 5585; baseline 0.005 -17"><span class='ocrx_word' id='word_1_862' title='bbox 2232 5515 2321 5585; x_wconf 69' lang='lat'><strong>(42</strong></span> <span class='ocrx_word' id='word_1_863' title='bbox 2373 5519 2544 5572; x_wconf 78' lang='lat' dir='ltr'><strong>Anno</strong></span> <span class='ocrx_word' id='word_1_864' title='bbox 2574 5515 2698 5572; x_wconf 74' lang='grc'><strong>864.</strong></span> <span class='ocrx_word' id='word_1_865' title='bbox 2729 5512 2819 5573; x_wconf 85' lang='lat' dir='ltr'><strong>Cf.</strong></span> <span class='ocrx_word' id='word_1_866' title='bbox 2852 5517 3008 5573; x_wconf 81' lang='lat' dir='ltr'><strong>Ann.</strong></span> <span class='ocrx_word' id='word_1_867' title='bbox 3030 5515 3181 5573; x_wconf 88' lang='lat' dir='ltr'><strong>Bert.</strong></span> 
     </span>
    </p>
   </div>
  </div>
