4086 6200
217 122 283 175 85
1288 168 1295 173 .
1537 110 1902 171 CHRONIOOI

2014 136 2070 153 --
2107 115 2239 168 ΑΝ..
2263 114 2386 168 866.
3604 120 3672 173 86

222 259 355 311 sua,
383 256 704 313 quousque
734 240 1208 296 revocarentur.
1241 237 1458 297 Paucis
1474 253 1618 309 ergo
1632 236 1900 307 interpo-
1929 231 1978 291 Α
2013 233 2253 304 birgam
2281 236 2551 305 reginam
2582 236 2642 291 in
2674 234 3130 295 matrimonium
3150 236 3389 308 recepit,
3412 238 3674 313 interpo-

224 331 345 387 sitis
374 328 590 384 diebus
623 330 716 398 ιδι,
743 327 824 384 ad
855 325 1185 399 synodum
1220 339 1413 396 quam
1442 342 1604 399 papa
1655 338 1903 393 congre~

217 422 462 488 gaverat
490 406 631 473 sunt
653 416 943 483 accersiti,
974 415 1086 473 ubi
1116 428 1343 470 eorum
1371 416 1662 477 damnata
1681 419 1738 471 et
1757 428 1902 469 ana-

218 506 603 563 thematizata
630 511 769 564 sunt
795 506 1039 579 scripta,
1073 507 1131 561 et
1158 501 1313 575 ipsi,
1348 504 1635 561 omnibus
1672 501 1903 573 adjudi-

218 591 500 651 cantibus
530 593 846 668 episcopis,
873 587 1255 668 presbyteris
1308 608 1383 647 ac
1422 591 1776 647 diaconibus
1808 591 1902 657 κίε,

220 687 361 740 sunt
389 682 649 756 depositi
677 687 736 739 et.
761 684 925 741 omni
951 678 1375 740 ecclesiastica
1402 681 1688 751 dignitate
1713 678 1905 752 priva-

223 774 283 829 ti.
312 772 426 838 Qui
458 777 584 828 tam
614 772 857 844 turpiter
881 767 1290 836 dehonestati,
1321 770 1736 827 Hludowicum
1791 768 1903 825 im-

221 866 594 934 peratorem,
620 860 865 919 fratrem
893 856 1165 918 Hlotharii
1197 858 1403 929 regis,
1428 859 1671 929 adeunt,
1703 857 1807 931 qui
1833 874 1905 915 ea

222 951 584 1023 tempestate
610 949 1037 1006 Beneventanis
1076 946 1448 1020 morabatur
1491 948 1552 1005 in
1610 946 1904 1021 partibus,

224 1039 466 1112 scriptis
490 1054 562 1095 ac
590 1038 767 1094 dictis
799 1038 1204 1099 vociferantes,
1236 1053 1306 1093 se
1334 1037 1551 1109 injuste
1578 1054 1709 1093 esse
1725 1037 1906 1110 depo-

226 1129 394 1194 sitos,
429 1126 544 1200 ipsi
573 1127 928 1199 imperatori
957 1131 1014 1183 et
1036 1124 1193 1184 omni
1229 1131 1460 1182 sancta:
1504 1125 1767 1182 ecclesiae
1819 1124 1905 1182 in-

219 1217 456 1288 juriam
485 1232 618 1273 esse
650 1216 898 1285 factam,
932 1232 1069 1272 cum
1120 1230 1448 1287 nunquam
1500 1215 1776 1271 auditum
1833 1214 1905 1271 sit

224 1306 323 1362 vel
354 1305 605 1379 uspiam
632 1305 876 1372 lectum,
908 1305 1076 1377 quod
1103 1303 1260 1360 ullus
1294 1303 1791 1376 metropolitanus
1836 1304 1905 1359 '53.

224 1395 367 1451 sine
393 1394 762 1451 conscientia
797 1393 1084 1467 principis
1133 1390 1228 1447 vel
1284 1393 1603 1466 prtesentia
1650 1391 1907 1447 aliorum

224 1482 845 1554 metropolitanorum
883 1481 1055 1538 fuerit
1111 1481 1498 1550 degradutus.
1550 1480 1907 1551 Adjecerunt

2016 324 2127 380 sito
2151 324 2547 396 jurisjurandi
2586 329 2981 395 sacramento,
3010 342 3073 380 se
3113 323 3277 381 illam
3305 325 3387 387 ita
3432 326 3492 385 in
3550 327 3676 387 reli-

2015 430 2202 486 quum
2232 414 2473 476 habere,
2507 414 2656 471 sicut
2690 414 2986 486 aequitatis
3025 414 3166 486 jura
3214 413 3443 472 dictant
3496 414 3677 486 legiti-

2014 518 2181 561 mam
2206 519 2452 560 uxorem
2484 520 2619 563 esse
2654 503 2997 573 tenendam,
3029 519 3141 561 nec
3165 519 3302 560 eam
3329 519 3365 561 a
3397 520 3462 561 se
3510 520 3681 578 sepa-

2015 596 2196 661 raret,
2217 608 2326 649 nec
2358 594 2488 666 ipsa
2516 593 2753 650 vivente
2782 591 2966 651 aliam
2987 609 3167 665 super
3188 608 3325 649 eam
3347 592 3674 651 induceret.

2016 680 2284 737 Posthaec
2312 682 2688 741 Waldradam
2714 698 2787 737 ex
2815 682 3166 739 auctoritate
3222 681 3322 737 Dei
3375 687 3433 738 et
3489 683 3682 745 sancti

2014 769 2167 825 Petri
2194 775 2251 825 et
2277 771 2460 827 verbo
2489 771 2699 829 domni
2722 770 3035 843 apostolici
3076 773 3331 827 Romam
3378 771 3461 827 ire
3488 768 3683 844 jubet,

2017 863 2083 915 ut
2110 873 2219 931 pro
2250 875 2310 914 se
2332 859 2625 919 rationem
2651 859 2901 915 reddere
2933 858 3172 921 studeat
3223 859 3314 914 ¹⁶⁰.
3377 859 3684 931 Engildru-

2014 945 2158 1002 dam
2188 964 2429 1021 quoque
2461 950 2551 1019 ιδί,
2583 965 2835 1005 uxorem
2863 942 3181 1021 quondam
3210 940 3461 1005 Bosonis
3492 949 3563 983 ¹θ²
3587 964 3683 1004 co-

2014 1035 2196 1101 mitis,
2239 1037 2439 1094 asede
2500 1038 2833 1111 apostolica
2885 1036 3480 1097 excommunicatam
3528 1054 3685 1107 esse,-

2013 1125 2297 1181 omnibus
2317 1127 2663 1196 declaravit,
2685 1127 2832 1199 quia
2858 1126 3170 1205 proprium
3183 1118 3536 1189 deseruerat
3556 1143 3687 1184 ma-

2014 1213 2214 1281 ritum,
2239 1220 2295 1270 et
2318 1218 2700 1284 Wangerum,
2724 1233 2905 1275 suum
2925 1208 3244 1285 vasallum,
3266 1214 3326 1270 in
3350 1216 3576 1275 Gallias
3600 1232 3687 1275 se-

2017 1309 2152 1358 cuta
2189 1302 2383 1359 fuerat
2430 1304 2529 1372 163;
2571 1320 2761 1376 quam
2806 1302 3500 1365 excommunicationem
3543 1322 3689 1362 cum

2016 1392 2299 1448 omnibus
2321 1393 2428 1464 qui
2455 1393 2706 1451 aderant
2725 1394 3024 1471 episcopis
3048 1393 3377 1453 renovavit.
3634 1450 3639 1455 .

2086 1483 2219 1536 Post
2250 1481 2375 1535 haec
2398 1481 2614 1539 eadem
2636 1481 3017 1552 Engildrudis
3038 1481 3108 1519 1“
3128 1474 3418 1555 praedicto
3438 1484 3688 1543 Arsenio

226 1572 484 1643 insuper
506 1569 701 1626 multa
751 1564 890 1638 alia,
942 1568 1432 1641 blasphemantes
1483 1568 1743 1643 eundem
1796 1583 1904 1641 pa-
1936 1585 1978 1637 Β
2015 1569 2075 1625 in
2107 1568 2445 1627 Wormatia
2469 1571 2700 1629 civitate
2727 1588 2790 1627 se
2820 1567 3286 1644 repraesentavit,
3312 1566 3531 1644 inquo
3555 1571 3690 1629 loco

226 1676 398 1732 pam,
429 1675 572 1731 qua:
604 1658 701 1714 hic
755 1656 1132 1731 superﬂuum
1187 1657 1472 1715 duximus
1526 1672 1902 1723 enumerare,

225 1748 645 1805 existimantes
675 1740 951 1818 ejusdem
993 1763 1054 1801 se
1111 1745 1488 1819 imperatoris
1539 1745 1905 1803 adminiculo

227 1836 419 1892 simul
439 1841 497 1892 et
524 1834 979 1892 intercessionis
1003 1851 1117 1907 ope
1148 1839 1204 1890 et
1233 1834 1498 1890 criminis
1520 1833 1739 1905 objecti
1757 1834 1904 1890 abo-

224 1925 352 1981 lere
390 1926 456 1959 ¹⁵⁴
492 1929 728 1990 notam,
766 1928 823 1979 et
873 1922 1140 1996 pristinae
1185 1918 1492 1991 dignitatis
1550 1937 1905 1993 recuperare

226 2018 477 2072 statum.
512 2013 627 2069 Sed
665 2027 805 2085 spes
861 2027 1076 2067 eorum
1133 2011 1410 2071 frustrata
1462 2016 1569 2077 est,
1627 2011 1905 2083 quamvis

220 2104 560 2177 imperator
589 2098 879 2158 omnibus
899 2100 1050 2156 votis
1096 2099 1209 2156 illis
1264 2100 1547 2175 opitulari
1594 2098 1901 2159 voluisset.

218 2188 640 2260 Thietgaudus
668 2184 1064 2263 depositionis
1120 2204 1242 2244 suae
1295 2205 1330 2245 a
1381 2187 1522 2245 sede
1574 2188 1906 2261 apostolica

218 2281 528 2354 prolatam
558 2278 919 2335 sententiam
950 2277 1241 2351 patienter
1269 2278 1483 2349 ferens,
1521 2279 1693 2348 juxta
1750 2294 1902 2351 prae-

217 2368 543 2428 cedentem
573 2366 1081 2425 consuetudinem
1111 2366 1256 2423 nihil
1296 2366 1555 2423 omnino.
1588 2365 1663 2423 de
1729 2383 1904 2424 sacro

189 2500 205 2511 .
222 2458 560 2516 ministerio
573 2457 921 2528 contingere
939 2456 1324 2529 praesumpsit
1347 2475 1360 2524 ;
1381 2458 1420 2512 (Ξ
1431 2454 1742 2513 untharius
1762 2471 1905 2512 vero

222 2547 532 2621 superbire
576 2542 788 2620 spiritu
836 2538 1104 2612 inﬂatus,
1159 2545 1405 2603 vetitum
1468 2543 1581 2600 sibi
1635 2542 1905 2602 ofﬁcium

220 2654 521 2710 usurpare
550 2652 705 2693 ausu
731 2630 1052 2691 temerario
1081 2649 1202 2690 non
1261 2633 1521 2708 espavit,
1578 2633 1902 2707 parvipen-

218 2724 373 2784 dens
406 2720 810 2801 apostolicam
830 2724 1547 2782 excommunicationem.
1583 2726 1906 2780 Revertun-

220 2812 525 2887 tur-igitur
547 2816 611 2871 in
640 2814 956 2871 Franciam
983 2813 1184 2871 debita
1237 2814 1587 2871 confusione
1638 2815 1903 2885 respersi

222 2902 316 2961 '33.
342 2907 413 2960 Et
442 2902 485 2958 d
512 2921 597 2959 un
628 2904 845 2990 iterum
877 2919 949 2959 ac
976 2895 1146 2990 tertio
1183 2901 1251 2937 ¹⁵⁶
1270 2895 1475 2959 sedem
1502 2901 1900 2976 apostolicam
1935 2938 1973 2990 Ο

216 2992 300 3053 ob
324 2986 734 3066 reparationis
764 2995 823 3049 et
846 2989 1240 3048 restitutionis
1266 2991 1545 3062 gratiam,
1616 2991 1683 3025 “3"
1744 2991 1902 3047 adis-

221 3087 376 3147 sent,
412 3080 749 3138 novissime
772 3079 836 3136 in
867 3077 1033 3136 Italia
1084 3080 1152 3114 ¹⁵³
1205 3078 1548 3137 inﬁrmitate
1587 3078 1899 3152 praeventi,

218 3170 529 3243 peregrini
555 3174 613 3226 et
637 3170 874 3226 exsules
902 3167 1254 3236 moriuntur,
1311 3168 1742 3226 communione
1799 3164 1903 3227 lai-

220 3258 332 3317 eali
363 3254 487 3317 sibi
520 3264 754 3317 tantum
787 3273 1097 3315 concessa.

889 3401 1245 3457 DCCCLXVI.

291 3533 471 3584 Anno
505 3522 834 3583 Dominicaa
863 3523 1292 3582 incarnationis
1326 3527 1429 3580 866
1458 3516 1741 3579 Arsenius
1792 3521 1898 3596 (43)

220 3619 576 3692 episcopus.
614 3608 1042 3690 apocrisiarius
1068 3615 1180 3687 (44)
1206 3620 1260 3672 et
1281 3612 1660 3672 consiliarius
1677 3608 1900 3671 Nicolai

222 3724 425 3782 papae,
448 3707 578 3764 vice
608 3706 797 3781 ipsius
828 3698 1089 3760 directus
1118 3710 1203 3760 est
1240 3704 1300 3759 in
1359 3700 1675 3761 Franciam
1700 3720 1713 3770 ;
1774 3719 1899 3777 quo

223 3796 588 3871 perveniens
607 3799 776 3850 tanta
790 3790 1139 3849 auctoritate
1151 3796 1208 3848 et
1221 3795 1516 3865 potestate
1533 3808 1679 3846 usus
1695 3795 1804 3859 est,
1828 3808 1899 3848 ac

224 3885 274 3940 si
286 3883 452 3941 idem
460 3900 751 3941 summus
763 3879 987 3955 praesul
1001 3872 1355 3938 advenisset.
1377 3882 1713 3938 Convocato
1731 3877 1900 3936 deni-

225 3990 357 4046 que
388 3973 819 4046 episcoporum
846 3966 1166 4042 conventu,
1190 3967 1562 4026 Hlotharium
1579 3981 1784 4038 regem
1820 3967 1900 4025 al-

222 4061 525 4136 loquitur,
548 4066 610 4117 ut
634 4076 828 4116 unum
846 4075 877 4114 e
898 4056 1137 4114 duobus
1153 4058 1350 4128 eligat,
1397 4063 1501 4114 aut
1520 4054 1776 4131 propriae
1806 4075 1898 4114 re-

223 4150 581 4208 concilietur
609 4148 802 4218 uxori,
826 4146 1102 4205 abdicato
1124 4139 1455 4205 Waldradae
1500 4140 1726 4222 pellicis
1762 4164 1900 4204 con-

227 4241 439 4310 sortio,
470 4245 575 4296 aut
622 4240 895 4311 protinus
930 4234 1327 4293 anathematis
1368 4232 1569 4308 gladio
1607 4236 1894 4308 feriretur,

226 4332 356 4404 ipse
372 4344 717 4400 omnesque
739 4327 792 4383 ei
812 4326 869 4382 in
883 4326 998 4382 hoc
1015 4324 1231 4382 scelere
1248 4324 1513 4382 favorem
1522 4328 1888 4401 praestantes.

2016 1656 2297 1730 praefatus
2326 1658 2651 1732 episcopus
2686 1659 3032 1717 Hludowico
3064 1651 3189 1727 regi
3215 1663 3692 1717 occurrerat..lu-

2014 1745 2360 1816 ravitigitur
2380 1747 2443 1803 in
2462 1752 2781 1821 praesentia
2800 1749 2993 1823 ipsius
3016 1742 3187 1805 missi
3210 1754 3690 1822 sacramentum,

2013 1836 2174 1891 hunc
2204 1835 2458 1894 modum
2489 1839 2803 1895 continens
2849 1857 2861 1894 :
2916 1861 2941 1889 ‹‹
2980 1841 3100 1908 Ego
3132 1830 3534 1907 Engildrudis,
3565 1839 3691 1901 ﬁlia

2014 1924 2327 1998 quondam
2360 1928 2656 1985 Mathfridi
2686 1927 2941 1999 comitis,
2973 1943 3109 2000 qum
3142 1925 3227 1982 fui
3256 1942 3410 1983 uxor
3440 1927 3689 1989 Bosonis

2016 2013 2269 2078 comitis,
2291 2014 2466 2073 vobis
2502 2017 2572 2050 “‘5
2602 2017 2835 2075 domno
2861 2010 3107 2073 Arsenio
3137 2007 3446 2090 episcopo,
3496 2016 3686 2075 misso

2015 2106 2072 2159 et
2113 2103 2502 2175 apocrisiario
2530 2123 2787 2161 summa
2811 2110 3031 2163 sanctae
3054 2102 3362 2161 catholicae
3396 2107 3469 2141 ¹⁶⁶
3499 2110 3683 2181 atque

2015 2192 2358 2265 apostolica:
2392 2195 2578 2263 sedis,
2613 2199 2671 2250 et
2694 2212 2802 2271 per
2830 2211 2939 2251 vos
2963 2194 3191 2252 domno
3227 2195 3294 2229 ⁸⁸⁷
3332 2210 3470 2253 meo
3509 2192 3683 2253 Nico-

2015 2282 2133 2349 lao,
2164 2299 2405 2339 summo
2436 2283 2705 2356 pontiﬁci
2741 2289 2798 2340 et
2826 2276 3150 2341 universali
3179 2298 3376 2356 papae,
3404 2280 3543 2354 juro
3575 2292 3684 2357 per

2018 2372 2331 2428 Petremet
2360 2372 2571 2428 Filium
2601 2378 2659 2429 et
2691 2368 2976 2445 Spiritum
2998 2375 3296 2440 sanctum,
3328 2375 3385 2427 et
3413 2388 3522 2445 per
3551 2372 3680 2428 haec

2014 2464 2295 2533 quattuor
2318 2460 2532 2517 Christi
2556 2460 2656 2516 dei
2691 2463 2759 2495 “‘3
2794 2454 3115 2530 Evangelia
3148 2456 3236 2527 "9,
3269 2475 3407 2535 quae
3450 2477 3553 2518 ore
3583 2478 3679 2518 os-

2014 2549 2180 2607 culor
2212 2546 2281 2584 ¹⁷⁰
2311 2554 2369 2605 et
2393 2549 2681 2609 manibus
2711 2547 2968 2624 propriis
2996 2555 3179 2620 tango
3209 2551 3300 2618 ¹⁷¹,
3331 2549 3476 2623 quia
3505 2567 3677 2607 amo-

2012 2638 2093 2695 do
2125 2636 2394 2694 relictam
2422 2638 2590 2694 illam
2617 2638 2921 2696 maliciam
2956 2638 3023 2674 ²⁷²
3049 2654 3239 2711 quam
3266 2634 3328 2695 in
3358 2638 3679 2714 praenomi-

2013 2731 2155 2784 nato
2183 2728 2418 2784 Bosone
2448 2727 2578 2784 viro
2606 2743 2742 2784 meo
2766 2727 3026 2799 exercui,
3045 2732 3110 2783 ut
3128 2727 3255 2784 ovis
3284 2743 3421 2802 qua:
3444 2720 3679 2801 perdita

2013 2816 2139 2882 fuit,
2181 2816 2256 2872 ad
2295 2817 2364 2850 ¹⁷³
2397 2822 2673 2874 sanctam
2697 2815 3057 2873 catholicam
3075 2819 3256 2890 atque
3277 2810 3675 2888 apostolicam

2016 2905 2110 2975 1'“,
2152 2903 2265 2960 sub
2295 2903 2511 2961 eadem
2531 2903 2907 2975 obligatione
2932 2920 3056 2977 qua
3076 2898 3342 2960 domnus
3375 2898 3671 2973 Nicolaus,

2013 3009 2287 3049 summus
2318 2992 2587 3065 pontifex
2616 2997 2673 3049 et
2698 2989 3050 3050 universalis
3076 3007 3260 3065 papa,
3303 3007 3399 3047 me
3448 2991 3677 3063 obliga-

2011 3080 2113 3147 vit,
2142 3083 2403 3138 revertar
2430 3076 2774 3152 Ecclesiam,
2802 3086 2859 3137 et
2885 3080 2944 3138 ir.
2979 3076 3179 3139 Italico
3222 3096 3411 3151 regno
3443 3082 3538 3150 ινδ,
3572 3087 3677 3139 aut

2011 3167 2325 3225 vobiscum
2351 3175 2455 3227 aut
2481 3175 2617 3226 ante
2650 3184 2779 3241 vos,
2806 3164 3243 3244 quoquomodo
3267 3162 3669 3243 provideritis,

2012 3258 2132 3327 ibo,
2160 3262 2217 3313 et
2240 3252 2531 3331 quicquid
2547 3252 2812 3313 domnus
2828 3254 3196 3330 apostolicus
3225 3254 3295 3292 1⁷⁸
3319 3250 3673 3329 jusseritvel

2012 3344 2417 3404 terminaverit
2455 3342 2824 3420 adimplebo,
2888 3344 2977 3402 vel
3000 3345 3286 3420 perﬁcere
3325 3348 3396 3382 ¹⁷⁷
3428 3364 3551 3404 non
3580 3364 3672 3406 re-

2012 3430 2259 3494 cusabo.
2296 3460 2325 3487 »
2392 3432 2504 3493 Sed
2560 3441 2684 3493 tam
2732 3433 3013 3495 horribile
3065 3434 3495 3509 jusjurandum
3551 3453 3673 3493 non

2011 3524 2378 3599 adimplevit.
2415 3518 2723 3599 Siquidem
2754 3542 2947 3600 usque
2976 3523 3229 3582 Danubii
3260 3524 3484 3583 ﬂuenta
3534 3543 3672 3583 cum

2010 3609 2225 3672 eodem
2255 3617 2502 3672 Arsenio
2528 3614 2806 3688 perrexit,
2834 3612 3039 3687 ibique
3057 3613 3133 3671 ad
3159 3610 3511 3689 quempiam
3536 3631 3675 3671 con-

2011 3700 2411 3775 sanguineum
2454 3719 2564 3775 pro
2614 3702 2988 3760 caballorum
3045 3697 3412 3759 adminiculo
3463 3698 3532 3737 ¹⁶²⁸
3587 3702 3671 3758 ire

2010 3791 2290 3859 condixit,
2347 3796 2405 3847 et
2433 3786 2511 3846 ad
2566 3789 2902 3862 Augustam
2939 3786 3234 3847 civitatem
3282 3784 3361 3847 ad
3407 3790 3669 3848 eundem

2008 3880 2264 3937 missum
2291 3895 2353 3935 se
2381 3894 2758 3935 reversuram
2796 3878 2866 3915 “9
2898 3872 3159 3953 pollicita
3189 3878 3294 3936 est.
3329 3873 3451 3936 'l‘ali
3500 3895 3672 3936 occa-

2011 3965 2177 4023 sione
2208 3982 2481 4038 gressum
2532 3964 2884 4040 retorquens
2935 3965 3029 4038 ‘3",
3083 3982 3154 4021 ex
3208 3965 3563 4023 Alamannis
3607 3966 3669 4021 in

2010 4056 2319 4114 Franciam
2344 4052 2684 4129 repedavit:
2713 4052 3036 4129 quodcum
3054 4055 3438 4130 supradictus
3466 4054 3533 4091 ’⁸1
3559 4058 3668 4113 Ar-

2009 4147 2208 4203 senius
2230 4140 2624 4216 cognovisset,
2651 4142 2967 4220 epistolam
2991 4144 3149 4202 misit
3170 4143 3455 4202 omnibus
3478 4144 3668 4202 archi‘

2007 4234 2303 4311 episcopis
2317 4239 2374 4292 et
2384 4232 2681 4308 episcopis
2694 4228 3081 4309 [presbyteris
3097 4236 3174 4308 7],
3188 4234 3367 4310 atque
3383 4235 3666 4297 omnibus

2008 4330 2227 4382 sanctis
2249 4320 2347 4380 Dei
2368 4320 2637 4380 Ecclesiae
2658 4318 2938 4381 ﬁdelibus
2960 4320 3181 4392 Galliae,
3233 4324 3564 4382 Germaniae
3594 4341 3663 4381 ac

227 4393 349 4478 [iac
373 4393 732 4476 necessitate
754 4414 1106 4473 constrictus
1142 4416 1232 4484 “59,
1266 4412 1441 4471 vellet
1468 4393 1667 4482 nollet,
1710 4417 1895 4472 Thiet-
1933 4393 1976 4446 Β
2009 4412 2287 4471 Νθιιεὶτίω
2321 4412 2393 4447 ¹⁸²
2423 4406 2961 4484 commorantibus,
2985 4408 3292 4471 obtestans
3322 4428 3534 4471 omnes
3559 4429 3666 4487 per

1614 4523 1851 4578 VARIIE
1890 4523 2181 4579 LECTION
2190 4523 2291 4577 ES.

298 4636 373 4669 ¹⁵¹
410 4647 562 4701 ergo
594 4632 784 4703 (vero)
804 4629 1013 4703 paucis
1039 4629 1358 4703 interjectis
1389 4628 1603 4685 diebus
1632 4628 1833 4684 7—12.

222 4705 331 4761 leri
362 4710 417 4771 5.
494 4700 503 4701 7
533 4704 604 4738 ⁸⁵⁵
634 4700 1007 4771 confessione
1034 4700 1258 4771 repulsi
1285 4705 1336 4755 ὅ.
1443 4702 1577 4771 15673

233 4852 397 4911 1—3,
432 4851 489 4901 ὅ.
520 4849 571 4900 6.
678 4846 747 4878 ³⁸³
776 4842 1047 4905 busonis,
1072 4846 1180 4898 etc.
1214 4844 1265 4897 ὅ.

229 4925 280 4973 7.
316 4908 732 4988 Engildr‘udjs
752 4914 1089 4985 juramenti
1100 4912 1278 4988 verba
1291 4930 1411 4969 non
1427 4915 1516 4987 leg
1524 4912 1712 4988 untur
1728 4915 1790 4969 in
1805 4908 2329 4988 _4.hengiltrudis_7.

1277 5000 1341 5039 er
1370 4985 1665 5041 vos’deest
1696 4990 1748 5039 7.
1802 4986 1997 5041 9—12.
2041 5000 2147 5056 per
2178 4989 2231 5040 te
2260 4986 2314 5039 8.
2418 4985 2487 5017 ’⁸³
2517 4985 2719 5037 christi
2744 4985 2842 5035 dei
2869 4985 3027 5035 deest
3056 4985 3087 5034 9
3112 4985 3250 5037 ~12.
3361 4985 3429 5017 ¹ί⁵⁹
3461 4985 3662 5038 christi

1357 5052 1423 5096 ¹⁷¹
1447 5048 1730 5112 manibus
1753 5060 1936 5126 tango
1956 5058 2151 5113 7—12.
2236 5056 2306 5088 ¹ῖ²
2330 5052 2533 5110 relicta
2548 5052 2651 5126 illa
2670 5046 3120 5126 malitia7—12z
3163 5050 3259 5126 f7"
3282 5044 3411 5109 ovis
3430 5048 3663 5126 perdita

231 4980 463 5046 sancti:
491 4980 800 5042 catholicis
830 4989 1024 5040 7—12.
1133 4984 1199 5018 “‘7

228 5057 558 5129 evangelia
577 5065 632 5114 7.
661 5059 713 5112 8.
795 5058 864 5129 "fl
883 5054 1204 5113 oboseulor
1223 5054 1274 5129 ᾗ.

1887 4699 1897 4711 .
1927 4624 2270 4711 ηἶάίέοὲοηί
2286 4632 2352 4711 ,ἶξ
2385 4629 2579 4711 9—42:

229 4705 331 4761 teri
362 4710 417 4771 5.
533 4704 604 4738 ⁸⁵⁵
634 4703 1007 4757 confessione
1034 4703 1258 4771 repulsi
1285 4705 1336 4755 ὅ.
1443 4703 1512 4735 1⁵⁸
1540 4704 1720 4773 atque
1771 4703 1941 4757 tertio
1985 4703 2179 4757 7—12.
2286 4703 2351 4733 ‘57
2387 4703 2779 4770 apostolicam
2807 4703 3200 4822 reparationis
3222 4703 3282 4752 et

229 4778 301 4812 ¹⁸⁸
330 4777 395 4831 in
426 4773 665 4831 italiam
686 4780 739 4829 7.
820 4770 889 4807 ³⁵⁵
919 4764 1267 4828 necessitate
1297 4770 1645 4844 compulsus
1660 4764 1750 4825 vel
1773 4771 2128 4828 constrictus
2154 4771 2204 4826 5.
2288 4768 2358 4803 ιεο
2378 4768 2626 4824 reddere
2640 4761 2861 4848 debeat
2908 4771 3067 4823 —12.
3150 4768 3215 4801 ¹⁶¹
3237 4784 3299 4839 qi

233 4852 397 4900 1—3.
432 4851 489 4900 ὅ.
520 4849 571 4900 6.
678 4846 747 4878 ³⁸³
776 4842 1047 4900 busonis.
1072 4846 1180 4898 etc.
1214 4844 1265 4897 ὅ.
1366 4844 1436 4878 ¹⁶³
1460 4847 1662 4897 secuta
1693 4842 1867 4899 fuerit
1890 4844 1944 4898 2.
1979 4842 2028 4900 3.
2064 4847 2114 4897 5.
2147 4842 2198 4897 6.
2228 4839 2316 4895 est
2344 4842 2538 4897 7—12.
2622 4842 2691 4875 “5‘
2728 4834 3086 4900 engildruda
3118 4840 3169 4894 ὅ.
3224 4854 3299 4894 en

1460 4859 1662 4897 secura
1693 4859 1867 4898 Illel‘ll
1891 4859 1944 4898 2.
1979 4859 2028 4898 ὅ.
2064 4859 2114 4897 ἶ).
2147 4859 2198 4897 ῧ.
2228 4859 2316 4895 BSt
2353 4859 2538 4897 l—IZ.
2622 4859 2691 4875 ""
2728 4859 3086 4898 6112110111αᾶ
3118 4859 3169 4894 0.

2679 4627 2751 4661 ³⁵³
2783 4625 3163 4698 metropolita
3196 4631 3242 4680 1.
3278 4629 3330 4681 3.
3431 4628 3497 4659 ’⁵⁵
3521 4625 3663 4698 abo-

2286 4699 2352 4770 137
2387 4696 2779 4770 apostolicam
2807 4696 3282 4770 reparationiset
3308 4712 3354 4751 r.
3388 4696 3581 4770 gratia
3604 4703 3658 4750 7.

2411 4910 2481 4946 ‘55
2499 4910 2733 4967 comitis
2748 4902 2853 4965 tibi
2864 4906 3092 4967 domno
3112 4902 3335 4966 7—12.“
3368 4911 3437 4948 ¹⁶⁶
3452 4926 3657 4967 uocor.

2041 5000 2147 5056 per
2178 4989 2231 5040 te
2260 4986 2314 5039 8.
2396 4979 2487 5056 fe"
2517 4976 2719 5056 Christi
2744 4980 3087 5056 deideesto
3112 4985 3254 5056 ~121
3361 4976 3429 5056 ξεῖν
3461 4976 3662 5056 christi

232 5130 317 5187 ad
344 5116 547 5199 7—12.
582 5192 590 5199 ,
632 5126 887 5193 “tcath.
921 5132 978 5182 et
1007 5144 1043 5182 a
1091 5124 1401 5183 ostolicam
1432 5129 1626 5183 7—12.
1708 5127 1778 5163 “5
1814 5116 2079 5184 italicum
2109 5141 2364 5196 regnum
2384 5129 2436 5180 2.
2460 5124 2655 5179 7—12.
2737 5120 2806 5157 ίτθ
2835 5116 2939 5194 qui
3023 5118 3408 5183 uiddomnus
3428 5116 3664 5198 aposto-

233 5192 391 5250 licus
418 5201 457 5250 ἰ-
484 5218 540 5250 v-
577 5204 616 5250 t.
651 5186 994 5250 adimolebo
1015 5142 1176 5250 egerit
1205 5196 1399 5250 7—12.
1499 5198 1563 5232 ³⁷⁷
1601 5198 1976 5250 proﬁciscere
2026 5203 2078 5250 9.
2109 5188 2496 5250 nroviciscere
2525 5196 2609 5250 12.
2644 5138 3053 5250 proficisci“.
3074 5188 3364 5250 proﬁcere
3399 5200 3484 5250 10.
3593 5196 3662 5231 ίπ

233 5186 391 5257 licus
418 5194 457 5257 i.
484 5218 540 5255 v.
577 5192 616 5254 t.
651 5186 994 5272 adimplebo
1015 5186 1176 5272 deest
1197 5196 1399 5272 7—12.

236 5340 317 5380 ῖε²
350 5343 599 5399 nustriaa
630 5347 683 5397 2.
713 5340 944 5397 nostrisa
969 5345 1001 5396 9
1048 5340 1164 5394 -12.

1499 5198 1563 5232 "7
1601 5198 1976 5271 proﬁciscere
2026 5203 2078 5263 9,
2108 5186 2609 5271 proviciscere‘12.
2644 5186 2937 5271 proficisci

231 5272 561 5351 perrexiti.
598 5285 653 5351 ἃ.
697 5287 755 5343 q.
789 5264 840 5351 ei.
877 5285 934 5351 p.
962 5286 1015 5351 (ε.
1046 5264 1412 5351 adminiculo
1443 5264 1676 5325 deest'7.
1758 5270 1829 5305 ¹⁷⁹
1852 5285 1991 5326 eum
2012 5264 2324 5325 reversura
2348 5272 2400 5322 7.
2482 5264 2553 5300 ¹⁸⁰
2574 5264 2861 5337 torquens
2882 5266 2934 5321 5.
3016 5266 3058 5301 ιε

3038 5188 3364 5302 .proﬁcere
3399 5188 3489 5255 10:
3593 5196 3662 5231 ‘7‘

3039 5266 3058 5301 ε
3109 5260 3442 5302 αοηολςηθιια
3464 5271 3637 5302 om“)

3109 5260 3445 5341 sepedictus
3464 5271 3659 5324 7—12.

1842 5408 2065 5467 ΝΟΤᾸΞ.

312 5507 433 5572 (43)
461 5500 548 5558 Cf.
583 5505 735 5557 Ann.
769 5499 932 5558 Fuld.
965 5503 1022 5556 et
1050 5502 1198 5556 Bert.
1233 5514 1330 5557 an.
1365 5500 1486 5557 865.

2010 5570 2031 5627 1
2069 5498 2190 5639 ἕξ)
2248 5497 2312 5553 Id
2378 5503 2467 5554 est
2535 5497 3000 5568 referendarius,
3077 5498 3487 5565 cancellarius,
3565 5500 3667 5550 aut

2033 5585 2065 5625 e
2112 5585 2148 5625 a
2175 5585 2265 5626 us.

2033 5585 2265 5626 628.1113.
