4086 6200
404 150 469 202 s7
1536 130 1867 192 REGIONIS
1905 125 2329 185 PRUMIENSIS
2367 127 2687 186 ABBATIS.
2972 132 2983 137 '
3759 132 3830 187 se

402 268 814 326 auctoritatem
862 265 963 322 Dei
1013 261 1438 335 omnipotentis
1512 265 1569 316 et
1615 259 1931 315 beatorum
1988 252 2061 288 ¹⁸³
2090 248 2139 307 Α
2178 252 2621 321 argumentosis
2652 251 3015 322 ambagibus
3046 252 3304 325 potuerit
3323 250 3625 318 exhibere,
3657 254 3831 325 quasi

400 358 741 432 principum
774 354 928 411 Petri
975 357 1030 409 et
1072 350 1257 417 Pauli,
1296 355 1351 405 et
1403 348 1612 404 domni
1670 342 1968 418 pontificis
2007 344 2065 396 et

399 447 754 505 universalis
781 460 957 518 papae
989 439 1233 513 [Nicolai
1262 443 1408 507 8-10,
1446 439 1551 510 t2],
1577 441 1642 493 ut
1669 434 1868 492 nullus
1926 448 2063 488 eam

400 538 462 593 in
488 553 663 593 suam
688 531 1070 607 parrochiam
1090 528 1397 601 reciperet,
1423 527 1529 584 sed
1550 542 1685 583 eam
1712 523 1980 581 funditus
1999 521 2061 575 in

403 626 687 685 omnibus
709 619 973 679 ecclesiis
1001 619 1126 674 suis
1152 618 1550 691 praedicarent
1573 612 2061 671 excommunica-

401 722 549 785 tam,
583 720 638 770 et
664 713 741 768 ab
772 710 937 767 omni
970 708 1430 765 christianorum
1482 705 1907 763 communione
1967 717 2059 756 se-

400 808 793 879 questratam,
828 801 1077 873 insuper
1102 805 1159 856 et
1188 798 1586 855 anathematis
1618 795 1858 853 vinculo
1890 794 2061 849 inno-

400 895 608 950 datam
637 894 727 964 ‘8‘,
756 896 812 947 et
840 890 992 946 inter
1013 889 1231 962 impias
1256 893 1311 944 et
1338 887 1663 943 scelerosas
1684 886 2058 952 damnatam,

401 985 593 1040 donec
626 982 700 1037 de
727 978 1023 1054 pestiferis
1057 977 1416 1034 factionibus
1448 976 1570 1031 suis
1619 981 1798 1048 atque
1848 989 2061 1046 perpe-

400 1073 553 1125 trato
572 1069 834 1141 perjurio
851 1071 987 1124 ante
1013 1066 1220 1123 domui
1235 1064 1543 1138 apostolici
1566 1061 1950 1137 praesentiam
1969 1060 2060 1115 di-

407 1174 592 1228 gnam
630 1158 924 1231 acciperet
948 1156 1382 1230 paenitentiam.

476 1247 577 1301 His
624 1246 971 1302 summatim
1016 1241 1524 1308 commemoratis,
1568 1242 1939 1295 revertamur
1983 1236 2063 1291 ad

404 1335 689 1391 Hlotharii
719 1335 876 1404 regis
922 1332 1439 1404 ingemiscendam
1489 1344 1757 1386 causam.
1811 1330 2061 1398 Legatus

401 1425 603 1498 itaque
634 1424 977 1497 apostolicae
1024 1423 1205 1487 sedis,
1265 1420 1611 1494 compositis
1666 1419 1736 1453 ¹⁸⁵
1784 1417 1845 1473 in
1877 1416 2063 1473 Gallia

403 1514 604 1582 rebus,
638 1519 893 1570 Romam
923 1512 1085 1569 unde
1110 1515 1354 1568 venerat
1376 1526 1648 1567 reversus
1674 1512 1783 1563 est.
1813 1511 2062 1563 Rursus-

2174 355 2297 395 non
2330 340 2504 396 fuerit
2526 341 2791 412 legitima
2813 357 2922 396 sua
2949 358 3119 409 uxor,
3148 340 3273 396 vult
3294 357 3427 395 eam
3448 340 3685 413 penitus
3708 358 3742 398 a
3766 358 3829 397 se

2175 436 2564 503 sequestrare.
2592 433 2688 487 Sin
2703 437 2904 488 autem
2924 432 3051 487 vult
3064 447 3200 486 eam
3213 437 3503 503 tanquam
3525 433 3830 504 propriam

2173 518 2418 591 quidem
2450 537 2697 577 uxorem
2743 522 3054 577 admittere
3085 521 3176 587 19°,
3228 519 3333 575 sed
3385 519 3604 576 deinde
3658 521 3832 593 quasi

2174 611 2472 666 mcechata
2502 610 2693 680 fuerit,
2722 610 3092 680 insimulare,
3131 614 3309 683 atque
3338 614 3584 683 propter
3609 610 3723 666 hoc
3757 613 3831 646 ²⁰⁰

2172 699 2479 756 hominem
2510 718 2687 757 suum
2718 707 2775 758 et
2803 701 3109 758 hominem
3141 700 3490 770 Thietbirgze
3519 700 3599 756 ad
3625 717 3830 757 mono-

2171 790 2473 846 machiam
2495 793 2562 826 ²⁰¹
2597 791 2921 864 impellere,
2944 797 3001 847 et
3027 791 3073 846 si
3138 791 3319 845 homo
3366 790 3557 863 ipsius
3611 791 3828 860 reginae

2172 878 2464 948 ceciderit,
2496 881 2762 954 disponit
2788 883 2944 938 hanc
3005 882 3132 938 sine
3188 880 3469 936 dilatione
3518 881 3825 952 perimere.

2173 970 2315 1034 Quae
2354 976 2647 1042 quantum
2703 972 2819 1027 sint
2856 971 3020 1027 omni
3070 969 3286 1026 divinae
3345 968 3463 1038 legi
3511 970 3826 1036 contraria,

2173 1059 2525 1125 magnitudo
2560 1060 2889 1131 prudentiae
2920 1064 3154 1127 vestrae,
3207 1057 3534 1125 credimus,
3562 1060 3690 1128 jam
3730 1059 3831 1115 ad-

2171 1146 2363 1201 vertit.
2400 1149 2514 1204 Sed
2534 1154 2590 1204 et
2615 1165 2726 1206 nos
2749 1151 2887 1206 hinc
2909 1149 3136 1223 aliquid
3153 1149 3400 1205 strictim
3423 1148 3704 1204 volumus
3726 1150 3829 1204 de-

2172 1240 2526 1306 monstrare,
2576 1237 2741 1310 prius
2797 1243 3205 1294 asseverantes
3240 1237 3407 1310 quod
3437 1238 3511 1293 de
3541 1243 3830 1294 retroacta

2172 1326 2579 1383 controversia
2594 1326 2931 1397 Thietbirga
2960 1343 3083 1383 non
3114 1328 3289 1383 debet
3320 1326 3566 1382 ulterius
3597 1326 3671 1382 ad
3704 1327 3830 1382 itte-

2169 1416 2364 1470 ratam
2421 1416 2880 1487 responsionem
2942 1416 3276 1490 provocari,
3333 1416 3621 1489 quoniam
3672 1416 3827 1489 quod

2170 1503 2324 1559 bene
2355 1505 2536 1560 semel
2555 1506 2868 1562 definitum
2897 1512 2985 1562 est
3015 1511 3071 1562 et
3097 1506 3460 1579 interpositis
3496 1522 3830 1562 sacramen-

401 1618 518 1673 que
547 1602 862 1657 Waldrada
892 1602 1144 1673 ejusque
1176 1598 1572 1671 complicibus
1595 1595 2058 1667 decertantibus,
2094 1611 2132 1664 Β
2172 1592 2243 1648 tis
2274 1593 2687 1661 deliberatum,
2724 1595 2887 1651 nulla
2916 1595 3095 1651 debet
3125 1595 3456 1662 iteratione,
3489 1594 3599 1650 nisi
3627 1594 3834 1651 fortas-

401 1692 556 1762 regis
581 1691 821 1747 animus
850 1690 1177 1747 adversum
1198 1688 1603 1757 Thietbirgam
1626 1689 2059 1753 commovetur,

401 1780 733 1837 excitantur
761 1780 885 1850 ine,
917 1784 973 1835 et
1000 1779 1063 1834 in
1094 1778 1301 1851 sopitis
1333 1775 1772 1833 discordiarum
1794 1780 1851 1830 et
1898 1773 2064 1830 odio-

398 1886 534 1927 rum
556 1870 857 1926 cineribus
902 1868 1103 1925 denuo
1162 1867 1442 1941 copiosus
1488 1865 1642 1935 ignis
1695 1863 2058 1921 accenditur.

402 1961 752 2034 Despicitur,
813 1960 1244 2017 abhominatur
1316 1956 1555 2013 reicitur
1628 1957 1721 2024 ηδ,
1789 1952 2064 2011 adulterii

399 2050 628 2106 crimen
676 2049 1048 2121 impingitur,
1100 2047 1385 2119 omnique
1415 2045 1637 2117 ingenii
1692 2048 1816 2102 arte
1858 2043 2063 2116 exqui-

396 2140 563 2207 ritur,
646 2139 900 2211 qualiter
979 2138 1179 2210 puniri
1249 2136 1427 2209 quasi
1511 2151 1613 2191 rea
1683 2133 1889 2207 possit.
1960 2131 2064 2189 Illa

396 2229 735 2303 praevidens
778 2228 1093 2284 imminere
1145 2227 1256 2282 sibi
1303 2225 1513 2282 mortis
1568 2223 1924 2298 periculum,
1973 2221 2062 2277 la-

396 2324 587 2375 tenter
644 2317 897 2388 aufugit,
954 2322 1011 2373 et
1066 2316 1142 2372 ad
1198 2315 1478 2373 Carolum
1516 2313 1894 2387 perveniens,
1932 2312 2063 2382 ejus

397 2424 459 2463 se
516 2406 749 2462 tuitioni
809 2405 1152 2470 commisit;
1214 2404 1382 2477 quod
1430 2420 1591 2473 cum,
1672 2402 1835 2458 fama
1871 2400 2061 2457 divul-

400 2499 600 2567 gante,
634 2493 909 2551 Nicolaus
971 2496 1036 2528 "‘7
1093 2508 1255 2566 papa
1312 2491 1707 2562 cognovisset,
1768 2490 1929 2547 misit
1959 2490 2062 2546 Ca-

397 2584 527 2640 rolo
582 2583 710 2653 regi
750 2582 1067 2656 epistolam
1114 2580 1611 2638 collaudatoriam
1662 2580 1893 2650 188(4.5),
1932 2579 2061 2633 haec

402 2672 809 2728 continentem
839 2689 852 2727 :

472 2780 502 2814 ‹
529 2763 683 2817 Inter
713 2760 861 2817 alios
889 2764 1111 2815 sanctae
1160 2756 1434 2813 Ecclesiae
1482 2756 1791 2826 religiosos
1839 2772 2062 2829 propu-

402 2855 700 2919 gnatores,
726 2853 784 2905 et
812 2848 1071 2904 veritatis
1102 2849 1171 2882 ¹⁸⁹
1200 2851 1472 2901 strenuos
1496 2845 1845 2901 defensores
1876 2845 2062 2901 nemi-

400 2953 541 2993 nem
598 2936 794 3006 magis
848 2952 1032 3007 super
1088 2934 1462 3004 Thietbirgae,
1505 2933 1776 3024 gloriosae
1816 2934 2059 3024 reginae,
2095 2968 2135 3024 ο

396 3024 747 3081 contritione
770 3024 1110 3092 sollicitum,
1142 3024 1447 3080 neminem
1477 3023 1672 3094 magis
1727 3023 1918 3096 ipsius
1974 3023 2062 3079 in-

398 3110 928 3171 commoditatibus
950 3113 1329 3170 condoluisse
1359 3130 1545 3187 quam
1568 3118 1775 3169 vestrae
1825 3113 2061 3188 pietatis

402 3204 683 3260 affectum
713 3202 1051 3259 recolimus.
1088 3225 1116 3253 »
1150 3205 1216 3258 Et
1238 3206 1378 3276 post
1401 3205 1832 3272 congruentem
1854 3202 2064 3258 exhor-

378 3293 687 3349 .tationem
719 3292 949 3349 addidit
980 3310 992 3347 :
1019 3315 1045 3341 ‹‹
1102 3291 1521 3348 Excellentiam
1566 3297 1830 3348 vestram
1875 3291 2066 3347 nollu-

396 3399 534 3438 mus
559 3383 858 3453 ignorare,
873 3382 1025 3439 adeo
1048 3382 1418 3438 Hlotharium
1433 3397 1638 3451 regem
1658 3382 2059 3453 Thiebirgam.

398 3473 722 3543 conjugem
749 3488 945 3542 suam,
976 3472 1229 3528 diversis
1248 3470 1671 3527 afﬂictionibus
1688 3472 2061 3528 subdidisse.

397 3566 454 3617 et
481 3560 812 3617 innumeris
842 3561 1139 3633 pressuris
1173 3566 1382 3617 contra
1405 3561 1671 3633 prmstita
1722 3562 2067 3633 juramenta

402 3652 471 3685 '9“
504 3650 837 3720 subegiss‘,
869 3655 936 3706 ut
962 3650 1138 3707 nobis
1168 3655 1377 3707 coacta
1417 3666 1579 3707 nunc
1632 3651 1932 3719 scriberet,
1980 3668 2067 3709 re-

398 3740 496 3809 gia
524 3756 586 3796 se
612 3740 759 3796 velle
785 3738 924 3795 exui
954 3739 1240 3811 dignitate
1271 3757 1377 3796 seu
1410 3740 1628 3815 copula
1688 3743 1780 3812 '9',
1831 3746 1887 3799 et
1938 3742 2067 3799 sola

402 3830 471 3864 ¹⁹²
502 3829 736 3901 privata
764 3830 887 3885 vita
916 3830 1041 3886 fore
1067 3834 1432 3886 contentam.
1470 3833 1541 3867 ¹⁹³
1569 3830 1674 3889 Cui
1694 3846 1803 3887 nos
1833 3832 2068 3905 scripsi-

397 3934 535 3972 mus
564 3920 657 3987 ηδ,
690 3934 816 3973 non
835 3920 950 3974 hoc
977 3919 1146 3975 aliter
1168 3919 1295 3974 fieri
1319 3935 1522 3991 posse,
1548 3920 1664 3975 nisi
1690 3921 1947 3977 eandem
1977 3922 2065 3977 vi-

400 4010 523 4061 tam
569 4007 791 4076 conjux
844 4006 974 4077 ejus
1028 4006 1368 4063 Hlotharius
1420 4009 1490 4043 "5
1537 4008 1876 4077 didicimus,
1937 4010 2066 4082 ipse

405 4092 744 4148 Hlotharius
773 4093 1069 4163 elegisset.
1105 4096 1344 4166 Verum,
1374 4094 1525 4152 sicut
1556 4096 1885 4153 multorum
1911 4098 2064 4155 rela-

400 4184 463 4236 tu
496 4182 565 4215 ¹⁰⁶
627 4180 969 4248 didicimus,
1025 4182 1152 4255 ipse
1209 4182 1549 4239 Hlotharius
1580 4190 1941 4241 conventum
1971 4204 2065 4244 ce-

399 4266 631 4323 lebrare
705 4269 1002 4342 disposuit
1055 4272 1147 4339 ‘97,
1200 4275 1257 4327 et
1329 4271 1586 4327 eandem
1666 4272 2066 4344 Thietbirgam

402 4357 668 4413 examini
710 4358 956 4432 proprio
1009 4364 1066 4416 et
1116 4360 1344 4432 judicio
1396 4362 1465 4395 ί⁰⁸
1529 4362 1799 4419 subicere
1880 4364 2066 4421 medi-

402 4450 579 4502 tatur.
614 4450 680 4503 Et
701 4448 999 4520 siquidem
1026 4464 1163 4509 eam
1191 4449 1506 4523 praestigiis
1532 4450 1806 4509 falsitatis
1829 4468 1951 4509 suae
1969 4455 2067 4513 vel

2173 1682 2252 1737 sis
2277 1682 2382 1737 ubi
2405 1686 2475 1717 ²⁰²
2494 1683 2668 1739 fuerit
2690 1686 2886 1755 major
2901 1685 3243 1753 auctoritas,
3265 1684 3590 1740 retractari.
3615 1684 3831 1740 Deinde

2173 1771 2341 1844 quod
2368 1771 2628 1828 ecclesiae
2654 1773 2954 1843 refugium
3003 1790 3300 1846 quaerens,
3363 1772 3831 1829 ecclesiasticum

2166 1860 2463 1931 judicium
2495 1878 2733 1936 semper
2762 1867 3070 1935 expetens,
3101 1862 3370 1919 submitti
3393 1878 3517 1918 non
3545 1862 3721 1918 debet
3750 1879 3834 1917 se-

2172 1948 2358 2004 culari
2389 1952 2462 1984 ²⁰³
2486 1950 2733 2021 judicio.
2762 1954 2896 2007 Post
2920 1952 3048 2007 htec
3080 1967 3242 2017 vero,
3276 1967 3417 2006 cum
3448 1965 3561 2006 nos
3591 1967 3661 2005 ex
3679 1954 3834 2006 utra-

2171 2054 2290 2110 que
2319 2043 2507 2112 parte,
2540 2041 2601 2095 id
2631 2045 2720 2096 est
2747 2045 2873 2098 tam
2895 2042 3071 2082 θυι-ὀδ
3117 2056 3156 2096 a
3206 2040 3509 2097 Hlothario
3556 2056 3741 2113 quam
3795 2056 3831 2096 a

2171 2129 2527 2200 Thietbirga,
2583 2129 2871 2187 fuerimus
2923 2130 3231 2204 provocati
3291 2131 3548 2202 judices,
3597 2146 3831 2203 nosque

2172 2218 2495 2274 amborum
2521 2220 2987 2277 controversiam
3012 2220 3242 2276 executi
3280 2220 3488 2287 simus,
3510 2220 3587 2275 ad
3635 2220 3831 2276 nullos

2174 2308 2321 2363 alios
2342 2309 2623 2365 convenit
2642 2325 2823 2382 super
2843 2311 2956 2366 hoc
2973 2309 3213 2379 negotio
3237 2310 3471 2381 judices
3494 2309 3829 2382 convolare,

2174 2414 2314 2453 cum
2356 2399 2689 2455 secundum
2734 2415 2939 2455 sacros
2971 2415 3232 2455 canones
3262 2416 3297 2455 a
3321 2398 3630 2470 judicibus
3680 2416 3834 2473 quos

2174 2491 2517 2544 communis
2528 2504 2859 2545 consensus
2875 2488 3136 2558 elegerit,
3150 2504 3275 2545 non
3285 2488 3460 2545 liceat
3489 2503 3831 2562 provocare,

2173 2580 2231 2632 et
2242 2577 2345 2633 ubi
2358 2593 2643 2633 concessa
2655 2578 3121 2652 estprovocatio,
3147 2594 3265 2634 non
3287 2579 3401 2634 nisi
3414 2578 3517 2633 ubi
3536 2578 3731 2649 major
3749 2583 3835 2635 est

2174 2667 2497 2722 auctoritas
2512 2669 2605 2734 ²⁰⁶,
2620 2667 2795 2724 liceat
2805 2683 3133 2741 provocare
3148 2670 3240 2724 ’0’.
3251 2672 3617 2741 ltaque,cum
3630 2684 3751 2724 non
3765 2668 3838 2724 sit

2174 2755 2518 2828 apostolica:
2548 2756 2708 2812 sedis
2735 2756 3106 2825 auctoritate,
3134 2773 3270 2830 quae
3302 2757 3621 2813 amborum
3649 2772 3837 2828 nego-

2175 2844 2321 2900 tium
2340 2849 2589 2902 executa
2610 2850 2716 2916 est,
2737 2861 2997 2919 usquam
3019 2847 3215 2917 major
3252 2846 3595 2913 auctoritas,
3649 2847 3838 2903 nesci-

2174 2950 2311 2990 mus
2330 2951 2373 2990 s:
2393 2934 2568 2991 alicui
2584 2935 2846 2992 liceatde
2869 2936 2998 3007 ejus
3022 2936 3241 3001 iudicio
3260 2936 3554 3008 judicare,
3596 2937 3686 2992 vel
3707 2937 3839 3007 ejus

2174 3029 2496 3082 retractare
2530 3026 2950 3083 sententiam.»
2978 3030 3044 3081 Et
3060 3031 3193 3099 post
3214 3042 3411 3099 pauca
3435 3045 3448 3082 :
3476 3049 3503 3076 ‹‹
3528 3026 3675 3083 Illud
3697 3042 3839 3083 vero

2173 3115 2340 3189 quod
2366 3115 3119 3187 HlothariusThietbirgam
3134 3116 3207 3171 de
3230 3116 3521 3172 adulterio
3560 3116 3840 3173 crimina-

2176 3208 2291 3271 tur,
2316 3203 2451 3277 quis
2468 3220 2592 3260 non
2614 3203 2813 3261 videat
2831 3205 2971 3260 dolo
2993 3221 3124 3260 esse
3145 3204 3395 3277 plenum
3415 3205 3444 3260 ‘I
3462 3204 3746 3278 Denique,
3768 3205 3840 3277 si,

2176 3296 2240 3349 ut
2259 3293 2385 3366 ipse
2405 3294 2612 3364 jactat,
2634 3310 2787 3351 uxor
2806 3295 2935 3365 ejus
2950 3310 3072 3350 non
3090 3299 3201 3365 est,
3219 3294 3367 3367 quid
3388 3294 3639 3367 pertinet
3660 3296 3733 3330 ²⁰³⁸
3762 3294 3845 3351 ad

2176 3397 2315 3437 eum
2332 3381 2412 3436 illi
2455 3382 2531 3437 de
2568 3381 2861 3438 adulterio
2898 3382 3267 3438 calumniam
3306 3386 3521 3450 texere,
3552 3399 3691 3438 cum
3729 3398 3845 3438 nec

2176 3471 2464 3527 moechari
2487 3472 2679 3545 potuit
2699 3473 2794 3541 ’09,
2820 3471 2868 3527 si
2894 3472 3147 3543 alicujus
3171 3487 3322 3527 uxor
3341 3488 3464 3528 non
3482 3472 3668 3529 extitit
3713 3474 3790 3507 ²¹⁰
3825 3492 3840 3528 :

2176 3577 2357 3634 porro
2389 3560 2437 3616 si
2463 3577 2499 3617 a
2532 3560 2834 3617 Hlothario
2864 3560 2940 3616 de
2971 3560 3262 3617 adulterio
3288 3566 3627 3632 accusatur,
3684 3565 3760 3628 et,
3795 3561 3847 3617 si

2178 3650 2450 3706 convicta
2480 3652 2547 3685 ²¹¹
2574 3649 2768 3719 fuerit,
2792 3649 2934 3705 ultio
2957 3654 3346 3722 praeparatur,
3378 3665 3620 3707 necesse
3651 3653 3761 3717 est,
3781 3654 3849 3706 ut

2178 3740 2433 3797 fateatur
2490 3756 2757 3796 uxorem.
2807 3762 2835 3788 n
2894 3743 2958 3796 Et
3005 3740 3373 3814 quibusdam
3430 3739 3845 3813 interpositis:

2178 3854 2205 3881 «
2231 3832 2523 3887 Praeterea
2544 3830 2666 3886 sive
2688 3830 2762 3885 de
2780 3830 2913 3901 conj
2924 3830 3044 3900 ugii
3066 3830 3309 3901 fuadere,
3336 3830 3460 3886 sive
3482 3830 3556 3886 de
3569 3829 3846 3887 adulterii

2179 3921 2426 3977 crimine
2451 3920 2750 3992 judicium
2779 3919 2855 3975 sit
2879 3919 3255 3991 agitandum,
3282 3918 3449 3975 nulla
3482 3920 3711 3975 ratione
3734 3935 3845 3993 pa-

2180 4013 2257 4065 tet
2287 4009 2696 4079 Thietbirgam
2725 4025 2865 4063 cum
2898 4008 3198 4064 Hlothario
3228 4024 3408 4081 posse
3429 4007 3849 4079 legaleminire

2179 4099 2546 4164 conﬂictum,
2572 4098 2666 4154 vel
2690 4098 3025 4169 legitimum
3055 4097 3469 4154 controversiae
3493 4097 3692 4153 subire
3723 4114 3851 4153 cer-

2178 4191 2401 4255 tamen,
2415 4188 2529 4243 nisi
2542 4188 2708 4261 prius
2721 4187 2798 4243 ad
2811 4192 3051 4260 tempus
3072 4203 3193 4241 suae
3218 4186 3390 4241 fuerit
3410 4185 3641 4241 reddita
3681 4190 3851 4259 pote-

2182 4277 2337 4346 stati,
2363 4277 2467 4333 sed
2489 4278 2680 4334 etsuis
2706 4279 2777 4312 ²¹²
2796 4276 3263 4347 consanguineis
3284 4275 3466 4332 libere
3484 4275 3729 4343 sociata;
3757 4276 3850 4331 in-

2182 4372 2269 4424 ter
2283 4383 2437 4440 quos
2450 4366 2807 4423 etiamlocus
2820 4365 3228 4439 providendus
3257 4369 3362 4431 est,
3377 4364 3483 4420 ubi
3495 4363 3736 4420 nullasit
3752 4364 3851 4419 vis

2185 4460 2204 4492 ²
2214 4460 2226 4493 ¹
2236 4458 2258 4491 ³
2274 4455 2668 4513 multitudinis
2680 4454 3084 4525 formidanda,
3108 4457 3165 4511 et
3174 4469 3297 4510 non
3310 4453 3383 4509 sit
3421 4452 3658 4508 difﬁcile
3670 4457 3855 4508 testes

1784 4599 2015 4657 VARUE
2055 4602 2348 4661 LECTION
2356 4602 2459 4659 ES.

479 4716 549 4797 ’ἥδ
580 4719 637 4771 et
669 4719 1015 4798 sanctorum
1045 4718 1386 4801 principum
1407 4721 1567 4826 tpatri
1604 4726 1799 4779 7—12.
1840 4722 2157 4781 beatorum
2182 4724 2594 4800 apostolorum
2624 4726 2676 4778 4.
2761 4724 2830 4757 ¹⁸⁸
2875 4721 3229 4778 innodatam
3251 4719 3443 4775 donec
3476 4721 3671 4773 7—12.
3774 4718 3849 4752 ’⁸⁵

479 4785 562 4826 πιια
593 4792 843 4826 vananhc
874 4795 1218 4826 nnmnncnha
1250 4798 1280 4826 ’τ
1383 4795 1396 4826 1
1433 4793 1454 4826 6
1484 4791 1867 4826 οιυπηςηηιη..
1888 4810 1985 4826 ιιι...
2019 4796 2232 4826 nunc..-
2258 4802 2321 4826 εει.
2424 4797 2494 4826 m7
2530 4794 2759 4826 RTo'n..ln¢'
2777 4795 3041 4826 M'n'nln’m
3067 4793 3279 4826 Αοοομηι
3305 4792 3365 4826 ς’..
3401 4794 3434 4826 Α
3534 4791 3606 4824 188
3637 4788 3849 4826 ογιιηιι.

404 4785 573 4862 sedis
593 4787 844 4862 receptis
870 4785 1220 4862 compositis
1239 4785 1301 4846 '7.
1383 4795 1396 4827 ¹

405 4929 598 5005 βῗίὲ.
630 4934 838 5005 contra
867 4933 1085 5005 scripta
1108 4933 1147 4989 i.
1181 4939 1234 4988 7.

564 4788 844 4878 'receptis
868 4788 1220 4878 compositis
1239 4788 1301 4846 Ἶ.
1331 4866 1344 4878 ι
1383 4788 1867 4878 mﬁbominatur
1887 4810 1991 4878 rea
2018 4788 2236 4878 citetur
2256 4802 2341 4878 5e.
2424 4797 2494 4829 ¹⁸τ
2516 4794 2759 4878 Νίσιρέέιὶ
2776 4795 3041 4878 epistolae
3065 4793 3288 4878 descent-
3305 4792 3452 4873 in}.
3534 4791 3606 4824 ³⁸⁸
3637 4788 3853 4878 exhor-

402 4859 691 4947 t‘atqr‘iam-
706 4859 1290 4947 etgcollaudatoriam
1437 4865 1526 4947 ’τεο
1557 4871 2038 4947 propugnatores
2076 4867 2354 4947 veritatis
2377 4872 2463 4947 5c.
2488 4882 2539 4947 e.

1318 4935 1381 4969 ¹⁹¹
1418 4933 1703 5005 dignitate
1761 4933 1885 4993 sine
1916 4938 2135 5007 copula
2164 4945 2215 4995 5.
2249 4938 2600 5007 dignitatem
2630 4942 2682 4991 7.
2766 4938 2833 4971 ¹⁹²
2865 4941 2922 4991 et
2948 4933 3139 4991 solam
3231 4933 3248 4936 “
3303 4934 3374 5007 ¹Ῠ³
3407 4935 3848 5007 contempta].

2647 4866 2716 4900 ¹⁹⁰
2748 4859 2957 4921 contra
2985 4863 3339 4937 praescripta
3358 4862 3716 4937 juramenta
3747 4859 3846 4914 5d.

508 5013 617 5079 nos
645 4999 1143 5079 rescripsimush'.
1176 5005 1370 5079 7—_l2.
1454 4999 1523 5041 “'5
1552 5008 1771 5079 conjux
1802 5009 1931 5079 ejus
1959 4999 2293 5066 hlotharius
2314 4999 2571 5065 eandem
2602 5008 2786 5063 vitam
2804 5014 2855 5062 7.
2875 5012 3072 5063 9—12.
3154 5007 3227 5039 ¹⁹⁶
3254 5004 3539 5079 relatione
3563 5010 3615 5058 7.
3644 4999 3849 5079 9—l2.

406 5070 478 5103 ¹⁹⁷
509 5069 778 5142 disponit
796 5069 989 5129 7—12.
1022 5075 1317 5149 disposuit
1350 5081 1396 5132 1.
1426 5080 1478 5133 2.
1512 5082 1563 5134 3.
1598 5069 1733 5135 5.'6.
1817 5069 1885 5114 7”
1917 5081 2182 5137 exanimi
2202 5080 2447 5186 proprio
2473 5080 2700 5151 judicio
2724 5083 2809 5134 5c.
2844 5094 2895 5134 e.
2978 5080 3049 5113 ¹⁹⁰
3075 5092 3327 5133 uxorem
3345 5075 3626 5157 accipere.
3645 5077 3850 5129 3—12.

403 5142 478 5175 ²⁰⁰
509 5145 689 5186 atmm
713 5146 847 5186 nnef
872 5143 986 5186 hnn
1021 5150 1037 5186 4
1102 5151 1131 5186 2
1185 5163 1295 5186 nun
1324 5148 1489 5186 hnn‘)
1607 5153 1673 5185 201
1710 5152 2093 5186 mnnonhinm
2127 5157 2156 5186 κ
2285 5154 2305 5185 2
2338 5154 2357 5186 3
2390 5151 2653 5186 ΐηνιίοαοίε
2681 5149 2759 5186 Ηκί
2795 5154 2823 5186 ἲ(
2948 5152 3021 5185 308
3050 5148 3409 5186 annnlnrinm
3447 5145 3669 5186 Indlnln
3712 5148 3722 5186 Ι
3793 5148 3825 5186 fl

509 5145 689 5220 atque
713 5146 848 5214 post
872 5143 987 5199 hoc
1021 5143 1152 5220 1.3:.
1185 5163 1295 5220 pro
1324 5148 1438 5205 hoc
1457 5153 1510 5206 2.
1607 5153 1673 5185 ²⁰¹
1710 5152 2097 5207 monachiam
2126 5157 2178 5207 5.
2204 5143 2223 5153 ’
2285 5143 2357 5186 ’(⁵³
2390 5143 2655 5208 fortassis
2681 5149 2763 5205 ibi
2794 5154 2844 5205 εί.
2948 5152 3021 5185 ²⁰³
3050 5148 3414 5205 secularium
3440 5143 3753 5220 judicio__l.
3792 5148 3848 5220 3.

402 5212 475 5246 ²⁰⁴
506 5212 856 5288 “fumique
885 5220 1051 5288 parte
1080 5212 1243 5274 idem
1271 5223 1393 5275 tam
1424 5225 1474 5277 5.
1507 5227 1559 5277 7.
1580 5225 1773 5280 9—t2.
1853 5225 1927 5258 ²⁰⁶
1960 5223 2283 5280 auctoritas
2313 5226 2419 5278 est.
2457 5228 2503 5278 l.
2538 5228 2589 5280 3.
2669 5223 2741 5257 ²⁰⁷
2774 5226 2831 5276 et
2861 5221 2964 5277 ubi
2990 5235 3281 5277 concessa
3305 5223 3395 5274 est
3438 5212 3458 5273 ἶ
3497 5259 3509 5271 .
3558 5258 3569 5271 .
3617 5214 3858 5288 ._liceat

400 5298 731 5355 provocare
756 5287 915 5343 deest
944 5292 996 5343 2.
1031 5292 1193 5357 5c..e.
1219 5294 1271 5345 6.

1364 5292 1434 5326 ²⁰⁸
1460 5308 1583 5349 non
1613 5300 1701 5351 est
1730 5311 1853 5351 non
1880 5294 2135 5362 pertinet
2165 5300 2217 5351 5.
2313 5295 2386 5329 ²⁰⁹

2413 5295 2607 5367 potuit
2640 5297 3023 5367 {73.5—12.
3121 5293 3196 5331 sm
3231 5305 3382 5346 uxor
3410 5304 3532 5346 non
3567 5286 3766 5341 existit
3797 5291 3852 5341 5.

400 5391 455 5441 7.
488 5360 682 5412 9—t2.
760 5360 829 5396 ²¹¹
864 5358 1019 5416 victa
1043 5364 1094 5414 5.
1174 5362 1247 5395 ²¹²
1278 5365 1553 5433 potestati
1592 5383 1698 5423 seu
1728 5370 1785 5424 et
1808 5358 1932 5424 suis
1952 5370 2007 5421 2.
2043 5370 2097 5421 3.
2122 5371 2175 5423 5.
2200 5369 2251 5421 6.
2331 5358 2540 5429 ηδ’ὠὶ
2569 5365 2733 5431 nulla
2763 5365 2851 5419 vis
2881 5370 2933 5421 5.

2015 5499 2247 5553 ΝΟΤΔΕ.

475 5594 583 5669 (45)
614 5598 767 5656 Inter
798 5598 1016 5657 Nicolai
1048 5600 1331 5675 epistolas
1354 5620 1413 5663 n.
1444 5610 1532 5664 33.
1571 5611 1741 5673 Bono.
