4076 6212
264 206 351 260 ’89
625 222 628 225 ·
1561 200 1988 262 ΟΗΒΟΝἱΟΟΝ.
2027 229 2096 238 -
2134 200 2251 257 ΑΝ.
2293 196 2416 260 866.
3626 211 3699 265 90

278 327 603 401 producere
633 328 721 385 vel
754 333 996 386 crateras
1025 345 1337 401 personas,
1370 346 1504 403 quae
1552 334 1675 387 tam
1721 344 1756 384 a
1794 342 1932 382 san-
1964 324 2012 377 A
2042 324 2453 397 constituatur,
2486 328 2815 399 spiritualia
2838 329 3153 387 nobiscum
3182 331 3257 367 ³³⁷
3283 336 3484 387 vestra
3498 331 3701 389 frater-

279 418 382 473 ctis
414 418 745 474 canonibus
799 434 985 491 quam
1031 435 1069 475 a
1115 420 1474 475 venerandis
1522 421 1934 475 Romanorum

273 506 507 575 legibus
534 508 595 562 in
624 508 1047 578 hujuscemodi
1075 509 1486 565 controversiis
1530 508 1929 581 requiruntur.

278 597 489 650 Verum
518 596 646 652 haec
674 612 794 651 non
826 601 889 651 ut
915 596 1061 652 ﬁant
1089 596 1362 664 dicimus,
1397 614 1531 669 quae
1573 597 1699 652 sine
1728 595 1931 650 decre-

275 687 332 739 to
358 688 414 740 et
446 685 822 742 ordinatione
854 691 1056 742 nostra
1082 686 1207 742 ﬁeri
1234 703 1355 743 non
1385 702 1562 759 posse
1594 701 1777 758 supra
1822 684 1931 739 do-

273 773 526 830 cuimus.
569 794 598 826 ›

343 869 645 919 Accensus
677 864 874 938 itaque
903 865 1062 921 idem
1094 866 1501 921 sanctissimus
1527 864 1789 938 pontifex
1806 863 1932 919 zelo

276 952 395 1017 Dei,
427 968 552 1024 quo
582 952 769 1008 fuerat
801 954 1000 1009 Finees
1031 955 1104 988 ²¹⁸
1151 953 1433 1010 sacerdos
1477 952 1793 1027 quondam
1840 954 1931 1007 in-

274 1038 642 1111 ﬂammatus,
658 1041 1036 1098 Waldradam
1059 1042 1195 1114 ipso
1224 1042 1319 1097 die
1342 1040 1777 1114 puriﬁcationis
1800 1056 1933 1095 san-

273 1132 380 1183 cta:
411 1129 512 1185 Dei
542 1130 841 1199 genitricis
874 1132 1088 1199 Mariae,
1119 1130 1181 1186 in
1225 1130 1478 1188 basilica
1524 1129 1935 1185 excommuni-

272 1218 445 1284 cavit,
470 1223 527 1274 et
556 1219 634 1273 ab
665 1220 830 1274 omni
862 1220 1336 1275 Christianorum
1368 1218 1668 1273 consortio
1700 1233 1936 1288 separa-

270 1305 374 1371 vit,
407 1305 849 1378 destinavitque
880 1309 950 1341 "5
982 1306 1295 1379 epistolam
1326 1305 1609 1360 omnibus
1639 1305 1935 1377 episcopis

272 1409 383 1464 per
412 1392 795 1449 Germaniam
821 1398 878 1449 et
906 1393 1120 1449 Gallias
1150 1394 1482 1449 constitutis
1505 1410 1717 1450 causas
1735 1397 1791 1449 et
1811 1409 1935 1448 mo-

282 1481 429 1537 dum
459 1484 1093 1538 excommunicationis
1124 1476 1523 1538 continentem
1569 1483 1699 1553 (46).
1749 1483 1931 1553 Cujus

277 1585 520 1623 sensum
546 1585 731 1642 quam
763 1570 1083 1625 verborum
1136 1571 1349 1626 seriem
1398 1586 1587 1626 causa
1624 1570 1929 1627 brevitatis

272 1657 469 1729 potius
501 1659 574 1692 ²¹⁶
604 1658 825 1730 placuit
857 1661 930 1694 ²¹⁷
962 1675 1201 1731 ponere.

341 1769 369 1793 «
404 1748 866 1803 Decreveramus
896 1748 1141 1820 quidem
1172 1749 1329 1805 circa
1360 1749 1930 1819 Waldradam,mce-

268 1836 449 1891 cham
480 1840 536 1891 et
566 1837 943 1908 pertinaciter
989 1837 1051 1892 in
1092 1837 1527 1911 impaenitentia
1571 1854 1930 1911 permanen-

268 1930 409 1988 tem,
443 1925 713 1981 vindictee
745 1926 997 1981 modum
1027 1926 1226 1983 minus
1264 1927 1526 1984 districte
1576 1933 1925 2001 temperare,

268 2019 325 2069 et
349 2015 520 2085 juxta
549 2014 716 2087 quod
742 2015 1104 2086 merebatur,
1135 2031 1259 2072 non
1288 2017 1370 2072 ita
1397 2034 1505 2090 pro
1522 2022 1685 2074 tanto
1710 2018 1929 2074 scelere

269 2104 342 2138 ²¹⁸
373 2104 730 2160 sententiam
761 2104 822 2159 in
875 2121 1011 2161 eam
1052 2106 1227 2175 justas
1267 2105 1594 2179 punitionis
1642 2106 1925 2179 proferre,

268 2194 380 2249 nisi
409 2193 712 2250 obstinato
742 2195 947 2251 animo
978 2194 1038 2250 in
1062 2196 1336 2252 mcecbiae
1367 2198 1440 2231 ²¹⁰
1474 2196 1785 2253 volutabro
1830 2213 1929 2269 pe-

268 2283 526 2338 renniter
552 2299 903 2356 permanere
930 2285 1364 2357 proposuisset.
1401 2286 1599 2353 Igitur,
1631 2286 1777 2358 quia
1797 2303 1928 2342 mo-

266 2370 390 2425 nita
418 2376 623 2427 nostra
666 2377 723 2427 et
771 2372 1014 2428 crebras
1064 2374 1503 2429 exhortationes
1551 2375 1928 2446 contempsit,

266 2459 411 2533 quia
438 2461 682 2534 culpam
715 2477 888 2517 suam
920 2475 1032 2516 nec
1057 2461 1205 2516 dum
1226 2464 1506 2531 cognovit
1526 2478 1637 2517 nec
1657 2464 1936 2519 confessa

270 2555 383 2619 est,
418 2566 530 2605 nec
559 2550 748 2605 missa
777 2547 954 2604 nobis
979 2549 1295 2618 legatione,
1327 2550 1431 2621 qui
1467 2566 1716 2607 causam
1750 2552 1936 2624 ipsius

266 2638 695 2711 exequendam
742 2638 1135 2711 suscepimus,
1183 2639 1421 2695 veniam
1468 2640 1791 2712 postulavit
1830 2656 1936 2712 po-

268 2732 496 2783 stremo
552 2744 689 2783 cum
728 2732 890 2783 recto
939 2728 1148 2783 itinere
1191 2743 1304 2783 nos
1356 2728 1440 2783 illi
1488 2728 1680 2785 fuerat
1709 2730 1935 2786 adeun~

269 2817 439 2883 dum,
473 2822 530 2871 et
553 2816 713 2871 beati
746 2816 892 2871 Petri
920 2816 1172 2889 apostoli
1220 2818 1506 2888 suﬂragia
1554 2818 1934 2890 requirenda,

270 2911 425 2962 retro
452 2910 540 2960 est
565 2921 856 2961 conversa
882 2910 1018 2978 post
1041 2907 1388 2976 Satlianam,
1406 2923 1639 2963 necnon
1667 2912 1725 2963 et
1750 2908 1937 2964 Thiet-

269 2994 456 3085 birga:
484 2994 703 3062 reginte
731 2994 903 3050 dolos
947 2999 1201 3061 struere,
1253 3001 1449 3068 coepta
1492 2995 1761 3085 interitus
1810 3013 1934 3052 me-
1967 3026 2009 3082 ο

271 3084 575 3149 ditatione,
606 3100 729 3139 non
760 3088 952 3140 cessat
978 3085 1052 3119 ²²⁰
1102 3102 1115 3139 :
1167 3101 1306 3141 cum
1364 3084 1604 3155 egregio
1659 3086 1936 3160 apostolo

274 3173 554 3242 dicimus,
586 3173 753 3245 quod
792 3178 1000 3229 contra
1028 3189 1165 3229 eam
1195 3178 1524 3247 contraque
1552 3176 1682 3246 ejus
1715 3176 1937 3231 similes

276 3262 499 3335 saepius
528 3262 949 3334 replicandum
981 3266 1090 3332 est,
1119 3262 1264 3334 quia
1302 3263 1635 3320 secundum
1659 3264 1937 3320 duritiem

275 3368 451 3407 suam
482 3356 539 3407 et
564 3368 667 3407 cor
715 3352 1099 3424 impmnitens
1148 3352 1506 3409 thesaurizat
1548 3354 1660 3409 sibi
1698 3354 1849 3411 iram
1876 3355 1938 3409 in

277 3441 373 3497 die
398 3442 519 3498 irae.
555 3441 781 3497 Idcirco
819 3458 932 3498 nos
970 3458 1106 3498 eam
1134 3442 1209 3498 de
1235 3442 1402 3499 factis
1432 3445 1556 3500 suis
1588 3461 1937 3501 excommu-

275 3530 555 3586 nicamus
588 3532 685 3600 ³³³,
718 3530 910 3588 donec
933 3531 1193 3587 ecclesiae
1217 3532 1447 3599 Christi,
1470 3533 1765 3606 nobisque
1790 3550 1941 3606 prai-

276 3618 472 3691 cipue,
502 3619 605 3691 qui
637 3619 766 3690 ejus
795 3619 1203 3692 principaliter
1231 3636 1439 3676 curam
1470 3621 1755 3690 gerimus,
1805 3621 1938 3693 qui-

277 3721 397 3778 que
427 3721 676 3762 causam
728 3706 918 3779 ipsius
961 3708 1208 3779 exsequi
1242 3723 1312 3763 ac
1366 3707 1720 3777 investigare
1758 3709 1939 3780 coepi-

279 3810 441 3862 mus,
474 3794 839 3862 satisfecerit,
892 3795 1086 3851 donec
1134 3795 1312 3852 etiam
1363 3796 1666 3853 sinistram
1697 3813 1942 3851 omnem

281 3884 685 3956 suspicionem
737 3883 1058 3941 consilium
1110 3888 1382 3940 nostrum
1433 3884 1769 3956 suscipiens
1816 3883 1943 3939 adi-

280 3977 427 4033 mat,
458 3988 494 4027 a
522 3971 763 4044 pretiosi
815 3974 889 4007 ²²²
935 3971 1205 4044 corporis
1253 3974 1311 4026 et
1356 3970 1665 4038 sanguinis
1714 3969 1946 4025 Domini

280 4060 692 4133 perceptione,
712 4065 891 4134 atque
919 4060 997 4116 ab
1027 4059 1382 4116 omnimodo
1403 4059 1701 4115 consortio
1723 4064 1945 4115 sanctae

281 4149 547 4206 ecclesiae
577 4151 674 4217 "3,
707 4150 896 4206 sancti
928 4149 1178 4222 Spiritus
1218 4148 1655 4221 beatorumque
1707 4154 1945 4221 aposto-

281 4238 480 4294 lorum
510 4239 657 4295 Petri
692 4243 747 4294 et
774 4238 936 4294 Pauli
962 4238 1209 4310 judicio,
1241 4242 1298 4295 et
1327 4242 1545 4294 nostra:
1574 4238 1945 4295 mediocrita-

284 4328 380 4396 tis,
412 4328 664 4384 fecimus
691 4345 937 4401 prorsus
964 4330 1033 4362 ³³⁸
1062 4345 1202 4384 cum
1238 4327 1527 4383 universis
1548 4327 1943 4399 complicibus

282 4424 341 4473 et
371 4417 987 4473 communicatoribus
1026 4416 1479 4488 fautoribusque
1528 4418 1653 4472 suis
1699 4433 1946 4490 prorsus

283 4512 603 4563 extorrem.
640 4507 805 4563 Hanc
836 4507 910 4541 ²²⁵
942 4506 1297 4562 sententiam
1322 4509 1375 4561 4.
1410 4509 1555 4561 Non.
1583 4506 1879 4562 Februarii
1911 4524 1948 4562 a

285 4596 461 4652 nobis
485 4596 932 4669 promulgatam
977 4594 1385 4664 meminimus,
1435 4610 1689 4667 eamque
1729 4595 1947 4667 scripto

284 4685 461 4741 vobis
492 4684 945 4751 destinavimus,
978 4687 1035 4739 et
1062 4698 1137 4739 ne
1166 4682 1337 4738 labor
1384 4688 1584 4738 noster
1628 4683 1824 4739 inanis
1873 4684 1946 4717 “5

2041 414 2197 470 nitas
2229 415 2515 471 adversus
2540 418 2669 488 jam
2700 419 2925 476 dictam
2954 422 3251 477 moecham
3277 426 3335 477 et
3357 422 3698 478 communi-

2042 508 2271 559 catores
2328 506 2456 576 ejus
2506 523 2677 564 arma
2721 509 3012 579 sustollat,
3063 514 3119 567 et
3146 510 3205 566 in
3234 510 3551 584 parrochia
3586 526 3699 569 sua

2042 596 2620 653 excommunicatam
2650 599 2807 655 hanc
2833 599 3214 672 fautoresque
3246 616 3386 656 suos
3414 600 3553 657 viva
3591 616 3699 656 vo-

2041 698 2108 738 ce
2141 684 2213 717 ²²⁸
2246 686 2659 759 unusquisque
2696 687 3037 760 denunciet,
3092 688 3283 744 donec
3330 693 3533 745 nostro
3571 704 3703 763 spe-

2039 770 2172 827 ciali
2199 771 2426 842 judicio
2458 776 2530 808 ²²⁹
2569 774 2765 844 digna:
2796 792 2859 832 se
2889 776 3252 849 paenitentiae
3300 764 3624 833 submittat.
3668 798 3698 827 ι»

2112 860 2329 915 Dii-exit
2353 862 2531 917 etiam
2566 863 2862 921 Hlothario
2890 867 3016 935 regi
3066 864 3225 921 idem
3276 865 3700 921 reverendissi-

2039 965 2177 1004 mus
2222 950 2487 1021 pontifex
2536 952 2847 1024 epistolam
2876 955 3009 1026 (47),
3064 954 3191 1010 haec
3244 954 3698 1010 continentem:

2042 1060 2069 1085 «
2110 1038 2327 1095 Audito
2372 1045 2700 1096 revertente
2746 1044 2818 1077 ²³⁰
2856 1044 3046 1099 misso
3084 1047 3289 1099 nostro
3318 1042 3701 1100 correctionis

2041 1129 2179 1194 tute,
2208 1132 2271 1182 ut
2300 1127 2380 1183 ita
2405 1127 2701 1197 dicamus,
2731 1130 2916 1198 initio,
2953 1132 3173 1201 gratias
3201 1134 3319 1187 Deo
3362 1131 3698 1201 condignas

2043 1214 2297 1285 egimus,
2348 1222 2404 1272 et
2448 1221 2513 1272 ut
2559 1218 2661 1273 tibi
2690 1235 2932 1292 quoque
2963 1224 3158 1291 grates
3186 1219 3594 1294 competibiles
3622 1221 3693 1255 ²³¹

2044 1301 2418 1370 referremus,
2448 1306 2716 1362 animum
2748 1308 3241 1381 praaparavimus.
3274 1308 3571 1377 Sed,heu!
3596 1307 3700 1364 ad-

2041 1407 2219 1447 versa
2249 1395 2458 1450 nuntia
2480 1396 2777 1452 venientia
2808 1399 2876 1431 ²³²
2906 1397 3087 1467 hujus
3116 1396 3457 1451 intentionis
3486 1400 3700 1452 nostrae

2040 1480 2351 1551 proposito
2376 1482 2640 1539 celeriter
2670 1484 3009 1540 obviarunt.
3046 1487 3114 1521 ³³³
3138 1486 3511 1556 Quapropter
3538 1498 3703 1538 com-

2038 1567 2198 1640 pulsi
2230 1586 2441 1624 sumus
2467 1577 2701 1627 mutare
2730 1588 2961 1643 vocem,
3023 1576 3079 1627 et
3119 1572 3224 1644 qui
3272 1571 3351 1627 ad
3377 1571 3703 1641 gratiarum

1962 1676 2002 1730 Β
2039 1657 2302 1713 actiones
2330 1674 2398 1712 os
2423 1660 2653 1732 aperire
2686 1662 2758 1695 ²³⁸
2789 1660 3303 1733 disposueramus,
3321 1662 3381 1715 in
3406 1661 3478 1695 ³³⁵
3506 1659 3702 1715 luctus

2039 1750 2096 1801 et
2124 1746 2559 1818 increpationes
2589 1748 2790 1804 adhuc
2816 1750 2890 1785 ³³⁸
2938 1749 3203 1805 ofﬁcium
3252 1749 3470 1819 linguae
3510 1747 3700 1804 coacti

2038 1834 2370 1904 dirigimus.
2405 1836 2729 1893 Didicimus
2758 1839 2939 1904 enim,
2960 1843 3013 1894 te
3043 1838 3147 1911 qui
3169 1838 3401 1911 prolixo
3430 1842 3699 1911 tempore

2037 1923 2097 1979 in
2128 1924 2348 1981 scelere
2375 1941 2756 1998 permanens,
2811 1927 3081 1983 Ecclesiae
3112 1927 3212 1983 Dei
3238 1943 3358 1983 non
3391 1926 3700 1983 modicum

2037 2014 2310 2093 nocuisti,
2338 2030 2550 2072 nocere
2581 2016 2802 2087 adhuc,
2853 2022 2910 2073 et
2954 2017 3059 2090 qui
3109 2016 3170 2073 in
3213 2016 3493 2074 sordibus
3542 2031 3695 2083 eras,

2038 2103 2385 2160 sordescere
2442 2105 2660 2162 adhuc.
2719 2106 3047 2179 Siquidem,
3089 2110 3155 2161 ut
3197 2106 3540 2179 opinamur,
3595 2103 3701 2160 tibi

2036 2210 2158 2249 non
2218 2193 2435 2251 sufﬁcit
2492 2196 2690 2251 solum
2743 2196 3102 2251 adulterium
3145 2200 3542 2268 perpetrasse,
3587 2193 3701 2249 nisi

2038 2298 2331 2354 apponas,
2366 2288 2431 2338 ut
2458 2284 2637 2339 etiam
2685 2284 2919 2339 animas
2968 2286 3041 2319 ³⁸⁷
3094 2284 3412 2339 hominum
3458 2281 3703 2354 perjurii

2038 2370 2268 2442 laqueis
2298 2372 2548 2427 irretitas
2577 2374 2637 2427 in
2668 2377 3001 2427 extremum
3027 2372 3346 2439 demergas
3376 2370 3701 2425 interitum.

2046 2458 2162 2514 Sed
2190 2458 2340 2529 quid
2368 2458 2609 2527 mirum,
2640 2459 2689 2512 si
2715 2474 3050 2529 paucorum
3082 2457 3404 2514 animabus
3429 2473 3537 2530 per
3571 2473 3704 2531 per-

2039 2546 2269 2616 jurium
2298 2546 2542 2601 exitium
2572 2548 2644 2581 ²³⁸
2672 2547 2996 2618 acquisisti,
3028 2546 3276 2620 quando
3313 2548 3373 2603 in
3398 2551 3565 2603 tanta
3603 2563 3704 2602 su-

2046 2633 2335 2690 blimitate
2364 2634 2595 2707 positus
2632 2650 2741 2707 per
2770 2634 3116 2707 exemplum
3164 2639 3276 2690 tuae
3322 2636 3592 2690 mmcbite
3632 2636 3705 2669 m

2048 2727 2130 2778 tot
2158 2723 2474 2778 hominum
2498 2723 2659 2779 milia
2683 2722 2742 2778 in
2775 2722 3126 2795 perditionis
3151 2723 3334 2779 chaos
3373 2722 3708 2796 praecipita-

2047 2810 2200 2866 veris
2230 2811 2257 2866 ‘I
2288 2810 2435 2866 Illud
2466 2815 2690 2877 autem,
2723 2810 2889 2883 quod
2934 2811 3292 2881 Thietbirga,
3341 2810 3518 2884 quasi
3564 2808 3712 2865 Wal-

2045 2898 2251 2955 dradae
2310 2899 2715 2954 testimonium
2778 2898 2984 2955 dicens
3012 2941 3031 2969 ,
3113 2915 3250 2955 eam
3306 2898 3487 2955 fuisse
3543 2902 3711 2954 tuam

2044 2986 2374 3058 legitimam
2405 3002 2654 3042 uxorem
2704 2987 2911 3042 volens
2964 2990 3068 3042 aut
3114 2987 3301 3043 invita
3341 2986 3562 3043 frustra
3609 3003 3710 3042 co-

2046 3083 2223 3133 natur
2252 3080 2536 3143 astruere,
2586 3075 3084 3149 quandoquidem
3129 3075 3285 3131 illius
3328 3075 3494 3132 nullo
3546 3091 3712 3149 pror-

2048 3184 2152 3223 sus
2182 3168 2257 3201 ²⁴⁰
2284 3166 2423 3222 hinc
2468 3165 2806 3222 testimonio
2853 3165 2989 3238 quis
3030 3166 3314 3236 indigeat,
3344 3182 3483 3221 cum
3515 3164 3711 3236 magis

2048 3273 2158 3312 nos
2178 3258 2260 3312 ita
2286 3256 2613 3311 sentiamus
2642 3255 2810 3328 quod
2829 3255 3064 3325 justum
3092 3258 3201 3319 est,
3230 3260 3289 3310 et
3312 3254 3714 3323 intelligamus

2047 3345 2215 3418 quod
2241 3361 2504 3418 aequum,
2537 3348 2602 3400 ut
2628 3345 2807 3400 etiam
2840 3345 2911 3379 9“
2962 3342 3303 3413 Thietbirga
3348 3347 3608 3411 mortua,
3650 3347 3716 3398 tu

2050 3434 2227 3491 nullis
2256 3433 2508 3503 legibus,
2539 3434 2717 3489 nullis
2758 3433 2978 3503 regulis
3011 3448 3285 3505 unquam
3316 3429 3717 3493 Waldradam

2047 3524 2110 3579 in
2139 3539 2388 3579 uxorem
2419 3522 2613 3595 possis
2642 3527 2746 3579 aut
2772 3522 3138 3595 permittaris
3155 3535 3487 3576 assumere.
3508 3522 3716 3575 Utrum

2049 3629 2191 3683 ergo
2212 3610 2535 3667 Waldrada
2561 3611 2825 3681 legitima
2847 3614 2953 3665 tua
3001 3609 3176 3665 fuerit
3213 3607 3541 3678 aliquando
3580 3620 3719 3661 con-

2046 3702 2219 3771 junx,
2270 3699 2526 3755 ecclesia
2574 3697 2675 3753 Dei
2719 3697 3123 3752 satisfactione
3172 3694 3523 3762 Thietbirga:
3596 3707 3721 3747 non

2052 3794 2204 3859 eget.
2260 3791 2457 3843 Unum
2514 3790 2716 3839 tamen
2766 3783 2990 3837 scimus
3020 3784 3117 3850 Μ,
3173 3780 3464 3853 quoniam
3506 3781 3581 3814 ³⁸³
3612 3794 3724 3834 nec

2055 3894 2168 3935 nos
2198 3892 2310 3931 nec
2338 3873 2553 3930 eadem
2580 3870 2838 3927 Ecclesia
2865 3870 2987 3941 Dei,
3041 3873 3284 3927 auctore
3334 3871 3453 3925 Deo
3504 3868 3577 3903 2“
3619 3866 3726 3941 qui

2056 3965 2359 4025 adulteros
2382 3960 2698 4035 judicabit,
2734 3964 2808 4029 te,
2839 3961 2887 4015 si
2918 3960 2992 3995 "5
3022 3957 3405 4015 Waldradam
3444 3955 3723 4030 quando-

2056 4070 2316 4128 cumque
2346 4050 2759 4124 resumpseris,
2793 4048 2973 4105 etiam
3001 4048 3339 4117 Thietbirga
3372 4047 3720 4118 decedente,

2056 4146 2309 4203 dimittet
2364 4142 2562 4199 modis
2619 4139 2902 4196 omnibus
2949 4138 3335 4212 impunitum.
3390 4162 3415 4187 »
3473 4140 3539 4193 Et
3588 4140 3727 4210 post

2056 4251 2255 4310 pauca
2288 4253 2299 4289 :
2334 4256 2359 4282 ‹‹
2394 4237 2597 4304 Itaque
2628 4245 2868 4285 summo
2885 4228 3085 4285 studio
3111 4224 3425 4301 praefatam
3448 4228 3523 4262 ’⁸⁸
3535 4226 3725 4283 Thiet-

2058 4326 2316 4395 birgam,
2345 4322 2666 4392 conjugem
2700 4322 2886 4385 tuam,
2917 4322 3209 4391 tanquam
3238 4316 3551 4390 propriam
3593 4330 3725 4371 car-

2061 4430 2200 4470 nem
2229 4413 2427 4467 fovere
2453 4426 2523 4464 ac
2552 4407 2795 4477 diligere
2831 4410 3175 4480 procurato,
3224 4410 3283 4461 et
3309 4419 3384 4460 ne
3415 4403 3580 4459 illam
3611 4419 3646 4458 a
3673 4407 3727 4457 te

2063 4517 2340 4575 separare
2371 4498 2490 4553 ullo
2518 4501 2695 4569 pacto
2724 4494 3083 4562 consentias,
3110 4493 3423 4562 vigilanter
3445 4490 3685 4546 attende
3712 4507 3726 4555 ;

2063 4592 2224 4649 unde
2277 4589 2326 4644 si
2380 4587 2507 4642 vult
2554 4602 2591 4642 a
2633 4590 2689 4642 te
2737 4582 3063 4649 discedere,
3096 4580 3348 4651 corripe,
3381 4579 3569 4633 immo
3598 4591 3729 4630 cor-

2055 4684 2182 4754 rige
2214 4679 2281 4715 "7
2307 4694 2469 4754 eam,
2524 4680 2579 4732 et
2629 4691 2666 4730 a
2690 4673 2794 4729 tali
2822 4671 3145 4728 intentione
3188 4682 3294 4741 per
3321 4665 3530 4722 omnia
3565 4678 3732 4719 revo-

1678 4757 1911 4810 VARle
1950 4752 2430 4824 LECTVIONES.”
2823 4814 2854 4824 η
3355 4823 3362 4824 ί
3423 4810 3445 4824 ,ί
3510 4805 3705 4824 _.____g

359 4829 435 4862 3”
468 4826 656 4882 linees
682 4827 836 4883 deest
1003 4828 1075 4862 ειδ
1108 4824 1431 4880 destinavit
1466 4829 1511 4879 I.
1542 4829 1593 4879 '2.
1629 4806 1936 4884 δζόῗέῐῖιι

2047 4806 2281 4884 istim.
2316 4806 2322 4807 ν
2360 4821 2433 4855 ἰδ
2465 4832 2707 4888 sensum
2734 4814 2934 4888 potius
2958 4825 3231 4888 quam_v.
3252 4825 3306 4888 .s.
3341 4823 3392 4863 c.
3417 4810 3479 4861 b.
3501 4806 3735 4888 placuit

372 4914 513 4953 nere
543 4905 596 4953 7.
630 4903 825 4954 9—12.
855 4899 984 4955 cod.
1025 4898 1086 4953 S.
1113 4896 1355 4969 Godehr
1389 4898 1487 4969 _“_7
1513 4912 1742 4969 ponere
1772 4897 1996 4969 placuit
2019 4901 2215 4955 9—12.
2296 4893 2365 4969 {‘3
2396 4906 2506 4963 pro
2536 4887 2755 4969 scelere
2785 4890 2837 4940 2.
2872 4891 2923 4941 5.
2964 4889 3047 4938 I2.

800 4971 874 5004 ²²⁰
906 4984 1147 5043 necnon
1167 4972 1225 5022 et
1240 4984 1290 5043 _a
1320 4954 1650 5035 tbietbi'rgte
1680 4954 1899 5043 reginae
1922 4954 2130 5043 recepta
2159 4954 2425 5043 interitus
2456 4958 2840 5043 meditatione
2872 4954 3274 5043 non‘qesrsat‘
3286 4954 3489 5043 1—3;“
3610 4965 3733 5043 ξιξ-

311 4970 528 5025 utabro
566 4974 613 5025 I.
646 4973 697 5025 3.

3128 4881 3202 4915 ²¹⁹
3247 4879 3309 4934 in
3347 4879 3603 4935 mmchio
3630 4894 3735 4934 vo-

287 5023 876 5096 conimunicavimus
907 5023 1005 5096 ἐξά.
1077 5023 1154 5074 ⁷³η
1181 5038 1406 5094 adimat
1437 5055 1507 5093 ac
1539 5023 1792 5110 preciosi
1824 5023 2147 5097 ί-έίὲῗᾶ.
2228 5041 2299 5074 ²²³
2329 5038 2547 5089 sanctae
2576 5028 2839 5110 ecclesiae
2868 5027 3029 5105 deest
3060 5029 3112 5110 ᾗ
3146 5024 3339 5110 9—i_2-
3393 5023 3492 5110 li"
3524 5026 3733 5110 eff}?-

289 5091 1001 5168 aié'éﬁtafi's'étﬁoﬁtéé
1026 5091 2146 5182 emﬁéﬁﬁiééizﬁﬁé‘ﬁéréus'écﬁ'ef
2205 5110 2277 5144 "5
2309 5122 2449 5182 cum
2473 5121 2529 5158 u.
2561 5118 2612 5157 c.
2644 5104 2702 5155 et
2729 5115 2780 5153 c.
2813 5097 2854 5152 f.
3064 5094 3493 5182 {lanci—lg“;
3531 5091 3735 5182 lii:

291 5188 488 5238 vester
511 5188 603 5239 5a.
637 5183 697 5239 d.
723 5183 898 5240 labor
921 5183 1117 5239 inanis
1147 5186 1318 5253 δίκε.
1397 5183 1467 5215 ²²ῖ
1503 5168 1823 5253 spirithalis
1854 5168 2175 5239 uobiscum
2205 5186 2257 5235 5.
2292 5179 2534 5253 msuos
2564 5186 2691 5253 una
2718 5184 2862 5250 voce
2979 5172 3094 5253 5:7
3127 5168 3324 5253 9.742.

1447 5251 1961 5325 231‘competibiles
1990 5256 2150 5311 deest
2180 5259 2235 5325 Ἲς
2263 5251 2457 5325 9-¹Ϋ·

289 5253 514 5322 judicio
544 5259 740 5311 7—12.
842 5257 916 5290 ’³ο
944 5252 1255 5311 revertenti
1288 5257 1339 5308 5.

3420 5166 3493 5200 ²²⁹
3528 5166 3735 5219 nostro

2560 5244 2632 5277 13'
2686 5239 2978 5296 venientia
3006 5239 3163 5297 deest
3351 5236 3424 5274 ’³³
3452 5233 3737 5291 obviave—

292 5308 431 5379 runt
452 5308 505 5381 3.
555 5308 677 5361 ’πί
692 5308 962 5398 actiones
984 5308 1101 5381 eos
1124 5308 1353 5398 aperire
1379 5328 1409 5378 5
1452 5397 1455 5398 ν
1511 5308 2194 5398 “(disposueramuset
2222 5322 2283 5377 in
2312 5326 2363 5398 7_.
2399 5316 2595 5398 9:4}.
2646 5310 2970 5398 nii‘iladhoc
3002 5316 3072 5398 5,‘
3109 5308 3323 5398 adhuc“
3350 5308 3733 5398 deest_7;_gf

298 5376 429 5450 ἰῖ
456 5376 535 5432 ίέτ
564 5376 1193 5469 ειηίιιῖεὶὶἇῖιῖῥθῖυἱιῖιῖῖὄ
1212 5376 1492 5469 ἒῗὲἓῆξ-
1564 5376 2308 5469 ,³³ίῖιὶἷῶἓιέἓῖὲὶίᾶαω,
2331 5390 2487 5469 ί-ᾒς
2516 5390 2567 5439 δ·
2646 5383 2720 5416 ’³³
2754 5376 3543 5469 ίμδθηὶηωθέξςθέῗίέῗῗὲξυὲξιὲ
3567 5388 3734 5469 Εἱῖἷῐ

294 5484 397 5541 sus
426 5470 626 5541 5.4M!“
659 5452 1229 5541 lest'etiam
1247 5472 1308 5541 ἶ.
1389 5466 1469 5541 ἐξ
1495 5464 1717 5541 scimus
1743 5466 1899 5522 deest
1938 5468 2069 5541 [.72.
2105 5466 2252 5541 scito
2284 5465 2337 5516 3.
2370 5529 2381 5540 θ
2414 5452 2952 5541 ’⁸³Αυοωοάο

3050 5453 3123 5488 ²⁴⁴
3155 5456 3398 5508 auctore
3431 5446 3544 5502 deo
3572 5446 3733 5501 deest

294 5536 390 5593 5d.
470 5539 546 5573 ²¹ο³
572 5525 868 5609 ῇαάίοὶὺὶῐ
896 5539 1017 5595 etsi
1041 5538 1134 5594 5d.
1214 5537 1289 5573 ²⁸⁶
1316 5535 1631 5609 prmfatam
1661 5537 1817 5593 deest.
1850 5542 1936 5662 7—1:

2126 5537 2199 5571 “7
2232 5529 2460 5598 corrige
2488 5525 2675 5583 immo
2705 5525 2935 5597 corripe
2966 5529 3017 5580 5.

2047 5610 2135 5663 γε.

369 5682 480 5750 (46)
522 5683 676 5737 Inter
699 5679 918 5737 Nicolai
948 5680 1228 5752 epistolas
1259 5695 1319 5735 n.
1351 5683 1440 5736 27.
1477 5681 1751 5741 Bouounr.

2126 5668 2250 5746 ’(47)
2289 5676 2353 5730 Ν.
2387 5674 2475 5729 34.
2508 5667 2899 5743 epistolarum
2930 5663 3169 5722 Nicolai.
3204 5665 3483 5720 Bououer.
