4076 6212
373 118 433 170 91
1473 107 1848 167 REGINONIS
1888 105 2305 165 PRUMIENSIS
2342 110 2638 168 ABBATIS
3488 142 3489 145 η
3730 119 3805 174 92

372 252 509 293 care
536 240 759 307 satage.
787 239 918 293 Jam
948 253 1086 293 vero
1114 238 1160 292 si
1195 252 1399 293 amore
1451 232 1750 309 pudicitiae
1795 200 2030 302 separa-
2055 196 2111 285 Α·
2140 229 2257 285 ritu
2285 238 2492 289 sancto
2513 233 2751 291 afflatus
2782 234 3159 308 praedixerat,
3191 235 3353 292 illata
3384 237 3517 305 sint,
3549 237 3611 293 in
3662 238 3799 297 sub-

372 324 597 381 tionem
626 330 857 399 quaerat
912 329 968 382 et
998 322 1331 397 conjugalis
1364 320 1648 379 connubii
1673 318 2030 376 solutionem

373 411 655 483 eﬂlagitet
680 415 776 481 πθ,
811 419 1037 471 certum
1082 414 1139 470 et
1186 413 1462 488 apostolo
1512 412 1743 468 dicente
1777 426 1789 462 :
1819 430 1844 457 ‹‹
1881 409 2033 471 Quo-

374 503 540 560 niam
570 505 788 560 mulier
829 505 924 559 sui
977 502 1242 574 corporis
1286 506 1797 573 potestatemlnon
1834 496 2028 563 habet,

374 594 478 650 sed
506 594 638 662 vir;
677 611 705 645 »
743 608 953 647 verum
994 592 1041 647 si
1103 596 1161 648 et
1205 592 1332 667 ipse
1375 589 1724 665 pudicitiam
1778 589 2033 642 sectatus

373 678 673 752 religionis
704 678 952 737 obtentu
973 678 1255 755 copulam
1284 676 1607 738 dissolvere
1653 674 1761 745 vis,
1798 678 2032 731 tantum

374 788 448 827 ne
477 766 750 826 simulate
784 769 907 837 ﬁat,
938 771 1345 827 concedimus.
1396 773 1544 826 Nam
1593 766 1727 823 licet
1774 765 1847 820 sit
1899 762 2034 819 scri-

373 860 542 933 ptum
578 877 590 915 :
628 860 797 927 Quod
822 860 895 895 "9
926 860 1083 917 Deus
1107 862 1445 933 conjunxit,
1482 860 1652 916 homo
1701 852 1820 913 non
1863 869 2032 924 sepa—

372 957 463 1006 ret
482 964 504 1024 ,°
536 950 690 1007 Deus
722 952 946 1021 tamen,
979 956 1035 1008 et
1074 968 1196 1008 non
1247 952 1433 1008 homo
1484 951 1740 1023 separat,
1785 944 2033 1018 quando

374 1038 559 1096 divini
591 1040 815 1095 amoris
836 1040 1073 1109 intuitu,
1106 1058 1177 1097 ex
1205 1057 1501 1097 consensu
1552 1037 1858 1108 utriusque
1899 1050 2034 1089 con-

367 1126 529 1200 jugis
560 1128 941 1184 matrimonia
969 1128 1395 1185 dissolvuntur.
1441 1128 1496 1185 Si
1527 1143 1668 1197 ergo
1706 1125 1820 1180 hoc
1854 1122 2035 1179 modo

371 1216 485 1285 vis,
516 1217 770 1286 gratuito
790 1217 1191 1292 permittimus
1224 1218 1448 1284 animo,
1479 1217 1851 1286 celeremque
1890 1228 2038 1285 prae-

373 1305 587 1361 bemus
618 1321 973 1375 assensum;
1022 1305 1188 1362 aliter
1237 1309 1435 1363 autem
1479 1303 1604 1360 ﬁeri
1634 1306 1909 1359 mutuam
1940 1316 2036 1355 ve-

375 1398 562 1451 stram
592 1397 1030 1468 separationem
1061 1396 1473 1470 prohibemus.
1520 1398 1699 1451 Porro
1743 1391 1790 1447 si
1837 1388 2039 1446 sterili-

372 1488 464 1540 tas
490 1488 826 1554 accusatur,
859 1486 1081 1553 cogites
1115 1486 1322 1541 Saram
1374 1483 1871 1551 nonagenariam.
1926 1486 2037 1533 An-

371 1589 518 1628 nam
543 1588 808 1645 quoque,
841 1571 1019 1628 simul
1050 1578 1106 1628 et
1131 1571 1466 1628 Helisabeth
1489 1573 1598 1638 ’50;
1626 1586 1812 1643 quam
1837 1572 2034 1624 tamen
2064 1577 2108 1629 B

374 1660 737 1716 sterilitatem
760 1661 1009 1717 fortasse
1036 1678 1158 1717 non
1181 1659 1319 1718 facit
1342 1656 1764 1716 infoecunditas
1790 1660 1886 1728 πί,
1929 1650 2035 1712 sed

374 1749 675 1821 iniquitas.
740 1748 909 1821 Ergo,
963 1748 1397 1820 gloriosissime
1450 1766 1575 1820 rex,
1622 1752 1746 1804 esto
1793 1746 2037 1820 propria

376 1843 693 1911 contentus
729 1857 934 1908 uxore,
967 1842 1024 1896 et
1053 1844 1265 1914 prater
1289 1840 1464 1906 illius,
1495 1836 1735 1896 alterius
1775 1855 1849 1895 ne
1880 1854 2040 1911 qua»

374 1944 472 1984 ras
498 1928 884 1984 consortium.
919 1930 1101 2000 Igitur
1127 1929 1442 1985 consilium
1494 1932 1767 1984 nostrum
1812 1927 2036 1999 accipe,

377 2020 433 2073 et
460 2017 690 2073 monita
717 2021 921 2074 nostra
952 2021 1243 2091 tanquam
1272 2014 1581 2073 affectuosi
1606 2016 1791 2089 patris
1822 2012 2040 2088 ample-

378 2114 552 2179 ctere,
586 2113 764 2180 atque
797 2104 873 2164 ab
901 2109 1067 2165 omni
1092 2108 1382 2182 pravitate
1414 2112 1695 2175 mentem,
1744 2105 2035 2177 linguam,

378 2210 717 2269 corpusque
770 2195 1022 2266 refrena,
1073 2197 1375 2270 praecipue
1428 2194 1760 2252 Waldradae
1814 2193 2038 2269 pellicis

380 2288 492 2339 tuae
525 2288 582 2338 et
610 2282 843 2340 dudum
871 2288 986 2341 ate
1023 2284 1348 2357 repudiatae
1404 2285 1890 2340 communionem
1941 2283 2037 2338 de-

378 2371 630 2441 clinans,
662 2374 720 2428 et
743 2372 872 2444 ejus
895 2373 1265 2429 consortium
1303 2376 1605 2448 perpetuae
1654 2371 1935 2429 oblivioni
1962 2374 2039 2408 ’δ’

379 2461 636 2517 tradens.
699 2460 1228 2520 Excommunicata
1277 2465 1365 2518 est
1414 2461 1595 2534 enim,
1646 2465 1703 2523 et
1740 2478 1929 2534 usque
1960 2461 2036 2519 ad

378 2546 756 2623 praesentiam
788 2556 1057 2609 nostram
1089 2550 1168 2608 ab
1199 2551 1365 2608 omni
1395 2550 1866 2608 Christianorum
1896 2568 2038 2607 con-

378 2637 652 2696 tubernio
683 2644 1071 2714 sequestrata,
1105 2638 1255 2698 sicut
1293 2644 1451 2697 totus
1500 2640 1630 2711 jam
1682 2639 1846 2695 novit
1888 2640 2041 2695 occi-

377 2728 546 2796 dens,
575 2732 632 2784 et
654 2728 781 2799 jam
803 2729 1055 2801 jamque
1088 2728 1162 2763 ’53
1197 2744 1302 2800 per
1332 2726 1547 2783 missos
1585 2730 1822 2783 nostros
1872 2726 2041 2783 mini-

378 2832 473 2871 me
501 2832 639 2871 cum
666 2815 860 2888 plagis
911 2814 1133 2871 caeteris
1175 2812 1372 2871 oriens
1412 2815 1730 2885 ignorabit.
1776 2815 2036 2881 Quamo-

2141 320 2528 391 sequentibus
2562 326 2629 357 ²⁶¹
2667 340 2776 378 suo
2806 320 2867 378 in
2895 323 3029 379 loco
3061 322 3574 382 demonstrabitur
3598 317 3690 383 “3.

2211 409 2378 466 Circa
2409 412 2522 483 (48)
2552 412 2677 468 haec
2726 416 2995 485 tempora
3047 410 3434 470 Hludowicus
3474 431 3579 471 rex
3609 413 3804 473 fratris

2141 497 2231 552 sui
2261 496 2334 533 ³⁸³
2366 499 2557 557 Caroli
2586 517 2839 572 regnum
2870 518 3010 557 cum
3039 502 3301 559 exercitu
3333 502 3642 575 ingressus
3691 504 3800 574 est,

2142 587 2397 655 gestiens
2429 589 2822 646 occidentalia
2856 607 3041 661 regna
3101 608 3210 647 suo
3258 593 3583 665 subjugare
3614 593 3801 650 domi-

2142 677 2326 741 natui,
2386 675 2704 750 fratrisque
2761 679 3079 751 praeripere
3137 678 3211 714 ’σε
3262 678 3529 737 debitam
3587 683 3806 755 portio-

2140 779 2301 833 nem,
2333 781 2470 837 quae
2497 766 2549 821 ei
2581 772 2735 822 sorte
2768 784 2838 822 ac
2864 766 3129 823 funiculo
3161 769 3519 825 haereditatis
3560 787 3800 843 compe-

2142 855 2330 907 tenter
2358 852 2674 925 acciderat,
2707 853 2925 910 oblitus
2977 854 3385 927 germanitatis
3440 874 3509 913 ac
3548 874 3806 915 consan-

2144 939 2446 1009 guinitatis
2474 940 2722 1013 fmdera,
2755 943 2973 999 oblitus
3002 944 3180 1016 pacti,
3214 942 3381 1019 quod
3404 947 3533 1017 jam
3571 946 3806 1004 dudum

2144 1033 2353 1086 mutua
2383 1031 2773 1088 conventione
2790 1032 3142 1106 pepigerant
3167 1034 3261 1103 ³⁸⁵,
3278 1035 3598 1092 immemor
3622 1037 3802 1093 etiam

2103 1144 2106 1146 η
2143 1124 2680 1188 sacramentorum,
2713 1116 2933 1193 quibus
2968 1138 3029 1178 se
3058 1140 3194 1178 cum
3222 1124 3458 1195 magnis
3481 1125 3806 1182 execratio-

2142 1207 2321 1263 nibus
2346 1225 2552 1264 coram
2582 1212 2701 1265 Deo
2731 1209 3121 1281 obligaverat.
3180 1210 3564 1270 Preebuerant
3611 1212 3684 1248 ²⁶⁶
3725 1213 3803 1270 ad

2144 1298 2258 1352 hoc
2290 1297 2520 1353 facinus
2552 1299 2967 1371 peragendum
2999 1296 3139 1357 talia
3177 1302 3250 1336 ²⁶τ
3302 1302 3692 1358 occasionum
3730 1290 3808 1338 ’δέ

2144 1386 2527 1443 incitamenta
2560 1384 2848 1444 fomitem.
2886 1390 3152 1461 Carolus,
3189 1395 3254 1446 ut
3279 1393 3351 1426 ²⁶⁹
3384 1391 3806 1464 praemisimus,

2146 1475 2445 1546 quosdam
2473 1492 2546 1531 ex
2576 1474 2968 1532 nobilioribus
3002 1480 3165 1548 regni
3208 1484 3310 1535 aut
3355 1480 3593 1552 publice
3642 1480 3812 1552 adju-

2146 1563 2375 1620 dicatos
2406 1564 2604 1635 gladio
2632 1565 2941 1639 percussit,
2976 1571 3080 1624 aut
3108 1562 3246 1625 dolo
3278 1568 3558 1643 deceptos
3586 1568 3658 1603 ²τ⁰
3683 1586 3816 1643 per-

2146 1652 2312 1709 didit.
2369 1655 2569 1710 Caeteri
2626 1654 3018 1711 formidantes
3073 1673 3145 1711 ne
3186 1657 3401 1713 similia
3443 1658 3808 1731 paterentur,

2148 1738 2563 1799 Hludowicum
2591 1760 2794 1814 regem
2816 1748 2980 1800 trans
3013 1745 3286 1801 Rhenum
3332 1751 3811 1802 commorantem

2149 1831 2484 1903 sollicitant,
2543 1833 2796 1906 ejusque
2843 1835 2910 1869 ’7'
2960 1832 3234 1891 animum
3288 1835 3366 1891 ad
3417 1835 3817 1894 obtinendum

2148 1920 2341 1977 fratris
2370 1934 2624 1993 regnum
2676 1922 2943 1995 illiciuut,
2999 1920 3408 1997 promittentes
3457 1927 3814 1999 semetipsos

2147 2026 2270 2066 una
2294 2027 2431 2066 cum
2456 2028 2641 2082 regno
2671 2013 2801 2083 ejus
2834 2011 3042 2068 ditioni
3083 2012 3402 2070 tradituros
3425 2013 3516 2070 ³⁷⁸.
3548 2012 3665 2070 Hac
3682 2031 3815 2088 per-

2148 2096 2447 2171 suasione,
2472 2105 2536 2156 ut
2564 2098 2749 2157 animi
2775 2116 2987 2170 regum
3018 2101 3176 2157 avidi
3216 2105 3272 2158 et
3297 2119 3533 2176 semper
3552 2102 3814 2175 inexple-

2149 2182 2296 2244 biles
2327 2191 2484 2259 sunt,
2516 2189 2686 2245 facile
2716 2190 2777 2245 in
2809 2206 2980 2262 spem
3008 2186 3398 2259 introductus,
3441 2209 3580 2248 cum
3612 2191 3812 2248 valida

2148 2293 2356 2348 manu,
2375 2281 2436 2333 ut
2456 2276 2739 2347 diximus,
2764 2278 3049 2335 terminos
3070 2281 3237 2351 regni
3265 2276 3523 2337 intravit.
3539 2279 3809 2352 Carolus,

2149 2367 2407 2423 sentiens
2436 2368 2586 2424 vires
2614 2369 2687 2404 "3
2718 2369 2887 2440 regni
2935 2386 2970 2426 a
3023 2387 3084 2426 se
3133 2370 3440 2435 defecisse,
3496 2372 3558 2427 in
3590 2366 3812 2427 ultimis

2147 2453 2369 2513 finibus
2421 2458 2750 2531 Aquitaniae
2806 2458 2961 2530 fugae
3014 2459 3334 2516 latibulum
3391 2462 3464 2496 ³⁷⁵
3518 2460 3807 2529 quaesivit.

2149 2540 2549 2620 Hludowicus,
2583 2553 2648 2603 ut
2678 2548 2959 2621 caeperat,
2986 2564 3243 2618 regnum
3274 2549 3551 2622 obtinuit,
3601 2566 3670 2605 ac
3717 2567 3813 2605 us-

2145 2649 2264 2706 que
2298 2632 2545 2692 Senonis
2584 2631 2879 2692 civitatem
2912 2637 2983 2671 ’75
3026 2636 3311 2710 pervenit.
3366 2638 3620 2694 Dimisso
3668 2654 3812 2694 vero

2147 2724 2406 2779 exercitu
2433 2724 2493 2779 in
2525 2724 2903 2781 Germaniam
2932 2723 3011 2782 ad
3040 2724 3283 2800 propria
3304 2728 3517 2799 redire,
3542 2745 3681 2784 cum
3710 2745 3815 2803 op-

2146 2810 2452 2868 timatibus
2481 2812 2647 2884 regni
2675 2813 2853 2886 coepit
2875 2816 3116 2885 negotia
3141 2815 3460 2887 disponere
3490 2835 3502 2884 ;
3555 2817 3659 2872 sed
3704 2835 3809 2872 su-

376 2903 548 2959 brem
574 2897 912 2959 cavendum
934 2908 1041 2971 est,
1074 2920 1151 2960 ne
1182 2920 1321 2960 cum
1348 2920 1419 2959 ea
1449 2903 1577 2975 pari
1600 2920 1886 2959 mucrone
1912 2919 2041 2976 per-
2069 2926 2108 2979 ρ
2148 2900 2269 2956 bito
2300 2900 2537 2958 fortuna
2566 2906 2849 2958 mutatur.
2901 2906 3049 2959 Nam
3089 2898 3389 2975 principes
3437 2905 3541 2979 qui
3581 2921 3718 2961 eum
3750 2906 3813 2961 in

379 2988 607 3046 cellaris
638 2990 965 3061 sententiae,
1017 3008 1087 3047 ac
1134 3008 1245 3065 pro
1291 2991 1468 3047 unius
1514 2990 1873 3048 mulierculae
1904 3007 2040 3065 pas-

380 3078 546 3134 sione
573 3081 630 3133 et
657 3077 990 3134 brevissimi
1015 3079 1089 3115 ’5‘
1125 3078 1407 3152 temporis
1438 3077 1756 3148 desiderio,
1810 3081 2041 3136 vinctus

380 3168 436 3224 et
464 3166 762 3240 obligatus
792 3168 869 3224 ad
896 3166 1251 3242 sulphureos
1283 3168 1522 3225 fcetores
1554 3173 1609 3224 et
1631 3169 1709 3226 ad
1737 3171 2039 3243 perhenne

378 3254 632 3313 traharis
658 3256 921 3312 exitium.
966 3280 992 3307 ‹‹
1035 3258 1105 3313 Et
1146 3257 1357 3330 paucis
1416 3257 1775 3330 interpositis
1830 3257 2041 3329 episto-

378 3342 498 3400 lam
531 3342 613 3399 sic
635 3343 937 3401 concludit
969 3363 981 3400 ε
1018 3346 1093 3380 ²⁵⁶
1122 3364 1154 3399 ›
1195 3348 1326 3401 Haec
1376 3352 1575 3402 autem
1606 3363 1718 3401 nos
1749 3346 1852 3401 tibi
1878 3362 2038 3401 nunc

379 3432 704 3509 scripsisse,
760 3439 817 3489 et
867 3430 1042 3507 quasi
1093 3435 1245 3491 inter
1292 3451 1404 3490 nos
1455 3436 1511 3490 et
1548 3440 1602 3490 te
1627 3439 1829 3491 nostra
1858 3432 2040 3508 verba

378 3538 657 3578 excessus
710 3529 844 3579 tuos
899 3522 1276 3596 corripientia
1334 3520 1683 3579 discurrisse
1742 3518 2035 3591 sufﬁciat;

377 3614 658 3667 caeterum
680 3626 975 3684 praecave,
1008 3627 1083 3667 ne
1109 3608 1357 3685 quando
1388 3610 1564 3667 nobis
1599 3610 1673 3646 εδδ
1704 3602 2040 3668 secundum

377 3700 610 3757 Domini
639 3706 1006 3776 praeceptum
1036 3702 1107 3736 ’57
1141 3696 1292 3757 :luos
1333 3704 1437 3757 aut
1486 3707 1602 3757 tres
1658 3701 1835 3757 testes
1874 3700 2038 3758 adhi-

373 3790 646 3856 beamus,
670 3790 857 3847 immo
886 3802 1029 3847 Vero
1058 3808 1133 3847 ne
1166 3792 1280 3847 hoc
1306 3788 1571 3846 ecclesiae
1614 3795 1833 3847 sanctae
1882 3790 2040 3848 dica-

376 3894 535 3949 mus,
567 3884 643 3948 et,
676 3879 839 3952 quod
871 3895 994 3934 non
1025 3882 1327 3953 optamus,
1361 3878 1435 3933 de
1480 3884 1692 3935 caetero
1740 3879 1851 3936 ﬁas
1891 3879 2042 3937 sicut

376 3965 648 4022 ethnicus
680 3969 735 4022 et
762 3965 1147 4040 publicanus.
1194 3990 1221 4015 ››

446 4054 596 4109 Ecce
626 4070 697 4110 ex
727 4052 927 4110 multis
953 4071 1153 4128 pauca
1200 4058 1405 4111 notare
1452 4055 1818 4126 curavimus,
1866 4062 1929 4113 ut
1955 4054 2039 4113 sic

376 4144 778 4200 nescientibus
830 4160 902 4201 ex
956 4148 1125 4217 parte
1170 4144 1382 4202 ﬁerent
1429 4144 1690 4217 cognita,
1744 4151 1808 4202 ut
1835 4151 2037 4203 tamen

2114 3018 2117 3021 -
2147 3002 2401 3059 regnum
2431 2991 2901 3063 introduxerant,
2934 2988 3200 3048 videntes
3226 2993 3392 3064 quod
3413 2990 3485 3028 ’⁷⁸
3509 2992 3688 3063 longe
3710 2994 3818 3052 ali-

2148 3083 2235 3135 ter
2260 3075 2560 3136 incev’leret
2600 3096 2743 3151 erga
2776 3097 2878 3136 eos
2925 3082 3019 3153 ³⁷⁷,
3079 3097 3264 3154 quam
3304 3080 3815 3155 existimaverant,

2148 3167 2517 3240 paenitudine
2548 3168 2684 3224 tacti
2709 3168 2788 3225 ad
2819 3164 3096 3226 Carolum
3126 3173 3519 3226 revertuntur.
3563 3168 3815 3227 Carolus

2147 3270 2218 3313 ex
2246 3257 2573 3330 desperatis
2604 3254 2783 3313 rebus
2817 3257 2966 3315 vires
2987 3268 3050 3315 se
3072 3257 3365 3333 recepisse
3394 3258 3810 3329 congaudens,

2147 3346 2461 3402 contractis
2515 3344 2780 3420 undique
2828 3347 3036 3421 copiis,
3092 3346 3333 3404 fratrem
3381 3342 3538 3405 bello
3565 3342 3815 3419 aggredi

2147 3436 2347 3491 tentat.
2379 3434 2476 3491 ille
2505 3436 2761 3504 intuens,
2793 3439 2850 3493 et
2878 3452 2914 3492 a
2946 3438 3067 3492 suis
3116 3454 3272 3509 quos
3308 3453 3511 3505 secum
3542 3436 3814 3492 adduxe-

2146 3527 2256 3594 rat,
2287 3529 2345 3579 et
2382 3523 2460 3579 ab
2492 3522 2582 3580 his
2612 3540 2766 3597 quos
2797 3522 2878 3580 ibi
2906 3525 3235 3598 acquisisse
3279 3525 3442 3581 visus
3488 3525 3699 3593 fuerat,
3746 3518 3845 3580 se-

2146 3626 2274 3669 esse
2295 3614 2661 3679 destitutum,
2692 3614 2985 3670 maturius
3018 3609 3226 3685 fugam
3258 3611 3525 3687 arripuit,
3573 3620 3628 3670 et
3672 3630 3813 3669 cum

2146 3698 2347 3759 debita
2376 3703 2725 3759 confusione
2751 3704 2899 3759 fines
2930 3703 3096 3774 regni
3126 3704 3200 3738 ²⁷⁸
3229 3702 3497 3759 excessit.

2219 3792 2339 3848 Hac
2397 3797 2743 3865 tempestate
2805 3790 3136 3847 Hucbertus
3201 3793 3274 3826 ’79
3349 3790 3511 3847 abba
3543 3834 3556 3859 ,

2150 3876 2503 3950 Thietbirgze
2543 3881 2783 3951 reginae,
2817 3885 3024 3938 contra
3067 3878 3433 3938 Hlotharium
3482 3896 3685 3951 regem
3718 3896 3813 3935 re-

2146 3966 2368 4025 bellare
2425 3987 2671 4025 exorsus
2724 3974 2853 4037 est;
2913 3970 3158 4027 collecta
3196 3973 3420 4044 quippe
3457 3964 3815 4044 praedonum

2147 4058 2348 4113 valida
2401 4073 2627 4124 manu,
2691 4058 2936 4131 rapinas
2993 4060 3172 4131 coepit
3226 4075 3518 4125 exercere,
3578 4057 3815 4114 interfea

2150 4145 2375 4216 ctisque
2428 4150 2529 4201 aut
2586 4143 2802 4215 fugatis
2865 4144 3142 4201 Hlotharii
3201 4144 3517 4214 ﬁdelibus,
3584 4142 3687 4218 qui
3741 4143 3815 4200 ﬁ-

3632 3790 3816 3847 frater

378 4233 701 4289 scientibus
752 4249 875 4288 non
920 4247 1027 4306 per
1077 4231 1281 4289 omnia
1325 4238 1525 4291 essent
1571 4252 1843 4292 onerosa.
1888 4238 2038 4302 Qua-
2068 4268 2111 4321 D
2149 4233 2359 4289 nitima
2406 4230 2796 4306 possidebant
2842 4227 2993 4304 loca,
3049 4249 3225 4301 agros
3264 4231 3556 4304 villasque
3601 4250 3817 4291 eorum

376 4323 491 4379 lem
512 4323 585 4357 ’53
616 4338 757 4378 vero
779 4322 1003 4378 exitum
1026 4322 1207 4394 hujus
1236 4324 1496 4397 pestiferi
1524 4341 1671 4380 mor.
1701 4322 1717 4379 i
1744 4325 2035 4398 pernicies

376 4410 632 4468 attulerit
660 4411 988 4485 apostolico
1014 4426 1271 4467 renuens
1303 4410 1526 4469 mederi
1549 4414 1837 4482 antidoto,
1853 4431 2040 4487 quan-

375 4505 555 4573 taque
586 4499 658 4535 ’⁵9
690 4498 857 4571 regni
886 4497 1206 4573 dispendia
1233 4517 1305 4556 ex
1335 4498 1449 4556 hac
1486 4498 1791 4558 mortifera
1838 4508 2041 4559 conta-

376 4589 737 4662 gione,sicut
768 4590 1151 4662 supradictus
1183 4587 1601 4646 sanctissimus
1631 4607 1794 4664 papa
1814 4592 1890 4627 ’⁸ο
1918 4592 2040 4666 Spi-

2151 4340 2272 4379 suae
2326 4322 2597 4379 factionis
2656 4320 3044 4377 sectatoribus
3101 4316 3420 4376 distribuit.
3476 4318 3568 4375 Ad
3607 4318 3819 4393 hujus-

2150 4412 2384 4469 cemodi
2440 4410 2829 4467 temeritatem
2887 4408 3407 4484 comprimendam
3470 4409 3813 4468 Hlotharius

2148 4519 2252 4559 rex
2305 4500 2507 4568 semel,
2563 4499 2776 4555 iterum
2832 4504 3011 4573 atque
3060 4499 3228 4555 tertio
3284 4500 3610 4556 exercitum
3676 4516 3816 4574 pro-

2148 4592 2334 4659 duxit,
2368 4592 2708 4663 frequenter
2749 4587 2929 4648 etiam
2979 4606 3118 4645 cum
3146 4582 3403 4645 ducibus
3440 4595 3813 4646 armatorum

1743 4698 1982 4754 VABl/E
2020 4698 2440 4759 LECTIONES.

449 4786 520 4819 ²¹ο⁸
550 4784 839 4855 efflagitat
865 4788 912 4840 1.
942 4784 982 4839 tl

987 4789 1246 4858 agitetfl.
1281 4790 1475 4858 9—12.
1552 4787 1627 4821 “9
1649 4800 1804 4858 quos
1837 4791 1887 4841 5.
1965 4789 2040 4824 ¹⁶⁰
2068 4787 2360 4844 elixabeth
2404 4791 2489 4841 50.
2546 4785 2836 4858 elizabeth
2890 4791 2980 4841 5a.
3042 4798 3096 4858 e.
3172 4784 3238 4858 ξ⁵¹
3297 4784 3654 4858 fmcunditas
3713 4785 3809 4858 5d.

379 4856 453 4890 ³⁵³
478 4849 826 4938 obligationi
864 4849 1170 4938 2..__5a"d.‘__
1192 4855 1351 4938 met
1370 4857 1498 4938 jam
1528 4849 1770 4938 quoque
1799 4862 1850 4938 ξ..
1885 4863 1971 4938 5c.
2002 4875 2054 4938 e.
2088 4862 2145 4938 et
2163 4860 2414 4938 jamque
2530 4863 2619 4913 5a.
2647 4856 2705 4913 d.
2784 4859 2856 4893 ⁸⁵⁸
2885 4849 3221 4938 percelleris
3250 4855 3553 4938 sententiae
3576 4856 3809 4938 passioa-

378 4940 453 4980 ne
480 4928 537 4979 et
561 4924 899 5009 brevissimi
928 4926 1033 5009 5ςξζ
1100 4928 1173 4962 ⁸⁵⁸
1195 4924 1518 5009 epistolam
1544 4924 1625 5009 sic
1638 4924 1959 5009 concludit
1987 4930 2147 5009 deest
2163 4924 2365 5009 7—12:

422 5000 749 5066 raeceptum
804 4998 856 5051 5.
962 4998 1035 5032 ³⁵⁸

406 5068 449 5101 ⁶ι
485 5065 842 5122 Praedixerat

869 5079 1004 5141 qua!
1030 5068 1620 5141 iii—subsequentibus
1647 5074 1699 5125 5.
1777 5069 1850 5104 ³⁸⁸
1878 5068 2430 5127 demonstrabimus
2461 5076 2511 5126 5.
2592 5072 2666 5107 ’³³
2697 5068 2803 5127 rex
2828 5070 3022 5126 fratris
3053 5069 3145 5124 sui
3183 5068 3338 5141 deest
3369 5074 3420 5123 7.

2443 4930 2513 4963 ’⁵⁸
2553 4943 2627 4985 ne
2677 4944 2816 4985 cum
2860 4926 3034 4984 nobis
3083 4932 3169 4982 50.
3231 4941 3281 4981 e.
3360 4927 3433 4962 ²⁶τ
3479 4926 3813 4982 secundum

1079 4996 1333 5072 qualiter
1384 5004 1436 5053 7.
1492 5002 1686 5072 9—42.
1766 4999 1843 5072 Ἦ
1891 5006 2241 5072 quantoque
2292 5000 2386 5055 5d.
2465 5001 2541 5035 ²⁶⁰
2590 5000 2945 5070 contagione
2978 4997 3139 5072 fecit
3158 4996 3542 5072 supradictus
3555 4997 3806 5072 papatjs.

3497 5064 3582 5104 ’θ’θ’
3615 5064 3812 5124 fratris

377 5136 693 5243 praeripere
722 5142 775 5192 7.
807 5136 1003 5193 9—112.
1035 5136 1400 5213 fratrique—8.
1433 5140 1718 5212 fratrique
1748 5144 1856 5203 etc.
1891 5157 2076 5214 usque
2104 5155 2312 5199 coram
2346 5145 2463 5197 Deo
2495 5142 2867 5268 obligaverat
2895 5141 3056 5197 deest
3093 5144 3147 5196 4.
3224 5140 3301 5221 ﬁ“
3339 5139 3650 5244 pepigerat
3677 5144 3727 5195 3.
3757 5145 3809 5195 5.

479 5208 815 5268 praebuerat
846 5212 1001 5266 1—3.
1034 5212 1085 5266 5.
1118 5214 1170 5266 6.
1249 5210 1322 5246 ⁸⁸⁷
1354 5211 1532 5268 talem
1559 5216 1609 5267 6.
1645 5214 1696 5266 5.
1776 5212 1849 5246 ³⁸⁸
1880 5213 2267 5268 occasionem
2296 5218 2347 5268 3.
2382 5220 2434 5268 7.
2479 5217 2607 5268 9—1
2662 5256 2674 5268 .
2752 5213 2828 5249 ²⁵⁹
2874 5212 3114 5268 carolus
3145 5224 3251 5268 aui
3281 5215 3337 5265 et
3365 5215 3430 5266 ut
3460 5215 3510 5265 5.
3590 5212 3610 5244 ²
3642 5212 3664 5244 °
3708 5210 3809 5265 dc-

406 5209 453 5243 “
479 5208 815 5280 praebuerat
846 5212 1001 5266 1-3.
1034 5212 1085 5266 5.
1118 5214 1170 5266 6.
1222 5208 1322 5246 ’⁸⁸⁷
1354 5211 1532 5268 talem
1559 5208 1696 5267 6.5
1776 5212 1849 5246 ³⁸⁸
1880 5208 2267 5270 occasionem
2296 5218 2347 5270 3.
2382 5220 2434 5269 7.
2479 5217 2607 5268 9-1

2752 5213 2828 5249 ²⁵⁹
2874 5212 3114 5268 carolus
3145 5208 3251 5282 qui
3281 5208 3439 5266 et'ut'
3460 5215 3510 5265 5.
3541 5281 3545 5282 ν
3590 5211 3664 5282 "fl
3708 5210 3812 5265 dc-

381 5279 589 5362 cep’tus
612 5286 663 5334 7.
745 5282 814 5314 ³⁷¹
840 5280 1113 5362 ejusdem
1138 5281 1232 5337 6d.
1312 5282 1384 5317 ’τ’
1415 5280 1759 5364 subdituros
1781 5289 1834 5339 τ.
1912 5284 1987 5320 ⁸⁷³
2017 5284 2177 5342 viros
2204 5284 2373 5355 regni
2406 5289 2454 5339 l.
2484 5288 2538 5340 2.
2659 5288 2710 5340 6.
2744 5291 2795 5340 7.
2832 5286 3027 5341 9—12.
3057 5282 3117 5337 ‘3?
3165 5279 3603 5353 "“aquitaniaa
3636 5279 3816 5351 lugia!

381 5349 696 5406 latibulum
722 5355 774 5406 5.
808 5366 905 5407 aa.
939 5351 1116 5407 fume.
1151 5366 1308 5407 corr.
1334 5369 1505 5407 eume
1536 5353 1635 5407 lat.
1666 5357 1718 5407 2.
1798 5355 1872 5390 "5
1898 5369 2091 5407 usaue
2120 5361 2461 5407 retnensam
2489 5357 2787 5407 civitatem
2819 5361 2869 5407 5.
2949 5353 3021 5389 ³⁷⁸
3069 5351 3461 5407 videntesaue
3516 5351 3685 5407 auod
3724 5355 3811 5407 5c.

378 5349 696 5406 latibulum
722 5355 774 5406 5.
808 5349 905 5423 aq.
939 5351 1116 5421 fugie.
1151 5366 1308 5408 corr.
1334 5354 1505 5422 eugie
1536 5353 1635 5409 lat.
1666 5357 1718 5410 2.
1798 5355 1872 5390 "5
1898 5369 2091 5428 usque
2120 5349 2461 5412 retnevnsem
2489 5356 2787 5411 civitatem
2819 5361 2869 5411 5.
2949 5353 3021 5389 ³⁷⁸
3069 5349 3461 5425 νίὰθηῐθεξιυθ
3516 5351 3685 5426 quod
3712 5349 3811 5407 5c.

380 5421 449 5457 ⁸⁷⁷
481 5434 625 5491 erga
653 5436 758 5478 eos
779 5422 1079 5480 incederet
1108 5424 1302 5480 7—42.
1381 5427 1453 5461 ἠε
1478 5424 1646 5494 regni
1672 5425 1820 5480 fines
1852 5430 1903 5482 7.
1938 5429 2135 5483 9—12.
2214 5430 2288 5464 "9
2320 5427 2612 5483 hubertus
2645 5429 2696 5481 5.
2730 5425 3014 5482 eubertus
3046 5430 3099 5478 7.

1981 5508 2219 5573 ΝΟΤΕ.

453 5582 565 5653 (48)
602 5585 774 5637 Anno
797 5584 900 5640 858
930 5588 987 5642 et
1014 5585 1139 5640 859.
1175 5582 1258 5641 Cf.
1290 5587 1442 5641 Ann.
1480 5582 1647 5640 Fuld.
1679 5588 1737 5641 et
1762 5583 1979 5644 Bertin.
