4076 6212
267 208 338 262 93
619 213 624 218 ·
918 152 923 155 ⁷
1286 179 1295 188 “
1501 200 1929 263 cuuomcon.
1965 228 2036 244 --
2059 202 2172 259 ΑΝ.
2201 204 2455 261 sseae-2.
3625 210 3695 267 at

269 326 705 383 multitudinem
736 326 985 392 direxit;
1015 326 1122 383 sed
1154 327 1403 384 minime
1422 329 1579 384 hanc
1633 338 1922 400 praesum-
1954 325 2001 378 Α
2035 324 2337 381 modicam
2369 326 2609 382 turbam
2637 342 3018 400 paganorum
3064 329 3420 385 intrinsecus
3466 330 3697 387 latitan-

269 415 531 487 ptionem
562 415 909 483 extinguere
939 416 1153 488 potuit,
1185 417 1328 490 quia
1356 416 1489 474 loca
1544 412 1922 472 inaccessibi-

266 502 343 558 lia
370 503 520 559 inter
551 505 625 539 "0
655 506 869 558 Jurum
897 505 967 539 ³⁸¹
994 508 1051 559 et
1081 504 1259 577 Alpes
1306 506 1600 561 Penninas
1652 506 1723 539 ’⁸³
1775 502 1926 558 sedi-

268 592 429 647 tiosis
453 592 932 649 munitissimum
960 593 1311 665 praebebant
1352 594 1813 667 receptaculum,
1869 597 1927 650 et

264 685 387 750 regi
419 682 825 755 exercituique
848 682 998 753 ejus,
1031 688 1272 755 propter
1298 699 1565 739 concava
1594 682 1837 739 vallium
1869 687 1927 738 et

266 775 569 844 praerupta
600 770 922 835 montium,
959 771 1261 829 artissima
1290 775 1363 808 ²⁸⁸
1383 773 1592 829 itinera
1622 777 1680 829 et
1718 771 1924 827 difﬁci-

263 858 380 914 lem
409 861 483 895 ²⁸⁸
504 860 846 930 ingressum
875 862 968 915 ³⁸⁵.
1001 862 1272 918 Attamen
1301 863 1463 918 idem
1493 862 1783 935 acephala
1812 862 1922 933 (49)

267 948 602 1006 Hucbertus
630 951 952 1007 novissime
982 967 1018 1007 a
1042 952 1315 1008 Conrado
1348 955 1420 987 ³⁸⁵
1448 953 1663 1009 comite
1694 968 1925 1026 perem-

264 1044 404 1110 ptus
434 1044 522 1095 est
545 1041 717 1111 juxta
743 1045 1025 1109 castrum,
1057 1042 1225 1113 quod
1252 1042 1405 1098 Urba
1434 1042 1547 1112 (50)
1576 1043 1810 1097 dicitur.

333 1131 507 1184 Anno
539 1129 855 1184 Dominicis
883 1129 1314 1184 incarnationis
1340 1134 1441 1185 866
1462 1132 1530 1164 ³⁸⁷
1567 1132 1700 1201 (5t).
1733 1130 1925 1185 Heris~

261 1214 436 1286 poius
466 1216 560 1286 ’3‘,
591 1232 696 1271 rex
723 1217 1076 1285 Brittonum,
1110 1232 1143 1270 a
1174 1217 1300 1271 suis
1346 1216 1711 1283 interﬁcitur,
1739 1222 1796 1272 et
1823 1218 1927 1273 Sa-

261 1302 470 1358 lomon
498 1303 623 1357 dux
649 1303 713 1356 in
741 1302 875 1357 loco
906 1303 1039 1371 ejus
1073 1302 1457 1372 subrogatur.
1486 1305 1623 1359 Erat
1650 1305 1808 1359 enim
1843 1304 1925 1359 is-

265 1390 408 1444 dem
428 1390 520 1444 vir
552 1391 624 1424 3"
656 1394 934 1445 strenuus
958 1395 1014 1445 et
1058 1390 1395 1456 bellicosus,
1454 1396 1510 1447 et
1550 1396 1675 1447 tam
1733 1392 1926 1449 forma

268 1494 457 1550 quam
487 1478 693 1533 animo
717 1479 795 1533 ad
832 1480 998 1547 regni
1029 1480 1436 1548 gubernacula
1453 1485 1764 1552 coaptatus
1786 1483 1917 1551 (5'2).

268 1566 515 1621 Carolus
548 1566 715 1621 tertio
747 1580 928 1638 super
954 1568 1236 1622 Brittones
1266 1583 1403 1623 cum
1419 1568 1677 1623 exercitu
1698 1569 1921 1625 irruere

2035 418 2177 481 tem,
2208 429 2533 487 parumper
2565 415 2983 483 deliberantes,
3021 417 3288 474 castrain
3317 419 3564 475 circuitu
3586 425 3698 477 sta-

2034 508 2226 570 tuunt,
2260 504 2510 560 tentoria
2537 504 2751 574 ﬁgunt,
2784 510 2849 561 ut
2870 506 2931 561 in
2986 507 3330 576 crastinum,
3380 510 3695 565 exstructis

2034 591 2359 661 aggeribus
2389 594 2818 668 applicansque
2848 597 3167 666 machinis,
3194 597 3394 653 hostes
3448 599 3585 654 totis
3614 600 3697 655 vi.

2032 683 2201 737 ribus
2236 690 2688 755 expugnarent;
2721 684 3067 742 declinabat
3090 686 3315 760 quippe
3341 688 3466 757 jam
3497 689 3586 743 sol
3616 690 3693 744 ad

2032 788 2336 828 occasum.
2364 773 2719 830 Ruotbertus
2742 775 3010 848 [quoque
3040 783 3092 846 7,
3125 776 3281 846 9-12]
3300 777 3484 832 nimio
3500 778 3694 835 calore

2029 868 2387 929 exaestuans,
2418 863 2658 933 galeam
2694 870 2750 921 et
2772 864 3022 921 loricam
3075 865 3374 938 deposuit,
3427 870 3494 921 ut
3549 882 3697 923 aura

2030 952 2275 1008 collecta
2303 952 2614 1025 paulisper
2642 954 3084 1024 refrigeraretur
3114 957 3210 1025 ην,
3233 970 3495 1028 cumque
3518 958 3703 1011 unus:

2030 1043 2286 1114 quisque
2310 1042 2370 1097 in
2400 1041 2697 1114 positione
2718 1046 3049 1100 castrorum
3070 1044 3421 1111 intenderet,
3450 1050 3694 1118 repente

2035 1129 2401 1187 Nordmanni
2433 1147 2469 1185 a
2506 1132 2832 1188 munitione
2871 1133 3137 1202 exiliunt,
3165 1137 3222 1189 et
3273 1149 3412 1189 cum
3468 1132 3695 1203 ingenti

2035 1216 2297 1272 clamore
2326 1234 2507 1290 super
2533 1220 2922 1276 Ruotbertum
2956 1237 3026 1275 ac
3057 1221 3249 1275 socios
3278 1221 3347 1257 ⁸⁰¹
3402 1221 3693 1293 impetum

2034 1303 2280 1359 faciunt.
2314 1303 2386 1351 39°
2411 1306 2525 1360 Sed
2553 1307 2833 1378 quamvis
2862 1308 3154 1379 repentini
3182 1311 3240 1361 et
3276 1307 3572 1363 subitanei
3602 1322 3695 1363 ca-

2034 1407 2139 1447 sus
2171 1392 2345 1448 etiam
2377 1393 2731 1450 fortissimos
2751 1395 2915 1450 viros
2936 1395 2998 1449 in
3034 1394 3191 1450 bello
3220 1394 3577 1450 conturbare
3608 1410 3697 1449 so-

2029 1479 2210 1545 leant,
2272 1486 2472 1537 tamen
2531 1499 2701 1539 arma
2747 1499 2934 1555 quam
2997 1482 3166 1538 citius
3223 1484 3299 1518 ³⁰²
3350 1482 3695 1554 corripiunt,

2030 1567 2231 1623 hostes
2263 1570 2501 1625 viriliter
2530 1572 2851 1643 excipiunt,
2885 1576 2942 1626 et
2969 1571 3247 1626 cedentes
3295 1571 3356 1625 in
3383 1569 3697 1626 basilicam

262 1654 655 1725 disponit,sed
703 1669 840 1710 cum
899 1655 978 1710 ad
1033 1655 1317 1711 terminos
1356 1656 1548 1725 gentis
1598 1658 1922 1730 appropin-
1954 1674 1994 1731 Β
2032 1656 2223 1711 redire
2280 1659 2662 1730 compellunt.
2724 1660 3088 1715 Ruotbertus
3143 1659 3377 1731 absque
3421 1658 3593 1727 galea
3639 1662 3697 1713 et

260 1746 526 1813 quasset,
558 1741 764 1797 audito
789 1742 955 1814 quod
976 1743 1055 1797 ad
1076 1743 1478 1800 resistendum
1509 1746 1643 1800 totis
1691 1746 1919 1801 viribus

261 1831 450 1903 parati
482 1836 701 1897 essent,
736 1831 935 1887 subito
965 1836 1193 1888 mutata
1218 1834 1544 1895 voluntate.
1576 1837 1770 1903 magis
1811 1836 1923 1891 ele-

263 1916 345 1986 git
382 1934 595 1989 pacem
621 1919 925 1991 suscipere
954 1937 1140 1993 quam
1172 1921 1401 1977 bellum
1454 1923 1707 1991 inferre;
1769 1924 1922 1980 facta

261 2005 460 2078 itaque
481 2007 757 2079 pactione
784 2025 923 2063 cum
944 2010 1283 2075 Salomone,
1314 2027 1500 2083 quam
1528 2013 1759 2068 dudum
1781 2030 1921 2069 cum

264 2093 571 2167 Herispoio
603 2096 840 2158 fecerat.
864 2098 1141 2153 discessu
1170 2100 1265 2155 ³ου.

903 2190 1285 2244 DCCCLXVII.

332 2275 502 2327 Anno
532 2274 849 2329 Dominicse
905 2276 1335 2331 incarnationis
1397 2280 1495 2332 867
1553 2281 1583 2331 1‘-
1600 2278 1921 2334 ordmanni

262 2361 372 2430 (53)
403 2376 572 2416 oram
604 2364 673 2397 ²⁹¹
711 2364 943 2432 Legeris
971 2364 1236 2419 ﬂuminis
1258 2371 1645 2437 occupantes,
1679 2370 1927 2422 Namne-

260 2454 489 2504 tensem
514 2452 608 2513 ’93,
641 2451 1158 2516 Andegavensem,
1180 2453 1586 2508 Pictavensem
1611 2460 1791 2524 atque
1822 2458 1929 2509 'l‘u-

259 2537 533 2592 ronicam
565 2539 940 2609 provinciam
970 2538 1176 2595 iterato
1207 2540 1522 2594 crudeliter
1569 2541 1927 2613 depopulari

258 2631 611 2697 coeperunt;
644 2632 851 2682 contra
897 2643 1051 2698 quos
1102 2628 1459 2683 Ruotbertus
1490 2630 1564 2664 2³⁸
1614 2630 1715 2701 qui
1772 2647 1926 2686 mar-

259 2730 397 2770 cam
431 2715 504 2749 ’9‘
532 2714 792 2777 tenebat,
825 2720 883 2770 et
910 2715 1263 2771 Ramnulfus
1295 2718 1367 2751 ³9⁵
1398 2716 1522 2772 dux
1570 2718 1922 2789 Aquitania,

261 2803 509 2859 collecta
538 2803 911 2859 multitudine
937 2805 1125 2860 aciem
1158 2804 1437 2875 dirigunt.
1473 2806 1558 2862 Illi
1607 2809 1923 2864 sentientes

279 2909 339 2947 se
363 2893 440 2948 ab
472 2895 733 2948 exercitu
765 2894 838 2928 ²⁹⁶
866 2894 1124 2966 insequi,
1165 2910 1302 2949 cum
1334 2911 1574 2951 summa
1628 2898 1921 2953 accelera-

266 2982 421 3038 tione
451 2984 529 3039 ad
559 2982 815 3040 classem
846 2984 1137 3055 repedare
1169 2985 1540 3040 contendunt
1572 3004 1585 3052 ;
1645 2986 1747 3041 sed
1782 3004 1920 3042 cum
1952 3019 1992 3070 ο

262 3072 751 3144 appropinquare
778 3073 1225 3144 insequentium
1250 3073 1692 3129 multitudinem
1723 3092 1922 3131 cerne-

262 3165 411 3223 rent,
443 3167 871 3227 cognoscentes
896 3177 960 3216 se
986 3159 1245 3229 effugere
1284 3178 1408 3217 non
1467 3180 1666 3234 posse,
1728 3180 1923 3235 quan-

262 3247 409 3303 dam
439 3247 645 3303 villam
664 3248 1102 3318 ingrediuntur,
1135 3248 1237 3304 ubi
1289 3266 1371 3315 se,
1422 3256 1719 3320 quantum
1775 3252 1923 3307 hora

266 3335 553 3406 permisit,
580 3338 1020 3394 commlmiunt.
1056 3340 1192 3393 Erat
1220 3343 1420 3394 autem
1455 3339 1516 3393 in
1547 3340 1757 3394 eadem
1784 3339 1923 3395 villa

267 3424 508 3480 basilica
538 3427 894 3497 pergrandis
922 3443 994 3482 ex
1023 3426 1222 3500 lapide
1280 3432 1638 3497 constructa,
1692 3429 1751 3483 in
1800 3445 1924 3500 qua

265 3513 530 3568 maxima
558 3529 697 3585 pars
725 3516 1251 3570 Nordmannorum
1281 3514 1542 3570 introivit
1580 3532 1718 3572 cum
1770 3516 1922 3573 duce

263 3616 474 3656 eorum
504 3602 747 3658 nomine
780 3603 1079 3672 Hastingo.
1116 3602 1473 3659 Ruotbertus
1498 3604 1924 3659 etRamnwlfus

263 3706 403 3746 cum
435 3691 608 3746 sociis
636 3708 814 3764 super
844 3710 945 3748 eos
968 3693 1157 3749 irrunt
1184 3695 1277 3757 “’7,
1310 3708 1704 3764 quoscunque
1761 3701 1926 3747 extra

263 3779 575 3836 basilicam
602 3787 990 3853 reppererunt
1020 3785 1115 3851 ’9“,
1149 3782 1380 3852 absque
1408 3798 1578 3835 mora
1608 3781 1923 3836 trucidant.

268 3868 355 3923 Ad
386 3868 697 3925 ecclesiam
731 3871 893 3939 [vero
916 3871 1068 3939 7-12]
1101 3869 1531 3941 pervenientes,
1564 3884 1701 3921 cum
1754 3868 1930 3921 vidis-

268 3961 406 4012 sent
431 3958 634 4012 locum
686 3958 1012 4025 munitum,
1071 3962 1127 4011 et
1185 3954 1754 4011 animadvertissent
1807 3970 1929 4010 non

2033 1745 2215 1801 lorica
2248 1762 2586 1813 accurrens,
2622 1764 2762 1804 cum
2792 1748 3092 1804 incautius
3122 1748 3453 1813 dimicaret,
3487 1752 3544 1802 et
3590 1747 3696 1802 ini-

2030 1834 2219 1889 micos
2250 1834 2404 1891 ultro
2437 1838 2513 1871 ³⁰⁸
2545 1836 2977 1909 insequeretur,
3010 1836 3355 1892 interfectus
3384 1840 3471 1891 est
3500 1836 3560 1891 in
3608 1836 3696 1890 in-

2032 1922 2209 1977 troitu
2240 1924 2429 1995 ipsius
2458 1924 2759 1989 ecclesiae;
2793 1926 2924 1995 ejus
2969 1940 3189 1996 corpus
3236 1925 3365 1995 jam
3415 1924 3692 1980 exanime

2035 2013 2379 2075 Normanni,
2412 2014 2771 2068 intrinsecus
2802 2014 3067 2068 trahunt.
3098 2014 3276 2068 Porro
3318 2012 3692 2079 Ramnulfus,

2033 2116 2172 2155 cum
2213 2102 2448 2156 eminus
2480 2108 2646 2158 stans
2696 2107 2976 2157 eventum
3031 2102 3115 2157 rei
3173 2101 3599 2174 specularetur,
3659 2116 3696 2155 a

2031 2189 2301 2259 quodam
2331 2191 2720 2245 Nordmanno
2749 2206 2857 2262 per
2886 2191 3210 2246 fenestram
3234 2190 3495 2246 basilicae
3521 2189 3697 2258 sagit-

2034 2280 2107 2330 ιω
2139 2277 2258 2330 ictu
2291 2278 2549 2345 graviter
2569 2279 2919 2334 vulneratus
2943 2284 3049 2340 est,
3091 2282 3149 2332 et
3172 2293 3210 2332 a
3239 2279 3361 2331 suis
3388 2293 3459 2331 ex
3512 2281 3696 2331 certa-

2036 2364 2198 2417 mine
2226 2364 2476 2419 eductus
2509 2366 2602 2431 θοι,
2624 2366 2721 2419 vix
2754 2366 2950 2421 triduo
2982 2366 3329 2436 supervixit.
3360 2364 3484 2419 Tali
3511 2363 3700 2418 infeli-

2039 2451 2091 2505 ci
2123 2450 2448 2505 infortunio
2474 2467 2683 2522 pugna
2722 2453 3046 2507 commissa
3091 2458 3183 2506 est
3239 2456 3296 2507 et
3349 2451 3425 2487 ³⁸⁸
3478 2450 3693 2516 ﬁnita;

2037 2539 2330 2594 exercitus
2354 2539 2578 2594 amisso
2603 2540 2798 2611 capite
2821 2555 3018 2596 errore
3045 2539 3118 2575 ⁸⁰⁶
3146 2540 3367 2612 pariter
3390 2556 3460 2596 ac
3486 2556 3699 2596 maero-

2036 2643 2099 2682 re
2124 2625 2404 2699 repletus,
2438 2626 2605 2682 solvit
2632 2627 2846 2683 eadem
2870 2629 3020 2683 hora
3058 2627 3461 2696 obsidionem,
3513 2634 3573 2683 et
3619 2626 3697 2683 ad

2036 2715 2279 2787 propria
2302 2715 2645 2779 revertitur;
2671 2716 3040 2771 Nordmanni
3066 2720 3314 2771 ovantes
3338 2716 3415 2771 ad
3442 2715 3697 2771 classem

2033 2805 2297 2871 dirigunt
2328 2818 2604 2871 gressum
2631 2802 2722 2858 δοῖ.

2105 2893 2212 2963 (54)
2237 2895 2363 2947 Non
2396 2892 2587 2948 multo
2614 2894 2688 2927 ³0⁸
2719 2897 2861 2965 post
2878 2893 3186 2963 interjecto
3212 2897 3482 2965 tempore
3525 2896 3694 2961 Hugo

2030 2982 2101 3022 809
2134 2980 2297 3036 abba
2324 2981 2385 3036 in
2432 2980 2630 3036 locum
2689 2980 2990 3037 Ruotberti
3052 2980 3406 3037 substitutus
3451 2985 3558 3048 est,
3612 2980 3699 3035 vir

2032 3075 2329 3137 strenuus,
2358 3068 2625 3133 humilis,
2649 3070 2872 3139 justus,
2900 3069 3210 3142 pacificus,
3241 3074 3299 3125 et
3353 3071 3519 3126 omni
3572 3085 3700 3125 mo-

2032 3173 2165 3212 rum
2198 3158 2509 3213 honestate
2565 3157 2900 3223 fundatus;
2952 3159 2999 3213 si
3055 3158 3304 3231 quidem
3358 3158 3486 3214 Odo
3517 3160 3591 3193 ³¹⁰
3641 3163 3699 3213 et

2034 3245 2409 3314 ltuotbertus,
2442 3245 2546 3301 ﬁlii
2580 3247 2911 3313 Ituotberti,
2961 3248 3159 3303 adhuc
3206 3247 3439 3319 parvuli
3505 3250 3695 3311 erant,

2030 3334 2280 3405 quando
2310 3339 2481 3406 pater
2518 3335 2810 3391 extinctus
2838 3342 2946 3404 est,
2977 3341 3035 3391 et
3062 3336 3283 3391 idcirco
3308 3351 3429 3390 non
3456 3339 3544 3390 est
3571 3333 3690 3389 illis

2031 3423 2287 3478 ducatus
2317 3423 2701 3479 commissus.

2104 3516 2209 3567 Per
2232 3512 2393 3569 idem
2424 3512 2489 3547 ³¹¹
2521 3518 2760 3584 tempus
2792 3528 2938 3581 gens
2971 3515 3434 3568 Sarracenorum
3475 3512 3536 3567 in
3596 3515 3699 3566 Be-

2032 3606 2290 3656 nevento
2320 3603 2392 3635 ³¹²
2416 3618 2487 3655 ex
2520 3602 2713 3656 Africa
2747 3602 3005 3659 veniens.
3043 3601 3386 3654 universam
3415 3616 3567 3671 pene
3613 3615 3700 3653 re-

2035 3690 2276 3756 gionem
2308 3689 2471 3743 illam
2503 3689 2873 3753 invaserunt,
2907 3686 3196 3751 caedibus,
3220 3686 3446 3757 rapinis
3504 3702 3574 3740 ac
3614 3687 3701 3740 in-

2038 3777 2185 3831 cend
2196 3776 2264 3831 iis
2279 3776 2486 3830 omnia
2498 3774 3185 3845 depopulantestontra
3200 3774 3305 3841 (55)
3321 3787 3476 3843 quos
3490 3772 3704 3827 Hludo-

2040 3865 2228 3919 wicus
2266 3864 2593 3935 imperator
2623 3862 2943 3917 exercitum
2967 3862 3281 3929 contrahit,
3308 3860 3599 3916 etveritus
3625 3877 3701 3917 ne

2052 3952 2201 4008 forte
2238 3952 2527 4008 adversus
2552 3951 3049 4007 innumerabilem
3087 3951 3349 4007 hostium
3375 3949 3701 4006 multitudi-

1646 4078 1876 4134 VABLE
1904 4080 2207 4143 LECTION
2217 4078 2313 4132 ES.

336 4186 413 4220 ³⁸⁸
436 4185 868 4243 inaccessibilia
900 4188 1068 4241 erant
1093 4185 1243 4241 inter
1272 4189 1323 4239 5.
1402 4186 1471 4218 ’8'
1492 4185 1693 4256 juram
1721 4189 1768 4239 1.
1801 4188 1854 4241 2.
1884 4189 1935 4240 5.
2015 4186 2087 4220 ²⁸²
2120 4183 2285 4256 alpes
2316 4181 2693 4256 appenninas
2721 4185 2771 4237 5.
2828 4180 3306 4256 __98‘f_praibebant
3352 4185 3461 4237 etc.
3514 4197 3702 4256 usque

264 4257 564 4312 artissima
595 4258 751 4313 deest
786 4264 802 4312 1
840 4290 907 4297 ——-
934 4263 984 4313 3.
1019 4261 1070 4312 5.
1149 4258 1221 4292 ³⁸⁸
1248 4256 1459 4311 itinera
1483 4254 1786 4311 difﬁcilem
1813 4260 1861 4310 1.
1887 4260 1941 4311 2.
1976 4260 2027 4311 3.

264 4330 645 4400 appenninas
675 4329 969 4385 seditiosis
993 4333 1132 4383 sunt
1184 4327 1585 4400 munitissima
1642 4326 1932 4400 praebent
1966 4326 2325 4400 intrantibus

2416 4270 2503 4324 ua:
2554 4251 2986 4308 inaccessibilia
3032 4254 3183 4308 inter
3203 4254 3409 4324 jurum
3440 4257 3497 4307 et
3534 4251 3700 4324 alpes

2426 4323 2681 4379 ifﬂcilem
2733 4325 3071 4394 ingressum
3106 4330 3135 4379 3
3219 4323 3513 4378 seditiosis
3566 4323 3703 4377 sunt

2100 4257 2180 4289 3"“
2205 4255 2341 4309 loca

267 4394 691 4473 munitissima,
716 4400 986 4473 przebent
1017 4405 1215 4473 tamen
1272 4394 1687 4473 itinerantibus
1733 4397 2035 4473 difﬁcilem
2066 4398 2426 4473 ingressum.
2452 4400 2761 4473 “attamen
2783 4397 2939 4473 Cod:
2958 4472 2967 4473 ί
3086 4395 3305 4473 ϐρᾷρζι
3338 4394 3701 4473 ingressum

264 4470 615 4544 praestantia
637 4476 687 4527 5.

766 4471 837 4505 2⁸⁸
868 4470 1219 4528 chuonrado
1250 4474 1301 4525 3.
1335 4469 1643 4524 chonrado
1674 4474 1725 4523 7.
1753 4469 2065 4524 chunrado
2095 4474 2126 4523 9
2158 4499 2225 4506 —
2261 4472 2343 4522 12.

262 4537 373 4623 cui
394 4547 758 4623 etquaeque
787 4543 1062 4623 deinceps
1092 4554 1555 4623 numerurﬁur‘w
1601 4544 1868 4623 augent.‘
1923 4540 1995 4574 ²⁸⁸
2050 4537 2422 4623 herisposinus
2458 4580 2469 4592 .
2507 4580 2518 4591 .

2444 4469 2512 4501 387
2576 4481 2630 4533 a.
2686 4466 2743 4521 d.
2794 4467 2832 4533 i,
2879 4470 3002 4520 867.
3045 4465 3214 4519 codd.
3250 4469 3300 4519 3.
3334 4467 3384 4533 8.
3420 4469 3451 4520 9
3484 4493 3550 4502 —-
3587 4468 3696 4533 125

2574 4531 2936 4609 herispoSios
2977 4532 3441 4609 5.uhierisp0ius
3496 4538 3546 4585 7.
3626 4531 3700 4563 ²⁸⁹

263 4605 427 4668 énim
455 4605 563 4668 iste
588 4605 677 4667 vir
711 4615 755 4670 l.
789 4618 841 4670 3.
875 4618 925 4669 5.
957 4605 1010 4669 ϐ’.
1036 4616 1067 4666 9
1097 4644 1165 4653 -
1200 4616 1281 4667 12.
1361 4610 1433 4645 ²⁹⁹
1458 4605 1716 4666 δὺοθεεὶἶ
1743 4613 1795 4665 4.
1832 4609 1934 4664 dec

2041 4610 2088 4663 ait
2118 4614 2147 4664 5
2178 4605 2237 4663 d:
2316 4609 2385 4643 ²⁹¹
2443 4622 2549 4663 ora
2601 4614 2653 4662 7.
2686 4605 2817 4661 9’-
2852 4610 2934 4660 12.
3013 4605 3086 4639 ²⁹²
3141 4605 3504 4672 occupantes
3557 4612 3701 4652 nam

264 4686 607 4739 Mettensem
639 4689 688 4739 5.
768 4685 837 4719 99’
870 4684 1167 4740 rotbertus
1197 4690 1226 4736 7
1237 4727 1248 4738 .
1274 4681 1589 4738 rodbertus
1622 4684 1672 4736 8.
1708 4680 1982 4736 robertus
2010 4682 2064 4735 4.
2098 4679 2402 4734 rutbartus
2433 4683 2516 4733 11.
2548 4682 2632 4733 12.
2664 4677 3003 4732 rothbertus
3036 4678 3118 4729 10.
3151 4672 3429 4727 rubertus
3536 4686 3587 4723 c.
3646 4684 3697 4723 e.

267 4756 340 4788 ³9⁵
374 4756 690 4811 merebam
720 4759 771 4811 '2.
805 4760 856 4811 3.
889 4760 944 4811 4.
976 4754 1309 4810 marchiam
1340 4758 1390 4807 5.

1471 4754 1543 4786 395
1575 4751 1890 4807 rannulfus
1919 4756 1965 4807 1.
1999 4756 2050 4806 3.
2085 4754 2137 4804 4.
2171 4750 2441 4806 ranulfus
2473 4754 2524 4804 5.
2549 4754 2580 4805 6
2610 4750 2637 4804 ‘?
2666 4747 2956 4803 ramolfus
2978 4753 3029 4801 et
3063 4740 3400 4799 ramnulfus
3424 4743 3477 4794 2.
3538 4754 3701 4794 ram-

268 4824 468 4880 nolt‘ds
496 4809 548 4880 8.
579 4809 853 4881 arnuliu—s
959 4809 1083 4901 ‘5“
1115 4809 1176 4880 Se
1206 4824 1496 4901 exercitus
1656 4824 1725 4901 3'3”
1760 4838 1939 4901 super
1968 4822 2202 4901 irruunt
2233 4826 2280 4876 1.
2306 4824 2357 4901 2.
2383 4826 2467 4901 5._
2513 4821 2585 4855 "3
2606 4819 2987 4901 reperierunt
3022 4820 3068 4901 1..
3102 4818 3152 4868 3.
3196 4809 3587 4901 reperiare}:

268 4896 574 4968 reperiunt
599 4901 652 4952 4.
734 4900 805 4932 ²⁹⁹
834 4896 1211 4966 refrigeretur
1365 4895 1439 4928 ³⁰⁰
1465 4894 1540 4950 ad
1575 4893 1769 4948 socios
1796 4882 1910 4947 5'0.

270 4964 341 4996 an:
370 4973 598 4996 ,νηηηια
635 4966 800 4996 mna...
846 4972 875 4996 ιε
998 4968 1071 4996 ana
1104 4966 1249 4996 ..ιοηη
1288 4971 1316 4996 ο)
1527 4964 1598 4996 30b
1631 4963 1845 4996 mlunsn
1908 4968 1934 4996 λ’

2044 4892 2255 4996 iusque
2286 4893 2414 4961 ejus
2444 4898 2472 4945 7
2504 4882 2704 4945 -12,“
2760 4892 2830 4924 θοι
2869 4888 3160 4956 impetum
3194 4882 3457 4938 fecerunt
3497 4888 3527 4939 3
3643 4890 3696 4938 6.

2131 4966 2153 4996 3
2184 4963 2203 4996 5
2236 4962 2560 4996 nnmmimm
2589 4967 2643 4996 οι
2678 4967 2706 4996 ις
2830 4958 2904 4994 ιοσ
2931 4955 3122 4996 nanim
3183 4969 3438 4996 inmrnrn
3494 4958 3527 4996 Δ.
3624 4954 3696 4988 ⁸07

270 4964 351 5001 ³⁰ί
367 4973 600 5039 quanto
632 4966 801 5023 citius
846 4972 897 5022 6.
986 4964 1071 5001 ⁷³0³
1104 4966 1256 5039 ultra
1287 4971 1337 5021 3.

1527 4964 1598 4997 30‘
1630 4963 1845 5018 educto
1906 4968 1935 5017 5
1966 4962 2025 5017 d.

2131 4954 2203 4996 ³⁸⁵
2235 4954 2566 5017 commissa
2589 4967 2644 5016 et
2676 4967 2727 5016 5.
2830 4958 2904 4994 ⁸⁰⁶
2931 4954 3122 5026 capite
3183 4969 3438 5026 maerore
3494 4958 3547 5011 4.
3624 4954 3699 4988 ⁸⁰⁷

270 5025 541 5127 gressum
564 5041 722 5094 deest
738 5045 783 5127 5
813 5038 874 5094 d.
950 5040 1024 5072 δυδ
1056 5038 1313 5093 multum
1350 5039 1395 5091 l.
1473 5037 1546 5070 ³ου
1590 5036 1730 5104 hug.
1764 5040 1816 5090 3.
1896 5034 1934 5069 ³⁸

2041 5034 2152 5089 udo
2174 5036 2227 5088 9.
2265 5039 2347 5090 11.
2382 5033 2504 5127 υόρ
2614 5038 2665 5088 6.
2698 5039 2751 5086 7.
2795 5032 2873 5082 t0.
2951 5025 3019 5060 3”
3057 5025 3117 5079 id
3148 5030 3199 5083 5.
3277 5026 3350 5060 3"
3398 5025 3698 5082 beneven-

271 5112 397 5163 tum
429 5113 481 5165 4.
508 5115 538 5164 5
571 5124 623 5164 c.
656 5128 708 5166 θ.
736 5114 789 5166 8.

1862 5212 2091 5269 NOTAE.

350 5327 457 5397 (49)
485 5329 800 5403 Aeephala
830 5329 935 5401 qui
954 5334 1146 5403 caput
1176 5344 1374 5389 suum,
1417 5340 1619 5403 regem
1669 5323 1940 5403 videlicet
1981 5326 2022 5378 D

270 5394 377 5455 aut
407 5394 677 5468 regulam
706 5394 1124 5469 monasticam,
1158 5417 1281 5456 non
1335 5397 1646 5467 agnoscit;
1698 5394 1934 5450 rebellis

268 5474 377 5525 aut
406 5469 657 5526 clericus
681 5472 1060 5542 conjugatus.

343 5542 457 5615 (59)
488 5542 662 5611 Orbe,
695 5558 731 5598 a
762 5542 1159 5615 septentrione
1190 5544 1545 5598 Lausannze.

342 5612 549 5682 (5l)A.
584 5629 644 5671 n.
679 5614 801 5670 857.
826 5612 919 5671 Cf.
953 5618 1105 5671 Ann.
1135 5615 1287 5670 Bert.

2122 5324 2233 5392 (52)
2260 5323 2372 5392 An.
2406 5321 2527 5373 863.
2559 5316 2640 5392 (If.
2675 5320 2829 5371 Ann.
2854 5318 3003 5392 Bert.

2115 5387 2224 5463 (‘53)
2256 5390 2340 5463 Cf.
2373 5395 2524 5463 Ann.
2560 5390 2709 5463 Bert.
2742 5404 2840 5444 an.
2872 5391 2995 5445 866.
3025 5394 3085 5463 et
3115 5387 3281 5456 Fuld,
3313 5401 3410 5442 an.
3443 5387 3567 5439 867.

2116 5458 2229 5532 (54)
2256 5462 2392 5533 [Αῑι.
2434 5461 2584 5531 866.]
2607 5460 2867 5533 θξηΑῐιυ.
2892 5458 3103 5516 Bertin.

2114 5522 2229 5602 (55)
2461 5522 2584 5587 866Ῐ
2630 5529 2713 5588 Cf.
2747 5528 3168 5605 Erchempertii
3224 5529 3392 5594 Aist.,
3447 5540 3500 5579 ο.
3526 5526 3614 5579 32.
3645 5522 3703 5575 et

2043 5608 2196 5663 Ann.
2227 5604 2377 5660 Bert.
2409 5617 2509 5661 an.
2542 5606 2664 5661 866.
