4076 6212
409 151 478 203 95
1529 138 1902 196 REGINONIS
1941 138 2350 196 PRUMIENSIS
2388 141 2696 197 ABBATIS.
3753 141 3820 194 96

409 283 552 324 nem
573 267 730 323 vires
755 265 924 334 regni
945 279 1066 319 non
1099 263 1454 330 sufﬁcerent,
1479 264 1556 320 ad
1588 262 1954 319 Hlotharium
1987 263 2061 295 ³¹³
2093 266 2138 318 Α
2173 264 2534 321 cordationis
2555 264 2817 320 domnus
2844 261 3116 318 Nicolaus
3134 260 3211 318 ab
3237 261 3352 317 hac
3371 260 3825 332 lachrymarum

412 357 656 414 fratrem
682 354 742 410 in
776 353 990 409 Gallias
1022 353 1248 421 legatos
1300 352 1493 422 mittit,
1554 353 1798 409 omnino
1856 367 2064 423 expos-

414 464 579 518 cens,
611 451 674 501 ut
699 445 777 500 ad
807 443 1068 516 praefatae
1098 443 1481 515 nequissimae
1505 443 1695 513 gentis
1725 442 1876 497 vires
1911 445 2066 496 exte-

413 535 694 593 nuandas
715 533 1152 604 audaciamque
1183 532 1602 588 refrenandam
1629 532 1740 587 sibi
1796 547 1934 586 cum
1965 529 2064 586 Dei

417 624 659 691 auxilio,
686 621 900 677 virtute
925 636 1167 693 quoque
1213 625 1595 688 Francorum,
1657 620 2062 694 opitularetur.

418 714 528 779 Qui
554 711 697 767 nihil
728 714 1061 779 cunctatus,
1095 711 1416 767 exercitum
1446 727 1584 766 cum
1610 710 1835 780 ingenti
1859 709 2064 764 indus-

414 802 525 858 tria
551 799 956 872 undequaque
986 801 1299 870 contrahit,
1321 800 1604 872 fratrique
1625 805 1852 873 quanta
1877 798 2069 872 potuit

415 889 707 946 celeritate
737 887 798 942 in
830 889 1196 958 adjutorium
1227 889 1403 946 venit.
1446 890 1554 945 Ubi
1604 890 1865 963 plurima
1913 888 2070 943 bella

417 983 585 1049 gesta
609 981 768 1046 sunt,
797 991 919 1032 non
947 977 1141 1032 solum
1172 977 1414 1045 fortiter,
1448 978 1554 1034 sed
1583 979 1763 1035 etiam
1804 978 2066 1046 feliciter,

418 1071 538 1123 Deo
567 1082 746 1138 opem
776 1067 1018 1135 ferente,
1042 1066 1194 1121 inter
1211 1068 1339 1122 haec
1371 1067 1661 1124 exercitus
1678 1067 2068 1136 Hlotariigra-

416 1157 473 1212 vi
502 1161 664 1229 peste
695 1154 978 1223 fatigatur
1013 1173 1024 1222 ;
1061 1171 1133 1209 ex
1165 1156 1272 1225 (5:5)
1323 1155 1555 1211 insueto
1594 1155 1818 1228 quippe
1875 1154 2070 1210 calore

419 1251 476 1301 et
495 1243 843 1315 intemperie
883 1243 1034 1298 aeris
1060 1242 1408 1314 dissolutus,
1435 1244 1788 1315 dysenteriae
1811 1243 1904 1299 vel
1932 1243 2074 1298 lien-

417 1333 572 1389 teriae
595 1334 668 1366 3”
695 1332 909 1387 morbo
941 1331 1273 1403 corripitur,
1300 1348 1373 1388 ex
1397 1349 1520 1405 qua
1567 1333 1746 1405 plaga
1800 1334 2072 1389 innume-

416 1422 618 1479 rabilis
649 1421 968 1476 multitudo
998 1421 1255 1478 extincta
1285 1427 1372 1478 est
1406 1441 1418 1490 ;
1451 1423 1693 1494 plurimi
1720 1423 1900 1478 etiam
1948 1438 2075 1477 ara-

417 1527 671 1567 nearum
697 1511 770 1545 3‘5
803 1509 1104 1565 morsibus
1129 1511 1450 1580 perierunt,
1495 1517 1558 1566 ut
1582 1513 1708 1582 jam
1739 1517 1876 1567 tunc
1907 1511 2074 1566 dare-

2170 353 2324 408 valle
2353 359 2603 410 vocante
2625 353 2851 410 Christo
2872 351 3354 421 decesserit,cum
3374 349 3596 406 sanctis
3616 353 3681 406 ut
3707 366 3828 406 cre-

2172 443 2372 498 dimus
2401 442 2890 499 inaestimabiliter
2915 441 3320 498 coronandus.
3355 444 3467 496 Nec
3498 439 3712 507 differt,
3765 444 3827 495 ut

2173 534 2369 590 omnis
2400 535 2724 590 christiana
2754 533 2958 602 religio
2989 533 3063 588 de
3092 537 3253 588 tanto
3284 530 3562 604 pontiﬁce
3606 530 3825 600 doleat,

2173 627 2230 679 et
2254 625 2326 661 3’3
2357 624 2552 679 omnis
2584 623 2732 678 ordo
2760 621 3191 678 ecclesiasticus
3213 622 3285 655 3“
3317 620 3391 675 de
3441 619 3829 691 prudentissi-

2174 728 2275 768 mo
2301 728 2462 785 papa
2489 712 2845 784 ingemiscat
2870 729 2881 779 ;
2915 726 3122 766 revera
3150 726 3260 766 nos
3289 710 3489 782 potius
3509 708 3828 778 deﬂemus,

2175 802 2279 875 qui
2305 818 2518 858 causas
2548 807 2765 857 nostrae
2792 799 3106 856 calumniae
3132 803 3188 854 et
3211 798 3622 855 fraudulentas
3651 815 3832 853 aemu-

2173 890 2372 946 lorum
2399 895 2739 946 nostrorum
2770 887 3176 961 querimonias
3209 892 3330 943 tam
3376 887 3638 956 benigno
3677 888 3833 960 patri

2177 980 2471 1052 aequitatis
2497 997 2566 1036 ac
2589 980 2830 1051 justitiaa
2860 979 3031 1034 lance
3063 975 3490 1050 ponderandas
3523 991 3591 1032 ac
3639 976 3832 1032 deter-

2177 1068 2496 1124 minandas
2527 1069 2600 1101 ³³⁵
2632 1067 2708 1123 ad
2741 1071 2978 1139 tempus
3009 1070 3065 1120 et
3093 1065 3154 1120 in
3179 1069 3345 1137 parte
3375 1063 3791 1120 commisimus
3817 1083 3830 1131 ;

2179 1157 2303 1223 sed,
2350 1156 2515 1228 quod
2560 1156 2889 1227 lugubriter
2933 1155 3006 1189 3’5
3055 1153 3437 1228 replicamus,
3478 1153 3613 1226 plus
3669 1152 3836 1225 apud

2181 1245 2553 1302 sanctitatem
2592 1244 2769 1299 illlius
2798 1244 3034 1300 valuere
3064 1247 3409 1298 nostrorum
3441 1243 3513 1276 ³²τ
3569 1241 3840 1298 inimico-

2179 1351 2314 1390 rum
2343 1333 2570 1389 insidiae
2602 1338 2657 1389 et
2681 1332 2970 1388 simulatae
2999 1331 3400 1403 deceptiones,
3422 1346 3609 1403 quam
3633 1335 3839 1386 nostra

2182 1422 2436 1494 simplex
2462 1427 2516 1477 et
2545 1437 2699 1494 pura
2726 1421 3012 1477 defensio.
3047 1424 3162 1475 Nos
3193 1419 3353 1475 enim
3390 1419 3593 1475 litteris
3625 1425 3680 1475 et
3707 1436 3838 1474 ver-

2184 1511 2277 1566 bis
2306 1510 2709 1566 indesinenter
2734 1509 3177 1582 proclamantes
3207 1513 3264 1564 et
3291 1508 3542 1564 diversis
3597 1508 3845 1578 legatio-

422 1606 514 1655 tur
543 1598 806 1666 intelligi,
867 1599 1033 1669 quod
1078 1603 1320 1670 propter
1375 1599 1656 1655 duritiam
1696 1600 1913 1670 [cordis
1947 1604 1977 1654 8
2007 1632 2074 1638 —
2106 1616 2152 1669 Β
2185 1600 2360 1655 nibus
2390 1599 2604 1655 eadem
2634 1604 2982 1684 repetentes,
3036 1597 3336 1652 humiliter
3381 1597 3839 1670 postulavimus,

425 1690 509 1758 12]
542 1693 598 1742 et
627 1703 730 1741 cor
758 1686 1139 1758 impuenitens
1168 1690 1323 1742 Deus
1362 1704 1482 1743 non
1515 1689 1709 1744 solum
1749 1689 2072 1755 Hlothario,

421 1792 631 1831 verum
659 1775 838 1830 etiam
870 1775 1035 1832 omni
1072 1791 1257 1844 regno
1284 1777 1413 1846 ejus
1473 1777 1907 1834 adversaretur.
1970 1782 2075 1833 Re-

421 1864 666 1920 vertitur
691 1864 893 1936 itaque
920 1864 981 1918 in
1014 1865 1320 1920 Franciam
1350 1881 1471 1922 non
1515 1869 1641 1922 sine
1668 1868 1854 1938 gravi,
1913 1871 1976 1922 ut
1995 1866 2079 1924 di-

422 1957 586 2008 ctum
608 1957 718 2019 est,
754 1952 1072 2024 dispendio
1098 1970 1365 2009 suorum.

1053 2043 1454 2098 DCCCLXVlll.

495 2131 669 2184 Anno
702 2127 1022 2184 Dominicae
1045 2130 1472 2186 incarnationis
1500 2135 1601 2187 868
1632 2132 1926 2202 Nicolaus,
1951 2148 2083 2189 san-

424 2217 722 2272 ctissimus
753 2223 810 2272 et
837 2217 1222 2274 beatissimus
1277 2235 1458 2292 papa,
1512 2227 1649 2294 post
1700 2222 1919 2278 multos
1971 2238 2081 2294 pro

424 2305 652 2363 Christo
682 2304 919 2361 labores
941 2311 997 2361 et
1017 2313 1155 2379 post
1185 2307 1375 2363 multa
1405 2310 1478 2343 ³¹⁶
1509 2326 1617 2382 pro
1647 2317 1864 2366 sanctae
1895 2311 2080 2367 eccle-

424 2395 524 2450 sia:
557 2393 886 2449 iuviolabili
916 2399 1070 2451 statu
1112 2398 1460 2466 certamina,
1520 2399 1796 2470 migravit
1853 2401 1960 2471 (57)
2005 2401 2084 2455 ad

418 2483 683 2540 coelestia
711 2499 917 2554 regna,
950 2490 1296 2557 recepturus
1328 2502 1437 2558 pro
1469 2488 1887 2545 administrata
1938 2473 2082 2544 iide-

422 2573 554 2629 liter
578 2573 691 2628 sibi
733 2573 954 2628 credita
983 2573 1426 2647 dispensatione
1457 2593 1492 2632 a
1521 2577 1860 2647 largissimo
1891 2579 2085 2633 Domi-

424 2677 504 2718 no
543 2661 1101 2717 immarcescibilem
1145 2663 1346 2732 gloriae
1399 2680 1732 2720 coronam:
1788 2667 1862 2720 de
1913 2668 2083 2736 cujus

427 2753 544 2806 Deo
575 2750 808 2823 placitis
840 2750 1072 2806 actibus
1103 2751 1277 2823 plura
1307 2758 1582 2825 poterant
1609 2755 1728 2809 dici
1756 2755 1944 2810 relatu
1988 2756 2085 2810 di-

425 2854 566 2909 gna,
590 2839 706 2893 nisi
732 2839 1009 2894 brevitati
1047 2840 1370 2906 studentes,
1407 2858 1624 2898 causas
1650 2859 1850 2899 rerum
1890 2844 2083 2913 magis

2185 1693 2249 1744 ut
2279 1705 2389 1744 nos
2418 1694 2475 1744 et
2495 1692 2873 1745 accusatores
2903 1687 3089 1744 nostri
3104 1688 3276 1757 juxta
3292 1685 3523 1742 divinas
3547 1691 3604 1742 et
3631 1687 3846 1743 huma-

2184 1795 2296 1834 nas
2322 1779 2482 1848 leges
2511 1779 2601 1833 sui
2627 1776 2913 1850 pontiﬁcii
2938 1778 3011 1811 3’3
3044 1775 3412 1832 audientiam
3451 1792 3841 1843 mereremm‘,

2188 1873 2252 1924 ut
2278 1868 2427 1923 ratio
2459 1867 2651 1935 docet,
2700 1871 2971 1922 nostram
3019 1865 3404 1938 praesentiam
3453 1865 3793 1921 exhibendo
3825 1883 3840 1920 :

2188 1957 2293 2012 sed
2324 1972 2560 2029 semper
2588 1955 2810 2028 repulsi
2841 1971 3069 2011 sumus.
3105 1977 3132 2004 »
3185 1958 3250 2009 Et
3279 1956 3352 1989 339
3410 1959 3546 2026 post
3601 1970 3799 2027 pauca
3828 1972 3842 2008 :

2190 2070 2216 2096 ‹‹
2249 2047 2360 2103 Sed
2391 2048 2535 2119 quia
2558 2049 2710 2102 Deus
2753 2045 3152 2118 omnipotens,
3180 2045 3458 2118 princeps
3507 2050 3842 2117 pastorum,

2189 2136 2251 2192 in
2277 2135 2375 2191 illa
2407 2141 2613 2194 sancta
2655 2135 2793 2191 sede
2823 2134 2997 2190 vestri
3063 2133 3445 2207 pontiﬁcatus
3487 2135 3720 2207 apicem
3753 2151 3850 2190 su-

2188 2224 2477 2290 blimavit,
2512 2224 2559 2279 si
2587 2229 2824 2296 tempus
2858 2222 3117 2278 arriserit
3146 2225 3241 2292 33°,
3265 2226 3529 2278 vestrum
3561 2222 3848 2294 multipli-

2190 2315 2332 2370 citer
2360 2313 2772 2370 desideramus
2804 2317 3212 2385 conspectum,
3245 2317 3302 2368 et
3343 2313 3551 2368 vestris
3599 2315 3668 2349 33’
3728 2316 3850 2369 Deo

2191 2403 2388 2473 dignis
2419 2402 2672 2459 animari
2712 2401 3044 2475 colloquiis,
3100 2417 3170 2458 ac
3224 2401 3510 2458 melliﬂua
3574 2402 3851 2458 benedic-

2191 2493 2347 2548 tione
2372 2491 2548 2564 potiri
2575 2493 2668 2544 ³³³.
2706 2515 2731 2540 ››
2769 2494 2834 2547 Et
2862 2490 2922 2546 in
2948 2490 3066 2545 ﬁne
3105 2490 3293 2564 ipsius
3345 2491 3650 2563 epistolas:
3703 2514 3728 2540 α
3763 2495 3849 2546 ln-

2191 2586 2350 2636 terea
2379 2581 2576 2636 modis
2608 2579 2891 2635 omnibus
2948 2579 3362 2649 obsecramus,
3409 2585 3474 2635 ut
3521 2580 3595 2635 de
3650 2585 3852 2636 vestra

2192 2669 2439 2742 optabili
2477 2668 2868 2742 prosperitate
2924 2668 3130 2724 litteris
3182 2669 3392 2725 vestris
3435 2668 3850 2724 celsitudinem

2191 2765 2459 2814 nostram
2491 2763 2714 2814 certam
2752 2757 3093 2827 reddentes,
3125 2774 3278 2814 carae
3300 2757 3602 2814 filiationis
3623 2774 3849 2813 munus

2193 2847 2369 2903 nobis
2399 2846 2690 2920 impartiri
2721 2848 2901 2887 333-33"
2934 2847 3323 2918 dignemini.»

425 2927 775 2983 summatim
805 2932 1011 2982 notare
1038 2945 1224 3000 quam
1257 2930 1576 3002 explanare
1616 2933 1686 2974 317
1740 2934 2083 3005 proposuis-
2119 2970 2157 3023 Ο
2263 2936 2351 2992 Ad
2380 2937 2508 2992 haac
2541 2936 2918 3008 supradictus
2947 2952 3111 3009 papa
3130 2937 3447 3008 rescripsit,
3478 2937 3684 2992 sedem
3717 2953 3857 2992 san-

425 3032 645 3071 semus.
690 3016 953 3088 Denique
982 3022 1119 3089 post
1145 3018 1390 3074 beatum
1418 3022 1764 3090 Gregorium
1797 3039 1991 3094 usque
2021 3023 2081 3078 in

422 3120 692 3178 praesens
715 3104 916 3160 nullus
949 3107 1172 3177 praesul
1200 3107 1261 3162 in
1292 3111 1562 3165 Romana
1594 3110 1741 3166 urbe
1771 3110 2082 3184 pontifica-

423 3193 465 3249 li
489 3195 717 3249 honore
769 3193 1126 3250 sublimatus
1167 3196 1248 3250 illi
1304 3197 1536 3253 videtur
1585 3200 2078 3272 aequiparandus.

424 3282 685 3351 Regibus
712 3297 782 3338 ac
812 3284 1083 3354 tyrannis
1103 3283 1441 3357 imperavit,
1466 3287 1670 3360 eisque
1701 3305 1770 3344 ac
1802 3289 1849 3344 si
1886 3289 2081 3344 domi-

420 3387 539 3426 nus
571 3371 731 3426 orbis
763 3376 1054 3428 terrarum
1100 3373 1449 3431 auctoritate
1476 3376 1746 3448 praefuit;
1785 3379 2082 3450 episcopis

422 3465 480 3516 et
509 3459 918 3516 sacerdotibus
944 3461 1238 3532 religiosis
1266 3479 1335 3519 ac
1361 3466 1592 3521 Domini
1630 3467 1921 3523 mandata
1978 3467 2083 3523 ob-

426 3549 806 3605 servantibus
827 3550 1091 3622 humilis,
1122 3552 1405 3624 blandus,
1437 3555 1571 3628 pius
1603 3558 1696 3622 3”,
1734 3561 2082 3613 mansuetus

423 3638 720 3712 apparuit,
754 3639 1095 3710 irreligiosis
1120 3646 1177 3698 et
1205 3658 1240 3698 a
1269 3649 1430 3700 recto
1460 3646 1691 3702 tramite
1741 3643 2080 3703 exorbitan-

422 3728 580 3784 tibus
613 3728 883 3783 terribilis
904 3734 1083 3803 atque
1114 3734 1456 3790 austeritate
1487 3735 1700 3808 plenus
1759 3737 1962 3801 extitit,
2019 3743 2082 3792 ut

422 3817 633 3874 merito
663 3817 939 3874 credatur
968 3819 1114 3876 alter
1145 3821 1363 3884 Helias,
1390 3826 1508 3877 Deo
1569 3826 1912 3898 suscitante,
1970 3844 2077 3882 no-

425 3906 558 3960 stris
588 3905 650 3960 in
677 3908 1048 3979 temporibus
1071 3909 1476 3962 exsurrexisse
1505 3911 1599 3975 3’9,
1634 3916 1689 3966 et
1715 3913 1766 3966 si
1795 3930 1917 3968 non
1950 3931 2079 3969 cor-

424 4010 589 4067 pore,
624 3998 823 4050 tamen
867 3996 1079 4067 spiritu
1109 4000 1165 4049 et
1194 3994 1406 4049 virtute
1437 3997 1530 4051 3’0.

496 4084 637 4140 Huic
686 4084 1081 4140 sanctissimae
1143 4083 1444 4140 memorias
1500 4085 1622 4142 viro
1674 4088 1970 4145 Adrianus
2019 4092 2080 4146 in

421 4174 773 4248 pontificatu
793 4170 1096 4226 successit.
1113 4171 1283 4236 Quod
1305 4190 1444 4230 cum
1460 4175 1791 4232 Hlotharius
1802 4195 1906 4234 rex
1923 4185 2081 4236 certa

421 4263 706 4320 relatione
737 4262 804 4294 ³²¹
837 4260 1242 4332 comperisset,
1274 4263 1324 4319 ei
1365 4265 1504 4322 talia
1559 4267 1777 4340 scripta
1829 4268 2075 4326 direxit:

425 4352 743 4407 «infausta
762 4348 970 4404 relatio
997 4355 1051 4406 et
1080 4351 1434 4424 inambigua
1491 4357 1563 4390 δέ’
1613 4357 1903 4414 hactenus
1959 4377 2083 4417 ma-

421 4455 595 4502 nens,
652 4440 715 4492 ut
750 4436 831 4492 ita
872 4437 1166 4511 dicamus,
1219 4443 1428 4498 acriter
1478 4450 1694 4502 nostra:
1753 4449 2080 4507 serenitatis

426 4525 930 4585 transverberavit
959 4545 1159 4600 aures,
1192 4531 1528 4588 intimando
1557 4535 1723 4606 quod
1753 4536 1940 4594 beatae
1997 4557 2080 4595 re-

2193 3027 2266 3081 cti
2299 3026 2446 3082 Petri
2475 3041 2712 3098 semper
2740 3031 3015 3098 paratam
3046 3042 3173 3082 esse
3201 3025 3449 3094 dignam
3492 3026 3854 3082 satisfactio-

2190 3130 2330 3171 nem
2389 3115 2689 3187 suscipere
2739 3116 2836 3182 ³³⁵,
2871 3131 2979 3171 nec
3016 3114 3181 3188 quod
3206 3114 3856 3188 divintehumanaaque

2190 3205 2351 3275 leges
2368 3205 2527 3276 juste
2558 3204 2909 3273 decernunt,
2936 3220 3208 3277 unquam
3254 3204 3589 3277 repulisse;
3646 3204 3854 3276 itaque

2193 3294 2245 3349 si
2276 3311 2336 3349 se
2359 3293 2694 3349 immunem
2733 3293 2810 3348 ab
2833 3292 3082 3364 objectis
3111 3293 3302 3361 sciret,
3332 3310 3471 3349 cum
3498 3294 3666 3348 omni
3697 3292 3853 3348 ﬁdu-

2191 3383 2283 3438 cia
2306 3384 2512 3439 sedem
2535 3382 2925 3456 apostolicam
2961 3387 3259 3456 oporteret
3289 3383 3474 3452 adire,
3531 3387 3596 3438 ut
3632 3382 3856 3454 expeti-

2192 3478 2314 3528 tam
2347 3471 2825 3527 benedictionem
2851 3471 3183 3544 perciperet
3211 3491 3223 3540 ;
3258 3473 3307 3527 si
3351 3477 3551 3528 autem
3605 3471 3851 3543 culpam

2189 3565 2659 3631 recognosceret,
2691 3560 3080 3616 nihilominus
3103 3561 3335 3634 absque
3355 3562 3727 3617 haesitatione
3745 3577 3851 3615 ve-

2189 3651 2316 3706 nire
2342 3651 2663 3718 festinaret,
2687 3649 2990 3720 condigna
3021 3651 3383 3722 paenitentia:
3411 3651 3675 3707 remedia
3719 3666 3851 3704 sus-

2191 3745 2489 3814 cepturus.

2255 3829 2363 3884 His
2375 3828 2744 3902 temporibus
2765 3830 2872 3901 (58)
2891 3844 3036 3901 gens
3062 3829 3384 3900 Vulgarum
3397 3832 3465 3866 ³³⁸
3478 3827 3800 3885 ferocissim
3811 3844 3852 3884 a

2191 3935 2260 3973 ac
2288 3919 2590 3984 bellicosa,
2619 3919 2835 3976 relictis
2862 3919 3037 3975 idolis
3077 3919 3631 3992 abrenuntiatisque
3665 3917 3854 3988 genti-

2189 4007 2332 4062 lium
2348 4009 2887 4080 superstitionibus,
2903 4011 2964 4065 in
2982 4009 3278 4066 Christum
3296 4026 3366 4065 ex
3383 4008 3850 4082 permaxima337

2190 4100 2356 4166 parte
2379 4095 2646 4161 credidit,
2674 4101 2731 4152 et
2750 4097 2956 4153 abluta
2995 4097 3238 4152 salutari
3255 4097 3633 4169 baptismatis
3658 4095 3850 4163 unda,

2191 4184 2250 4239 in
2277 4183 2620 4255 religionem
2647 4185 3034 4241 christianam
3053 4185 3300 4240 transiit.
3337 4185 3546 4240 Directi
3574 4190 3713 4240 sunt
3744 4202 3856 4241 au-

2192 4279 2307 4330 tem
2329 4290 2364 4329 a
2385 4273 2524 4329 sede
2547 4274 2875 4345 apostolica
2890 4275 2952 4330 in
2975 4274 3231 4330 eandem
3249 4278 3486 4344 gentem
3506 4274 3855 4332 sacerdotes

2191 4374 2261 4419 a‘c
2292 4363 2400 4419 viri
2421 4362 2678 4433 religiosi
2702 4366 2836 4434 (59),
2866 4363 2969 4436 qui
2997 4362 3291 4437 populum
3309 4362 3507 4418 adhuc
3529 4362 3742 4418 rudem
3765 4364 3857 4419 di-

2191 4444 2339 4509 vinis
2367 4453 2759 4508 informarent
2775 4452 3106 4526 praeceptis,
3122 4457 3178 4508 et
3196 4452 3484 4508 incultam
3504 4451 3854 4509 barbariem

2192 4541 2375 4598 sacris
2386 4540 2773 4611 dogmatibus
2802 4541 3160 4612 excolentes,
3170 4541 3402 4598 Christo
3419 4545 3656 4610 gratum
3673 4541 3853 4596 habi-

1800 4629 2025 4685 VARl/E
2065 4632 2462 4689 LECTIONES.

496 4705 570 4738 ³¹³
590 4703 950 4762 hlotharium
979 4709 1135 4764 deest
1168 4714 1218 4764 5.
1300 4713 1371 4745 3”
1404 4711 1717 4770 clienteriaa
1748 4715 1767 4767 l
1796 4747 1863 4755 —-
1889 4722 1940 4773 3.
1969 4723 2020 4774 5.
2055 4725 2084 4773 7
2117 4752 2186 4760 —
2220 4723 2302 4775 12.
2328 4719 2642 4775 elienteriaa
2671 4723 2723 4774 4.
2802 4721 2875 4753 ³¹⁵
2897 4719 3244 4775 araniarum
3275 4735 3430 4775 corr.
3469 4735 3506 4773 a
3556 4733 3852 4775 ranarum

430 4781 477 4831 1.
509 4791 544 4830 a
575 4783 940 4858 ranarumu3.
1020 4782 1094 4814 ³¹⁶
1120 4786 1175 4836 et
1205 4786 1344 4858 post
1365 4783 1552 4839 multa
1578 4785 1622 4839 l.
1735 4791 1791 4841 et
1815 4794 1950 4858 p0st
1979 4790 2136 4847 deest
2165 4795 2290 4846 2.4.
2311 4791 2404 4846 5d.

2483 4792 2552 4825 3“
2587 4790 2881 4862 explicare
2912 4795 2965 4846 4.
3044 4792 3114 4828 ³¹⁸
3145 4806 3204 4862 p.
3238 4808 3307 4846 ac
3330 4807 3410 4845 m.
3445 4796 3474 4862 7
3508 4821 3574 4827 —
3611 4789 3691 4843 12.
3760 4789 3851 4862 ,³η

424 4849 839 4934 resurrexisse
862 4855 913 4904 5.
970 4849 1442 4934 exresufrcxisse
1463 4859 1545 4934 2.7
1595 4858 1668 4890 33°
1700 4849 2010 4934 uti-nerito
2041 4878 2224 4934 usque
2274 4864 2481 4934 virtute
2516 4849 2684 4934 deest
2700 4866 2751 4917 4.
2831 4864 2898 4898 ³²¹
2935 4866 3095 4918 certa
3110 4849 3394 4917 relatione
3424 4861 3581 4934 deest
3608 4867 3726 4934 7_—
3760 4859 3850 4917 l2.

424 4919 1056 5000 Epistotfejtujusnon
1076 4926 1204 5000 ἠλεί
1231 4933 1648 5000 argumentum
1682 4931 1946 4999 refertur
1965 4933 2027 4987 in
2054 4919 2140 4988 4.‘
2185 4936 2258 4968 3’3
2281 4933 2339 4988 in
2364 4933 2652 5000 ambiguo
2682 4938 2699 4988 1
2733 4966 2798 4973 ——
2829 4939 2879 4988 3.

2985 4934 3058 4967 ³²³
3089 4937 3153 4988 ut
3196 4938 3278 4988 11.
3343 4935 3424 4986 12.
3503 4932 3574 4965 32‘
3624 4932 3779 4986 deest
3819 4937 3842 4986 1

425 5022 494 5095 ῑ
525 4994 629 5095 3530
654 4991 1165 5095 fi’iﬁﬁt‘fniftmdas
1259 5072 1286 5095 ς,
1306 4991 1724 5095 ⁷³²⁴ῗιξξ³εῑιίτΰὲε
1817 5072 1846 5095 ,,
1877 5004 2219 5095 Wesse-
2298 5007 2370 5085 θεέ
2395 4991 2778 5095 Formosas
2809 5009 2894 5060 ⁵ο-
2920 5002 3272 5095 (tramitis
3558 5002 3718 5095 ξέεεετ
3756 5006 3849 5082 5*?-

426 5078 477 5116 θ-
556 5065 629 5147 ³³3
657 5067 911 5147 ίὲωΡυβΛ
924 5065 1228 5146 admiserit
1251 5072 1308 5147 8.
1379 5070 1455 5147 ff}
1487 5065 1786 5147 etnﬁstris
1811 5072 1925 5128 deo
2067 5077 2159 5147 ν³³²
2191 5075 2365 5147 potiri
2391 5065 2452 5147 in
2482 5076 2600 5131 fine
2638 5077 2682 5132 l.
2716 5079 2766 5131 3.
2797 5080 2848 5132 6.
2928 5065 3099 5115 33333“
3127 5073 3405 5145 inpertire
3425 5078 3477 5147 2.
3511 5144 3524 5147 _
3557 5074 3631 5107 ³³⁵
3660 5073 3856 5145 perci-

425 5136 715 5222 pere]:
738 5165 809 5222 τέ
851 5137 1222 5222 12.“ιζθοίρςςεε
1247 5143 1296 5194 8.
1377 5141 1450 5173 ³³6
1473 5141 1857 5222 vulgarorum
1890 5146 2019 5200 cod.
2042 5146 2104 5222 S.
2139 5136 2358 5202 deeh.
2390 5145 2668 5222 ulgorum
2707 5154 2759 5202 7.
2788 5147 3108 5222 vulgorum
3135 5148 3166 5198 9
3297 5149 3378 5200 12.
3416 5136 3745 5222 bulgardm
3798 5149 3848 5199 1.

428 5202 482 5258 Β.
503 5202 897 5290 bulgarprum
927 5205 1021 5260 5d.
1204 5225 1272 5264 ex
1305 5226 1414 5282 pro
1440 5202 1708 5269 maxima
1738 5220 1790 5271 9.
1815 5231 1886 5270 ex
1917 5216 2184 5273 maxima
2213 5222 2266 5272 3.
2303 5222 2387 5273 10.
2429 5202 2716 5273 Christum
2751 5233 2862 5290 pro
2891 5202 3157 5273 maxima
3222 5221 3242 5270 1
3294 5248 3362 5256 —
3410 5219 3461 5270 3.
3520 5202 3571 5271 ϐ’.
3624 5215 3685 5269 in
3735 5229 3850 5286 pro

2028 5360 2248 5415 ΝΟΤᾸΞ.

426 5281 694 5331 maxima
719 5281 771 5331 7.
801 5281 858 5332 et
886 5292 996 5349 pro
1025 5294 1108 5334 m.
1138 5284 1188 5334 5.

629 5435 811 5516 ᾼῌλύῳ
842 5441 898 5492 et
927 5437 1120 5516 ἒχτερᾳ,
1144 5439 1305 5497 idem
1335 5443 1501 5516 quod
1521 5443 1880 5516 dysenteria.

523 5507 615 5649 57g
641 5505 722 5563 Cf.
760 5512 908 5564 Ann.
939 5505 1151 5568 Bertin.
1185 5529 1283 5569 an.
1313 5505 1435 5570 867.

524 5580 590 5633 58
654 5576 737 5635 Cf.
769 5583 920 5636 Ann.
953 5581 1123 5640 Fuld.
1155 5600 1253 5641 an.
1280 5589 1402 5649 866,

524 5576 615 5649 58)
654 5576 737 5635 Cf.
769 5583 920 5636 Ann.
953 5581 1123 5640 Fuld.
1155 5600 1253 5641 an.
1280 5589 1402 5650 866,
1436 5589 1573 5653 867;
1614 5590 1765 5645 Ann.
1792 5590 1943 5644 Bert.
1977 5603 2074 5644 an.

496 5435 515 5648 ἓ

2186 5452 2370 5600 ﬁgi?)
2401 5522 2910 5600 Mense_z_\_ugusto,
2942 5517 3262 5600 indictione
3297 5522 3359 5575 1-1
3390 5538 3402 5586 ;
3435 5517 3491 5572 id
3522 5522 3610 5574 est
3633 5520 3850 5573 an.866

2192 5590 2274 5647 Cf.
2305 5590 2525 5647 Nicolai
2555 5595 2573 5646 l
2607 5590 2816 5657 Vitam,
2839 5605 2970 5662 cap.
3004 5593 3092 5646 68.
3202 5606 3209 5612 ·
