4076 6212
291 261 357 311 97
621 216 624 220 ’
1565 255 1945 315 cnnomcor

2055 284 2095 294 -
2134 256 2250 310 AN.
2292 259 2416 312 869.
3632 263 3699 316 98

285 380 544 436 taculum
575 383 999 452 praepararent.
1036 381 1106 435 Ut
1131 379 1261 450 ejus
1310 395 1446 435 vere
1486 385 1704 436 sanctae
1750 380 1934 435 devo-
1962 381 2010 432 Α
2045 382 2199 445 rant,
2227 379 2437 436 eadem
2456 381 2930 446 testiﬁcarentur,
2981 397 3087 436 nec
3121 381 3238 438 ulla
3264 383 3543 454 opposita
3573 399 3704 454 per-

283 469 456 525 tionis
476 485 631 540 opus
662 483 1022 541 prosperum
1053 468 1344 524 obtineret
1373 468 1670 536 effectum,
1715 469 1935 524 Hludo-

281 557 487 624 wicus,
520 557 1052 613 christianissimus
1081 573 1204 626 rex,
1245 557 1350 630 qui
1398 559 1706 615 Germanis
1749 558 1936 630 impe-

282 647 455 703 rabat
501 662 624 702 non
673 645 978 702 mediocre
1025 646 1280 719 praebuit
1327 648 1812 720 supplementum
1841 649 1935 700 ³³⁸.

286 739 498 792 Ferunt
527 740 730 790 autem
761 735 836 790 de
875 736 1054 805 hujus
1088 736 1277 806 gentis
1304 753 1460 806 rege,
1491 737 1656 810 quod
1695 754 1730 793 a
1773 741 1940 792 tanta

285 828 358 859 339
392 824 751 897 perfectione
781 829 918 897 post
948 829 1290 898 perceptam
1320 826 1655 898 baptissimi
1687 826 1940 898 gratiam

285 915 548 986 coeperit,
583 918 646 968 ut
669 911 880 970 diebus
911 916 1276 970 ornamentis
1325 916 1500 986 regiis
1551 916 1797 972 indutus
1847 931 1942 970 co-

285 1020 415 1058 ram
444 1003 670 1076 populo
699 1004 1064 1076 procederet,
1112 1005 1388 1061 noctibus
1434 1023 1575 1062 vero
1620 1023 1796 1062 sacco
1839 1021 1941 1060 ve-

287 1092 457 1148 stitus
505 1094 581 1126 ³⁵0
609 1091 856 1148 latenter
899 1092 1212 1148 ecclesiam
1261 1094 1512 1165 intrans,
1557 1111 1736 1165 super
1778 1093 1942 1165 pavi-

282 1185 553 1236 mentum
594 1181 783 1253 ipsius
815 1180 1099 1248 basilicae,
1133 1181 1406 1236 subtrato
1435 1187 1666 1236 tantum
1712 1181 1823 1235 sibi
1867 1179 1946 1234 ci-

284 1269 440 1339 licio,
468 1273 802 1340 prostratus
833 1268 892 1322 in
920 1269 1190 1323 oratione
1231 1269 1453 1338 jaceret
1493 1273 1617 1324 Non
1640 1273 1775 1341 post
1795 1268 1946 1322 mul-

288 1363 419 1413 tum
438 1362 678 1428 tempus
705 1356 908 1411 divina
939 1355 1322 1428 inspiratione
1343 1358 1743 1413 commonitus
1761 1359 1830 1392 3“
1866 1374 1951 1413 re-

294 1462 484 1516 gnum
531 1449 830 1500 terrenum
879 1444 1122 1514 dimisit,
1169 1451 1234 1501 ut
1275 1445 1332 1501 in
1379 1447 1540 1502 caelis
1596 1446 1948 1502 zeternaliter

294 1535 569 1600 regnaret
596 1548 733 1586 cum
766 1532 1027 1600 Christo;
1059 1538 1114 1589 et
1138 1534 1413 1590 ordinato
1456 1534 1516 1588 in
1547 1551 1656 1589 suo
1702 1533 1834 1589 loco
1882 1534 1943 1589 in

292 1621 362 1658 ³⁸³
385 1633 587 1686 regem
610 1620 683 1652 ³⁵³
712 1619 834 1674 11110
863 1637 974 1675 suo
1001 1621 1228 1691 majore
1255 1622 1324 1655 3“
1357 1627 1520 1688 natu,
1553 1639 1792 1678 comam
1843 1640 1941 1679 ca-

286 1705 423 1777 pitis
467 1705 762 1778 deposuit,
816 1707 1147 1780 habituque
1203 1715 1425 1766 sanctae
1471 1711 1940 1766 conversationis
1974 1726 2012 1778 Β

286 1799 584 1866 suscepto,
607 1797 944 1851 monachus
976 1797 1090 1867 (60)
1116 1797 1359 1853 effectus
1383 1804 1488 1865 est,
1519 1798 1938 1871 eleemosynis,

286 1881 499 1951 vigiliis
530 1887 585 1938 et
615 1884 988 1940 orationibus
1020 1885 1113 1941 die
1145 1891 1447 1958 noctuque
1476 1887 1754 1943 intentus.
1789 1889 1940 1944 Inte-

287 1985 388 2026 rea
416 1970 572 2026 ﬁlius
603 1972 731 2042 ejus
760 1989 942 2045 quem
982 1990 1184 2044 regem
1233 1976 1636 2047 constituerat,
1682 1977 1858 2047 longe
1905 1995 1941 2033 a

287 2064 536 2132 paterna
559 2060 883 2118 intentione
913 2065 972 2118 et
999 2064 1342 2135 operatione
1371 2066 1676 2135 recedens,
1709 2067 1941 2138 praedas

287 2149 465 2222 coepit
494 2167 784 2218 exercere,
811 2152 1217 2220 ebrietatibus,
1250 2155 1856 2211 commessationibus
1887 2161 1943 2211 et

285 2236 633 2294 libidinibus
661 2256 892 2308 vacare,
922 2245 979 2296 et
1003 2241 1168 2296 omni
1199 2243 1514 2299 conamine
1545 2244 1623 2299 ad
1653 2244 1942 2313 gentilita-

287 2327 358 2382 tis
388 2327 565 2383 ritum
618 2329 912 2401 populum
943 2331 1174 2386 noviter
1201 2331 1568 2404 baptizatum
1621 2348 1901 2388 revocare
1927 2351 1940 2398 ;

285 2417 450 2488 quod
480 2434 620 2474 cum
649 2423 817 2490 pater
846 2419 1131 2487 audisset,
1159 2420 1346 2475 nimio
1373 2420 1494 2475 zelo
1525 2437 1832 2487 accensus,
1850 2438 1943 2475 sa-

285 2521 455 2560 crum
485 2506 763 2562 habitum
795 2506 1092 2579 deposuit,
1141 2512 1198 2562 et
1242 2507 1460 2562 militiae
1505 2507 1812 2577 cingulum
1860 2524 1947 2564 re-

287 2595 565 2667 sumpsit,
616 2599 674 2650 et
726 2595 886 2651 cultu
938 2596 1100 2665 regio
1143 2595 1411 2662 indutus,
1463 2596 1780 2653 adsociatis
1837 2598 1948 2653 sibi

284 2684 477 2738 Deum
528 2683 893 2754 timentibus,
949 2684 1138 2740 ﬁlium
1183 2691 1529 2757 persecutus
1581 2695 1713 2742 est:
1765 2704 1947 2759 quem

288 2787 430 2826 mox
462 2771 694 2844 absque
720 2771 1068 2829 difﬁcultate
1095 2773 1269 2846 cepit,
1298 2774 1622 2848 oculosque
1651 2776 1780 2846 ejus
1810 2776 1948 2831 effo-

289 2859 374 2914 dit
417 2859 510 2927 ³⁵⁵,
562 2862 619 2914 et
665 2859 726 2914 in
766 2875 1066 2916 carcerem
1108 2861 1300 2928 misit;
1357 2862 1570 2917 deinde
1618 2869 1947 2919 convocato

290 2949 456 3004 omni
483 2964 670 3019 regno
696 2965 825 3019 suo,
857 2949 1047 3005 ﬁlium
1071 2949 1375 3021 juniorem
1406 2967 1608 3020 regem
1625 2953 1944 3019 constituit,

291 3038 706 3095 interminatus
753 3055 954 3095 coram
989 3040 1271 3095 omnibus
1307 3040 1522 3097 similia
1565 3042 1686 3097 fore
1734 3059 1948 3114 passu-
1979 3075 2018 3130 Ο

290 3145 446 3194 rum,
493 3127 540 3182 si
569 3127 631 3183 in
661 3127 866 3201 aliquo
915 3145 950 3185 a
988 3133 1147 3185 recta
1197 3129 1618 3186 christianitate
1661 3131 1944 3187 deviaret.

294 3216 390 3272 His
417 3216 498 3272 ita
529 3216 793 3288 patratis,
826 3205 1097 3290 deposito
1124 3217 1363 3287 cingulo
1393 3223 1446 3273 et
1475 3224 1780 3292 resumpto
1809 3237 1947 3276 san-

291 3311 398 3360 ctze
428 3305 728 3374 religionis
759 3306 986 3375 habitu,
1038 3307 1470 3363 monasterium
1515 3309 1818 3378 ingressus
1854 3309 1946 3380 3"“,

291 3393 351 3449 in
393 3399 602 3451 sancta
630 3395 1080 3450 conversatione
1131 3395 1427 3468 reliquum
1458 3397 1586 3452 vitae
1640 3397 1948 3469 praesentis

233 3527 240 3535 .
294 3483 365 3516 ³⁸⁷
400 3487 634 3554 tempus
665 3482 834 3538 duxit
864 3484 954 3536 8“.

941 3574 1290 3628 DCCCLXIX.

369 3663 538 3716 Anno
570 3660 888 3716 Dominicae
916 3661 1340 3718 incarnationis
1366 3666 1468 3718 869
1492 3663 1826 3718 Hlotharius
1845 3667 1952 3719 Ro-

293 3767 462 3806 mam
503 3752 577 3787 “9
620 3750 918 3822 profectus
963 3755 1072 3819 est,
1103 3767 1224 3823 quo
1278 3768 1416 3807 cum
1454 3752 1840 3825 pervenisset,
1871 3753 1949 3808 ab

295 3841 559 3896 Adriano
587 3839 865 3912 pontiﬁce
896 3840 1221 3897 honoriﬁce
1253 3845 1564 3913 susceptus
1594 3845 1702 3896 est.
1735 3841 1845 3906 Qui
1874 3841 1952 3895 ab

295 3928 510 3984 eodem
538 3930 792 4001 praesule
818 3931 1168 3997 sciscitatus,
1193 3931 1422 3987 monita
1441 3930 1524 4002 pii
1540 3930 1724 4002 patris
1745 3929 1953 3986 domni

297 4019 522 4075 Nicolai
547 4037 682 4076 cum
709 4021 875 4077 omni
890 4021 1199 4091 vigilantia
1227 4020 1517 4076 hactenus
1540 4019 1857 4077 observata
1879 4023 1953 4056 35°

294 4108 548 4164 haberet
591 4113 646 4164 et
683 4110 1012 4182 praestitum
1038 4108 1469 4181 jusjurandum
1516 4109 1796 4165 inviolato
1847 4110 1951 4165 fce-

297 4198 438 4253 dere
465 4198 826 4254 custoditum
866 4200 960 4267 35‘,
995 4199 1074 4255 ab
1102 4198 1201 4254 illo
1249 4199 1534 4270 deceptus
1577 4199 1682 4270 qui
1723 4199 1783 4255 in
1813 4201 1955 4256 veri-

298 4290 416 4342 tate
463 4303 583 4343 non
628 4288 799 4357 stetit,
831 4288 934 4360 qui
987 4303 1111 4343 non
1158 4287 1355 4343 solum
1397 4287 1662 4343 mendax
1707 4293 1812 4355 est,
1848 4290 1955 4344 sed

299 4376 478 4432 etiam
508 4381 677 4450 pater
704 4377 900 4432 omnis
929 4376 1248 4447 mendacii,
1293 4377 1600 4450 respondit
1629 4393 1691 4432 se
1723 4377 1803 4432 ita
1833 4395 1957 4433 om-

298 4466 399 4521 nia
415 4466 787 4532 observasse,
818 4483 886 4523 ac
905 4467 953 4521 si
972 4466 1257 4521 divinitus
1285 4465 1400 4521 sibi
1420 4470 1622 4521 essent
1639 4465 1952 4539 imperata.

300 4559 569 4628 Cumque
602 4572 877 4628 proceres
907 4561 964 4612 et
991 4556 1310 4628 optimates
1341 4555 1446 4628 qui
1483 4571 1622 4610 cum
1672 4572 1742 4612 eo
1783 4572 1958 4612 vene-

2047 485 2196 526 sona
2225 471 2604 539 inveniretur,
2639 488 2773 544 quae
2818 471 3108 527 adversus
3135 473 3361 543 regiam
3388 473 3704 529 auctorita-

2045 563 2166 616 tem
2197 560 2526 630 legitimum
2572 562 2818 617 auderet
2861 561 3272 616 controversiae
3326 562 3469 618 inire
3519 566 3702 618 certa-

2047 665 2207 717 men,
2241 649 2587 705 universalis
2618 667 2778 723 papa
2807 650 2946 706 talia
2996 651 3410 722 prosequitur:
3461 674 3484 698 ‹‹
3515 651 3570 708 Si
3599 663 3717 706 ve-'

2047 743 2184 793 strue
2216 738 2642 795 testiﬁcationis
2672 739 2868 795 verbis
2897 740 3115 794 veritas
3155 739 3532 807 suﬁragatur,
3565 756 3704 795 cum

2046 827 2211 882 omni
2243 826 2543 883 alacritate
2573 827 2786 883 mentis
2815 827 3210 899 omnipotenti
3265 830 3381 882 Deo
3430 826 3706 899 multipli-

2046 933 2144 972 ces
2172 916 2500 987 gratiarum
2532 916 2794 972 actiones
2827 916 3158 972 referimus.
3196 920 3390 972 Restat
3418 931 3582 986 ergo,
3624 915 3706 971 ﬁli

2047 1005 2382 1074 karissime,
2404 1010 2469 1060 ut
2486 1004 2566 1060 ad
2589 1004 3019 1060 confessionem
3056 1005 3241 1061 sancti
3259 1004 3411 1060 Petri
3427 1004 3703 1073 accedas,

2050 1093 2154 1148 ubi
2187 1096 2302 1149 Deo
2348 1093 2607 1166 propitio
2633 1093 2955 1149 salutarem
2985 1094 3242 1148 hostiam
3280 1109 3391 1166 pro
3438 1097 3539 1148 tua
3578 1109 3704 1148 non

2055 1186 2284 1237 tantum
2305 1185 2378 1218 ³⁵³
2409 1183 2674 1254 corporis
2702 1199 2888 1255 quam
2917 1183 3133 1238 animae
3163 1182 3563 1238 incolumitate
3591 1181 3703 1238 im-

2055 1270 2436 1339 molabimus,
2469 1287 2540 1325 ex
2564 1287 2686 1342 qua
2716 1276 2770 1327 te
2801 1271 3118 1326 nobiscum
3147 1271 3498 1342 participare
3525 1287 3704 1343 opor-

2054 1365 2152 1430 tet,
2185 1366 2245 1414 ut
2269 1376 2374 1432 per
2411 1361 2564 1422 hanc
2595 1359 3112 1431 participationem
3144 1359 3428 1414 membris
3476 1359 3704 1427 Christi,

2053 1449 2213 1503 unde
2270 1449 2508 1504 abcisus
2539 1448 2839 1503 videbaris
2885 1450 2979 1514 ³³⁵³,
3035 1447 3316 1502 merearis
3362 1444 3707 1520 1118019013.-

2050 1538 2116 1592 ri.
2151 1561 2177 1585 ››
2215 1537 2394 1592 Finita
2421 1537 2597 1606 igitur
2641 1536 2967 1591 missarum
3001 1535 3356 1608 sollempnia
3378 1537 3472 1603 33",
3504 1536 3711 1591 invitat

2051 1641 2323 1680 summus
2389 1624 2652 1696 pontifex
2707 1623 2969 1678 eundem
3022 1638 3224 1692 regem
3291 1623 3366 1678 ad
3435 1639 3708 1678 mensam

2051 1713 2289 1778 Christi;
2338 1718 2702 1785 acceptoque
2749 1712 2809 1767 in
2844 1711 3125 1767 manibus
3173 1727 3422 1783 corpore
3465 1716 3523 1767 et
3573 1727 3707 1767 san-

2051 1802 2227 1871 guine
2257 1801 2510 1869 Domini,
2541 1801 2620 1857 ita
2647 1817 2784 1856 eum
2816 1800 3140 1873 alloquitur
3171 1819 3183 1855 :
3229 1822 3255 1849 «
3289 1801 3344 1855 Si
3391 1800 3705 1856 innoxium

2051 1893 2103 1942 te
2132 1888 2510 1958 recognoscis
2559 1906 2593 1945 a
2641 1888 2941 1961 prohibito
2988 1895 3167 1961 atque
3197 1889 3507 1944 interdicto
3535 1888 3639 1944 tibi
3669 1904 3706 1944 a

2049 1975 2275 2032 domno
2304 1979 2377 2011 ³⁵⁵
2423 1977 2662 2034 Nicolao
2711 1978 2985 2034 adulterii
3034 1978 3271 2043 scelere,
3317 1983 3373 2033 et
3417 1979 3530 2033 hoc
3584 1978 3706 2033 ﬁxa

2048 2070 2246 2120 mente
2273 2070 2564 2120 statutum
2605 2066 2812 2135 habes,
2866 2070 2930 2121 ut
2959 2081 3272 2137 nunquam
3319 2065 3534 2121 diebus
3576 2065 3705 2121 vitae

2050 2158 2159 2210 tuae
2191 2154 2540 2223 Waldradae,
2575 2155 2798 2227 pellicis
2830 2160 2964 2223 tuae,
2999 2154 3234 2209 dudum
3263 2170 3300 2210 a
3329 2159 3384 2210 te
3433 2154 3710 2227 repudia-

2049 2248 2142 2309 tae,
2165 2243 2472 2299 miscearis
2494 2243 2721 2298 nefario
2738 2242 3080 2312 concubitu,
3100 2243 3452 2299 ﬁducialiter
3467 2244 3705 2314 accede,

2051 2336 2107 2386 et
2149 2337 2592 2386 sacramentum
2640 2331 2844 2385 salutis
2875 2336 3109 2385 aeterna:
3156 2330 3260 2384 tibi
3292 2331 3370 2385 ad
3415 2330 3710 2384 remissio-

2052 2435 2192 2473 nem
2217 2423 2601 2490 peccatorum
2619 2417 2997 2488 profuturum
3014 2416 3254 2487 percipe
3281 2434 3292 2470 :
3325 2416 3372 2470 si
3389 2422 3588 2492 autem
3610 2421 3710 2472 tua

2057 2506 2420 2562 conscientia
2445 2511 2497 2560 te
2533 2509 2774 2560 accusat
2799 2507 2856 2558 et
2884 2503 3040 2558 letali
3085 2505 3158 2537 ³⁵⁵
3193 2504 3432 2560 vulnere
3478 2504 3708 2561 saucia-

2057 2600 2186 2652 tum
2217 2594 2568 2668 proclamat,
2597 2597 2702 2649 aut
2729 2593 2940 2648 iterum
2980 2592 3170 2648 redire
3197 2598 3394 2648 mente
3437 2594 3708 2665 disponis
3751 2662 3758 2667 η

2057 2685 2119 2740 111
2141 2685 2412 2740 moechiae
2443 2682 2756 2737 volutabro
2778 2681 2873 2747 ³⁵⁷,
2893 2696 3282 2753 nequaquam
3305 2698 3538 2736 sumere
3562 2697 3711 2754 prte-

2058 2790 2284 2838 sumas,
2320 2787 2392 2826 ne
2423 2771 2568 2826 forte
2599 2769 2677 2825 ad
2717 2768 3012 2840 judicium
3052 2773 3108 2823 et
3149 2769 3711 2825 condemnationem

2057 2863 2160 2918 tibi
2187 2861 2421 2918 eveniat
2441 2861 2530 2926 ³⁵⁸,
2565 2858 2725 2931 quod
2759 2857 3038 2913 ﬁdelibus
3069 2857 3148 2913 ad
3178 2859 3510 2914 remedium
3559 2874 3710 2931 pra:-

2056 2953 2289 3025 paravit
2307 2950 2511 3006 divina
2532 2948 2968 3023 providentia.»
2990 2948 3099 3014 Qui
3118 2951 3314 3004 mente
3337 2954 3568 3022 captus,
3601 2947 3710 3004 ob-

2057 3041 2305 3097 duratus
2324 3039 2542 3112 pariter
2569 3043 2625 3094 et
2656 3038 3019 3105 obcuecatus,
3049 3037 3278 3109 absque
3295 3038 3710 3094 retractatione

2058 3129 2546 3186 communionem
2570 3127 2836 3199 corporis
2870 3131 2926 3181 et
2947 3125 3256 3195 sanguinis
3281 3127 3512 3182 Domini
3532 3128 3604 3162 35°
3635 3127 3711 3181 de

2061 3235 2245 3274 manu
2293 3216 2588 3290 pontiﬁcis
2637 3215 2911 3288 sumpsit,
2945 3230 3064 3269 non
3120 3230 3523 3287 expavescens
3551 3215 3716 3270 illam

2059 3309 2413 3364 sententiam
2440 3323 2574 3378 quae
2600 3305 2740 3360 dicit
2765 3322 2776 3359 :
2812 3305 3118 3360 Horribile
3145 3311 3226 3360 est
3259 3307 3334 3339 ³⁵0
3365 3305 3627 3362 incidere
3653 3305 3714 3358 in

2057 3414 2269 3454 manus
2299 3398 2410 3452 Dei
2455 3397 2723 3452 viventis.
2783 3396 2898 3461 Qui
2924 3395 3079 3450 enim
3113 3395 3436 3450 manducat
3485 3401 3538 3450 et
3571 3395 3715 3450 bibit

2056 3489 2318 3559 indigne,
2333 3487 2634 3556 judicium
2669 3486 2782 3541 sibi
2819 3484 3145 3541 manduca!
3173 3488 3228 3539 et
3281 3485 3443 3538 bibit.
3497 3482 3716 3538 Deinde

2057 3593 2380 3633 conversus
2406 3573 2565 3629 idem
2592 3573 2813 3644 praesul
2837 3574 2904 3606 ³⁶¹
2939 3571 3017 3626 ad
3048 3587 3338 3642 sequaces
3366 3587 3434 3626 ac
3459 3570 3717 3626 fautores

2059 3665 2234 3734 regis,
2287 3661 2611 3732 unicuique
2664 3657 3156 3713 communionem
3216 3656 3428 3710 obtulit
3482 3656 3542 3710 in
3589 3658 3718 3710 haec

2058 3753 2244 3807 verba
2277 3769 2289 3804 :
2321 3772 2347 3797 «
2381 3748 2438 3805 Si
2467 3746 2718 3802 domino
2749 3762 2818 3800 ac
2846 3744 2972 3810 regi
3003 3748 3103 3798 tuo
3130 3742 3430 3816 Hlothario
3460 3742 3522 3796 in
3551 3742 3717 3810 obje-

2061 3844 2156 3894 cto
2186 3834 2460 3892 adulterii
2489 3831 2734 3888 crimine
2779 3831 3044 3887 favorem
3093 3830 3165 3863 ³⁸⁵³
3211 3843 3333 3884 11011
3382 3827 3716 3900 praestitisti,

2061 3941 2257 3999 neque
2288 3937 2650 3978 consensum
2679 3919 3006 3994 praebuisti,
3041 3924 3096 3974 et
3127 3916 3466 3974 Waldradae
3504 3921 3562 3973 et
3589 3915 3717 3973 aliis

2061 4017 2139 4074 ab
2168 4017 2282 4071 hac
2321 4013 2461 4069 sede
2492 4010 2819 4085 apostolica
2848 4007 3378 4066 excommunicatis
3407 4023 3530 4063 non
3560 4024 3722 4065 com.

2061 4103 2400 4171 municasti,
2428 4117 2646 4173 corpus
2689 4105 2746 4155 et
2775 4100 3019 4170 sanguis
3075 4097 3308 4154 Domini
3349 4087 3538 4154 nostri
3580 4101 3719 4154 Jesu

2063 4195 2275 4252 Christi
2319 4192 2527 4267 prosit,
2586 4189 2691 4245 tibi
2746 4189 2804 4244 in
2850 4188 3032 4245 vitam
3093 4188 3477 4244 aeternam!»
3539 4189 3719 4259 Igitur

2064 4284 2337 4360 quisquis
2403 4283 2464 4337 in
2519 4280 2611 4336 his
2671 4279 2880 4335 laesum
2938 4278 3128 4335 sciens
3195 4293 3348 4334 ausu
3402 4277 3717 4334 temerario

2069 4371 2557 4432 communionem
2612 4368 2727 4425 sub
2759 4368 2856 4425 tali
2910 4366 3335 4424 contestatione
3380 4372 3718 4439 porrectam

2071 4478 2304 4521 sumere
2331 4459 2733 4533 praesumpsit,
2765 4457 2969 4513 divino
2994 4455 3221 4527 judicio
3266 4471 3610 4527 percussus,
3642 4455 3718 4510 ab

2069 4555 2182 4609 hac
2210 4550 2342 4605 luce
2391 4547 2728 4604 subtractus
2781 4549 2888 4611 est,
2932 4548 3259 4616 antequam
3299 4540 3720 4613 subsequentis

1673 4659 1905 4736 VARI/li
1946 4675 2349 4737 LECTIONES.

373 4789 446 4822 ³³³
475 4788 865 4845 sublevamen
908 4789 1036 4844 cod.
1066 4791 1123 4842 S.
1157 4788 1377 4844 Godeh.

299 4859 515 4915 diebus
537 4877 706 4916 sacro
737 4859 979 4915 vestitus
1008 4864 1098 4914 5a.
1128 4876 1178 4915 e.
1213 4875 1381 4914 sacro
1403 4849 1615 4914 vestitu
1646 4863 1730 4913 lic.
1765 4858 1822 4913 d.
1849 4874 2024 4914 sacco
2046 4856 2291 4912 indutus
2315 4852 2442 4907 cod.
2475 4851 2537 4905 S.
2571 4849 2788 4929 Godeh.

302 4937 354 4977 Ξί-
407 4931 464 4977 in
500 4948 674 4977 snnm
710 4932 902 4977 Inmim
937 4932 1063 4977 nnd-
1099 4932 1155 4977 S'.
1192 4931 1410 4977 (lndph-
1446 4935 1495 4977 Si-
1540 4936 1591 4977 7-
1643 4932 1692 4977 9-
1735 4961 1802 4969 --
1844 4933 1929 4977 12-
2026 4929 2099 4962 3‘3
2145 4939 2283 4977 rege
2331 4927 2382 4977 6.
2473 4923 2546 4955 ³⁸⁵
2600 4919 2788 4976 01111111

2145 4939 2283 4981 rege
2331 4939 2382 4978 ῠ.

302 4940 354 4984 Ei.
407 4940 468 4986 111
500 4948 678 4986 suum
707 4940 906 4987 locum
937 4940 1063 4988 cod.
1098 4940 1157 4986 δ.
1192 4940 1411 4986 Uoden.
1540 4940 1591 4983 7.
1643 4940 1692 4983 9.
1735 4961 1802 4969 ——
1844 4940 1930 4984 12.
2026 4940 2099 4962 ³⁸⁸
2145 4940 2283 4994 rege
2331 4940 2382 4978 11.
2473 4940 2546 4955 ον’
2600 4940 2875 5000 ordinato

302 5003 598 5082 majorem
631 5008 676 5058 1.
711 5008 761 5082 5.
795 5018 932 5082 rege
961 5002 1082 5082 ﬁlio
1113 5018 1226 5082 suo
1269 5002 1523 5082 quierat
1551 5001 1746 5071 major
1791 5004 1840 5056 3.
1873 5000 2002 5082 cod.
2035 4994 2346 5082 S.‘_Qodeh.
2383 4994 2508 5082 Π
2530 4989 2900 5082 cep‘it‘qculins

304 5074 380 5107 3“
406 5071 466 5128 in
498 5071 927 5130 monasterium
969 5073 1006 5128 i.
1046 5079 1064 5128 1
1100 5105 1167 5112 ——
1197 5077 1247 5130 3.
1286 5071 1346 5128 is.
1381 5071 1458 5128 ad
1501 5088 1582 5128 111.
1614 5087 1925 5141 regressus
1962 5073 2014 5127 4.

884 5146 959 5178 ³⁵0
1002 5144 1304 5214 diligentia
1350 5145 1637 5200 hactenus
1686 5147 2042 5200 conservata
2085 5147 2132 5195 7'
2280 5142 2363 5193 12.

1002 5215 1073 5249 ³⁵³
1107 5231 1227 5287 11011
1278 5221 1398 5271 tam
1446 5215 1792 5287 corporisg3.
1827 5219 1878 5287 4.
1915 5221 1999 5270 50.
2035 5230 2084 5269 e.

302 4937 354 4984 Ei.
407 4931 468 4986 in
500 4948 678 4986 suum
707 4932 906 4987 locum
937 4932 1063 4988 cod.
1098 4932 1157 4986 S.
1192 4931 1411 4986 Godelz.
1540 4936 1591 4983 7.
1643 4932 1692 4983 9.
1735 4961 1802 4969 ——
1844 4933 1930 4984 12.

305 5159 411 5199 rex
459 5160 673 5200 roman
717 5152 771 5200 7.

310 5214 388 5269 ab
415 5220 544 5270 3.6.
575 5222 626 5270 7.
661 5219 904 5272 9-12,

1457 4788 1528 4822 ³³³
1574 4787 1739 4858 quod
1777 4788 1838 4842 in
1878 4792 2045 4844 tanta
2073 4791 2143 4858 3._
2159 4783 2286 4839 cod.
2313 4780 2372 4836 S.
2405 4779 2622 4858 Goldeng
2655 4781 2820 4858 tanta
2850 4783 2956 4858 lc.
2995 4793 3046 4831 e.
3080 4781 3132 4828 7.

3213 4773 3286 4806 ³⁵0
3313 4769 3534 4842 ceperit
3556 4770 3721 4842 quod

2867 4850 2931 4881 3“
2966 4846 3304 4902 commotus
3461 4843 3534 4876 3”
3564 4843 3722 4899 deest

2473 4923 2546 4955 3“
2600 4919 2997 4976 ordinato...
3051 4929 3254 4984 regem
3302 4912 3492 4969 ﬁlium
3544 4931 3723 4970 suum

2480 4994 2499 5027 ⁵
2530 4991 2687 5043 cepit
2715 4988 3020 5043 oculisaue
3051 4984 3233 5040 erutis
3272 4985 3333 5041 in
3364 4993 3414 5041 7.
3449 4992 3500 5043 9.
3535 5018 3604 5027 —-
3636 4991 3718 5040 12.

2093 5041 2096 5052 ,
2127 5001 2346 5054 Godeh.
2426 5001 2499 5027 διδ
2530 5001 2687 5064 cepit
2715 5001 3020 5093 oculisque
3051 5001 3233 5066 eruus
3272 5001 3333 5041 111
3364 5001 3414 5041 '1.
3449 5001 3500 5043 9.
3535 5018 3604 5027 —-
3636 5001 3718 5040 12.

2093 5070 2166 5103 3“
2213 5060 2909 5140 prsesentis_deest_2.m3'*
2985 5056 3356 5140 dedugut‘7._
3404 5059 3477 5140 3:9
3527 5058 3720 5140 1110111ἶ

2478 5135 2546 5168 εδί
2600 5129 2963 5202 custoditum
3000 5127 3289 5202 quodab
3339 5135 3387 5183 1.
3428 5135 3576 5202 2.-5.
3619 5127 3724 5201 qui

2182 5212 2257 5244 ³⁵³
2309 5225 2362 5264 a.
2405 5221 2535 5262 esse
2583 5199 2879 5258 videbaris
2930 5205 2980 5256 5.
3018 5199 3302 5256 abscisus
3345 5205 3430 5255 5e.
3473 5200 3532 5255 d.
3575 5199 3720 5255 e.'6.

311 5286 385 5358 Ψ
415 5285 592 5342 ﬁnitis
624 5271 778 5342 i-im-
812 5286 1178 5358 sollemniis
1222 5289 1274 5342 4·
1309 5292 1338 5339 7
1387 5317 1462 5358 -,
1507 5271 1591 5358 ίέε
1631 5286 1812 5341 ﬁnitis
1841 5286 1877 5341 ί·
1912 5274 2587 5358 ιηο-δοιθωὶί1)α⁵..²ἑ9;.ἷίς
2626 5271 3202 5358 θΡίί⁰.Ῑ·.ῖΡ·Ρίῖἶ⁰19
3322 5273 3434 5358 ,δ’δδ
3478 5272 3720 5358 ἑζῖἷθξξ

311 5357 387 5390 ³⁵⁸
415 5360 464 5412 te
485 5364 728 5414 accusat
747 5363 801 5413 te
827 5357 983 5413 letali
1013 5357 1098 5412 3c.
1129 5357 1188 5413 d.

307 5433 358 5482 7.
395 5433 424 5483 9
457 5461 522 5468 —-
557 5434 640 5487 12.
719 5430 793 5464 ³⁶⁰
821 5430 979 5485 deest
1012 5433 1060 5484 1.
1085 5433 1137 5484 2.
1171 5433 1222 5485 5.
1300 5430 1368 5464 ³⁶¹
1403 5427 1594 5483 isdem
1621 5427 1835 5500 praesul
1865 5432 1912 5482 1.

1267 5358 1339 5391 ³³⁷
1371 5357 1754 5412 volutabrum
1776 5361 1828 5413 4.
1863 5362 1949 5412 5c.
1983 5355 2043 5411 d.
2073 5362 2103 5409 7
2126 5385 2194 5394 —-
2229 5353 2308 5406 12.
2387 5353 2502 5400 ³⁵⁸1

1300 5430 1368 5464 ³⁶¹
1403 5427 1594 5482 isdem
1622 5427 1835 5482 praesul
1865 5432 1912 5482 1.
1992 5428 2064 5462 ³⁸³
2096 5425 2390 5482 fautorem
2415 5423 2446 5471 2
2477 5421 2507 5471 5

2387 5347 2460 5380 ³⁵⁸
2484 5345 2586 5400 tibi
2608 5343 2886 5401 adveniat
2904 5349 2956 5400 2.
2991 5348 3043 5400 3.
3067 5348 3120 5400 4.
3146 5349 3196 5399 5.
3227 5348 3292 5398 6.
3319 5347 3397 5397 11.
3476 5343 3550 5376 ³⁵9
3572 5341 3722 5396 deest

1907 5533 2128 5588 NOTAE.

383 5646 495 5714 (60)
527 5643 802 5699 Nondum
831 5647 958 5700 erat
987 5645 1320 5700 monachus
1347 5655 1508 5698 anno
1540 5638 1813 5713 sequenti
1839 5656 1854 5707 ;
1886 5654 2031 5694 nam
2058 5637 2289 5707 legatus
2321 5629 2454 5701 ejus
2484 5633 2718 5704 synodo
2768 5627 3441 5702 Constantinopolitante
3466 5617 3728 5674 interfuit

307 5729 474 5772 anno
499 5719 626 5772 869.
663 5718 941 5779 Borouer.
