4086 6200
388 213 458 271 99
556 252 569 268 ι
1436 272 1439 275 ,
1529 211 1901 276 REGINONIB
1939 212 2361 277 PRUMJENSIS
2393 213 2691 286 ABBATIS
3727 221 3829 279 100

388 337 532 397 anni
560 337 779 401 rediret
805 337 1168 411 principium
1194 356 1207 405 ;
1257 337 1543 410 perpauci
1570 338 1680 411 qui
1708 353 1771 397 se
1799 354 1838 399 a
1883 354 2049 397 com-
2078 346 2125 402 Α
2160 352 2307 397 nam
2336 336 2684 408 sospitatem
2710 337 2783 374 ³⁸⁵
2813 336 3122 406 reddente,
3156 335 3358 395 venire
3389 341 3618 408 posset,
3643 344 3707 397 ut
3724 357 3829 413 pa-

386 426 676 485 munione
706 426 1177 494 substraxerunt,
1208 426 1303 485 vix
1331 426 1540 487 mortis
1555 426 1889 500 periculum
1912 444 2047 485 eva—

389 521 591 576 serunt
622 517 696 550 ³⁸³

456 605 640 662 Porro
668 603 1004 661 Hlotharius
1032 605 1219 663 Roma
1245 620 1545 674 egressus,
1573 606 1788 664 morbo
1810 604 2051 676 corripi-

386 696 500 759 tur,
535 697 592 747 et
620 690 918 749 Placentia
949 690 1183 751 civitate
1214 694 1288 727 36"
1316 692 1685 764 perveniens,
1710 693 1869 751 diem
1894 692 2051 749 clau-

386 780 458 839 sit
487 784 820 839 extremum
855 786 884 834 6
909 779 1048 837 Idus
1078 782 1328 850 August.
1361 784 1547 839 Tanta
1584 787 1787 841 autem
1818 786 2048 851 strages

382 867 446 927 in
475 867 704 939 praefati
735 868 891 938 regis
921 868 1147 940 populo
1176 868 1333 927 facta
1362 874 1468 939 est,
1501 874 1566 927 ut
1594 886 1717 933 non
1761 876 1924 943 peste
1952 887 2050 943 pe-

382 957 551 1026 risse,
586 957 691 1014 sed
725 957 919 1017 hostili
946 957 1145 1027 gladio
1177 958 1471 1014 corruisse
1506 959 1689 1015 virtus
1721 977 1790 1018 ac
1833 960 2046 1017 nobili—

385 1050 474 1105 tas
501 1046 678 1104 totius
706 1047 873 1117 regni
902 1046 1222 1116 videretur,
1255 1063 1392 1119 quae
1438 1064 1510 1105 eo
1554 1055 1820 1120 tempore
1870 1054 2048 1105 tantae

383 1135 785 1193 foecunditatis
808 1139 952 1203 erat,
984 1138 1047 1191 ut
1062 1134 1123 1190 in
1149 1136 1405 1195 modum
1425 1137 1755 1195 densarum
1778 1143 2049 1207 segetum

383 1222 708 1294 pullulans,
740 1222 922 1282 veluti
951 1223 1221 1295 quodam
1246 1224 1522 1281 examine
1544 1226 1617 1259 ³⁸⁵
1646 1225 1878 1298 imperii
1898 1226 2049 1283 ﬁnes

384 1313 456 1346 “5
484 1312 815 1384 repleverit.

454 1400 699 1459 Carolus
725 1402 821 1472 367,
856 1407 1017 1457 certa
1051 1400 1341 1457 relatione
1386 1403 1762 1475 comperiens
1811 1404 2048 1460 Hlotha-

381 1490 539 1546 rium
563 1504 766 1559 regem
809 1489 1026 1555 obisse,
1071 1505 1215 1545 mox
1242 1506 1499 1559 regnum
1550 1492 1705 1549 illius
1753 1508 2049 1565 occupare

382 1579 454 1613 353
484 1578 708 1645 nititur,
740 1577 1043 1648 Mettisque
1074 1578 1148 1610 ³⁸9
1188 1579 1567 1649 perveniens,
1601 1580 1680 1636 ab
1734 1580 2046 1651 Adventio,

2159 426 2299 481 riter
2317 424 2817 496 colloquerentur,
2859 429 2916 481 et
2943 424 3017 483 de
3039 424 3310 495 ejusdem
3339 424 3508 494 regni
3558 431 3714 486 statu
3751 432 3828 467 ³⁸⁸

2160 513 2326 585 quod
2342 512 2583 583 justitias
2603 512 2964 586 etaaquitatis
2974 512 3454 584 juradictabant,
3472 514 3603 586 pari
3619 517 3829 579 volun-

2162 606 2276 656 tate
2302 592 2706 660 decernerent.
2734 602 2829 659 His
2856 618 2995 658 cum
3023 600 3128 657 tali
3154 600 3444 661 mandato
3475 605 3828 678 praemissis,

2157 688 2393 747 interim
2422 688 2805 749 Liudbertum
2829 691 2922 750 ³⁸⁷.
2953 689 3476 762 archiepiscopum
3497 694 3825 761 Magontia-

2159 792 2242 837 cae
2266 778 2340 811 ³⁸⁸
2367 776 2550 844 urbis,
2578 778 2805 835 occulte
2836 777 3145 837 Coloniam
3189 777 3390 847 dirigit
3412 780 3826 856 hortaturque,

2162 871 2225 926 ut
2251 866 2417 923 omni
2447 872 2572 923 arte
2599 873 2894 938 satageret
2922 867 3365 926 ordinationem
3391 867 3656 928 Hilduini
3685 888 3832 944 prte-

2158 955 2379 1023 venire,
2413 960 2469 1012 et
2500 970 2573 1011 ex
2599 955 2791 1029 ipsius
2821 955 3068 1013 civitatis
3099 955 3258 1011 clero
3297 956 3653 1031 episcopum
3694 976 3831 1021 con-

2161 1058 2392 1100 secrare
2440 1043 2705 1101 studeret
2732 1046 2805 1079 389
2854 1060 2960 1116 per
2995 1043 3347 1101 electionem
3396 1045 3646 1105 civium.
3697 1051 3825 1120 Qui,

2160 1133 2484 1206 assumptis
2542 1149 2747 1191 secum
2812 1133 2942 1190 aliis
3008 1134 3329 1206 episcopis,
3394 1140 3557 1195 recto
3624 1138 3827 1199 itinere

2158 1222 2338 1281 Diuza
2370 1223 2445 1257 39°
2474 1227 2740 1281 castrum
2766 1222 3055 1294 pervenit,
3097 1227 3156 1279 et
3196 1222 3533 1283 formidans
3565 1241 3640 1282 ne
3682 1227 3827 1287 forte

2158 1309 2387 1367 insidiae
2419 1310 2531 1367 sibi
2561 1325 2599 1367 a
2630 1310 2822 1370 Caroli
2853 1310 3188 1369 fautoribus
3219 1311 3574 1370 molirentur
3604 1316 3700 1386 3“,
3728 1333 3828 1375 ne-

2157 1414 2467 1472 quaquam
2501 1398 2774 1457 Rhenum
2802 1398 3055 1470 transiit,
3100 1399 3204 1457 sed
3252 1399 3565 1461 destinatis
3611 1405 3824 1477 missis,

2156 1487 2472 1545 mandavit
2520 1492 2584 1543 ut
2631 1488 3003 1545 honestiores
3032 1505 3106 1544 ex
3136 1488 3294 1547 clero
3322 1496 3380 1546 et
3403 1490 3731 1557 nobiliores
3754 1511 3825 1552 ex

2157 1577 2383 1649 populo
2405 1576 2520 1634 sibi
2545 1576 2622 1633 ad
2641 1577 2804 1635 idem
2827 1582 3087 1635 castrum
3111 1585 3509 1637 occurrerent.
3529 1580 3824 1653 lllisjussa

381 1665 641 1737 praefatae
673 1664 838 1722 urbis
870 1665 1175 1736 episcopo,
1208 1671 1264 1721 et
1292 1667 1599 1725 nonnullis
1632 1669 1707 1702 37“
1751 1669 1881 1727 aliis
1926 1670 2045 1743 pri-
2076 1696 2119 1751 Β
2157 1665 2618 1739 complentibus,
2654 1666 2972 1739 episcOpus
3006 1682 3080 1723 ex
3118 1671 3288 1738 parte
3331 1668 3487 1739 regis
3533 1687 3637 1727 eos
3683 1672 3824 1731 allo-

381 1754 649 1813 moribus
700 1753 1097 1811 favorabiliter
1149 1759 1457 1827 exceptus,
1510 1757 1572 1813 in
1629 1773 1883 1827 regnum
1943 1776 2043 1815 su-

379 1843 665 1903 blimatur
707 1845 802 1911 3“,
846 1843 1104 1916 indeque
1135 1843 1499 1915 digrediens,
1543 1846 1907 1918 Aquisgrani
1937 1865 2044 1919 pa-

378 1932 590 1991 latium
645 1932 953 2002 ingressus
1005 1937 1111 1999 est,
1171 1949 1242 1990 eo
1304 1934 1470 2006 quod
1532 1936 1703 1993 sedes
1758 1938 1927 2006 regni
1971 1940 2043 1972 372

379 2037 511 2078 esse
540 2021 858 2081 videretur.
890 2020 996 2079 Ubi
1027 2020 1216 2079 multo
1240 2022 1443 2095 plures
1472 2023 1553 2081 ad
1578 2040 1718 2083 eum
1741 2026 2042 2085 confluxe-

377 2116 517 2169 runt
540 2112 634 2164 373.

451 2200 704 2259 Carebat
731 2206 935 2257 autem
958 2216 1031 2257 ea
1048 2204 1398 2272 tempestate
1422 2201 1566 2259 urbs
1588 2204 1960 2265 Trevirorum
1985 2209 2044 2265 et

378 2290 626 2349 Colonia
655 2289 1109 2362 Agrippinensis
1150 2290 1579 2361 pontiﬁcibus;
1628 2292 1946 2365 siquidem,
1980 2300 2041 2353 ut

378 2379 804 2452 praemisimus,
838 2379 1159 2437 amborum
1192 2380 1477 2450 praesules
1523 2382 1584 2439 in
1619 2382 1779 2440 Italia
1808 2384 1887 2439 ad
1929 2385 2041 2443 hac

375 2467 508 2525 luce
538 2460 825 2525 subtracti
854 2471 1009 2523 sunt.
1045 2467 1195 2524 lnito
1224 2471 1428 2527 autem
1458 2485 1560 2527 rex
1587 2486 1725 2529 cum
1748 2473 2041 2544 optimati-

374 2556 492 2615 bus
551 2556 823 2625 consilio,
876 2555 1226 2623 Bertult‘um,
1296 2563 1577 2630 nepotem
1609 2561 1683 2594 37‘
1715 2561 2044 2632 supradicti

376 2644 649 2702 Adventii
695 2644 985 2717 episcopi,
1023 2644 1286 2701 ecclesiae
1330 2646 1705 2706 Trevirorum
1758 2648 2037 2721 praefecit.

377 2735 592 2791 Actum
614 2734 687 2768 37“
709 2739 797 2789 est
825 2738 1046 2801 autem,
1074 2737 1140 2790 ut
1166 2733 1274 2789 iste
1323 2733 1403 2788 vir
1442 2735 1849 2807 episcopalem
1894 2738 2042 2794 obti-

376 2827 542 2879 neret
570 2822 942 2892 dignitatem,
987 2820 1318 2879 interventu
1355 2828 1411 2879 et
1462 2839 1577 2895 ope
1613 2824 1879 2896 praedicti
1923 2827 2040 2883 Ad-

378 2911 580 2980 ventii,
620 2911 723 2982 qui
753 2926 824 2971 eo
860 2915 1124 2981 tempore
1147 2910 1221 2943 ³⁷⁸
1250 2910 1579 2981 plurimum
1628 2913 1794 2986 apud
1836 2931 2042 2984 regem

375 3002 610 3071 poterat
637 2998 732 3064 3‘7,
764 3014 835 3055 eo
859 2998 1024 3071 quod
1050 2997 1129 3053 illi
1160 2999 1522 3057 assentando
1552 2999 1612 3056 in
1634 3000 2040 3075 adipiscendis

374 3086 546 3158 regni
574 3086 828 3156 negotiis
859 3085 1236 3144 ambitiosius
1262 3086 1509 3147 faveret.

447 3178 625 3233 Porro
647 3175 905 3232 Coloniae
932 3175 1275 3248 Agrippinae
1308 3192 1412 3233 rex
1440 3176 1791 3237 Hilduinum
1834 3180 1908 3215 3"
1935 3179 2040 3236 ab-

375 3267 577 3323 batem
630 3280 979 3338 praeponere
1024 3266 1099 3301 37°
1156 3267 1405 3327 tentavit
1459 3266 1522 3321 in
1567 3266 1896 3339 pontiﬁcali
1944 3286 2038 3329 ca-

312 3346 318 3350 ⁴
374 3354 603 3417 thedra,
663 3354 919 3426 fecitque
963 3370 999 3409 a
1048 3357 1352 3413 l-‘rancone
1405 3356 1501 3425 πθ,
1555 3356 1839 3430 episcopo
1882 3360 2037 3416 Tun-

374 3443 606 3512 grensis
635 3444 705 3481 ³⁸¹
737 3443 1070 3510 dioceseos,
1122 3443 1184 3499 in
1232 3443 1417 3515 Aquis
1466 3444 1688 3518 palatio
1731 3446 2037 3518 presbyte-

372 3547 509 3589 rum
533 3531 797 3589 ordinari
825 3533 902 3590 ad
934 3532 1169 3589 titulum
1199 3533 1390 3589 sancti
1417 3533 1567 3589 Petri
1593 3533 1894 3605 praedictas
1914 3551 2037 3593 me-

373 3621 640 3695 tropolis.

443 3712 595 3769 Dum
617 3711 744 3769 haec
766 3710 826 3767 in
846 3725 1033 3780 regno
1068 3710 1356 3769 Hlotharii
1404 3716 1685 3780 aguntur,
1738 3712 2036 3770 Hludowi-

371 3816 475 3858 cus
494 3815 600 3857 rex
618 3799 961 3857 infirmitate
977 3799 1272 3869 detentus,
1296 3800 1357 3855 in
1380 3800 1790 3871 Bajoariorum
1810 3801 2033 3861 ﬁnibus

366 3888 518 3946 lecto
538 3888 960 3945 decumbebat.
991 3888 1253 3945 Audiens
1279 3888 1482 3967 itaque
1510 3904 1549 3945 a
1572 3890 1752 3946 fratre
1783 3892 2029 3963 saepedi-

369 3981 532 4035 ctum
551 3991 807 4046 regnum
834 3975 1026 4033 taliter
1050 3975 1351 4043 invasum,
1382 3991 1541 4046 agre
1589 3977 1743 4050 tulit,
1790 3982 1847 4035 et
1891 3996 2032 4043 cum

367 4064 535 4125 omni
562 4063 936 4123 festinatione
963 4063 1191 4134 legatos
1217 4062 1451 4133 direxit,
1491 4065 1597 4137 qui
1639 4081 1779 4125 eum
1812 4066 2030 4127 obnixe

365 4157 666 4223 rogarent,
693 4158 759 4211 ut
787 4152 867 4212 ab
894 4152 1010 4209 hac
1041 4153 1355 4213 temeraria
1398 4152 1715 4215 invasione
1752 4162 2026 4225 cessaret,

366 4257 478 4299 nec
524 4240 688 4298 solus
731 4242 805 4277 3“
852 4241 1121 4299 indebita
1166 4242 1635 4315 praesumptione
1693 4250 2027 4319 usurparet,

363 4330 531 4403 quod
561 4330 827 4404 utrisque
864 4330 1239 4391 haereditario
1283 4331 1417 4402 jure
1449 4331 1765 4406 aequaliter
1789 4350 2030 4409 compe-

2156 1754 2376 1826 quitur,
2410 1759 2471 1810 ut
2500 1753 2611 1811 sibi
2644 1754 3045 1825 consulerent,
3080 1760 3137 1810 et
3163 1772 3350 1828 quam
3385 1757 3558 1815 citius
3588 1775 3662 1816 ex
3684 1776 3821 1832 ριιο-

2155 1844 2289 1914 prio
2316 1858 2495 1912 grege
2526 1844 2600 1876 39’
2627 1842 2945 1914 praesulem
2975 1843 3290 1913 eligerent;
3340 1861 3402 1902 se
3453 1846 3532 1902 ad
3585 1847 3696 1904 hoc
3724 1849 3822 1907 de-

2155 1932 2444 1989 stinatum
2476 1946 2626 2000 esse,
2665 1936 2728 1990 ut
2754 1948 3183 2005 quemcunque
3222 1935 3533 1991 communi
3576 1937 3821 1995 consilio

2155 2019 2607 2092 praeficiendum
2640 2019 3046 2089 decernerent,
3078 2021 3277 2080 statim
3308 2030 3702 2082 consecraret.
3732 2026 3819 2083 Ad

2151 2108 2281 2165 haec
2310 2107 2392 2163 illi
2419 2107 2807 2181 respondent,
2841 2108 3117 2167 Hilduino
3148 2110 3564 2183 episcopatum
3588 2116 3662 2148 3”
3692 2130 3818 2170 esse

2151 2195 2385 2260 datum,
2413 2196 2667 2273 jamque
2693 2196 3120 2271 presbyterum
3150 2198 3231 2254 ad
3271 2198 3467 2270 ipsam
3495 2200 3699 2261 sedem
3729 2218 3818 2262 or-

2151 2285 2450 2353 dinatum,
2483 2301 2818 2361 omnesque
2841 2301 2996 2360 pene
3027 2287 3313 2345 manibus
3343 2288 3499 2348 datis
3530 2290 3661 2361 ejus
3709 2291 3817 2349 do-

2150 2375 2544 2433 minationem
2576 2379 2918 2447 susceptam
2943 2375 3256 2445 haberent,
3289 2376 3455 2433 nulla
3491 2378 3643 2437 ratio
3689 2395 3817 2452 per-

2151 2463 2406 2521 mitteret
2430 2465 2503 2497 39‘
2533 2468 2596 2519 ut
2624 2463 2812 2523 alium
2839 2464 3145 2534 eligerent.
3173 2465 3403 2532 Quibus
3428 2465 3523 2525 ille
3544 2475 3811 2527 econtra:

2148 2553 2219 2608 Si
2239 2554 2581 2611 electionem
2616 2553 2774 2609 vobis
2806 2554 2880 2587 ³⁹δ
2907 2569 2945 2609 a
2973 2568 3109 2623 rege
3134 2568 3470 2612 concessam
3492 2556 3812 2626 despicitis,

2151 2642 2214 2696 in
2236 2642 2488 2698 arbitrio
2515 2646 2568 2695 et
2589 2646 2884 2710 potestate
2921 2643 3076 2713 regis
3109 2646 3212 2709 est,
3246 2658 3415 2715 quem
3470 2644 3628 2703 vobis
3676 2646 3815 2701 vetit

2152 2727 2301 2785 dare
2323 2730 2661 2799 episcopum
2691 2730 2808 2800 395;
2835 2735 3033 2787 tamen
3056 2745 3171 2800 pro
3196 2737 3357 2789 certo
3386 2733 3613 2805 scitote,
3657 2734 3818 2806 quod

2150 2825 2293 2875 ante
2321 2819 2588 2875 triduum
2614 2820 2805 2875 alium
2826 2835 3008 2893 quam
3038 2821 3403 2880 Hilduinum
3434 2822 3721 2879 habebitis
3740 2825 3815 2858 ³⁸⁷

2151 2910 2509 2983 episcopum.
2544 2910 2640 2964 His
2665 2909 2885 2967 auditis
2916 2911 3276 2969 unaminiter
3307 2912 3611 2982 elegerunt
3636 2913 3815 2972 Willi-

2150 2997 2408 3066 bertum,
2465 2997 2865 3055 venerabilem
2922 2998 3140 3071 virum,
3187 3017 3371 3074 quem
3425 3001 3681 3061 nimium
3727 3019 3820 3061 re-

2150 3093 2436 3146 nuentem
2464 3104 2534 3145 ac
2564 3088 2955 3160 refugientem
2981 3089 3279 3147 ordinavit
3326 3095 3460 3159 (61),
3493 3092 3815 3164 praedictus

2152 3176 2223 3209 ³³⁸
2267 3175 2532 3244 antistes,
2593 3192 2733 3233 cum
2784 3176 2914 3233 aliis
2968 3178 3516 3249 consacerdotibus,
3568 3185 3625 3239 et
3672 3197 3815 3240 cum

2149 3263 2314 3327 omni
2346 3263 2502 3321 clero
2533 3268 2589 3319 et
2628 3263 2854 3337 populo
2883 3264 3070 3321 Rheni
3121 3264 3343 3323 ﬂuenta
3389 3268 3811 3336 transfretavit,

2148 3357 2204 3407 et
2236 3368 2375 3408 eum
2404 3352 2731 3409 honoriﬁce
2771 3353 2835 3409 in
2866 3353 3005 3409 sede
3036 3356 3108 3389 3”
3133 3354 3460 3429 pontiﬁcali
3500 3356 3810 3431 imposuit,

2147 3443 2552 3515 omnibusque
2580 3444 2686 3498 rite
2718 3443 2994 3514 peractis,
3043 3445 3156 3499 sub
3198 3447 3270 3480 ⁴⁰⁰
3300 3446 3467 3505 omni
3512 3448 3579 3495 ⁴⁰ι
3611 3447 3813 3507 celeri-

2150 3536 2263 3587 tate
2291 3531 2555 3587 recessit.
2592 3531 2836 3591 Carolus
2880 3539 3187 3606 oomperta
3216 3534 3591 3592 ordinatione
3621 3537 3811 3593 nimio

2145 3620 2344 3677 furore
2374 3620 2741 3688 accenditur,
2774 3638 2844 3679 ac
2874 3638 3017 3681 mox
3050 3623 3359 3681 Coloniam
3378 3626 3807 3696 proﬁciscitur;

2144 3710 2369 3785 quippe
2396 3709 2545 3767 dum
2589 3710 2720 3767 huic
2767 3717 3087 3780 agerentur
3133 3728 3170 3768 a
3208 3713 3405 3771 missis
3454 3713 3806 3783 Hludowici,

2144 3798 2459 3855 Hilduinus
2490 3798 2658 3872 apud
2685 3799 2871 3875 Aquis
2904 3800 2976 3836 ⁴⁰²
3008 3801 3298 3874 palatium
3327 3802 3387 3859 in
3417 3803 3582 3874 regio
3605 3806 3679 3839 ⁸0³
3702 3805 3809 3861 ob-

2142 3889 2350 3962 sequio
2374 3889 2744 3947 morabatur.
2778 3889 3131 3949 Willibertus
3159 3891 3479 3966 episcopus
3505 3898 3562 3950 et
3589 3910 3806 3955 omnes

2140 3977 2246 4050 qui
2273 3977 2335 4035 in
2364 3979 2494 4049 ejus
2521 3978 2896 4037 ordinatione
2926 3982 2998 4015 ‘0‘
3026 3988 3476 4052 consenserant,
3525 3984 3809 4047 Rhenum

2141 4070 2516 4126 transeuntes
2573 4066 2860 4127 saevitiam
2927 4069 3085 4140 regis
3151 4069 3623 4131 declinaverunt.
3684 4076 3810 4133 Rex

2140 4172 2282 4215 cum
2322 4156 2627 4215 neminem
2674 4156 3009 4228 reperisset,
3056 4158 3119 4215 in
3147 4174 3331 4231 quem
3366 4175 3508 4221 suas
3551 4160 3807 4233 iniurias

2143 4244 2335 4302 ultum
2389 4243 2472 4298 ire
2528 4248 2731 4317 posset
2798 4245 2892 4315 ‘0‘,
2941 4246 3036 4303 via
3089 4262 3213 4319 qua
3276 4253 3525 4308 venerat
3577 4265 3807 4321 regres-

2144 4350 2245 4389 sus
2283 4335 2390 4389 est.
2436 4334 2663 4391 Interea
2703 4332 2920 4390 iterum
2969 4332 3149 4406 legati
3191 4350 3229 4392 a
3277 4335 3622 4397 Hludowico
3669 4338 3807 4398 mit-

366 4418 554 4488 tebat;
574 4434 764 4490 regno
784 4421 858 4455 ³⁸³
887 4418 1200 4483 decederet
1220 4422 1314 4489 3“,
1346 4404 1664 4494 quousque
1694 4425 1814 4480 Deo
1837 4404 2029 4497 pristi-
2059 4404 2102 4457 θ
2146 4424 2647 4565 tuntur,Sorantes
2679 4424 2744 4478 ut
2784 4436 2822 4478 a
2851 4404 3055 4497 regno
3083 4423 3453 4497 discederet;
3508 4427 3617 4486 sed
3663 4444 3807 4487 cum

1742 4512 1975 4565 VARI/IS
2016 4512 2371 4565 LECTIONE
2413 4551 2425 4564 .

1742 4512 1975 4571 VARI/IS
2016 4512 2425 4571 LECTIONES.

435 4599 509 4634 ³⁸³
541 4613 784 4655 evasere
811 4604 862 4653 7.
887 4603 1033 4654 9-12.
1112 4600 1186 4633 3“

1215 4598 1577 4671 placentiam
1606 4600 1903 4657 civitatem
1933 4608 1985 4657 2.
2022 4606 2071 4658 3.
2110 4606 2140 4655 5
2162 4632 2230 4641 —-
2260 4603 2343 4656 12.
2423 4599 2496 4633 ⁸³⁵

2525 4599 2839 4672 quoddam
2892 4617 3147 4657 examen
3172 4606 3226 4658 4.
3256 4609 3309 4659 5.
3399 4605 3473 4639 ³⁸⁸
3502 4604 3653 4661 ﬁnes
3695 4606 3807 4661 im-

363 4669 512 4742 perii
538 4675 588 4727 7.
622 4703 691 4710 —
724 4674 807 4725 12.
838 4669 1173 4742 impleverit
1194 4669 1322 4724 1“-
1352 4674 1403 4725 3.
1437 4675 1488 4725 5.
1522 4674 1573 4725 6.
1652 4673 1725 4707 ³⁸⁷
1759 4673 2144 4742 Carolusﬂhic
2175 4678 2230 4729 et
2260 4670 2398 4727 aliis
2428 4672 2488 4724 in
2520 4669 2663 4726 locis
2698 4671 2922 4727 Calvus
2955 4674 3125 4728 audit
3158 4677 3211 4728 4.
3290 4676 3364 4709 ³⁵⁸
3398 4691 3537 4730 mox
3561 4676 3599 4732 i.
3629 4692 3684 4732 o.
3718 4677 3808 4733 di-

362 4740 587 4798 tionem
610 4757 670 4799 n.
700 4745 752 4812 5.
831 4742 906 4776 ³⁸⁸
926 4740 1200 4812 initasqu

1202 4756 1234 4818 β
1270 4746 1289 4796 1
1316 4772 1388 4818 _——_
1404 4744 1460 4818 β.
1492 4746 1546 4797 6.
1575 4744 1628 4799 8.
1706 4744 1782 4779 37°
1806 4741 2112 4818 nonnullis
2140 4744 2379 4818 deest}.
2410 4745 2439 4818 7
2474 4772 2541 4818 _—
2574 4746 2657 4799 12.
2738 4744 2806 4778 ³η
2842 4743 3198 4818 sublimatus
3227 4750 3280 4802 5.
3358 4747 3431 4780 δῖ’
3455 4747 3627 4804 sedes
3645 4749 3807 4818 regis

363 4815 415 4886 5.
493 4812 567 4886 εξῖἕ
596 4810 941 4886 confluxere
969 4816 1022 4869 5.
1100 4810 1174 4846 37“
1199 4811 1536 4886 bertulfum
1555 4830 1601 4869 s.
1623 4830 1687 4886 Aa.
1719 4814 2041 4886 propinqui

2161 4820 2215 4885 3._
2286 4814 2365 4886 f7?
2397 4814 2610 4867 Actum
2649 4829 2835 4885 usque
2872 4813 3096 4886 faveret
3123 4816 3281 4872 deest
3314 4820 3367 4872 4.
3396 4818 3629 4876 Dictum
3662 4810 3800 4877 1Ῐ2.

362 4885 415 4938 5.
494 4882 568 4964 ξπδ
594 4883 740 4964 quia
759 4888 1128 4964 eotempore
1160 4887 1213 4964 ξ,
1243 4886 1296 4940 4.
1374 4882 1809 4964 ‘iplurimum
1829 4882 2041 4964 apud}

2147 4902 2165 4941 ι
2208 4882 2393 4964 valuit
2419 4888 2449 4939 7
2482 4915 2549 4964 τ-
2587 4888 2668 4940 12.
2728 4882 2837 4964 :378;
2871 4885 3253 4964 hildouinum
3299 4895 3329 4945 7
3407 4889 3489 4964 3"“
3514 4889 3807 4948 abbatem

361 4950 699 5035 praeferri—ej
730 4985 797 5035 ςσ-
832 4958 915 5035 12.
944 4950 1005 5011 aI
1020 4952 1329 5035 prmﬁcere
1404 4950 1814 5035 380truncique
1840 4950 1896 5035 _2_‘.
1974 4958 2045 5035 3'31
2081 4955 2394 5035 tungrensi
2417 4954 2791 5035 episcopum
2817 4962 2847 5011 7
2880 4988 2959 5035 —‘
2980 4960 3063 5012 12.
3121 4960 3215 5035 ,ξ’δῖ
3244 4975 3357 5016 nec
3404 4959 3568 5017 solus
3618 4977 3807 5035 usque

362 5022 675 5081 decederet
702 5025 859 5096 deest
887 5028 941 5083 4.
1019 5022 1092 5061 “3
1123 5023 1228 5080 sed
1249 5040 1403 5096 iregn

360 5098 519 5171 statu
546 5094 716 5171 regni
746 5100 800 5171 7.
828 5098 861 5151 9
887 5126 955 5139 -
988 5100 1071 5152 12.
1093 5165 1121 5171 Α
1149 5097 1218 5131 ³⁸⁷
1246 5094 1450 5171 luidpe

1453 5102 1612 5154 rtum
1641 5102 1691 5153 3.
1724 5102 1775 5171 5.
1807 5095 1956 5171 luitp

362 5165 548 5239 cianae
579 5168 612 5222 9
642 5170 820 5223 -12.
851 5165 1177 5239 moguntina
1209 5165 1450 5239 1412⁷5.
1480 5184 1624 5239 mag

364 5240 449 5293 12.
479 5236 655 5293 diuza
689 5242 735 5294 l.
764 5242 817 5293 2.
850 5236 1025 5295 duiza
1050 5242 1122 5294 5a
1158 5270 1226 5280 —
1249 5238 1311 5295 d.
1389 5241 1458 5284 θοι
1490 5236 1825 5297 fautoribus
1869 5245 2238 5301 struerentur
2279 5245 2366 5298 5c.
2411 5255 2463 5296 e.
2541 5240 2615 5275 ³⁸⁵³

1303 5311 1629 5390 rmitterent
1655 5314 1710 5390 5.
1787 5312 1862 5390 fff
1886 5311 2133 5371 nobis...
2160 5312 2338 5390 nobis
2362 5312 2468 5390 5.”
2493 5311 2567 5347 ³⁸⁵
2600 5316 2867 5390 tanien",
2896 5312 3265 5390 episcopum
3293 5317 3535 5390 nonnisi
3562 5317 3624 5373 in
3653 5319 3708 5373 4.
3739 5322 3801 5375 6.

360 5307 713 5381 episcopum
743 5314 794 5381 5.
872 5310 946 5344 ³9⁸
973 5309 1201 5368 ratione

1624 5167 1814 5243 oricia;
1842 5172 1896 5225 2.
1916 5167 1937 5171 ⁷
1974 5171 2048 5204 ³⁸³
2081 5170 2346 5228 studeret
2370 5167 2625 5243 deest].
2652 5174 2684 5226 9
2715 5201 2783 5210 —
2813 5175 2898 5229 12.
2922 5174 3005 5243 (li.
3038 5172 3117 5243 8.)

1406 5042 1444 5082 ο
1491 5027 1551 5085 d.
1583 5031 1635 5085 3.
1716 5026 2149 5100 3“_di_scederet
2177 5026 2211 5084 7
2237 5059 2308 5100 —_
2339 5031 2422 5100 12.
2456 5026 2461 5027 “
2501 5027 2574 5060 ³⁸⁵
2606 5026 2965 5100 (pristinam)
3006 5028 3323 5088 sanitatem
3372 5037 3399 5089 7
3432 5063 3501 5071 —
3563 5035 3646 5089 l2.
3696 5026 3804 5069 ’πθ

1959 5102 2152 5159 crtum
2185 5103 2269 5171 10.
2294 5097 2696 5171 luipertum'7.
2718 5097 3048 5159 lutbertum
3076 5106 3130 5157 9.
3163 5105 3247 5156 11.
3285 5105 3369 5158 12.
3447 5103 3519 5137 ³⁸⁸
3550 5118 3651 5161 mo

2896 5117 3048 5159 rtum
3076 5117 3130 5157 υ.
3163 5117 3247 5156 11.
3285 5117 3369 5158 12.
3447 5117 3519 5137 συθ
3550 5118 3651 5161 mo
3735 5119 3807 5162 n-

2896 5172 3118 5255 ter-2
3303 5117 3806 5255 quaeea?—

2646 5255 2825 5311 grege
2862 5242 2975 5299 sibi
3004 5249 3057 5301 7.
3090 5242 3122 5299 9
3174 5274 3243 5283 —
3295 5248 3380 5302 12.
3456 5244 3806 5303 hilduinum

359 5379 431 5457 βξ.
492 5379 582 5414 3"
598 5379 831 5457 habetis
860 5384 913 5436 6.
991 5381 1060 5415 397
1095 5379 1414 5457 praedictus
1466 5381 1623 5438 deest
1654 5386 1706 5457 7_.
1785 5382 1865 5457 39°,
1898 5399 2160 5457 eumque
2201 5383 2546 5457 honorifice
2601 5381 2729 5457 sedi
2758 5390 2810 5441 7.
2840 5379 3088 5457 9—112.
3118 5379 3238 5457 i399
3262 5388 3421 5446 deest
3465 5393 3494 5442 7
3544 5390 3576 5441 9
3605 5419 3675 5427 —-
3710 5393 3800 5446 12.

361 5451 434 5484 ⁴⁰⁰
459 5452 715 5526 peractis
743 5450 825 5508 ad
855 5467 968 5508 sua
987 5450 1151 5509 omni
1181 5458 1269 5508 5c.
1347 5454 1415 5487 ⁴⁰¹
1452 5467 1644 5525 aquas
1675 5452 1720 5507 1.
1755 5457 1806 5510 3.
1841 5455 1893 5509 4.
1927 5458 2013 5511 5c.

2147 5459 2165 5490 ε
2197 5455 2258 5511 in
2288 5454 2446 5526 regis
2477 5459 2507 5509 7
2540 5486 2609 5495 —
2639 5455 2723 5510 12.
2802 5455 2875 5490 ⁸0³
2895 5455 3337 5514 ordinationem
3362 5464 3413 5515 5.
3493 5460 3563 5493 ⁴⁰⁸
3592 5457 3808 5518 ulcisci

1970 5596 2195 5655 ΝΟΤᾸΕ.

361 5524 644 5594 Ροεεθιζι.
679 5527 732 5579 5.

430 5664 545 5738 (61)
576 5666 752 5723 Anno
778 5667 905 5736 870,
931 5680 1049 5722 xvn
1078 5663 1208 5723 Kal.
1238 5661 1399 5721 Febr.
1431 5664 1513 5723 Cf.
1548 5667 1703 5723 Ann.
1732 5666 1938 5725 Colon.
