  <div class='ocr_page' id='page_1' title='image "/cluster/home/n/w/nwhite01/storage/ocr_20150623/132/hvd.32044054759931/056.png"; bbox 0 0 4076 6212; ppageno 0'>
   <div class='ocr_carea' id='block_1_1' title="bbox 273 270 2397 333">
    <p class='ocr_par' dir='ltr' id='par_1_1' title="bbox 273 270 2397 333">
     <span class='ocr_line' id='line_1_1' title="bbox 273 270 2397 333; baseline 0.003 -10"><span class='ocrx_word' id='word_1_1' title='bbox 273 270 366 325; x_wconf 83' lang='grc'>101</span> <span class='ocrx_word' id='word_1_2' title='bbox 1537 274 1966 333; x_wconf 77' lang='lat' dir='ltr'>CHRONICON.</span> <span class='ocrx_word' id='word_1_3' title='bbox 2007 302 2075 310; x_wconf 91' lang='lat'><strong>—</strong></span> <span class='ocrx_word' id='word_1_4' title='bbox 2113 270 2230 327; x_wconf 80' lang='lat' dir='ltr'>AN.</span> <span class='ocrx_word' id='word_1_5' title='bbox 2273 276 2397 331; x_wconf 88' lang='lat'>870.</span> 
     </span>
    </p>
   </div>
   <div class='ocr_carea' id='block_1_2' title="bbox 3585 288 3686 341">
    <p class='ocr_par' dir='ltr' id='par_1_2' title="bbox 3585 288 3686 341">
     <span class='ocr_line' id='line_1_2' title="bbox 3585 288 3686 341; baseline 0.02 -2"><span class='ocrx_word' id='word_1_6' title='bbox 3585 288 3686 341; x_wconf 79' lang='grc'>102</span> 
     </span>
    </p>
   </div>
   <div class='ocr_carea' id='block_1_3' title="bbox 266 392 3686 477">
    <p class='ocr_par' dir='ltr' id='par_1_3' title="bbox 266 392 3686 477">
     <span class='ocr_line' id='line_1_3' title="bbox 266 392 3686 477; baseline 0.006 -30"><span class='ocrx_word' id='word_1_7' title='bbox 266 392 509 449; x_wconf 86' lang='lat' dir='ltr'>minime</span> <span class='ocrx_word' id='word_1_8' title='bbox 536 394 961 467; x_wconf 80' lang='lat' dir='ltr'>acquiesceret,</span> <span class='ocrx_word' id='word_1_9' title='bbox 1021 397 1348 455; x_wconf 84' lang='lat' dir='ltr'>novissime</span> <span class='ocrx_word' id='word_1_10' title='bbox 1396 400 1782 456; x_wconf 86' lang='lat' dir='ltr'>Liudbertum</span> <span class='ocrx_word' id='word_1_11' title='bbox 1831 414 1918 455; x_wconf 85' lang='lat' dir='ltr'>ar-</span> <span class='ocrx_word' id='word_1_12' title='bbox 1951 398 1999 453; x_wconf 84' lang='lat' dir='ltr'><strong>A</strong></span> <span class='ocrx_word' id='word_1_13' title='bbox 2100 401 2205 454; x_wconf 89' lang='lat' dir='ltr'>Per</span> <span class='ocrx_word' id='word_1_14' title='bbox 2234 398 2392 455; x_wconf 91' lang='lat' dir='ltr'>idem</span> <span class='ocrx_word' id='word_1_15' title='bbox 2422 404 2661 477; x_wconf 85' lang='lat' dir='ltr'>tempus</span> <span class='ocrx_word' id='word_1_16' title='bbox 2686 403 2759 446; x_wconf 65' lang='grc'>⁸³³</span> <span class='ocrx_word' id='word_1_17' title='bbox 2793 419 2806 458; x_wconf 90' lang='lat'><strong>:</strong></span> <span class='ocrx_word' id='word_1_18' title='bbox 2844 404 2952 475; x_wconf 74' lang='lat'><strong>(6‘6)</strong></span> <span class='ocrx_word' id='word_1_19' title='bbox 3004 405 3246 461; x_wconf 83' lang='lat' dir='ltr'>Carolus</span> <span class='ocrx_word' id='word_1_20' title='bbox 3298 406 3686 469; x_wconf 80' lang='lat' dir='ltr'>Caroloman-</span> 
     </span>
    </p>
   </div>
   <div class='ocr_carea' id='block_1_4' title="bbox 266 480 1920 563">
    <p class='ocr_par' dir='ltr' id='par_1_4' title="bbox 266 480 1920 563">
     <span class='ocr_line' id='line_1_4' title="bbox 266 480 1920 563; baseline 0.011 -29"><span class='ocrx_word' id='word_1_21' title='bbox 266 480 715 555; x_wconf 90' lang='lat' dir='ltr'>chiepiscopum</span> <span class='ocrx_word' id='word_1_22' title='bbox 742 489 796 541; x_wconf 92' lang='lat' dir='ltr'>et</span> <span class='ocrx_word' id='word_1_23' title='bbox 824 484 1143 544; x_wconf 86' lang='lat' dir='ltr'>Altfridum</span> <span class='ocrx_word' id='word_1_24' title='bbox 1176 489 1249 523; x_wconf 78' lang='grc'>⁴⁰⁰</span> <span class='ocrx_word' id='word_1_25' title='bbox 1277 488 1628 563; x_wconf 86' lang='lat' dir='ltr'>episcopum</span> <span class='ocrx_word' id='word_1_26' title='bbox 1684 490 1791 560; x_wconf 76' lang='lat'>(62)</span> <span class='ocrx_word' id='word_1_27' title='bbox 1846 485 1920 542; x_wconf 79' lang='lat' dir='ltr'>de</span> 
     </span>
    </p>
   </div>
   <div class='ocr_carea' id='block_1_5' title="bbox 267 571 1921 646">
    <p class='ocr_par' dir='ltr' id='par_1_5' title="bbox 267 571 1921 646">
     <span class='ocr_line' id='line_1_5' title="bbox 267 571 1921 646; baseline 0.002 -20"><span class='ocrx_word' id='word_1_28' title='bbox 267 571 525 627; x_wconf 90' lang='lat' dir='ltr'>Saxonia</span> <span class='ocrx_word' id='word_1_29' title='bbox 551 572 646 642; x_wconf 68' lang='lat'>“7,</span> <span class='ocrx_word' id='word_1_30' title='bbox 678 573 1215 646; x_wconf 77' lang='lat' dir='ltr'>prudentissimum</span> <span class='ocrx_word' id='word_1_31' title='bbox 1262 578 1479 646; x_wconf 90' lang='lat' dir='ltr'>virum,</span> <span class='ocrx_word' id='word_1_32' title='bbox 1540 575 1921 633; x_wconf 86' lang='lat' dir='ltr'>Hludowicus</span> 
     </span>
    </p>
   </div>
   <div class='ocr_carea' id='block_1_6' title="bbox 261 657 1921 735">
    <p class='ocr_par' dir='ltr' id='par_1_6' title="bbox 261 657 1921 735">
     <span class='ocr_line' id='line_1_6' title="bbox 261 657 1921 735; baseline 0.005 -23"><span class='ocrx_word' id='word_1_33' title='bbox 261 657 487 729; x_wconf 80' lang='lat' dir='ltr'>legatos</span> <span class='ocrx_word' id='word_1_34' title='bbox 511 660 733 731; x_wconf 81' lang='lat' dir='ltr'>dirigit,</span> <span class='ocrx_word' id='word_1_35' title='bbox 756 664 1057 719; x_wconf 88' lang='lat' dir='ltr'>mandans</span> <span class='ocrx_word' id='word_1_36' title='bbox 1087 671 1152 721; x_wconf 91' lang='lat' dir='ltr'>ut</span> <span class='ocrx_word' id='word_1_37' title='bbox 1179 683 1365 722; x_wconf 91' lang='lat' dir='ltr'>unum</span> <span class='ocrx_word' id='word_1_38' title='bbox 1393 683 1424 723; x_wconf 91' lang='lat' dir='ltr'>e</span> <span class='ocrx_word' id='word_1_39' title='bbox 1453 667 1694 723; x_wconf 92' lang='lat' dir='ltr'>duobus</span> <span class='ocrx_word' id='word_1_40' title='bbox 1746 664 1921 735; x_wconf 85' lang='lat' dir='ltr'>elige-</span> 
     </span>
    </p>
   </div>
   <div class='ocr_carea' id='block_1_7' title="bbox 263 749 1919 827">
    <p class='ocr_par' dir='ltr' id='par_1_7' title="bbox 263 749 1919 827">
     <span class='ocr_line' id='line_1_7' title="bbox 263 749 1919 827; baseline 0.005 -26"><span class='ocrx_word' id='word_1_41' title='bbox 263 752 367 815; x_wconf 87' lang='lat' dir='ltr'>ret,</span> <span class='ocrx_word' id='word_1_42' title='bbox 401 752 507 804; x_wconf 89' lang='lat' dir='ltr'>aut</span> <span class='ocrx_word' id='word_1_43' title='bbox 533 749 647 805; x_wconf 91' lang='lat' dir='ltr'>cito</span> <span class='ocrx_word' id='word_1_44' title='bbox 678 767 714 807; x_wconf 91' lang='lat' dir='ltr'>a</span> <span class='ocrx_word' id='word_1_45' title='bbox 735 768 919 821; x_wconf 86' lang='lat' dir='ltr'>regno</span> <span class='ocrx_word' id='word_1_46' title='bbox 949 755 1248 812; x_wconf 80' lang='lat' dir='ltr'>recederet</span> <span class='ocrx_word' id='word_1_47' title='bbox 1265 757 1359 827; x_wconf 57' lang='lat'>&quot;’3,</span> <span class='ocrx_word' id='word_1_48' title='bbox 1377 761 1482 813; x_wconf 88' lang='lat' dir='ltr'>aut</span> <span class='ocrx_word' id='word_1_49' title='bbox 1507 756 1617 812; x_wconf 90' lang='lat' dir='ltr'>sibi</span> <span class='ocrx_word' id='word_1_50' title='bbox 1637 772 1776 811; x_wconf 90' lang='lat' dir='ltr'>cum</span> <span class='ocrx_word' id='word_1_51' title='bbox 1802 754 1919 810; x_wconf 85' lang='lat' dir='ltr'>fra—</span> 
     </span>
    </p>
   </div>
   <div class='ocr_carea' id='block_1_8' title="bbox 261 836 1922 915">
    <p class='ocr_par' dir='ltr' id='par_1_8' title="bbox 261 836 1922 915">
     <span class='ocr_line' id='line_1_8' title="bbox 261 836 1922 915; baseline 0.005 -24"><span class='ocrx_word' id='word_1_52' title='bbox 261 836 348 891; x_wconf 88' lang='lat' dir='ltr'>tre</span> <span class='ocrx_word' id='word_1_53' title='bbox 379 840 781 908; x_wconf 87' lang='lat' dir='ltr'>pugnandum</span> <span class='ocrx_word' id='word_1_54' title='bbox 811 842 979 899; x_wconf 90' lang='lat' dir='ltr'>foret.</span> <span class='ocrx_word' id='word_1_55' title='bbox 1014 845 1123 910; x_wconf 87' lang='lat' dir='ltr'>Qui</span> <span class='ocrx_word' id='word_1_56' title='bbox 1145 861 1282 901; x_wconf 92' lang='lat' dir='ltr'>eum</span> <span class='ocrx_word' id='word_1_57' title='bbox 1315 851 1479 903; x_wconf 90' lang='lat' dir='ltr'>tanta</span> <span class='ocrx_word' id='word_1_58' title='bbox 1526 845 1748 915; x_wconf 83' lang='lat' dir='ltr'>ingenii</span> <span class='ocrx_word' id='word_1_59' title='bbox 1798 849 1922 900; x_wconf 93' lang='lat' dir='ltr'>arte</span> 
     </span>
    </p>
   </div>
   <div class='ocr_carea' id='block_1_9' title="bbox 267 931 1921 1009">
    <p class='ocr_par' dir='ltr' id='par_1_9' title="bbox 267 931 1921 1009">
     <span class='ocr_line' id='line_1_9' title="bbox 267 931 1921 1009; baseline 0.005 -28"><span class='ocrx_word' id='word_1_60' title='bbox 267 931 550 999; x_wconf 89' lang='lat' dir='ltr'>tantaque</span> <span class='ocrx_word' id='word_1_61' title='bbox 583 933 917 989; x_wconf 82' lang='lat' dir='ltr'>constantia</span> <span class='ocrx_word' id='word_1_62' title='bbox 939 936 1389 1006; x_wconf 85' lang='lat' dir='ltr'>aggrediuntur,</span> <span class='ocrx_word' id='word_1_63' title='bbox 1421 942 1484 992; x_wconf 92' lang='lat' dir='ltr'>ut</span> <span class='ocrx_word' id='word_1_64' title='bbox 1509 935 1741 1009; x_wconf 87' lang='lat' dir='ltr'>absque</span> <span class='ocrx_word' id='word_1_65' title='bbox 1771 934 1921 993; x_wconf 83' lang='lat' dir='ltr'>dila-</span> 
     </span>
    </p>
   </div>
   <div class='ocr_carea' id='block_1_10' title="bbox 267 1016 1921 1097">
    <p class='ocr_par' dir='ltr' id='par_1_10' title="bbox 267 1016 1921 1097">
     <span class='ocr_line' id='line_1_10' title="bbox 267 1016 1921 1097; baseline 0.006 -28"><span class='ocrx_word' id='word_1_66' title='bbox 267 1016 421 1072; x_wconf 83' lang='lat' dir='ltr'>tione</span> <span class='ocrx_word' id='word_1_67' title='bbox 447 1019 761 1087; x_wconf 85' lang='lat' dir='ltr'>recederet,</span> <span class='ocrx_word' id='word_1_68' title='bbox 795 1026 851 1078; x_wconf 93' lang='lat' dir='ltr'>et</span> <span class='ocrx_word' id='word_1_69' title='bbox 879 1023 939 1077; x_wconf 92' lang='lat' dir='ltr'>in</span> <span class='ocrx_word' id='word_1_70' title='bbox 973 1025 1215 1097; x_wconf 91' lang='lat' dir='ltr'>proprio</span> <span class='ocrx_word' id='word_1_71' title='bbox 1260 1042 1449 1095; x_wconf 78' lang='lat' dir='ltr'>regno</span> <span class='ocrx_word' id='word_1_72' title='bbox 1507 1044 1568 1081; x_wconf 90' lang='lat' dir='ltr'>se</span> <span class='ocrx_word' id='word_1_73' title='bbox 1616 1026 1921 1097; x_wconf 83' lang='lat' dir='ltr'>reciperet.</span> 
     </span>
    </p>
   </div>
   <div class='ocr_carea' id='block_1_11' title="bbox 266 1106 1927 1183">
    <p class='ocr_par' dir='ltr' id='par_1_11' title="bbox 266 1106 1927 1183">
     <span class='ocr_line' id='line_1_11' title="bbox 266 1106 1927 1183; baseline 0.005 -25"><span class='ocrx_word' id='word_1_74' title='bbox 266 1106 397 1159; x_wconf 88' lang='lat' dir='ltr'>Post</span> <span class='ocrx_word' id='word_1_75' title='bbox 421 1106 546 1162; x_wconf 70' lang='lat' dir='ltr'>haec</span> <span class='ocrx_word' id='word_1_76' title='bbox 602 1110 930 1181; x_wconf 88' lang='lat' dir='ltr'>supradicti</span> <span class='ocrx_word' id='word_1_77' title='bbox 982 1129 1150 1183; x_wconf 89' lang='lat' dir='ltr'>reges</span> <span class='ocrx_word' id='word_1_78' title='bbox 1208 1118 1573 1168; x_wconf 78' lang='lat' dir='ltr'>conventum</span> <span class='ocrx_word' id='word_1_79' title='bbox 1627 1113 1927 1169; x_wconf 86' lang='lat' dir='ltr'>celebrare</span> 
     </span>
    </p>
   </div>
   <div class='ocr_carea' id='block_1_12' title="bbox 262 1192 1929 1273">
    <p class='ocr_par' dir='ltr' id='par_1_12' title="bbox 262 1192 1929 1273">
     <span class='ocr_line' id='line_1_12' title="bbox 262 1192 1929 1273; baseline 0.005 -25"><span class='ocrx_word' id='word_1_80' title='bbox 262 1192 614 1267; x_wconf 87' lang='lat' dir='ltr'>disponunt,</span> <span class='ocrx_word' id='word_1_81' title='bbox 648 1198 709 1252; x_wconf 89' lang='lat' dir='ltr'>in</span> <span class='ocrx_word' id='word_1_82' title='bbox 734 1198 867 1254; x_wconf 92' lang='lat' dir='ltr'>loco</span> <span class='ocrx_word' id='word_1_83' title='bbox 897 1201 1001 1271; x_wconf 85' lang='lat' dir='ltr'>qui</span> <span class='ocrx_word' id='word_1_84' title='bbox 1032 1201 1248 1256; x_wconf 86' lang='lat' dir='ltr'>dicitur</span> <span class='ocrx_word' id='word_1_85' title='bbox 1276 1204 1553 1257; x_wconf 81' lang='lat' dir='ltr'>Marsana</span> <span class='ocrx_word' id='word_1_86' title='bbox 1586 1202 1715 1273; x_wconf 82' lang='lat'>(63),</span> <span class='ocrx_word' id='word_1_87' title='bbox 1760 1201 1929 1272; x_wconf 80' lang='lat' dir='ltr'>juxta</span> 
     </span>
    </p>
   </div>
   <div class='ocr_carea' id='block_1_13' title="bbox 266 1285 511 1339">
    <p class='ocr_par' dir='ltr' id='par_1_13' title="bbox 266 1285 511 1339">
     <span class='ocr_line' id='line_1_13' title="bbox 266 1285 511 1339; baseline 0.008 -2"><span class='ocrx_word' id='word_1_88' title='bbox 266 1285 511 1339; x_wconf 78' lang='lat' dir='ltr'>Mosam.</span> 
     </span>
    </p>
   </div>
   <div class='ocr_carea' id='block_1_14' title="bbox 934 1376 1263 1433">
    <p class='ocr_par' dir='ltr' id='par_1_14' title="bbox 934 1376 1263 1433">
     <span class='ocr_line' id='line_1_14' title="bbox 934 1376 1263 1433; baseline 0.006 -5"><span class='ocrx_word' id='word_1_89' title='bbox 934 1376 1263 1433; x_wconf 78' lang='lat' dir='ltr'>DCCCLXX.</span> 
     </span>
    </p>
   </div>
   <div class='ocr_carea' id='block_1_15' title="bbox 342 1461 1924 1522">
    <p class='ocr_par' dir='ltr' id='par_1_15' title="bbox 342 1461 1924 1522">
     <span class='ocr_line' id='line_1_15' title="bbox 342 1461 1924 1522; baseline 0.004 -9"><span class='ocrx_word' id='word_1_90' title='bbox 342 1462 515 1515; x_wconf 83' lang='lat' dir='ltr'>Anno</span> <span class='ocrx_word' id='word_1_91' title='bbox 537 1461 856 1518; x_wconf 84' lang='lat' dir='ltr'>Dominicae</span> <span class='ocrx_word' id='word_1_92' title='bbox 880 1463 1309 1521; x_wconf 89' lang='lat' dir='ltr'>incarnationis</span> <span class='ocrx_word' id='word_1_93' title='bbox 1332 1467 1523 1521; x_wconf 71' lang='lat'>870‘”</span> <span class='ocrx_word' id='word_1_94' title='bbox 1545 1466 1924 1522; x_wconf 88' lang='lat' dir='ltr'>Hludowicus</span> 
     </span>
    </p>
   </div>
   <div class='ocr_carea' id='block_1_16' title="bbox 269 1548 1925 1629">
    <p class='ocr_par' dir='ltr' id='par_1_16' title="bbox 269 1548 1925 1629">
     <span class='ocr_line' id='line_1_16' title="bbox 269 1548 1925 1629; baseline 0.006 -29"><span class='ocrx_word' id='word_1_95' title='bbox 269 1550 327 1600; x_wconf 91' lang='lat' dir='ltr'>et</span> <span class='ocrx_word' id='word_1_96' title='bbox 352 1548 596 1602; x_wconf 85' lang='lat' dir='ltr'>Carolus</span> <span class='ocrx_word' id='word_1_97' title='bbox 626 1565 746 1605; x_wconf 86' lang='lat' dir='ltr'>una</span> <span class='ocrx_word' id='word_1_98' title='bbox 776 1567 915 1607; x_wconf 92' lang='lat' dir='ltr'>cum</span> <span class='ocrx_word' id='word_1_99' title='bbox 942 1551 1329 1624; x_wconf 86' lang='lat' dir='ltr'>optimatibus</span> <span class='ocrx_word' id='word_1_100' title='bbox 1350 1559 1407 1610; x_wconf 93' lang='lat' dir='ltr'>et</span> <span class='ocrx_word' id='word_1_101' title='bbox 1422 1553 1770 1629; x_wconf 89' lang='lat' dir='ltr'>proceribus</span> <span class='ocrx_word' id='word_1_102' title='bbox 1800 1553 1925 1610; x_wconf 88' lang='lat' dir='ltr'>suis</span> 
     </span>
    </p>
   </div>
   <div class='ocr_carea' id='block_1_17' title="bbox 263 1633 1922 1715">
    <p class='ocr_par' dir='ltr' id='par_1_17' title="bbox 263 1633 1922 1715">
     <span class='ocr_line' id='line_1_17' title="bbox 263 1633 1922 1715; baseline 0.007 -28"><span class='ocrx_word' id='word_1_103' title='bbox 263 1633 341 1688; x_wconf 91' lang='lat' dir='ltr'>ad</span> <span class='ocrx_word' id='word_1_104' title='bbox 374 1636 705 1692; x_wconf 77' lang='lat' dir='ltr'>Marsanam</span> <span class='ocrx_word' id='word_1_105' title='bbox 728 1639 1049 1703; x_wconf 83' lang='lat' dir='ltr'>venientes,</span> <span class='ocrx_word' id='word_1_106' title='bbox 1109 1656 1364 1710; x_wconf 84' lang='lat' dir='ltr'>regnum</span> <span class='ocrx_word' id='word_1_107' title='bbox 1421 1642 1732 1715; x_wconf 89' lang='lat' dir='ltr'>quondam</span> <span class='ocrx_word' id='word_1_108' title='bbox 1792 1642 1922 1698; x_wconf 87' lang='lat' dir='ltr'>Hlo-</span> 
     </span>
    </p>
   </div>
   <div class='ocr_carea' id='block_1_18' title="bbox 2030 487 3684 571">
    <p class='ocr_par' dir='ltr' id='par_1_18' title="bbox 2030 487 3684 571">
     <span class='ocr_line' id='line_1_18' title="bbox 2030 487 3684 571; baseline 0.005 -29"><span class='ocrx_word' id='word_1_109' title='bbox 2030 502 2199 557; x_wconf 88' lang='lat' dir='ltr'>num,</span> <span class='ocrx_word' id='word_1_110' title='bbox 2225 487 2414 549; x_wconf 85' lang='lat' dir='ltr'>ﬁlium</span> <span class='ocrx_word' id='word_1_111' title='bbox 2439 506 2639 562; x_wconf 91' lang='lat' dir='ltr'>suum,</span> <span class='ocrx_word' id='word_1_112' title='bbox 2672 491 2864 547; x_wconf 92' lang='lat' dir='ltr'>oculis</span> <span class='ocrx_word' id='word_1_113' title='bbox 2894 492 3166 567; x_wconf 81' lang='lat' dir='ltr'>privavit.</span> <span class='ocrx_word' id='word_1_114' title='bbox 3198 492 3504 571; x_wconf 87' lang='lat' dir='ltr'>Siquidem</span> <span class='ocrx_word' id='word_1_115' title='bbox 3530 511 3684 569; x_wconf 70' lang='lat' dir='ltr'>prte-</span> 
     </span>
    </p>
   </div>
   <div class='ocr_carea' id='block_1_19' title="bbox 2030 576 3685 653">
    <p class='ocr_par' dir='ltr' id='par_1_19' title="bbox 2030 576 3685 653">
     <span class='ocr_line' id='line_1_19' title="bbox 2030 576 3685 653; baseline 0.003 -18"><span class='ocrx_word' id='word_1_116' title='bbox 2030 576 2224 635; x_wconf 88' lang='lat' dir='ltr'>dictus</span> <span class='ocrx_word' id='word_1_117' title='bbox 2256 595 2356 633; x_wconf 85' lang='lat' dir='ltr'>rex</span> <span class='ocrx_word' id='word_1_118' title='bbox 2379 595 2451 634; x_wconf 86' lang='lat' dir='ltr'>ex</span> <span class='ocrx_word' id='word_1_119' title='bbox 2469 579 2890 637; x_wconf 84' lang='lat' dir='ltr'>Hirmindrude</span> <span class='ocrx_word' id='word_1_120' title='bbox 2923 581 2995 615; x_wconf 71' lang='grc'>⁴²³</span> <span class='ocrx_word' id='word_1_121' title='bbox 3012 582 3218 653; x_wconf 82' lang='lat' dir='ltr'>regina</span> <span class='ocrx_word' id='word_1_122' title='bbox 3242 588 3356 640; x_wconf 88' lang='lat' dir='ltr'>tres</span> <span class='ocrx_word' id='word_1_123' title='bbox 3381 582 3535 641; x_wconf 82' lang='lat' dir='ltr'>ﬁlios</span> <span class='ocrx_word' id='word_1_124' title='bbox 3554 600 3685 640; x_wconf 89' lang='lat' dir='ltr'>sus-</span> 
     </span>
    </p>
   </div>
   <div class='ocr_carea' id='block_1_20' title="bbox 2030 666 3686 740">
    <p class='ocr_par' dir='ltr' id='par_1_20' title="bbox 2030 666 3686 740">
     <span class='ocr_line' id='line_1_20' title="bbox 2030 666 3686 740; baseline 0.004 -18"><span class='ocrx_word' id='word_1_125' title='bbox 2030 673 2288 740; x_wconf 83' lang='lat' dir='ltr'>ceperat,</span> <span class='ocrx_word' id='word_1_126' title='bbox 2324 666 2598 723; x_wconf 84' lang='lat' dir='ltr'>Carolum</span> <span class='ocrx_word' id='word_1_127' title='bbox 2626 667 2866 737; x_wconf 86' lang='lat' dir='ltr'>scilicet,</span> <span class='ocrx_word' id='word_1_128' title='bbox 2900 669 3411 729; x_wconf 88' lang='lat' dir='ltr'>Carolomannum</span> <span class='ocrx_word' id='word_1_129' title='bbox 3441 677 3500 729; x_wconf 89' lang='lat' dir='ltr'>et</span> <span class='ocrx_word' id='word_1_130' title='bbox 3544 673 3686 729; x_wconf 85' lang='lat' dir='ltr'>Hlu-</span> 
     </span>
    </p>
   </div>
   <div class='ocr_carea' id='block_1_21' title="bbox 2028 757 3684 833">
    <p class='ocr_par' dir='ltr' id='par_1_21' title="bbox 2028 757 3684 833">
     <span class='ocr_line' id='line_1_21' title="bbox 2028 757 3684 833; baseline 0.002 -21"><span class='ocrx_word' id='word_1_131' title='bbox 2028 757 2330 813; x_wconf 84' lang='lat' dir='ltr'>dowicum</span> <span class='ocrx_word' id='word_1_132' title='bbox 2362 776 2375 825; x_wconf 90' lang='lat'><strong>;</strong></span> <span class='ocrx_word' id='word_1_133' title='bbox 2404 757 2511 813; x_wconf 90' lang='lat' dir='ltr'>sed</span> <span class='ocrx_word' id='word_1_134' title='bbox 2560 758 2682 814; x_wconf 91' lang='lat' dir='ltr'>duo</span> <span class='ocrx_word' id='word_1_135' title='bbox 2713 775 2783 817; x_wconf 80' lang='lat' dir='ltr'>ex</span> <span class='ocrx_word' id='word_1_136' title='bbox 2834 759 2927 817; x_wconf 85' lang='lat' dir='ltr'>his</span> <span class='ocrx_word' id='word_1_137' title='bbox 2974 758 3285 817; x_wconf 84' lang='lat' dir='ltr'>infeliciter</span> <span class='ocrx_word' id='word_1_138' title='bbox 3337 760 3684 833; x_wconf 87' lang='lat' dir='ltr'>perierunt;</span> 
     </span>
    </p>
   </div>
   <div class='ocr_carea' id='block_1_22' title="bbox 2028 847 3691 925">
    <p class='ocr_par' dir='ltr' id='par_1_22' title="bbox 2028 847 3691 925">
     <span class='ocr_line' id='line_1_22' title="bbox 2028 847 3691 925; baseline 0 -22"><span class='ocrx_word' id='word_1_139' title='bbox 2028 863 2247 922; x_wconf 89' lang='lat' dir='ltr'>nempe</span> <span class='ocrx_word' id='word_1_140' title='bbox 2279 847 2524 905; x_wconf 82' lang='lat' dir='ltr'>Carolus</span> <span class='ocrx_word' id='word_1_141' title='bbox 2551 848 2784 905; x_wconf 86' lang='lat' dir='ltr'>levitate</span> <span class='ocrx_word' id='word_1_142' title='bbox 2812 849 3061 923; x_wconf 90' lang='lat' dir='ltr'>juvenili</span> <span class='ocrx_word' id='word_1_143' title='bbox 3108 850 3347 919; x_wconf 90' lang='lat' dir='ltr'>ductus,</span> <span class='ocrx_word' id='word_1_144' title='bbox 3399 855 3691 925; x_wconf 83' lang='lat' dir='ltr'>temptare</span> 
     </span>
    </p>
   </div>
   <div class='ocr_carea' id='block_1_23' title="bbox 2030 935 3691 1006">
    <p class='ocr_par' dir='ltr' id='par_1_23' title="bbox 2030 935 3691 1006">
     <span class='ocr_line' id='line_1_23' title="bbox 2030 935 3691 1006; baseline 0.001 -16"><span class='ocrx_word' id='word_1_145' title='bbox 2030 938 2104 972; x_wconf 68' lang='lat'>“5</span> <span class='ocrx_word' id='word_1_146' title='bbox 2129 937 2336 992; x_wconf 90' lang='lat' dir='ltr'>volens</span> <span class='ocrx_word' id='word_1_147' title='bbox 2366 936 2627 1006; x_wconf 86' lang='lat' dir='ltr'>Albuini,</span> <span class='ocrx_word' id='word_1_148' title='bbox 2658 935 2851 994; x_wconf 82' lang='lat' dir='ltr'>fratris</span> <span class='ocrx_word' id='word_1_149' title='bbox 2885 939 2956 973; x_wconf 70' lang='grc'>⁸²⁶</span> <span class='ocrx_word' id='word_1_150' title='bbox 2989 939 3173 995; x_wconf 85' lang='lat' dir='ltr'>Bivini</span> <span class='ocrx_word' id='word_1_151' title='bbox 3207 941 3278 973; x_wconf 64' lang='grc' dir='ltr'>ηπ</span> <span class='ocrx_word' id='word_1_152' title='bbox 3322 944 3379 995; x_wconf 93' lang='lat' dir='ltr'>et</span> <span class='ocrx_word' id='word_1_153' title='bbox 3430 939 3691 995; x_wconf 90' lang='lat' dir='ltr'>Bettonis</span> 
     </span>
    </p>
   </div>
   <div class='ocr_carea' id='block_1_24' title="bbox 2032 1025 3690 1098">
    <p class='ocr_par' dir='ltr' id='par_1_24' title="bbox 2032 1025 3690 1098">
     <span class='ocr_line' id='line_1_24' title="bbox 2032 1025 3690 1098; baseline 0 -16"><span class='ocrx_word' id='word_1_154' title='bbox 2032 1027 2348 1083; x_wconf 90' lang='lat' dir='ltr'>audaciam</span> <span class='ocrx_word' id='word_1_155' title='bbox 2372 1044 2441 1082; x_wconf 90' lang='lat' dir='ltr'>ac</span> <span class='ocrx_word' id='word_1_156' title='bbox 2471 1043 2631 1098; x_wconf 65' lang='lat' dir='ltr'>saepe</span> <span class='ocrx_word' id='word_1_157' title='bbox 2661 1025 2969 1085; x_wconf 88' lang='lat' dir='ltr'>laudatam</span> <span class='ocrx_word' id='word_1_158' title='bbox 3020 1028 3442 1097; x_wconf 85' lang='lat' dir='ltr'>constantiam,</span> <span class='ocrx_word' id='word_1_159' title='bbox 3502 1028 3690 1085; x_wconf 89' lang='lat' dir='ltr'>alium</span> 
     </span>
    </p>
   </div>
   <div class='ocr_carea' id='block_1_25' title="bbox 2035 1115 3690 1192">
    <p class='ocr_par' dir='ltr' id='par_1_25' title="bbox 2035 1115 3690 1192">
     <span class='ocr_line' id='line_1_25' title="bbox 2035 1115 3690 1192; baseline 0.002 -23"><span class='ocrx_word' id='word_1_160' title='bbox 2035 1133 2100 1170; x_wconf 90' lang='lat' dir='ltr'>se</span> <span class='ocrx_word' id='word_1_161' title='bbox 2152 1132 2279 1171; x_wconf 87' lang='lat' dir='ltr'>esse</span> <span class='ocrx_word' id='word_1_162' title='bbox 2324 1115 2636 1183; x_wconf 88' lang='lat' dir='ltr'>simulans,</span> <span class='ocrx_word' id='word_1_163' title='bbox 2694 1134 2833 1173; x_wconf 88' lang='lat' dir='ltr'>cum</span> <span class='ocrx_word' id='word_1_164' title='bbox 2886 1134 2956 1177; x_wconf 84' lang='lat' dir='ltr'>ex</span> <span class='ocrx_word' id='word_1_165' title='bbox 2998 1118 3311 1174; x_wconf 88' lang='lat' dir='ltr'>venatione</span> <span class='ocrx_word' id='word_1_166' title='bbox 3339 1118 3690 1192; x_wconf 80' lang='lat' dir='ltr'>vespertinis</span> 
     </span>
    </p>
   </div>
   <div class='ocr_carea' id='block_1_26' title="bbox 2035 1205 3688 1281">
    <p class='ocr_par' dir='ltr' id='par_1_26' title="bbox 2035 1205 3688 1281">
     <span class='ocr_line' id='line_1_26' title="bbox 2035 1205 3688 1281; baseline 0.002 -22"><span class='ocrx_word' id='word_1_167' title='bbox 2035 1205 2199 1261; x_wconf 74' lang='lat' dir='ltr'>horis</span> <span class='ocrx_word' id='word_1_168' title='bbox 2258 1205 2418 1261; x_wconf 89' lang='lat' dir='ltr'>idem</span> <span class='ocrx_word' id='word_1_169' title='bbox 2472 1205 2764 1263; x_wconf 82' lang='lat' dir='ltr'>Albuinus</span> <span class='ocrx_word' id='word_1_170' title='bbox 2820 1207 3089 1281; x_wconf 90' lang='lat' dir='ltr'>quadam</span> <span class='ocrx_word' id='word_1_171' title='bbox 3136 1207 3231 1263; x_wconf 87' lang='lat' dir='ltr'>die</span> <span class='ocrx_word' id='word_1_172' title='bbox 3283 1212 3688 1274; x_wconf 84' lang='lat' dir='ltr'>reverteretur,</span> 
     </span>
    </p>
   </div>
   <div class='ocr_carea' id='block_1_27' title="bbox 2038 1293 3692 1371">
    <p class='ocr_par' dir='ltr' id='par_1_27' title="bbox 2038 1293 3692 1371">
     <span class='ocr_line' id='line_1_27' title="bbox 2038 1293 3692 1371; baseline 0.004 -25"><span class='ocrx_word' id='word_1_173' title='bbox 2038 1310 2219 1371; x_wconf 90' lang='lat' dir='ltr'>super</span> <span class='ocrx_word' id='word_1_174' title='bbox 2247 1310 2386 1349; x_wconf 88' lang='lat' dir='ltr'>eum</span> <span class='ocrx_word' id='word_1_175' title='bbox 2418 1293 2579 1348; x_wconf 90' lang='lat' dir='ltr'>solus</span> <span class='ocrx_word' id='word_1_176' title='bbox 2605 1294 2898 1367; x_wconf 88' lang='lat' dir='ltr'>impetum</span> <span class='ocrx_word' id='word_1_177' title='bbox 2930 1294 3085 1363; x_wconf 89' lang='lat' dir='ltr'>fecit,</span> <span class='ocrx_word' id='word_1_178' title='bbox 3116 1295 3295 1350; x_wconf 89' lang='lat' dir='ltr'>veluti</span> <span class='ocrx_word' id='word_1_179' title='bbox 3350 1311 3575 1371; x_wconf 87' lang='lat' dir='ltr'>equum</span> <span class='ocrx_word' id='word_1_180' title='bbox 3630 1296 3692 1352; x_wconf 91' lang='lat' dir='ltr'>in</span> 
     </span>
    </p>
   </div>
   <div class='ocr_carea' id='block_1_28' title="bbox 2035 1380 3692 1455">
    <p class='ocr_par' dir='ltr' id='par_1_28' title="bbox 2035 1380 3692 1455">
     <span class='ocr_line' id='line_1_28' title="bbox 2035 1380 3692 1455; baseline 0.003 -19"><span class='ocrx_word' id='word_1_181' title='bbox 2035 1397 2159 1455; x_wconf 89' lang='lat' dir='ltr'>quo</span> <span class='ocrx_word' id='word_1_182' title='bbox 2193 1381 2439 1437; x_wconf 80' lang='lat' dir='ltr'>sedet-at</span> <span class='ocrx_word' id='word_1_183' title='bbox 2470 1382 2542 1416; x_wconf 69' lang='grc'>⁸³⁸</span> <span class='ocrx_word' id='word_1_184' title='bbox 2574 1380 2863 1437; x_wconf 83' lang='lat' dir='ltr'>violenter</span> <span class='ocrx_word' id='word_1_185' title='bbox 2887 1380 3219 1441; x_wconf 88' lang='lat' dir='ltr'>ablaturus.</span> <span class='ocrx_word' id='word_1_186' title='bbox 3254 1382 3352 1437; x_wconf 90' lang='lat' dir='ltr'>lile</span> <span class='ocrx_word' id='word_1_187' title='bbox 3384 1383 3530 1438; x_wconf 87' lang='lat' dir='ltr'>nihil</span> <span class='ocrx_word' id='word_1_188' title='bbox 3581 1383 3692 1441; x_wconf 89' lang='lat' dir='ltr'>mi-</span> 
     </span>
    </p>
   </div>
   <div class='ocr_carea' id='block_1_29' title="bbox 2033 1468 3697 1543">
    <p class='ocr_par' dir='ltr' id='par_1_29' title="bbox 2033 1468 3697 1543">
     <span class='ocr_line' id='line_1_29' title="bbox 2033 1468 3697 1543; baseline 0.002 -20"><span class='ocrx_word' id='word_1_189' title='bbox 2033 1484 2149 1523; x_wconf 92' lang='lat' dir='ltr'>nus</span> <span class='ocrx_word' id='word_1_190' title='bbox 2172 1468 2520 1525; x_wconf 84' lang='lat' dir='ltr'>existimans</span> <span class='ocrx_word' id='word_1_191' title='bbox 2549 1486 2738 1543; x_wconf 90' lang='lat' dir='ltr'>quam</span> <span class='ocrx_word' id='word_1_192' title='bbox 2765 1469 2956 1525; x_wconf 88' lang='lat' dir='ltr'>ﬁlium</span> <span class='ocrx_word' id='word_1_193' title='bbox 2987 1470 3166 1540; x_wconf 91' lang='lat' dir='ltr'>regis,</span> <span class='ocrx_word' id='word_1_194' title='bbox 3207 1469 3525 1539; x_wconf 87' lang='lat' dir='ltr'>evaginato</span> <span class='ocrx_word' id='word_1_195' title='bbox 3575 1468 3697 1541; x_wconf 88' lang='lat' dir='ltr'>gla-</span> 
     </span>
    </p>
   </div>
   <div class='ocr_carea' id='block_1_30' title="bbox 2031 1555 3697 1635">
    <p class='ocr_par' dir='ltr' id='par_1_30' title="bbox 2031 1555 3697 1635">
     <span class='ocr_line' id='line_1_30' title="bbox 2031 1555 3697 1635; baseline 0.001 -24"><span class='ocrx_word' id='word_1_196' title='bbox 2031 1555 2132 1612; x_wconf 91' lang='lat' dir='ltr'>dio</span> <span class='ocrx_word' id='word_1_197' title='bbox 2157 1572 2229 1612; x_wconf 91' lang='lat' dir='ltr'>ex</span> <span class='ocrx_word' id='word_1_198' title='bbox 2259 1556 2512 1612; x_wconf 90' lang='lat' dir='ltr'>adverso</span> <span class='ocrx_word' id='word_1_199' title='bbox 2544 1572 2685 1612; x_wconf 89' lang='lat' dir='ltr'>eum</span> <span class='ocrx_word' id='word_1_200' title='bbox 2709 1557 2768 1612; x_wconf 92' lang='lat' dir='ltr'>in</span> <span class='ocrx_word' id='word_1_201' title='bbox 2821 1557 3013 1632; x_wconf 88' lang='lat' dir='ltr'>capite</span> <span class='ocrx_word' id='word_1_202' title='bbox 3069 1559 3385 1635; x_wconf 82' lang='lat' dir='ltr'>percussit,</span> <span class='ocrx_word' id='word_1_203' title='bbox 3432 1573 3697 1633; x_wconf 83' lang='lat' dir='ltr'>moxque</span> 
     </span>
    </p>
   </div>
   <div class='ocr_carea' id='block_1_31' title="bbox 2032 1643 3697 1716">
    <p class='ocr_par' dir='ltr' id='par_1_31' title="bbox 2032 1643 3697 1716">
     <span class='ocr_line' id='line_1_31' title="bbox 2032 1643 3697 1716; baseline 0.001 -16"><span class='ocrx_word' id='word_1_204' title='bbox 2032 1650 2201 1702; x_wconf 64' lang='lat' dir='ltr'>terra:</span> <span class='ocrx_word' id='word_1_205' title='bbox 2230 1645 2568 1716; x_wconf 83' lang='lat' dir='ltr'>prostravit,</span> <span class='ocrx_word' id='word_1_206' title='bbox 2602 1643 2821 1701; x_wconf 88' lang='lat' dir='ltr'>deinde</span> <span class='ocrx_word' id='word_1_207' title='bbox 2852 1645 3059 1700; x_wconf 89' lang='lat' dir='ltr'>multis</span> <span class='ocrx_word' id='word_1_208' title='bbox 3088 1644 3435 1702; x_wconf 89' lang='lat' dir='ltr'>vulneribus</span> <span class='ocrx_word' id='word_1_209' title='bbox 3460 1647 3697 1704; x_wconf 87' lang='lat' dir='ltr'>confos-</span> 
     </span>
    </p>
   </div>
   <div class='ocr_carea' id='block_1_32' title="bbox 261 1721 3691 1806">
    <p class='ocr_par' dir='ltr' id='par_1_32' title="bbox 261 1721 3691 1806">
     <span class='ocr_line' id='line_1_32' title="bbox 261 1721 3691 1806; baseline 0.004 -30"><span class='ocrx_word' id='word_1_210' title='bbox 261 1721 436 1778; x_wconf 82' lang='lat' dir='ltr'>tharii</span> <span class='ocrx_word' id='word_1_211' title='bbox 456 1724 644 1798; x_wconf 71' lang='lat' dir='ltr'>aaquis</span> <span class='ocrx_word' id='word_1_212' title='bbox 664 1727 939 1801; x_wconf 89' lang='lat' dir='ltr'>partibus</span> <span class='ocrx_word' id='word_1_213' title='bbox 959 1729 1111 1786; x_wconf 89' lang='lat' dir='ltr'>inter</span> <span class='ocrx_word' id='word_1_214' title='bbox 1134 1747 1197 1786; x_wconf 90' lang='lat' dir='ltr'>se</span> <span class='ocrx_word' id='word_1_215' title='bbox 1221 1732 1296 1765; x_wconf 74' lang='lat'>“0</span> <span class='ocrx_word' id='word_1_216' title='bbox 1338 1732 1688 1789; x_wconf 90' lang='lat' dir='ltr'>diviserunt.</span> <span class='ocrx_word' id='word_1_217' title='bbox 1725 1731 1920 1797; x_wconf 87' lang='lat' dir='ltr'>Quall-</span> <span class='ocrx_word' id='word_1_218' title='bbox 1951 1742 1995 1796; x_wconf 79' lang='grc' dir='ltr'>Β</span> <span class='ocrx_word' id='word_1_219' title='bbox 2034 1750 2169 1789; x_wconf 92' lang='lat' dir='ltr'>sum</span> <span class='ocrx_word' id='word_1_220' title='bbox 2199 1733 2553 1789; x_wconf 89' lang='lat' dir='ltr'>semivivum</span> <span class='ocrx_word' id='word_1_221' title='bbox 2584 1732 2840 1805; x_wconf 90' lang='lat' dir='ltr'>reliquit,</span> <span class='ocrx_word' id='word_1_222' title='bbox 2865 1749 3037 1789; x_wconf 89' lang='lat' dir='ltr'>arma</span> <span class='ocrx_word' id='word_1_223' title='bbox 3065 1734 3284 1806; x_wconf 87' lang='lat' dir='ltr'>pariter</span> <span class='ocrx_word' id='word_1_224' title='bbox 3309 1738 3366 1791; x_wconf 92' lang='lat' dir='ltr'>et</span> <span class='ocrx_word' id='word_1_225' title='bbox 3389 1735 3691 1795; x_wconf 86' lang='lat' dir='ltr'>caballum</span> 
     </span>
    </p>
   </div>
   <div class='ocr_carea' id='block_1_33' title="bbox 260 1812 1920 1894">
    <p class='ocr_par' dir='ltr' id='par_1_33' title="bbox 260 1812 1920 1894">
     <span class='ocr_line' id='line_1_33' title="bbox 260 1812 1920 1894; baseline 0.006 -29"><span class='ocrx_word' id='word_1_226' title='bbox 260 1823 346 1865; x_wconf 82' lang='lat' dir='ltr'>ter</span> <span class='ocrx_word' id='word_1_227' title='bbox 364 1812 433 1846; x_wconf 64' lang='grc' dir='ltr'>⁸η</span> <span class='ocrx_word' id='word_1_228' title='bbox 456 1817 657 1869; x_wconf 88' lang='lat' dir='ltr'>autem</span> <span class='ocrx_word' id='word_1_229' title='bbox 677 1813 804 1870; x_wconf 74' lang='lat' dir='ltr'>haec</span> <span class='ocrx_word' id='word_1_230' title='bbox 822 1815 1036 1873; x_wconf 87' lang='lat' dir='ltr'>divisio</span> <span class='ocrx_word' id='word_1_231' title='bbox 1070 1819 1142 1853; x_wconf 66' lang='lat' dir='ltr'>m</span> <span class='ocrx_word' id='word_1_232' title='bbox 1175 1818 1331 1877; x_wconf 91' lang='lat' dir='ltr'>facta</span> <span class='ocrx_word' id='word_1_233' title='bbox 1361 1820 1453 1887; x_wconf 90' lang='lat' dir='ltr'>sit,</span> <span class='ocrx_word' id='word_1_234' title='bbox 1474 1820 1618 1894; x_wconf 87' lang='lat' dir='ltr'>quia</span> <span class='ocrx_word' id='word_1_235' title='bbox 1634 1820 1920 1876; x_wconf 89' lang='lat' dir='ltr'>omnibus</span> 
     </span>
    </p>
   </div>
   <div class='ocr_carea' id='block_1_34' title="bbox 254 1904 1925 1980">
    <p class='ocr_par' dir='ltr' id='par_1_34' title="bbox 254 1904 1925 1980">
     <span class='ocr_line' id='line_1_34' title="bbox 254 1904 1925 1980; baseline 0.007 -25"><span class='ocrx_word' id='word_1_236' title='bbox 254 1915 410 1972; x_wconf 90' lang='lat' dir='ltr'>pene</span> <span class='ocrx_word' id='word_1_237' title='bbox 442 1904 654 1959; x_wconf 86' lang='lat' dir='ltr'>notum</span> <span class='ocrx_word' id='word_1_238' title='bbox 694 1910 781 1960; x_wconf 90' lang='lat' dir='ltr'>est</span> <span class='ocrx_word' id='word_1_239' title='bbox 820 1906 914 1975; x_wconf 71' lang='lat'>&quot;3,</span> <span class='ocrx_word' id='word_1_240' title='bbox 958 1922 1404 1980; x_wconf 87' lang='lat' dir='ltr'>supervacuum</span> <span class='ocrx_word' id='word_1_241' title='bbox 1439 1910 1701 1966; x_wconf 80' lang='lat' dir='ltr'>diximus</span> <span class='ocrx_word' id='word_1_242' title='bbox 1738 1908 1925 1967; x_wconf 87' lang='lat' dir='ltr'>adno-</span> 
     </span>
    </p>
   </div>
   <div class='ocr_carea' id='block_1_35' title="bbox 210 1994 402 2069">
    <p class='ocr_par' dir='ltr' id='par_1_35' title="bbox 210 1994 402 2069">
     <span class='ocr_line' id='line_1_35' title="bbox 210 1994 402 2069; baseline -0.005 -22"><span class='ocrx_word' id='word_1_243' title='bbox 210 2065 221 2069; x_wconf 18' lang='grc' dir='ltr'><strong>ξ</strong></span> <span class='ocrx_word' id='word_1_244' title='bbox 256 1994 402 2047; x_wconf 84' lang='lat' dir='ltr'>tare.</span> 
     </span>
    </p>
   </div>
   <div class='ocr_carea' id='block_1_36' title="bbox 332 2080 1919 2156">
    <p class='ocr_par' dir='ltr' id='par_1_36' title="bbox 332 2080 1919 2156">
     <span class='ocr_line' id='line_1_36' title="bbox 332 2080 1919 2156; baseline 0.004 -20"><span class='ocrx_word' id='word_1_245' title='bbox 332 2080 595 2153; x_wconf 87' lang='lat' dir='ltr'>Carolus,</span> <span class='ocrx_word' id='word_1_246' title='bbox 628 2089 927 2142; x_wconf 89' lang='lat' dir='ltr'>conventu</span> <span class='ocrx_word' id='word_1_247' title='bbox 958 2085 1257 2156; x_wconf 89' lang='lat' dir='ltr'>absoluto,</span> <span class='ocrx_word' id='word_1_248' title='bbox 1291 2088 1369 2144; x_wconf 88' lang='lat' dir='ltr'>ad</span> <span class='ocrx_word' id='word_1_249' title='bbox 1400 2088 1795 2146; x_wconf 84' lang='lat' dir='ltr'>Heristellium</span> <span class='ocrx_word' id='word_1_250' title='bbox 1845 2091 1919 2125; x_wconf 70' lang='grc' dir='ltr'>⁸η</span> 
     </span>
    </p>
   </div>
   <div class='ocr_carea' id='block_1_37' title="bbox 262 2169 1917 2250">
    <p class='ocr_par' dir='ltr' id='par_1_37' title="bbox 262 2169 1917 2250">
     <span class='ocr_line' id='line_1_37' title="bbox 262 2169 1917 2250; baseline 0.006 -26"><span class='ocrx_word' id='word_1_251' title='bbox 262 2169 534 2241; x_wconf 88' lang='lat' dir='ltr'>perrexit,</span> <span class='ocrx_word' id='word_1_252' title='bbox 566 2173 709 2246; x_wconf 90' lang='lat' dir='ltr'>quia</span> <span class='ocrx_word' id='word_1_253' title='bbox 738 2172 791 2229; x_wconf 91' lang='lat' dir='ltr'>ei</span> <span class='ocrx_word' id='word_1_254' title='bbox 821 2173 981 2231; x_wconf 90' lang='lat' dir='ltr'>idem</span> <span class='ocrx_word' id='word_1_255' title='bbox 1015 2176 1088 2211; x_wconf 70' lang='lat'><strong>“5</strong></span> <span class='ocrx_word' id='word_1_256' title='bbox 1118 2176 1409 2249; x_wconf 86' lang='lat' dir='ltr'>palatium</span> <span class='ocrx_word' id='word_1_257' title='bbox 1441 2178 1498 2233; x_wconf 91' lang='lat' dir='ltr'>in</span> <span class='ocrx_word' id='word_1_258' title='bbox 1544 2184 1710 2250; x_wconf 84' lang='lat' dir='ltr'>parte</span> <span class='ocrx_word' id='word_1_259' title='bbox 1764 2179 1917 2234; x_wconf 83' lang='lat' dir='ltr'>acci-</span> 
     </span>
    </p>
   </div>
   <div class='ocr_carea' id='block_1_38' title="bbox 260 2257 1920 2338">
    <p class='ocr_par' dir='ltr' id='par_1_38' title="bbox 260 2257 1920 2338">
     <span class='ocr_line' id='line_1_38' title="bbox 260 2257 1920 2338; baseline 0.005 -26"><span class='ocrx_word' id='word_1_260' title='bbox 260 2257 428 2314; x_wconf 91' lang='lat' dir='ltr'>derat</span> <span class='ocrx_word' id='word_1_261' title='bbox 455 2272 469 2328; x_wconf 84' lang='lat'><strong>;</strong></span> <span class='ocrx_word' id='word_1_262' title='bbox 502 2260 885 2318; x_wconf 87' lang='lat' dir='ltr'>Hludowicus</span> <span class='ocrx_word' id='word_1_263' title='bbox 916 2281 1054 2321; x_wconf 91' lang='lat' dir='ltr'>vero</span> <span class='ocrx_word' id='word_1_264' title='bbox 1081 2266 1155 2321; x_wconf 90' lang='lat' dir='ltr'>ad</span> <span class='ocrx_word' id='word_1_265' title='bbox 1191 2266 1373 2338; x_wconf 75' lang='lat' dir='ltr'>Aquis</span> <span class='ocrx_word' id='word_1_266' title='bbox 1408 2266 1480 2301; x_wconf 64' lang='grc'>⁸¹⁶</span> <span class='ocrx_word' id='word_1_267' title='bbox 1511 2266 1803 2338; x_wconf 89' lang='lat' dir='ltr'>palatium</span> <span class='ocrx_word' id='word_1_268' title='bbox 1831 2283 1920 2321; x_wconf 91' lang='lat' dir='ltr'>re-</span> 
     </span>
    </p>
   </div>
   <div class='ocr_carea' id='block_1_39' title="bbox 261 2345 1924 2420">
    <p class='ocr_par' dir='ltr' id='par_1_39' title="bbox 261 2345 1924 2420">
     <span class='ocr_line' id='line_1_39' title="bbox 261 2345 1924 2420; baseline 0.005 -19"><span class='ocrx_word' id='word_1_269' title='bbox 261 2345 386 2414; x_wconf 86' lang='lat' dir='ltr'>diit,</span> <span class='ocrx_word' id='word_1_270' title='bbox 422 2347 525 2403; x_wconf 90' lang='lat' dir='ltr'>ubi</span> <span class='ocrx_word' id='word_1_271' title='bbox 551 2349 791 2405; x_wconf 90' lang='lat' dir='ltr'>duobus</span> <span class='ocrx_word' id='word_1_272' title='bbox 818 2351 937 2407; x_wconf 87' lang='lat' dir='ltr'>fere</span> <span class='ocrx_word' id='word_1_273' title='bbox 969 2352 1279 2409; x_wconf 91' lang='lat' dir='ltr'>mensibus</span> <span class='ocrx_word' id='word_1_274' title='bbox 1307 2353 1460 2409; x_wconf 90' lang='lat' dir='ltr'>lecto</span> <span class='ocrx_word' id='word_1_275' title='bbox 1481 2353 1787 2420; x_wconf 90' lang='lat' dir='ltr'>decubuit,</span> <span class='ocrx_word' id='word_1_276' title='bbox 1822 2354 1924 2409; x_wconf 89' lang='lat' dir='ltr'>ad-</span> 
     </span>
    </p>
   </div>
   <div class='ocr_carea' id='block_1_40' title="bbox 260 2434 1189 2511">
    <p class='ocr_par' dir='ltr' id='par_1_40' title="bbox 260 2434 1189 2511">
     <span class='ocr_line' id='line_1_40' title="bbox 260 2434 1189 2511; baseline 0.009 -23"><span class='ocrx_word' id='word_1_277' title='bbox 260 2448 437 2491; x_wconf 89' lang='lat' dir='ltr'>versa</span> <span class='ocrx_word' id='word_1_278' title='bbox 466 2434 793 2493; x_wconf 84' lang='lat' dir='ltr'>valitudine</span> <span class='ocrx_word' id='word_1_279' title='bbox 824 2445 1189 2511; x_wconf 74' lang='lat' dir='ltr'>praeventus.</span> 
     </span>
    </p>
   </div>
   <div class='ocr_carea' id='block_1_41' title="bbox 334 2526 1925 2601">
    <p class='ocr_par' dir='ltr' id='par_1_41' title="bbox 334 2526 1925 2601">
     <span class='ocr_line' id='line_1_41' title="bbox 334 2526 1925 2601; baseline 0.004 -22"><span class='ocrx_word' id='word_1_280' title='bbox 334 2526 600 2600; x_wconf 89' lang='lat' dir='ltr'>Denique</span> <span class='ocrx_word' id='word_1_281' title='bbox 632 2544 768 2582; x_wconf 90' lang='lat' dir='ltr'>cum</span> <span class='ocrx_word' id='word_1_282' title='bbox 803 2545 838 2583; x_wconf 89' lang='lat' dir='ltr'>a</span> <span class='ocrx_word' id='word_1_283' title='bbox 867 2529 1140 2601; x_wconf 88' lang='lat' dir='ltr'>partibus</span> <span class='ocrx_word' id='word_1_284' title='bbox 1167 2530 1409 2585; x_wconf 89' lang='lat' dir='ltr'>orientis</span> <span class='ocrx_word' id='word_1_285' title='bbox 1446 2530 1686 2586; x_wconf 85' lang='lat' dir='ltr'>veniens</span> <span class='ocrx_word' id='word_1_286' title='bbox 1714 2531 1925 2588; x_wconf 81' lang='lat' dir='ltr'>Ribua—</span> 
     </span>
    </p>
   </div>
   <div class='ocr_carea' id='block_1_42' title="bbox 260 2613 1925 2691">
    <p class='ocr_par' dir='ltr' id='par_1_42' title="bbox 260 2613 1925 2691">
     <span class='ocr_line' id='line_1_42' title="bbox 260 2613 1925 2691; baseline 0.004 -23"><span class='ocrx_word' id='word_1_287' title='bbox 260 2613 491 2670; x_wconf 89' lang='lat' dir='ltr'>riorum</span> <span class='ocrx_word' id='word_1_288' title='bbox 535 2616 820 2672; x_wconf 86' lang='lat' dir='ltr'>terminos</span> <span class='ocrx_word' id='word_1_289' title='bbox 872 2618 1166 2688; x_wconf 86' lang='lat' dir='ltr'>intrasset,</span> <span class='ocrx_word' id='word_1_290' title='bbox 1221 2619 1278 2674; x_wconf 87' lang='lat' dir='ltr'>in</span> <span class='ocrx_word' id='word_1_291' title='bbox 1332 2619 1641 2691; x_wconf 89' lang='lat' dir='ltr'>quandam</span> <span class='ocrx_word' id='word_1_292' title='bbox 1698 2619 1925 2690; x_wconf 85' lang='lat' dir='ltr'>regiam</span> 
     </span>
    </p>
   </div>
   <div class='ocr_carea' id='block_1_43' title="bbox 256 2702 1924 2781">
    <p class='ocr_par' dir='ltr' id='par_1_43' title="bbox 256 2702 1924 2781">
     <span class='ocr_line' id='line_1_43' title="bbox 256 2702 1924 2781; baseline 0.004 -24"><span class='ocrx_word' id='word_1_293' title='bbox 256 2702 488 2773; x_wconf 87' lang='lat' dir='ltr'>villam,</span> <span class='ocrx_word' id='word_1_294' title='bbox 517 2704 762 2761; x_wconf 89' lang='lat' dir='ltr'>nomine</span> <span class='ocrx_word' id='word_1_295' title='bbox 798 2706 1258 2764; x_wconf 83' lang='lat' dir='ltr'>Flameresheim</span> <span class='ocrx_word' id='word_1_296' title='bbox 1288 2710 1307 2742; x_wconf 74' lang='grc'>⁵</span> <span class='ocrx_word' id='word_1_297' title='bbox 1344 2710 1362 2742; x_wconf 69' lang='lat'><strong>7</strong></span> <span class='ocrx_word' id='word_1_298' title='bbox 1408 2710 1538 2781; x_wconf 70' lang='grc'>(64),</span> <span class='ocrx_word' id='word_1_299' title='bbox 1594 2708 1670 2764; x_wconf 88' lang='lat' dir='ltr'>ad</span> <span class='ocrx_word' id='word_1_300' title='bbox 1723 2709 1924 2781; x_wconf 88' lang='lat' dir='ltr'>hospi-</span> 
     </span>
    </p>
   </div>
   <div class='ocr_carea' id='block_1_44' title="bbox 262 2790 1924 2868">
    <p class='ocr_par' dir='ltr' id='par_1_44' title="bbox 262 2790 1924 2868">
     <span class='ocr_line' id='line_1_44' title="bbox 262 2790 1924 2868; baseline 0.004 -22"><span class='ocrx_word' id='word_1_301' title='bbox 262 2790 408 2846; x_wconf 87' lang='lat' dir='ltr'>tium</span> <span class='ocrx_word' id='word_1_302' title='bbox 443 2792 697 2859; x_wconf 87' lang='lat' dir='ltr'>divertit,</span> <span class='ocrx_word' id='word_1_303' title='bbox 734 2810 995 2868; x_wconf 90' lang='lat' dir='ltr'>cumque</span> <span class='ocrx_word' id='word_1_304' title='bbox 1023 2795 1323 2852; x_wconf 86' lang='lat' dir='ltr'>solarium’</span> <span class='ocrx_word' id='word_1_305' title='bbox 1359 2797 1579 2852; x_wconf 89' lang='lat' dir='ltr'>domus</span> <span class='ocrx_word' id='word_1_306' title='bbox 1640 2814 1924 2853; x_wconf 90' lang='lat' dir='ltr'>conscen-</span> 
     </span>
    </p>
   </div>
   <div class='ocr_carea' id='block_1_45' title="bbox 261 2879 1923 2961">
    <p class='ocr_par' dir='ltr' id='par_1_45' title="bbox 261 2879 1923 2961">
     <span class='ocr_line' id='line_1_45' title="bbox 261 2879 1923 2961; baseline 0.004 -26"><span class='ocrx_word' id='word_1_307' title='bbox 261 2879 449 2938; x_wconf 86' lang='lat' dir='ltr'>disset</span> <span class='ocrx_word' id='word_1_308' title='bbox 476 2883 728 2961; x_wconf 87' lang='lat' dir='ltr'>stipatus</span> <span class='ocrx_word' id='word_1_309' title='bbox 755 2883 1219 2957; x_wconf 90' lang='lat' dir='ltr'>obsequentium</span> <span class='ocrx_word' id='word_1_310' title='bbox 1258 2884 1656 2952; x_wconf 89' lang='lat' dir='ltr'>multitudine,</span> <span class='ocrx_word' id='word_1_311' title='bbox 1680 2892 1923 2960; x_wconf 90' lang='lat' dir='ltr'>repente</span> 
     </span>
    </p>
   </div>
   <div class='ocr_carea' id='block_1_46' title="bbox 262 2969 1923 3047">
    <p class='ocr_par' dir='ltr' id='par_1_46' title="bbox 262 2969 1923 3047">
     <span class='ocr_line' id='line_1_46' title="bbox 262 2969 1923 3047; baseline 0.004 -23"><span class='ocrx_word' id='word_1_312' title='bbox 262 2969 462 3044; x_wconf 90' lang='lat' dir='ltr'>ipsum</span> <span class='ocrx_word' id='word_1_313' title='bbox 486 2970 797 3040; x_wconf 87' lang='lat' dir='ltr'>solarium,</span> <span class='ocrx_word' id='word_1_314' title='bbox 825 2972 991 3044; x_wconf 92' lang='lat' dir='ltr'>quod</span> <span class='ocrx_word' id='word_1_315' title='bbox 1023 2973 1209 3028; x_wconf 87' lang='lat' dir='ltr'>nimia</span> <span class='ocrx_word' id='word_1_316' title='bbox 1234 2978 1520 3030; x_wconf 87' lang='lat' dir='ltr'>vetustate</span> <span class='ocrx_word' id='word_1_317' title='bbox 1553 2979 1678 3030; x_wconf 89' lang='lat' dir='ltr'>erat</span> <span class='ocrx_word' id='word_1_318' title='bbox 1700 2976 1774 3009; x_wconf 73' lang='grc' dir='ltr'>⁵η</span> <span class='ocrx_word' id='word_1_319' title='bbox 1814 2992 1923 3047; x_wconf 90' lang='lat' dir='ltr'>pu-</span> 
     </span>
    </p>
   </div>
   <div class='ocr_carea' id='block_1_47' title="bbox 265 3058 1994 3144">
    <p class='ocr_par' dir='ltr' id='par_1_47' title="bbox 265 3058 1994 3144">
     <span class='ocr_line' id='line_1_47' title="bbox 265 3058 1994 3144; baseline 0.001 -30"><span class='ocrx_word' id='word_1_320' title='bbox 265 3058 489 3114; x_wconf 88' lang='lat' dir='ltr'>tredine</span> <span class='ocrx_word' id='word_1_321' title='bbox 517 3059 866 3131; x_wconf 87' lang='lat' dir='ltr'>resolutum,</span> <span class='ocrx_word' id='word_1_322' title='bbox 898 3060 1167 3117; x_wconf 87' lang='lat' dir='ltr'>trabibus</span> <span class='ocrx_word' id='word_1_323' title='bbox 1194 3061 1393 3119; x_wconf 89' lang='lat' dir='ltr'>fractis</span> <span class='ocrx_word' id='word_1_324' title='bbox 1424 3062 1664 3133; x_wconf 85' lang='lat' dir='ltr'>corruit,</span> <span class='ocrx_word' id='word_1_325' title='bbox 1697 3068 1753 3118; x_wconf 88' lang='lat' dir='ltr'>et</span> <span class='ocrx_word' id='word_1_326' title='bbox 1772 3062 1924 3118; x_wconf 89' lang='lat' dir='ltr'>inter</span> <span class='ocrx_word' id='word_1_327' title='bbox 1954 3088 1994 3144; x_wconf 65' lang='grc' dir='ltr'><strong>η</strong></span> 
     </span>
    </p>
   </div>
   <div class='ocr_carea' id='block_1_48' title="bbox 259 3145 1923 3219">
    <p class='ocr_par' dir='ltr' id='par_1_48' title="bbox 259 3145 1923 3219">
     <span class='ocr_line' id='line_1_48' title="bbox 259 3145 1923 3219; baseline 0.003 -19"><span class='ocrx_word' id='word_1_328' title='bbox 259 3145 471 3201; x_wconf 89' lang='lat' dir='ltr'>ruinas</span> <span class='ocrx_word' id='word_1_329' title='bbox 519 3146 648 3217; x_wconf 89' lang='lat' dir='ltr'>ejus</span> <span class='ocrx_word' id='word_1_330' title='bbox 692 3162 798 3203; x_wconf 88' lang='lat' dir='ltr'>rex</span> <span class='ocrx_word' id='word_1_331' title='bbox 847 3149 1105 3219; x_wconf 85' lang='lat' dir='ltr'>graviter</span> <span class='ocrx_word' id='word_1_332' title='bbox 1158 3148 1389 3205; x_wconf 84' lang='lat' dir='ltr'>attritus</span> <span class='ocrx_word' id='word_1_333' title='bbox 1437 3154 1542 3215; x_wconf 90' lang='lat' dir='ltr'>est,</span> <span class='ocrx_word' id='word_1_334' title='bbox 1597 3150 1676 3205; x_wconf 88' lang='lat' dir='ltr'>ita</span> <span class='ocrx_word' id='word_1_335' title='bbox 1706 3151 1923 3206; x_wconf 73' lang='lat' dir='ltr'>utduze</span> 
     </span>
    </p>
   </div>
   <div class='ocr_carea' id='block_1_49' title="bbox 261 3237 1925 3312">
    <p class='ocr_par' dir='ltr' id='par_1_49' title="bbox 261 3237 1925 3312">
     <span class='ocr_line' id='line_1_49' title="bbox 261 3237 1925 3312; baseline 0.003 -22"><span class='ocrx_word' id='word_1_336' title='bbox 261 3239 442 3290; x_wconf 63' lang='lat' dir='ltr'>costa:</span> <span class='ocrx_word' id='word_1_337' title='bbox 469 3237 599 3306; x_wconf 90' lang='lat' dir='ltr'>ejus</span> <span class='ocrx_word' id='word_1_338' title='bbox 624 3251 659 3291; x_wconf 89' lang='lat' dir='ltr'>a</span> <span class='ocrx_word' id='word_1_339' title='bbox 682 3252 795 3292; x_wconf 91' lang='lat' dir='ltr'>sua</span> <span class='ocrx_word' id='word_1_340' title='bbox 823 3252 1116 3312; x_wconf 87' lang='lat' dir='ltr'>compage</span> <span class='ocrx_word' id='word_1_341' title='bbox 1166 3240 1238 3273; x_wconf 73' lang='lat'>“9</span> <span class='ocrx_word' id='word_1_342' title='bbox 1291 3237 1799 3310; x_wconf 88' lang='lat' dir='ltr'>disjungerentur.</span> <span class='ocrx_word' id='word_1_343' title='bbox 1860 3242 1925 3295; x_wconf 85' lang='lat' dir='ltr'>Et</span> 
     </span>
    </p>
   </div>
   <div class='ocr_carea' id='block_1_50' title="bbox 262 3325 1924 3403">
    <p class='ocr_par' dir='ltr' id='par_1_50' title="bbox 262 3325 1924 3403">
     <span class='ocr_line' id='line_1_50' title="bbox 262 3325 1924 3403; baseline 0.005 -24"><span class='ocrx_word' id='word_1_344' title='bbox 262 3340 401 3379; x_wconf 90' lang='lat' dir='ltr'>cum</span> <span class='ocrx_word' id='word_1_345' title='bbox 430 3340 643 3380; x_wconf 89' lang='lat' dir='ltr'>omnes</span> <span class='ocrx_word' id='word_1_346' title='bbox 675 3325 1089 3395; x_wconf 85' lang='lat' dir='ltr'>accurrissent,</span> <span class='ocrx_word' id='word_1_347' title='bbox 1120 3344 1380 3403; x_wconf 89' lang='lat' dir='ltr'>eumque</span> <span class='ocrx_word' id='word_1_348' title='bbox 1422 3328 1645 3401; x_wconf 89' lang='lat' dir='ltr'>perisse</span> <span class='ocrx_word' id='word_1_349' title='bbox 1672 3329 1924 3387; x_wconf 87' lang='lat' dir='ltr'>arbitra-</span> 
     </span>
    </p>
   </div>
   <div class='ocr_carea' id='block_1_51' title="bbox 262 3413 1923 3489">
    <p class='ocr_par' dir='ltr' id='par_1_51' title="bbox 262 3413 1923 3489">
     <span class='ocr_line' id='line_1_51' title="bbox 262 3413 1923 3489; baseline 0.003 -20"><span class='ocrx_word' id='word_1_350' title='bbox 262 3419 485 3481; x_wconf 90' lang='lat' dir='ltr'>rentur,</span> <span class='ocrx_word' id='word_1_351' title='bbox 519 3413 649 3488; x_wconf 91' lang='lat' dir='ltr'>ipse</span> <span class='ocrx_word' id='word_1_352' title='bbox 680 3415 870 3471; x_wconf 90' lang='lat' dir='ltr'>aloco</span> <span class='ocrx_word' id='word_1_353' title='bbox 897 3415 957 3471; x_wconf 89' lang='lat' dir='ltr'>in</span> <span class='ocrx_word' id='word_1_354' title='bbox 992 3433 1114 3489; x_wconf 92' lang='lat' dir='ltr'>quo</span> <span class='ocrx_word' id='word_1_355' title='bbox 1136 3417 1430 3473; x_wconf 88' lang='lat' dir='ltr'>ceciderat</span> <span class='ocrx_word' id='word_1_356' title='bbox 1478 3434 1750 3488; x_wconf 83' lang='lat' dir='ltr'>surgens,</span> <span class='ocrx_word' id='word_1_357' title='bbox 1800 3419 1923 3474; x_wconf 91' lang='lat' dir='ltr'>suis</span> 
     </span>
    </p>
   </div>
   <div class='ocr_carea' id='block_1_52' title="bbox 264 3504 1919 3583">
    <p class='ocr_par' dir='ltr' id='par_1_52' title="bbox 264 3504 1919 3583">
     <span class='ocr_line' id='line_1_52' title="bbox 264 3504 1919 3583; baseline 0.003 -25"><span class='ocrx_word' id='word_1_358' title='bbox 264 3518 330 3558; x_wconf 91' lang='lat' dir='ltr'>se</span> <span class='ocrx_word' id='word_1_359' title='bbox 360 3504 822 3577; x_wconf 64' lang='lat' dir='ltr'>repraesentavit,</span> <span class='ocrx_word' id='word_1_360' title='bbox 850 3521 1126 3560; x_wconf 86' lang='lat' dir='ltr'>asserens</span> <span class='ocrx_word' id='word_1_361' title='bbox 1157 3522 1217 3561; x_wconf 92' lang='lat' dir='ltr'>se</span> <span class='ocrx_word' id='word_1_362' title='bbox 1249 3505 1395 3562; x_wconf 89' lang='lat' dir='ltr'>nihil</span> <span class='ocrx_word' id='word_1_363' title='bbox 1448 3505 1591 3563; x_wconf 89' lang='lat' dir='ltr'>mali</span> <span class='ocrx_word' id='word_1_364' title='bbox 1646 3522 1919 3583; x_wconf 88' lang='lat' dir='ltr'>passum,</span> 
     </span>
    </p>
   </div>
   <div class='ocr_carea' id='block_1_53' title="bbox 259 3594 1926 3671">
    <p class='ocr_par' dir='ltr' id='par_1_53' title="bbox 259 3594 1926 3671">
     <span class='ocr_line' id='line_1_53' title="bbox 259 3594 1926 3671; baseline 0.003 -22"><span class='ocrx_word' id='word_1_365' title='bbox 259 3600 319 3649; x_wconf 90' lang='lat' dir='ltr'>et</span> <span class='ocrx_word' id='word_1_366' title='bbox 374 3594 527 3650; x_wconf 85' lang='lat' dir='ltr'>ultra</span> <span class='ocrx_word' id='word_1_367' title='bbox 578 3611 766 3671; x_wconf 89' lang='lat' dir='ltr'>quam</span> <span class='ocrx_word' id='word_1_368' title='bbox 822 3594 983 3651; x_wconf 89' lang='lat' dir='ltr'>credi</span> <span class='ocrx_word' id='word_1_369' title='bbox 1030 3600 1224 3671; x_wconf 89' lang='lat' dir='ltr'>potest</span> <span class='ocrx_word' id='word_1_370' title='bbox 1270 3596 1650 3654; x_wconf 88' lang='lat' dir='ltr'>dissimulato</span> <span class='ocrx_word' id='word_1_371' title='bbox 1698 3600 1770 3633; x_wconf 68' lang='grc'>⁴²⁰</span> <span class='ocrx_word' id='word_1_372' title='bbox 1798 3598 1926 3654; x_wconf 85' lang='lat' dir='ltr'>lan-</span> 
     </span>
    </p>
   </div>
   <div class='ocr_carea' id='block_1_54' title="bbox 230 3684 1918 3756">
    <p class='ocr_par' dir='ltr' id='par_1_54' title="bbox 230 3684 1918 3756">
     <span class='ocr_line' id='line_1_54' title="bbox 230 3684 1918 3756; baseline 0.004 -20"><span class='ocrx_word' id='word_1_373' title='bbox 230 3746 235 3749; x_wconf 91' lang='lat'>_</span> <span class='ocrx_word' id='word_1_374' title='bbox 262 3699 472 3753; x_wconf 84' lang='lat' dir='ltr'>guore,</span> <span class='ocrx_word' id='word_1_375' title='bbox 506 3685 775 3756; x_wconf 89' lang='lat' dir='ltr'>sequenti</span> <span class='ocrx_word' id='word_1_376' title='bbox 798 3684 892 3739; x_wconf 87' lang='lat' dir='ltr'>die</span> <span class='ocrx_word' id='word_1_377' title='bbox 920 3693 1128 3741; x_wconf 88' lang='lat' dir='ltr'>contra</span> <span class='ocrx_word' id='word_1_378' title='bbox 1154 3685 1395 3741; x_wconf 81' lang='lat' dir='ltr'>fratrem</span> <span class='ocrx_word' id='word_1_379' title='bbox 1429 3686 1507 3742; x_wconf 90' lang='lat' dir='ltr'>ad</span> <span class='ocrx_word' id='word_1_380' title='bbox 1537 3688 1808 3743; x_wconf 82' lang='lat' dir='ltr'>Marsana</span> <span class='ocrx_word' id='word_1_381' title='bbox 1850 3688 1918 3723; x_wconf 64' lang='grc'>⁸²¹</span> 
     </span>
    </p>
   </div>
   <div class='ocr_carea' id='block_1_55' title="bbox 260 3770 1927 3847">
    <p class='ocr_par' dir='ltr' id='par_1_55' title="bbox 260 3770 1927 3847">
     <span class='ocr_line' id='line_1_55' title="bbox 260 3770 1927 3847; baseline 0.003 -22"><span class='ocrx_word' id='word_1_382' title='bbox 260 3770 683 3843; x_wconf 80' lang='lat' dir='ltr'>proficiscitur.</span> <span class='ocrx_word' id='word_1_383' title='bbox 708 3775 891 3828; x_wconf 88' lang='lat' dir='ltr'>Tanta</span> <span class='ocrx_word' id='word_1_384' title='bbox 920 3772 1104 3845; x_wconf 87' lang='lat' dir='ltr'>hujus</span> <span class='ocrx_word' id='word_1_385' title='bbox 1124 3774 1411 3847; x_wconf 84' lang='lat' dir='ltr'>principis</span> <span class='ocrx_word' id='word_1_386' title='bbox 1469 3774 1708 3840; x_wconf 89' lang='lat' dir='ltr'>duritia,</span> <span class='ocrx_word' id='word_1_387' title='bbox 1762 3779 1927 3830; x_wconf 90' lang='lat' dir='ltr'>tanta</span> 
     </span>
    </p>
   </div>
   <div class='ocr_carea' id='block_1_56' title="bbox 262 3859 1929 3932">
    <p class='ocr_par' dir='ltr' id='par_1_56' title="bbox 262 3859 1929 3932">
     <span class='ocr_line' id='line_1_56' title="bbox 262 3859 1929 3932; baseline 0 -17"><span class='ocrx_word' id='word_1_388' title='bbox 262 3859 618 3915; x_wconf 89' lang='lat' dir='ltr'>animositas</span> <span class='ocrx_word' id='word_1_389' title='bbox 649 3859 776 3928; x_wconf 89' lang='lat' dir='ltr'>fuit,</span> <span class='ocrx_word' id='word_1_390' title='bbox 810 3864 874 3916; x_wconf 92' lang='lat' dir='ltr'>ut</span> <span class='ocrx_word' id='word_1_391' title='bbox 917 3878 1056 3919; x_wconf 85' lang='lat' dir='ltr'>cum</span> <span class='ocrx_word' id='word_1_392' title='bbox 1113 3865 1293 3918; x_wconf 85' lang='lat' dir='ltr'>etiam</span> <span class='ocrx_word' id='word_1_393' title='bbox 1352 3862 1554 3932; x_wconf 83' lang='lat' dir='ltr'>fragor</span> <span class='ocrx_word' id='word_1_394' title='bbox 1601 3863 1929 3920; x_wconf 88' lang='lat' dir='ltr'>fractarum</span> 
     </span>
    </p>
   </div>
   <div class='ocr_carea' id='block_1_57' title="bbox 170 3948 1928 4010">
    <p class='ocr_par' dir='ltr' id='par_1_57' title="bbox 170 3948 1928 4010">
     <span class='ocr_line' id='line_1_57' title="bbox 170 3948 1928 4010; baseline 0.002 -6"><span class='ocrx_word' id='word_1_395' title='bbox 170 4003 185 4010; x_wconf 78' lang='grc'><em>,</em></span> <span class='ocrx_word' id='word_1_396' title='bbox 261 3953 574 4005; x_wconf 89' lang='lat' dir='ltr'>costarum</span> <span class='ocrx_word' id='word_1_397' title='bbox 600 3949 938 4006; x_wconf 87' lang='lat' dir='ltr'>adinvicem</span> <span class='ocrx_word' id='word_1_398' title='bbox 969 3948 1377 4009; x_wconf 88' lang='lat' dir='ltr'>collidentium</span> <span class='ocrx_word' id='word_1_399' title='bbox 1404 3968 1440 4008; x_wconf 88' lang='lat' dir='ltr'>a</span> <span class='ocrx_word' id='word_1_400' title='bbox 1469 3949 1775 4009; x_wconf 87' lang='lat' dir='ltr'>nonnullis</span> <span class='ocrx_word' id='word_1_401' title='bbox 1825 3966 1928 4007; x_wconf 86' lang='lat' dir='ltr'>au-</span> 
     </span>
    </p>
   </div>
   <div class='ocr_carea' id='block_1_58' title="bbox 259 4036 1928 4119">
    <p class='ocr_par' dir='ltr' id='par_1_58' title="bbox 259 4036 1928 4119">
     <span class='ocr_line' id='line_1_58' title="bbox 259 4036 1928 4119; baseline 0.004 -25"><span class='ocrx_word' id='word_1_402' title='bbox 259 4037 513 4109; x_wconf 89' lang='lat' dir='ltr'>diretur,</span> <span class='ocrx_word' id='word_1_403' title='bbox 559 4055 736 4095; x_wconf 91' lang='lat' dir='ltr'>nemo</span> <span class='ocrx_word' id='word_1_404' title='bbox 785 4043 990 4096; x_wconf 87' lang='lat' dir='ltr'>tamen</span> <span class='ocrx_word' id='word_1_405' title='bbox 1046 4044 1366 4119; x_wconf 90' lang='lat' dir='ltr'>propterea</span> <span class='ocrx_word' id='word_1_406' title='bbox 1395 4036 1651 4096; x_wconf 86' lang='lat' dir='ltr'>audierit</span> <span class='ocrx_word' id='word_1_407' title='bbox 1680 4041 1754 4074; x_wconf 69' lang='grc'>⁴²²</span> <span class='ocrx_word' id='word_1_408' title='bbox 1787 4056 1928 4101; x_wconf 83' lang='lat' dir='ltr'>eum</span> 
     </span>
    </p>
   </div>
   <div class='ocr_carea' id='block_1_59' title="bbox 261 4127 1811 4202">
    <p class='ocr_par' dir='ltr' id='par_1_59' title="bbox 261 4127 1811 4202">
     <span class='ocr_line' id='line_1_59' title="bbox 261 4127 1811 4202; baseline 0.002 -20"><span class='ocrx_word' id='word_1_409' title='bbox 261 4127 594 4202; x_wconf 89' lang='lat' dir='ltr'>suspirium</span> <span class='ocrx_word' id='word_1_410' title='bbox 619 4129 952 4186; x_wconf 87' lang='lat' dir='ltr'>trahentem</span> <span class='ocrx_word' id='word_1_411' title='bbox 985 4128 1079 4187; x_wconf 90' lang='lat' dir='ltr'>vel</span> <span class='ocrx_word' id='word_1_412' title='bbox 1102 4129 1396 4201; x_wconf 89' lang='lat' dir='ltr'>gemitum</span> <span class='ocrx_word' id='word_1_413' title='bbox 1424 4129 1811 4189; x_wconf 89' lang='lat' dir='ltr'>emittentem.</span> 
     </span>
    </p>
   </div>
   <div class='ocr_carea' id='block_1_60' title="bbox 2033 1820 3689 1894">
    <p class='ocr_par' dir='ltr' id='par_1_60' title="bbox 2033 1820 3689 1894">
     <span class='ocr_line' id='line_1_60' title="bbox 2033 1820 3689 1894; baseline 0 -16"><span class='ocrx_word' id='word_1_414' title='bbox 2033 1838 2236 1878; x_wconf 76' lang='lat' dir='ltr'>secum</span> <span class='ocrx_word' id='word_1_415' title='bbox 2271 1822 2343 1856; x_wconf 68' lang='lat'>&quot;9</span> <span class='ocrx_word' id='word_1_416' title='bbox 2368 1821 2644 1877; x_wconf 88' lang='lat' dir='ltr'>auferens</span> <span class='ocrx_word' id='word_1_417' title='bbox 2680 1840 2693 1889; x_wconf 90' lang='lat'><strong>;</strong></span> <span class='ocrx_word' id='word_1_418' title='bbox 2721 1820 3041 1879; x_wconf 87' lang='lat' dir='ltr'>debilitatis</span> <span class='ocrx_word' id='word_1_419' title='bbox 3067 1824 3140 1856; x_wconf 63' lang='lat'>‘30</span> <span class='ocrx_word' id='word_1_420' title='bbox 3183 1839 3327 1894; x_wconf 89' lang='lat' dir='ltr'>ergo</span> <span class='ocrx_word' id='word_1_421' title='bbox 3382 1823 3689 1894; x_wconf 88' lang='lat' dir='ltr'>membris,</span> 
     </span>
    </p>
   </div>
   <div class='ocr_carea' id='block_1_61' title="bbox 2032 1908 3687 1989">
    <p class='ocr_par' dir='ltr' id='par_1_61' title="bbox 2032 1908 3687 1989">
     <span class='ocr_line' id='line_1_61' title="bbox 2032 1908 3687 1989; baseline 0.001 -24"><span class='ocrx_word' id='word_1_422' title='bbox 2032 1927 2101 1965; x_wconf 90' lang='lat' dir='ltr'>ac</span> <span class='ocrx_word' id='word_1_423' title='bbox 2128 1909 2294 1966; x_wconf 91' lang='lat' dir='ltr'>vultu</span> <span class='ocrx_word' id='word_1_424' title='bbox 2325 1908 2717 1976; x_wconf 86' lang='lat' dir='ltr'>deformatus,</span> <span class='ocrx_word' id='word_1_425' title='bbox 2763 1925 2958 1985; x_wconf 89' lang='lat' dir='ltr'>pauco</span> <span class='ocrx_word' id='word_1_426' title='bbox 3015 1916 3281 1983; x_wconf 90' lang='lat' dir='ltr'>tempore</span> <span class='ocrx_word' id='word_1_427' title='bbox 3340 1912 3687 1989; x_wconf 86' lang='lat' dir='ltr'>supervixit.</span> 
     </span>
    </p>
   </div>
   <div class='ocr_carea' id='block_1_62' title="bbox 2029 1997 3689 2071">
    <p class='ocr_par' dir='ltr' id='par_1_62' title="bbox 2029 1997 3689 2071">
     <span class='ocr_line' id='line_1_62' title="bbox 2029 1997 3689 2071; baseline 0 -17"><span class='ocrx_word' id='word_1_428' title='bbox 2029 1998 2346 2068; x_wconf 82' lang='lat' dir='ltr'>Albuinus,</span> <span class='ocrx_word' id='word_1_429' title='bbox 2379 1997 2616 2068; x_wconf 89' lang='lat' dir='ltr'>cognito</span> <span class='ocrx_word' id='word_1_430' title='bbox 2643 1998 2808 2071; x_wconf 88' lang='lat' dir='ltr'>quod</span> <span class='ocrx_word' id='word_1_431' title='bbox 2836 1998 2995 2053; x_wconf 83' lang='lat' dir='ltr'>ﬁlius</span> <span class='ocrx_word' id='word_1_432' title='bbox 3045 1998 3202 2070; x_wconf 87' lang='lat' dir='ltr'>regis</span> <span class='ocrx_word' id='word_1_433' title='bbox 3264 2000 3333 2033; x_wconf 58' lang='lat'><strong>‘3’</strong></span> <span class='ocrx_word' id='word_1_434' title='bbox 3392 2004 3570 2071; x_wconf 87' lang='lat' dir='ltr'>asset,</span> <span class='ocrx_word' id='word_1_435' title='bbox 3630 1998 3689 2054; x_wconf 89' lang='lat' dir='ltr'>in</span> 
     </span>
    </p>
   </div>
   <div class='ocr_carea' id='block_1_63' title="bbox 2028 2087 3690 2165">
    <p class='ocr_par' dir='ltr' id='par_1_63' title="bbox 2028 2087 3690 2165">
     <span class='ocr_line' id='line_1_63' title="bbox 2028 2087 3690 2165; baseline 0.001 -22"><span class='ocrx_word' id='word_1_436' title='bbox 2028 2104 2210 2162; x_wconf 89' lang='lat' dir='ltr'>quem</span> <span class='ocrx_word' id='word_1_437' title='bbox 2238 2088 2378 2146; x_wconf 89' lang='lat' dir='ltr'>talia</span> <span class='ocrx_word' id='word_1_438' title='bbox 2405 2092 2770 2155; x_wconf 83' lang='lat' dir='ltr'>exercuerat,</span> <span class='ocrx_word' id='word_1_439' title='bbox 2804 2087 3067 2143; x_wconf 89' lang='lat' dir='ltr'>celeriter</span> <span class='ocrx_word' id='word_1_440' title='bbox 3098 2088 3329 2158; x_wconf 87' lang='lat' dir='ltr'>aufugit</span> <span class='ocrx_word' id='word_1_441' title='bbox 3358 2088 3690 2165; x_wconf 83' lang='lat' dir='ltr'>mortisque</span> 
     </span>
    </p>
   </div>
   <div class='ocr_carea' id='block_1_64' title="bbox 2032 2174 2935 2251">
    <p class='ocr_par' dir='ltr' id='par_1_64' title="bbox 2032 2174 2935 2251">
     <span class='ocr_line' id='line_1_64' title="bbox 2032 2174 2935 2251; baseline -0.001 -19"><span class='ocrx_word' id='word_1_442' title='bbox 2032 2179 2104 2212; x_wconf 72' lang='grc'>⁸³³</span> <span class='ocrx_word' id='word_1_443' title='bbox 2136 2177 2467 2251; x_wconf 89' lang='lat' dir='ltr'>periculum</span> <span class='ocrx_word' id='word_1_444' title='bbox 2490 2174 2809 2232; x_wconf 88' lang='lat' dir='ltr'>declinavit</span> <span class='ocrx_word' id='word_1_445' title='bbox 2842 2177 2935 2231; x_wconf 69' lang='grc'>⁸³³.</span> 
     </span>
    </p>
   </div>
   <div class='ocr_carea' id='block_1_65' title="bbox 2103 2263 3691 2337">
    <p class='ocr_par' dir='ltr' id='par_1_65' title="bbox 2103 2263 3691 2337">
     <span class='ocr_line' id='line_1_65' title="bbox 2103 2263 3691 2337; baseline -0.001 -16"><span class='ocrx_word' id='word_1_446' title='bbox 2103 2269 2281 2321; x_wconf 88' lang='lat' dir='ltr'>Porro</span> <span class='ocrx_word' id='word_1_447' title='bbox 2308 2263 2786 2323; x_wconf 90' lang='lat' dir='ltr'>Carolomannus</span> <span class='ocrx_word' id='word_1_448' title='bbox 2817 2281 2955 2320; x_wconf 90' lang='lat' dir='ltr'>cum</span> <span class='ocrx_word' id='word_1_449' title='bbox 2984 2265 3185 2323; x_wconf 89' lang='lat' dir='ltr'>adhuc</span> <span class='ocrx_word' id='word_1_450' title='bbox 3212 2269 3367 2320; x_wconf 89' lang='lat' dir='ltr'>esset</span> <span class='ocrx_word' id='word_1_451' title='bbox 3382 2264 3691 2337; x_wconf 89' lang='lat' dir='ltr'>puerulus,</span> 
     </span>
    </p>
   </div>
   <div class='ocr_carea' id='block_1_66' title="bbox 2028 2352 3693 2427">
    <p class='ocr_par' dir='ltr' id='par_1_66' title="bbox 2028 2352 3693 2427">
     <span class='ocr_line' id='line_1_66' title="bbox 2028 2352 3693 2427; baseline 0 -19"><span class='ocrx_word' id='word_1_452' title='bbox 2028 2354 2202 2424; x_wconf 91' lang='lat' dir='ltr'>jussu</span> <span class='ocrx_word' id='word_1_453' title='bbox 2232 2353 2417 2427; x_wconf 89' lang='lat' dir='ltr'>patris</span> <span class='ocrx_word' id='word_1_454' title='bbox 2454 2357 2752 2421; x_wconf 89' lang='lat' dir='ltr'>attonsus,</span> <span class='ocrx_word' id='word_1_455' title='bbox 2783 2353 3031 2409; x_wconf 84' lang='lat' dir='ltr'>clericus</span> <span class='ocrx_word' id='word_1_456' title='bbox 3058 2352 3304 2407; x_wconf 80' lang='lat' dir='ltr'>effectus</span> <span class='ocrx_word' id='word_1_457' title='bbox 3336 2358 3444 2427; x_wconf 87' lang='lat' dir='ltr'>est,</span> <span class='ocrx_word' id='word_1_458' title='bbox 3477 2352 3693 2408; x_wconf 90' lang='lat' dir='ltr'>dehinc</span> 
     </span>
    </p>
   </div>
   <div class='ocr_carea' id='block_1_67' title="bbox 2036 2436 3690 2513">
    <p class='ocr_par' dir='ltr' id='par_1_67' title="bbox 2036 2436 3690 2513">
     <span class='ocr_line' id='line_1_67' title="bbox 2036 2436 3690 2513; baseline 0.003 -20"><span class='ocrx_word' id='word_1_459' title='bbox 2036 2440 2108 2473; x_wconf 59' lang='grc'>’⁵⁸⁸</span> <span class='ocrx_word' id='word_1_460' title='bbox 2141 2438 2498 2513; x_wconf 89' lang='lat' dir='ltr'>procedente</span> <span class='ocrx_word' id='word_1_461' title='bbox 2550 2443 2820 2509; x_wconf 91' lang='lat' dir='ltr'>tempore</span> <span class='ocrx_word' id='word_1_462' title='bbox 2873 2436 2948 2493; x_wconf 89' lang='lat' dir='ltr'>ad</span> <span class='ocrx_word' id='word_1_463' title='bbox 2998 2439 3351 2496; x_wconf 88' lang='lat' dir='ltr'>diaconatus</span> <span class='ocrx_word' id='word_1_464' title='bbox 3404 2437 3690 2510; x_wconf 69' lang='lat' dir='ltr'>omcium,</span> 
     </span>
    </p>
   </div>
   <div class='ocr_carea' id='block_1_68' title="bbox 2034 2524 3692 2605">
    <p class='ocr_par' dir='ltr' id='par_1_68' title="bbox 2034 2524 3692 2605">
     <span class='ocr_line' id='line_1_68' title="bbox 2034 2524 3692 2605; baseline 0.001 -24"><span class='ocrx_word' id='word_1_465' title='bbox 2034 2526 2317 2599; x_wconf 87' lang='lat' dir='ltr'>quamvis</span> <span class='ocrx_word' id='word_1_466' title='bbox 2345 2524 2565 2580; x_wconf 91' lang='lat' dir='ltr'>invitus</span> <span class='ocrx_word' id='word_1_467' title='bbox 2588 2530 2779 2597; x_wconf 77' lang='lat' dir='ltr'>atque</span> <span class='ocrx_word' id='word_1_468' title='bbox 2800 2530 3062 2593; x_wconf 91' lang='lat' dir='ltr'>coactus,</span> <span class='ocrx_word' id='word_1_469' title='bbox 3095 2527 3155 2581; x_wconf 89' lang='lat' dir='ltr'>in</span> <span class='ocrx_word' id='word_1_470' title='bbox 3186 2528 3501 2605; x_wconf 68' lang='lat' dir='ltr'>praesentia</span> <span class='ocrx_word' id='word_1_471' title='bbox 3530 2528 3692 2599; x_wconf 80' lang='lat' dir='ltr'>geni-</span> 
     </span>
    </p>
   </div>
   <div class='ocr_carea' id='block_1_69' title="bbox 2038 2612 3690 2688">
    <p class='ocr_par' dir='ltr' id='par_1_69' title="bbox 2038 2612 3690 2688">
     <span class='ocr_line' id='line_1_69' title="bbox 2038 2612 3690 2688; baseline 0.001 -17"><span class='ocrx_word' id='word_1_472' title='bbox 2038 2621 2179 2671; x_wconf 76' lang='lat' dir='ltr'>toris</span> <span class='ocrx_word' id='word_1_473' title='bbox 2205 2614 2515 2671; x_wconf 91' lang='lat' dir='ltr'>ordinatus</span> <span class='ocrx_word' id='word_1_474' title='bbox 2539 2618 2645 2681; x_wconf 91' lang='lat' dir='ltr'>est,</span> <span class='ocrx_word' id='word_1_475' title='bbox 2678 2612 2939 2687; x_wconf 87' lang='lat' dir='ltr'>legitque</span> <span class='ocrx_word' id='word_1_476' title='bbox 2997 2614 3234 2688; x_wconf 91' lang='lat' dir='ltr'>publice</span> <span class='ocrx_word' id='word_1_477' title='bbox 3291 2617 3690 2687; x_wconf 84' lang='lat' dir='ltr'>evangelium,</span> 
     </span>
    </p>
   </div>
   <div class='ocr_carea' id='block_1_70' title="bbox 2035 2702 3697 2777">
    <p class='ocr_par' dir='ltr' id='par_1_70' title="bbox 2035 2702 3697 2777">
     <span class='ocr_line' id='line_1_70' title="bbox 2035 2702 3697 2777; baseline -0.001 -16"><span class='ocrx_word' id='word_1_478' title='bbox 2035 2710 2092 2761; x_wconf 91' lang='lat' dir='ltr'>et</span> <span class='ocrx_word' id='word_1_479' title='bbox 2123 2703 2386 2777; x_wconf 78' lang='lat' dir='ltr'>pontifici</span> <span class='ocrx_word' id='word_1_480' title='bbox 2412 2702 2661 2758; x_wconf 89' lang='lat' dir='ltr'>missam</span> <span class='ocrx_word' id='word_1_481' title='bbox 2690 2702 3013 2759; x_wconf 90' lang='lat' dir='ltr'>celebranti</span> <span class='ocrx_word' id='word_1_482' title='bbox 3041 2704 3215 2777; x_wconf 87' lang='lat' dir='ltr'>juxta</span> <span class='ocrx_word' id='word_1_483' title='bbox 3240 2721 3469 2761; x_wconf 88' lang='lat' dir='ltr'>morem</span> <span class='ocrx_word' id='word_1_484' title='bbox 3491 2704 3697 2763; x_wconf 85' lang='lat' dir='ltr'>minis-</span> 
     </span>
    </p>
   </div>
   <div class='ocr_carea' id='block_1_71' title="bbox 2035 2790 3694 2864">
    <p class='ocr_par' dir='ltr' id='par_1_71' title="bbox 2035 2790 3694 2864">
     <span class='ocr_line' id='line_1_71' title="bbox 2035 2790 3694 2864; baseline -0.001 -15"><span class='ocrx_word' id='word_1_485' title='bbox 2035 2793 2225 2849; x_wconf 88' lang='lat' dir='ltr'>travit.</span> <span class='ocrx_word' id='word_1_486' title='bbox 2258 2795 2393 2847; x_wconf 83' lang='lat' dir='ltr'>Post</span> <span class='ocrx_word' id='word_1_487' title='bbox 2421 2791 2549 2846; x_wconf 80' lang='lat' dir='ltr'>haec</span> <span class='ocrx_word' id='word_1_488' title='bbox 2582 2806 2688 2864; x_wconf 90' lang='lat' dir='ltr'>per</span> <span class='ocrx_word' id='word_1_489' title='bbox 2706 2790 3079 2863; x_wconf 85' lang='lat' dir='ltr'>apostasiam</span> <span class='ocrx_word' id='word_1_490' title='bbox 3104 2792 3390 2848; x_wconf 88' lang='lat' dir='ltr'>recedens</span> <span class='ocrx_word' id='word_1_491' title='bbox 3411 2793 3490 2849; x_wconf 90' lang='lat' dir='ltr'>ab</span> <span class='ocrx_word' id='word_1_492' title='bbox 3507 2792 3694 2848; x_wconf 85' lang='lat' dir='ltr'>eccle-</span> 
     </span>
    </p>
   </div>
   <div class='ocr_carea' id='block_1_72' title="bbox 2034 2879 3695 2953">
    <p class='ocr_par' dir='ltr' id='par_1_72' title="bbox 2034 2879 3695 2953">
     <span class='ocr_line' id='line_1_72' title="bbox 2034 2879 3695 2953; baseline 0 -16"><span class='ocrx_word' id='word_1_493' title='bbox 2034 2882 2272 2937; x_wconf 91' lang='lat' dir='ltr'>siastica</span> <span class='ocrx_word' id='word_1_494' title='bbox 2301 2879 2606 2953; x_wconf 86' lang='lat' dir='ltr'>religione,</span> <span class='ocrx_word' id='word_1_495' title='bbox 2640 2879 2905 2936; x_wconf 89' lang='lat' dir='ltr'>abiciens</span> <span class='ocrx_word' id='word_1_496' title='bbox 2934 2895 3004 2937; x_wconf 88' lang='lat' dir='ltr'>ac</span> <span class='ocrx_word' id='word_1_497' title='bbox 3036 2896 3325 2953; x_wconf 87' lang='lat' dir='ltr'>spernens</span> <span class='ocrx_word' id='word_1_498' title='bbox 3387 2882 3456 2917; x_wconf 67' lang='grc'>⁸³⁵</span> <span class='ocrx_word' id='word_1_499' title='bbox 3506 2881 3695 2951; x_wconf 84' lang='lat' dir='ltr'>negli-</span> 
     </span>
    </p>
   </div>
   <div class='ocr_carea' id='block_1_73' title="bbox 2033 2967 3694 3044">
    <p class='ocr_par' dir='ltr' id='par_1_73' title="bbox 2033 2967 3694 3044">
     <span class='ocr_line' id='line_1_73' title="bbox 2033 2967 3694 3044; baseline 0.001 -18"><span class='ocrx_word' id='word_1_500' title='bbox 2033 2974 2237 3042; x_wconf 89' lang='lat' dir='ltr'>genter</span> <span class='ocrx_word' id='word_1_501' title='bbox 2263 2969 2513 3041; x_wconf 88' lang='lat' dir='ltr'>gratiam</span> <span class='ocrx_word' id='word_1_502' title='bbox 2546 2984 2679 3042; x_wconf 82' lang='lat' dir='ltr'>quae</span> <span class='ocrx_word' id='word_1_503' title='bbox 2713 2967 2766 3023; x_wconf 91' lang='lat' dir='ltr'>ei</span> <span class='ocrx_word' id='word_1_504' title='bbox 2796 2967 2940 3025; x_wconf 87' lang='lat' dir='ltr'>data</span> <span class='ocrx_word' id='word_1_505' title='bbox 2964 2975 3089 3025; x_wconf 89' lang='lat' dir='ltr'>erat</span> <span class='ocrx_word' id='word_1_506' title='bbox 3114 2986 3221 3044; x_wconf 89' lang='lat' dir='ltr'>per</span> <span class='ocrx_word' id='word_1_507' title='bbox 3247 2970 3463 3043; x_wconf 88' lang='lat' dir='ltr'>imposi</span> <span class='ocrx_word' id='word_1_508' title='bbox 3474 2970 3694 3027; x_wconf 89' lang='lat' dir='ltr'>tionem</span> 
     </span>
    </p>
   </div>
   <div class='ocr_carea' id='block_1_74' title="bbox 2033 3055 3693 3136">
    <p class='ocr_par' dir='ltr' id='par_1_74' title="bbox 2033 3055 3693 3136">
     <span class='ocr_line' id='line_1_74' title="bbox 2033 3055 3693 3136; baseline 0.001 -20"><span class='ocrx_word' id='word_1_509' title='bbox 2033 3077 2270 3125; x_wconf 88' lang='lat' dir='ltr'>manus,</span> <span class='ocrx_word' id='word_1_510' title='bbox 2303 3058 2449 3114; x_wconf 89' lang='lat' dir='ltr'>alter</span> <span class='ocrx_word' id='word_1_511' title='bbox 2506 3056 2776 3113; x_wconf 82' lang='lat' dir='ltr'>Julianus</span> <span class='ocrx_word' id='word_1_512' title='bbox 2833 3055 3101 3114; x_wconf 80' lang='lat' dir='ltr'>eﬂlcitur.</span> <span class='ocrx_word' id='word_1_513' title='bbox 3158 3058 3413 3116; x_wconf 89' lang='lat' dir='ltr'>Collecta</span> <span class='ocrx_word' id='word_1_514' title='bbox 3466 3061 3693 3136; x_wconf 81' lang='lat' dir='ltr'>quippe</span> 
     </span>
    </p>
   </div>
   <div class='ocr_carea' id='block_1_75' title="bbox 2032 3146 3693 3223">
    <p class='ocr_par' dir='ltr' id='par_1_75' title="bbox 2032 3146 3693 3223">
     <span class='ocr_line' id='line_1_75' title="bbox 2032 3146 3693 3223; baseline 0 -18"><span class='ocrx_word' id='word_1_515' title='bbox 2032 3148 2386 3223; x_wconf 74' lang='lat' dir='ltr'>praedonum</span> <span class='ocrx_word' id='word_1_516' title='bbox 2415 3162 2538 3202; x_wconf 90' lang='lat' dir='ltr'>non</span> <span class='ocrx_word' id='word_1_517' title='bbox 2568 3146 2905 3202; x_wconf 89' lang='lat' dir='ltr'>modicatur</span> <span class='ocrx_word' id='word_1_518' title='bbox 2930 3146 3127 3219; x_wconf 84' lang='lat' dir='ltr'>turba,</span> <span class='ocrx_word' id='word_1_519' title='bbox 3158 3147 3440 3205; x_wconf 87' lang='lat' dir='ltr'>ecclesias</span> <span class='ocrx_word' id='word_1_520' title='bbox 3456 3149 3557 3205; x_wconf 90' lang='lat' dir='ltr'>Dei</span> <span class='ocrx_word' id='word_1_521' title='bbox 3580 3167 3693 3205; x_wconf 79' lang='lat' dir='ltr'>coe-</span> 
     </span>
    </p>
   </div>
   <div class='ocr_carea' id='block_1_76' title="bbox 2034 3234 3691 3311">
    <p class='ocr_par' dir='ltr' id='par_1_76' title="bbox 2034 3234 3691 3311">
     <span class='ocr_line' id='line_1_76' title="bbox 2034 3234 3691 3311; baseline -0.001 -18"><span class='ocrx_word' id='word_1_522' title='bbox 2034 3237 2119 3310; x_wconf 87' lang='lat' dir='ltr'>pit</span> <span class='ocrx_word' id='word_1_523' title='bbox 2146 3238 2479 3304; x_wconf 87' lang='lat' dir='ltr'>devastare,</span> <span class='ocrx_word' id='word_1_524' title='bbox 2512 3251 2583 3289; x_wconf 87' lang='lat' dir='ltr'>ea</span> <span class='ocrx_word' id='word_1_525' title='bbox 2611 3250 2733 3307; x_wconf 90' lang='lat' dir='ltr'>qua</span> <span class='ocrx_word' id='word_1_526' title='bbox 2764 3234 2930 3308; x_wconf 90' lang='lat' dir='ltr'>pacis</span> <span class='ocrx_word' id='word_1_527' title='bbox 2964 3239 3105 3290; x_wconf 88' lang='lat' dir='ltr'>sunt</span> <span class='ocrx_word' id='word_1_528' title='bbox 3128 3235 3506 3311; x_wconf 89' lang='lat' dir='ltr'>impugnare,</span> <span class='ocrx_word' id='word_1_529' title='bbox 3546 3252 3691 3291; x_wconf 89' lang='lat' dir='ltr'>cun-</span> 
     </span>
    </p>
   </div>
   <div class='ocr_carea' id='block_1_77' title="bbox 2034 3322 3690 3401">
    <p class='ocr_par' dir='ltr' id='par_1_77' title="bbox 2034 3322 3690 3401">
     <span class='ocr_line' id='line_1_77' title="bbox 2034 3322 3690 3401; baseline -0.001 -20"><span class='ocrx_word' id='word_1_530' title='bbox 2034 3331 2127 3381; x_wconf 86' lang='lat' dir='ltr'>cta</span> <span class='ocrx_word' id='word_1_531' title='bbox 2147 3324 2421 3397; x_wconf 91' lang='lat' dir='ltr'>diripere,</span> <span class='ocrx_word' id='word_1_532' title='bbox 2448 3329 2504 3378; x_wconf 92' lang='lat' dir='ltr'>et</span> <span class='ocrx_word' id='word_1_533' title='bbox 2533 3322 2800 3378; x_wconf 87' lang='lat' dir='ltr'>inaudita</span> <span class='ocrx_word' id='word_1_534' title='bbox 2828 3322 2990 3378; x_wconf 91' lang='lat' dir='ltr'>mala</span> <span class='ocrx_word' id='word_1_535' title='bbox 3016 3328 3357 3395; x_wconf 85' lang='lat' dir='ltr'>perpetrare</span> <span class='ocrx_word' id='word_1_536' title='bbox 3392 3341 3405 3389; x_wconf 85' lang='lat'><strong>;</strong></span> <span class='ocrx_word' id='word_1_537' title='bbox 3431 3339 3541 3397; x_wconf 90' lang='lat' dir='ltr'>pro</span> <span class='ocrx_word' id='word_1_538' title='bbox 3558 3323 3690 3401; x_wconf 88' lang='lat' dir='ltr'>qui-</span> 
     </span>
    </p>
   </div>
   <div class='ocr_carea' id='block_1_78' title="bbox 2031 3411 3694 3487">
    <p class='ocr_par' dir='ltr' id='par_1_78' title="bbox 2031 3411 3694 3487">
     <span class='ocr_line' id='line_1_78' title="bbox 2031 3411 3694 3487; baseline -0.002 -16"><span class='ocrx_word' id='word_1_539' title='bbox 2031 3414 2146 3471; x_wconf 90' lang='lat' dir='ltr'>bus</span> <span class='ocrx_word' id='word_1_540' title='bbox 2177 3431 2317 3470; x_wconf 90' lang='lat' dir='ltr'>cum</span> <span class='ocrx_word' id='word_1_541' title='bbox 2338 3412 2548 3468; x_wconf 89' lang='lat' dir='ltr'>crebro</span> <span class='ocrx_word' id='word_1_542' title='bbox 2579 3426 2615 3466; x_wconf 89' lang='lat' dir='ltr'>a</span> <span class='ocrx_word' id='word_1_543' title='bbox 2639 3416 2808 3483; x_wconf 88' lang='lat' dir='ltr'>patre</span> <span class='ocrx_word' id='word_1_544' title='bbox 2837 3416 3145 3487; x_wconf 90' lang='lat' dir='ltr'>correptus</span> <span class='ocrx_word' id='word_1_545' title='bbox 3167 3411 3395 3479; x_wconf 82' lang='lat' dir='ltr'>fuisset,</span> <span class='ocrx_word' id='word_1_546' title='bbox 3447 3427 3558 3468; x_wconf 90' lang='lat' dir='ltr'>nec</span> <span class='ocrx_word' id='word_1_547' title='bbox 3610 3417 3694 3468; x_wconf 89' lang='lat' dir='ltr'>ta-</span> 
     </span>
    </p>
   </div>
   <div class='ocr_carea' id='block_1_79' title="bbox 2033 3501 3692 3575">
    <p class='ocr_par' dir='ltr' id='par_1_79' title="bbox 2033 3501 3692 3575">
     <span class='ocr_line' id='line_1_79' title="bbox 2033 3501 3692 3575; baseline -0.001 -16"><span class='ocrx_word' id='word_1_548' title='bbox 2033 3519 2173 3559; x_wconf 89' lang='lat' dir='ltr'>men</span> <span class='ocrx_word' id='word_1_549' title='bbox 2202 3503 2499 3559; x_wconf 89' lang='lat' dir='ltr'>ullatenus</span> <span class='ocrx_word' id='word_1_550' title='bbox 2526 3517 2563 3557; x_wconf 89' lang='lat' dir='ltr'>a</span> <span class='ocrx_word' id='word_1_551' title='bbox 2591 3504 2789 3575; x_wconf 74' lang='lat' dir='ltr'>coepta</span> <span class='ocrx_word' id='word_1_552' title='bbox 2813 3501 3101 3574; x_wconf 88' lang='lat' dir='ltr'>pravitate</span> <span class='ocrx_word' id='word_1_553' title='bbox 3154 3501 3226 3535; x_wconf 75' lang='grc'>⁵³⁸</span> <span class='ocrx_word' id='word_1_554' title='bbox 3257 3506 3533 3567; x_wconf 88' lang='lat' dir='ltr'>cessaret,</span> <span class='ocrx_word' id='word_1_555' title='bbox 3584 3517 3692 3557; x_wconf 86' lang='lat' dir='ltr'>no-</span> 
     </span>
    </p>
   </div>
   <div class='ocr_carea' id='block_1_80' title="bbox 2030 3586 3696 3664">
    <p class='ocr_par' dir='ltr' id='par_1_80' title="bbox 2030 3586 3696 3664">
     <span class='ocr_line' id='line_1_80' title="bbox 2030 3586 3696 3664; baseline -0.004 -15"><span class='ocrx_word' id='word_1_556' title='bbox 2030 3593 2269 3649; x_wconf 90' lang='lat' dir='ltr'>vissime</span> <span class='ocrx_word' id='word_1_557' title='bbox 2297 3608 2370 3646; x_wconf 89' lang='lat' dir='ltr'>ex</span> <span class='ocrx_word' id='word_1_558' title='bbox 2400 3592 2701 3664; x_wconf 63' lang='lat' dir='ltr'>praecepto</span> <span class='ocrx_word' id='word_1_559' title='bbox 2733 3587 2919 3659; x_wconf 86' lang='lat' dir='ltr'>patris</span> <span class='ocrx_word' id='word_1_560' title='bbox 2950 3587 3003 3641; x_wconf 88' lang='lat' dir='ltr'>ei</span> <span class='ocrx_word' id='word_1_561' title='bbox 3028 3586 3186 3642; x_wconf 80' lang='lat' dir='ltr'>oculi</span> <span class='ocrx_word' id='word_1_562' title='bbox 3207 3593 3497 3644; x_wconf 89' lang='lat' dir='ltr'>eruuntur</span> <span class='ocrx_word' id='word_1_563' title='bbox 3518 3590 3610 3655; x_wconf 57' lang='grc'>⁸³⁷,</span> <span class='ocrx_word' id='word_1_564' title='bbox 3627 3592 3696 3642; x_wconf 91' lang='lat' dir='ltr'>ut</span> 
     </span>
    </p>
   </div>
   <div class='ocr_carea' id='block_1_81' title="bbox 2036 3674 3693 3753">
    <p class='ocr_par' dir='ltr' id='par_1_81' title="bbox 2036 3674 3693 3753">
     <span class='ocr_line' id='line_1_81' title="bbox 2036 3674 3693 3753; baseline -0.004 -17"><span class='ocrx_word' id='word_1_565' title='bbox 2036 3698 2219 3753; x_wconf 86' lang='lat' dir='ltr'>supra</span> <span class='ocrx_word' id='word_1_566' title='bbox 2247 3677 2635 3734; x_wconf 86' lang='lat' dir='ltr'>meminimus</span> <span class='ocrx_word' id='word_1_567' title='bbox 2668 3690 2683 3740; x_wconf 77' lang='lat'>&#39;,</span> <span class='ocrx_word' id='word_1_568' title='bbox 2712 3674 2878 3744; x_wconf 81' lang='lat' dir='ltr'>justo</span> <span class='ocrx_word' id='word_1_569' title='bbox 2905 3675 3005 3729; x_wconf 90' lang='lat' dir='ltr'>Dei</span> <span class='ocrx_word' id='word_1_570' title='bbox 3021 3674 3249 3744; x_wconf 87' lang='lat' dir='ltr'>judicio</span> <span class='ocrx_word' id='word_1_571' title='bbox 3286 3674 3483 3729; x_wconf 91' lang='lat' dir='ltr'>lucem</span> <span class='ocrx_word' id='word_1_572' title='bbox 3535 3678 3693 3729; x_wconf 84' lang='lat' dir='ltr'>exte-</span> 
     </span>
    </p>
   </div>
   <div class='ocr_carea' id='block_1_82' title="bbox 2034 3759 3695 3835">
    <p class='ocr_par' dir='ltr' id='par_1_82' title="bbox 2034 3759 3695 3835">
     <span class='ocr_line' id='line_1_82' title="bbox 2034 3759 3695 3835; baseline -0.005 -12"><span class='ocrx_word' id='word_1_573' title='bbox 2034 3769 2253 3823; x_wconf 88' lang='lat' dir='ltr'>riorem</span> <span class='ocrx_word' id='word_1_574' title='bbox 2283 3764 2582 3826; x_wconf 89' lang='lat' dir='ltr'>amittens,</span> <span class='ocrx_word' id='word_1_575' title='bbox 2617 3761 2721 3832; x_wconf 85' lang='lat' dir='ltr'>qui</span> <span class='ocrx_word' id='word_1_576' title='bbox 2750 3759 3112 3828; x_wconf 89' lang='lat' dir='ltr'>interiorem,</span> <span class='ocrx_word' id='word_1_577' title='bbox 3140 3774 3275 3835; x_wconf 72' lang='lat' dir='ltr'>quae</span> <span class='ocrx_word' id='word_1_578' title='bbox 3304 3759 3567 3815; x_wconf 89' lang='lat' dir='ltr'>Christus</span> <span class='ocrx_word' id='word_1_579' title='bbox 3588 3766 3695 3828; x_wconf 87' lang='lat' dir='ltr'>est,</span> 
     </span>
    </p>
   </div>
   <div class='ocr_carea' id='block_1_83' title="bbox 2038 3846 3698 3929">
    <p class='ocr_par' dir='ltr' id='par_1_83' title="bbox 2038 3846 3698 3929">
     <span class='ocr_line' id='line_1_83' title="bbox 2038 3846 3698 3929; baseline -0.004 -17"><span class='ocrx_word' id='word_1_580' title='bbox 2038 3874 2075 3913; x_wconf 93' lang='lat' dir='ltr'>a</span> <span class='ocrx_word' id='word_1_581' title='bbox 2105 3870 2214 3910; x_wconf 92' lang='lat' dir='ltr'>suo</span> <span class='ocrx_word' id='word_1_582' title='bbox 2239 3856 2477 3929; x_wconf 91' lang='lat' dir='ltr'>pectore</span> <span class='ocrx_word' id='word_1_583' title='bbox 2499 3848 2885 3921; x_wconf 77' lang='lat' dir='ltr'>eifugaverat,</span> <span class='ocrx_word' id='word_1_584' title='bbox 2940 3846 3000 3904; x_wconf 88' lang='lat' dir='ltr'>in</span> <span class='ocrx_word' id='word_1_585' title='bbox 3059 3848 3335 3907; x_wconf 88' lang='lat' dir='ltr'>tenebras</span> <span class='ocrx_word' id='word_1_586' title='bbox 3379 3849 3698 3907; x_wconf 88' lang='lat' dir='ltr'>exteriores</span> 
     </span>
    </p>
   </div>
   <div class='ocr_carea' id='block_1_84' title="bbox 2038 3936 3698 4015">
    <p class='ocr_par' dir='ltr' id='par_1_84' title="bbox 2038 3936 3698 4015">
     <span class='ocr_line' id='line_1_84' title="bbox 2038 3936 3698 4015; baseline -0.002 -14"><span class='ocrx_word' id='word_1_587' title='bbox 2038 3945 2277 4009; x_wconf 90' lang='lat' dir='ltr'>missus,</span> <span class='ocrx_word' id='word_1_588' title='bbox 2306 3940 2413 4015; x_wconf 90' lang='lat' dir='ltr'>qui</span> <span class='ocrx_word' id='word_1_589' title='bbox 2440 3936 2821 3995; x_wconf 88' lang='lat' dir='ltr'>interioribus</span> <span class='ocrx_word' id='word_1_590' title='bbox 2850 3953 2960 3995; x_wconf 92' lang='lat' dir='ltr'>sua</span> <span class='ocrx_word' id='word_1_591' title='bbox 2993 3942 3205 4013; x_wconf 88' lang='lat' dir='ltr'>sponte</span> <span class='ocrx_word' id='word_1_592' title='bbox 3263 3955 3324 3995; x_wconf 90' lang='lat' dir='ltr'>se</span> <span class='ocrx_word' id='word_1_593' title='bbox 3372 3937 3698 3997; x_wconf 87' lang='lat' dir='ltr'>tradiderat</span> 
     </span>
    </p>
   </div>
   <div class='ocr_carea' id='block_1_85' title="bbox 2040 4026 3695 4102">
    <p class='ocr_par' dir='ltr' id='par_1_85' title="bbox 2040 4026 3695 4102">
     <span class='ocr_line' id='line_1_85' title="bbox 2040 4026 3695 4102; baseline -0.002 -12"><span class='ocrx_word' id='word_1_594' title='bbox 2040 4035 2133 4091; x_wconf 63' lang='grc'>⁸³⁸.</span> <span class='ocrx_word' id='word_1_595' title='bbox 2168 4031 2423 4090; x_wconf 89' lang='lat' dir='ltr'>Orbatus</span> <span class='ocrx_word' id='word_1_596' title='bbox 2481 4028 2555 4064; x_wconf 66' lang='lat'>‘9’</span> <span class='ocrx_word' id='word_1_597' title='bbox 2601 4026 2803 4102; x_wconf 89' lang='lat' dir='ltr'>itaque</span> <span class='ocrx_word' id='word_1_598' title='bbox 2858 4026 3278 4089; x_wconf 84' lang='lat' dir='ltr'>Hludowicum</span> <span class='ocrx_word' id='word_1_599' title='bbox 3325 4028 3695 4087; x_wconf 87' lang='lat' dir='ltr'>avunculum</span> 
     </span>
    </p>
   </div>
   <div class='ocr_carea' id='block_1_86' title="bbox 2038 4117 3693 4201">
    <p class='ocr_par' dir='ltr' id='par_1_86' title="bbox 2038 4117 3693 4201">
     <span class='ocr_line' id='line_1_86' title="bbox 2038 4117 3693 4201; baseline -0.005 -19"><span class='ocrx_word' id='word_1_600' title='bbox 2038 4128 2342 4201; x_wconf 87' lang='lat' dir='ltr'>[patruum</span> <span class='ocrx_word' id='word_1_601' title='bbox 2392 4122 2446 4193; x_wconf 70' lang='grc'>4,</span> <span class='ocrx_word' id='word_1_602' title='bbox 2497 4117 2657 4189; x_wconf 79' lang='grc'><strong>7-12]</strong></span> <span class='ocrx_word' id='word_1_603' title='bbox 2712 4133 2889 4174; x_wconf 90' lang='lat' dir='ltr'>suum</span> <span class='ocrx_word' id='word_1_604' title='bbox 2938 4117 3105 4193; x_wconf 84' lang='lat' dir='ltr'>adiit,</span> <span class='ocrx_word' id='word_1_605' title='bbox 3186 4118 3568 4176; x_wconf 88' lang='lat' dir='ltr'>miseriarum</span> <span class='ocrx_word' id='word_1_606' title='bbox 3619 4120 3693 4155; x_wconf 75' lang='lat'><strong>“0</strong></span> 
     </span>
    </p>
   </div>
   <div class='ocr_carea' id='block_1_87' title="bbox 1628 4267 2320 4331">
    <p class='ocr_par' dir='ltr' id='par_1_87' title="bbox 1628 4267 2320 4331">
     <span class='ocr_line' id='line_1_87' title="bbox 1628 4267 2320 4331; baseline -0.009 -4"><span class='ocrx_word' id='word_1_607' title='bbox 1628 4274 1878 4329; x_wconf 73' lang='lat' dir='ltr'><strong>VARLE</strong></span> <span class='ocrx_word' id='word_1_608' title='bbox 1917 4270 2209 4331; x_wconf 86' lang='lat' dir='ltr'>LECTION</span> <span class='ocrx_word' id='word_1_609' title='bbox 2217 4267 2320 4323; x_wconf 83' lang='lat' dir='ltr'>ES.</span> 
     </span>
    </p>
   </div>
   <div class='ocr_carea' id='block_1_88' title="bbox 339 4385 3693 4453">
    <p class='ocr_par' dir='ltr' id='par_1_88' title="bbox 339 4385 3693 4453">
     <span class='ocr_line' id='line_1_88' title="bbox 339 4385 3693 4453; baseline -0.003 -3"><span class='ocrx_word' id='word_1_610' title='bbox 339 4396 412 4429; x_wconf 71' lang='grc'>⁸⁰⁶</span> <span class='ocrx_word' id='word_1_611' title='bbox 443 4393 804 4452; x_wconf 87' lang='lat' dir='ltr'>adalfridum</span> <span class='ocrx_word' id='word_1_612' title='bbox 834 4401 885 4450; x_wconf 98' lang='lat'>7.</span> <span class='ocrx_word' id='word_1_613' title='bbox 968 4395 1038 4430; x_wconf 76' lang='lat'>“’7</span> <span class='ocrx_word' id='word_1_614' title='bbox 1068 4395 1143 4451; x_wconf 88' lang='lat' dir='ltr'>de</span> <span class='ocrx_word' id='word_1_615' title='bbox 1171 4394 1421 4452; x_wconf 86' lang='lat' dir='ltr'>saxonia</span> <span class='ocrx_word' id='word_1_616' title='bbox 1445 4392 1672 4452; x_wconf 88' lang='lat' dir='ltr'>hildem</span> <span class='ocrx_word' id='word_1_617' title='bbox 1692 4395 2043 4453; x_wconf 89' lang='lat' dir='ltr'>hemensem</span> <span class='ocrx_word' id='word_1_618' title='bbox 2074 4392 2204 4450; x_wconf 86' lang='lat' dir='ltr'>cod.</span> <span class='ocrx_word' id='word_1_619' title='bbox 2238 4391 2302 4445; x_wconf 90' lang='lat' dir='ltr'>S.</span> <span class='ocrx_word' id='word_1_620' title='bbox 2326 4387 2547 4443; x_wconf 85' lang='lat' dir='ltr'>Godeh.</span> <span class='ocrx_word' id='word_1_621' title='bbox 2628 4388 2699 4422; x_wconf 71' lang='grc'>⁵0⁸</span> <span class='ocrx_word' id='word_1_622' title='bbox 2727 4385 3056 4444; x_wconf 87' lang='lat' dir='ltr'>discederet</span> <span class='ocrx_word' id='word_1_623' title='bbox 3083 4390 3188 4442; x_wconf 91' lang='lat' dir='ltr'>aut</span> <span class='ocrx_word' id='word_1_624' title='bbox 3207 4391 3236 4440; x_wconf 88' lang='lat'><strong>7</strong></span> <span class='ocrx_word' id='word_1_625' title='bbox 3271 4419 3339 4427; x_wconf 89' lang='lat'><strong><em>—</em></strong></span> <span class='ocrx_word' id='word_1_626' title='bbox 3372 4391 3457 4443; x_wconf 79' lang='grc'><strong>12.</strong></span> <span class='ocrx_word' id='word_1_627' title='bbox 3491 4387 3579 4443; x_wconf 81' lang='lat' dir='ltr'>ita</span> <span class='ocrx_word' id='word_1_628' title='bbox 3638 4394 3693 4443; x_wconf 84' lang='lat' dir='ltr'>et</span> 
     </span>
    </p>
   </div>
   <div class='ocr_carea' id='block_1_89' title="bbox 263 4465 2267 4538">
    <p class='ocr_par' dir='ltr' id='par_1_89' title="bbox 263 4465 2267 4538">
     <span class='ocr_line' id='line_1_89' title="bbox 263 4465 2267 4538; baseline -0.002 -17"><span class='ocrx_word' id='word_1_629' title='bbox 263 4467 456 4523; x_wconf 69' lang='lat' dir='ltr'>codex</span> <span class='ocrx_word' id='word_1_630' title='bbox 485 4467 747 4538; x_wconf 80' lang='lat' dir='ltr'>Frising.</span> <span class='ocrx_word' id='word_1_631' title='bbox 781 4467 861 4536; x_wconf 84' lang='lat' dir='ltr'>cf.</span> <span class='ocrx_word' id='word_1_632' title='bbox 895 4468 1101 4523; x_wconf 79' lang='lat' dir='ltr'>Aretin</span> <span class='ocrx_word' id='word_1_633' title='bbox 1133 4468 1415 4538; x_wconf 81' lang='lat' dir='ltr'>Beitrage</span> <span class='ocrx_word' id='word_1_634' title='bbox 1442 4484 1494 4524; x_wconf 79' lang='lat' dir='ltr'>z.</span> <span class='ocrx_word' id='word_1_635' title='bbox 1520 4467 1726 4524; x_wconf 84' lang='lat' dir='ltr'>Gesch.</span> <span class='ocrx_word' id='word_1_636' title='bbox 1759 4483 1816 4521; x_wconf 77' lang='grc' dir='ltr'>ιι.</span> <span class='ocrx_word' id='word_1_637' title='bbox 1849 4469 1968 4523; x_wconf 82' lang='lat' dir='ltr'>Lit.</span> <span class='ocrx_word' id='word_1_638' title='bbox 1993 4465 2108 4522; x_wconf 85' lang='lat' dir='ltr'>Bd.</span> <span class='ocrx_word' id='word_1_639' title='bbox 2140 4469 2195 4538; x_wconf 89' lang='lat'>7.</span> <span class='ocrx_word' id='word_1_640' title='bbox 2223 4476 2267 4538; x_wconf 68' lang='grc' dir='ltr'><em>Ρ</em></span> 
     </span>
    </p>
   </div>
   <div class='ocr_carea' id='block_1_90' title="bbox 2276 4458 3692 4515">
    <p class='ocr_par' dir='ltr' id='par_1_90' title="bbox 2276 4458 3692 4515">
     <span class='ocr_line' id='line_1_90' title="bbox 2276 4458 3692 4515; baseline -0.003 0"><span class='ocrx_word' id='word_1_641' title='bbox 2276 4503 2287 4515; x_wconf 96' lang='grc'>.</span> <span class='ocrx_word' id='word_1_642' title='bbox 2318 4463 2445 4515; x_wconf 73' lang='grc'>240.</span> <span class='ocrx_word' id='word_1_643' title='bbox 2486 4459 2557 4494; x_wconf 67' lang='lat'>&quot;’9</span> <span class='ocrx_word' id='word_1_644' title='bbox 2589 4460 2738 4514; x_wconf 79' lang='lat' dir='ltr'>armi</span> <span class='ocrx_word' id='word_1_645' title='bbox 2765 4473 3047 4513; x_wconf 85' lang='lat' dir='ltr'>numerus</span> <span class='ocrx_word' id='word_1_646' title='bbox 3078 4460 3173 4511; x_wconf 82' lang='grc'><strong>871</strong></span> <span class='ocrx_word' id='word_1_647' title='bbox 3213 4458 3277 4510; x_wconf 81' lang='lat' dir='ltr'>in</span> <span class='ocrx_word' id='word_1_648' title='bbox 3313 4458 3441 4513; x_wconf 85' lang='lat' dir='ltr'>cod.</span> <span class='ocrx_word' id='word_1_649' title='bbox 3481 4459 3544 4513; x_wconf 89' lang='lat' dir='ltr'>S.</span> <span class='ocrx_word' id='word_1_650' title='bbox 3578 4459 3692 4513; x_wconf 80' lang='lat' dir='ltr'>Go-</span> 
     </span>
    </p>
   </div>
   <div class='ocr_carea' id='block_1_91' title="bbox 263 4526 3692 4617">
    <p class='ocr_par' dir='ltr' id='par_1_91' title="bbox 263 4526 3692 4617">
     <span class='ocr_line' id='line_1_91' title="bbox 263 4526 3692 4617; baseline 0 0"><span class='ocrx_word' id='word_1_651' title='bbox 263 4538 578 4617; x_wconf 61' lang='lat' dir='ltr'>de’eqrdz&#39;</span> <span class='ocrx_word' id='word_1_652' title='bbox 606 4526 726 4617; x_wconf 51' lang='lat' dir='ltr'>qui!</span> <span class='ocrx_word' id='word_1_653' title='bbox 754 4526 989 4617; x_wconf 67' lang='grc' dir='ltr'>νάίίρηθ</span> <span class='ocrx_word' id='word_1_654' title='bbox 1016 4544 1071 4594; x_wconf 79' lang='grc' dir='ltr'>ει</span> <span class='ocrx_word' id='word_1_655' title='bbox 1101 4526 1485 4617; x_wconf 54' lang='grc' dir='ltr'>ηανηενξίθῖί»</span> <span class='ocrx_word' id='word_1_656' title='bbox 1518 4541 1642 4617; x_wconf 59' lang='grc'>8⁷2,</span> <span class='ocrx_word' id='word_1_657' title='bbox 1673 4540 1799 4617; x_wconf 62' lang='grc' dir='ltr'>87ίξν</span> <span class='ocrx_word' id='word_1_658' title='bbox 1832 4542 1958 4617; x_wconf 64' lang='grc' dir='ltr'>εῖίΡι</span> <span class='ocrx_word' id='word_1_659' title='bbox 1990 4540 2115 4617; x_wconf 65' lang='lat'>8.77:</span> <span class='ocrx_word' id='word_1_660' title='bbox 2148 4526 2274 4617; x_wconf 47' lang='lat'>97?,</span> <span class='ocrx_word' id='word_1_661' title='bbox 2308 4534 2429 4617; x_wconf 49' lang='lat'>889’</span> <span class='ocrx_word' id='word_1_662' title='bbox 2460 4532 2583 4617; x_wconf 74' lang='lat'>§39-</span> <span class='ocrx_word' id='word_1_663' title='bbox 2616 4530 2858 4617; x_wconf 52' lang='lat' dir='ltr'>electi...</span> <span class='ocrx_word' id='word_1_664' title='bbox 2880 4526 3236 4617; x_wconf 57' lang='lat' dir='ltr'>i‘f’EPlellie</span> <span class='ocrx_word' id='word_1_665' title='bbox 3257 4526 3692 4617; x_wconf 61' lang='lat' dir='ltr'>P““‘§R“i-.7_z_9</span> 
     </span>
    </p>
   </div>
   <div class='ocr_carea' id='block_1_92' title="bbox 263 4595 3696 4681">
    <p class='ocr_par' dir='ltr' id='par_1_92' title="bbox 263 4595 3696 4681">
     <span class='ocr_line' id='line_1_92' title="bbox 263 4595 3696 4681; baseline -0.005 -17"><span class='ocrx_word' id='word_1_666' title='bbox 263 4641 338 4681; x_wconf 49' lang='grc' dir='ltr'>έ</span> <span class='ocrx_word' id='word_1_667' title='bbox 350 4608 445 4681; x_wconf 76' lang='grc'><strong>12.</strong></span> <span class='ocrx_word' id='word_1_668' title='bbox 476 4595 570 4680; x_wconf 53' lang='lat'>(8):</span> <span class='ocrx_word' id='word_1_669' title='bbox 617 4595 720 4646; x_wconf 70' lang='grc' dir='ltr'>’⁸η</span> <span class='ocrx_word' id='word_1_670' title='bbox 751 4608 1007 4680; x_wconf 78' lang='lat' dir='ltr'>qualiter</span> <span class='ocrx_word' id='word_1_671' title='bbox 1036 4624 1220 4681; x_wconf 68' lang='lat' dir='ltr'>usque</span> <span class='ocrx_word' id='word_1_672' title='bbox 1244 4595 1535 4665; x_wconf 66' lang='lat' dir='ltr'>adnotare</span> <span class='ocrx_word' id='word_1_673' title='bbox 1558 4595 1724 4681; x_wconf 70' lang='lat' dir='ltr'>deest</span> <span class='ocrx_word' id='word_1_674' title='bbox 1753 4595 1805 4663; x_wconf 62' lang='grc'><strong>4.</strong></span> <span class='ocrx_word' id='word_1_675' title='bbox 1885 4595 1958 4649; x_wconf 72' lang='grc' dir='ltr'>ὀίί</span> <span class='ocrx_word' id='word_1_676' title='bbox 1988 4595 2205 4681; x_wconf 77' lang='lat' dir='ltr'>divisio</span> <span class='ocrx_word' id='word_1_677' title='bbox 2374 4595 2427 4681; x_wconf 79' lang='lat'>7.</span> <span class='ocrx_word' id='word_1_678' title='bbox 2461 4604 2588 4681; x_wconf 55' lang='lat'>9::-</span> <span class='ocrx_word' id='word_1_679' title='bbox 2620 4604 2706 4655; x_wconf 77' lang='grc'><strong>12.</strong></span> <span class='ocrx_word' id='word_1_680' title='bbox 2785 4600 2859 4681; x_wconf 57' lang='lat' dir='ltr'>&quot;ff</span> <span class='ocrx_word' id='word_1_681' title='bbox 2879 4600 3091 4681; x_wconf 65' lang='lat' dir='ltr'>notum</span> <span class='ocrx_word' id='word_1_682' title='bbox 3137 4595 3210 4649; x_wconf 89' lang='lat' dir='ltr'>sit</span> <span class='ocrx_word' id='word_1_683' title='bbox 3356 4597 3461 4681; x_wconf 22' lang='grc' dir='ltr'>λιιι</span> <span class='ocrx_word' id='word_1_684' title='bbox 3490 4595 3696 4681; x_wconf 50' lang='lat' dir='ltr'>“har-is:</span> 
     </span>
    </p>
   </div>
   <div class='ocr_carea' id='block_1_93' title="bbox 264 4665 3693 4799">
    <p class='ocr_par' dir='ltr' id='par_1_93' title="bbox 264 4665 3693 4799">
     <span class='ocr_line' id='line_1_93' title="bbox 264 4665 3693 4798; baseline -0.005 -63"><span class='ocrx_word' id='word_1_685' title='bbox 264 4665 499 4735; x_wconf 75' lang='lat' dir='ltr'>talliuui</span> <span class='ocrx_word' id='word_1_686' title='bbox 529 4665 653 4735; x_wconf 48' lang='lat' dir='ltr'>7n-</span> <span class='ocrx_word' id='word_1_687' title='bbox 686 4665 793 4735; x_wconf 46' lang='lat'>12.‘</span> <span class='ocrx_word' id='word_1_688' title='bbox 849 4681 921 4761; x_wconf 58' lang='lat' dir='ltr'>“f</span> <span class='ocrx_word' id='word_1_689' title='bbox 947 4679 1091 4752; x_wconf 81' lang='lat' dir='ltr'>quia</span> <span class='ocrx_word' id='word_1_690' title='bbox 1119 4665 1317 4736; x_wconf 66' lang='lat' dir='ltr'>cidem</span> <span class='ocrx_word' id='word_1_691' title='bbox 1343 4685 1394 4736; x_wconf 77' lang='lat'>5.</span> <span class='ocrx_word' id='word_1_692' title='bbox 1425 4696 1486 4753; x_wconf 86' lang='lat' dir='ltr'>p.</span> <span class='ocrx_word' id='word_1_693' title='bbox 1516 4680 1569 4735; x_wconf 91' lang='lat' dir='ltr'>ei</span> <span class='ocrx_word' id='word_1_694' title='bbox 1596 4680 1660 4734; x_wconf 89' lang='lat' dir='ltr'>in</span> <span class='ocrx_word' id='word_1_695' title='bbox 1689 4686 1741 4734; x_wconf 94' lang='lat'>7.</span> <span class='ocrx_word' id='word_1_696' title='bbox 1774 4682 1972 4734; x_wconf 63' lang='lat'>9—42.</span> <span class='ocrx_word' id='word_1_697' title='bbox 1998 4678 2162 4734; x_wconf 83' lang='lat' dir='ltr'>idem</span> <span class='ocrx_word' id='word_1_698' title='bbox 2190 4675 2240 4730; x_wconf 89' lang='lat' dir='ltr'>ei</span> <span class='ocrx_word' id='word_1_699' title='bbox 2370 4678 2422 4729; x_wconf 91' lang='lat'>8.</span> <span class='ocrx_word' id='word_1_700' title='bbox 2502 4672 2586 4752; x_wconf 71' lang='lat'>“‘_</span> <span class='ocrx_word' id='word_1_701' title='bbox 2605 4684 2799 4743; x_wconf 83' lang='lat' dir='ltr'>aquas</span> <span class='ocrx_word' id='word_1_702' title='bbox 2820 4674 2875 4761; x_wconf 36' lang='lat'>5‘.</span> <span class='ocrx_word' id='word_1_703' title='bbox 2952 4669 3025 4702; x_wconf 73' lang='lat'>“7</span> <span class='ocrx_word' id='word_1_704' title='bbox 3054 4665 3460 4747; x_wconf 76' lang='lat' dir='ltr'>ﬂamersheim</span> <span class='ocrx_word' id='word_1_705' title='bbox 3489 4670 3541 4720; x_wconf 86' lang='lat'>5.</span> <span class='ocrx_word' id='word_1_706' title='bbox 3621 4666 3693 4746; x_wconf 65' lang='lat' dir='ltr'>mf</span> 
     </span>
     <span class='ocr_line' id='line_1_94' title="bbox 264 4734 3693 4799; baseline -0.002 0"><span class='ocrx_word' id='word_1_707' title='bbox 264 4755 561 4799; x_wconf 63' lang='lat' dir='ltr'>vetustam</span> <span class='ocrx_word' id='word_1_708' title='bbox 591 4756 649 4799; x_wconf 73' lang='lat' dir='ltr'>et</span> <span class='ocrx_word' id='word_1_709' title='bbox 677 4751 991 4799; x_wconf 70' lang='lat' dir='ltr'>mum.de</span> <span class='ocrx_word' id='word_1_710' title='bbox 1018 4767 1067 4799; x_wconf 69' lang='grc' dir='ltr'>ιι-</span> <span class='ocrx_word' id='word_1_711' title='bbox 1098 4752 1289 4799; x_wconf 69' lang='lat' dir='ltr'>fuerat</span> <span class='ocrx_word' id='word_1_712' title='bbox 1313 4755 1507 4799; x_wconf 65' lang='lat'>5—42-</span> <span class='ocrx_word' id='word_1_713' title='bbox 1587 4752 1661 4787; x_wconf 69' lang='lat'>“9</span> <span class='ocrx_word' id='word_1_714' title='bbox 1688 4750 2048 4799; x_wconf 69' lang='lat' dir='ltr'>mmmurine</span> <span class='ocrx_word' id='word_1_715' title='bbox 2078 4756 2130 4799; x_wconf 84' lang='lat'>7.</span> <span class='ocrx_word' id='word_1_716' title='bbox 2164 4752 2269 4799; x_wconf 87' lang='lat'>9——</span> <span class='ocrx_word' id='word_1_717' title='bbox 2305 4748 2360 4799; x_wconf 76' lang='grc'><strong>2.</strong></span> <span class='ocrx_word' id='word_1_718' title='bbox 2438 4744 2513 4781; x_wconf 67' lang='grc'>⁴¹⁰</span> <span class='ocrx_word' id='word_1_719' title='bbox 2543 4741 2823 4797; x_wconf 81' lang='lat' dir='ltr'>Simulato</span> <span class='ocrx_word' id='word_1_720' title='bbox 2848 4762 2878 4796; x_wconf 81' lang='grc' dir='ltr'>ο</span> <span class='ocrx_word' id='word_1_721' title='bbox 2908 4739 2968 4795; x_wconf 87' lang='lat' dir='ltr'>d.</span> <span class='ocrx_word' id='word_1_722' title='bbox 3048 4739 3119 4773; x_wconf 68' lang='grc'>⁸²¹</span> <span class='ocrx_word' id='word_1_723' title='bbox 3142 4736 3239 4790; x_wconf 77' lang='lat' dir='ltr'>die</span> <span class='ocrx_word' id='word_1_724' title='bbox 3261 4734 3505 4791; x_wconf 69' lang='lat' dir='ltr'>obvnam</span> <span class='ocrx_word' id='word_1_725' title='bbox 3530 4735 3693 4795; x_wconf 77' lang='lat' dir='ltr'>fratri</span> 
     </span>
    </p>
   </div>
   <div class='ocr_carea' id='block_1_94' title="bbox 263 4750 2269 4826">
    <p class='ocr_par' dir='ltr' id='par_1_94' title="bbox 263 4750 2269 4826">
     <span class='ocr_line' id='line_1_95' title="bbox 263 4750 2269 4826; baseline -0.001 -21"><span class='ocrx_word' id='word_1_726' title='bbox 263 4755 561 4806; x_wconf 73' lang='lat' dir='ltr'>vetustate</span> <span class='ocrx_word' id='word_1_727' title='bbox 591 4756 649 4806; x_wconf 84' lang='lat' dir='ltr'>et</span> <span class='ocrx_word' id='word_1_728' title='bbox 677 4750 991 4826; x_wconf 76' lang='lat' dir='ltr'>putredine</span> <span class='ocrx_word' id='word_1_729' title='bbox 1018 4767 1067 4807; x_wconf 87' lang='lat' dir='ltr'>r.</span> <span class='ocrx_word' id='word_1_730' title='bbox 1097 4752 1289 4826; x_wconf 78' lang='lat' dir='ltr'>fuerat</span> <span class='ocrx_word' id='word_1_731' title='bbox 1313 4750 1507 4826; x_wconf 58' lang='lat'>5-42.</span> <span class='ocrx_word' id='word_1_732' title='bbox 1587 4752 1661 4787; x_wconf 72' lang='lat'>“9</span> <span class='ocrx_word' id='word_1_733' title='bbox 1688 4750 2048 4826; x_wconf 72' lang='lat' dir='ltr'>compagine</span> <span class='ocrx_word' id='word_1_734' title='bbox 2078 4756 2130 4803; x_wconf 91' lang='lat'>7.</span> <span class='ocrx_word' id='word_1_735' title='bbox 2164 4752 2269 4826; x_wconf 51' lang='lat'>9—7</span> 
     </span>
    </p>
   </div>
   <div class='ocr_carea' id='block_1_95' title="bbox 2438 4734 3695 4797">
    <p class='ocr_par' dir='ltr' id='par_1_95' title="bbox 2438 4734 3695 4797">
     <span class='ocr_line' id='line_1_96' title="bbox 2438 4734 3695 4797; baseline -0.004 -1"><span class='ocrx_word' id='word_1_736' title='bbox 2438 4744 2513 4781; x_wconf 53' lang='grc' dir='ltr'>κιο</span> <span class='ocrx_word' id='word_1_737' title='bbox 2543 4734 2823 4797; x_wconf 75' lang='lat' dir='ltr'>simulato</span> <span class='ocrx_word' id='word_1_738' title='bbox 2848 4746 2878 4796; x_wconf 77' lang='grc' dir='ltr'>ὅ</span> <span class='ocrx_word' id='word_1_739' title='bbox 2908 4739 2968 4795; x_wconf 82' lang='grc'><strong>(1.</strong></span> <span class='ocrx_word' id='word_1_740' title='bbox 3048 4739 3119 4773; x_wconf 69' lang='grc'>⁴²¹</span> <span class='ocrx_word' id='word_1_741' title='bbox 3142 4736 3239 4790; x_wconf 87' lang='lat' dir='ltr'>die</span> <span class='ocrx_word' id='word_1_742' title='bbox 3261 4734 3505 4791; x_wconf 85' lang='lat' dir='ltr'>obviam</span> <span class='ocrx_word' id='word_1_743' title='bbox 3530 4735 3695 4795; x_wconf 86' lang='lat' dir='ltr'>fratri</span> 
     </span>
    </p>
   </div>
   <div class='ocr_carea' id='block_1_96' title="bbox 266 4806 3691 4949">
    <p class='ocr_par' dir='ltr' id='par_1_96' title="bbox 266 4806 3691 4949">
     <span class='ocr_line' id='line_1_97' title="bbox 266 4806 3691 4933; baseline -0.004 -57"><span class='ocrx_word' id='word_1_744' title='bbox 266 4837 616 4879; x_wconf 70' lang='lat' dir='ltr'>mananam</span> <span class='ocrx_word' id='word_1_745' title='bbox 647 4806 699 4877; x_wconf 52' lang='lat'>7‘.</span> <span class='ocrx_word' id='word_1_746' title='bbox 758 4806 833 4895; x_wconf 79' lang='lat'>8).</span> <span class='ocrx_word' id='word_1_747' title='bbox 861 4806 1065 4879; x_wconf 9' lang='lat' dir='ltr'>9—H,</span> <span class='ocrx_word' id='word_1_748' title='bbox 1116 4825 1182 4905; x_wconf 60' lang='grc' dir='ltr'>’σιξ</span> <span class='ocrx_word' id='word_1_749' title='bbox 1248 4827 1449 4894; x_wconf 77' lang='lat' dir='ltr'>ropter</span> <span class='ocrx_word' id='word_1_750' title='bbox 1468 4823 1582 4877; x_wconf 91' lang='lat' dir='ltr'>hoc</span> <span class='ocrx_word' id='word_1_751' title='bbox 1605 4806 1849 4904; x_wconf 61' lang='lat' dir='ltr'>audiret</span> <span class='ocrx_word' id='word_1_752' title='bbox 1862 4806 2002 4876; x_wconf 55' lang='lat' dir='ltr'>5.U7.</span> <span class='ocrx_word' id='word_1_753' title='bbox 2034 4834 2216 4902; x_wconf 81' lang='lat' dir='ltr'>nemo</span> <span class='ocrx_word' id='word_1_754' title='bbox 2231 4822 2433 4873; x_wconf 86' lang='lat' dir='ltr'>tamen</span> <span class='ocrx_word' id='word_1_755' title='bbox 2455 4813 2703 4895; x_wconf 79' lang='lat' dir='ltr'>senserit</span> <span class='ocrx_word' id='word_1_756' title='bbox 2724 4828 2865 4868; x_wconf 88' lang='lat' dir='ltr'>eum</span> <span class='ocrx_word' id='word_1_757' title='bbox 2885 4814 3132 4933; x_wconf 35' lang='lat' dir='ltr'>propter</span> <span class='ocrx_word' id='word_1_758' title='bbox 3145 4806 3259 4862; x_wconf 87' lang='lat' dir='ltr'>hoc</span> <span class='ocrx_word' id='word_1_759' title='bbox 3290 4806 3691 4892; x_wconf 60' lang='lat' dir='ltr'>condoluisse.</span> 
     </span>
     <span class='ocr_line' id='line_1_98' title="bbox 266 4830 3691 4949; baseline 0.001 -3"><span class='ocrx_word' id='word_1_760' title='bbox 266 4894 371 4947; x_wconf 83' lang='lat' dir='ltr'>Per</span> <span class='ocrx_word' id='word_1_761' title='bbox 403 4898 487 4948; x_wconf 90' lang='grc'>11.</span> <span class='ocrx_word' id='word_1_762' title='bbox 529 4893 609 4948; x_wconf 82' lang='grc'><strong>12.</strong></span> <span class='ocrx_word' id='word_1_763' title='bbox 634 4894 710 4949; x_wconf 83' lang='grc'>(9.</span> <span class='ocrx_word' id='word_1_764' title='bbox 733 4830 850 4949; x_wconf 54' lang='lat' dir='ltr'>i0.)</span> <span class='ocrx_word' id='word_1_765' title='bbox 932 4895 1000 4929; x_wconf 62' lang='lat'>“3</span> <span class='ocrx_word' id='word_1_766' title='bbox 1030 4896 1136 4949; x_wconf 81' lang='lat' dir='ltr'>Per</span> <span class='ocrx_word' id='word_1_767' title='bbox 1154 4839 1317 4949; x_wconf 51' lang='lat' dir='ltr'>133m</span> <span class='ocrx_word' id='word_1_768' title='bbox 1344 4898 1583 4949; x_wconf 78' lang='lat' dir='ltr'>tempus</span> <span class='ocrx_word' id='word_1_769' title='bbox 1610 4899 1666 4949; x_wconf 78' lang='lat' dir='ltr'>et</span> <span class='ocrx_word' id='word_1_770' title='bbox 1692 4893 1929 4949; x_wconf 70' lang='lat' dir='ltr'>reliqua</span> <span class='ocrx_word' id='word_1_771' title='bbox 1953 4906 2139 4949; x_wconf 79' lang='lat' dir='ltr'>usque</span> <span class='ocrx_word' id='word_1_772' title='bbox 2166 4905 2229 4947; x_wconf 81' lang='grc' dir='ltr'>ιη</span> <span class='ocrx_word' id='word_1_773' title='bbox 2258 4888 2435 4949; x_wconf 77' lang='lat' dir='ltr'>ﬁnem</span> <span class='ocrx_word' id='word_1_774' title='bbox 2464 4900 2633 4949; x_wconf 71' lang='grc' dir='ltr'>αηηῖ,</span> <span class='ocrx_word' id='word_1_775' title='bbox 2666 4901 2729 4938; x_wconf 69' lang='grc' dir='ltr'>ιη</span> <span class='ocrx_word' id='word_1_776' title='bbox 2759 4882 2959 4939; x_wconf 63' lang='lat' dir='ltr'>eodm?</span> <span class='ocrx_word' id='word_1_777' title='bbox 3027 4921 3039 4932; x_wconf 84' lang='lat'><strong>-</strong></span> <span class='ocrx_word' id='word_1_778' title='bbox 3071 4892 3255 4949; x_wconf 60' lang='grc' dir='ltr'>αηηο-</span> <span class='ocrx_word' id='word_1_779' title='bbox 3285 4882 3387 4933; x_wconf 79' lang='lat'>373</span> <span class='ocrx_word' id='word_1_780' title='bbox 3417 4880 3691 4949; x_wconf 73' lang='grc' dir='ltr'>Αάαι9²⁸¹</span> 
     </span>
    </p>
   </div>
   <div class='ocr_carea' id='block_1_97' title="bbox 266 4893 1172 4965">
    <p class='ocr_par' dir='ltr' id='par_1_97' title="bbox 266 4893 1172 4965">
     <span class='ocr_line' id='line_1_99' title="bbox 266 4893 1172 4965; baseline 0.002 -18"><span class='ocrx_word' id='word_1_781' title='bbox 266 4894 371 4965; x_wconf 78' lang='lat' dir='ltr'>Per</span> <span class='ocrx_word' id='word_1_782' title='bbox 403 4898 487 4948; x_wconf 90' lang='grc'>11.</span> <span class='ocrx_word' id='word_1_783' title='bbox 529 4893 609 4948; x_wconf 81' lang='grc'><strong>12.</strong></span> <span class='ocrx_word' id='word_1_784' title='bbox 634 4894 710 4965; x_wconf 81' lang='lat'>(9.</span> <span class='ocrx_word' id='word_1_785' title='bbox 746 4893 850 4962; x_wconf 81' lang='lat' dir='ltr'>t0.)</span> <span class='ocrx_word' id='word_1_786' title='bbox 932 4895 1000 4929; x_wconf 61' lang='lat'>“3</span> <span class='ocrx_word' id='word_1_787' title='bbox 1030 4894 1172 4949; x_wconf 84' lang='lat' dir='ltr'>Peri</span> 
     </span>
    </p>
   </div>
   <div class='ocr_carea' id='block_1_98' title="bbox 1220 4882 2959 4967">
    <p class='ocr_par' dir='ltr' id='par_1_98' title="bbox 1220 4882 2959 4967">
     <span class='ocr_line' id='line_1_100' title="bbox 1220 4882 2959 4967; baseline -0.007 -18"><span class='ocrx_word' id='word_1_788' title='bbox 1220 4882 1583 4967; x_wconf 46' lang='lat' dir='ltr'>em‘tempus</span> <span class='ocrx_word' id='word_1_789' title='bbox 1610 4899 1669 4967; x_wconf 68' lang='lat' dir='ltr'>et</span> <span class='ocrx_word' id='word_1_790' title='bbox 1692 4892 1929 4967; x_wconf 59' lang='lat' dir='ltr'>reliqua</span> <span class='ocrx_word' id='word_1_791' title='bbox 1953 4906 2139 4967; x_wconf 61' lang='lat' dir='ltr'>usque</span> <span class='ocrx_word' id='word_1_792' title='bbox 2166 4892 2232 4967; x_wconf 62' lang='grc' dir='ltr'>ετξ</span> <span class='ocrx_word' id='word_1_793' title='bbox 2257 4888 2435 4967; x_wconf 72' lang='lat' dir='ltr'>ﬁnem</span> <span class='ocrx_word' id='word_1_794' title='bbox 2464 4886 2639 4967; x_wconf 67' lang='grc' dir='ltr'>(ιζιηὶζ</span> <span class='ocrx_word' id='word_1_795' title='bbox 2666 4885 2737 4967; x_wconf 49' lang='grc' dir='ltr'>ἐνί</span> <span class='ocrx_word' id='word_1_796' title='bbox 2759 4882 2959 4967; x_wconf 65' lang='lat' dir='ltr'>codice</span> 
     </span>
    </p>
   </div>
   <div class='ocr_carea' id='block_1_99' title="bbox 3027 4880 3698 4951">
    <p class='ocr_par' dir='ltr' id='par_1_99' title="bbox 3027 4880 3698 4951">
     <span class='ocr_line' id='line_1_101' title="bbox 3027 4880 3698 4951; baseline 0.004 -19"><span class='ocrx_word' id='word_1_797' title='bbox 3027 4921 3039 4932; x_wconf 94' lang='lat'>.</span> <span class='ocrx_word' id='word_1_798' title='bbox 3071 4892 3255 4951; x_wconf 55' lang='lat' dir='ltr'>apud</span> <span class='ocrx_word' id='word_1_799' title='bbox 3285 4882 3387 4933; x_wconf 87' lang='lat'>873</span> <span class='ocrx_word' id='word_1_800' title='bbox 3417 4880 3698 4951; x_wconf 75' lang='lat' dir='ltr'>Adalgisi</span> 
     </span>
    </p>
   </div>
   <div class='ocr_carea' id='block_1_100' title="bbox 265 4947 3697 5037">
    <p class='ocr_par' dir='ltr' id='par_1_100' title="bbox 265 4947 3697 5037">
     <span class='ocr_line' id='line_1_102' title="bbox 265 4947 3697 5037; baseline -0.001 -19"><span class='ocrx_word' id='word_1_801' title='bbox 265 4947 482 5037; x_wconf 54' lang='lat' dir='ltr'>[fugam</span> <span class='ocrx_word' id='word_1_802' title='bbox 509 4947 862 5037; x_wconf 52' lang='lat' dir='ltr'>seminatur.</span> <span class='ocrx_word' id='word_1_803' title='bbox 894 4968 998 5020; x_wconf 89' lang='lat' dir='ltr'>Per</span> <span class='ocrx_word' id='word_1_804' title='bbox 1018 4947 1489 5037; x_wconf 9' lang='grc' dir='ltr'>ἰὶίξὶεέιξιῇὶίεςγὲἷ.ι</span> <span class='ocrx_word' id='word_1_805' title='bbox 1511 4947 1583 5037; x_wconf 60' lang='grc' dir='ltr'>’ξίι</span> <span class='ocrx_word' id='word_1_806' title='bbox 1612 4947 2054 5019; x_wconf 55' lang='grc' dir='ltr'>ωτωθῆάιυιιάἑ</span> <span class='ocrx_word' id='word_1_807' title='bbox 2074 4967 2164 5037; x_wconf 81' lang='lat' dir='ltr'>5a.</span> <span class='ocrx_word' id='word_1_808' title='bbox 2195 4947 2761 5037; x_wconf 35' lang='lat' dir='ltr'>d.&#39;_irmandruden7n.</span> <span class='ocrx_word' id='word_1_809' title='bbox 2908 4947 3311 5037; x_wconf 23' lang='lat' dir='ltr'>irggltfh‘f‘dtl.</span> <span class='ocrx_word' id='word_1_810' title='bbox 3359 4954 3443 5037; x_wconf 81' lang='grc'><strong>0.</strong></span> <span class='ocrx_word' id='word_1_811' title='bbox 3468 4947 3697 5037; x_wconf 42' lang='lat' dir='ltr'>“inflig-</span> 
     </span>
    </p>
   </div>
   <div class='ocr_carea' id='block_1_101' title="bbox 267 5019 3689 5109">
    <p class='ocr_par' dir='ltr' id='par_1_101' title="bbox 267 5019 3689 5109">
     <span class='ocr_line' id='line_1_103' title="bbox 267 5019 3689 5109; baseline -0.004 -20"><span class='ocrx_word' id='word_1_812' title='bbox 267 5019 458 5109; x_wconf 65' lang='lat' dir='ltr'>drude</span> <span class='ocrx_word' id='word_1_813' title='bbox 491 5019 1254 5109; x_wconf 13' lang='lat' dir='ltr'>igti._‘42._hirmentrude;.‘</span> <span class='ocrx_word' id='word_1_814' title='bbox 1304 5019 1731 5109; x_wconf 10' lang='lat' dir='ltr'>“‘Vperierunt,</span> <span class='ocrx_word' id='word_1_815' title='bbox 1762 5050 1921 5090; x_wconf 87' lang='lat' dir='ltr'>unus</span> <span class='ocrx_word' id='word_1_816' title='bbox 1948 5030 2546 5109; x_wconf 45' lang='lat' dir='ltr'>tempt_are_7.‘9——i2.</span> <span class='ocrx_word' id='word_1_817' title='bbox 2626 5026 2698 5061; x_wconf 71' lang='grc'>⁸³⁸</span> <span class='ocrx_word' id='word_1_818' title='bbox 2719 5023 2914 5078; x_wconf 86' lang='lat' dir='ltr'>fratris</span> <span class='ocrx_word' id='word_1_819' title='bbox 3637 5026 3689 5078; x_wconf 79' lang='grc' dir='ltr'><strong>ϐ.</strong></span> 
     </span>
    </p>
   </div>
   <div class='ocr_carea' id='block_1_102' title="bbox 270 5105 1996 5165">
    <p class='ocr_par' dir='ltr' id='par_1_102' title="bbox 270 5105 1996 5165">
     <span class='ocr_line' id='line_1_104' title="bbox 270 5105 1996 5165; baseline -0.002 0"><span class='ocrx_word' id='word_1_820' title='bbox 270 5106 339 5141; x_wconf 58' lang='lat'>‘3&#39;</span> <span class='ocrx_word' id='word_1_821' title='bbox 378 5105 592 5165; x_wconf 86' lang='lat' dir='ltr'>buuini</span> <span class='ocrx_word' id='word_1_822' title='bbox 620 5112 674 5163; x_wconf 86' lang='lat'>9.</span> <span class='ocrx_word' id='word_1_823' title='bbox 705 5106 955 5163; x_wconf 89' lang='lat' dir='ltr'>buouini</span> <span class='ocrx_word' id='word_1_824' title='bbox 992 5107 1073 5162; x_wconf 91' lang='grc'>11.</span> <span class='ocrx_word' id='word_1_825' title='bbox 1110 5113 1194 5163; x_wconf 71' lang='grc'><strong>12.</strong></span> <span class='ocrx_word' id='word_1_826' title='bbox 1275 5109 1347 5145; x_wconf 67' lang='grc'>⁸³⁸</span> <span class='ocrx_word' id='word_1_827' title='bbox 1396 5105 1647 5163; x_wconf 74' lang='lat' dir='ltr'>sedebat</span> <span class='ocrx_word' id='word_1_828' title='bbox 1669 5107 1829 5163; x_wconf 76' lang='lat' dir='ltr'>deest</span> <span class='ocrx_word' id='word_1_829' title='bbox 1854 5109 1909 5161; x_wconf 69' lang='grc'><strong>2.</strong></span> <span class='ocrx_word' id='word_1_830' title='bbox 1943 5110 1996 5162; x_wconf 75' lang='grc' dir='ltr'><strong>Β.</strong></span> 
     </span>
    </p>
   </div>
   <div class='ocr_carea' id='block_1_103' title="bbox 273 5168 2541 5248">
    <p class='ocr_par' dir='ltr' id='par_1_103' title="bbox 273 5168 2541 5248">
     <span class='ocr_line' id='line_1_105' title="bbox 273 5168 2541 5248; baseline -0.002 -18"><span class='ocrx_word' id='word_1_831' title='bbox 273 5180 359 5231; x_wconf 70' lang='grc'><strong>12.</strong></span> <span class='ocrx_word' id='word_1_832' title='bbox 409 5178 485 5248; x_wconf 17' lang='grc' dir='ltr'>ίι³¹</span> <span class='ocrx_word' id='word_1_833' title='bbox 543 5178 701 5248; x_wconf 83' lang='lat' dir='ltr'>regis</span> <span class='ocrx_word' id='word_1_834' title='bbox 728 5178 889 5234; x_wconf 83' lang='lat' dir='ltr'>ﬁlius</span> <span class='ocrx_word' id='word_1_835' title='bbox 917 5181 970 5234; x_wconf 71' lang='grc'><strong>4.</strong></span> <span class='ocrx_word' id='word_1_836' title='bbox 994 5182 1047 5235; x_wconf 72' lang='lat'>5.</span> <span class='ocrx_word' id='word_1_837' title='bbox 1126 5180 1197 5217; x_wconf 59' lang='grc'>⁸⁸³</span> <span class='ocrx_word' id='word_1_838' title='bbox 1229 5177 1596 5247; x_wconf 81' lang='lat' dir='ltr'>aufugiendo</span> <span class='ocrx_word' id='word_1_839' title='bbox 1627 5177 1835 5235; x_wconf 87' lang='lat' dir='ltr'>mortis</span> <span class='ocrx_word' id='word_1_840' title='bbox 1855 5182 1912 5232; x_wconf 77' lang='lat'>2.</span> <span class='ocrx_word' id='word_1_841' title='bbox 1936 5181 1990 5233; x_wconf 71' lang='lat'>5.</span> <span class='ocrx_word' id='word_1_842' title='bbox 2023 5180 2074 5232; x_wconf 83' lang='lat'>6.</span> <span class='ocrx_word' id='word_1_843' title='bbox 2108 5181 2161 5230; x_wconf 91' lang='lat'>7.</span> <span class='ocrx_word' id='word_1_844' title='bbox 2193 5175 2388 5248; x_wconf 55' lang='lat'>9—12.</span> <span class='ocrx_word' id='word_1_845' title='bbox 2468 5168 2541 5203; x_wconf 74' lang='grc'>⁸⁸³</span> 
     </span>
    </p>
   </div>
   <div class='ocr_carea' id='block_1_104' title="bbox 2100 5091 3693 5159">
    <p class='ocr_par' dir='ltr' id='par_1_104' title="bbox 2100 5091 3693 5159">
     <span class='ocr_line' id='line_1_106' title="bbox 2100 5091 3693 5159; baseline -0.01 2"><span class='ocrx_word' id='word_1_846' title='bbox 2100 5106 2148 5140; x_wconf 62' lang='grc'>⁸⁸</span> <span class='ocrx_word' id='word_1_847' title='bbox 2170 5099 2471 5159; x_wconf 87' lang='lat' dir='ltr'>caballum</span> <span class='ocrx_word' id='word_1_848' title='bbox 2510 5112 2690 5151; x_wconf 88' lang='lat' dir='ltr'>suum</span> <span class='ocrx_word' id='word_1_849' title='bbox 2718 5109 2925 5149; x_wconf 88' lang='lat' dir='ltr'>secum</span> <span class='ocrx_word' id='word_1_850' title='bbox 3081 5092 3157 5129; x_wconf 71' lang='grc'>⁴³⁰</span> <span class='ocrx_word' id='word_1_851' title='bbox 3211 5091 3533 5149; x_wconf 81' lang='lat' dir='ltr'>debilitatis</span> <span class='ocrx_word' id='word_1_852' title='bbox 3562 5100 3592 5148; x_wconf 91' lang='lat'><strong>7</strong></span> <span class='ocrx_word' id='word_1_853' title='bbox 3626 5122 3693 5132; x_wconf 84' lang='lat'>—-</span> 
     </span>
    </p>
   </div>
   <div class='ocr_carea' id='block_1_105' title="bbox 2570 5162 3692 5239">
    <p class='ocr_par' dir='ltr' id='par_1_105' title="bbox 2570 5162 3692 5239">
     <span class='ocr_line' id='line_1_107' title="bbox 2570 5162 3692 5239; baseline -0.006 -16"><span class='ocrx_word' id='word_1_854' title='bbox 2570 5164 2921 5239; x_wconf 79' lang='lat' dir='ltr'>periculum</span> <span class='ocrx_word' id='word_1_855' title='bbox 2948 5162 3233 5239; x_wconf 75' lang='lat' dir='ltr'>devitavit</span> <span class='ocrx_word' id='word_1_856' title='bbox 3258 5170 3311 5219; x_wconf 88' lang='lat'>7.</span> <span class='ocrx_word' id='word_1_857' title='bbox 3344 5165 3559 5239; x_wconf 70' lang='lat'>9—12._</span> <span class='ocrx_word' id='word_1_858' title='bbox 3621 5164 3692 5239; x_wconf 60' lang='grc' dir='ltr'>δξι</span> 
     </span>
    </p>
   </div>
   <div class='ocr_carea' id='block_1_106' title="bbox 268 5234 3689 5324">
    <p class='ocr_par' dir='ltr' id='par_1_106' title="bbox 268 5234 3689 5324">
     <span class='ocr_line' id='line_1_108' title="bbox 268 5234 3689 5324; baseline -0.001 -19"><span class='ocrx_word' id='word_1_859' title='bbox 268 5250 363 5324; x_wconf 53' lang='grc' dir='ltr'>εει</span> <span class='ocrx_word' id='word_1_860' title='bbox 389 5234 685 5324; x_wconf 58' lang='grc' dir='ltr'>ᾲῴιιάρυδ.</span> <span class='ocrx_word' id='word_1_861' title='bbox 719 5256 772 5306; x_wconf 78' lang='lat'>7.</span> <span class='ocrx_word' id='word_1_862' title='bbox 800 5234 1013 5307; x_wconf 67' lang='lat'>9—1-2.</span> <span class='ocrx_word' id='word_1_863' title='bbox 1078 5251 1149 5286; x_wconf 68' lang='grc' dir='ltr'>ὀδε</span> <span class='ocrx_word' id='word_1_864' title='bbox 1175 5234 1867 5324; x_wconf 65' lang='lat' dir='ltr'>abiciensetspernens</span> <span class='ocrx_word' id='word_1_865' title='bbox 1917 5253 1971 5324; x_wconf 67' lang='lat'>7,</span> <span class='ocrx_word' id='word_1_866' title='bbox 2024 5250 2219 5324; x_wconf 38' lang='lat'>9—512.</span> <span class='ocrx_word' id='word_1_867' title='bbox 2291 5243 2373 5324; x_wconf 61' lang='lat' dir='ltr'>ff}</span> <span class='ocrx_word' id='word_1_868' title='bbox 2403 5255 2462 5324; x_wconf 51' lang='grc' dir='ltr'>,α</span> <span class='ocrx_word' id='word_1_869' title='bbox 2508 5234 2709 5324; x_wconf 54' lang='grc' dir='ltr'>ροέρςᾳ</span> <span class='ocrx_word' id='word_1_870' title='bbox 2726 5235 3400 5324; x_wconf 15' lang='grc' dir='ltr'>κρηνίιαιειᾴθεὶεξιςιζεξί</span> <span class='ocrx_word' id='word_1_871' title='bbox 3624 5234 3689 5324; x_wconf 64' lang='grc' dir='ltr'>αἳ.</span> 
     </span>
    </p>
   </div>
   <div class='ocr_carea' id='block_1_107' title="bbox 266 5307 3690 5406">
    <p class='ocr_par' dir='ltr' id='par_1_107' title="bbox 266 5307 3690 5406">
     <span class='ocr_line' id='line_1_109' title="bbox 266 5307 3690 5406; baseline -0.006 -26"><span class='ocrx_word' id='word_1_872' title='bbox 524 5319 822 5406; x_wconf 63' lang='lat' dir='ltr'>ullatenus</span> <span class='ocrx_word' id='word_1_873' title='bbox 847 5327 1092 5406; x_wconf 73' lang='lat' dir='ltr'>accepta</span> <span class='ocrx_word' id='word_1_874' title='bbox 1118 5307 1384 5406; x_wconf 74' lang='lat' dir='ltr'>pravitas</span> <span class='ocrx_word' id='word_1_875' title='bbox 1527 5307 1795 5406; x_wconf 47' lang='lat' dir='ltr'>fﬁoculi</span> <span class='ocrx_word' id='word_1_876' title='bbox 1815 5318 1966 5377; x_wconf 86' lang='lat' dir='ltr'>eruti</span> <span class='ocrx_word' id='word_1_877' title='bbox 1994 5322 2133 5374; x_wconf 90' lang='lat' dir='ltr'>sunt</span> <span class='ocrx_word' id='word_1_878' title='bbox 2156 5322 2208 5372; x_wconf 92' lang='lat'>7.</span> <span class='ocrx_word' id='word_1_879' title='bbox 2288 5315 2359 5350; x_wconf 74' lang='grc'>⁸³³</span> <span class='ocrx_word' id='word_1_880' title='bbox 2398 5311 2462 5368; x_wconf 90' lang='lat' dir='ltr'>in</span> <span class='ocrx_word' id='word_1_881' title='bbox 2505 5307 2784 5365; x_wconf 68' lang='lat' dir='ltr'>tenebras</span> <span class='ocrx_word' id='word_1_882' title='bbox 2832 5323 3015 5380; x_wconf 82' lang='lat' dir='ltr'>usque</span> <span class='ocrx_word' id='word_1_883' title='bbox 3054 5307 3379 5364; x_wconf 81' lang='lat' dir='ltr'>tradiderat</span> <span class='ocrx_word' id='word_1_884' title='bbox 3428 5307 3609 5376; x_wconf 73' lang='lat' dir='ltr'>deest,</span> <span class='ocrx_word' id='word_1_885' title='bbox 3634 5307 3690 5361; x_wconf 73' lang='grc'><strong>4.</strong></span> 
     </span>
    </p>
   </div>
   <div class='ocr_carea' id='block_1_108' title="bbox 270 5390 1737 5466">
    <p class='ocr_par' dir='ltr' id='par_1_108' title="bbox 270 5390 1737 5466">
     <span class='ocr_line' id='line_1_110' title="bbox 270 5390 1737 5466; baseline 0.016 -43"><span class='ocrx_word' id='word_1_886' title='bbox 270 5390 344 5425; x_wconf 65' lang='grc' dir='ltr'>διο</span> <span class='ocrx_word' id='word_1_887' title='bbox 373 5390 745 5466; x_wconf 58' lang='lat' dir='ltr'>om</span> <span class='ocrx_word' id='word_1_888' title='bbox 769 5399 820 5449; x_wconf 65' lang='grc' dir='ltr'><strong>δ.</strong></span> <span class='ocrx_word' id='word_1_889' title='bbox 900 5396 974 5431; x_wconf 71' lang='lat'><strong>“0</strong></span> <span class='ocrx_word' id='word_1_890' title='bbox 992 5390 1379 5452; x_wconf 70' lang='lat' dir='ltr'>&#39;misériarum</span> <span class='ocrx_word' id='word_1_891' title='bbox 1414 5396 1472 5450; x_wconf 91' lang='lat' dir='ltr'>et</span> <span class='ocrx_word' id='word_1_892' title='bbox 1497 5393 1656 5449; x_wconf 79' lang='lat' dir='ltr'>deest</span> <span class='ocrx_word' id='word_1_893' title='bbox 1682 5395 1737 5448; x_wconf 80' lang='grc'><strong>4.</strong></span> 
     </span>
    </p>
   </div>
   <div class='ocr_carea' id='block_1_109' title="bbox 1859 5512 2100 5573">
    <p class='ocr_par' dir='ltr' id='par_1_109' title="bbox 1859 5512 2100 5573">
     <span class='ocr_line' id='line_1_111' title="bbox 1859 5512 2100 5573; baseline -0.012 -1"><span class='ocrx_word' id='word_1_894' title='bbox 1859 5512 2100 5573; x_wconf 73' lang='grc' dir='ltr'>ΝΟΤΛΕ.</span> 
     </span>
    </p>
   </div>
   <div class='ocr_carea' id='block_1_110' title="bbox 338 5650 1073 5795">
    <p class='ocr_par' dir='ltr' id='par_1_110' title="bbox 338 5650 1073 5795">
     <span class='ocr_line' id='line_1_112' title="bbox 338 5650 1073 5795; baseline -0.018 -1"><span class='ocrx_word' id='word_1_895' title='bbox 338 5652 459 5795; x_wconf 64' lang='lat' dir='ltr'>itti</span> <span class='ocrx_word' id='word_1_896' title='bbox 479 5650 1073 5782; x_wconf 51' lang='lat' dir='ltr'>ingerens“-</span> 
     </span>
    </p>
   </div>
   <div class='ocr_carea' id='block_1_111' title="bbox 2107 5641 2706 5715">
    <p class='ocr_par' dir='ltr' id='par_1_111' title="bbox 2107 5641 2706 5715">
     <span class='ocr_line' id='line_1_113' title="bbox 2107 5641 2706 5715; baseline -0.005 -14"><span class='ocrx_word' id='word_1_897' title='bbox 2107 5646 2219 5715; x_wconf 75' lang='grc'>(64)</span> <span class='ocrx_word' id='word_1_898' title='bbox 2250 5642 2427 5699; x_wconf 80' lang='lat' dir='ltr'>Vicus</span> <span class='ocrx_word' id='word_1_899' title='bbox 2446 5641 2706 5713; x_wconf 89' lang='lat' dir='ltr'>ignotus.</span> 
     </span>
    </p>
   </div>
   <div class='ocr_carea' id='block_1_112' title="bbox 2113 5646 2996 5789">
    <p class='ocr_par' dir='ltr' id='par_1_112' title="bbox 2113 5646 2996 5789">
     <span class='ocr_line' id='line_1_114' title="bbox 2113 5646 2706 5715; baseline -0.005 -14"><span class='ocrx_word' id='word_1_900' title='bbox 2113 5647 2201 5715; x_wconf 76' lang='grc'>[64</span> <span class='ocrx_word' id='word_1_901' title='bbox 2250 5646 2427 5699; x_wconf 82' lang='lat' dir='ltr'>Vicus</span> <span class='ocrx_word' id='word_1_902' title='bbox 2446 5646 2706 5713; x_wconf 89' lang='lat' dir='ltr'>ignotus.</span> 
     </span>
     <span class='ocr_line' id='line_1_115' title="bbox 2113 5646 2996 5789; baseline -0.002 -17"><span class='ocrx_word' id='word_1_903' title='bbox 2113 5646 2223 5789; x_wconf 55' lang='lat' dir='ltr'>(Otii</span> <span class='ocrx_word' id='word_1_904' title='bbox 2252 5718 2426 5773; x_wconf 79' lang='lat' dir='ltr'>Anno</span> <span class='ocrx_word' id='word_1_905' title='bbox 2454 5716 2577 5773; x_wconf 86' lang='lat'>873.</span> <span class='ocrx_word' id='word_1_906' title='bbox 2609 5728 2753 5774; x_wconf 81' lang='lat' dir='ltr'>ann.</span> <span class='ocrx_word' id='word_1_907' title='bbox 2777 5710 2996 5773; x_wconf 77' lang='lat' dir='ltr'>Bertin.</span> 
     </span>
    </p>
   </div>
  </div>
