4086 6200
415 226 513 280 103
1536 215 1839 277 REGINON
1849 214 1908 270 IS
1946 212 2359 271 PRUMIENSIS
2397 218 2686 275 ABBATIS

3728 222 3828 274 104

410 349 468 402 et
492 344 901 403 calamitatum
925 347 995 379 “¹
1019 358 1267 399 suarum
1294 358 1591 400 aerumnas
1622 339 1787 414 apud
1814 354 1953 395 eum
1974 336 2065 391 lu-
2097 339 2147 393 Α
2174 336 2352 401 locat,
2384 345 2440 396 et
2465 341 2547 397 sic
2577 343 2974 396 Beneventum
3007 340 3076 374 ⁴⁶¹
3111 338 3527 412 proﬁciscitur,
3585 338 3687 395 ubi
3728 340 3832 397 ali-

411 434 676 504 gubriter
703 433 1025 507 deplorans
1086 434 1157 466 “3
1193 449 1206 495 ;
1256 429 1352 487 ille
1406 430 1786 487 miseratione
1842 430 2062 491 motus,

408 523 845 581 Absternacum
868 524 940 556 “3
960 522 1071 592 (66)
1090 521 1524 577 monasterium
1546 519 1733 576 sancti
1752 515 2067 572 Willibror-

409 611 472 667 di
499 614 591 683 ⁸⁵⁵,
617 613 670 667 ei
693 610 770 666 ad
789 608 1129 665 subsidium
1150 608 1282 665 vitae
1298 609 1606 683 praesentis
1622 604 1936 672 concessit,
1959 602 2065 659 ubi

407 714 530 755 non
551 697 739 754 multo
758 700 897 768 post
916 700 1183 768 tempore
1204 701 1478 752 mortuus
1500 699 1587 752 est
1602 700 1659 751 et
1678 692 1944 767 sepultus
1970 691 2058 744 “5.

986 831 1013 847 ο
1063 785 1418 842 DCCCLXXI.

480 877 655 932 Anno
687 873 1009 931 Dominicae
1039 873 1466 931 incarnationis
1496 878 1589 931 871
1624 873 1919 930 Adrianus
1950 872 2059 943 (67)

406 980 569 1038 papa
588 964 867 1035 migravit
894 962 973 1021 ad
1005 963 1344 1029 Dominum,
1368 968 1426 1019 et
1478 964 1780 1020 Iohannes
1839 960 2063 1018 summi

407 1053 696 1127 pontiﬁcii
716 1053 953 1109 culmen
977 1054 1049 1088 ’διδ
1078 1042 1330 1124 adeptus
1357 1057 1463 1108 est.

482 1143 577 1199 His
604 1143 818 1199 diebus
846 1142 1180 1211 Adalgisus,
1212 1142 1336 1197 dux
1380 1126 1855 1210 Beneventanus,
1913 1142 2063 1194 Grae-

408 1249 616 1289 corum
637 1230 1128 1305 persuasionibus
1162 1236 1497 1304 corruptus,
1532 1230 1824 1287 adversus
1850 1228 2064 1285 Hludo-

408 1321 627 1376 wicum
648 1320 1069 1392 imperatorem
1097 1335 1347 1393 manum
1378 1320 1615 1376 levavit.
1659 1319 1886 1375 Etenim
1934 1319 2064 1388 ejus

406 1409 645 1465 hortatu
664 1407 938 1482 plurimae
991 1408 1256 1464 civitates
1312 1408 1762 1480 provinciarum
1815 1406 2061 1475 Samnii,

410 1497 747 1571 Campaniae
773 1501 830 1554 et
873 1497 1146 1554 Lucaniae
1198 1514 1233 1553 a
1287 1497 1636 1554 Hludowico
1694 1496 2060 1561 recedentes,

410 1590 746 1645 Graecorum
791 1587 1185 1643 dominationi
1230 1603 1290 1643 se
1363 1587 1779 1644 subdiderunt.
1836 1586 2063 1653 Quibus

2175 429 2525 502 quantisper
2548 430 2888 486 decreverat
2915 429 3242 485 immorari.
3302 428 3607 484 Exercitus
3650 429 3831 501 longa

2175 515 2481 573 civitatum
2502 518 2816 575 obsidione
2845 517 3147 586 fatigatus,
3173 516 3428 587 genitale
3477 516 3674 572 solum
3726 535 3833 573 cae-

2175 605 2262 677 pit
2286 607 2607 679 suspirare,
2638 612 2777 681 post
2801 623 3080 663 emensos
3108 605 3346 663 labores
3374 606 3637 679 quietem
3682 606 3833 662 desi-

2174 694 2381 751 derare
2413 698 2505 767 “5*,
2530 698 2857 769 conjugum
2890 698 2959 731 “3
2986 713 3055 752 ac
3085 695 3413 752 liberorum
3457 695 3662 751 dulces
3708 713 3834 752 am-

2173 783 2384 856 plexus
2402 788 2474 821 ⁸⁸⁸
2506 791 2642 842 ante
2672 786 2879 843 oculos
2906 784 3123 842 mentis
3148 785 3434 842 reducere
3484 786 3580 854 “5,
3637 790 3693 841 et
3720 785 3833 841 hac

2173 888 2246 927 ex
2282 889 2465 930 causa
2512 874 2802 947 paulatim
2853 874 3065 930 cotidie
3122 875 3193 909 ⁸⁸⁸
3250 872 3540 929 difﬂuere.
3595 873 3833 929 Interim

2172 962 2488 1033 Adalgisus
2516 966 2698 1031 “hut
2725 968 2851 1020 erat
2907 963 3158 1019 callidus
3211 962 3472 1033 ingenio,
3518 963 3837 1034 imperato-

2173 1067 2299 1119 rem
2332 1052 2672 1126 alloquitur,
2705 1070 2813 1110 cur
2839 1052 2993 1111 vires
3018 1069 3289 1119 suorum,
3318 1051 3498 1108 nullis
3535 1052 3832 1108 existenti-

2172 1141 2288 1197 bus
2309 1143 2529 1210 causis,
2584 1144 2946 1215 proﬂigaret,
3007 1159 3115 1199 cur
3140 1157 3319 1213 agros
3358 1140 3648 1214 villasque
3706 1159 3832 1198 suae

2174 1230 2380 1286 ditioni
2412 1228 2683 1289 subditas
2711 1232 2997 1288 hostiliter
3024 1226 3379 1304 depopulari
3422 1231 3786 1304 permitteret
3817 1250 3829 1298 ;

2174 1325 2491 1392 oporteret,
2524 1326 2588 1376 ut
2616 1325 2674 1376 et
2703 1321 3127 1393 fessis.optata
3180 1320 3354 1394 quies
3412 1317 3836 1376 concederetur

2176 1412 2269 1477 ιω,
2289 1415 2345 1466 et
2371 1410 2537 1482 regio
2565 1427 2703 1483 qum
2728 1412 2855 1483 jam
2885 1427 3038 1485 pene
3070 1413 3142 1446 ⁸⁵⁸
3169 1411 3479 1467 devastata
3523 1414 3669 1477 erat,
3724 1410 3838 1466 cle-

2174 1499 2397 1555 mentia
2427 1499 2714 1572 principis
2737 1499 3087 1556 salvaretur.
3114 1498 3326 1555 Flexus
3355 1499 3449 1555 his
3506 1500 3835 1570 suggestio-

2172 1588 2373 1656 nibus,
2405 1588 2731 1662 imperator
2758 1589 3081 1646 exercitum
3108 1591 3180 1623 “0
3212 1605 3321 1662 pro
3351 1587 3620 1645 maxima
3667 1594 3835 1662 parte

409 1676 683 1747 cognitis,
710 1676 1035 1748 imperator
1063 1675 1122 1731 in
1148 1674 1460 1749 provincia
1493 1676 1816 1733 Samnitica
1862 1677 1933 1710 “7
1966 1691 2062 1730 ex—
2094 1687 2135 1740 Β
2174 1678 2427 1733 absolvit
2480 1683 2537 1734 et
2592 1678 2669 1734 ad
2728 1679 2971 1752 propria
3029 1678 3221 1734 redire
3274 1680 3344 1712 ἀτί
3378 1678 3835 1751 permisit;ipse

409 1765 658 1821 ercitum
693 1764 990 1834 transfert,
1042 1764 1334 1837 petiturus
1356 1765 1575 1822 harum
1614 1766 2063 1839 provinciarum

409 1859 591 1927 caput
611 1856 1014 1911 Beneventum
1038 1855 1131 1923 διδ,
1177 1854 1533 1911 ditissimam
1581 1859 1638 1911 et
1688 1854 2065 1928 opulentissi-

409 1960 575 2000 mam
632 1943 945 2000 civitatem.
998 1942 1313 2013 Adalgisus
1366 1944 1685 2001 adventare
1741 1944 2064 2000 exercitum

411 2034 689 2101 sentiens,
714 2033 924 2089 timore
944 2032 1288 2105 perterritus
1322 2033 1399 2090 ad
1449 2034 1664 2090 callida
1710 2038 2065 2104 argumenta

410 2121 786 2188 convertitur,
815 2124 872 2176 et
902 2123 1233 2177 Benevento
1263 2136 1544 2191 egressus
1568 2122 1910 2195 imperatori
1973 2121 2064 2177 ul-

412 2214 501 2266 tro
523 2225 585 2265 se
610 2209 800 2278 offert,
831 2213 1109 2280 paratum
1140 2226 1201 2265 se
1231 2226 1359 2266 esse
1390 2216 1447 2266 et
1473 2226 1710 2283 semper
1754 2211 1934 2267 fuisse
1988 2211 2065 2266 ad

409 2298 539 2370 ejus
567 2298 927 2371 obsequium
956 2296 1283 2371 proﬁtetur,
1307 2314 1644 2372 numquam
1668 2299 2066 2356 defectoribus

408 2403 473 2443 se
494 2402 812 2443 assensum
844 2388 915 2421 ⁴¹ι⁹
946 2386 1275 2458 praebuisse
1316 2387 1660 2458 juramento
1710 2388 2063 2453 conﬁrmat;

410 2476 627 2533 deinde
656 2475 1009 2532 muneribus
1038 2492 1242 2547 regem
1273 2476 1388 2533 sibi
1415 2477 1711 2546 conciliat,
1743 2493 1812 2533 ac
1842 2494 1984 2533 mox
2005 2477 2066 2532 in

329 2638 335 2645 ‘
409 2564 725 2639 pristinam
755 2563 1034 2636 recipitur
1064 2565 1339 2634 gratiam.
1403 2569 1730 2638 Imperator
1777 2566 1839 2621 iu
1893 2568 2065 2623 Cam-

408 2655 657 2729 paniam
677 2658 735 2710 et
764 2653 1085 2710 Lucaniam
1116 2653 1195 2710 ad
1237 2653 1503 2709 civitates
1548 2670 1682 2726 quae
1729 2653 2069 2710 defecerant

410 2744 616 2819 copias
645 2742 999 2815 transponit,
1021 2758 1175 2814 quas
1204 2741 1435 2814 absque
1454 2741 1801 2799 difﬁcultate
1830 2744 1887 2798 in
1906 2743 2067 2799 dedi-

407 2833 632 2890 tionem
652 2831 896 2903 recepit,
936 2834 1184 2901 excepto
1242 2829 1315 2863 “0
1368 2834 1660 2901 Capuam,
1718 2847 1872 2903 quae,
1922 2831 2066 2904 quia

408 2921 644 2996 quadro
675 2921 743 2954 ⁸⁶¹
777 2917 975 2991 lapide
1015 2922 1139 2973 erat
1186 2923 1551 2983 constructa,
1609 2919 1927 2976 audaciam
1980 2937 2067 2975 re-

405 3007 723 3085 pugnandi
746 3006 975 3062 civibus
1003 3005 1278 3095 praabuit.
1312 3006 1577 3077 Cingitur
1610 3009 1681 3042 ‘5’
1710 3008 1910 3081 itaque
1954 3009 2062 3065 ob-
2094 3039 2134 3095 ρ

410 3098 661 3166 sidione,
689 3095 1006 3168 omnisque
1034 3095 1231 3150 aditus
1251 3094 1512 3152 intrandi
1565 3096 1658 3153 vel
1703 3098 1960 3153 exeundi
1991 3101 2063 3133 “3

406 3184 646 3259 penitus
674 3182 1106 3254 intercluditur,
1130 3183 1296 3253 regio
1325 3185 1395 3218 ‘5‘
1418 3183 1478 3238 in
1500 3184 1746 3241 circuitu
1776 3174 2058 3253 vastatur,

410 3277 625 3330 cuncta
665 3271 862 3329 hostili
908 3271 1231 3345 rapacitate
1282 3271 1685 3344 diripiuntur;
1738 3274 2063 3331 novissime

407 3364 578 3433 vites,
609 3362 825 3419 oliveta
857 3362 928 3396 ‘5‘
968 3366 1026 3417 et
1081 3366 1288 3417 ceterae
1326 3362 1397 3397 ⁵⁵⁸
1455 3362 1769 3419 fructiferae
1817 3364 2062 3421 arbores

407 3450 693 3508 radicitus
723 3448 1110 3525 exciduntur.
1147 3448 1434 3522 Capuani,
1484 3450 1813 3522 desperatis
1855 3452 2060 3521 rebus,

407 3539 760 3613 episcopum
781 3537 1028 3596 civitatis
1059 3537 1305 3607 adeunt,
1324 3554 1543 3611 corpus
1570 3540 1758 3596 sancti
1786 3543 2063 3597 Germani

408 3629 695 3703 episcopi,
728 3629 901 3700 cujus
935 3626 1203 3685 animam
1251 3628 1610 3685 venerabilis
1652 3633 1822 3702 pater
1877 3632 2061 3687 Bene-

406 3717 599 3775 dictus
630 3718 690 3774 in
723 3718 960 3790 sphaera
982 3716 1162 3787 ignea
1186 3717 1253 3751 “7
1285 3715 1363 3773 ab
1385 3717 1613 3788 angelis
1642 3717 1702 3772 in
1733 3718 1953 3775 coelum
1978 3720 2062 3775 vi-

406 3807 576 3864 derat
602 3807 818 3864 deferri
848 3807 942 3875 m,
1000 3805 1062 3862 in
1109 3805 1322 3861 feretro
1360 3806 1581 3876 levant,
1630 3811 1688 3863 et
1740 3807 1824 3864 sic
1878 3809 2063 3881 portis
2102 3858 2105 3861 .

406 3897 626 3970 apertis
651 3894 950 3968 supplices
966 3894 1551 3966 castraimperatoris
1575 3900 1803 3968 petunt,
1826 3904 2063 3955 orantes

406 3986 677 4057 ejusdem
705 3984 895 4040 sancti
925 3983 1261 4040 interventu
1290 3983 1402 4039 sibi
1431 3984 1673 4040 veniam
1701 3984 1921 4055 largiri.
1952 3993 2065 4044 Au-

408 4081 638 4147 gustus,
662 4078 728 4130 ut
748 4073 882 4131 totis
911 4072 1147 4147 pietatis
1170 4072 1498 4130 visceribus
1538 4073 1840 4143 aﬂluebat,
1891 4078 2065 4135 mise-

407 4159 665 4217 ricordia
692 4163 915 4229 motus,
943 4163 1174 4215 erratus
1197 4163 1376 4232 atque
1405 4174 1683 4215 excessus
1707 4161 1777 4195 “9
1802 4160 2061 4232 benigne

404 4244 668 4311 indulsit,
700 4247 1100 4317 praecepitque
1112 4243 1483 4299 exercituiab
1504 4243 1735 4301 excidio
1760 4246 2057 4303 retrahere

404 4349 658 4389 manum
685 4332 774 4387 ‘5'.
828 4330 1102 4405 Expulsis
1156 4331 1356 4405 itaque
1413 4331 1645 4399 Graecis,
1678 4334 1955 4391 custodes
1984 4352 2058 4391 ex

403 4439 657 4480 numero
684 4420 1001 4479 satellitum
1053 4421 1117 4477 iu
1172 4420 1503 4477 civitatibus
1557 4438 1713 4495 quas
1752 4430 2057 4498 receperat
2087 4394 2131 4447 Β

2174 1778 2314 1817 cum
2348 1764 2417 1797 ³⁷³
2448 1762 2655 1835 paucis
2684 1763 2745 1818 in
2771 1763 2984 1819 eodem
3013 1763 3147 1819 loco
3169 1767 3460 1829 remanet,
3487 1762 3575 1818 nil
3600 1762 3837 1819 adversi

2177 1852 2515 1924 suspicatus
2538 1853 2628 1907 “3.
2650 1851 2966 1922 Adalgisus
2981 1869 3185 1924 regem
3205 1852 3554 1909 destitutum
3586 1868 3835 1908 suorum

2176 1939 2401 1997 viribus
2432 1944 2504 1976 ὀτι
2535 1957 2805 2011 cernens,
2832 1941 3200 2012 jamdudum
3223 1947 3579 2015 conceptam
3623 1942 3841 2014 iniqui-

2175 2032 2357 2084 tatem
2387 2030 2656 2102 parturit,
2690 2033 2747 2085 et
2770 2045 2910 2085 cum
2943 2046 3065 2085 suae
3097 2030 3558 2104 conspirationis
3587 2034 3838 2086 sectato-

2173 2115 2342 2172 ribus
2376 2119 2447 2152 ‘75
2470 2117 2780 2190 palatium,
2804 2116 2865 2172 in
2883 2133 3006 2190 quo
3032 2118 3360 2191 imperator
3376 2117 3621 2174 meridie
3640 2118 3836 2191 quies-

2176 2206 2366 2274 cebat,
2399 2222 2695 2279 occupare
2724 2206 2946 2262 nititur.
2970 2206 3096 2262 Rex
3121 2224 3157 2263 a
3185 2207 3432 2280 strepitu
3475 2212 3531 2262 et
3573 2206 3837 2264 clamore

2175 2295 2526 2351 irruentium
2558 2295 2867 2365 excitatus,
2900 2295 3052 2351 lecto
3081 2296 3294 2366 desilit,
3346 2313 3517 2353 arma
3571 2296 3836 2369 corripit,

2177 2399 2313 2439 cum
2341 2385 2658 2457 perpaucis
2683 2384 2949 2457 corporis
2973 2385 3065 2440 sui
3094 2385 3446 2441 custodibus
3481 2385 3559 2442 ad
3614 2384 3838 2441 ostium

2176 2462 2396 2528 domus
2456 2472 2727 2529 turbatus
2780 2473 3094 2546 repentina
3141 2474 3489 2547 irruptione,
3546 2464 3834 2547 procedit,

2178 2562 2527 2634 aditumque
2559 2561 2714 2618 ferro
2739 2563 3164 2632 intercludens,
3199 2564 3433 2620 hostem
3464 2580 3500 2620 a
3530 2562 3839 2618 liminibus

2177 2656 2354 2707 arcet.
2388 2651 2709 2722 Adalgisus
2739 2652 2999 2707 sentiens
3025 2660 3147 2708 non
3179 2652 3309 2708 sine
3335 2652 3685 2709 discrimine
3733 2668 3836 2708 os-

2174 2740 2255 2796 tia
2286 2740 2526 2809 domus,
2554 2756 2683 2796 esse
2703 2742 3099 2814 penetranda,
3132 2742 3210 2797 ab
3235 2742 3480 2801 introitu
3499 2742 3716 2815 pedem
3747 2757 3839 2797 re-

2174 2829 2370 2899 trahit,
2402 2829 2815 2903 palatiumque
2839 2830 3102 2886 ﬂammis
3134 2830 3309 2902 jubet
3363 2831 3549 2887 exuri.
3606 2834 3841 2886 Interea

2172 2933 2277 2973 rex
2301 2917 2540 2974 dextras
2574 2921 2643 2952 "6
2674 2919 2786 2974 sibi
2834 2918 2966 2975 dari
2991 2919 3180 2991 ’petit,
3228 2936 3565 2993 pacemque
3614 2919 3841 2976 obnixe

2173 3006 2446 3079 deposcit
2473 3026 2485 3076 ;
2514 3007 2609 3063 cui
2635 3023 2996 3079 responsum
3026 3012 3135 3078 est,
3166 3024 3291 3065 non
3314 3009 3481 3065 aliter
3502 3009 3683 3082 petita
3719 3008 3837 3064 im-

2174 3100 2566 3169 petraturum,
2627 3097 2744 3152 nisi
2790 3098 2959 3169 prius
2999 3097 3398 3169 jurejurando
3474 3098 3836 3166 devovisset,

2173 3202 2489 3257 nunquam
2522 3203 2583 3242 se
2612 3185 2825 3242 diebus
2855 3187 2984 3242 vitae
3009 3203 3134 3243 suae
3188 3188 3504 3244 Beneventi
3548 3187 3699 3244 ﬁnes
3748 3188 3840 3243 in-

2175 3278 2469 3330 traturum
2497 3291 2693 3348 neque
2741 3292 2809 3331 ex
2844 3275 3148 3332 calumnia
3176 3292 3365 3349 quam
3399 3281 3538 3332 tunc
3567 3276 3840 3349 patieba-

2173 3366 2285 3431 tur,
2315 3363 2643 3419 vindictam
2670 3363 3000 3437 aliquando
3041 3370 3413 3422 exacturum.
3469 3364 3671 3421 Allatis
3728 3366 3842 3421 ita-

2172 3468 2289 3525 que
2320 3457 2666 3509 sanctorum
2694 3453 3068 3525 pignoribus,
3098 3454 3451 3511 necessitate
3479 3455 3840 3511 constrictus

2172 3548 2617 3599 sacramentum
2642 3543 2807 3615 quod
2838 3544 2918 3599 ab
2947 3558 3019 3599 eo
3049 3544 3400 3614 exigebatur
3441 3544 3685 3615 juravit,
3719 3549 3841 3600 sta-

2170 3631 2397 3704 timque
2426 3637 2663 3705 postera
2684 3632 2778 3687 die
2804 3648 2840 3688 a
2872 3635 3204 3689 Benevento
3226 3635 3295 3671 ‘77
3331 3633 3523 3690 exivit.

2812 3762 3185 3818 DCCCLXXII.

2244 3890 2415 3942 Anno
2439 3886 2759 3942 Dominicae
2780 3885 3218 3942 incarnationis
3235 3890 3338 3942 872
3358 3887 3697 3944 Hlodwicus
3716 3890 3835 3960 (68)

2173 3976 2496 4048 imperator
2512 3979 2765 4032 Romam
2791 3976 2972 4043 venit,
3001 3976 3203 4049 ibique
3252 3983 3617 4035 conventum
3676 3979 3834 4035 cele-

2170 4066 2379 4137 brans,
2394 4082 2599 4122 coram
2612 4082 2851 4122 summo
2863 4067 3143 4139 pontiﬁce
3156 4066 3347 4123 multa
3374 4083 3554 4140 super
3564 4068 3835 4138 Adalgisi

2170 4155 2485 4229 tyrannide
2511 4160 2874 4227 conquestus
2901 4161 3008 4212 est.
3034 4159 3195 4212 Tunc
3214 4158 3285 4191 ⁸7⁸
3306 4173 3343 4213 a
3368 4162 3580 4213 senatu
3609 4160 3832 4215 Roma-

2169 4261 2385 4301 norum
2416 4245 2576 4301 idem
2593 4244 2912 4315 Adalgisus
2928 4250 3217 4318 tyrannus
3236 4252 3414 4321 atque
3432 4248 3620 4305 hostis
3634 4248 3834 4322 reipu—

2168 4334 2337 4391 blicae
2359 4333 2954 4401 declaratur,bellum
2976 4336 3153 4391 etiam
3170 4338 3242 4371 "9
3256 4338 3549 4393 adversus
3567 4353 3707 4393 eum
3728 4338 3835 4393 de-

2170 4424 2445 4481 cernitur.
2476 4426 2734 4479 Joannes
2766 4426 2838 4459 “0
2882 4440 3043 4498 papa
3093 4424 3521 4498 imparatorem
3576 4442 3615 4483 a
3666 4427 3838 4498 jura-

1786 4514 2015 4570 VABIE
2054 4514 2456 4572 LECTIONES.
3512 4542 3515 4547 λ

476 4586 547 4621 ⁴⁴¹
580 4589 638 4641 et
665 4582 1074 4640 calamitatum
1107 4582 1264 4638 deest
1288 4582 1341 4635 7.
1377 4586 1572 4637 9—12.
1652 4584 1724 4618 “1
1751 4584 1827 4640 de
1871 4584 2075 4642 lorans
2150 4586 2209 4642 ui
2242 4601 2325 4639 m.
2354 4590 2408 4639 7.
2440 4587 2635 4639 9—12.
2717 4585 2788 4618 “3
2818 4584 3190 4642 afternacum
3232 4591 3283 4643 3.
3319 4586 3738 4649 absternatum
3771 4595 3827 4646 5.

476 4660 831 4709 istemacum
864 4659 912 4709 1.
944 4657 998 4708 2.
1030 4656 1082 4708 4.
1142 4656 1529 4709 enternacum
1550 4659 1602 4709 7.
1637 4659 1668 4709 9
1696 4686 1763 4694 —
1798 4600 1880 4709 lg.
1964 4658 2031 4691 διδ
2058 4601 2376 4709 νῇωποάί
2407 4660 2425 4709 1
2457 4687 2525 4695 --
2550 4660 2601 4709 3.
2631 4660 2682 4709 5.
2712 4660 2764 4709 6.
2844 4658 2914 4691 “5
2969 4662 3243 4709 mortuus
3299 4663 3357 4709 et
3402 4659 3674 4709 sepultus
3733 4666 3826 4709 ὅτε-

403 4655 831 4713 absternacum
864 4659 912 4709 1.
944 4657 998 4708 2.
1030 4656 1082 4708 4.
1142 4656 1529 4723 epternacum
1550 4659 1602 4709 7.
1637 4659 1668 4710 9
1696 4686 1763 4694 —
1798 4655 1880 4710 12.
1964 4658 2031 4691 W

404 4729 477 4799 “7‘
506 4724 803 4799 pontiﬁcis
841 4724 1081 4799 culmen
1140 4722 1197 4778 5i
1254 4722 1492 4799 culmen

2181 4654 2376 4731 ibrodi
2407 4660 2425 4710 1
2457 4687 2525 4695 —
2550 4660 2601 4711 3.
2631 4660 2682 4731 5.
2712 4660 2764 4711 6.
2844 4658 2914 4691 “5
2969 4662 3251 4731 mortuus
3299 4663 3357 4713 et
3402 4659 3674 4731 sepultus
3733 4666 3826 4716 5c.

1579 4724 1821 4804 ontiﬁcii
1850 4797 1863 4804 _
1900 4728 1967 4804 ξιτ
2015 4728 2394 4804 provinciam
2431 4726 2805 4804 __samnitum
2863 4733 2943 4784 5c.
3034 4731 3101 4804 *3“
3132 4730 3356 4800 peritus
3411 4724 3632 4786 harum
3688 4747 3830 4804 pro-

401 4795 744 4875 vinciarum‘
786 4795 959 4875 capit.
985 4795 1390 4875 beneventum
1438 4795 1566 4875 cod.
1606 4798 1681 4875 _S.
1734 4797 1954 4875 ngeh.
2001 4795 2122 4875 _'“f_
2164 4796 3007 4875 defectoribustassensumjl
3040 4803 3070 4855 9
3102 4795 3169 4840 —
3199 4806 3284 4875 12.
3332 4803 3434 4875 7‘5"
3486 4795 3739 4875 exceptis.
3768 4807 3825 4859 4.

403 4873 490 4939 5c.
546 4872 598 4923 8.
680 4868 759 4939 ‘5',
798 4865 1201 4939 quadrato_2.
1260 4868 1312 4920 3.
1362 4869 1443 4939 5.7
1493 4870 1543 4922 6.
1600 4873 1652 4939 7.

983 4868 1201 4949 fato.2.
1238 4868 1329 4949 ‘3.“
1362 4869 1543 4949 5..”6.
1600 4873 1652 4949 7.
1758 4869 2690 4949 t5?‘preebuit‘.“circumcingitur
2763 4868 3076 4949 obsidione
3142 4878 3193 4928 7.
3274 4874 3346 4949 1‘53
3414 4868 3832 4949 velexeundi

403 4938 563 5015 deest
619 4942 670 5015 5.
696 5012 715 5015 Α
751 4936 849 5015 ιξξ
871 4936 1271 5015 regiomdeesgn
1303 4940 1357 5015 5._
1383 5006 1400 5015 -
1433 4938 1522 5015 ἔδει-
1558 4938 1703 5015 vites
1734 4944 1790 4994 et
1818 4936 2033 4996 oliveta
2080 4943 2143 5015 et
2172 4941 2266 4997 5d.
2348 4942 2419 4976 ⁵³⁸
2448 4936 2665 4996 oliveta
2725 4945 3055 5015 ceteraeque
3108 4949 3135 4997 7
3167 4975 3235 5015 —
3266 4948 3349 4999 12.

3429 4946 3496 4979 δεῖ
3530 4944 3593 5000 in
3642 4962 3831 5018 spera.

398 5008 582 5114 ignea
607 5010 660 5062 4.
694 5012 745 5061 7.
778 5008 856 5078 (8)
883 5011 914 5061 9
946 5006 1015 5049 —
1037 5010 1121 5060 12.
1202 5008 1272 5041 ‘5“
1303 5006 1464 5064 videt
1487 5008 1701 5065 deferri
1729 5016 1993 5092 7.9—12.
2074 5014 2147 5048 ‘5'
2177 5016 2379 5068 reatus
2411 5016 2589 5137 atque
2620 5027 2900 5093 excessus
2930 5006 2978 5070 1’.
3013 5014 3219 5071 erratis
3245 5021 3423 5089 atque
3439 5006 3715 5072 excessui
3732 5023 3827 5074 5c.

430 5082 477 5116 ⁸ο
501 5093 755 5134 manum
784 5078 1161 5137 retrahere7.
1194 5080 1291 5137 (8.)
1323 5080 1517 5135 9—12.
1596 5081 1665 5114 ⁴⁶¹
1697 5085 1754 5136 et
1782 5098 1946 5137 SICln
1969 5082 2369 5137 beneventum
2400 5089 2451 5137 7.
2521 5083 2678 5137 —l2.
2713 5099 2797 5137 διο
2824 5084 2983 5137 deest
3018 5086 3170 5137 1—3.
3204 5091 3255 5137 5.
3308 5090 3360 5137 6.
3439 5090 3512 5123 ‘6!
3567 5087 3827 5137 desvde.»

403 5080 477 5116 ⁴⁶⁰
501 5093 761 5151 manum
784 5078 1161 5151 retrahere7.
1194 5080 1291 5151 (8.)
1323 5080 1517 5135 9—12.
1596 5081 1665 5151 ξθί
1697 5085 1754 5136 et
1782 5080 1864 5137 sic
1884 5081 1946 5137 in
1969 5082 2369 5139 beneventum
2400 5089 2451 5137 7.

2521 5083 2678 5160 —_l2.
2713 5082 3170 5160 sic_deest_l—_3.
3204 5091 3255 5141 5.
3308 5082 3360 5142 6'.
3439 5090 3512 5123 ⁴⁶²
3567 5087 3839 5160 desydek

400 5165 534 5207 rare
564 5155 615 5205 5.
697 5149 768 5184 ⁸⁸³
796 5147 1143 5220 conjugium
1182 5147 1281 5207 5a.
1352 5153 1423 5185 ⁴⁶⁵
1452 5149 1784 5278 αωὲιθοῐυε
1814 5151 1909 5208 5d.
1988 5154 2059 5187 ὀδε
2088 5169 2371 5217 revocare
2402 5158 2451 5208 5.
2535 5156 2604 5189 ⁶⁶⁶
2631 5154 2844 5211 cotidie
2876 5158 3166 5229 paulatim
3198 5162 3393 5215 7—12.
3476 5160 3541 5193 δεῖ
3596 5147 3835 5217 interea

404 5220 713 5278 adalgisus
743 5224 938 5276 7—12.
1017 5222 1089 5256 ⁴⁶⁸
1119 5226 1325 5278 ontata
1356 5237 1538 5278 conce
1585 5226 1749 5278 erent
1774 5228 1824 5278 5.
1858 5223 2283 5278 concederetur
2314 5229 2366 5278 2.
2450 5225 2519 5259 ‘69
2549 5241 2683 5278 aute
2711 5241 2863 5278 nene
2889 5228 2985 5278 5d.
3009 5234 3060 5278 7-
3164 5230 3235 5264 "0
3261 5230 3584 5278 exercitum
3615 5235 3674 5278 et
3712 5247 3834 5278 nm

404 5220 713 5304 adalgisus
738 5224 938 5302 7—12.
1004 5222 1325 5304 .‘68‘_optata
1356 5237 1538 5304 conce

397 5297 455 5353 5.
488 5306 561 5348 ex
590 5296 1054 5421 maximaaEarte
1080 5301 1133 5351 7.
1165 5310 1237 5349 ex
1270 5296 1644 5365 permaxima
1669 5297 1835 5367 parte
1856 5297 1908 5349 4.

407 5369 491 5419 12.
572 5364 644 5397 ³⁷³
669 5362 751 5419 nil
779 5381 837 5421 m
951 5365 1288 5421 susnicatus
1316 5369 1511 5421 7—12.
1593 5367 1664 5400 ‘7‘
1696 5364 1822 5420 suis
1851 5365 1907 5420 vi

1585 5226 1749 5278 erent
1774 5228 1824 5304 5.
1858 5223 2295 5304 concederetur
2314 5229 2366 5281 2.
2450 5225 2683 5304 Hs"‘quae
2697 5241 2863 5304 pene
2876 5223 2985 5304 5d.
3009 5234 3060 5285 7.
3153 5230 3235 5304 7‘10
3261 5230 3586 5287 exercitum
3615 5235 3674 5287 et
3712 5247 3834 5304 pro

1990 5297 2058 5330 ut
2093 5295 2339 5373 propria
2367 5295 2843 5373 repedére_1f-3_
3095 5302 3166 5335 δῖε
3194 5300 3319 5373 ipse
3348 5318 3489 5358 vero
3544 5318 3687 5373 cum
3712 5295 3834 5358 τῖ-

951 5364 1288 5437 suspicatus
1316 5369 1511 5421 7—12.
1593 5364 1822 5420 m'suis
1851 5364 2463 5423 viribus'des'titutum
2484 5373 2571 5424 5c.

2652 5368 2721 5405 “5
2744 5370 3073 5426 sectoribus
3215 5368 3309 5407 ’⁸⁷⁸
3335 5388 3437 5429 rex
3467 5372 3735 5431 indutias
3768 5380 3830 5432 5.

403 5436 472 5470 “7
497 5450 535 5491 a
561 5433 890 5493 benevento
913 5433 1155 5509 postera
1174 5434 1270 5490 die
1290 5440 1485 5491 7—12.
1528 5438 1600 5471 δῖε
1630 5440 1769 5492 tunc
1794 5437 2215 5567 deest
2235 5440 2307 5474 “9
2322 5439 2501 5496 etiam
2519 5440 2677 5495 deest
2698 5445 2819 5497 1.2.
2869 5443 2941 5475 ⁴⁸⁰
2952 5442 3208 5513 joannes
3228 5448 3429 5501 autem
3445 5459 3608 5517 papa
3619 5446 3831 5502 7—12.

471 5578 584 5650 (66)
613 5579 950 5650 Effernach
992 5592 1181 5649 prope
1242 5576 1543 5645 Treveros,
1603 5577 1706 5634 ubi
1762 5580 1816 5636 S.
1878 5578 2047 5634 Willi-

396 5649 949 5707 brOrdussenultus
978 5653 1120 5703 erat.

471 5723 583 5795 (e7)
615 5722 697 5780 cr.
730 5717 885 5779 Ann.
912 5717 1130 5775 Bertin.
1158 5734 1258 5776 an.
1283 5721 1406 5777 872.

2227 5583 2511 5671 (suae
2537 5584 2829 5671 aeris???
2857 5581 3014 5671 {acta
3035 5591 3193 5671 89°!»
3227 5586 3834 5671 siquidseioaenes

2186 5651 2321 5780 {ipsa
2345 5668 2554 5780 {nense
2583 5651 2830 5710 demum
2860 5651 3189 5714 Decembri
3220 5651 3362 5715 anni
3418 5651 3549 5716 872"
3578 5659 3834 5719 ordina-

2314 5742 2343 5780 δ
2372 5767 2384 5779 .
