4086 6200
214 113 317 164 105

1521 91 1964 154 CHRONICON.
2011 124 2080 132 —
2118 97 2231 151 AN.
2276 100 2401 155 873.

3585 81 3687 166 los

209 234 418 286 mento
448 243 565 299 quo
591 241 649 280 se
681 223 1079 293 obligaverat,
1105 223 1461 279 auctoritate
1483 219 1590 276 Dei
1625 223 1684 273 et
1711 213 1906 271 sancti
1937 216 1981 268 Α
2022 218 2098 252 ⁵⁰⁰
2129 221 2442 294 resisteret,
2475 221 2768 282 sollicitati
2793 228 2864 269 ⁵⁰ι
2897 242 3230 298 paucarum
3261 230 3566 289 civitatum
3592 234 3686 290 vel

209 320 357 375 Petri
389 315 654 376 absolvit.
689 312 1029 369 adﬁrmans
1051 313 1201 368 nihil
1224 312 1338 368 sibi
1367 313 1435 354 ‘31
1457 311 1708 376 obesse,
1735 303 1906 378 quod

205 409 284 464 ob
315 406 522 462 mortis
548 402 889 476 periculum
936 402 1324 458 evadendum
1364 404 1626 457 coactus
1655 396 1905 463 fecerat,

204 513 313 552 nec
347 497 797 550 sacramentum
827 487 959 546 esse
983 492 1328 557 dicendum,
1354 489 1526 563 quod
1557 489 1783 542 contra
1817 500 1908 539 sa-

203 588 391 643 lutem
423 582 765 658 republicze,
799 581 1085 653 quamvis
1115 598 1251 637 cum
1292 579 1498 636 multis
1531 573 1909 632 exsecratio-

207 676 407 742 nibus,
469 673 642 729 fuerit
699 671 1009 744 prolatum
1064 673 1155 726 ⁵⁸³.
1215 671 1314 725 His
1365 662 1907 725 exhortationibus

208 763 497 838 principis
523 762 803 816 animum
829 761 904 794 ⁸⁸³
932 761 1011 816 ad
1031 759 1289 815 rediviva
1317 754 1668 814 certamina
1693 766 1909 823 provo-

208 861 321 912 cat.
354 857 599 918 Tamen,
631 866 708 906 ne
755 866 792 904 a
845 849 970 905 suis
1008 851 1279 922 perjurus
1309 848 1640 907 diceretur,
1675 857 1907 914 nequa-

206 961 400 1018 quam
448 943 574 1014 ipse
617 943 834 995 contra
887 943 1212 1010 tyrannum
1260 935 1547 1010 procedit,
1591 930 1702 984 sed
1753 933 1909 1002 regi-

206 1050 357 1090 nam
391 1048 527 1086 cum
565 1028 837 1085 exercitu
869 1027 1086 1095 dirigit.
1125 1027 1457 1097 Adalgisus,
1491 1018 1679 1078 certis
1710 1022 1785 1055 ‘3‘
1817 1022 1904 1079 in-

206 1121 379 1177 diciis
410 1118 718 1186 colligens,
754 1115 989 1171 bellum
1023 1115 1343 1170 adversum
1373 1129 1434 1168 se
1465 1109 1734 1167 summis
1765 1110 1903 1167 viri-

206 1212 325 1266 bus
354 1211 427 1244 ⁴⁸⁵
457 1206 681 1280 parari,
696 1206 1065 1276 hostemque
1087 1220 1146 1258 se
1177 1219 1244 1259 ac
1273 1207 1609 1274 tyrannum
1631 1214 1762 1254 esse
1794 1201 1899 1256 de-

208 1298 589 1364 nunciatum,
620 1309 751 1348 suae
784 1293 1070 1364 nequitiae
1121 1291 1393 1347 conscius
1422 1295 1591 1346 metu
1637 1289 1900 1361 percelli-

211 1395 307 1444 tur
335 1390 432 1450 t“,
467 1390 524 1441 et
552 1400 724 1456 spem
759 1383 897 1438 vitae
944 1382 1005 1436 in
1047 1380 1192 1450 fuga
1215 1396 1467 1452 ponens,
1495 1379 1557 1434 in
1590 1379 1895 1436 Corsicam

205 1476 478 1532 insulam
511 1472 772 1538 secessit,
807 1470 1017 1543 ibique
1059 1469 1135 1525 ad
1169 1474 1404 1541 tempus
1431 1467 1660 1524 delituit
1691 1469 1783 1524 ‘57.

858 1560 1264 1616 DCCCLXXIII.

281 1658 456 1708 Anno
505 1649 838 1707 Dominicm
891 1647 1323 1703 incarnationis
1356 1649 1426 1682 ⁵⁸⁸
1457 1652 1581 1714 873,
1632 1646 1892 1704 locusta-

208 1761 345 1800 rum
395 1737 844 1797 inazstimabilis
891 1736 1214 1792 multitudo
1262 1752 1469 1792 mense
1500 1741 1764 1807 Augusto
1813 1737 1892 1794 ab

209 1834 436 1890 oriente
458 1829 732 1898 veniens,
771 1831 961 1884 totam
1011 1842 1165 1899 pene
1212 1825 1576 1898 pervastavit
1617 1826 1887 1883 Galliam.

213 1925 384 1987 Quae
413 1919 673 1989 majores
705 1921 880 1973 erant
923 1931 1114 1988 quam
1158 1919 1380 1970 caetera:
1409 1915 1672 1982 locustae,
1703 1915 1888 1971 habe-

209 2012 480 2081 bantque
532 2009 625 2073 “’9,
697 2021 848 2060 sena
906 2003 1145 2060 alarum
1192 2003 1462 2073 remigia,
1533 2008 1609 2072 et,
1667 2003 1890 2060 mirum

209 2099 374 2154 dictu
402 2100 498 2164 "0,
544 2101 609 2150 ut
653 2098 995 2150 castrorum
1045 2092 1203 2148 acies
1245 2091 1534 2147 distinctis
1577 2091 1890 2148 ordinibus

211 2204 315 2260 per
344 2201 490 2242 aera
518 2183 891 2247 ferebantur,
927 2180 1021 2236 vel
1055 2186 1222 2236 terra:
1245 2179 1662 2236 incumbentes
1696 2186 1892 2238 castra

212 2275 599 2333 metabantur
629 2275 724 2326 ‘9'.
746 2275 943 2328 Duces
969 2287 1112 2326 cum
1145 2269 1352 2341 paucis
1382 2269 1705 2325 exercitum
1726 2269 1893 2326 itine-

211 2383 274 2422 re
302 2365 484 2420 unius
513 2362 632 2418 diei
661 2359 984 2434 praeibant,
1012 2357 1189 2430 quasi
1218 2357 1350 2413 loca
1389 2362 1530 2430 apta
1560 2357 1888 2414 multitudi-

211 2455 270 2511 ni
295 2452 619 2528 provisuri.
653 2450 822 2507 Circa
869 2449 1092 2504 horam
1143 2463 1390 2518 nonam,
1422 2445 1527 2502 ubi
1557 2446 1743 2502 duces
1768 2448 1889 2519 pri-

206 2547 308 2601 die
341 2546 647 2612 venerant,
679 2540 1050 2608 insidebant,
1075 2553 1184 2592 nec
1211 2553 1246 2592 a
1274 2537 1406 2593 loco
1436 2539 1730 2608 occupato
1761 2551 1890 2591 mo-

205 2635 531 2700 vebantur,
561 2643 885 2702 quousque
943 2626 1035 2682 sol
1075 2642 1253 2680 suum
1301 2627 1752 2698 repreesentaret
1797 2640 1889 2679 or-

208 2730 340 2778 tum
367 2740 381 2787 ;
417 2725 558 2776 tunc
590 2735 694 2791 per
724 2722 958 2773 turmas
985 2731 1129 2771 suas
1160 2713 1709 2786 proﬁciscebantur,
1743 2717 1806 2767 ut
1825 2713 1888 2768 in

209 2811 411 2885 parvis
439 2807 803 2865 animalibus
836 2804 1225 2876 disciplinam
1248 2803 1561 2860 militarem
1590 2818 1886 2858 cerneres.

213 2901 532 2971 Segetibus
578 2897 999 2962 vescebantur,
1045 2910 1182 2966 quae
1232 2893 1308 2948 ab
1365 2893 1449 2950 eis
1496 2894 1579 2949 ita
1627 2893 1888 2984 depastae
1919 2928 1959 2984 Ο

211 2995 376 3059 sunt,
410 2994 478 3044 ut
507 2987 684 3043 veluti
710 2984 968 3041 immani
1010 2985 1365 3054 tempestate
1396 2986 1769 3054 consumptae
1798 2981 1886 3037 vi-

207 3081 520 3137 derentur.
589 3076 857 3148 Spatium
909 3071 1114 3128 diurni
1171 3071 1393 3127 itineris
1459 3076 1720 3144 quatuor
1785 3075 1890 3126 aut

209 3171 490 3243 quinque
547 3165 791 3222 milibus
848 3165 920 3198 ‘93
977 3160 1429 3217 extendebatur.
1489 3164 1890 3217 Pervenerunt

213 3264 419 3315 autem
451 3272 644 3328 usque
674 3255 751 3311 ad
781 3268 950 3309 mare
979 3250 1386 3306 Britannicum
1417 3250 1794 3323 superﬁciem
1815 3252 1888 3284 “'3

212 3353 385 3403 terrae
412 3344 845 3417 cooperientes,
871 3341 934 3396 in
965 3356 1088 3412 quo
1118 3340 1214 3405 ωδ,
1242 3342 1360 3394 Deo
1385 3339 1640 3410 volente,
1671 3339 1891 3394 violen-

215 3441 280 3492 to
308 3440 624 3490 ventorum
667 3432 838 3488 ﬂattu
869 3432 943 3464 "95
977 3427 1276 3500 impulsae,
1307 3430 1484 3499 atque
1527 3428 1588 3483 in
1638 3427 1888 3499 profun-

214 3525 370 3580 dum
417 3523 778 3596 absportatae
838 3519 1118 3575 dimersae
1188 3519 1260 3551 ⁵9⁵
1318 3522 1474 3573 sunt.
1527 3520 1694 3573 zEstu
1749 3533 1889 3573 vero

218 3619 399 3686 atque
450 3611 746 3667 refusione
798 3607 1014 3663 oceani
1069 3605 1322 3677 rejectae,
1363 3605 1534 3662 litora
1588 3605 1889 3661 maritima

215 3703 619 3776 repleverunt,
667 3701 954 3770 tantaque
1009 3694 1317 3766 congeries
1363 3694 1518 3750 facta
1569 3699 1676 3760 est,
1707 3699 1773 3749 ut
1810 3696 1890 3750 ad

217 3793 414 3847 instar
443 3791 515 3825 ³9⁷
542 3787 839 3844 montium
885 3785 1207 3842 cumulatae
1250 3789 1783 3840 coacervarentur:
1818 3800 1890 3840 ex

218 3895 438 3936 earum
502 3877 706 3933 fratcre
763 3891 834 3931 ac
889 3873 1207 3948 putredine
1265 3887 1368 3927 aer
1420 3876 1759 3944 corruptus,
1807 3872 1891 3928 di-

214 3985 365 4025 ram
394 3971 618 4040 pestem
645 3963 913 4020 ﬁnitimis
944 3960 1272 4033 generavit,
1306 3975 1379 4015 ex
1416 3977 1540 4034 qua
1581 3959 1756 4017 multi
1785 3976 1889 4033 pe-

211 4058 464 4115 rierunt
492 4056 581 4108 ‘93.

295 4149 411 4201 Per
433 4142 590 4199 idem
609 4146 846 4214 tempus
878 4137 1126 4194 Carolus
1140 4135 1636 4207 Andegavensem
1657 4136 1892 4194 obside-

211 4236 332 4293 bat
358 4233 590 4289 urbem.
624 4231 886 4303 Denique
935 4226 1310 4284 Nordmanni
1357 4233 1684 4302 postquam
1733 4229 1888 4283 Rod-

207 4326 464 4382 bertum
495 4325 551 4378 et
579 4319 986 4385 Ramnulfum,
1012 4322 1069 4373 et
1097 4317 1244 4374 alios
1271 4317 1596 4374 nonnullos
1617 4319 1690 4352 ‘99
1719 4331 1893 4387 gene-

211 4431 377 4472 τοδε
408 4411 610 4484 stirpis
650 4411 826 4478 viros,
858 4408 965 4482 qui
1007 4408 1212 4481 patriae
1241 4406 1528 4464 terminos
1562 4406 1746 4463 armis
1771 4411 1893 4464 tue-

212 4506 470 4570 bantur,
504 4504 624 4558 Deo
654 4497 1092 4556 habitatoribus
1139 4501 1305 4553 terra:
1337 4496 1715 4564 adversante,
1741 4499 1894 4553 occi-

214 4593 467 4660 derunt,
487 4604 625 4644 cum
650 4602 827 4644 nemo
847 4585 1213 4642 inveniretur
1231 4583 1336 4657 qui
1356 4599 1564 4640 eorum
1594 4583 1889 4641 violentias

2021 308 2337 378 regionum
2392 311 2740 386 direptione,
2794 332 2869 371 ex
2917 317 3123 388 praeda
3175 318 3546 389 singularum
3587 324 3680 392 ³0⁵⁵,

2021 403 2262 468 quantas
2311 415 2455 474 opes
2505 403 2922 460 universarum
2976 411 3175 462 essent
3223 407 3427 463 animo
3456 410 3686 482 prospi-

2022 485 2259 556 cientes,
2287 490 2623 560 Andegavis
2645 492 2967 561 civitatem,
2991 493 3223 549 civibus
3244 494 3388 565 fuga
3409 495 3679 568 dilapsis,

2020 591 2277 633 vacuam
2297 581 2674 651 reperientes,
2698 580 3150 651 ingrediuntur;
3176 599 3363 656 quam
3386 602 3526 641 cum
3552 603 3682 641 mu-

2019 665 2371 724 nitissimam
2425 674 2480 725 et
2509 686 2615 742 pro
2648 671 2762 725 situ
2812 672 2924 726 loci
2971 673 3505 744 inexpugnabilem
3549 692 3680 732 esse

2018 753 2317 825 vidissent,
2351 757 2410 814 in
2440 758 2701 815 laetitiam
2737 759 2930 826 effusi,
2964 761 3122 816 hanc
3153 760 3275 816 suis
3309 779 3681 836 suorumque

2019 844 2204 916 copiis
2232 845 2592 902 tutissimum
2639 848 3084 921 receptaculum
3117 849 3406 906 adversus
3435 851 3680 908 lacessi—

2019 936 2106 989 tas
2132 933 2286 990 bello
2320 940 2525 1005 gentes
2559 937 2682 992 fore
2724 938 3070 993 decernunt.
3107 937 3379 994 Protinus
3420 940 3680 996 navibus

2014 1037 2122 1095 per
2150 1023 2470 1080 Medanum
2503 1027 2610 1097 (69)
2648 1026 2899 1081 ﬂuvium
2932 1026 3204 1083 deductis
3243 1043 3544 1102 muroque
3572 1045 3682 1103 ap-

2013 1111 2262 1184 plicatis,
2297 1129 2434 1168 cum
2458 1115 2530 1148 ⁵⁰³
2553 1114 2905 1171 mulieribus
2935 1119 2992 1170 et
3015 1115 3280 1188 parvulis
3313 1117 3495 1174 veluti
3525 1119 3588 1174 in
3609 1134 3681 1174 ea

2009 1200 2335 1257 habitaturi
2381 1202 2620 1270 intrant,
2654 1203 2854 1260 diruta
2901 1209 3205 1277 reparant,
3248 1204 3445 1262 fossas
3494 1207 3679 1264 vallo-

2010 1309 2158 1364 sque
2188 1295 2259 1327 5""
2290 1299 2599 1364 renovant,
2630 1299 2687 1351 et
2716 1313 2790 1350 cx
2822 1313 2891 1352 ea
2922 1295 3313 1368 prosilientes,
3349 1300 3680 1369 repentinis

2006 1381 2449 1439 incursionibus
2504 1387 2576 1418 δθδ
2629 1384 3122 1456 circumjacentes
3178 1384 3456 1452 regiones
3501 1388 3682 1444 deva-

2007 1475 2180 1526 stant.
2216 1472 2386 1536 Quod
2435 1489 2576 1527 cum
2621 1473 2834 1528 Carolo
2867 1479 2990 1529 tam
3034 1472 3371 1546 perniciosa
3402 1477 3589 1546 pestis
3619 1475 3680 1532 in

1929 1574 1966 1628 Β
2003 1560 2328 1615 visceribus
2359 1561 2525 1631 regni
2555 1560 2882 1618 interclusa
2915 1562 3198 1618 nunciata
3219 1566 3392 1629 esset,
3428 1563 3585 1621 illico
3607 1582 3681 1622 ex

2003 1649 2286 1705 omnibus
2313 1650 2478 1719 regni
2505 1666 2641 1722 quae
2675 1668 2802 1706 sua:
2828 1652 3037 1708 ditioni
3062 1650 3379 1724 parebant,
3399 1654 3585 1711 veluti
3601 1655 3681 1712 ad

2003 1755 2324 1795 commune
2374 1739 2723 1796 incendium
2779 1739 3287 1811 exstinguendum
3344 1745 3678 1801 exercitum

2003 1831 2242 1902 colligit,
2271 1836 2449 1904 atque
2499 1832 2710 1887 castris
2742 1833 2803 1888 iu
2837 1833 3083 1889 circuitu
3115 1831 3342 1906 positis,
3377 1835 3676 1894 civitatem

2002 1920 2314 1998 obsidione
2331 1921 2530 1976 cinxit.
2558 1923 2624 1976 Et
2645 1922 2790 1994 quia
2820 1923 3069 1979 Medana
3098 1921 3314 1978 ﬂuvius
3342 1939 3377 1979 a
3401 1927 3677 1998 partibus

2007 1995 2298 2066 Brittaniae
2330 2009 2495 2064 urbis
2527 2026 2774 2066 murum
2806 2011 3092 2068 adluebat
3122 2013 3218 2080 ⁵0⁸,
3251 1995 3559 2072 Salomoni
3583 2033 3676 2072 re-

2006 2098 2063 2167 gi
2094 2097 2424 2154 Brittonum
2457 2098 2734 2167 mandat,
2764 2105 2848 2163 ut,
2871 2099 3188 2156 contractis
3216 2101 3471 2171 auxiliis,
3506 2105 3677 2160 citius

2005 2187 2371 2254 adventaret,
2407 2190 2471 2242 ut
2519 2203 2915 2246 communem
2962 2191 3197 2246 hostem
3247 2195 3676 2249 communibus

2003 2275 2230 2331 viribus
2261 2280 2700 2347 expugnarent.
2728 2278 2862 2346 Qui,
2887 2279 3209 2350 assumptis
3241 2294 3448 2336 secum
3472 2282 3674 2337 multis

2006 2364 2332 2420 Brittonum
2361 2363 2626 2431 milibus,
2663 2382 2848 2437 super
2877 2365 3072 2438 ripam
3114 2367 3378 2422 ﬂuminis
3409 2369 3672 2425 Medanae

2003 2452 2253 2508 tentoria
2281 2451 2427 2523 ﬁgit.
2463 2454 2531 2486 δοῖ
2563 2452 2751 2521 Igitur
2782 2471 2855 2510 ex
2904 2453 3187 2510 omnibus
3218 2455 3490 2527 partibus
3524 2457 3672 2513 urbe

2002 2541 2315 2598 obsidione
2381 2541 2777 2610 circumdata,
2850 2543 3052 2599 multis
3119 2543 3332 2600 diebus
3403 2547 3671 2619 undique

2003 2646 2246 2686 summa
2271 2630 2480 2685 virtute
2501 2630 2846 2701 dimicatur,
2882 2637 2938 2688 et
2962 2649 3122 2689 nova
3147 2638 3203 2689 et
3229 2635 3524 2706 exquisita
3547 2652 3672 2691 ma-

2001 2719 2522 2775 chinamentorum
2571 2733 2795 2788 genera
2841 2721 3237 2793 applicantur,
3273 2724 3377 2778 sed
3414 2729 3666 2781 conatus

2000 2809 2155 2879 regis
2186 2807 2594 2881 prosperitatis
2635 2808 2917 2865 effectum
2948 2813 3019 2845 503
3053 2827 3174 2866 non
3215 2811 3489 2883 obtinuit,
3525 2815 3667 2887 quia

2000 2903 2057 2954 et
2097 2898 2212 2955 loci
2256 2897 2436 2954 facies
2466 2913 2591 2952 non
2625 2897 2861 2954 facilem
2893 2900 3202 2971 praebebat
3246 2917 3580 2972 accessum,
3613 2908 3669 2960 et

1997 3001 2377 3061 paganorum
2413 2984 2615 3041 valida
2656 3002 2898 3055 manus,
2931 2987 3074 3059 quia
3102 3005 3214 3061 pro
3244 2990 3365 3046 vita
3395 3006 3487 3046 res
3519 2996 3662 3060 erat,

2001 3091 2242 3132 summo
2290 3074 2602 3130 resistebat
2645 3076 2982 3132 conamine.
3017 3079 3090 3111 509
3120 3078 3419 3134 Exercitus
3451 3081 3522 3114 ’δίο
3552 3079 3666 3135 im-

1998 3181 2244 3221 mensae
2273 3163 2671 3220 multitudinis
2699 3181 2837 3219 cum
2877 3165 3072 3235 longae
3104 3165 3440 3223 obsidionis
3466 3169 3662 3236 taedio,

1999 3254 2158 3310 fame
2183 3258 2239 3309 et
2252 3252 2419 3324 gravi
2436 3252 2783 3325 pestilentiae
2802 3255 3018 3310 morbo
3036 3259 3402 3327 attereretur,
3418 3272 3664 3313 cernen-

1997 3347 2084 3399 tes
2116 3343 2404 3398 Brittones
2438 3341 2648 3397 urbem
2698 3341 3253 3415 inexpugnabilem,
3288 3346 3486 3402 conati
3528 3349 3666 3401 sunt

2000 3431 2251 3487 ﬁuvium
2284 3446 2320 3486 a
2351 3446 2461 3486 suo
2509 3429 2680 3486 alve‘o
2720 3430 3010 3501 derivare,
3046 3438 3130 3501 ut,
3163 3434 3461 3490 exsiccato
3488 3437 3662 3490 natu-

1997 3522 2108 3577 rali
2148 3525 2372 3589 meatu,
2400 3535 2587 3575 naves
2619 3520 3149 3577 Nordmannorum
3190 3523 3473 3579 invadere
3524 3539 3664 3596 pos-

1997 3614 2148 3665 sent.
2190 3611 2258 3644 5“
2296 3612 2612 3680 Coeperunt
2641 3607 2839 3678 itaque
2871 3609 3098 3664 fossam
3111 3609 3276 3664 mirre
3293 3610 3663 3681 profundita-

1999 3699 2071 3754 tis
2103 3715 2171 3755 ac
2201 3696 2531 3753 latitudinis
2563 3696 2813 3766 aperire,
2843 3712 2974 3766 quae
3003 3713 3097 3752 res
3137 3701 3370 3754 tantum
3401 3699 3664 3754 formidi-

1998 3789 2090 3842 nis
2122 3789 2194 3822 3”
2223 3790 2452 3841 metum
2483 3784 2882 3840 Nordmannis
2912 3783 3180 3857 ingessit,
3212 3790 3279 3841 ut
3317 3786 3545 3859 absque
3576 3787 3663 3844 di-

1997 3877 2217 3934 latione
2262 3875 2566 3946 ingentem
2615 3873 2938 3947 pecuniam
2978 3874 3188 3931 Carolo
3219 3875 3658 3948 pollicerentur,

1999 3967 2068 4036 si,
2093 3965 2290 4022 soluta
2314 3963 2648 4030 obsidione,
2675 3963 2758 4018 eis
2784 3979 2856 4018 ex
2883 3979 2993 4018 suo
3026 3979 3211 4034 regno
3237 3964 3492 4022 liberum
3513 3983 3664 4040 prte-

1997 4055 2165 4112 beret
2191 4069 2522 4125 egressum.
2571 4056 2710 4120 Rex,
2743 4051 2902 4125 turpi
2951 4053 3271 4126 cupiditate
3322 4061 3658 4128 superatus,

1998 4145 2321 4219 pecuniam
2373 4144 2615 4216 recepit,
2666 4146 2723 4197 et
2764 4143 2842 4198 ab
2895 4141 3208 4200 obsidione
3240 4146 3314 4180 ⁵¹³
3352 4147 3660 4216 recedens,

2001 4233 2280 4290 hostibus
2302 4231 2432 4288 vias
2465 4233 2538 4266 5”
2565 4230 2858 4304 patefecit.
2883 4230 2986 4299 Illi,
3015 4233 3360 4290 conscensis
3380 4236 3659 4306 navibus,

2001 4323 2063 4380 in
2089 4321 2341 4393 Ligerim
2370 4325 2762 4387 revertuntur,
2796 4324 2852 4376 et
2880 4335 3293 4394 nequaquam,
3315 4328 3382 4379 ut
3403 4341 3666 4398 spopon-

2002 4412 2234 4478 derant,
2269 4427 2340 4466 ex
2368 4425 2556 4480 regno
2590 4409 2720 4480 ejus
2769 4416 3181 4479 recesserunt;
3220 4412 3324 4468 sed
3353 4412 3413 4468 in
3443 4414 3661 4471 eodem

2000 4499 2134 4556 loco
2165 4501 2499 4569 manentes,
2531 4497 2720 4552 multo
2749 4498 2958 4569 pejora
2981 4503 3038 4554 et
3069 4498 3448 4568 immaniora,
3472 4517 3659 4574 quam

2000 4591 2178 4644 antea
2201 4585 2465 4643 fecerant
2491 4588 2587 4657 δίε,
2619 4589 3037 4658 perpetrarunt
3065 4587 3160 4642 ωδ.

1608 4676 1838 4730 νΑΒΙιΕ
1879 4677 2170 4734 LECTION
2177 4677 2275 4730 ES.

299 4754 366 4787 ⁵⁸¹
399 4750 517 4806 sibi
545 4749 704 4805 deest
734 4753 785 4803 5.

217 4823 396 4880 ribus
425 4827 485 4876 2.
687 4821 755 4854 “‘6
782 4821 943 4874 metu
971 4821 1316 4890 perterritus
1348 4822 1400 4873 5.

221 4897 378 4951 Tota
406 4891 689 4949 narratio
718 4891 790 4946 de
822 4887 1059 4946 locus—tis
1089 4887 1248 4944 deest
1278 4890 1332 4942 4.

217 4966 535 5024 tiebantur
561 4968 613 5018 5.
693 4963 762 4996 ‘9’
795 4959 1126 5017 miliaribus
1155 4963 1208 5014 5.

215 5041 430 5095 9—12.
513 5036 586 5068 ⁵9⁵
613 5033 900 5090 demersae
931 5037 981 5086 5.
1011 5035 1063 5086 8.
1162 5031 1230 5064 ‘97
1261 5033 1326 5085 ut
1349 5029 1536 5085 instar
1565 5035 1594 5084 7
1623 5029 1690 5070 -ῐ
1716 5034 1800 5086 12.

216 5110 309 5144 εθθ
333 5104 694 5162 inviolentiae
723 5107 776 5159 2.
892 5105 962 5138 ⁵⁰¹
996 5099 1246 5158 sollicita
1275 5107 1327 5156 7.

209 5178 444 5256 praess
468 5175 707 5256 singula
728 5181 782 5256 7.-
895 5175 1085 5255 “tum;

212 5243 322 5328 ἦ..
375 5250 444 5283 ³⁸⁵
473 5243 796 5328 repentinis
809 5243 1212 5328 _cursinopibus
1238 5248 1350 5328 5__c.

205 5319 404 5379 mine
447 5317 778 5374 resistebat.
809 5323 861 5372 7.

203 5390 577 5452 formidinis
611 5393 764 5444 1—5.
842 5389 915 5422 διε
945 5391 1002 5442 et
1030 5385 1343 5442 obsidione
1373 5387 1569 5442 7—12.

202 5466 303 5503 διε
341 5464 769 5537 perpetrarunt
804 5459 958 5515 deest
993 5463 1043 5512 5.
1077 5463 1129 5512 7.

893 4747 962 4826 33'
994 4744 1169 4826 fuerit
1197 4743 1528 4826 probatum.
1542 4749 1600 4826 2.
1618 4750 1687 4826 ¹5.

1516 4749 1600 4801 [2.
1636 4750 1687 4801 5.
1796 4747 1867 4780 ⁵⁸³
1897 4747 2206 4804 animus...
2240 4749 2603 4820 provocatur
2628 4749 2679 4800 5.

1516 4819 1583 4852 ³⁸⁷
1617 4816 1786 4872 latuit
1814 4822 1865 4873 5.
1899 4825 1929 4874 7
1965 4851 2032 4859 —
2063 4823 2146 4875 12.
2261 4818 2333 4852 ¹δ⁸⁸
2363 4816 2679 4874 incarnatit

1640 4831 1786 4872 ᾶῑωι
1814 4831 1865 4873 5.
1899 4831 1928 4873 7
1965 4851 2032 4859 —
2063 4831 2146 4873 1⁸2.

1288 4890 1332 4942 ’i.
1430 4888 1499 4921 ⁸⁸⁸
1531 4887 1839 4944 habebant
1862 4893 1914 4945 7.
1942 4895 1974 4947 9
2003 4923 2071 4930 —
2106 4893 2190 4946 12.
2290 4889 2362 4922 ⁵90
2392 4887 2555 4944 dictu
2584 4892 2674 4943 est
2702 4891 2767 4942 ut
2796 4891 2847 4942 5.
2947 4889 3012 4920 ‘9'
3047 4887 3424 4962 metebantur
3453 4895 3504 4947 2.
3538 4909 3656 4948 me-

1288 4960 1359 4992 ⁵⁹³
1385 4957 1476 5014 br.
1511 4965 1568 5015 et
1596 4959 1973 5031 superﬁciem
2005 4967 2034 5017 5
2062 4977 2112 5017 c.
2172 4977 2224 5017 e.
2269 4961 2339 4994 ⁵9³
2370 4959 2536 5032 quod
2561 4964 2609 5014 1.
2635 4963 2686 5014 3.
2712 4963 2742 5013 5
2771 4974 2821 5013 c.
2856 4972 2906 5012 e.
2979 4959 3051 4993 ινδ
3086 4958 3230 5014 ﬂatu
3258 4966 3574 5019 ventorum
3604 4969 3656 5020 7.

1288 5033 1325 5068 if
1350 5029 1536 5068 incisus
1565 5035 1594 5068 '7
1623 5061 1690 5068 _
1716 5034 1777 5068 4⁸)
1902 5033 1973 5068 498
2006 5049 2076 5068 av
2107 5047 2224 5068 nun
2256 5047 2312 5068 m
2359 5047 2400 5068 η
2455 5031 2612 5068 done!
2641 5035 2671 5068 τ’
2706 5060 2774 5068 ._
2801 5029 2881 5068 'I‘),
2963 5029 3036 5064 $99
3063 5031 3384 5068 nnnnnllnc
3417 5035 3574 5068 dono!
3606 5040 3634 5068 κ

1441 5047 1536 5085 ιδι-
1566 5047 1592 5084 ·ι
1623 5061 1690 5070 -
1716 5047 1800 5086 12.
1902 5047 1973 5068 πο
2006 5049 2080 5088 ex
2107 5047 2230 5105 qua
2255 5047 2336 5086 m.
2359 5047 2421 5104 p.
2455 5047 2612 5087 aeest
2642 5047 2664 5084 νε
2706 5060 2774 5069 -
2803 5047 2884 5082 iz.
3063 5047 3385 5088 nonnuuos
3415 5047 3574 5092 deest
3604 5047 3656 5093 5.

1441 5103 1513 5183 s‘cs
1545 5101 1860 5183 rggionum
1887 5103 2237 5183 ᾀθ-οβρηοηὲ
2271 5105 2403 5183 ι--.-
2430 5106 2581 5183 3ΞΜΒ.
2613 5099 2705 5183 vel
2735 5098 3056 5183 regionem.
3071 5100 3469 5183 direptionem
3501 5111 3558 5162 et
3586 5123 3657 5162 ex

895 5175 1293 5255 “imumque
1331 5171 1645 5298 epiplicatis
1676 5188 1815 5229 cum
1860 5176 2017 5232 deest
2038 5171 2073 5230 ’1
2111 5179 2264 5258 ---.3ἶ
2296 5178 2347 5228 5.

895 5243 1208 5300 il‘SlOlellS
1238 5248 1268 5298 5
1299 5259 1350 5298 c.
1429 5286 1442 5298 .
1521 5244 1594 5279 ⁵⁰⁶
1626 5243 1912 5302 abluebat
1939 5251 1992 5302 5.
2069 5247 2139 5280 ⁵0⁷
2166 5245 2294 5300 fixit
2323 5244 2343 5297 ι

976 5286 1557 5372 ὲῖῖἒχὶῖυὲίιῖεᾭθιιο
1609 5286 1912 5372 Chiam/“.73”
1927 5286 1994 5356 ΣΞ
2027 5321 2110 5372 t2.

982 5391 1002 5442 t
1030 5385 1343 5442 obsidione
1373 5387 1569 5442 7—12.
1668 5388 1740 5421 5“
1770 5387 1947 5444 viam.
1981 5390 2034 5444 4.
2069 5393 2110 5443 5.

1668 5401 1740 5421 ³³⁵
1770 5403 1947 5445 Viam.
1981 5401 2034 5444 4.
2069 5401 2120 5443 5.

2714 4731 2720 4742 ’
2782 4747 2854 4780 ⁸⁸⁴
2882 4745 3041 4801 deest
3068 4748 3262 4801 9—12.
3366 4747 3438 4783 ‘35
3467 4748 3659 4804 visce-

2261 4818 2333 4852 ⁸⁸⁸
2363 4816 2791 4874 incarnationis
2821 4819 2946 4885 874,
2987 4821 3032 4870 1.
3066 4821 3117 4871 2.
3148 4821 3199 4872 3.
3236 4821 3288 4873 5.
3319 4820 3371 4873 8.
3405 4825 3437 4875 9
3467 4851 3539 4861 —
3569 4824 3654 4876 12.

2290 4889 2362 4922 ⁵90
2392 4887 2555 4944 dictu
2584 4892 2674 4943 est
2702 4891 2767 4942 ut
2796 4891 2847 4942 5.
2947 4889 3012 4920 ‘9'
3047 4885 3424 4945 metebantur
3453 4895 3504 4947 2.
3538 4909 3661 4948 me-

2359 5029 2421 5104 p.
2455 5031 2612 5087 deest
2641 5035 2774 5104 7_—
2801 5029 2884 5104 12.
2963 5029 3036 5064 “’9
3063 5031 3385 5104 nonnullos
3415 5035 3574 5092 deest
3604 5040 3656 5093 5.

2210 5179 2262 5230 3.
2296 5178 2347 5228 5.
2463 5173 2535 5207 ὕοι
2565 5169 2911 5276 vallumque
2947 5175 2994 5226 1.
3031 5175 3081 5228 3.
3117 5177 3146 5226 5
3179 5169 3229 5229 θ’.
3264 5192 3314 5230 e.
3350 5175 3657 5250 vallesque

2189 5243 2291 5276 ινςι
2323 5244 2338 5276 1
2382 5247 2495 5276 ..οὶ
2552 5248 2580 5276 ’νς
2630 5246 2662 5276 η
2762 5243 2808 5276 50
2868 5240 3144 5276 oﬂ‘oninm
3181 5250 3208 5276 κ
3243 5262 3270 5276 η
3376 5250 3447 5276 309
3478 5264 3622 5276 ..Ακη

2069 5247 2139 5280 ⁵0⁷
2166 5243 2294 5300 ﬁxit
2323 5244 2343 5297 ι
2377 5272 2445 5282 -—
2465 5247 2519 5298 3.
2551 5248 2602 5296 5.
2630 5246 2682 5298 6.
2762 5240 2834 5276 5°“
2866 5240 3148 5298 affectum
3179 5250 3209 5300 5
3241 5262 3296 5302 a.
3376 5250 3447 5283 309
3474 5240 3657 5305 coﬁa-

2226 5316 2295 5350 5“
2328 5312 2636 5386 invadere
2662 5328 2784 5368 non
2833 5319 3080 5386 possent
3129 5320 3158 5369 5
3210 5332 3260 5372 c.
3376 5321 3448 5354 δη
3479 5325 3654 5375 tantae

2220 5388 2292 5421 5'5
2324 5385 2588 5441 fecerant
2615 5383 2882 5441 fecerunt
2911 5387 2963 5440 4.
2997 5385 3262 5443 fecerunt
3291 5395 3341 5444 5.
3378 5398 3428 5445 7.
3459 5391 3653 5447 9—12.

1840 5531 2064 5588 NOTE.

299 5609 425 5679 ιω)
465 5601 785 5673 meme.
888 5672 1128 5728 PATROL.
1175 5671 1413 5728 CXXXII.
