4086 6200
422 152 521 202 107

494 256 497 261 ’
1045 264 1444 320 DCCCLXXIV.

483 364 656 413 Anno
687 353 1007 411 Dominicae
1051 351 1477 407 incarnationis
1533 355 1656 418 874,
1692 348 2072 405 Hludowicus

410 448 757 522 imperator,
780 444 886 517 qui
908 442 1082 499 Italiae
1102 457 1359 512 regnum
1380 441 1642 513 regebat,
1668 438 1917 495 moritur
1941 438 2069 510 (70).

413 537 540 593 Fuit
568 552 710 591 vero
739 534 845 589 iste
871 532 1152 607 princeps
1180 530 1317 604 pius
1350 536 1406 587 et
1444 528 1800 597 misericors,
1829 526 2067 598 justitiae

410 626 668 693 deditus,
693 621 1069 694 simplicitate
1100 636 1312 695 purus,
1343 619 1727 677 ecclesiarum
1756 616 1856 673 Dei
1889 617 1954 658 ⁵¹⁷
1976 616 2073 671 de-

408 716 631 774 fensor.
661 713 1075 786 orphanorum
1127 714 1183 766 et
1207 709 1573 784 pupillorum
1604 712 1791 782 pater,
1821 705 2073 765 eleemo-

409 814 699 877 Syriarum
738 800 941 871 largus
986 797 1249 869 largitor,
1285 797 1468 855 servis
1521 797 1620 853 Dei
1670 795 1970 852 humiliter
2010 810 2071 848 se

409 893 769 949 submittens
801 893 895 961 5”,
923 893 988 945 ut
1007 888 1234 960 justitia
1261 889 1389 961 ejus
1415 891 1685 944 maneret
1714 887 1772 942 in
1802 883 2069 941 seculum

408 979 481 1019 5'9
518 987 573 1037 et
602 996 791 1038 cornu
822 980 951 1049 ejus
984 977 1341 1034 exaltaretur
1370 977 1429 1032 in
1470 976 1659 1045 gloria
1689 978 1781 1031 ⁵³0.

481 1071 704 1127 Eodem
732 1085 892 1126 anno
922 1068 1224 1137 Salomon,
1258 1083 1360 1123 rex
1392 1066 1743 1137 Brittonum,
1768 1080 1803 1120 a
1826 1061 2069 1135 Pasqui-

410 1165 551 1217 tano
583 1163 653 1195 δέτι
689 1163 745 1215 et
778 1157 1079 1214 Vurfando
1120 1159 1216 1225 δῖ’,
1248 1155 1504 1211 ducibus
1551 1153 1693 1222 suis,
1728 1153 1868 1209 dolo
1900 1152 2072 1206 inter-

410 1244 645 1315 ficitur;
691 1251 828 1320 post
857 1247 1029 1318 cujus
1078 1248 1333 1301 mortem
1385 1260 1523 1299 cum
1552 1243 1634 1299 bii
1662 1242 1785 1297 duo
1814 1255 2071 1311 regnum

413 1339 541 1409 ejus
572 1338 723 1410 inter
752 1352 813 1391 se
841 1333 1107 1390 dividere
1136 1333 1372 1401 vellent,
1404 1334 1507 1389 sed
1538 1332 1599 1388 in
1630 1330 1920 1387 divisione
1951 1328 2070 1384 dis-

410 1425 717 1497 sentirent,
743 1441 813 1481 eo
846 1423 1014 1498 quod
1044 1422 1311 1479 maxima
1338 1438 1477 1496 pars
1514 1419 1855 1493 Pasquitani
1886 1411 2068 1491 parti-

407 1515 522 1571 bus
553 1514 795 1582 faveret,
826 1512 1052 1570 bellum
1102 1512 1179 1567 ab
1232 1511 1497 1584 utrisque
1548 1510 1799 1567 summis
1844 1507 2068 1564 viribus

408 1606 792 1662 instauratur.
829 1602 1246 1676 Pasquitanus,
1280 1617 1634 1675 quanquam
1664 1600 1891 1672 majore
1923 1596 2071 1653 mul—
2099 1619 2139 1671 Β

411 1696 659 1752 titudine
686 1695 1043 1761 abundaret,
1068 1693 1594 1749 Nordmannorum
1620 1695 1823 1748 tamen
1849 1687 2070 1745 auxilia

409 1786 666 1859 pecunia
684 1784 981 1853 conducit,
1003 1799 1195 1856 eaque
1222 1783 1299 1839 ad
1331 1782 1820 1855 supplementum
1850 1779 2068 1835 virium

408 1893 519 1932 suo
549 1874 828 1932 exercitui
880 1874 1104 1941 miscet,
1140 1876 1196 1929 et
1225 1888 1364 1928 mox
1417 1875 1623 1927 contra
1673 1869 1961 1926 aemulum
1992 1869 2069 1923 ad

408 1982 680 2039 pugnam
706 1961 1421 2039 proﬁciscitur.Vurfandi
1454 1959 1733 2017 satellites
1761 1962 1835 1994 ⁵⁵³³
1860 1958 2069 2014 viden-

408 2062 495 2112 tes
525 2056 679 2111 vires
709 2054 877 2125 regni
907 2054 984 2109 ad
1008 2052 1445 2126 Pasquitanum
1477 2050 2072 2123 concessisse,ccepe-

408 2142 549 2201 runt
577 2144 653 2200 ab
682 2160 753 2199 eo
778 2142 1089 2212 diffugere,
1119 2146 1183 2197 ut
1212 2141 1310 2196 vix
1350 2140 1507 2196 mille
1540 2157 1678 2196 cum
1720 2156 1790 2195 eo
1839 2140 1900 2193 in
1945 2137 2070 2193 acie

408 2237 806 2301 remanerent,
836 2231 940 2305 qui
970 2237 1026 2287 et
1054 2231 1167 2304 ipsi
1207 2234 1511 2304 caeperunt
1542 2229 1794 2285 suadere
1822 2232 1887 2284 ut
1917 2243 2072 2283 sece—

408 2325 573 2379 deret
600 2325 673 2358 ³³⁵
702 2322 1026 2394 mortisque
1055 2320 1389 2395 periculum
1433 2319 1790 2387 declinaret;
1839 2334 1901 2373 se
1932 2334 2072 2372 cum

409 2414 621 2489 paucis
672 2413 1055 2469 innumeram
1110 2409 1552 2466 multitudinem
1612 2408 1900 2464 sustinere
1949 2423 2071 2462 non

410 2518 607 2577 posse.
636 2502 725 2557 Ad
754 2502 902 2560 haec
947 2500 1043 2555 ille
1070 2498 1417 2572 respondit:
1452 2498 1642 2569 Absit,
1674 2496 1886 2569 inquit,
1918 2495 2069 2565 opti—

409 2596 491 2649 mi
546 2590 993 2661 commilitones,
1022 2596 1085 2645 ut
1114 2589 1287 2645 hodie
1314 2588 1537 2657 faciam
1574 2586 1734 2658 quod
1762 2599 2071 2656 nunquam

407 2682 546 2753 feci,
601 2679 825 2735 scilicet
868 2684 933 2733 ut
980 2677 1235 2733 inimicis
1283 2677 1424 2731 meis
1484 2681 1652 2745 terga
1706 2679 1958 2741 vertam,
2019 2676 2073 2727 et

407 2770 610 2839 gloria
660 2770 732 2802 ³³⁵
778 2768 1035 2822 nominis
1084 2765 1277 2822 nostri
1322 2764 1672 2834 infametur.
1719 2763 1933 2818 Melius
1989 2766 2071 2816 est

412 2860 485 2893 ³³⁸
515 2858 795 2913 nobiliter
824 2856 996 2922 mori,
1023 2869 1201 2926 quam
1230 2853 1559 2924 ignominia
1591 2853 1773 2907 vitam
1796 2865 2038 2907 servare
2049 2861 2077 2926 ,ζ

409 2962 516 3003 nec
548 2943 945 3015 difﬁdendum
994 2942 1066 2997 de
1110 2942 1401 3011 victoria;
1446 2942 1714 3010 fortunae
1753 2942 1906 2996 vires
1938 2956 2071 2996 cum

413 3035 677 3091 hostibus
727 3032 1130 3102 experiamur.
1189 3032 1391 3101 Neque
1444 3030 1599 3085 enim
1658 3030 1821 3085 salus
1871 3034 1955 3085 est
2010 3030 2071 3084 in

410 3121 817 3189 multitudine,
847 3121 949 3177 sed
997 3121 1195 3190 potius
1239 3120 1301 3175 in
1342 3120 1480 3174 Deo.
1524 3118 2074 3190 Hujuscemodiex-

410 3210 850 3269 hortationibus
882 3208 1159 3265 animatis
1200 3207 1373 3264 sociis
1414 3209 1507 3275 ⁵³⁷,
1538 3223 1718 3281 super
1750 3207 1988 3277 triginta
2019 3211 2077 3264 et

413 3319 483 3360 eo
512 3299 792 3374 amplius,
822 3304 887 3355 ut
914 3299 1115 3356 ferunt
1150 3298 1243 3370 πθ,
1278 3297 1756 3353 adversariorum
1793 3297 1959 3353 milia
1996 3297 2073 3352 ir-

412 3392 529 3447 ruit
557 3393 660 3459 539;
694 3388 921 3445 clamor
960 3388 1021 3444 in
1064 3387 1284 3444 ctelum
1332 3387 1572 3460 tollitur,
1599 3403 1805 3460 pugna
1836 3403 2077 3445 summa

412 3479 623 3535 viriute
661 3478 1008 3535 conseritur.
1042 3474 1380 3532 Vurfandus
1436 3492 1575 3530 cum
1622 3474 1745 3529 suis
1801 3476 1896 3547 δίη),
1939 3491 2077 3530 con-

415 3568 793 3625 fertissimam
828 3569 897 3601 33‘
938 3566 1206 3621 hostium
1250 3564 1439 3620 aciem
1485 3564 1783 3636 irrumpit,
1818 3568 1873 3619 et
1902 3564 2078 3619 veluti

414 3658 601 3714 herba
626 3660 942 3731 pratorum
991 3653 1176 3710 recisa
1224 3658 1360 3710 ante
1416 3668 1673 3708 acumen
1698 3652 1866 3707 falcis
1898 3652 2076 3724 cadit,

414 3749 470 3803 et
518 3745 835 3802 uberrimae
887 3748 1133 3816 segetes,
1171 3742 1432 3816 procella
1480 3742 1846 3814 tempestatis
1893 3742 2079 3800 desae-

412 3837 603 3894 viente
629 3838 722 3904 332,
746 3838 1225 3908 prosternuntur,
1249 3833 1329 3889 ita
1360 3832 1513 3888 ferro
1544 3831 1719 3888 caedit
1749 3836 2077 3906 sternitque

415 3925 640 3982 omnia.
674 3928 827 3979 Raro
875 3923 936 3978 in
981 3922 1080 3978 illo
1116 3924 1187 3957 ³³³
1220 3937 1405 3991 regno
1453 3921 1518 3976 in
1550 3920 1673 3976 ullo
1703 3922 1916 3994 proelio
1952 3927 2079 3978 tan-

414 4020 544 4071 tum
599 4011 909 4083 sanguinis
966 4010 1167 4067 fusum
1216 4015 1323 4067 est.
1382 4011 1806 4083 Pasquitanus,
1850 4016 1912 4067 ut
1955 4027 2080 4067 ma-

417 4102 563 4161 ctari
614 4118 757 4158 suos
815 4116 981 4157 more
1046 4099 1352 4173 pecudum
1408 4099 1586 4168 vidit,
1644 4115 1782 4154 cum
1830 4098 2074 4172 paucis,

417 4210 571 4267 quos
618 4191 856 4262 gladius
896 4190 1157 4264 necdum
1188 4192 1665 4263 consumpserat,
1696 4188 1863 4259 fugit.
1897 4190 2077 4245 Porro

417 4281 808 4351 Nordmanni,
822 4280 926 4355 qui
950 4280 1011 4335 in
1032 4279 1323 4337 auxilium
1352 4278 1588 4335 fuerant
1603 4278 1935 4347 convocati,
1951 4295 2077 4334 mo-

417 4372 744 4430 nasterium
775 4372 962 4428 sancti
993 4370 1197 4429 Melani
1230 4371 1301 4404 53‘
1335 4369 1600 4443 episcopi
1628 4368 1883 4437 ingrcssi
1914 4373 2071 4441 sunt,

416 4460 620 4536 ibique
664 4478 726 4517 se
755 4475 921 4516 more
955 4458 1127 4516 solito
1155 4458 1594 4527 communiunt,
1622 4460 1679 4513 et
1716 4456 2073 4514 succedente

416 4557 590 4611 nocte
610 4552 755 4623 fuga
774 4549 1014 4623 dilapsi,
1038 4550 1117 4613 ad
1143 4565 1330 4606 naves
1356 4551 1751 4604 revertuntur.
1781 4547 1910 4604 Fuit
1931 4563 2074 4603 vero

1526 138 1901 195 REGINONIS
1950 136 2371 192 PRUMIENSIS
2411 137 2738 195 ABBATIS.
3747 138 3844 195 l08

2100 266 2145 315 Λ
2188 263 2421 335 gestum
2446 259 2560 317 hoc
2589 260 2862 334 praelium
2894 261 2953 316 in
2977 261 3205 334 campis
3233 263 3405 334 juxta
3428 260 3723 337 civitatem
3745 264 3848 317 Re-

2185 348 2358 403 donis
2407 350 2479 383 335
2531 348 2662 421 (71).
2712 352 2844 405 Erat
2899 349 2995 404 hic
3040 349 3381 405 Vurfandus
3434 365 3648 418 genere
3694 350 3846 406 inter

2186 453 2326 493 suos
2359 436 2574 510 clarus,
2609 439 2712 494 sed
2745 438 3032 494 virtutum
3078 438 3500 511 experimentis
3528 440 3600 473 ⁵³6
3640 440 3848 496 nobili-

2190 530 2305 582 tate
2336 526 2568 595 clarior,
2600 542 2736 602 quae
2769 531 2933 584 tanta
2959 527 3067 583 tuit
3092 527 3150 582 in
3179 526 3276 582 illo
3307 530 3379 563 537
3412 533 3475 584 ut
3502 527 3685 583 animi
3714 546 3844 585 ma-

2185 614 2492 685 gnitudine
2514 615 2853 689 viriumque
2881 615 3068 686 gloria
3100 615 3252 671 inter
3279 634 3442 687 suos,
3468 622 3533 673 ut
3557 616 3842 691 diximus,

2181 702 2328 758 nulli
2358 702 2657 759 videretur
2688 706 2761 739 ⁵³⁸
2794 721 2921 760 esse
2963 704 3262 760 secundus
3289 724 3301 773 ;
3353 706 3432 762 ad
3460 706 3631 776 cujus
3663 708 3846 763 auda-

2182 792 2336 849 ciam
2419 793 2756 865 mentisque
2842 794 3239 849 constantiam
3309 795 3843 852 demonstrandam

2180 898 2372 938 unum
2404 887 2460 938 et
2502 882 2704 937 multis
2737 898 2959 956 ponere
2990 883 3231 957 placuit.
3274 887 3423 940 Nam
3456 883 3738 941 Salomon
3769 888 3842 920 53”

2181 987 2282 1025 rex
2335 988 2472 1027 cum
2531 974 2605 1005 5‘“
2645 972 2883 1047 hyemis
2934 977 3202 1045 tempore
3258 972 3585 1045 aliquando
3638 978 3845 1029 contra

2182 1059 2602 1115 Nordmannos
2631 1064 2826 1116 castra
2853 1060 3173 1132 posuisset,
3204 1066 3266 1117 ut
3297 1061 3374 1117 ab
3406 1077 3615 1117 eorum
3646 1063 3841 1117 incur-

2181 1146 2346 1203 sione
2388 1147 2537 1202 tines
2588 1146 2756 1213 regni
2810 1148 2902 1204 sui
2956 1152 3215 1204 tueretur
3266 1151 3359 1217 εΗ,
3393 1148 3600 1222 ibique
3643 1147 3843 1206 multis

2180 1236 2394 1291 diebus
2426 1236 2728 1305 resideret,
2756 1236 3026 1310 quadam
3051 1236 3146 1292 die
3178 1253 3313 1293 cum
3349 1254 3547 1293 sermo
3577 1237 3727 1293 inter
3752 1254 3844 1294 so-

2181 1324 2303 1381 cios
2338 1329 2630 1382 teneretur
2658 1326 2733 1381 de
2766 1326 3022 1383 audacia
3054 1331 3110 1382 et
3148 1326 3380 1382 duricia
3430 1326 3846 1383 Nordmanno-

2178 1428 2335 1483 rum,
2388 1416 2708 1489 praedictus
2756 1418 2830 1451 ⁵⁸³
2859 1416 3199 1473 Vurfandus
3247 1433 3308 1473 se
3364 1418 3437 1452 5‘3
3487 1417 3641 1473 ultra
3686 1418 3843 1473 vires

2178 1520 2552 1577 praesumens
2579 1511 2925 1576 arroganter
2946 1506 3215 1577 jactavit,
3240 1506 3287 1561 si
3314 1522 3417 1562 rex
3448 1523 3588 1562 cum
3619 1508 3843 1563 exerci-

2180 1598 2244 1650 tu
2272 1595 2590 1665 recederet,
2625 1612 2686 1650 se
2720 1595 3139 1652 tantummodo
3184 1596 3407 1653 audere
3440 1612 3580 1652 cum
3630 1597 3752 1652 suis
3784 1597 3848 1653 in

2182 1684 2395 1741 eodem
2438 1683 2571 1741 loco
2620 1701 2948 1753 remanere,
2983 1690 3039 1742 et
3082 1684 3270 1741 tribus
3314 1685 3528 1741 diebus
3574 1691 3709 1761 post
3760 1687 3847 1743 di-

2182 1791 2449 1831 scessum
2478 1776 2550 1809 5“
2581 1776 2738 1845 regis
2769 1775 3098 1831 immorari.
3135 1775 3445 1831 Distabant
3472 1792 3611 1832 vero
3643 1781 3847 1833 castra

2182 1863 2506 1920 Brittonum
2565 1882 2601 1921 a
2652 1865 3175 1921 Nordmannorum
3230 1865 3418 1921 classe
3451 1869 3682 1921 tantum
3711 1871 3847 1922 octo

2182 1953 2424 2009 milibus
2472 1956 2565 2009 διδ.
2600 1954 2874 2011 Nuntiata
2922 1958 3060 2010 sunt
3107 1954 3288 2012 verba
3334 1971 3472 2029 quae
3507 1956 3846 2012 Vurfandus

2182 2044 2357 2117 quasi
2402 2043 2602 2100 leviter
2652 2043 2993 2117 protulerat,
3026 2045 3227 2101 nescio
3277 2062 3312 2101 a
3360 2062 3504 2119 quo,
3536 2046 3841 2116 Hastingo,

2183 2132 2323 2189 duci
2365 2150 2743 2206 paganorum
2791 2136 2882 2190 διδ.
2928 2135 3059 2190 Non
3112 2134 3301 2191 multo
3348 2139 3486 2209 post
3533 2136 3844 2209 interjecto

2184 2228 2472 2296 tempore,
2504 2222 2657 2279 datis
2689 2225 2757 2258 5”
2793 2222 3135 2296 quingentis
3168 2225 3385 2296 vaccis,
3418 2224 3699 2282 Salomon
3731 2242 3844 2299 pa-

2182 2328 2313 2368 cem
2344 2329 2482 2369 cum
2532 2312 2934 2369 Nordmannis
2968 2311 3123 2384 fecit,
3156 2318 3212 2369 et
3240 2314 3496 2388 acceptis
3526 2313 3843 2371 obsidibus

2183 2419 2321 2457 cum
2350 2402 2540 2457 redire
2568 2402 2629 2457 in
2673 2418 2929 2473 regnum
2960 2401 3322 2476 disponeret,
3356 2404 3587 2475 legatus
3619 2404 3851 2461 Hastin-

2182 2490 2239 2557 gi
2277 2506 2415 2544 eum
2448 2488 2635 2545 taliter
2660 2488 3019 2563 alloquitur:
3068 2491 3431 2547 Nuntiatum
3471 2497 3553 2548 est
3600 2492 3842 2548 domino

2180 2593 2325 2645 meo,
2360 2585 2414 2634 te
2440 2583 2672 2634 tantum
2702 2579 2897 2635 virum
2931 2579 3167 2649 habere,
3202 2581 3309 2653 qui
3335 2596 3395 2637 se
3409 2583 3621 2651 jactet,
3654 2581 3840 2655 quod,

2182 2663 2236 2723 te
2264 2667 2588 2733 recedente,
2618 2667 2777 2722 solus
2806 2668 2878 2701 διε
2908 2683 3041 2723 cum
3073 2669 3193 2724 suis
3226 2669 3336 2725 hoc
3367 2670 3429 2724 in
3462 2670 3587 2726 loco
3621 2670 3847 2726 audeat

2181 2771 2504 2813 remanere.
2538 2758 2608 2812 Si
2632 2772 2771 2827 ergo
2806 2762 3009 2813 tantus
3037 2764 3121 2814 est
3155 2764 3415 2830 quantus
3441 2760 3559 2815 sibi
3586 2760 3846 2831 videtur,

2180 2847 2602 2903 incunctanter
2640 2852 2965 2915 remaneat,
2999 2847 3139 2919 quia
3183 2847 3457 2905 dominus
3504 2864 3664 2905 meus
3714 2849 3849 2905 vult

2178 2950 2309 2991 eum
2339 2935 2555 3002 videre,
2582 2935 2946 3007 audacisque
2979 2937 3097 2991 viri
3115 2937 3415 2993 desiderat
3447 2938 3717 2993 notitiam
3742 2938 3851 2993 ha-

2183 3022 2330 3081 bere.
2364 3025 2763 3094 Interrogatus
2794 3029 2995 3081 autem
3024 3024 3365 3081 Vurfandus
3394 3043 3430 3083 a
3457 3042 3615 3098 rege,
3641 3031 3851 3084 utrum

2180 3114 2292 3170 tale
2350 3114 2574 3189 aliquid
2634 3113 2940 3187 professus
3000 3121 3175 3184 esset,
3231 3116 3540 3190 respondit
3591 3134 3653 3173 se
3704 3116 3852 3174 talia

2180 3204 2421 3273 dixisse,
2472 3210 2528 3260 et
2584 3204 2712 3260 haec
2764 3205 2978 3261 eadem
3036 3205 3207 3262 factis
3266 3205 3413 3263 velle
3444 3209 3518 3242 5‘9
3548 3206 3849 3281 probare;

2179 3294 2571 3368 protinusque
2600 3294 2902 3351 licentiam
2931 3294 3010 3350 ibi
3051 3296 3409 3352 remanendi
3432 3296 3594 3371 petit.
3630 3297 3784 3353 Cum
3815 3313 3855 3355 a

2178 3384 2447 3457 principe
2485 3385 2904 3457 objurgaretur
2935 3385 3029 3453 ⁵⁵0,
3063 3400 3170 3442 cur
3201 3390 3324 3441 tam
3365 3385 3529 3443 fatua
3578 3385 3852 3443 obstina-

2182 3475 2339 3531 tione
2370 3474 2667 3543 detentus,
2696 3490 2805 3548 pro
2856 3473 3050 3530 verbis
3096 3474 3351 3531 inaniter
3398 3475 3461 3533 in
3492 3479 3740 3532 ventum
3773 3479 3848 3512 55’

2181 3563 2425 3635 prolatis
2447 3563 2619 3618 vellet
2643 3562 2795 3619 mori
2828 3580 3089 3637 suosque
3117 3564 3292 3620 morti
3322 3564 3578 3633 tradere,
3601 3564 3855 3622 nullate-

2181 3668 2298 3708 nus
2330 3652 2644 3724 acquievit,
2688 3669 2989 3725 asserens,
3022 3652 3135 3708 nisi
3184 3654 3539 3710 remanendi
3569 3656 3641 3689 ⁵⁸²
3667 3655 3855 3712 licen-

2183 3741 2326 3797 tiam
2353 3740 2540 3811 daret,
2576 3757 2968 3817 nequaquam
2994 3740 3075 3797 illi
3120 3741 3313 3799 ﬁdelis
3342 3742 3403 3798 in
3433 3743 3737 3818 reliquum
3767 3745 3855 3802 fo-

2181 3834 2287 3887 ret.
2321 3831 2435 3887 Sed
2464 3849 2603 3887 cum
2655 3831 2936 3888 Salamon
2964 3832 3427 3889 inrevocabilem
3461 3835 3535 3869 333
3565 3834 3695 3905 ejus
3725 3835 3855 3891 ani-

2181 3937 2351 3976 mum
2377 3921 2795 3995 perspexisset,
2824 3921 2967 3978 dare
3014 3938 3066 3978 ei
3107 3922 3387 3979 solatium
3419 3940 3491 3979 ex
3519 3924 3643 3981 suis
3676 3924 3853 3981 satel-

2179 4009 2381 4066 litibus
2412 4011 2633 4079 voluit;
2666 4011 2831 4083 quod
2856 4012 3051 4067 renuit
3081 4012 3401 4086 suscipere,
3440 4012 3779 4083 afﬁrmans,
3804 4014 3856 4072 si

2182 4098 2330 4154 alios
2376 4116 2564 4172 quam
2614 4116 2756 4156 suos
2806 4117 3010 4157 secum
3040 4101 3308 4174 haberet,
3332 4102 3465 4172 jam
3495 4119 3618 4159 non
3648 4108 3856 4160 essent

2182 4204 2325 4243 vera
2348 4204 2483 4260 quae
2517 4189 2942 4262 spoponderat.
2970 4192 3089 4245 Rex
3110 4207 3250 4247 cum
3272 4191 3556 4247 omnibus
3578 4192 3767 4266 copiis
3792 4193 3854 4249 in

2184 4292 2439 4347 regnum
2469 4278 2731 4347 recessit,
2760 4283 2816 4335 et
2846 4279 3183 4337 Vurfandus
3213 4279 3273 4336 in
3300 4280 3515 4337 eodem
3542 4280 3676 4337 loco
3710 4298 3855 4338 cum

2186 4366 2457 4424 ducentis
2507 4366 2625 4424 fere
2658 4370 2730 4403 53‘
2780 4369 2920 4425 viris
2972 4370 3278 4440 remansit,
3328 4369 3533 4443 ibique
3580 4370 3854 4445 quinque

2187 4455 2399 4511 diebus
2418 4457 2769 4532 expectavit.
2801 4460 2975 4515 Sexta
2996 4462 3168 4515 nocte
3194 4458 3511 4531 Hastingus
3537 4459 3854 4533 quendam

2184 4545 2483 4620 captivum
2518 4547 2773 4604 absolvit
2793 4564 2829 4604 a
2850 4547 3102 4603 vinculis
3127 4550 3223 4618 εδδ,
3248 4553 3304 4605 et
3332 4565 3471 4605 eum
3503 4547 3581 4606 ad
3601 4548 3856 4606 Vurfan-

1784 4638 2014 4692 νΑΒιίΕ
2053 4634 2357 4693 LECTION
2365 4638 2463 4692 ES.

489 4717 559 4749 “‘7
591 4714 749 4770 deest
782 4716 833 4766 5.

420 4786 622 4840 secula
650 4791 701 4840 7.
738 4789 769 4841 9
801 4815 867 4821 ——
903 4785 986 4838 12.

420 4862 653 4911 stanter
688 4855 767 4907 ll.
806 4854 887 4908 l2.
966 4855 1039 4887 5‘3
1069 4850 1347 4908 vurfandi
1381 4850 1595 4906 milites
1624 4850 1745 4906 vid.
1776 4856 1827 4906 6.

422 4927 495 4960 ⁵³⁸
521 4927 676 4981 deest
714 4931 762 4979 1.
794 4927 848 4979 2.
882 4930 933 4980 5.
966 4927 1018 4980 6.

419 5000 472 5052 4.
664 4998 737 5029 ⁵³0
770 4995 893 5050 suis
920 4994 978 5050 in
1016 5013 1066 5051 c.
1100 4999 1151 5052 3.
1183 4999 1249 5050 3c
1279 4993 1338 5048 d.

418 5075 448 5122 7
480 5100 547 5107 —
584 5071 665 5122 12.
709 5065 965 5123 menelai
1000 5066 1111 5123 cod
1156 5067 1218 5122 S.
1263 5064 1485 5121 Godeh.

420 5140 488 5173 53"
523 5138 583 5193 in
613 5138 717 5197 illo
760 5136 870 5192 fuit
896 5141 947 5193 4.
1062 5139 1134 5173 ⁵³⁸
1162 5137 1437 5194 videatur
1482 5140 1535 5192 2.
1567 5141 1597 5193 5
1630 5152 1684 5191 a.
1718 5138 1776 5191 d.

419 5210 487 5244 ευ
525 5210 615 5265 sui
646 5213 906 5267 tueretur
933 5209 1255 5267 praedictus
1284 5207 1618 5264 vurfandus
1647 5211 1699 5263 4.

418 5298 731 5338 excessum
758 5284 789 5335 9
820 5312 887 5321 —
919 5279 1003 5334 f2.
1108 5281 1180 5314 ⁵³⁵
1213 5279 1544 5336 miliaribus
1575 5284 1630 5335 5.

420 5353 544 5408 suis
577 5353 621 5410 l.
774 5354 845 5387 3‘9
878 5350 1093 5407 eadem
1140 5350 1335 5406 facere
1382 5350 1527 5407 velle
1584 5352 1600 5402 l
1639 5383 1705 5390 —-
1736 5355 1787 5406 5.

418 5426 491 5458 ίι⁵³
523 5422 812 5481 manendi
838 5426 869 5478 6
887 5454 955 5462 ——
982 5425 1063 5476 12.

414 5495 610 5552 lutum
641 5513 677 5552 a
705 5493 962 5551 vinculis
998 5491 1077 5547 ad
1106 5498 1159 5548 7.

967 4712 1039 4745 δ¹⁸
1067 4724 1379 4765 servorum
1408 4708 1503 4764 dei
1530 4707 1773 4763 humilis
1805 4708 2053 4763 servitor
2085 4713 2105 4763 1
2139 4739 2206 4747 -
2237 4712 2288 4765 3.
2322 4712 2374 4762 5.

1066 4783 1133 4815 δ²¹
1171 4779 1535 4852 ρωημὶιᾶᾳο
1567 4787 1619 4835 et
1652 4779 2012 4852 partiquano
2042 4783 2093 4833 7.
2136 4778 2501 4852 pastiquano
2534 4782 2662 4852 δέ
2697 4784 2780 4834 12.
2816 4785 3178 4836 constanter.

1909 4852 1981 4884 3“
2012 4850 2422 4907 sece’derent...
2456 4850 2825 4907 declinarent
2856 4856 2906 4907 5.

1136 4926 1208 4959 ³³⁷
1242 4921 1491 4978 animati
1525 4921 1670 4977 socii
1701 4928 1729 4975 ii
1761 4939 1812 4979 c.
1846 4938 1896 4977 e.
1933 4920 2276 4978 animarum
2321 4922 2495 4977 sociis
2527 4927 2557 4975 5
2592 4938 2647 4977 a.
2676 4922 2736 4977 d.

1437 4996 1506 5028 53'
1542 4993 2056 5049 consertissimam
2082 4999 2112 5048 5
2140 4994 2199 5049 d.

1600 5067 1671 5099 ⁵³⁵
1704 5064 1949 5120 rodonis
1976 5068 2029 5120 2.
2064 5069 2115 5121 5.

3299 4710 3373 4744 ⁵³0
3403 4709 3764 4766 exaltaretur
3788 4711 3858 4767 in

3257 4782 3331 4816 5”
3360 4780 3679 4837 wurfando
3713 4797 3859 4837 con-

2986 4853 3059 4886 ⁵²⁵
3090 4854 3322 4907 vertam
3344 4857 3409 4908 ut
3428 4852 3619 4922 gloria
3649 4856 3680 4906 5
3712 4868 3763 4908 ο.
3792 4869 3848 4911 e-
3880 4904 3889 4909 ι

2851 4924 2922 4957 ⁵²⁸
2954 4927 3019 4978 ut
3045 4922 3309 4979 referunt
3338 4928 3389 4979 6.
3503 4924 3577 4958 ⁵²⁹
3611 4925 3857 4993 irruunt

2293 4995 2367 5028 533
2397 4993 2676 5049 saeviente
2708 4997 2761 5049 4.
2858 4995 2931 5029 ⁵³⁸
2962 4993 3084 5050 ullo
3118 4999 3138 5050 1
3178 5027 3245 5033 -
3277 5000 3328 5051 3.
3363 5000 3414 5051 6.
3494 4996 3568 5029 ³³⁸
3599 4994 3855 5057 melanii

2234 5066 2307 5099 ⁸³⁵
2337 5064 3031 5151 exp‘erimentis‘deest}.
3061 5064 3482 5151 experimentis
3521 5070 3578 5151 et
3603 5082 3663 5151 ρ.

2503 4709 2575 4742 519
2608 4708 2875 4764 seculum
2906 4708 3087 4764 seculi
3111 4713 3163 4765 5.

1892 5136 1965 5171 539
1998 5152 2145 5192 nam
2188 5151 2327 5191 cum
2378 5136 2651 5191 Salomon
2681 5153 2729 5192 r.
2764 5136 2823 5190 h.
2867 5142 2917 5191 5.
2950 5140 3001 5191 8.
3116 5136 3189 5171 5"“
3220 5153 3359 5193 cum
3407 5138 3564 5193 deest
3614 5136 3663 5193 l.
3696 5140 3753 5191 2.
3792 5143 3850 5194 7.

1816 5210 1888 5243 ⁵η
1919 5208 2079 5265 deest
2109 5213 2161 5264 5.
2275 5209 2349 5243 δυ’
2379 5209 2539 5264 deest
2566 5210 2618 5263 6.
2732 5208 2806 5242 5“
2836 5207 3155 5264 decessum
3187 5213 3237 5265 3.
3273 5214 3324 5265 5.
3358 5215 3411 5264 7.
3446 5208 3757 5265 dicessum
3791 5213 3850 5265 2.

1816 5213 1888 5243 ⁵⁶²
1919 5213 2079 5265 deest
2109 5213 2161 5264 5.
2275 5213 2349 5243 εδδ
2379 5213 2539 5264 deest
2566 5213 2618 5263 6.
2732 5213 2753 5242 ⁵

1735 5280 1807 5314 ⁵⁵6
1837 5295 2222 5353 paganorum
2258 5279 2395 5335 duci
2427 5283 2477 5335 4.
2513 5286 2542 5333 7
2575 5311 2645 5318 -
2674 5283 2757 5335 12.

1736 5355 1787 5406 5.
1939 5353 2012 5386 άδο
2043 5350 2397 5408 obiurgatus
2432 5355 2482 5407 ὅ.
2632 5352 2701 5385 ⁵⁵¹
2736 5366 2757 5408 ι

1144 5355 1335 5406 facere
1382 5355 1527 5407 velle
1584 5355 1600 5402 l
1639 5383 1705 5390 —-
1736 5355 1787 5406 5.
1939 5355 2012 5386 ἀδθ
2043 5355 2397 5423 objurgatus
2432 5355 2482 5407 5.
2632 5355 2701 5385 ⁵⁵¹

1144 5422 1217 5456 ⁵⁵³
1249 5418 1523 5476 salomon
1546 5420 2022 5480 irrationabilem
2054 5423 2243 5479 codex
2270 5422 2330 5478 S.
2365 5423 2727 5479 Godehardi.

2275 5209 2349 5243 5‘3
2379 5209 2539 5264 deest
2566 5210 2618 5263 6.
2732 5208 2806 5242 5“
2836 5207 3155 5264 decessum
3187 5213 3237 5265 3.
3273 5214 3324 5266 5.
3358 5215 3411 5264 7.
3446 5208 3757 5265 dicessum
3791 5213 3853 5266 2.

2275 5279 2395 5335 luci
2427 5283 2477 5335 4.
2513 5286 2542 5333 7
2575 5311 2645 5318 -
2674 5283 2757 5335 12.
2858 5280 2927 5313 ⁵⁸⁷
2961 5280 3236 5335 datisaue
3268 5284 3319 5335 5.
3426 5279 3498 5313 ⁵⁴⁸
3525 5278 3667 5335 solis
3700 5296 3853 5335 cum

2632 5311 2645 5318 -
2674 5294 2757 5335 12.
2961 5294 3236 5352 (lausque
3268 5294 3319 5335 δ.
3426 5294 3498 5313 οη
3525 5294 3667 5335 sons
3700 5296 3854 5336 cum

2632 5352 2701 5424 δὲί
2736 5349 3067 5424 proverbiis
3113 5351 3369 5424 inaniter
3418 5351 3738 5424 inventum
3791 5355 3850 5409 5.

2804 5422 2878 5457 ⁵⁵⁸
2907 5421 3180 5478 ducentis
3210 5422 3396 5489 terme
3427 5428 3479 5477 7.
3558 5422 3632 5456 ⁵⁸⁵
3665 5421 3856 5499 abso.-

2012 5566 2234 5622 NOTAE.

480 5644 592 5711 (70)
637 5637 792 5695 Obiit
820 5650 983 5693 anno
1016 5634 1307 5709 sequenti.

2254 5634 2302 5707 (7
2316 5635 2365 5706 1)
2404 5638 2653 5694 Rennes.
2689 5718 2695 5722 _
3764 5634 3779 5713 ἢ
