4076 6212
470 196 563 248 111
1607 185 1975 241 REGINONIS
2012 183 2421 239 PRUMIENSIS
2458 187 2747 244 ABBATIS
3606 172 3608 174 ’
3771 195 3861 246 n2

468 321 593 372 tum
608 316 798 372 fuerat
813 313 1156 384 iunci-isque
1174 311 1300 381 ejus
1312 308 2115 382 obsequiacondignohono-
2151 309 2200 361 Α
2230 307 2389 363 enim
2410 326 2603 382 equus
2627 312 2703 367 ad
2732 313 3008 369 salutem.
3045 311 3348 384 Siquidem
3382 310 3528 367 inito
3558 310 3862 370 certamine

462 421 525 460 re
542 404 965 471 celebraverat,
985 401 1147 473 apud
1167 399 1615 467 Franconofnrt,
1627 397 2016 471 principalem
2032 413 2117 453 se-

2229 397 2572 466 Reginarius
2599 416 2822 472 comes,
2863 401 2968 474 qui
3019 400 3251 471 regium
3300 399 3583 455 vexillum
3632 400 3858 472 ferebat,

461 488 1113 559 demorientalisregni,
1148 487 1472 551 residebat;
1506 485 2115 542 cuicumnunciatum
2223 486 2420 558 primo
2468 488 2694 561 impetu
2749 490 3145 574 extinguitur;
3217 489 3663 546 confertissimae
3723 493 3861 549 acies

461 585 618 637 esset
638 577 1072 653 quodCarolus,
1096 575 1431 631 avunculus
1454 576 1725 647 [patruus
1741 580 1794 645 3,
1818 577 1868 641 4,
1890 574 1941 644 8]
1963 574 2112 644 ejus,

454 671 582 741 jam
614 668 780 737 regni
810 666 1043 739 paterni
1071 665 1339 721 terminis
1364 664 1688 736 occupatis,
1719 664 1875 719 circa
1929 663 2112 719 Rheni

456 759 680 811 fluenta
710 757 781 790 3"“
816 759 1012 810 castra
1042 754 1359 826 posuisset,
1393 751 1580 807 nimio
1607 751 1803 807 furore
1842 751 2111 807 accendi-

455 850 567 912 tur,
600 844 919 916 statimque
946 843 1175 912 legatos
1207 842 1285 897 ad
1306 858 1444 897 eum
1467 840 1682 909 dirigit,
1710 856 1888 896 orans
1912 845 1972 896 ut
1991 856 2108 896 me-

452 951 586 991 mor
634 936 790 989 esset
846 932 1252 1003 germanitatis
1301 935 1478 1002 atque
1553 929 2106 999 consanguinitatis,

453 1039 686 1078 memor
715 1025 867 1076 esset
893 1023 965 1055 5"“
996 1019 1255 1074 nominis
1277 1017 1854 1073 domininostrilesu
1873 1018 2103 1088 Christi,

454 1114 627 1182 cujus
656 1111 1020 1168 mentionem
1050 1126 1255 1165 coram
1284 1108 1587 1164 nonnullis
1614 1108 1863 1164 testibus
1892 1107 2106 1164 facien-

452 1207 538 1258 tes
564 1202 691 1275 ipsc
723 1205 778 1257 et
808 1200 1007 1269 frater,
1039 1199 1287 1271 quando
1308 1213 1561 1267 regnum
1593 1196 1743 1253 inter
1786 1213 1848 1253 se
1895 1197 2105 1253 divise-

450 1296 606 1355 runt,
634 1289 874 1346 terribili
914 1294 1109 1344 essent
1168 1288 1460 1343 alternam
1509 1303 1723 1358 pacem
1769 1286 2106 1343 adinvicem

448 1384 623 1452 pacto
656 1378 917 1452 polliciti,
950 1382 1005 1433 et
1035 1377 1461 1449 pertimescens
1491 1380 1725 1431 tantum
1772 1391 1996 1432 nomen
2031 1379 2100 1411 ⁸9⁷

447 1469 509 1524 in
557 1485 780 1533 vanum
807 1466 1093 1539 accipere,
1140 1464 1414 1521 redderet
1466 1465 1716 1519 Domino
1764 1465 2107 1536 juramenta

450 1576 583 1624 sua,
607 1558 802 1613 foedus
831 1556 994 1629 quod
1017 1556 1095 1610 ad
1124 1555 1471 1610 alterutrum
1502 1556 1574 1587 δ”δ
1624 1553 1974 1626 pepigerant
2012 1551 2100 1607 in-

449 1646 725 1702 violabile
754 1648 1027 1701 maneret
1059 1663 1071 1711 ;
1104 1648 1374 1717 parceret
1402 1642 1620 1712 gladio,
1653 1646 1710 1697 et
1763 1642 2102 1697 humanum

448 1735 697 1791 fundere
730 1733 1085 1803 sanguinem
1114 1738 1234 1787 tam
1301 1731 1430 1786 dira
1483 1729 1802 1802 cupiditate
1851 1729 2103 1786 infectus

448 1824 894 1881 formidolosius
928 1823 1399 1889 exhorresceret;
1460 1821 1606 1876 foret
1653 1837 1763 1877 sua
1792 1823 1948 1877 sorte
1968 1836 2105 1876 con—

449 1919 665 1981 tentus,
698 1916 755 1968 et
783 1910 1049 1967 funiculo
1067 1909 1429 1966 haereditatis
1453 1908 1736 1965 divinitus
1755 1909 1867 1965 sibi
1890 1909 2104 1965 collato

448 2002 695 2077 paciﬁce
719 2002 1012 2057 frueretur
1059 2003 1154 2069 599,
1207 1999 1561 2069 alienajura
1616 2015 1736 2054 non
1794 1999 2100 2066 invadens,

448 2110 572 2150 non
619 2091 994 2157 subtrahens,
1048 2090 1167 2145 non
1206 2089 1610 2162 perturbans;
1670 2104 1791 2144 non
1846 2092 1999 2143 esset
2042 2088 2104 2143 in

448 2187 612 2238 tanto
642 2182 770 2238 viro
795 2196 967 2236 vanae
999 2178 1200 2249 gloriae
1229 2179 1447 2251 typhus
1500 2181 1593 2244 9’",
1650 2194 1773 2233 non
1806 2177 2103 2250 supercilii

448 2273 657 2338 fastus,
687 2288 809 2328 non
842 2271 1080 2327 alterius
1120 2270 1453 2342 usurpandi
1495 2269 1776 2325 terminos
1807 2268 2055 2325 ambitio
2088 2286 2101 2335 ;

449 2363 553 2417 sed
576 2360 825 2431 justitia,
856 2359 1071 2416 caritas
1101 2363 1158 2414 et
1186 2358 1507 2414 concordia
1535 2362 1824 2428 regnaret,
1846 2373 1916 2413 ac
1939 2360 2103 2413 sum-

447 2454 619 2506 mum
648 2466 769 2522 pax
794 2451 863 2484 ⁶⁰¹
888 2448 1040 2504 inter
1068 2447 1236 2503 illum
1268 2452 1323 2503 et
1343 2453 1588 2520 nepotes
1611 2450 1837 2503 teneret
1855 2446 2103 2502 omnino

448 2539 770 2609 fastigium.
826 2537 939 2595 Sed
989 2537 1407 2608 hujuscemodi
1466 2539 1536 2571 “"3
1593 2535 1821 2592 monita
1860 2535 2104 2592 Carolus

449 2629 685 2702 sprevit,
718 2644 994 2684 asserens
1026 2643 1088 2683 se
1121 2642 1259 2681 cum
1290 2625 1467 2681 fratre
1488 2630 1768 2681 non‘cum
1784 2624 2103 2697 nepotibus

446 2718 769 2791 pepigisse;
788 2717 1025 2773 Interim
1059 2715 1442 2770 Hludowicus
1469 2713 1793 2769 exercitum
1818 2728 1891 2768 ex
1920 2714 2103 2768 Saxo-

446 2809 565 2875 nia,
599 2806 922 2876 Tliuringia
950 2807 1024 2841 ⁸⁵0³
1054 2808 1111 2860 et
1136 2803 1405 2860 orientali
1458 2803 1707 2858 Francia
1759 2807 2100 2873 congregat,

447 2902 504 2953 et
533 2896 673 2951 utin
696 2895 820 2950 ﬁlio
836 2910 960 2949 non
982 2898 1213 2949 tantum
1247 2894 1319 2927 6""
1351 2896 1632 2963 paternos
1660 2891 1881 2962 vultus,
1909 2907 2101 2963 quan-

447 2989 575 3042 tum
606 2984 791 3040 animi
822 2983 1203 3038 subtilitatem
1256 2982 1592 3053 artiumque
1648 2981 1888 3050 ingenia
1942 2997 2078 3037 reco

447 3090 765 3146 gnosceres
816 3075 910 3137 δθδ,
964 3075 1161 3127 castra
1208 3087 1239 3125 e
1288 3069 1528 3139 regione
1580 3069 1838 3125 Coloniae
1896 3076 2101 3126 contra

445 3166 644 3220 castra
701 3161 891 3219 Caroli
951 3178 1130 3234 super
1182 3161 1377 3232 ripam
1426 3158 1692 3213 ﬂuminis
1742 3174 1967 3228 magno
1998 3175 2102 3232 ap-

443 3253 659 3327 paratu
700 3251 970 3321 collocat,
1029 3250 1155 3322 ipse
1208 3252 1410 3304 autem
1453 3264 1590 3301 cum
1644 3247 1811 3302 omni
1854 3248 2102 3304 666hos-

443 3343 526 3399 tili
584 3342 791 3397 virtute
846 3342 996 3396 inter
1054 3340 1430 3396 Confluentes
1480 3344 1535 3391 et
1576 3338 1996 3394 Andrenacum
2026 3341 2094 3374 δοῖ

443 3433 717 3489 Rhenum
742 3431 1041 3486 transisse.
1070 3432 1229 3484 Tunc
1261 3427 1524 3500 primum
1556 3426 1970 3482 animadvertit
2000 3431 2102 3484 Ca-

441 3521 605 3578 rolus
636 3537 697 3575 se
746 3536 780 3575 a
836 3517 1043 3574 castris
1078 3515 1405 3572 Hludowici
1459 3532 1588 3570 esse
1627 3514 1888 3570 illusum.
1930 3517 2101 3573 Movit

442 3627 586 3680 ergo
617 3612 690 3645 ⁶¹⁰
721 3609 951 3681 absque
983 3623 1154 3662 mora
1176 3605 1519 3661 exercitum.
1557 3609 1773 3659 etcum
1821 3607 1888 3639 ‘3“
1930 3606 2099 3678 quiu-

441 3699 733 3772 quaginta
789 3702 845 3752 et
901 3713 972 3752 eo
1024 3695 1303 3768 amplius,
1364 3699 1427 3750 ut
1471 3695 1683 3762 ferunt,
1744 3692 1984 3749 milibus
2038 3694 2098 3749 in

440 3804 600 3862 pago
658 3785 991 3855 Meginense
1037 3800 1158 3839 non
1220 3783 1396 3853 longe
1482 3782 1560 3837 ab
1620 3782 1970 3840 Andrenaco
2025 3786 2096 3818 δη

443 3878 553 3948 (7ft)
585 3874 825 3931 castello
858 3874 1146 3930 adversus
1177 3889 1313 3927 cum
1360 3871 1439 3927 ad
1492 3887 1759 3941 pugnam
1811 3873 2095 3943 procedit,

443 3965 548 4021 sed
576 3981 695 4020 non
739 3963 1004 4019 salvatur
1032 3978 1134 4017 rex
1190 3964 1247 4016 in
1279 3960 1467 4015 multa
1511 3962 1586 3994 ⁶¹³
1634 3961 1866 4026 virtute,
1917 3962 2097 4019 fallax

2227 573 2550 632 Hludowici
2580 594 2615 634 a
2646 578 2822 635 sociis
2853 573 3288 652 irrumpuntur,
3313 582 3376 645 et
3415 578 3565 634 sicut
3614 578 3763 649 ignis
3805 581 3859 637 in

2226 662 2441 735 stipula
2471 667 2545 700 ⁶¹⁴
2574 666 2880 723 immissus
2902 668 3042 723 furit
3062 669 3135 703 ⁶¹⁵
3167 670 3223 722 et
3241 666 3303 722 in
3333 672 3640 723 momento
3664 674 3859 725 cuncta

2224 752 2492 826 devorat,
2544 756 2623 812 ita
2652 758 2806 812 vires
2862 756 3348 813 adversariorum
3382 756 3536 812 ferro
3567 760 3862 814 conterunt

2224 844 2317 909 (ηδ,
2350 847 2517 900 terra:
2546 851 2932 916 prosternunt
2959 848 3053 902 δίτ.
3084 844 3383 901 Exercitus
3407 845 3597 900 Caroli
3622 846 3861 917 graviter

2222 948 2414 988 caesus
2445 938 2609 1004 terga
2638 936 2830 1004 vertit,
2858 940 2914 991 et
2941 934 3266 990 Hludowici
3295 934 3536 990 victoria
3557 935 3682 991 fuit.
3703 936 3860 992 Caro-

2218 1021 2312 1077 lus
2336 1022 2545 1078 videns
2576 1041 2715 1079 suos
2742 1024 2965 1094 fugere,
3000 1029 3054 1080 c1
3083 1024 3210 1096 ipse
3240 1024 3385 1093 fuga
3440 1023 3624 1079 vitam
3681 1041 3858 1080 serva-

2220 1110 2322 1180 vit,
2354 1128 2485 1168 sero
2508 1130 2713 1169 secum
2743 1115 3072 1179 revolvens,
3104 1112 3318 1185 quanti
3365 1113 3728 1169 discriminis
3775 1114 3858 1181 sit,

2217 1201 2511 1273 aequitatis
2534 1203 2671 1272 jura
2701 1202 3043 1258 divinarum
3092 1203 3625 1275 humanarumque
3672 1203 3858 1273 legum

2216 1288 2683 1346 institutionibus
2738 1291 3021 1348 roborata
3070 1291 3480 1346 immoderatw
3536 1290 3860 1364 cupiditatis

2216 1378 2541 1434 ambitione
2580 1379 2785 1435 violari
2847 1383 2919 1415 ⁶¹⁸
2966 1379 3136 1435 velle.
3181 1384 3322 1435 Acta
3375 1384 3465 1435 est
3518 1385 3715 1435 autem
3743 1380 3861 1435 haec

2216 1471 2445 1537 strages
2468 1473 2499 1524 8
2532 1468 2670 1523 ldus
2697 1469 2984 1526 Octobris.
3017 1471 3154 1525 Post
3177 1470 3306 1525 haec
3352 1473 3753 1525 convenerunt
3793 1472 3859 1505 διεδ

2216 1559 2332 1610 tres
2354 1556 2681 1628 supradicti
2709 1557 2918 1613 fratres
2947 1557 3009 1612 in
3037 1557 3170 1613 loco
3200 1557 3302 1630 qui
3347 1557 3562 1613 dicitur
3615 1557 3864 1614 Sualifelt

2218 1647 2291 1681 ⁶²⁰
2321 1646 2449 1718 (74),
2475 1652 2535 1702 et
2570 1646 2651 1703 ibi
2674 1647 3001 1703 diviserunt
3022 1652 3342 1719 paternum
3369 1662 3645 1716 regnum.
3679 1647 3861 1704 Carlo-

2214 1750 2475 1791 manuus
2492 1736 2731 1792 sortitus
2761 1741 2845 1792 est
2868 1736 3226 1806 Bajoariam,
3260 1737 3633 1793 Pannoniam
3657 1741 3713 1793 et
3741 1739 3863 1793 Car-

2212 1829 2426 1881 nutum
2483 1828 2576 1892 6“,
2628 1826 2794 1899 quod
2841 1831 3115 1899 corrupte
3180 1829 3587 1883 Carantanum
3635 1825 3861 1892 dicitur,

2211 1930 2321 1970 nec
2365 1930 2484 1970 non
2526 1920 2581 1970 et
2627 1931 2817 1984 regna
2880 1915 3251 1981 Sclavorum,
3302 1915 3758 1971 Behemen'sium
3814 1919 3867 1970 et

2211 2004 2648 2060 Marahensium
2696 2008 2817 2073 622;
2873 2005 3249 2060 Hludowicus
3308 2004 3659 2061 orientalem
3701 2007 3865 2060 Fran-

2212 2091 2811 2164 ciam,Thuringiam,
2856 2094 3198 2158 Saxoniam,
3231 2094 3509 2161 Fresiam,
3542 2096 3636 2157 “3,
3664 2098 3719 2149 et
3741 2108 3867 2165 par-

2212 2185 2330 2237 tem
2351 2182 2515 2251 regni
2539 2182 2819 2239 Hlotharii
2851 2201 2862 2237 :
2879 2198 3057 2254 porro
3073 2182 3280 2239 Carolo
3294 2182 3651 2239 Alamannia
3664 2182 3720 2237 in
3739 2197 3865 2255 par-

2212 2273 2332 2325 tem
2358 2271 2431 2305 ⁶²⁴
2462 2270 2635 2326 cessit
2660 2274 2716 2325 et
2745 2270 2961 2342 aliquae
2992 2270 3257 2326 civitates
3271 2286 3345 2326 ex
3358 2286 3546 2340 regno
3569 2270 3863 2327 Hlotharii.

2822 2361 3245 2417 DCCCLXXVII.

2285 2452 2455 2505 Anno
2474 2449 2795 2505 Dominicae
2812 2448 3240 2505 incarnationis
3258 2452 3380 2516 877,
3405 2449 3653 2505 Carolus
3675 2448 3866 2506 senior

2212 2537 2469 2593 Romam
2527 2538 2794 2594 secundo
2852 2538 3151 2610 profectus
3187 2543 3295 2606 est,
3354 2538 3455 2593 ubi
3504 2538 3864 2612 jampridem

2210 2624 2586 2698 imperatoris
2638 2642 2860 2681 nomen
2915 2643 2948 2681 a
3000 2626 3252 2698 przesule
3320 2625 3478 2682 sedis
3527 2626 3864 2699 apostolicaa

2209 2716 2479 2770 Johanne
2508 2715 2730 2785 ingenti
2761 2715 2949 2786 pretio
2970 2720 3197 2771 emerat
3231 2734 3243 2783 ;
3284 2731 3662 2789 regnumque
3695 2715 3865 2771 Italia:

2212 2803 2407 2873 magis
2430 2803 2488 2857 in
2512 2804 2879 2859 transeundo
2908 2803 3074 2874 vidit,
3110 2820 3294 2876 quam
3353 2804 3607 2860 fruendo
3650 2804 3867 2877 potitus

2211 2897 2317 2948 est.
2340 2892 2428 2947 Ab
2457 2892 2605 2947 urbe
2636 2895 2823 2947 Roma
2848 2892 2907 2947 in
2939 2893 3417 2963 Langobardiam
3465 2895 3539 2928 ⁵³⁵
3580 2909 3867 2965 reversus,

2146 3012 2187 3067 ρ
2214 2981 2434 3036 Bosoni
2468 2983 2561 3051 θη,
2596 2995 2885 3049 germano
2919 2981 3202 3037 Richildis
3233 2984 3301 3017 δεῖ
3335 2982 3576 3052 reginae,
3618 2981 3870 3037 Hirmin-

2214 3069 2685 3141 gardem,filiam
2699 3069 3022 3125 Hludowici
3054 3070 3528 3143 imperatoris,in
3557 3069 3868 3126 matrimo-

2211 3159 2377 3215 nium
2381 3159 2401 3230 j
2414 3159 2685 3229 unaritm.
2702 3159 2833 3215 Dies
2850 3160 3199 3232 nuptiarum
3238 3164 3402 3216 tanto
3416 3162 3712 3234 apparatu
3739 3162 3868 3215 tan-

2210 3252 2388 3321 taque
2402 3247 2681 3304 ludorum
2699 3247 3144 3318 magniﬁcentia
3155 3248 3487 3305 celebratus
3498 3248 3791 3319 est,uthuj
3800 3264 3872 3303 us

2209 3336 2562 3393 celebritatis
2575 3336 2799 3408 gaudia
2809 3337 3063 3393 modum
3076 3337 3397 3395 excessisse
3410 3335 3876 3394 ferantur.Dedit

2206 3428 2451 3499 insuper
2478 3426 2672 3482 eidem
2717 3426 2930 3482 Bosoni
2974 3427 3359 3490 Provinciam,
3399 3432 3456 3482 et
3476 3428 3788 3485 coronas”
3811 3425 3875 3480 in

2208 3515 2419 3571 vertice
2437 3515 2644 3587 capitis
2657 3515 2958 3588 imposita,
2975 3531 3111 3571 eum
3140 3531 3341 3585 regem
3356 3514 3653 3588 appellari
3667 3514 3873 3585 jussit,

2210 3609 2455 3660 utmore
2470 3604 2804 3677 priscorum
2837 3603 3267 3676 imperatorum
3300 3604 3543 3674 regibus
3575 3602 3879 3662 videretur

2207 3692 2509 3750 dominari
2527 3694 2619 3748 63°.
2642 3693 3350 3766 Evolutisdeindepaucis
3362 3693 3599 3756 diebus,
3623 3691 3878 3764 Papiam

2206 3783 2556 3855 ingreditur;
2572 3783 2630 3838 in
2643 3799 2766 3856 qua
2787 3799 2915 3838 cum
2931 3783 2987 3838 in
3014 3783 3404 3857 disponendis
3418 3786 3485 3819 ⁶³¹
3501 3781 3878 3856 publicarum

2207 3890 2405 3930 rerum
2421 3872 2670 3945 negotiis
2695 3871 2966 3927 animum
2983 3871 3333 3939 intenderet,
3364 3875 3606 3945 repente
3627 3872 3699 3906 ⁸³³
3718 3885 3878 3926 nun-

2208 3963 2417 4018 tiatum
2432 3967 2521 4019 est
2532 3962 2605 4032 ei,
2626 3961 3095 4019 Carlomannum
3110 3978 3249 4018 cum
3261 3960 3487 4032 ingenti
3499 3964 3881 4018 armatorum

1822 4130 2053 4184 VARIIE
2095 4131 2494 4186 LECTIONES.

443 4280 517 4314 ⁵³⁵
541 4277 796 4333 rhenum
830 4273 1078 4329 fluvium
1110 4277 1162 4326 ii.

440 4349 660 4407 niculo.
696 4351 807 4411 etc,
838 4348 891 4400 4.
970 4345 1039 4378 5‘”
1074 4357 1296 4397 nomen
1330 4344 1563 4411 tantum
1593 4346 1646 4395 7.
1680 4344 1876 4395 9—12.

1240 4272 1313 4305 ⁵³⁸
1345 4284 1633 4338 consang.
1663 4284 1896 4324 memor
1926 4273 2080 4324 esset
2102 4268 2427 4339 juramenti
2456 4268 2622 4339 quod
2653 4267 2815 4339 fratri
2844 4284 2952 4322 suo
2985 4267 3203 4339 fecerat
3231 4272 3583 4334 ;contentus
3611 4271 3770 4328 foret
3790 4272 3882 4328 fu-

1953 4341 2026 4373 δθε
2054 4338 2218 4412 quod
2242 4338 2604 4412 alterutrum
2620 4344 2714 4412 Sa.
2750 4338 2808 4393 d.
2842 4338 3008 4412 quod
3037 4343 3283 4410 uterque
3306 4339 3619 4411 pepigerat
3668 4346 3767 4408 5c,
3811 4359 3875 4398 e.

444 4422 517 4455 599
544 4409 869 4481 collato,'et
893 4414 1088 4470 aliena
1116 4428 1239 4467 non
1261 4410 1589 4483 invaderet,
1624 4411 1726 4466 sed
1749 4409 1998 4481 justitia,
2022 4409 2237 4483 caritas
2268 4416 2324 4467 et
2349 4410 2671 4467 concordia
2700 4409 3048 4483 inte‘r'illum
3072 4414 3128 4465 et
3149 4409 3403 4483 nepotes
3430 4426 3743 4483 summum
3782 4419 3876 4470 te-

438 4495 605 4547 neret
633 4486 938 4555 fastigium
968 4488 1021 4540 4.

442 4561 609 4618 modi
637 4566 687 4614 Li.
766 4559 840 4592 ⁶⁰³
869 4558 1103 4621 turinga
1126 4561 1178 4607 7.

442 4632 820 4689 arduennam
983 4628 1054 4661 “"3
1088 4624 1317 4680 transiit
1349 4629 1399 4677 Ei.

441 4704 711 4759 deratm'.
793 4700 859 4733 ⁶¹¹
896 4697 1219 4753 exercitum
1243 4712 1381 4751 cum

440 4775 664 4828 missus
693 4770 868 4824 fuerit
907 4774 956 4824 2.
992 4772 1081 4823 3a.
1115 4767 1172 4822 d.

438 4843 562 4898 lare
594 4846 644 4897 4.
680 4847 730 4896 ὅ.
809 4841 882 4875 θίυ
911 4856 1049 4895 cum
1089 4843 1379 4895 venerunt

443 4917 511 4949 ⁰²¹
541 4917 865 4969 carnotum
897 4917 979 4968 11.
1022 4915 1103 4966 12.
1139 4913 1456 4966 caruntum
1489 4913 1539 4964 8.

1258 4555 1329 4588 ὅθι
1354 4552 1472 4608 tilio
1506 4558 1736 4609 tantum
1769 4559 1819 4609 :5.

1479 4626 1549 4659 5""
1583 4640 1689 4680 nec
1718 4625 1827 4680 fuit
1853 4632 1906 4680 7.

1538 4698 1609 4730 6”
1636 4696 1979 4752 andernaco
2002 4702 2052 4752 ii.

1101 4486 1174 4519 δυθ
1209 4482 1411 4552 gloriae
1447 4482 1607 4537 tibus
1640 4484 1836 4538 8—12.
1873 4498 1928 4549 g.
1961 4482 2303 4555 triumphus
2329 4489 2382 4538 7.
2413 4487 2591 4554 typus
2621 4482 2862 4556 reliqui.
2943 4483 3010 4515 ⁶⁰¹

1101 4561 1178 4607 ,7.
1258 4555 1329 4588 θοι
1354 4552 1472 4608 tilio
1506 4558 1736 4609 tantum
1769 4559 1819 4609 5.
1899 4555 1971 4588 ⁸0⁵
2000 4559 2454 4609 recognosceret
2475 4552 2570 4609 5d.
2650 4555 2723 4587 ⁶⁰⁶
2753 4551 2916 4608 omni
2945 4553 3010 4608 de

2000 4568 2454 4624 recognosceret
2475 4568 2570 4609 δα.
2650 4568 2723 4587 ουο
2753 4568 2916 4608 omni
2945 4568 3105 4608 dces:
3135 4568 3186 4609 5.
3266 4568 3332 4588 δυ’
3391 4568 3765 4610 continentes
3819 4568 3881 4611 et

1989 4627 2063 4660 δίο
2096 4628 2184 4681 ita
2214 4630 2264 4679 6.
2290 4634 2426 4680 vero
2455 4626 2677 4695 reliqui
2702 4630 2928 4696 praeter
2949 4624 3043 4678 5d.
3080 4625 3143 4679 in
3175 4640 3291 4696 quo
3335 4627 3681 4693 conjzmctio
3710 4626 3881 4681 desi-

2132 4698 2207 4732 ⁶¹³
2240 4696 2506 4751 salvatur
2533 4694 2604 4751 ei
2629 4694 2818 4751 multa
2846 4699 2897 4751 5.

1253 4769 1325 4801 διδ
1353 4772 1664 4823 conterunt
1689 4772 1745 4823 et
1776 4772 1942 4823 terrae
1967 4772 2052 4823 3c.
2086 4784 2137 4823 e.
2172 4773 2219 4823 1.
2251 4773 2303 4823 3.

1539 4840 1612 4873 ⁶²θ
1643 4838 1895 4893 sanlifelt
1924 4838 2006 4894 ibi
2034 4844 2120 4894 :‘ic.
2145 4837 2205 4894 d.
2233 4839 2477 4895 salevelt
2514 4843 2594 4894 11.
2624 4842 2707 4893 12.
2739 4837 3112 4893 sualiveltl.
3146 4845 3199 4893 7.
3228 4842 3281 4894 8.
3340 4837 3639 4893 sualivent
3690 4843 3743 4894 9.
3780 4843 3881 4895 .10.

1619 4912 1710 4964 δῖε.
1741 4915 1796 4965 et
1820 4909 2269 4966 marahensium
2300 4911 2458 4967 deest
2490 4915 2536 4964 1.
2570 4917 2621 4966 3.

2837 4482 2862 4556 ξ.
2903 4551 2911 4556 Δ
2943 4483 3010 4556 69'
3046 4481 3335 4556 pacis'ii._
3387 4481 3676 4556 603.h_ujus
3709 4500 3884 4540 com-

2650 4555 2723 4587 ⁶⁰⁶
2753 4551 2916 4608 omni
2945 4551 3105 4608 deest
3135 4556 3186 4609 5.
3266 4554 3336 4588 ⁶⁰⁷
3391 4551 3765 4610 confluentes
3819 4560 3885 4611 et

2976 4695 3360 4768 6“stipulam
3418 4700 3552 4752 3.
3629 4697 3702 4732 ⁶¹⁵
3761 4696 3885 4768 im-

2382 4769 2450 4802 θίτ
2487 4771 2912 4839 conteruntur.
2948 4809 2982 4839 ._
3019 4767 3561 4839 prosternuntur-8.
3629 4769 3711 4832 ,διδ
3741 4767 3883 4824 vio-

2700 4911 2774 4945 ⁸³³
2804 4908 3033 4964 frisiam
3058 4915 3142 4965 5c.
3178 4925 3229 4965 e.
3259 4913 3312 4965 2.
3347 4914 3397 4964 3.
3425 4914 3476 4963 7.
3537 4914 3711 4965 9—12
3796 4912 3881 4945 ⁸³³

439 4986 673 5062 carolus
705 4983 1114 5062 alama‘nniam
1140 4987 1195 5036 et
1224 4979 1745 5062 aliquascivitates
1852 4981 2133 5062 ‘(aliquotl
2169 4986 2322 5037 1—3.
2353 4982 2411 5062 in
2439 4985 2610 5062 parte
2640 4984 2702 5062 4ἐ
2765 4983 2847 5062 ff“
2868 4997 3047 5062 roma
3069 4981 3147 5061 .in
3178 4980 3466 5062 barcliam
3502 4981 3579 5062 ,1.ἒ
3692 4996 3739 5034 r.
3810 4981 3881 5062 i_n

898 5057 971 5089 ⁶²⁶
998 5052 1332 5136 littosoni

1021 5128 1092 5159 ⁵³⁸
1109 5126 1308 5194 junxit
1333 5126 1384 5178 6.
1464 5126 1535 5157 σεῖ’
1568 5138 1855 5179 coronam
1889 5127 1935 5177 1.
1971 5126 2021 5177 4.
2053 5130 2073 5179 Ε

1031 5201 1077 5252 1.
1110 5199 1163 5250 2.
1200 5200 1250 5249 :1.
1329 5195 1402 5229 6”
1425 5193 1729 5267 repentine
1767 5198 1816 5249 1.
1850 5197 1902 5248 2.
1936 5198 1987 5248 5.
2022 5197 2073 5249 6.

439 5057 623 5113 brach
634 5073 729 5113 am
765 5062 815 5111 3.

438 5136 492 5185 et
523 5130 651 5185 cod.
681 5129 942 5196 Frising.

438 5217 578 5258 cum
604 5197 997 5271 disponendis
1031 5201 1077 5252 1.
1110 5199 1163 5250 2.
1200 5200 1250 5249 :1.

1464 5125 1535 5157 θεῖ’
1568 5138 1855 5179 coronam
1889 5127 1935 5177 1.
1971 5126 2021 5177 4.
2053 5127 2248 5179 9—12.

1411 5054 1479 5087 δεῖ
1515 5051 1743 5107 rililiilae
1774 5058 1825 5106 7.
1851 5050 2066 5107 bosoni
2104 5050 2570 5121 germanchildis
2597 5069 2642 5106 r.
2676 5056 2729 5107 2.
2764 5057 2816 5107 5.
2867 5051 3084 5108 bosoni
3115 5051 3386 5120 germani
3416 5050 3682 5107 richildis
3733 5068 3787 5106 ι’.
3817 5057 3877 5107 3.

2328 5124 2400 5157 ⁸³0
2427 5123 2505 5178 ab
2534 5122 2677 5178 urbe
2702 5138 2873 5178 roma
2899 5138 3081 5194 usque
3109 5122 3408 5179 dominari
3463 5123 3622 5179 deest
3648 5125 3700 5177 4.
3789 5124 3874 5158 ⁶³¹

2026 5336 2255 5395 ΝΟΤίΕ.

509 5504 616 5576 (75)
654 5501 1095 5576 Andernacum,
1128 5498 1187 5576 in
1218 5498 1416 5576 medio
1440 5498 1555 5576 fere
1581 5513 1738 5576 pago
1763 5497 2087 5576 illeginenst

436 5567 751 5632 situmt.Cf.
808 5567 1099 5645 mappam
1150 5572 1211 5645 i_n
1260 5573 1302 5626 D
1346 5567 1622 5626 Guntheri
1670 5568 1871 5625 codice
1920 5567 2063 5643 dipl.

436 5643 1016 5713 Rheno-Mosellaho,
1049 5646 1107 5700 Τ.
1132 5643 1197 5698 ll.

2272 5497 2380 5578 (3-1)
2408 5500 2602 5578 Pagus
2625 5496 2703 5551 ad
2718 5495 2965 5578 ﬂuvium
2989 5494 3445 5578 Alemonam,‘in
3465 5511 3587 5578 quo
3604 5495 3880 5552 Carolus

2179 5570 2245 5625 M.
2281 5565 2514 5623 fossam’
2535 5568 2803 5634 duxerat,
2836 5565 3083 5637 majoris
3110 5568 3250 5639 pagi
3280 5565 3566 5625 Retiensis
3614 5582 3789 5640 pars.
