4076 6212
390 268 489 321 119
1501 251 1874 312 REGINONIS
1913 250 2328 310 PRUMIENSIS
2366 252 2656 308 ABBATIS

3705 242 3808 295 120

386 389 517 460 é‘jus
542 402 761 461 parum
792 382 1069 443 effectum
1085 382 1358 451 obtinuit,
1378 396 1777 454 quamquam,
1801 382 1866 434 ut
1893 376 2043 434 dixi—
2077 379 2126 432 Α
2159 381 2217 433 et
2261 376 2783 433 Nordmannorum
2827 370 3129 461 malitiam.
3145 368 3230 461 nil
3282 365 3561 461 differret,
3601 367 3811 461 praeter

388 494 545 545 mus,
575 492 648 532 ex
679 473 930 531 diversis
959 472 1155 542 regnis
1183 476 1240 526 et
1287 471 1563 541 gentibus
1620 466 2047 525 inaestimabilis

393 564 714 623 multitudo
743 563 803 619 in
833 578 1022 616 unum
1076 560 1436 617 confluxisse
1489 562 1585 625 Ἢ,
1641 556 2049 627 indignatione

395 654 615 711 caelesti
672 667 853 724 super
908 649 1202 722 populum
1261 650 1652 707 Christianam
1701 647 2049 718 religionem

273 780 276 782 η
392 744 813 821 profanantem
843 738 1220 795 desaeviente.
1271 739 1597 795 Novissime
1623 754 1725 794 rex
1782 734 2049 793 Godofri-

390 833 505 889 dus
533 832 1062 887 Nordmannorum
1093 844 1165 884 ea
1191 827 1530 884 conditione
1561 826 1960 885 Christianum
1990 839 2052 880 se

392 920 519 977 ﬁeri
549 919 879 993 pollicetur,
911 917 958 973 si
989 917 1043 973 ei
1073 934 1320 974 munere
1361 918 1517 987 regis
1549 916 1748 973 Fresia
1789 917 1863 950 “9
1912 929 2051 987 pro-

390 1002 591 1066 vincia
621 1006 1062 1074 concederetur,
1097 1010 1153 1063 et
1185 1006 1344 1063 Gisla
1372 1009 1469 1077 75°,
1498 1006 1618 1062 tilia
1652 1003 1959 1071 Hlotharii,
1992 1003 2053 1058 in

395 1113 647 1155 uxorem
677 1097 937 1153 daretur.
963 1099 1102 1162 Qute
1132 1098 1288 1152 utm
1321 1100 1632 1168 optaverat
1671 1097 1746 1130 7“
1777 1094 2051 1165 adeptus,

394 1185 734 1258 baptizatus
780 1188 890 1254 est,
919 1189 976 1239 et
1022 1201 1094 1240 ex
1148 1200 1318 1240 sacro
1364 1184 1525 1239 fonte
1569 1183 1647 1239 ab
1694 1183 2054 1255 imperatore

398 1280 735 1348 susceptus.
770 1273 1043 1345 Sigifrido
1096 1279 1154 1331 et
1210 1273 1451 1346 reliquis
1492 1272 1889 1329 Nordmannis
1942 1270 2053 1325 im-

396 1380 673 1420 mensum
696 1364 935 1437 pondus
966 1364 1095 1419 auri
1117 1368 1172 1420 et
1201 1363 1430 1433 argenti
1456 1362 1797 1436 expositum
1846 1366 1953 1430 est,
1999 1364 2056 1416 et

398 1452 499 1509 tali
530 1458 730 1509 tenore
756 1453 907 1509 ﬁnes
936 1455 1102 1523 regni
1127 1453 1441 1509 excedunt.

1008 1544 1451 1598 DCCCLXXXIII.

474 1633 647 1687 Anno
675 1628 995 1684 Dominicaa
1027 1628 1454 1684 incarnationis
1486 1630 1586 1683 883
1630 1628 1706 1662 ⁷⁵³
1755 1625 2056 1682 Hludowi—

401 1723 639 1773 cus'rex
666 1719 762 1787 7“,
796 1715 974 1771 frater
993 1714 1393 1781 Carlomanni,
1426 1714 1675 1770 moritur
1735 1715 1843 1786 (85)
1892 1712 2058 1786 apud
2088 1731 2130 1783 Β

404 1806 680 1860 sanctum
708 1802 1079 1874 Dionysium,
1107 1802 1310 1874 ibique
1344 1800 1774 1857 honorabiliter
1798 1800 2056 1856 tumula-

403 1896 517 1958 tur,
551 1894 732 1963 quem
758 1906 971 1946 omnes
999 1891 1323 1947 Galliarum
1352 1890 1559 1962 populi
1592 1889 1778 1944 nimio
1815 1889 2061 1961 planctu

401 1981 708 2038 lamentati
734 1985 888 2037 sunt.
921 1980 1046 2036 Fuit
1074 1980 1233 2037 enim
1263 1981 1355 2036 vir
1378 1982 1452 2015 ⁷⁵⁵
1496 1979 1725 2035 virtutis
1782 1978 2060 2035 maximae

402 2072 499 2140 ⁷⁵⁸,
531 2085 907 2142 rgnumque
938 2069 1049 2124 sibi
1080 2068 1387 2125 subditum
1413 2085 1447 2125 a
1476 2084 1855 2141 paganorum
1886 2067 2064 2123 infes-

404 2159 624 2215 tatione
654 2160 725 2193 ⁷⁵⁷
756 2162 1026 2230 potenter
1055 2157 1415 2229 viriliterque
1442 2156 1724 2211 defendit.
1754 2159 1908 2211 Inter
1955 2172 2062 2211 cae-

404 2250 527 2302 tera
555 2261 693 2317 qua;
724 2250 960 2300 strenue
992 2244 1190 2315 gessit,
1243 2244 1388 2299 illud
1442 2244 1741 2317 praecipue
1790 2244 2061 2316 praelium

403 2333 881 2399 commendatur,
931 2333 1094 2406 quod
1153 2333 1477 2388 adversum
1528 2332 1949 2389 Nordmannos
2002 2333 2062 2387 in

400 2423 536 2479 loco
565 2422 669 2494 qui
698 2425 945 2478 vocatur
965 2421 1301 2477 Sodaltcurt
1328 2423 1402 2456 ⁷⁵⁸
1431 2422 1546 2493 (86)
1566 2421 1819 2477 summis
1840 2421 2064 2477 viribus

403 2510 714 2578 exercuit;
771 2526 894 2584 quo
951 2511 1294 2578 certamine,
1349 2515 1413 2567 ut
1466 2512 1682 2579 ferunt,
1737 2511 2062 2584 plusquam

402 2598 538 2653 o'cto
597 2598 760 2654 milia
814 2598 1298 2655 adversariorum
1348 2599 1548 2669 gladio
1596 2601 1670 2635 759
1725 2599 2060 2671 prostravit.

405 2685 842 2743 Carlomannus
873 2688 1052 2744 frater
1075 2704 1330 2757 regnum
1352 2687 1507 2743 illius
1542 2687 1815 2743 obtinuit.
1842 2688 2066 2744 Eodem

405 2779 674 2848 tempore
702 2776 1014 2845 Bertulfus,
1046 2777 1416 2832 Trevirorum
1450 2775 1794 2848 episcopus,
1845 2777 2066 2846 migra-

401 2866 584 2921 vitad
617 2867 937 2922 Dominum
964 2882 1017 2921 v1
1054 2867 1190 2922 Idus
1226 2866 1503 2922 Februar.
1535 2866 1631 2937 ⁷⁸0,
1684 2865 1780 2921 cui
1827 2882 2065 2921 succes-

406 2953 479 3008 sit
502 2953 563 3008 in
593 2953 922 3026 pontiﬁcali
954 2954 1238 3009 cathedra
1258 2969 1367 3026 per
1419 2953 1769 3010 electionem
1820 2954 1958 3010 cleri
2009 2959 2068 3011 et

404 3040 581 3096 totius
602 3040 795 3114 plebis
816 3036 1127 3098 Ratbodus
1148 3044 1218 3078 ⁷⁶¹
1239 3041 1775 3099 reverendissimus
1796 3044 2061 3113 antistes,

404 3145 461 3183 v1
494 3128 631 3183 ldus
658 3129 873 3202 Aprilis
896 3132 991 3185 ⁷⁸³.
1027 3131 1122 3185 His
1180 3131 1361 3186 etiam
1416 3131 1632 3187 diebus
1688 3132 2065 3189 Ruodbertus

401 3218 476 3251 ⁷³⁵
502 3218 722 3291 praesul
754 3218 833 3274 ab
863 3219 1077 3275 eodem
1104 3223 1387 3293 episcopo
1415 3222 1491 3255 7“
1520 3220 1791 3277 Ratbodo
1819 3221 1881 3277 in
1930 3224 2066 3278 Met-

408 3306 562 3362 tensi
583 3306 833 3363 ecclesia
861 3313 1268 3379 consecratur,
1298 3325 1339 3364 x
1367 3308 1671 3365 Kalendas
1709 3310 1857 3367 Maii.

478 3393 644 3451 Circa
667 3394 795 3451 htec
828 3400 1099 3469 tempora
1120 3396 1293 3467 Hugo
1322 3399 1420 3464 ⁷⁷⁵,
1453 3396 1613 3453 ﬁlius
1645 3396 1951 3465 Hlotharii,
2006 3397 2068 3453 in

409 3498 582 3555 spem
610 3485 1004 3557 recuperandi
1024 3486 1257 3559 paterni
1287 3486 1454 3557 regni
1474 3485 1553 3543 ab
1589 3485 1897 3558 aliquibus
1950 3486 2070 3543 dis-

405 3571 748 3628 cordiarum
801 3588 871 3629 ac
947 3573 1139 3631 litium
1198 3574 1591 3631 sectatoribus
1649 3574 2067 3647 introducitur,

404 3676 742 3735 omnesque
772 3662 878 3735 qui
899 3663 1195 3734 justitiam
1238 3668 1297 3720 et
1343 3680 1557 3737 pacem
1613 3663 2067 3736 execrabantur,

406 3750 484 3807 ad
534 3766 674 3806 eum
713 3751 1154 3824 conﬂuxerunt,
1183 3753 1265 3810 ita
1284 3759 1348 3810 ut
1383 3754 1444 3809 in
1492 3754 1703 3826 paucis
1742 3756 1819 3791 ⁷⁶⁶
1856 3754 2070 3811 diebus

404 3838 725 3896 innumera
750 3840 1069 3897 multitudo
1093 3842 1452 3913 praedonum
1501 3842 1630 3913 ejus
1674 3837 2071 3900 dominationi

409 3943 473 3982 se
504 3927 864 3983 submiserit.
897 3931 967 3965 ⁷⁸⁷
1004 3933 1157 3984 Inter
1174 3946 1330 4002 quos
1353 3930 1529 3985 etiam
1562 3931 1835 3987 nonnulli
1862 3948 1935 3988 ex
1954 3932 2072 4005 pri-

408 4015 681 4071 moribus
708 4016 875 4085 regni
914 4032 1071 4071 vana
1125 4033 1231 4089 spe
1272 4018 1521 4084 seducti,
1583 4019 1866 4074 manibus
1915 4020 2071 4075 datis

407 4102 703 4159 accedunt
751 4106 849 4173 ⁷⁸⁸,
925 4104 1195 4161 videlicet
1238 4106 1595 4178 Stephanus,
1666 4106 2067 4175 Ruodbertus,

410 4189 735 4248 Wicbertus
790 4194 886 4257 ⁷⁸9,
935 4192 1319 4250 Thietbaldus
1380 4194 1646 4261 comites,
1698 4192 1972 4250 Albricus
2015 4198 2074 4250 et

408 4278 590 4335 frater
607 4279 737 4351 ejus
765 4280 841 4314 ⁷⁷⁰
883 4279 1221 4353 Stephanus
1249 4282 1345 4349 ⁷⁷⁸,
1402 4284 1691 4355 tantaque
1747 4282 1963 4355 rapina
2014 4286 2072 4339 et

411 4366 694 4426 violentia
759 4368 839 4425 ab
894 4368 989 4425 his
1043 4368 1104 4426 in
1157 4384 1345 4443 regno
1407 4369 1491 4440 ﬁt,
1544 4375 1610 4428 ut
1656 4370 1810 4428 inter
1851 4370 2070 4428 horum

2159 466 2325 539 quod
2377 483 2414 523 a
2468 465 2735 522 caedibus
2791 469 2847 518 et
2921 459 3209 519 incendiis
3276 455 3657 512 abstinerent.
3716 452 3811 509 Sic

2159 538 2539 628 omnipotens
2593 556 2748 610 Deus
2775 538 2961 608 iratus
2984 563 3171 619 regno
3201 544 3487 602 Hlotharii
3532 542 3811 600 adversa-

2157 643 2355 711 batur,
2386 647 2443 700 et
2488 642 2708 699 talibus
2766 641 3274 697 incrementorum
3331 632 3606 690 cladibus
3656 630 3812 686 vires

2159 733 2431 804 ejusdem
2477 732 2648 804 regni
2723 729 3007 787 radicitus
3064 722 3518 790 exterminabat,
3581 725 3645 776 ut
3678 735 3815 793 pro-

2159 822 2363 895 phetia
2392 819 2751 878 sanctissimi
2776 816 2998 875 Nicolai
3026 831 3201 889 papa:
3232 812 3411 869 simul
3439 812 3595 868 et'm
3636 809 3818 865 male-

2160 911 2387 968 dictum
2418 910 2584 984 quod
2606 925 2786 983 super
2805 908 2966 964 idem
2987 920 3242 975 regnum
3259 901 3604 976 protulerat,
3626 898 3811 957 adim-

2162 1001 2442 1074 pleretur.

2236 1092 2353 1145 Hoc
2384 1090 2563 1146 etiam
2589 1092 2857 1160 tempore
2887 1086 3049 1141 idem
3085 1086 3256 1153 Hugo
3311 1080 3665 1136 Wicbertum
3720 1093 3819 1133 co-

2163 1178 2389 1245 mitem,
2422 1176 2525 1250 qui
2556 1176 2634 1232 ab
2663 1175 2905 1231 ineunte
2935 1177 3105 1229 aetate
3137 1171 3251 1227 sibi
3296 1170 3523 1226 faverat
3575 1168 3673 1237 ⁷⁷³,
3726 1167 3818 1222 in-

2163 1267 2387 1323 terfecit
2413 1269 2488 1301 ⁷⁷⁵
2514 1286 2526 1335 ;
2553 1265 2765 1340 paucis
2795 1264 3010 1321 dehinc
3040 1260 3401 1334 interpositis
3430 1258 3661 1325 diebus,
3681 1257 3818 1312 Ber-

2163 1356 2423 1423 narium,
2453 1354 2716 1411 nobilem
2743 1355 2935 1409 virum
2967 1351 3199 1423 sibique
3219 1348 3656 1413 ﬁdelissimum,
3678 1344 3820 1401 dolo

2166 1444 2448 1501 trucidari
2499 1446 2574 1479 ⁷⁷⁵
2625 1443 2820 1514 jussit,
2881 1440 3322 1515 pulchritudine
3376 1437 3531 1493 illius
3610 1439 3821 1506 captus

2167 1532 2388 1600 uxoris,
2421 1548 2607 1605 quam
2638 1532 2869 1603 absque
2902 1533 3210 1585 momento
3256 1526 3366 1582 sibi
3391 1526 3451 1581 in
3500 1526 3575 1559 ⁷⁷⁸
3625 1522 3826 1579 matri-

2166 1623 2438 1679 monium
2456 1623 2671 1694 jungit.
2704 1621 3041 1676 Vocabatur
3061 1624 3261 1676 autem
3279 1616 3491 1673 mulier
3506 1612 3825 1671 Friderada

2167 1714 2263 1779 ⁷⁷⁷,
2288 1727 2423 1783 quae
2450 1716 2774 1782 antequam
2808 1707 3085 1766 Bernario
3137 1707 3479 1772 sociaretur,
3546 1701 3826 1776 copulata

2169 1801 2361 1856 fuerat
2388 1799 2793 1869 Engilrammo
2823 1800 2896 1833 ⁷⁷⁸
2928 1797 3155 1870 potenti
3186 1796 3336 1860 viro,
3368 1811 3440 1849 ex
3468 1808 3591 1866 quo
3638 1791 3827 1846 filiam

2168 1887 2415 1961 peperit,
2439 1903 2626 1961 quam
2655 1884 3049 1958 postmodum
3093 1882 3436 1939 Richwinus
3492 1882 3566 1915 779
3624 1894 3828 1935 comes

2169 1977 2230 2033 in
2283 1976 2634 2047 conjugium
2683 1975 2933 2047 accepit,
2985 1990 3169 2045 quam
3224 1972 3403 2027 etiam
3443 1974 3686 2043 prepter
3708 1972 3830 2023 stu-

2169 2082 2351 2139 prum
2372 2064 2767 2120 commissum
2790 2063 2949 2118 idem
2982 2078 3184 2118 comes
3209 2058 3493 2116 decollari
3516 2058 3715 2129 jussit.

2778 2153 3220 2209 DCCCLXXXIV.

2245 2246 2413 2298 Anno
2451 2241 2773 2299 Dominicae
2826 2239 3253 2296 incarnationis
3305 2242 3406 2293 884
3465 2234 3836 2293 Nordmanni

2172 2334 2277 2408 qui
2303 2334 2381 2389 ab
2415 2333 2739 2389 Ahslon780
2789 2335 3177 2398 recesserant,
3235 2331 3520 2386 Somuam
3578 2325 3830 2382 ﬂuvium

2173 2424 2245 2458 ⁷³1
2272 2422 2514 2493 intrant,
2547 2421 2751 2493 ibique
2782 2419 3201 2477 consederunt.
3238 2419 3506 2484 Quorum
3558 2414 3836 2471 creberri-

2175 2528 2307 2568 mas
2330 2511 2700 2567 incursiones
2733 2524 2872 2565 cum
2900 2509 3336 2566 Carlomannus
3369 2506 3655 2561 sustinere
3706 2517 3832 2559 non

2176 2606 2397 2675 posset,
2425 2600 2747 2673 pecuniam
2774 2598 3105 2672 pollicetur,
3135 2597 3187 2652 si
3216 2613 3252 2652 a
3277 2611 3463 2666 regno
3496 2595 3624 2665 ejus
3670 2607 3831 2648 rece-

2176 2690 2402 2745 derent.
2428 2692 2558 2746 Mox
2602 2688 2792 2745 avidae
2838 2687 3028 2758 gentis
3076 2685 3261 2742 animi
3317 2684 3395 2740 ad
3442 2681 3831 2739 obtinendam

2176 2777 2497 2851 pecuniam
2527 2776 2947 2841 exardescunt,
2980 2780 3037 2830 et
3084 2778 3149 2829 12
3195 2772 3361 2829 milia
3417 2770 3688 2846 pondera
3738 2786 3833 2826 ar-

2178 2868 2336 2938 genti
2366 2866 2501 2939 puri
2530 2870 2709 2938 atque
2739 2865 2976 2938 probati
3005 2863 3270 2934 exigunt,
3300 2862 3665 2933 totidemque
3723 2872 3832 2916 an-

2179 2957 2270 3015 nis
2296 2972 2509 3029 pacem
2537 2955 2907 3028 promittunt.
2942 2958 3195 3026 Accepta
3220 2956 3345 3009 tam
3384 2951 3611 3022 ingenti
3659 2965 3838 3023 pecu-

2178 3044 2300 3117 nia,
2332 3043 2503 3100 funes
2528 3058 2564 3100 a
2590 3042 2757 3099 litore
2794 3041 3053 3109 solvunt,
3109 3056 3294 3098 naves
3342 3038 3745 3110 concendunt,
3779 3045 3840 3094 et

2176 3133 2410 3190 marina
2439 3132 2612 3189 litora
2640 3136 2933 3204 repetunt.
2970 3135 3195 3187 Interea
3250 3128 3684 3187 Carlomannus
3737 3143 3837 3184 ve-

2178 3228 2391 3279 natum
2416 3220 2692 3294 perrexit,
2737 3220 2839 3276 ubi
2868 3225 2925 3275 et
2950 3219 3027 3275 ab
3057 3220 3132 3254 ⁷⁸²
3155 3234 3304 3291 apro
3346 3217 3602 3288 graviter
3628 3215 3838 3271 vulne-

2178 3315 2365 3377 ratus,
2391 3313 2527 3382 post
2580 3308 2889 3365 modicum
2949 3307 3128 3364 vitam
3180 3322 3320 3363 cum
3375 3321 3562 3377 regno
3615 3304 3835 3374 amisit,

2179 3398 2570 3473 sepultusque
2600 3403 2688 3454 est
2713 3397 2878 3471 apud
2907 3401 3185 3453 sanctum
3230 3395 3598 3468 Dionysium.
3659 3393 3841 3450 Aiunt

2178 3494 2380 3545 autem
2408 3486 2683 3561 quidam,
2714 3486 2881 3560 quod
2906 3503 2941 3542 a
2962 3485 3232 3559 quodam
3277 3500 3387 3541 suo
3426 3483 3670 3540 satellite
3722 3482 3837 3539 im-

2177 3576 2427 3651 provide
2458 3592 2629 3632 arma
2653 3574 2861 3631 ferenti
2888 3577 2965 3609 ⁷⁸³
2990 3574 3334 3631 vulneratus
3364 3573 3558 3645 fuerit,
3592 3577 3648 3629 et
3692 3586 3838 3645 qma

2179 3682 2302 3723 non
2343 3669 2558 3739 sponte
2587 3663 2689 3720 sed
2721 3663 2941 3719 invitus
2979 3663 3093 3719 hoc
3147 3663 3380 3720 facinus
3430 3662 3832 3729 commiserat,

2178 3755 2400 3812 idcirco
2430 3771 2467 3811 a
2494 3769 2633 3827 rege
2659 3751 2916 3810 celatum
2949 3753 3021 3808 sit
3057 3754 3153 3821 ⁷⁸⁵,
3206 3767 3282 3808 ne
3331 3751 3611 3808 innoxius
3661 3749 3836 3806 morti

2180 3844 2530 3902 traderetur.

2252 3933 2641 4004 Nordmanni,
2692 3931 2931 4004 cognita
2981 3935 3172 3987 morte
3227 3930 3402 4000 regis.
3455 3928 3725 4003 protinus
3776 3928 3841 3984 in

2178 4039 2435 4092 regnum
2459 4026 2854 4078 revertuntur.
2882 4025 3084 4092 Itaque
3125 4021 3296 4091 Hugo
3342 4018 3505 4076 abba
3551 4021 3610 4075 et
3644 4017 3843 4073 cateri

2180 4122 2458 4178 proceres
2481 4108 2709 4177 legatos
2741 4109 2823 4164 ad
2851 4124 2953 4162 eos
2982 4108 3266 4177 dirigunt,
3296 4107 3760 4179 promissionem
3785 4110 3846 4163 et

2182 4191 2367 4248 ﬁdem
2395 4192 2602 4250 datam
2620 4193 2905 4249 violatam
2926 4209 3054 4247 esse
3081 4193 3476 4265 proclamant.
3501 4194 3592 4249 Ad
3611 4195 3741 4250 hinc
3760 4194 3846 4250 illi

2182 4281 2569 4354 respondent,
2605 4297 2669 4337 se
2698 4297 2837 4337 cum
2866 4279 3268 4337 Carlomanno
3306 4296 3466 4352 rege,
3520 4296 3643 4336 non
3703 4300 3844 4340 cum

2183 4369 2302 4429 alio
2333 4369 2537 4444 aliquo
2567 4369 2762 4437 foedus
2814 4369 3116 4444 pepigisse
3150 4387 3177 4437 ;_
3218 4369 3492 4443 quisquis
3540 4368 3635 4426 ille
3684 4377 3848 4439 esset

1787 4508 2015 4564 νΑΒιΑς
2056 4504 2471 4565 LECTIONES.

486 4628 560 4701 ⁷⁸⁷
589 4626 882 4701 conﬂuxit
918 4632 1018 4684 1-
1047 4634 1099 4687 3.
1129 4635 1160 4686 5
1191 4635 1243 4685 7.
1279 4633 1476 4687 9-12.
1552 4632 1627 4666 ⁷³9
1659 4630 1824 4688 frisia
1854 4636 1906 4687 5.
1935 4636 1987 4687 7.
2016 4634 2212 4688 9-12,
2288 4631 2365 4666 ⁷³⁰
2390 4629 2559 4701 gissa
2583 4634 2669 4685 5e.
2747 4632 2817 4665 ⁷⁵³

414 4699 493 4734 ⁷⁵³
524 4699 1020 4757 DCCCLXXXVIII.
1072 4703 1125 4756 9.

2871 4629 2974 4703 qui
3004 4634 3067 4703 ut
3095 4634 3146 4686 5.
3198 4631 3299 4703 77"
3330 4628 3554 4703 optavit
3599 4631 3653 4703 4.
3698 4633 3842 4703 556.

1192 4704 1275 4756 11.
1338 4706 1421 4758 12.
1508 4704 1583 4737 ⁷⁵⁸
1634 4718 1739 4758 rex
1768 4703 1926 4760 deest
1959 4707 2011 4758 5.
2087 4704 2161 4739 ⁷⁵⁷
2208 4702 2299 4759 vir
2342 4702 2506 4759 deest
2527 4705 2668 4758 2—5
2742 4703 2828 4756 7⁵⁸
2857 4701 3135 4757 maximae
3164 4702 3321 4757 deest
3341 4701 3396 4757 2'.
3440 4705 3469 4755 7
3501 4731 3570 4740 --
3607 4702 3690 4755 12.
3765 4701 3839 4735 ⁷⁵⁷

415 4769 854 4853 infestinatione
881 4776 932 4853 3.
954 4843 990 4853 Α
1011 4773 1087 4853 ⁷ξξ
1118 4771 1462 4853 sodalcurth
1479 4777 1552 4853 _2_._
1576 4773 2012 4853 sodalcurchlfi.
2038 4773 2342 4853 sodaltcur
2366 4779 2419 4853 7_.
2452 4772 2771 4853 sodalcurt
2782 4775 2814 4853 8
2841 4773 3049 4853 podex
3072 4773 3341 4853 Frising.
3361 4770 3847 4853 εςρηεζα-ξοᾴῳῐ-

416 4845 547 4923 cqrt
576 4842 700 4923 Litt;
719 4847 775 4923 et
805 4849 913 4923 cod
942 4843 1002 4899 S.
1024 4844 1402 4923 Gate/tardi.
1465 4846 1554 4923 j“
1588 4844 2109 4923 milia__hominum
2141 4843 2935 4923 gladio‘173._§.__:‘°_i_dus
2962 4841 3293 4923 septemer
3315 4848 3368 4923 2.
3403 4847 3515 4923 5_._n6
3546 4843 3573 4897 ‘I
3614 4842 3656 4923 ll
3705 4841 3846 4923 idus

415 4910 564 4968 febr.
594 4917 647 4988 ‘_7.
678 4912 815 4968 idus
836 4913 984 4969 febr.
1001 4918 1066 4988 fi.
1145 4916 1215 4951 ⁷⁸³
1246 4914 1559 4972 rabbodus
1592 4920 1639 4972 1.
1666 4915 1981 4972 radbodus
2016 4920 2069 4972 3.
2101 4910 2372 4988 rapodus
2396 4920 2453 4972 2.
2528 4917 2744 4988 7“_Vll"
2767 4914 2907 4971 idus
2937 4910 3066 4988 api.
3091 4918 3145 4971 2.
3173 4919 3224 4988 5.
3261 4918 3293 4970 6
3317 4916 3345 4970 ‘?
3418 4915 3493 4988 7?“
3540 4912 3844 4988 rutbertus

420 4987 477 5060 1.
504 4982 826 5060 rudpertus
855 4989 909 5041 2.
944 4984 1038 5041 5d.
1068 4991 1386 5059 ruopertus
1409 4992 1498 5043 5a.
1526 4992 1805 5060 rupertus
1835 4992 1921 5043 5c.
1952 4982 2418 5060 e._ruothpertus
2448 4993 2501 5042 7.
2523 4985 2823 5060 rotbertus
2853 4990 2905 5042 4.
2938 4982 2997 5042 8ῖ
3010 5058 3023 5060 _
3046 4985 3384 5060 routbertus
3420 4987 3491 5060 Δ9.
3541 4982 3847 5060 rutbertus

419 5057 509 5127 10.
536 5059 878 5127 ruotpertus
912 5060 995 5111 11.
1028 5062 1126 5113 rut

419 5124 795 5182 subdidei'int
824 5130 876 5182 5.
954 5128 1028 5162 ⁷⁸⁸
1051 5124 1390 5186 accendunt
1423 5134 1471 5185 1.
1506 5133 1558 5187 3.

1127 5057 1331 5131 pertus
1362 5062 1445 5113 12.
1523 5057 2321 5131 "t—eodemarchiepiscopo
2351 5060 2529 5131 7—_t2

1636 5130 1710 5165 ⁷⁸9
1741 5128 2051 5186 witbertus
2071 5127 2133 5184 5.
2164 5127 2398 5198 ⁷⁷⁰’θ]υε
2423 5128 2583 5184 deest
2631 5132 2685 5183 7.

2879 5062 2930 5113 3.
3007 5058 3082 5092 ⁷⁵⁸
3140 5061 3203 5112 ut

2743 5132 2940 5184 9-12,

2605 5057 2681 5093 ⁷⁸⁵
2728 5056 2857 5126 hug
2879 5062 2930 5113 3.
3007 5058 3082 5092 ⁷⁵⁸
3140 5061 3203 5112 ut
3256 5056 3466 5130 paucis
3522 5060 3574 5112 5.
3652 5055 3723 5130 ⁷⁸⁷
3780 5070 3845 5109 se

3017 5130 3061 5163 ⁷⁷
3074 5131 3090 5164 ί
3145 5125 3559 5198 ruo'tbertum,
3592 5125 3843 5198 Vvicper-

423 5199 573 5278 tem:
607 5195 872 5278 emicem
891 5196 1216 5278 etfratrem
1246 5201 1377 5278 eius
1406 5201 1789 5278 stephaaum-
1856 5201 1941 5278 ,τῖ’
1968 5198 2151 5278 simul
2173 5195 2353 5278 spiam
2382 5201 2431 5253 ί·
2458 5203 2509 5254 5-
2537 5272 2548 5278 _
2585 5199 2662 5278 “.3
2689 5197 2796 5278 qui
2826 5198 3173 5278 abimum?
3202 5202 3427 5278 etate
3452 5196 3568 5278 sibi
3595 5195 3847 5278 ,ξανδτὲί

415 5267 574 5323 deest
608 5272 656 5323 1.
689 5272 742 5323 2.
769 5272 821 5324 3.
898 5269 972 5302 ⁷⁷⁴
1002 5267 1294 5327 interimit
1320 5277 1368 5328 1.
1402 5276 1457 5327 2.
1486 5267 1539 5329 3.
1617 5274 1692 5307 "9
1719 5271 2021 5328 trucidare
2051 5275 2103 5326 5.
2180 5270 2255 5306 ⁷⁷⁸
2284 5272 2595 5326 momento
2623 5269 2687 5326 in
2708 5267 2875 5325 1-3,
2910 5275 2962 5323 5.
3040 5271 3112 5304 ⁷⁷⁷
3146 5268 3430 5326 friderath
3450 5273 3504 5324 2.
3538 5267 3760 5324 fridera
3787 5271 3841 5323 3.

418 5337 717 5423 {riderach
731 5344 789 5423 5.
823 5338 1071 5423 triderat
1099 5345 1313 5423 3-71.23
1374 5345 1448 5378 ⁷⁷⁸
1479 5342 1849 5423 engilranno
1872 5344 1919 5398 l.
1952 5347 2006 5398 2.
2037 5345 2091 5398 4.
2125 5340 2583 5423 5._engelra_nno
2612 5345 2700 5398 5c.
2731 5356 2765 5396 e
2795 5339 3247 5423 engelgrarnmo
3278 5343 3328 5423 8.
3380 5338 3843 5423 _""Arichini‘nus

551 5411 625 5444 ⁷⁸⁰
656 5409 831 5467 aslon
853 5410 1045 5484 6.7qui
1075 5410 1154 5467 ab
1178 5412 1274 5484 his
1296 5412 1476 5484 longe
1505 5409 1701 5472 9—112.

1779 5416 1851 5450 ⁷⁸⁷
1882 5429 2149 5472 sonnum
2170 5409 2423 5469 ﬂuvium
2454 5417 2506 5469 5.
2534 5427 2817 5469 somnum
2871 5414 2923 5466 2.
2957 5412 3032 5445 ⁷⁸³
3081 5409 3185 5466 ubi
3240 5409 3321 5466 ab
3372 5416 3423 5468 1.
3460 5414 3531 5465 .2.
3588 5409 3843 5484 quidam

420 5481 581 5539 deest
608 5485 784 5538 7--12
858 5482 934 5516 ⁷⁸³
959 5481 1186 5540 ferente
1221 5483 1377 5540 1—3.
1408 5481 1461 5540 ὃ.
1483 5500 1535 5542 e.
1612 5488 1687 5522 ⁷⁸⁸
1716 5486 1977 5546 celatum
2007 5488 2099 5541 est
2125 5487 2179 5542 ι.
2212 5489 2264 5541 5.

2018 5592 2244 5649 NOTAE.

486 5704 594 5775 (85)
625 5701 780 5761 Obiit
803 5717 903 5765 an.
934 5666 1295 5775 382,mense
1327 5709 1619 5777 Augusto.
1652 5710 1828 5775 Bouo.

2257 5703 2368 5775 (86)
2398 5704 2746 5774 Sautcourt,
2779 5701 3063 5761 Picardiaa
3092 5704 3409 5778 oppidum.
