4076 6212
401 189 503 259 ’1Ξῆ

1518 194 1894 253 REGINONIS
1931 177 2353 252 PRUMIENSIS
2393 193 2708 252 ABBATIS.

3725 189 3826 243 128

402 305 539 402 quae
567 303 1040 399 praedecessores
1072 307 1167 377 sui
1198 306 1320 401 non
1375 321 1503 378 sine
1557 306 1866 396 sanguinis
1914 317 2059 374 eﬂ‘u-
2092 301 2140 372 Α
2170 319 2442 376 chritudo
2468 323 2525 376 et
2552 317 2876 392 proceritas
2893 316 3159 390 corporis
3187 319 3244 370 et
3267 313 3480 368 virium
3503 311 3834 402 sapientiae—

404 417 572 474 sione
623 430 762 469 cum
816 427 1040 482 magno
1094 411 1298 467 labore
1349 411 1750 485 acquisierant
1799 410 1895 479 90’,
1931 408 2060 480 ipse

402 502 684 579 perfacile
711 502 768 556 in
795 501 958 556 brevi
986 504 1327 574 temporum
1359 500 1552 574 spatio
1582 500 1710 556 sine
1760 497 2059 564 conﬂictu,

404 594 570 652 nullo
623 590 1082 662 contradicente,
1142 591 1510 664 possidenda
1583 587 1910 663 perceperit
1964 589 2058 640 903.

406 682 577 750 Quod
607 686 808 736 autem
830 679 987 735 circa
1013 678 1195 736 finem
1223 681 1354 736 vitae
1384 678 1772 749 dignitatibus
1797 676 2060 732 nudatus

402 771 700 843 bonisque
730 769 1014 824 omnibus
1043 769 1331 841 spoliatus
1359 770 1432 803 θοι
1483 773 1592 836 est,
1653 766 1896 824 tentatio
1933 765 2060 836 fuit,

402 865 470 916 ut
497 858 814 921 credimus,
845 873 968 913 non
999 857 1198 913 solum
1222 857 1299 914 ad
1323 854 1881 931 purgationem,sed
1900 852 2064 926 quod

403 939 606 1020 majus
635 951 744 1015 est,
777 947 854 1002 ad
879 946 1299 1020 probationem
1329 966 1340 1002 :
1375 947 1671 1019 siquidem
1692 947 1868 1012 hanc,
1892 947 1956 999 ut
1979 943 2063 998 fe-

405 1041 568 1107 runt,
597 1035 1029 1108 patientissime
1059 1036 1342 1105 toleravit,
1378 1037 1436 1091 in
1459 1035 1728 1108 adversis
1759 1033 1943 1090 secuti
1990 1034 2062 1066 ⁹⁰⁵

407 1126 470 1182 in
499 1126 804 1198 prosperis
850 1125 1176 1195 gratiarum
1230 1131 1370 1182 vota
1425 1125 1791 1199 persolvens,
1835 1128 1891 1179 et
1930 1122 2065 1178 ideo

409 1201 698 1270 coronam
726 1214 880 1282 vitae,
908 1231 1096 1286 quam
1122 1215 1460 1287 repromisit
1491 1218 1643 1270 Deus
1669 1215 1742 1248 ⁸0⁵
1772 1211 2064 1281 diligenti-

407 1302 524 1359 bus
545 1319 628 1370 se,
661 1307 763 1359 aut
785 1303 915 1379 jam
946 1303 1311 1376 accepit,aut
1336 1304 1565 1377 absque
1591 1302 1775 1358 dubio
1799 1306 2068 1374 acceptu-

406 1391 509 1448 rus
539 1395 644 1448 est.
668 1395 804 1447 Post
831 1393 1003 1462 cujus
1034 1398 1287 1449 mortem
1332 1409 1637 1465 regnaque
1683 1393 1812 1462 ejus
1861 1389 2064 1446 ditioni

407 1485 750 1553 p'aruerant,
783 1480 965 1536 veluti
985 1480 1248 1550 legitimo
1275 1482 1553 1536 destituta
1578 1480 1834 1544 haerede,
1857 1479 1916 1534 in
1939 1494 2070 1550 par-

408 1569 495 1625 tas
524 1585 561 1624 a
590 1584 700 1624 sua
728 1585 1021 1641 compage
1050 1559 1457 1637 revolvuntur,
1491 1573 1545 1624 et
1571 1569 1695 1639 jam
1725 1584 1846 1623 non
1896 1572 2068 1622 natu-

2169 410 2295 481 que'
2316 409 2669 479 magnitudo
2700 408 2908 475 inerat,
2931 420 3133 476 regem
3166 419 3344 476 super
3369 418 3429 457 se
3471 400 3601 473 pari
3637 399 3832 456 consi-

2168 495 2248 550 lio
2278 501 2334 551 et
2373 496 2678 553 voluntate
2709 500 2941 563 creant;
2989 494 3088 568 qui
3130 489 3567 564 rempublicam
3593 488 3836 543 viriliter

2169 585 2336 654 rexit,
2371 591 2427 642 et
2451 591 2657 642 contra
2685 585 2962 642 assiduas
2994 580 3468 656 depraedationes
3499 577 3836 633 Nordman-

2169 690 2388 730 norum
2414 675 2745 732 indefessus
2777 677 3188 747 propugnator
3217 669 3422 726 extitit.

2242 767 2346 819 Per
2373 765 2532 821 idem
2563 752 2799 838 tempus
2822 765 2891 798 ⁹²¹
2927 759 3445 828 Ruodolfus,tilius
3465 755 3832 822 Chuonradi,

2171 869 2360 926 nepos
2387 857 2650 924 Hugonis
2678 853 2913 910 abbatis
2944 852 3018 908 de
3047 867 3169 924 quo
3200 865 3387 922 supra
3423 845 3833 911 meminimus,

2171 943 2541 1016 provinciam
2573 944 2723 1000 inter
2751 947 2956 999 Jurum
2986 945 3058 976 9”
3108 945 3164 997 et
3209 939 3386 1011 Alpes
3434 936 3726 993 Penninas
3757 936 3837 969 ⁹²⁸

2173 1039 2445 1106 occupat,
2473 1039 2528 1090 et
2559 1034 2723 1106 apud
2754 1039 3029 1089 sanctum
3059 1030 3393 1088 Mauritium
3425 1031 3537 1095 (93)
3589 1024 3835 1081 adscitis

2173 1139 2377 1179 secum
2407 1123 2775 1196 quibusdam
2803 1120 3169 1196 primoribus
3205 1121 3278 1153 93"
3325 1123 3381 1174 et
3421 1115 3702 1172 nonnulis
3743 1130 3840 1169 sa-

2173 1211 2513 1268 cerdotibus
2563 1228 2848 1268 coronam
2893 1210 3004 1265 sibi
3049 1207 3356 1281 imposuit,
3405 1219 3729 1275 regemque
3773 1217 3840 1257 se

2177 1301 2462 1375 appellari
2489 1301 2680 1373 jussit.
2715 1303 2854 1356 Post
2878 1301 3006 1355 haec
3036 1298 3210 1365 mittit
3231 1297 3458 1366 legatos
3484 1310 3587 1367 per
3607 1292 3844 1348 univer-

2176 1407 2310 1445 sum
2336 1407 2591 1462 regnum
2623 1389 2878 1455 Hlotarii,
2912 1393 2967 1444 et
2989 1386 3372 1444 suasionibus
3405 1381 3846 1457 pollicitationi-

2177 1481 2412 1552 busque
2441 1480 2861 1553 episcoporum
2892 1495 2960 1534 ac
2993 1476 3286 1532 nobilium
3315 1475 3584 1530 virorum
3610 1476 3843 1526 mentes

2176 1581 2236 1635 in
2263 1569 2353 1624 sui
2392 1569 2658 1625 favorem
2701 1567 3016 1623 demulcet.
3075 1564 3248 1631 Quod
3301 1579 3441 1618 cum
3489 1560 3844 1616 nunciatum

408 1657 596 1712 ralem
624 1657 937 1712 dominum
967 1657 1404 1730 praestolamur,
1457 1657 1560 1712 sed
1592 1657 2069 1729 unumquodque
2103 1677 2140 1729 Β
2178 1664 2331 1714 esset
2358 1658 2620 1727 Arnolfo,
2639 1658 2792 1713 illico
2821 1673 2960 1712 cum
2986 1655 3248 1712 exercitu
3274 1668 3453 1725 super
3472 1668 3610 1707 eum
3643 1649 3840 1716 irruit;

411 1748 481 1780 ⁹⁰⁷
513 1746 587 1801 de
619 1746 739 1800 suis
764 1746 1093 1802 visceribus
1111 1762 1313 1817 regem
1331 1747 1442 1802 sibi
1468 1747 1653 1802 creari
1684 1749 1756 1781 90°
1787 1746 2068 1819 disponit,

410 1852 549 1909 quae
575 1837 761 1892 causa
792 1852 1048 1906 magnos
1080 1836 1373 1891 bellorum
1403 1841 1600 1892 motus
1619 1836 1924 1903 excitavit;
1949 1851 2070 1890 non

411 1925 556 1998 quia
580 1924 877 1997 principes
906 1929 1266 1981 Francorum
1296 1927 1592 1992 deessent,
1611 1927 1715 1998 qui
1744 1925 2069 1988 nobilitate,

413 2014 754 2070 fortitudine
785 2019 842 2071 et
886 2015 1176 2088 sapientia
1222 2017 1417 2087 regnis
1467 2017 1760 2089 imperare
1804 2020 2070 2088 possent,

413 2103 522 2159 sed
551 2104 695 2176 quia
719 2103 869 2160 inter
896 2105 1057 2176 ipsos
1084 2105 1392 2178 aequalitas
1415 2106 1846 2181 generositatis,
1878 2105 2070 2175 digni-

411 2193 547 2249 tatis
580 2209 650 2248 ac
678 2193 956 2266 potentiae
986 2194 1350 2250 discordiam
1382 2195 1643 2264 augebat
1688 2197 1782 2261 909,
1834 2194 2072 2249 nemine

410 2285 644 2337 tantum
677 2286 920 2337 caeteros
949 2283 1342 2355 prmcellente,
1378 2287 1440 2339 ut
1469 2285 1598 2354 ejus
1640 2283 1908 2339 dominio
1939 2283 2070 2338 reli-

409 2370 516 2443 qui
547 2386 608 2426 se
631 2369 975 2426 submittere
1015 2372 1423 2441 dignarentur.
1471 2372 1707 2448 Multos,
1736 2374 1896 2429 enim
1942 2372 2071 2428 ido-

407 2472 558 2515 neos
586 2459 883 2533 principes
914 2460 992 2516 ad
1029 2461 1196 2531 regni
1245 2461 1652 2533 gubernacula
1698 2462 2072 2518 moderanda

412 2548 658 2624 Francia
689 2549 1012 2619 genuisset,
1065 2549 1174 2604 nisi
1228 2549 1466 2606 fortuna
1511 2567 1632 2618 eos,
1692 2550 2072 2606 aemulatione

408 2637 661 2706 virtutis,
692 2637 753 2693 in
784 2639 1110 2709 perniciem
1134 2644 1409 2695 mutuam
1433 2641 1506 2713 9“?
1538 2645 1846 2695 armasset.

479 2725 660 2796 Igitur
690 2727 969 2799 quaedam
996 2743 1136 2799 pars
1175 2727 1354 2783 Italici
1399 2728 1606 2800 populi
1653 2727 2072 2796 Berengarium

409 2816 504 2886 ω,
531 2815 724 2870 ﬁlium
755 2817 1074 2871 Everhardi
1103 2820 1198 2886 θη,
1231 2817 1334 2888 qui
1358 2817 1647 2872 ducatum
1689 2816 2071 2889 Forojulano-

408 2919 545 2959 rum
575 2904 649 2938 ⁹¹³
683 2904 940 2970 tenebat,
973 2920 1176 2974 regem
1209 2905 1318 2978 sibi
1342 2906 1927 2977 statuunt,qu_a3dam
1953 2905 2074 2959 Wi-

2179 1747 2273 1804 ille
2302 1765 2410 1821 per
2427 1747 2727 1804 artissima
2753 1746 2961 1802 itinera
2984 1744 3127 1813 fuga
3147 1743 3437 1815 dilapsus,
3453 1741 3511 1796 in
3535 1737 3845 1794 tutissimis

2179 1839 2419 1910 rupium
2451 1837 2595 1892 locis
2627 1836 2836 1892 salutis
2861 1834 3208 1907 prtesidium
3232 1831 3506 1904 quaesivit
3524 1849 3536 1896 ;
3555 1828 3844 1884 omnibus

2178 1927 2377 1998 itaque
2409 1929 2480 1961 θέε
2511 1925 2723 1981 diebus
2756 1924 2884 1979 vitae
2908 1940 3026 1977 suae
3058 1923 3168 1993 (94)
3200 1919 3479 1976 Arnolfus
3511 1923 3567 1974 et
3595 1915 3846 1973 Zuendi-

2179 2014 2416 2081 boldus,
2440 2013 2594 2068 filius
2625 2014 2775 2084 ejus,
2806 2011 3089 2068 eumdem
3123 2008 3503 2075 .Ruodolfum
3549 2005 3843 2079 persecuti

2181 2108 2338 2170 sunt,
2367 2119 2474 2158 nec
2503 2107 2702 2158 tamen
2737 2117 2875 2156 eum
2901 2100 3112 2155 laedere
3154 2101 3227 2134 9’6
3279 2099 3625 2171 potuerunt,
3675 2093 3845 2166 quia,

2181 2195 2246 2247 ut
2274 2206 2456 2263 supra
2485 2205 2842 2262 expressum
2865 2192 2976 2258 est,
3007 2187 3141 2243 loca
3170 2188 3230 2242 in
3263 2184 3652 2249 accessibilia,
3706 2198 3845 2246 quae

2180 2282 2240 2337 in
2273 2281 2474 2336 multis
2504 2281 2642 2335 solis
2670 2279 2969 2335 hibicibus
3000 2281 3068 2313 θεῖ
3103 2277 3311 2350 pervia
3359 2280 3497 2330 sunt
3519 2276 3637 2342 ~93“,
3686 2274 3845 2328 inse-

2181 2371 2492 2444 quentium
2523 2370 2819 2426 confertas
2851 2369 3006 2424 acies
3049 2370 3120 2403 9*”
3176 2365 3384 2439 procul
3439 2364 3516 2421 ab
3572 2364 3848 2433 ingressu

2180 2459 2568 2532 repellebant.

2254 2549 2476 2605 Eodem
2507 2564 2668 2604 anno
2700 2545 3066 2603 Nordmanni
3101 2545 3205 2618 qui
3239 2543 3598 2600 Parisiorum
3631 2542 3846 2596 urbem

2181 2622 2562 2704 ebsidebant,
2594 2638 2808 2692 miram
2839 2641 2895 2692 et
2923 2635 3259 2691 inauditam
3290 2650 3440 2698 rem,
3493 2648 3616 2688 non
3647 2630 3844 2686 solum

2181 2731 2404 2793 nostra,
2439 2725 2544 2780 sed
2569 2727 2749 2781 etiam
2781 2725 3084 2797 superiore
3115 2728 3306 2793 aetate,
3353 2723 3637 2777 fecerunt.
3697 2722 3847 2775 Nam

2182 2832 2319 2871 cum
2345 2814 2644 2869 civitatem
2673 2812 3203 2885 inexpugnabilem
3236 2827 3366 2867 esse
3389 2809 3843 2882 persensissent,

2181 2903 2347 2959 omni
2379 2902 2588 2957 virtute
2619 2902 2903 2974 omnique
2934 2901 3172 2971 ingenio
3211 2900 3483 2957 laberare
3513 2901 3846 2970 cmperunt,

408 2993 632 3048 donem
658 2995 752 3060 9“,
786 2992 976 3048 ﬁlium
1009 2993 1325 3066 Lantperti,
1372 2994 1588 3049 ducem
1631 2994 2072 3066 Spolitanorum
2103 3030 2142 3085 Ο
2181 2997 2479 3067 quatenus
2554 2991 2703 3047 urbe
2778 2996 2910 3064 post
2985 2996 3218 3060 tergum
3293 2989 3512 3055 relicta,
3587 2987 3845 3043 classem

410 3082 506 3149 915,
534 3097 700 3153 aeque
731 3081 896 3152 regia
919 3082 1206 3151 dignitate
1224 3082 1673 3139 sublimandum
1705 3083 2033 3138 decernunt
2057 3102 2069 3149 ;

408 3186 482 3226 ex
510 3185 634 3244 qua
660 3170 1106 3226 dissensionum
1139 3172 1540 3228 controversia
1565 3176 1728 3228 tanta
1753 3177 1979 3241 strages
2001 3188 2072 3226 ex

409 3263 663 3332 utraque
720 3265 886 3333 parte
947 3261 1342 3333 postmodum
1389 3261 1558 3330 facta,
1599 3267 1706 3327 est,
1755 3266 2073 3333 tantusque

413 3348 720 3404 humanus
747 3350 991 3420 sanguis
1017 3343 1265 3420 effusus,
1297 3355 1362 3405 ut
1384 3351 1556 3421 juxta
1585 3350 1956 3405 Dominicam
1977 3367 2074 3406 vo-

410 3454 541 3494 cem
567 3441 662 3508 m,
693 3454 948 3508 regnum
977 3439 1037 3494 in
1069 3440 1331 3511 seipsum
1375 3439 1636 3495 divisum
1686 3439 2071 3495 desolationis

410 3525 710 3582 miseriam
759 3529 914 3599 ‘pene
985 3527 1332 3599 incurrerit.
1373 3528 1462 3583 Ad
1518 3533 1850 3584 extremum
1906 3528 2074 3584 Wido

409 3615 598 3672 victor
642 3616 923 3687 existens,
958 3617 1381 3686 Berengarium
1411 3634 1599 3688 regno
1647 3619 1890 3690 expulit.
1943 3617 2075 3672 Pul-

411 3722 513 3760 sus
563 3705 765 3778 itaque
818 3706 1128 3762 Arnolfum
1173 3723 1377 3776 regem
1435 3706 1580 3762 adiit
1632 3709 1728 3771 9”,
1787 3707 1916 3778 ejus
1971 3723 2074 3779 pa-

408 3793 657 3850 trocinia
709 3799 916 3850 contra
957 3795 1194 3850 hostem
1249 3795 1533 3867 exposcit.
1583 3795 1734 3861 Quid
1780 3811 1923 3851 vero
1967 3800 2070 3850 Ar-

409 3881 608 3960 nolfus
662 3882 877 3952 fecerit,
943 3883 1198 3954 qualiter
1256 3883 1432 3938 Italiae
1489 3900 1746 3952 regnum
1777 3885 1872 3940 bis
1932 3901 2067 3940 cum

411 3970 672 4026 exercitu
698 3970 1092 4042 penetraverit
1123 3974 1196 4005 ⁹¹⁸
1226 3987 1335 4026 suo
1367 3971 1427 4025 in
1470 3971 1603 4027 loco
1653 3975 1725 4006 9'9
1772 3988 2072 4028 comemo-

410 4057 656 4113 rabitur.

483 4147 713 4203 Interea
755 4147 1078 4203 Galliarum
1126 4148 1335 4221 populi
1383 4148 1442 4204 in
1483 4165 1672 4204 unum
1705 4151 2066 4220 congregati,

411 4251 550 4291 cum
581 4251 881 4292 consensu
907 4235 1129 4292 Arnolfi
1161 4236 1430 4293 Odonem
1460 4240 1538 4272 93°
1587 4238 1825 4305 ducem,
1879 4239 2069 4294 ﬁlium

412 4323 712 4394 Rodberti,
740 4324 814 4380 de
837 4341 960 4397 quo
991 4324 1171 4397 paulo
1203 4326 1476 4398 superius
1519 4326 1884 4382 mentionem
1929 4327 2069 4382 feci-

409 4413 571 4484 mus,
603 4413 793 4470 virum
821 4417 1150 4484 strenuum,
1178 4415 1272 4470 cui
1292 4431 1416 4488 prae
1449 4415 1674 4472 caeteris
1700 4415 1907 4473 formae
1935 4415 2068 4489 pul-

2182 3098 2320 3137 eum
2377 3082 2450 3115 ⁹³⁰
2499 3081 2781 3136 omnibus
2833 3079 3016 3152 copiis
3065 3096 3172 3152 per
3218 3081 3562 3151 Sequanam
3604 3090 3846 3130 sursum

2181 3175 2427 3245 possent
2479 3172 2767 3237 evehere,
2837 3175 2892 3225 et
2947 3171 3031 3224 sic
3088 3169 3384 3225 Hionnam
3441 3170 3510 3202 ⁹³¹
3571 3167 3682 3239 (95)
3739 3167 3851 3221 ﬂu-

2179 3261 2346 3315 vium
2401 3257 2819 3329 ingredientes,
2874 3259 3231 3329 Burgundim
3282 3257 3431 3312 fines
3467 3257 3695 3329 absque
3739 3255 3849 3310 ob-

2183 3348 2409 3404 staculo
2467 3352 2860 3420 penetrarent.
2929 3347 3168 3403 Civibus
3241 3351 3442 3402 autem
3519 3345 3682 3400 omni
3757 3345 3850 3398 in-

2184 3437 2401 3493 stantia
2447 3437 2902 3510 prohibentibus
2942 3451 3265 3492 ascensum
3316 3434 3602 3501 ﬂuminis,
3660 3449 3851 3488 naves

2182 3543 2290 3599 per
2319 3526 2546 3582 siccum
2590 3525 2916 3598 plusquam
2947 3525 3208 3580 duorum
3260 3539 3554 3597 passuum
3603 3522 3850 3578 milibus

2183 3616 2443 3680 trahunt,
2475 3617 2531 3670 et
2558 3613 2751 3670 taliter
2781 3614 2854 3648 93’
2882 3613 3180 3670 declinato
3211 3613 3378 3669 omni
3405 3611 3690 3686 periculo,
3740 3612 3851 3665 ite-

2181 3720 2316 3759 rum
2346 3719 2446 3760 eas
2493 3705 2785 3775 Sequanae
2833 3703 2908 3736 933
2956 3700 3281 3757 ﬂuentibus
3334 3700 3734 3770 immergunt;
3793 3703 3855 3754 et

2179 3797 2316 3866 post
2372 3795 2446 3828 93"
2498 3792 2747 3865 paulum
2804 3793 3148 3864 Sequanam
3197 3791 3620 3862 relinquentes,
3675 3788 3855 3843 Hion-

2179 3899 2326 3939 nam
2349 3885 2423 3919 935
2454 3886 2518 3938 ut
2543 3882 2965 3958 disposuerant
2991 3884 3087 3952 93“,
3120 3885 3177 3937 et
3206 3880 3318 3935 sub
3347 3880 3510 3935 omni
3555 3878 3852 3934 celeritate

2179 3972 2550 4042 navigantes,
2614 3972 2862 4030 Senonis
2912 3969 3348 4044 applicuerunt,
3399 3968 3599 4040 ibique
3638 3967 3853 4022 castris

2179 4062 2407 4133 positis,
2438 4077 2545 4134 per
2574 4061 2890 4116 continuos
2921 4076 3022 4114 sex
3053 4076 3291 4115 menses
3331 4057 3586 4114 eandem
3631 4055 3850 4111 urbem

2179 4149 2491 4224 obsidione
2530 4149 2837 4214 claudunt,
2887 4152 3190 4218 totamque
3234 4162 3387 4218 pene
3435 4145 3850 4216 Burgundiam

2178 4237 2428 4310 rapinis,
2487 4236 2751 4292 caedibus
2801 4251 2870 4290 ac
2927 4235 3218 4290 incendiis
3263 4234 3689 4290 demoliuntur.
3730 4235 3848 4291 Sed

2179 4325 2409 4382 civibus
2460 4325 2682 4380 fortiter
2733 4323 3235 4394 repugnantibus,
3298 4325 3414 4378 Deo
3474 4326 3847 4393 protegente,

2179 4430 2570 4490 nequaquam
2601 4415 2671 4451 937
2706 4413 3018 4486 praefatam
3067 4411 3359 4468 civitatem
3391 4427 3604 4484 capere
3634 4418 3851 4484 potue-

1780 4577 2010 4634 VABI/E
2051 4577 2454 4643 LECTIONES.

409 4701 483 4735 ⁹⁰²
513 4701 574 4772 in
603 4700 833 4756 bonum
865 4716 1004 4756 cum
1032 4699 1237 4756 labore
1269 4701 1668 4772 acquisierant
1699 4708 1750 4756 7.

408 4845 462 4896 2.
493 4847 543 4897 5.
622 4845 696 4877 ⁹¹⁰
728 4843 967 4898 fortuna
999 4859 1110 4898 nos
1140 4842 1521 4898 temulatione
1554 4887 1566 4898 .
1613 4887 1624 4898 .
1672 4886 1682 4898 .
1725 4849 1938 4899 mutua
1971 4851 2020 4899 7.

1830 4703 1904 4736 90³
1933 4705 2281 4757 perceperat
2309 4708 2360 4756 7.
2391 4705 2535 4757 9-l2.

410 4717 483 4735 ὐτ
513 4717 574 4756 1n
603 4717 833 4756 nonum
865 4717 1004 4781 cum
1032 4717 1237 4756 labore
1269 4717 1668 4772 acquxsrerant
1700 4717 1750 4756 7.
1830 4717 1904 4736 δυο
1933 4717 2281 4806 perceperat
2309 4717 2360 4756 'i.
2391 4717 2535 4757 9-12.
2615 4717 3001 4773 mnonisque
3025 4717 3314 4772 sponarus
3346 4717 3392 4756 κ.

408 4771 470 4826 in
501 4771 786 4842 adversis,
817 4772 986 4827 sicuti
1017 4776 1068 4826 5.
1147 4773 1221 4806 ε’θθ
1251 4787 1438 4843 quam
1468 4772 1742 4844 promisit
1769 4773 1917 4828 deus
1945 4777 1996 4829 3.
2074 4775 2124 4807 9°
2183 4773 2598 4846 unusquisque
2628 4779 2680 4827 7.
2761 4773 2833 4806 ⁹⁰⁸
2866 4787 3064 4827 creare
3094 4774 3240 4826 9-t2.
3319 4772 3392 4804 909

408 4845 462 4896 2.
493 4847 543 4897 5.
622 4845 696 4877 ⁹¹⁰
728 4843 967 4898 fortuna
999 4859 1110 4898 nos
1140 4842 1521 4898 (simulatione
1554 4887 1566 4898 .
1613 4887 1624 4898 .
1672 4886 1682 4898 .
1725 4849 1938 4899 mutua
1971 4851 2020 4899 7.
2101 4847 2170 4879 9“
2203 4844 2588 4901 berngarium
2620 4845 2769 4901 9-12.
2849 4845 2922 4878 9”
2953 4841 3317 4898 ennarhardi
3349 4846 3392 4896 5.

2245 4861 2588 4915 erngarium
2620 4861 2769 4901 9-12.

3478 4699 3552 4733 90⁵
3579 4697 3858 4756 toleravit

3444 4769 3744 4874 augebant
3804 4775 3854 4824 t.

3479 4843 3520 4875 ⁸¹
3595 4841 3723 4896 foro
3749 4856 3857 4910 ju-

2614 4702 2687 4735 90b
2704 4699 3001 4773 bonisque
3025 4699 3314 4772 spoliatus
3346 4703 3399 4773 2.

2849 4845 2922 4878 9”
2953 4841 3317 4898 ennarhardi
3349 4846 3398 4896 5.

407 4911 707 4994 lignorum
737 4919 817 4994 5..
868 4916 939 4952 εει
971 4913 1296 4994 guidonem
1325 4919 1375 4968 5.
1410 4915 1527 4994 ηεν¹⁵
1559 4913 1837 4994 lantperti
1868 4915 2307 4994 spolitanorum
2335 4911 2504 4994 ducis
2526 4917 2634 4994 _‘(_8_‘.)
2667 4916 2819 4994 9-12_.
2900 4916 3210 4994 91‘__voeem
3229 4911 3594 4994 dominicam
3625 4916 3854 4994 7n.“_9-t2.

411 4983 481 5054 Ψ
517 4982 716 5054 itaque
743 4983 822 5038 ad
849 4984 1147 5040 arnolfum
1175 4989 1224 5041 5.
1257 4984 1556 5040 arnolfum
1584 4982 1729 5040 adiit
1752 4989 1803 5041 3.
1883 4982 1956 5020 ⁵³⁷1⁸

408 5052 471 5126 i_d
499 5052 733 5125 tempus
764 5058 815 5109 5.
894 5058 967 5089 9"
995 5056 1197 5126 juram
1229 5061 1281 5111 5.

409 5124 559 5199 dere
580 5124 640 5179 7:
674 5129 868 5180 9—12.
947 5124 1016 5160 9’7
1050 5143 1181 5199 quae
1209 5125 1348 5181 solis
1372 5124 1651 5199 ybicibus
1682 5124 1732 5182 3.

409 5196 484 5230 ’³ο
511 5194 702 5251 classe
727 5200 784 5250 et
813 5212 952 5251 eum
982 5201 1032 5252 3.

409 5267 485 5341 93;"
509 5266 725 5322 iterum
756 5266 1010 5341 classem
1047 5269 1338 5341 Sequanae
1360 5273 1421 5341 A6.
1496 5266 1575 5303 ’93"
1609 5269 1993 5340 immergunt.

1987 4986 2316 5058 penetravit
2345 4987 2446 5058 5d.

1359 5056 1434 5127 9‘1?
1466 5055 1631 5127 alpes
1660 5055 2000 5127 apenninas
2029 5062 2079 5112 3.
2159 5057 2586 5127 92"prioribus.

1837 5130 1910 5199 θέε
1937 5144 2072 5199 qum
2108 5126 2333 5199 semitis
2356 5131 2582 5182 tantam
2596 5127 2815 5199 pervia
2855 5130 2906 5181 6.

1112 5199 1182 5231 ⁹³¹
1219 5197 1461 5252 sursum
1493 5203 1739 5270 possent
1768 5197 2014 5253 evehere
2048 5203 2104 5254 et
2134 5200 2216 5254 sic
2247 5197 2537 5253 hionnam
2568 5197 2727 5270 deest
2756 5201 2909 5252 t—3.
2944 5202 2994 5252 5.

2027 5274 2166 5342 post
2195 5274 2281 5325 5c.
2316 5285 2366 5323 e.

3103 4985 3176 5017 ⁹²⁰
3216 4988 3481 5038 ottonem
3513 4987 3563 5038 5.
3642 4984 3710 5016 9”
3742 4998 3859 5053 per

2666 5058 2738 5090 “5
2764 5056 3176 5128 omnibusque
3208 5059 3258 5109 5.
3356 5058 3429 5089 9’6
3473 5059 3670 5128 tamen
3693 5053 3858 5128 _lae-

3003 5125 3425 5181 929wconsertas
3479 5125 3635 5180 acies
3693 5125 3853 5182 1—8.

3074 5198 3146 5230 9³³
3180 5196 3422 5252 trahunt
3462 5195 3654 5251 taliter
3675 5201 3761 5251 5c.
3800 5214 3854 5251 e.

2445 5271 2519 5304 935
2572 5269 2975 5340 relinquentes
3026 5267 3086 5340 in
3132 5282 3352 5323 ennam
3404 5268 3448 5324 l.
3505 5271 3558 5322 2.

2525 4989 2598 5020 ’δι”
2621 4985 2750 5041 suo
2797 4985 2929 5040 loco
2973 4990 3022 5039 5.

3613 5283 3659 5321 r.
3702 5268 3760 5322 in
3798 5269 3858 5323 vi

406 5337 712 5396 viennam.
791 5339 865 5374 9“
898 5337 1574 5412 disposuerant'intrant
1599 5345 1682 5397 tt.
1720 5343 1800 5396 t2.
1832 5337 1854 5340 ⁷
1882 5343 1952 5376 937
1991 5337 2384 5413 nequaquam
2415 5356 2600 5413 usque
2628 5337 3005 5413 quamquam
3028 5339 3186 5394 deest
3215 5344 3266 5393 7.

2026 5481 2257 5540 NOTIE.

411 5604 597 5751 pagg)
631 5603 1110 5668 Sciat-Maurice
1129 5603 1207 5661 ad
1228 5603 1589 5662 Rhodanum
1619 5605 1682 5662 in
1710 5605 2074 5663 Vallensium

2185 5605 2448 5746 ((ἷὲζΗξο
2459 5605 2638 5673 igitur
2652 5607 2788 5676 post
2798 5603 3190 5662 Zuendibaldi
3204 5604 3441 5664 obitum
3458 5606 3678 5678 scripta
3695 5611 3861 5662 sunt.

2407 5691 2577 5733 anne.

2407 5691 2577 5733 οηηε.
