4044 6196
342 140 438 197 143
1475 129 1849 186 REGINONIS
1888 128 2280 185 PBUMENSIS
2322 129 2627 187 ABBATIS

333 263 422 319 lut
447 279 521 318 ex
548 276 657 334 per
684 257 927 316 modica
955 254 1208 313 scintilla
1231 254 1444 325 ingens
1465 252 1812 310 incendium
1838 251 1992 308 exci-

335 356 511 419 tatur,
552 333 646 407 ita
669 350 745 405 de
774 348 870 404 die
897 346 958 401 in
984 345 1145 401 diem
1175 358 1582 414 succrescens,
1626 333 1689 399 in
1735 342 1991 399 immen-

336 458 471 496 sum
496 442 593 475 “93
625 438 923 494 dilatatur.
960 437 1025 489 Et
1054 433 1203 489 dum
1230 433 1306 488 de
1337 431 1644 489 nobilitate
1669 430 1889 497 carnis,
1916 430 1993 486 de

333 535 654 602 parentum
682 538 1009 582 numerosa
1034 520 1434 587 multitudine,
1480 520 1555 576 de
1579 518 1994 590 magnitudine

336 623 583 675 terrente
607 612 938 688 potestatis.
970 610 1126 669 ultra
1161 626 1349 683 quam
1391 609 1561 666 decet
1592 611 1690 645 ¹¹θ²
1721 623 1783 665 se
1808 607 1993 664 extol-

331 707 481 775 lunt,
514 706 573 761 in
602 702 828 760 mutuis
874 700 1141 757 caedibus
1190 702 1614 772 prorumpunt,
1654 698 1996 754 innumera-

330 796 479 852 biles
518 811 589 850 ex
611 797 866 865 utraque
890 794 1059 863 parte
1114 788 1315 859 gladio
1345 793 1615 860 pereunt,
1673 785 1993 843 truncatio-

332 901 439 940 nes
461 898 759 939 manuum
790 897 861 937 ac
880 879 1109 952 pedum
1136 878 1292 934 ﬁunt
1323 895 1336 944 ;
1362 876 1637 946 regiones
1660 875 1775 932 illis
1797 874 1997 946 subje-

334 977 442 1029 ctae
472 971 699 1044 rapinis
730 974 789 1026 et
813 967 1107 1025 incendiis
1148 967 1458 1023 solotenus
1488 966 1896 1021 devastantur.

961 1055 1367 1113 DCCCXCVIII.

406 1151 583 1206 Anno
616 1146 940 1205 Dominicze
970 1143 1402 1201 incarnationis
1433 1147 1534 1200 898
1569 1145 1665 1180 “9‘
1710 1141 1838 1200 Odo
1892 1157 1995 1198 rex

336 1238 688 1309 aegritudine
718 1236 1012 1310 pulsatur,
1041 1238 1100 1292 et
1127 1248 1339 1290 mense
1363 1232 1671 1303 Januario,
1704 1232 1872 1289 tertio
1900 1230 1997 1286 die

337 1326 606 1397 ejusdem
639 1324 884 1392 mensis,
916 1323 1076 1378 dicm
1127 1321 1341 1378 clausit
1399 1325 1732 1377 extremum
1766 1321 1884 1386 “95,
1942 1321 2000 1374 et

337 1416 499 1488 apud
534 1419 811 1471 sanctum
844 1412 1198 1483 Dionysium
1227 1426 1366 1467 cum
1396 1409 1600 1465 debito
1650 1410 1879 1464 honore
1909 1422 1997 1461 se-

336 1506 588 1578 pulturae
618 1504 964 1560 mandatur.
994 1501 1294 1573 Principes
1314 1501 1378 1555 in
1416 1516 1609 1556 unum
1630 1497 1993 1569 congregati,

336 1594 467 1667 pari
496 1592 747 1648 consilio
778 1597 835 1648 et
865 1590 1167 1647 voluntate
1198 1588 1478 1647 Carolum
1508 1605 1690 1661 super
1710 1605 1773 1645 se
1794 1602 1998 1658 regem
2033 1619 2072 1674 Β
2111 1593 2383 1662 peratore
2411 1589 2817 1645 committitur.

348 1684 444 1718 “96
476 1681 864 1737 constituunt.

414 1772 637 1827 Eodem
667 1785 828 1826 anno
850 1768 1221 1825 Zucndibold
1242 1767 1871 1839 Reginarium,ducem
1888 1766 2001 1822 sibi

339 1860 706 1916 fidissimum
735 1862 793 1914 et
819 1858 1067 1914 unicum
1097 1857 1523 1925 consiliarium,
1583 1855 1785 1912 nescio
1827 1855 2000 1926 cujus

343 1951 649 2017 instinctu,
676 1966 713 2005 a
742 1965 804 2005 se
831 1947 1110 2021 reppulit,
1139 1952 1194 2003 et
1244 1946 1598 2018 honoribus,
1645 1944 2001 2001 haereditati-

341 2040 457 2095 bus
487 2055 641 2111 quas
689 2039 746 2093 in
782 2054 893 2093 suo
945 2052 1132 2105 regno
1162 2036 1432 2092 habebat
1485 2035 1830 2101 interdictis,
1862 2050 2003 2089 eum

343 2134 510 2185 extra
537 2143 793 2198 regnum
824 2126 979 2182 infra
1007 2129 1069 2181 14
1095 2127 1186 2160 ¹¹⁹ῖ
1219 2125 1347 2181 dies
1377 2125 1653 2181 secedere
1678 2124 1869 2195 jubet.
1906 2124 2002 2158 “98

342 2217 464 2282 llle,
496 2217 785 2287 adjuncto
811 2215 923 2271 sibi
954 2215 1186 2272 Odacro
1230 2217 1326 2249 “"9
1381 2214 1596 2270 comite
1652 2218 1709 2270 et
1760 2213 2007 2287 quibus-

343 2306 488 2362 dam
518 2305 670 2373 aliis,
704 2322 845 2361 cum
873 2304 1225 2363 mulieribus
1253 2308 1311 2359 et
1329 2303 1598 2376 parvulis
1632 2304 1728 2338 ¹²⁰⁰
1753 2301 2006 2358 θεοῦ]Πὶ

346 2393 737 2468 suppellectili
762 2396 855 2429 ¹²θ¹
906 2393 967 2448 in
1021 2392 1331 2465 quendam
1384 2392 1747 2448 tutissimum
1802 2390 2005 2448 locum

349 2483 453 2556 qui
489 2483 699 2539 Durfos
734 2482 994 2553 1m(124)
1019 2481 1234 2537 dicitur
1253 2481 1512 2552 intravit,
1533 2480 1738 2553 ibique
1756 2495 1819 2535 se
1839 2494 2003 2535 com-

347 2570 619 2627 munivit.
651 2570 824 2636 Quod
854 2586 994 2625 cum
1044 2585 1148 2625 rex
1206 2569 1605 2640 cognovisset,
1664 2567 2006 2624 coadunato

346 2660 627 2727 exercitu,
661 2664 926 2715 castrum
960 2660 1055 2693 ³³0³
1085 2673 1432 2729 expugnare
1476 2662 1730 2713 conatus
1758 2661 1868 2725 est,
1901 2655 2008 2711 sed

349 2748 599 2804 minime
637 2746 953 2819 praevaluit
975 2750 1221 2817 propter
1240 2744 1493 2817 paludes
1549 2748 1606 2801 et
1650 2744 2007 2817 multiplices

345 2836 700 2903 refusiones,
731 2849 885 2907 quas
909 2834 970 2890 in
1014 2832 1297 2905 praedicto
1326 2832 1459 2889 loco
1487 2835 1647 2890 Mosa
1673 2832 1890 2888 ﬂuvius
1928 2832 2010 2887 fa—
2065 2828 2073 2838 “

350 2926 447 2982 cit.
483 2929 638 2994 Rege
663 2923 742 2979 ab
771 2922 1085 2978 obsidione
1114 2922 1447 2993 recedente,
1474 2921 1705 2994 praefati
1761 2921 2008 2979 comites

351 3013 632 3071 Carolum
661 3012 905 3083 adeunt,
937 3016 995 3066 et
1024 3028 1163 3068 eum
1189 3027 1330 3067 cum
1358 3010 1620 3067 exercitu
1648 3010 1709 3066 in
1751 3025 2009 3081 regnum

349 3102 754 3159 introducunt.
786 3100 1176 3169 Zuendibold,
1209 3101 1491 3173 quamvis
1515 3116 1647 3156 sero
1677 3100 2010 3170 intelligens

350 3209 413 3248 se
439 3192 914 3248 circumventum
948 3192 1066 3260 ‘3‘“,
1094 3206 1234 3246 cum
1256 3189 1470 3263 paucis
1501 3192 1596 3225 ¹²⁰⁵
1625 3189 1770 3259 fuga
1796 3189 2009 3246 dilabi-

351 3286 466 3338 tur.
502 3280 748 3339 Carolus
766 3284 927 3336 recto
954 3280 1162 3335 itinere
1190 3281 1375 3352 Aquis
1403 3282 1501 3317 ¹²⁰⁶
1528 3280 1807 3351 [Tucieha
1836 3281 1890 3350 6]
1917 3295 2007 3335 ve-

350 3372 456 3438 vit,
487 3370 705 3426 deinde
736 3369 1098 3438 Niumagam
1127 3371 1217 3403 ¹²⁰⁷
1254 3368 1528 3442 perrexit.
1563 3373 1792 3425 Interea
1830 3372 2011 3425 Zuen-

350 3458 559 3515 dibold
591 3457 668 3514 ad
702 3459 1073 3513 Franconem
1110 3456 1465 3529 episcopum
1519 3457 1668 3529 (£25)
1724 3456 1899 3524 venit,
1956 3460 2013 3512 et

351 3564 492 3605 eum
522 3563 661 3604 cum
683 3546 967 3616 omnibus
998 3546 1120 3600 suis
1151 3561 1356 3602 secum
1389 3544 1722 3603 adsumens
1748 3546 1864 3613 ¹²⁰⁸,
1893 3547 2010 3602 Mo-

353 3652 483 3693 sam
510 3634 759 3703 transiit,
783 3639 841 3690 et
865 3634 943 3691 ad
977 3634 1381 3704 Florichingas
1416 3635 1671 3707 "09(126)
1704 3632 1884 3703 venit,
1908 3633 2014 3691 ubi

352 3740 563 3781 omnes
588 3738 866 3796 proceres
895 3722 1064 3793 regni
1084 3722 1187 3795 qui
1216 3722 1280 3778 in
1307 3722 1421 3778 illis
1443 3723 1715 3796 partibus
1743 3727 1914 3781 erant
1932 3722 2014 3779 ad

353 3830 493 3871 eum
522 3812 958 3869 conﬂuxerunt.
995 3814 1091 3848 “1"
1126 3815 1207 3868 Ex
1226 3815 1318 3848 ¹²¹¹
1348 3813 1679 3886 desperatis
1700 3814 1905 3887 itaque
1923 3829 2013 3870 re-

353 3903 470 3958 bus
502 3900 658 3956 vires
690 3917 752 3956 se
777 3900 1073 3974 recepisse
1094 3901 1507 3971 congaudens,
1527 3906 1841 3974 resumpta
1865 3901 2015 3957 ﬁdu-

356 3991 468 4060 cia,
499 3994 710 4046 contra
738 3990 1025 4047 aemulum
1058 3991 1136 4048 ad
1164 4006 1439 4064 pugnam
1464 3989 1876 4062 proﬁciscitur.
1903 3992 2010 4046 Ca-

356 4079 520 4135 rolus
551 4095 586 4135 a
612 4083 905 4151 Niumaga
926 4084 1228 4136 revertens
1258 4082 1352 4115 ¹²¹²
1382 4078 1684 4135 Prumiam
1735 4077 1911 4144 venit,
1958 4080 2015 4131 et

357 4169 497 4225 inde
523 4168 815 4225 adversus
869 4167 1240 4225 Zucndibold
1292 4168 1498 4239 copias
1546 4166 1823 4223 transfert
1882 4166 2018 4232 1m;

3656 131 3761 185 144

2104 252 2208 308 sed
2237 253 2869 327 appropinquantibus
2898 267 2971 308 ex
3002 253 3255 321 utraque
3278 252 3447 321 parte
3490 250 3761 307 exerciti-

2101 341 2237 409 bus,
2282 354 2673 416 nequaquam
2698 358 2905 416 pugna
2930 338 3319 397 committitur
3343 338 3449 394 sed
3478 338 3763 396 intercur-

2101 431 2372 488 rentibus
2401 432 2613 502 legatis
2633 448 2754 505 pax
2778 432 3071 496 ﬁrmatur,
3125 432 3501 484 sacramenta
3546 429 3761 500 juran-

2102 525 2235 589 tur;
2266 521 2531 589 Carolus,
2566 521 2952 579 transvadata
2982 522 3158 584 Mosa,
3192 517 3253 572 in
3283 532 3462 573 suum
3503 533 3756 590 regnum

2102 610 2452 681 regreditur.

2176 703 2342 756 Dunc
2366 700 2494 757 haec
2528 702 2623 736 ¹²¹⁴
2653 702 2715 757 in
2747 699 2995 756 Francia
3024 702 3331 769 geruntur,
3357 697 3510 754 inter
3537 697 3760 754 Hludo-

2102 789 2323 845 wicum
2352 794 2410 846 et
2447 789 2869 859 Berengarium
2888 788 2951 845 in
2984 786 3601 859 ttatia(t27)plurimaa
3622 802 3764 843 con-

2104 878 2441 949 gressiones
2466 879 2638 949 ﬁunt,
2671 878 2859 935 multa
2888 877 3284 934 certaminum
3310 875 3659 933 discrimina
3680 876 3764 932 vi-

2105 968 2309 1025 cissim
2330 968 2443 1025 sibi
2473 968 2819 1024 succedunt.
2855 967 3181 1024 Novissime
3212 965 3599 1021 Hludowicus
3656 968 3761 1022 Be-

2104 1057 2447 1127 rengarium
2492 1056 2663 1127 fugat
2691 1059 2810 1122 1m,
2868 1059 3122 1112 Romam
3172 1053 3521 1124 ingreditur,
3576 1053 3679 1109 ubi
3728 1070 3765 1110 a

2107 1162 2350 1202 sum-mo
2372 1145 2653 1220 pontiﬁce
2683 1149 3024 1212 coronatus,
3057 1144 3383 1217 imperator
3406 1141 3761 1215 appellatur.

2178 1238 2284 1291 Per
2311 1234 2473 1290 idem
2520 1238 2760 1306 tempus
2819 1231 3221 1288 Eworhardus
3252 1233 3349 1267 ¹²¹θ
3405 1230 3550 1298 dux,
3606 1229 3765 1285 ﬁlius

2108 1323 2473 1393 Meginhardi
2500 1325 2622 1394 m7,
2648 1339 2685 1379 a
2716 1322 3037 1392 Waltgario
3064 1324 3337 1388 Fresone,
3368 1319 3492 1376 tilio
3546 1318 3766 1375 Gerulﬁ

2112 1414 2231 1483 m3,
2267 1428 2403 1468 cum
2436 1416 2720 1468 venatum
2760 1414 2856 1447 ¹²¹⁹
2878 1414 3170 1484 pergeret,
3213 1408 3355 1465 dolo
3386 1408 3714 1465 trucidatur
3747 1426 3761 1475 ;

2108 1500 2364 1557 ducatus
2389 1516 2573 1571 quem
2606 1503 2893 1566 tenuerat,
2923 1496 3305 1569 Meginhardo
3332 1496 3496 1553 fratri
3527 1496 3604 1552 ab
3659 1496 3768 1551 im-

2758 1679 3113 1734 DCCCXCIX.

2185 1770 2359 1824 Anno
2387 1767 2707 1824 Dominicae
2737 1765 3164 1823 incarnationis
3211 1768 3314 1821 899
3345 1766 3462 1832 “’0,
3520 1763 3769 1820 luendi-

2112 1857 2258 1915 bold
2281 1857 2648 1931 colloquium
2677 1856 2889 1913 habuit
2917 1872 3056 1912 cum
3111 1853 3500 1929 optimatibus
3541 1852 3768 1909 Arnolﬁ

2115 1950 2171 2001 et
2196 1945 2386 2004 Caroli
2412 1950 2471 2002 et
2492 1945 2617 2001 suis
2641 1945 2807 2019 apud
2838 1949 3113 2001 sanctum
3150 1944 3405 1999 Goarem
3437 1959 3450 2012 ;
3483 1958 3556 1998 ex
3583 1957 3769 2013 regno

2115 2032 2340 2089 Arnolﬁ
2394 2033 2788 2089 interfuerunt
2874 2036 3040 2088 Hatto
3092 2035 3183 2068 ¹²²¹
3258 2029 3767 2103 archiepiscopus,

2117 2121 2513 2179 Chuonradus
2532 2125 2590 2175 et
2618 2120 3003 2177 Gebehardus
3036 2122 3131 2157 1‘”
3161 2118 3427 2183 comites,
3481 2133 3557 2174 ex
3604 2122 3769 2191 parte

2118 2210 2308 2270 Caroli
2340 2210 2721 2267 Haschiricus
2754 2212 2852 2247 “’3
2881 2210 3200 2283 cpiscopus
3223 2214 3280 2265 et
3301 2210 3533 2266 Odacar
3558 2210 3654 2244 ¹²²⁴
3680 2222 3772 2264 co-

2117 2315 2264 2356 mes.
2299 2299 2410 2364 Qui
2440 2314 2578 2355 vero
2606 2299 2668 2355 in
2708 2299 2922 2355 eodem
2974 2301 3275 2354 conventu
3323 2312 3596 2354 seorsum
3645 2296 3770 2351 sine

2130 2390 2226 2424 1m
2257 2387 2576 2461 prtesentia
2601 2387 2758 2457 regis
2778 2390 3206 2459 pertractatum
3242 2386 3335 2453 sit,
3366 2389 3577 2460 postea
3603 2399 3772 2441 even—

2117 2482 2211 2534 tus
2236 2476 2321 2532 rei
2345 2476 2475 2533 luce
2503 2476 2722 2533 clarius
2748 2476 3166 2533 manifestavit.

2190 2567 2417 2622 Eodem
2470 2568 2567 2601 ¹²²⁶
2621 2581 2783 2623 anno
2820 2565 3127 2622 Ricbarius
3173 2564 3367 2622 abbas
3420 2563 3772 2620 monasterii

2118 2654 2481 2711 Prumiensis
2518 2654 2913 2711 constituitur.
2952 2654 3213 2720 Qualiter
3240 2650 3443 2711 autem
3495 2668 3639 2724 ergo
3676 2669 3773 2709 me

2118 2748 2320 2801 actum
2354 2744 2447 2811 sit,
2477 2743 2701 2799 idcirco
2718 2744 2833 2800 hoc
2867 2744 2929 2799 in
2969 2744 3104 2800 loco
3157 2748 3367 2801 notare
3419 2742 3641 2807 distuli,
3699 2757 3775 2797 ne

2120 2832 2269 2890 forte
2292 2832 2525 2903 injuriis
2566 2838 2946 2905 provocatus,
2997 2833 3153 2890 ultra
3207 2848 3397 2906 quam
3453 2832 3777 2889 christiana

2122 2921 2407 2995 patientia
2427 2921 2729 2994 permittit,
2750 2922 3180 2995 persecutionis
3201 2938 3350 2979 meae
3366 2936 3584 2978 causas
3601 2936 3779 2991 exag-

2122 3027 2361 3083 gerasse
2382 3010 2635 3078 viderer,
2668 3016 2722 3067 et
2754 3027 2828 3068 ne
2857 3012 3101 3085 prolixae
3128 3011 3375 3069 rationis
3403 3010 3615 3075 oratio,
3639 3026 3779 3083 quae

2120 3099 2432 3173 multiplex
2462 3104 2642 3174 atque
2687 3101 2971 3174 perplexa
3008 3107 3118 3169 est,
3176 3100 3487 3158 fastidium
3539 3098 3781 3156 inferret

2121 3188 2522 3246 audientibus.
2567 3193 2687 3245 Rex
2717 3188 2878 3245 enim
2932 3195 3153 3261 gestas,
3212 3194 3279 3246 ut
3330 3202 3518 3263 supra
3546 3187 3781 3262 praemi-

2121 3278 2310 3335 simus
2340 3280 2457 3351 ⁸³³⁷,
2490 3282 2699 3335 notare
2745 3279 3105 3348 studuimus,
3159 3294 3284 3335 non
3336 3294 3540 3335 rerum
3589 3281 3782 3348 gesta-

2120 3384 2258 3423 rum
2278 3383 2496 3424 causas
2529 3368 2701 3424 certis
2729 3368 3033 3425 rationum
3058 3368 3290 3424 indiciis
3313 3367 3644 3424 enucleare.
3678 3367 3780 3402 ¹²²⁸

2122 3459 2191 3512 Et
2226 3456 2333 3529 qui
2360 3457 2423 3512 in
2453 3456 2709 3513 aliorum
2739 3457 3077 3514 actionibus
3128 3457 3397 3514 brevitati
3444 3456 3777 3524 studemus,

2119 3546 2183 3602 in
2204 3546 2427 3602 nostris
2476 3546 2855 3604 verbositatis
2900 3548 3113 3604 vitium
3179 3563 3388 3605 cavere
3463 3545 3777 3603 debemus.

2121 3632 2490 3691 Zuendibold
2542 3634 2743 3692 denuo
2793 3652 2932 3692 cum
2988 3636 3250 3693 exercitu
3308 3635 3385 3693 ad
3441 3633 3653 3692 Durfos
3680 3649 3783 3689 ve-

2122 3724 2228 3794 nit,
2253 3723 2652 3780 munitionem
2685 3726 2780 3775 t"?
2809 3724 2944 3781 totis
2965 3724 3193 3782 viribus
3215 3739 3562 3799 expugnare
3612 3721 3784 3779 moli-

2122 3818 2236 3870 tur.
2300 3813 2413 3871 Sed
2464 3831 2604 3871 cum
2660 3813 2907 3871 minime
2956 3819 3211 3872 conatus
3264 3811 3399 3887 ejus
3442 3813 3781 3888 proﬁceret,

2121 3902 2418 3977 episcopis
2443 3906 2540 3939 ¹²³⁰
2564 3904 2757 3975 jubet,
2810 3908 2875 3961 ut
2925 3905 3308 3976 Reginarium
3364 3907 3423 3961 et
3481 3902 3785 3961 Odacrum

2122 3998 2182 4047 et
2203 3991 2399 4048 socios
2446 4006 2659 4047 eorum
2709 3993 3321 4063 anathematizarent;
3379 3992 3486 4049 sed
3513 4008 3654 4049 cum
3699 3990 3787 4047 illi

2123 4078 2523 4133 anathematis
2569 4081 2926 4136 sententiam
2974 4082 3241 4153 proferre
3285 4084 3631 4139 recusarent
3661 4082 3781 4149 “3‘,

2130 4163 2309 4220 minis
2366 4166 2617 4237 ηδ’-αδδ,
2693 4167 3232 4240 exprobationibus
3305 4173 3363 4226 et
3408 4169 3786 4227 contumeliis

1742 4274 1979 4329 VARUS
2017 4273 2189 4330 LECT
2194 4275 2307 4331 [ON
2315 4276 2415 4330 ES.

431 4387 527 4420 “92
561 4396 942 4458 succrescens
968 4379 1432 4458 immensum_3._
1455 4382 1506 4434 5.
1539 4378 1599 4434 in
1633 4378 2004 4458 immenso2.
2051 4380 2183 4458 __“9-"
2213 4379 2369 4458 ultra
2391 4396 2582 4458 quam
2609 4380 2841 4438 dicetur
2870 4398 2932 4440 se
2956 4387 3014 4458 7.
3034 4386 3198 4458 _9-l_2.
3228 4399 3416 4458 quam
3461 4383 3781 4458 deceret2.

361 4459 459 4531 [ηδε
488 4455 871 4531 DCCCXCYtt.
900 4457 955 4531 7.
1029 4452 1132 4531 ﬁt?
1163 4449 1673 4531 mensisnjanuarii
1703 4451 1798 4531 die
1836 4452 2006 4531 tertio
2031 4449 2435 4531 di_e_m__clausit
2463 4457 2798 4531 extremum
2818 4458 2870 4510 5.
2953 4449 3270 4531 ίίθδμηιίεεεῑ
3315 4458 3374 4531 4.
3424 4460 3509 4531 5.__
3557 4457 3651 4492 “’7
3694 4456 3786 4512 in-

358 4528 451 4602 fra
474 4528 690 4602 x_ltl._li.
763 4526 876 4602 μυῆ
890 4521 1068 4602 jussit
1093 4526 1179 4602 5c.
1201 4537 1264 4602 _e.
1304 4523 1443 4602 -ζίξθυ
1474 4521 1697 4602 odocro
1721 4526 1776 4602 4.
1851 4526 1954 4602 f2"?
1983 4522 2637 4602 mulieribusparvulis
2667 4529 2716 4602 1.
2761 4530 2848 4582 50.
2908 4541 2997 4602 e._
3041 4528 3134 4562 ¹²⁰¹
3187 4526 3546 4602 supellectile
3586 4532 3674 4584 5c.
3722 4543 3782 4583 e.

364 4601 459 4634 ³³0³
488 4595 727 4671 durfors
757 4600 811 4671 9.
858 4591 1053 4671 “.12.
1082 4591 1291 4671 dorfos
1330 4596 1416 4671 10.
1444 4669 1469 4671 Α
1496 4595 1594 4671 ¹γ²ξ¹³
1622 4599 1818 4671 castra
1843 4600 1893 4650 7.
1926 4598 2074 4652 9-12.
2155 4597 2248 4631 ¹²⁰³
2275 4591 2609 4671 intelligens
2638 4596 3113 4671 circumventum
3145 4603 3195 4655 l.
3224 4591 3282 4656 2:
3360 4598 3454 4634 ¹²⁰⁵
3481 4614 3620 4655 cum
3648 4614 3785 4671 per-

359 4667 568 4741 paucis
605 4671 657 4720 7.
686 4666 840 4741 9-12.
885 4732 895 4741 .
922 4664 1018 4741 ¹²⁴ξ⁶
1044 4662 1230 4741 aquis
1249 4664 1409 4741 deest
1440 4668 1586 4721 7-12.
1666 4667 2165 4741 1*°7_neumagum
2193 4671 2244 4741 5.

358 4738 549 4793 richin

554 4751 661 4805 gas
681 4739 733 4789 2.
766 4732 1607 4809 ﬂorinchas—aq‘orichmagas
1648 4741 1699 4793 5.
1750 4732 2093 4808 ﬂoricingas
2127 4740 2178 4793 8.
2211 4738 2590 4809 ﬂortthingas
2621 4742 2674 4795 4.

360 4808 795 4885 conﬂuxerunt.
830 4808 898 4861 Et
920 4811 1072 4885 0x5.
1150 4807 1244 4885 mf
1277 4822 1593 4885 neumago
1609 4822 1886 4885 reversus
1914 4814 1965 4885 5.
1996 4807 2014 4885 '_
2046 4810 2149 4885 1“?
2174 4809 2314 4866 inde
2354 4825 2413 4885 gap
2436 4884 2440 4885 ν
2463 4807 2823 4885 iuendibold
2878 4812 3083 4885 copias
3135 4812 3486 4885 transfertur
3513 4818 3566 4868 7.

2325 4668 2430 4743 1,298.
2457 4670 2513 4724 et
2538 4668 2903 4743 omnibus
2952 4670 3289 4743 ad§umptis
3309 4675 3396 4727 5c.
3426 4685 3477 4726 e.
3558 4668 3787 4725 ιιοηο-

2782 4741 2879 4783 ¹²¹⁰
2906 4740 3318 4798 conﬂuxerant
3346 4746 3400 4797 7.
3431 4743 3579 4797 9-12.
3682 4742 3783 4776 "“

2782 4810 2818 4847 Α
2878 4812 3081 4847 running
3135 4812 3544 4847 {nnnnfnnh‘n‘i
3681 4813 3786 4847 ηιξ

359 4882 512 4951 pum
543 4879 736 4934 haec...
766 4876 1153 4951 committitur
1176 4878 1338 4951 deest
1364 4881 1418 4933 4.
1499 4878 1967 4951 ί²¹⁵ὺθῐιθηεθνὶο
1988 4879 2194 4951 fugato
2215 4887 2267 4938 7.
2349 4883 2446 4917 ¹²¹⁶
2500 4882 2874 4939 euorhardus
2906 4876 2973 4940 2..
3017 4883 3386 4941 euerhardus
3430 4887 3577 4940 9-t2.
3618 4880 3789 4939 eber-

358 4948 655 5027 hardusil.
687 4952 786 5027 (5).
859 4951 950 5027 f3”
988 4949 1323 5027 incginargi
1352 4955 1462 5027 μβ.
1484 4954 1623 5027 5.76.
1671 4952 1790 5027 ff“

359 5027 409 5076 7.
468 5021 582 5057 ’κει
618 5021 824 5078 hattho
852 5025 904 5077 2.

1823 4951 2031 5022 gerolﬁ
2050 4956 2103 5007 5.
2126 4951 2340 5007 kerulﬁ
2356 4956 2409 5008 3.
2479 4955 2574 4988 ¹²¹⁹
2595 4957 2813 5009 venatu
2831 4958 2885 5009 2.
2903 4960 2956 5010 7.
2986 4957 3141 5012 9-12.
3204 4956 3301 4991 ¹²³⁰
3325 4954 3782 5019 DCCCCXCVIII.

986 5022 1081 5055 ηδε
1109 5021 1508 5091 gebelhardus
1534 5026 1585 5077 5.
1667 5023 1764 5057 ¹²²³
1803 5021 2153 5079 Πᾶδοτὶοὴιιε
2184 5028 2235 5091 7.
2292 5022 2619 5080 aschiricus
2642 5027 2695 5079 4.
2759 5024 3165 5083 haischericus
3195 5031 3247 5083 8.

358 5097 503 5148 942.
586 5095 679 5128 ⁸³³⁵
712 5108 985 5165 seorsum
1010 5084 1141 5165 sum:
1169 5110 1230 5165 p.
1262 5099 1313 5149 7.
1396 5095 1494 5128 ¹²²⁸
1524 5092 1749 5165 Eodem
1777 5108 1943 5165 anno
1973 5108 2001 5147 υ

2123 5109 2159 5149 ηε
2180 5084 2393 5150 havere
2413 5093 2707 5150 debemus
2735 5096 2896 5153 deest
2938 5100 2991 5153 4.
3074 5099 3164 5133 ¹²²⁷

356 5168 443 5239 5c.
468 5181 518 5221 e.
590 5166 697 5239 ί¹²²⁸
725 5162 962 5239 indiciis
988 5162 1252 5239 enodare
1281 5169 1330 5219 1.
1360 5169 1437 5239 5.Δ
1494 5166 1591 5199 ¹²²⁹
1619 5163 1999 5239 multitudine

2123 5168 2204 5220 -3.
2230 5170 2283 5221 5.
2363 5166 2461 5200 ¹²⁸⁰
2482 5165 2685 5239 episco

356 5181 443 5220 5c.
468 5181 518 5221 e.
725 5181 962 5246 marcus
988 5181 1252 5220 enouare
1281 5181 1330 5219 ι.
1360 5181 1437 5245 5..
1494 5181 1591 5199 ηπ
1619 5181 2066 5246 ωιιμιιιιαωθω
2091 5181 2204 5220 1-3.
2230 5181 2283 5221 5.
2364 5181 2461 5200 ιιου
2482 5181 2801 5272 episcopus
2833 5181 2990 5224 1—3.
3022 5181 3114 5224 5a.
3154 5187 3170 5224 ‹

356 5235 449 5291 5d.
532 5238 622 5271 ¹²³¹
657 5250 944 5309 episcopo
975 5278 993 5310 ._
1025 5278 1037 5290 .
1073 5235 1603 5292 anathematizaret
1630 5276 1643 5291 .
1680 5275 1693 5288 .
1725 5234 1821 5292 ille
1850 5278 1861 5291 .
1896 5277 1909 5291 .
1939 5240 2245 5292 recusaret
2265 5240 2460 5293 9—12.
2542 5238 2690 5279 ²²³²-¹
2724 5238 2772 5272 ³³
2802 5237 2981 5294 nimis
3005 5243 3093 5295 5e.
3118 5245 3170 5296 7.

3357 5027 3453 5060 ¹²²⁸
3520 5024 3791 5082 Odoacar

3216 5096 3605 5171 promisimus
3642 5101 3689 5151 Ι.
3722 5100 3783 5153 3.

2731 5182 2801 5241 us
2833 5171 2990 5241 {—3.
3022 5173 3114 5224 5a.
3154 5167 3305 5241 c.'e._
3326 5173 3357 5225 6
3382 5169 3415 5241 f2
3462 5167 3790 5241 episcopos

3246 5239 3449 5295 nimiis
3479 5239 3678 5312 9—42;

1956 5333 2187 5391 NOTE.

422 5424 757 5498 (t2ﬁ)_ldem
785 5437 926 5498 pag.
956 5425 1051 5477 781
1104 5436 1304 5498 prope
1350 5424 1785 5498 Dprdyechtum
1824 5426 2015 5498 ponit,

439 5496 518 5551 od
554 5492 637 5552 ibi
692 5492 853 5551 Mosa
908 5493 968 5548 in
1022 5492 1274 5565 paludes
1312 5494 1685 5552 refundatur.
1738 5492 2009 5554 Fortasse

406 5583 635 5624 overem
667 5581 851 5639 prope
879 5565 1157 5621 Heusden
1186 5570 1293 5621 est.

2199 5429 2246 5495 (t
2259 5430 2348 5495 25)
2383 5425 2792 5483 Leodiensem.

2194 5498 2339 5578 (£25)
2364 5497 2683 5578 Elqrenge,
2714 5510 2901 5578 prope
2931 5496 3281 5578 Theogenis
3302 5499 3531 5578 villam.

2180 5568 2330 5637 (127i
2354 5568 2437 5626 Cf.
2464 5568 2758 5640 Muratori,
2788 5568 3019 5627 Ᾰηηοιὶ
3070 5571 3318 5630 d’Italia
3360 5571 3460 5629 ad.
3495 5587 3594 5630 an.
3630 5576 3763 5629 900.
