  <div class='ocr_page' id='page_1' title='image "/cluster/home/n/w/nwhite01/storage/ocr_20150623/132/hvd.32044054759931/079.png"; bbox 0 0 4044 6196; ppageno 0'>
   <div class='ocr_carea' id='block_1_1' title="bbox 301 146 2583 207">
    <p class='ocr_par' dir='ltr' id='par_1_1' title="bbox 301 146 2583 207">
     <span class='ocr_line' id='line_1_1' title="bbox 301 146 2583 207; baseline 0.002 -4"><span class='ocrx_word' id='word_1_1' title='bbox 301 147 396 203; x_wconf 73' lang='grc'><strong>147</strong></span> <span class='ocrx_word' id='word_1_2' title='bbox 1418 148 1790 206; x_wconf 82' lang='lat' dir='ltr'><strong>REGINONIS</strong></span> <span class='ocrx_word' id='word_1_3' title='bbox 1829 146 2240 205; x_wconf 79' lang='lat' dir='ltr'><strong>PRUMIENSIS</strong></span> <span class='ocrx_word' id='word_1_4' title='bbox 2276 151 2583 207; x_wconf 81' lang='lat' dir='ltr'><strong>ABBATIS.</strong></span> 
     </span>
    </p>
   </div>
   <div class='ocr_carea' id='block_1_2' title="bbox 3620 155 3726 210">
    <p class='ocr_par' dir='ltr' id='par_1_2' title="bbox 3620 155 3726 210">
     <span class='ocr_line' id='line_1_2' title="bbox 3620 155 3726 210; baseline 0 -1"><span class='ocrx_word' id='word_1_5' title='bbox 3620 155 3726 210; x_wconf 74' lang='grc'><strong>148</strong></span> 
     </span>
    </p>
   </div>
   <div class='ocr_carea' id='block_1_3' title="bbox 294 268 3728 349">
    <p class='ocr_par' dir='ltr' id='par_1_3' title="bbox 294 268 3728 349">
     <span class='ocr_line' id='line_1_3' title="bbox 294 268 3728 349; baseline 0.002 -23"><span class='ocrx_word' id='word_1_6' title='bbox 294 271 593 327; x_wconf 88' lang='lat' dir='ltr'><strong>delissime</strong></span> <span class='ocrx_word' id='word_1_7' title='bbox 615 270 1033 344; x_wconf 87' lang='lat' dir='ltr'><strong>depopulatur,</strong></span> <span class='ocrx_word' id='word_1_8' title='bbox 1048 272 1395 330; x_wconf 83' lang='lat' dir='ltr'><strong>ﬁliosetiam</strong></span> <span class='ocrx_word' id='word_1_9' title='bbox 1425 271 1750 330; x_wconf 88' lang='lat' dir='ltr'><strong>Eberhardi</strong></span> <span class='ocrx_word' id='word_1_10' title='bbox 1771 268 1951 326; x_wconf 88' lang='lat' dir='ltr'><strong>simul</strong></span> <span class='ocrx_word' id='word_1_11' title='bbox 1979 273 2026 327; x_wconf 80' lang='grc' dir='ltr'><strong>Α</strong></span> <span class='ocrx_word' id='word_1_12' title='bbox 2063 270 2205 328; x_wconf 89' lang='lat' dir='ltr'><strong>dolo</strong></span> <span class='ocrx_word' id='word_1_13' title='bbox 2233 273 2409 346; x_wconf 89' lang='lat' dir='ltr'><strong>cepit,</strong></span> <span class='ocrx_word' id='word_1_14' title='bbox 2443 279 2502 333; x_wconf 89' lang='lat' dir='ltr'><strong>et</strong></span> <span class='ocrx_word' id='word_1_15' title='bbox 2549 280 2796 348; x_wconf 85' lang='lat' dir='ltr'><strong>captum</strong></span> <span class='ocrx_word' id='word_1_16' title='bbox 2837 276 3169 335; x_wconf 77' lang='lat' dir='ltr'><strong>luminibus</strong></span> <span class='ocrx_word' id='word_1_17' title='bbox 3217 275 3490 348; x_wconf 83' lang='lat' dir='ltr'><strong>privavit.</strong></span> <span class='ocrx_word' id='word_1_18' title='bbox 3532 275 3728 349; x_wconf 80' lang='lat' dir='ltr'><strong>Siqui-</strong></span> 
     </span>
    </p>
   </div>
   <div class='ocr_carea' id='block_1_4' title="bbox 296 359 1950 434">
    <p class='ocr_par' dir='ltr' id='par_1_4' title="bbox 296 359 1950 434">
     <span class='ocr_line' id='line_1_4' title="bbox 296 359 1950 434; baseline -0.002 -17"><span class='ocrx_word' id='word_1_19' title='bbox 296 377 435 417; x_wconf 91' lang='lat' dir='ltr'><strong>cum</strong></span> <span class='ocrx_word' id='word_1_20' title='bbox 477 365 669 417; x_wconf 84' lang='lat' dir='ltr'><strong>matre</strong></span> <span class='ocrx_word' id='word_1_21' title='bbox 697 376 734 416; x_wconf 92' lang='lat' dir='ltr'><strong>a</strong></span> <span class='ocrx_word' id='word_1_22' title='bbox 775 362 1029 434; x_wconf 83' lang='lat' dir='ltr'><strong>propriis</strong></span> <span class='ocrx_word' id='word_1_23' title='bbox 1054 361 1504 421; x_wconf 60' lang='lat' dir='ltr'><strong>hareditatibus</strong></span> <span class='ocrx_word' id='word_1_24' title='bbox 1536 367 1593 419; x_wconf 91' lang='lat' dir='ltr'><strong>et</strong></span> <span class='ocrx_word' id='word_1_25' title='bbox 1619 359 1950 419; x_wconf 85' lang='lat' dir='ltr'><strong>honoribus</strong></span> 
     </span>
    </p>
   </div>
   <div class='ocr_carea' id='block_1_5' title="bbox 293 448 1955 526">
    <p class='ocr_par' dir='ltr' id='par_1_5' title="bbox 293 448 1955 526">
     <span class='ocr_line' id='line_1_5' title="bbox 293 448 1955 526; baseline 0.001 -21"><span class='ocrx_word' id='word_1_26' title='bbox 293 449 459 521; x_wconf 79' lang='lat' dir='ltr'><strong>regio</strong></span> <span class='ocrx_word' id='word_1_27' title='bbox 505 466 754 507; x_wconf 90' lang='lat' dir='ltr'><strong>munere</strong></span> <span class='ocrx_word' id='word_1_28' title='bbox 806 450 1103 508; x_wconf 88' lang='lat' dir='ltr'><strong>concessis</strong></span> <span class='ocrx_word' id='word_1_29' title='bbox 1155 452 1315 508; x_wconf 77' lang='lat' dir='ltr'><strong>exire</strong></span> <span class='ocrx_word' id='word_1_30' title='bbox 1365 451 1752 526; x_wconf 88' lang='lat' dir='ltr'><strong>compellens,</strong></span> <span class='ocrx_word' id='word_1_31' title='bbox 1798 448 1955 507; x_wconf 85' lang='lat' dir='ltr'><strong>ultra</strong></span> 
     </span>
    </p>
   </div>
   <div class='ocr_carea' id='block_1_6' title="bbox 299 538 1544 614">
    <p class='ocr_par' dir='ltr' id='par_1_6' title="bbox 299 538 1544 614">
     <span class='ocr_line' id='line_1_6' title="bbox 299 538 1544 614; baseline 0.001 -17"><span class='ocrx_word' id='word_1_32' title='bbox 299 538 727 613; x_wconf 89' lang='lat' dir='ltr'><strong>Spehtheshart</strong></span> <span class='ocrx_word' id='word_1_33' title='bbox 758 540 854 575; x_wconf 63' lang='lat'><strong>‘3‘”</strong></span> <span class='ocrx_word' id='word_1_34' title='bbox 881 540 1031 614; x_wconf 90' lang='grc'><strong>(130)</strong></span> <span class='ocrx_word' id='word_1_35' title='bbox 1061 541 1338 599; x_wconf 86' lang='lat' dir='ltr'><strong>secedere</strong></span> <span class='ocrx_word' id='word_1_36' title='bbox 1369 542 1544 613; x_wconf 89' lang='lat' dir='ltr'><strong>cogit.</strong></span> 
     </span>
    </p>
   </div>
   <div class='ocr_carea' id='block_1_7' title="bbox 370 622 1952 702">
    <p class='ocr_par' dir='ltr' id='par_1_7' title="bbox 370 622 1952 702">
     <span class='ocr_line' id='line_1_7' title="bbox 370 622 1952 702; baseline -0.001 -17"><span class='ocrx_word' id='word_1_37' title='bbox 370 626 535 686; x_wconf 91' lang='lat' dir='ltr'><strong>Circa</strong></span> <span class='ocrx_word' id='word_1_38' title='bbox 563 622 690 685; x_wconf 68' lang='lat' dir='ltr'><strong>haec</strong></span> <span class='ocrx_word' id='word_1_39' title='bbox 723 632 994 702; x_wconf 89' lang='lat' dir='ltr'><strong>tempora</strong></span> <span class='ocrx_word' id='word_1_40' title='bbox 1022 630 1166 702; x_wconf 87' lang='lat'><strong>(131)</strong></span> <span class='ocrx_word' id='word_1_41' title='bbox 1201 631 1399 701; x_wconf 91' lang='lat' dir='ltr'><strong>Folco,</strong></span> <span class='ocrx_word' id='word_1_42' title='bbox 1423 635 1743 689; x_wconf 81' lang='lat' dir='ltr'><strong>Remorum</strong></span> <span class='ocrx_word' id='word_1_43' title='bbox 1766 628 1952 687; x_wconf 86' lang='lat' dir='ltr'><strong>archi-</strong></span> 
     </span>
    </p>
   </div>
   <div class='ocr_carea' id='block_1_8' title="bbox 298 717 1953 792">
    <p class='ocr_par' dir='ltr' id='par_1_8' title="bbox 298 717 1953 792">
     <span class='ocr_line' id='line_1_8' title="bbox 298 717 1953 792; baseline 0.001 -19"><span class='ocrx_word' id='word_1_44' title='bbox 298 717 615 792; x_wconf 89' lang='lat' dir='ltr'><strong>episcopus</strong></span> <span class='ocrx_word' id='word_1_45' title='bbox 650 719 771 788; x_wconf 59' lang='grc' dir='ltr'><strong>ηπ,</strong></span> <span class='ocrx_word' id='word_1_46' title='bbox 804 734 841 774; x_wconf 89' lang='lat' dir='ltr'><strong>a</strong></span> <span class='ocrx_word' id='word_1_47' title='bbox 883 718 1155 791; x_wconf 91' lang='lat' dir='ltr'><strong>quodam</strong></span> <span class='ocrx_word' id='word_1_48' title='bbox 1177 719 1528 777; x_wconf 89' lang='lat' dir='ltr'><strong>Winemaro</strong></span> <span class='ocrx_word' id='word_1_49' title='bbox 1559 722 1676 787; x_wconf 61' lang='lat'><strong>&#39;37“,</strong></span> <span class='ocrx_word' id='word_1_50' title='bbox 1706 717 1953 776; x_wconf 81' lang='lat' dir='ltr'><strong>satellite</strong></span> 
     </span>
    </p>
   </div>
   <div class='ocr_carea' id='block_1_9' title="bbox 298 804 1954 880">
    <p class='ocr_par' dir='ltr' id='par_1_9' title="bbox 298 804 1954 880">
     <span class='ocr_line' id='line_1_9' title="bbox 298 804 1954 880; baseline 0.001 -18"><span class='ocrx_word' id='word_1_51' title='bbox 298 804 569 863; x_wconf 88' lang='lat' dir='ltr'><strong>Balduini</strong></span> <span class='ocrx_word' id='word_1_52' title='bbox 614 809 705 841; x_wconf 65' lang='grc' dir='ltr'><strong>ηπ</strong></span> <span class='ocrx_word' id='word_1_53' title='bbox 758 805 994 864; x_wconf 91' lang='lat' dir='ltr'><strong>comitis</strong></span> <span class='ocrx_word' id='word_1_54' title='bbox 1040 807 1205 880; x_wconf 87' lang='grc'><strong>(132),</strong></span> <span class='ocrx_word' id='word_1_55' title='bbox 1234 807 1575 867; x_wconf 73' lang='lat' dir='ltr'><strong>interfectus</strong></span> <span class='ocrx_word' id='word_1_56' title='bbox 1618 813 1726 866; x_wconf 88' lang='lat' dir='ltr'><strong>est.</strong></span> <span class='ocrx_word' id='word_1_57' title='bbox 1759 809 1954 864; x_wconf 81' lang='lat' dir='ltr'>Causa</span> 
     </span>
    </p>
   </div>
   <div class='ocr_carea' id='block_1_10' title="bbox 296 892 1950 966">
    <p class='ocr_par' dir='ltr' id='par_1_10' title="bbox 296 892 1950 966">
     <span class='ocr_line' id='line_1_10' title="bbox 296 892 1950 966; baseline 0 -14"><span class='ocrx_word' id='word_1_58' title='bbox 296 901 498 953; x_wconf 90' lang='lat' dir='ltr'><strong>autem</strong></span> <span class='ocrx_word' id='word_1_59' title='bbox 527 892 707 966; x_wconf 87' lang='lat' dir='ltr'><strong>hujus</strong></span> <span class='ocrx_word' id='word_1_60' title='bbox 736 895 1161 953; x_wconf 90' lang='lat' dir='ltr'><strong>interfectionis</strong></span> <span class='ocrx_word' id='word_1_61' title='bbox 1186 897 1314 955; x_wconf 78' lang='lat' dir='ltr'><strong>hth</strong></span> <span class='ocrx_word' id='word_1_62' title='bbox 1340 898 1525 957; x_wconf 88' lang='lat' dir='ltr'><strong>fuisse</strong></span> <span class='ocrx_word' id='word_1_63' title='bbox 1562 901 1950 956; x_wconf 79' lang='lat' dir='ltr'><strong>memoratur.</strong></span> 
     </span>
    </p>
   </div>
   <div class='ocr_carea' id='block_1_11' title="bbox 295 983 1952 1046">
    <p class='ocr_par' dir='ltr' id='par_1_11' title="bbox 295 983 1952 1046">
     <span class='ocr_line' id='line_1_11' title="bbox 295 983 1952 1046; baseline 0.002 -7"><span class='ocrx_word' id='word_1_64' title='bbox 295 983 619 1041; x_wconf 69' lang='lat' dir='ltr'><strong>Przedictus</strong></span> <span class='ocrx_word' id='word_1_65' title='bbox 651 983 974 1041; x_wconf 89' lang='lat' dir='ltr'><strong>Balduinus</strong></span> <span class='ocrx_word' id='word_1_66' title='bbox 1003 985 1304 1044; x_wconf 87' lang='lat' dir='ltr'><strong>Atrabatis</strong></span> <span class='ocrx_word' id='word_1_67' title='bbox 1339 990 1434 1023; x_wconf 68' lang='grc' dir='ltr'><strong>¹²τ⁸</strong></span> <span class='ocrx_word' id='word_1_68' title='bbox 1466 992 1729 1045; x_wconf 88' lang='lat' dir='ltr'><strong>castrum</strong></span> <span class='ocrx_word' id='word_1_69' title='bbox 1750 986 1952 1046; x_wconf 85' lang='lat' dir='ltr'><strong>videli-</strong></span> 
     </span>
    </p>
   </div>
   <div class='ocr_carea' id='block_1_12' title="bbox 297 1071 1955 1143">
    <p class='ocr_par' dir='ltr' id='par_1_12' title="bbox 297 1071 1955 1143">
     <span class='ocr_line' id='line_1_12' title="bbox 297 1071 1955 1143; baseline 0.002 -14"><span class='ocrx_word' id='word_1_70' title='bbox 297 1078 390 1130; x_wconf 85' lang='lat' dir='ltr'><strong>cet</strong></span> <span class='ocrx_word' id='word_1_71' title='bbox 416 1071 723 1130; x_wconf 88' lang='lat' dir='ltr'><strong>abbatiam</strong></span> <span class='ocrx_word' id='word_1_72' title='bbox 752 1073 942 1130; x_wconf 87' lang='lat' dir='ltr'><strong>sancti</strong></span> <span class='ocrx_word' id='word_1_73' title='bbox 967 1074 1223 1143; x_wconf 89' lang='lat' dir='ltr'><strong>Vedasti,</strong></span> <span class='ocrx_word' id='word_1_74' title='bbox 1255 1076 1421 1132; x_wconf 87' lang='lat' dir='ltr'><strong>nullo</strong></span> <span class='ocrx_word' id='word_1_75' title='bbox 1453 1076 1566 1133; x_wconf 86' lang='lat' dir='ltr'><strong>sibi</strong></span> <span class='ocrx_word' id='word_1_76' title='bbox 1592 1077 1955 1133; x_wconf 86' lang='lat' dir='ltr'><strong>concedente</strong></span> 
     </span>
    </p>
   </div>
   <div class='ocr_carea' id='block_1_13' title="bbox 297 1158 1956 1233">
    <p class='ocr_par' dir='ltr' id='par_1_13' title="bbox 297 1158 1956 1233">
     <span class='ocr_line' id='line_1_13' title="bbox 297 1158 1956 1233; baseline 0.005 -21"><span class='ocrx_word' id='word_1_77' title='bbox 297 1158 618 1226; x_wconf 85' lang='lat' dir='ltr'><strong>invaserat,</strong></span> <span class='ocrx_word' id='word_1_78' title='bbox 650 1176 840 1233; x_wconf 89' lang='lat' dir='ltr'><strong>quam</strong></span> <span class='ocrx_word' id='word_1_79' title='bbox 882 1161 1129 1218; x_wconf 85' lang='lat' dir='ltr'><strong>Carolus</strong></span> <span class='ocrx_word' id='word_1_80' title='bbox 1169 1179 1275 1220; x_wconf 84' lang='lat' dir='ltr'><strong>rex</strong></span> <span class='ocrx_word' id='word_1_81' title='bbox 1300 1164 1352 1221; x_wconf 89' lang='lat' dir='ltr'><strong>ei</strong></span> <span class='ocrx_word' id='word_1_82' title='bbox 1382 1165 1679 1233; x_wconf 81' lang='lat' dir='ltr'><strong>auferens,</strong></span> <span class='ocrx_word' id='word_1_83' title='bbox 1712 1164 1956 1220; x_wconf 88' lang='lat' dir='ltr'><strong>Folconi</strong></span> 
     </span>
    </p>
   </div>
   <div class='ocr_carea' id='block_1_14' title="bbox 298 1246 1952 1325">
    <p class='ocr_par' dir='ltr' id='par_1_14' title="bbox 298 1246 1952 1325">
     <span class='ocr_line' id='line_1_14' title="bbox 298 1246 1952 1325; baseline 0.005 -23"><span class='ocrx_word' id='word_1_84' title='bbox 298 1246 581 1320; x_wconf 90' lang='lat' dir='ltr'><strong>episcopo</strong></span> <span class='ocrx_word' id='word_1_85' title='bbox 612 1249 847 1305; x_wconf 89' lang='lat' dir='ltr'><strong>eanden</strong></span> <span class='ocrx_word' id='word_1_86' title='bbox 884 1250 946 1306; x_wconf 90' lang='lat' dir='ltr'><strong>in</strong></span> <span class='ocrx_word' id='word_1_87' title='bbox 976 1250 1339 1309; x_wconf 87' lang='lat' dir='ltr'><strong>beneﬁcium</strong></span> <span class='ocrx_word' id='word_1_88' title='bbox 1368 1254 1615 1325; x_wconf 85' lang='lat' dir='ltr'><strong>largitus</strong></span> <span class='ocrx_word' id='word_1_89' title='bbox 1646 1260 1751 1312; x_wconf 92' lang='lat' dir='ltr'><strong>est.</strong></span> <span class='ocrx_word' id='word_1_90' title='bbox 1785 1254 1952 1319; x_wconf 87' lang='lat' dir='ltr'><strong>Quod</strong></span> 
     </span>
    </p>
   </div>
   <div class='ocr_carea' id='block_1_15' title="bbox 298 1331 1955 1417">
    <p class='ocr_par' dir='ltr' id='par_1_15' title="bbox 298 1331 1955 1417">
     <span class='ocr_line' id='line_1_15' title="bbox 298 1331 1955 1417; baseline 0.006 -26"><span class='ocrx_word' id='word_1_91' title='bbox 298 1331 625 1393; x_wconf 85' lang='lat' dir='ltr'><strong>Balduinus</strong></span> <span class='ocrx_word' id='word_1_92' title='bbox 670 1353 826 1409; x_wconf 64' lang='lat' dir='ltr'><strong>{egre</strong></span> <span class='ocrx_word' id='word_1_93' title='bbox 858 1339 1073 1411; x_wconf 89' lang='lat' dir='ltr'><strong>ferens,</strong></span> <span class='ocrx_word' id='word_1_94' title='bbox 1109 1342 1267 1398; x_wconf 87' lang='lat' dir='ltr'><strong>misit</strong></span> <span class='ocrx_word' id='word_1_95' title='bbox 1312 1343 1390 1400; x_wconf 89' lang='lat' dir='ltr'><strong>ad</strong></span> <span class='ocrx_word' id='word_1_96' title='bbox 1436 1345 1799 1416; x_wconf 87' lang='lat' dir='ltr'><strong>jamdictum</strong></span> <span class='ocrx_word' id='word_1_97' title='bbox 1842 1345 1955 1417; x_wconf 89' lang='lat' dir='ltr'><strong>epi-</strong></span> 
     </span>
    </p>
   </div>
   <div class='ocr_carea' id='block_1_16' title="bbox 298 1426 1955 1506">
    <p class='ocr_par' dir='ltr' id='par_1_16' title="bbox 298 1426 1955 1506">
     <span class='ocr_line' id='line_1_16' title="bbox 298 1426 1955 1506; baseline 0.005 -26"><span class='ocrx_word' id='word_1_98' title='bbox 298 1442 550 1498; x_wconf 87' lang='lat' dir='ltr'><strong>scopum</strong></span> <span class='ocrx_word' id='word_1_99' title='bbox 580 1426 1002 1498; x_wconf 88' lang='lat' dir='ltr'><strong>Winemarum,</strong></span> <span class='ocrx_word' id='word_1_100' title='bbox 1037 1430 1388 1503; x_wconf 82' lang='lat' dir='ltr'><strong>obsecrans,</strong></span> <span class='ocrx_word' id='word_1_101' title='bbox 1421 1449 1497 1490; x_wconf 91' lang='lat' dir='ltr'><strong>ne</strong></span> <span class='ocrx_word' id='word_1_102' title='bbox 1518 1434 1779 1491; x_wconf 87' lang='lat' dir='ltr'><strong>honores</strong></span> <span class='ocrx_word' id='word_1_103' title='bbox 1800 1450 1955 1506; x_wconf 85' lang='lat' dir='ltr'><strong>quos</strong></span> 
     </span>
    </p>
   </div>
   <div class='ocr_carea' id='block_1_17' title="bbox 296 1514 1954 1595">
    <p class='ocr_par' dir='ltr' id='par_1_17' title="bbox 296 1514 1954 1595">
     <span class='ocr_line' id='line_1_17' title="bbox 296 1514 1954 1595; baseline 0.006 -26"><span class='ocrx_word' id='word_1_104' title='bbox 296 1514 585 1571; x_wconf 89' lang='lat' dir='ltr'><strong>hactenus</strong></span> <span class='ocrx_word' id='word_1_105' title='bbox 612 1520 881 1574; x_wconf 89' lang='lat' dir='ltr'><strong>tenuerat</strong></span> <span class='ocrx_word' id='word_1_106' title='bbox 904 1522 1084 1591; x_wconf 88' lang='lat' dir='ltr'><strong>atque</strong></span> <span class='ocrx_word' id='word_1_107' title='bbox 1114 1520 1488 1592; x_wconf 85' lang='lat' dir='ltr'><strong>possederat,</strong></span> <span class='ocrx_word' id='word_1_108' title='bbox 1511 1521 1641 1595; x_wconf 90' lang='lat' dir='ltr'><strong>ipse</strong></span> <span class='ocrx_word' id='word_1_109' title='bbox 1665 1522 1954 1595; x_wconf 89' lang='lat' dir='ltr'><strong>cupidita-</strong></span> 
     </span>
    </p>
   </div>
   <div class='ocr_carea' id='block_1_18' title="bbox 2060 359 3724 438">
    <p class='ocr_par' dir='ltr' id='par_1_18' title="bbox 2060 359 3724 438">
     <span class='ocr_line' id='line_1_18' title="bbox 2060 359 3724 438; baseline 0.004 -24"><span class='ocrx_word' id='word_1_110' title='bbox 2060 359 2199 416; x_wconf 89' lang='lat' dir='ltr'><strong>dem</strong></span> <span class='ocrx_word' id='word_1_111' title='bbox 2229 362 2389 419; x_wconf 87' lang='lat' dir='ltr'><strong>cives</strong></span> <span class='ocrx_word' id='word_1_112' title='bbox 2420 364 2525 438; x_wconf 88' lang='lat' dir='ltr'><strong>qui</strong></span> <span class='ocrx_word' id='word_1_113' title='bbox 2552 364 2824 438; x_wconf 89' lang='lat' dir='ltr'><strong>partibus</strong></span> <span class='ocrx_word' id='word_1_114' title='bbox 2855 366 2985 437; x_wconf 89' lang='lat' dir='ltr'><strong>ejus</strong></span> <span class='ocrx_word' id='word_1_115' title='bbox 3013 365 3319 434; x_wconf 82' lang='lat' dir='ltr'><strong>favebant,</strong></span> <span class='ocrx_word' id='word_1_116' title='bbox 3340 368 3549 436; x_wconf 82' lang='lat' dir='ltr'><strong>portas</strong></span> <span class='ocrx_word' id='word_1_117' title='bbox 3575 364 3724 421; x_wconf 86' lang='lat' dir='ltr'><strong>civi-</strong></span> 
     </span>
    </p>
   </div>
   <div class='ocr_carea' id='block_1_19' title="bbox 2062 449 3724 526">
    <p class='ocr_par' dir='ltr' id='par_1_19' title="bbox 2062 449 3724 526">
     <span class='ocr_line' id='line_1_19' title="bbox 2062 449 3724 526; baseline 0.004 -22"><span class='ocrx_word' id='word_1_118' title='bbox 2062 449 2194 505; x_wconf 87' lang='lat' dir='ltr'><strong>tatis</strong></span> <span class='ocrx_word' id='word_1_119' title='bbox 2237 451 2291 507; x_wconf 88' lang='lat' dir='ltr'><strong>ei</strong></span> <span class='ocrx_word' id='word_1_120' title='bbox 2329 453 2686 526; x_wconf 85' lang='lat' dir='ltr'><strong>aperientes,</strong></span> <span class='ocrx_word' id='word_1_121' title='bbox 2726 468 2867 512; x_wconf 86' lang='lat' dir='ltr'><strong>eum</strong></span> <span class='ocrx_word' id='word_1_122' title='bbox 2920 458 3215 511; x_wconf 87' lang='lat' dir='ltr'><strong>nocturno</strong></span> <span class='ocrx_word' id='word_1_123' title='bbox 3258 458 3529 526; x_wconf 84' lang='lat' dir='ltr'><strong>tempore</strong></span> <span class='ocrx_word' id='word_1_124' title='bbox 3568 454 3724 512; x_wconf 84' lang='lat' dir='ltr'><strong>intra</strong></span> 
     </span>
    </p>
   </div>
   <div class='ocr_carea' id='block_1_20' title="bbox 2061 540 3721 614">
    <p class='ocr_par' dir='ltr' id='par_1_20' title="bbox 2061 540 3721 614">
     <span class='ocr_line' id='line_1_20' title="bbox 2061 540 3721 614; baseline 0.002 -20"><span class='ocrx_word' id='word_1_125' title='bbox 2061 554 2267 595; x_wconf 88' lang='lat' dir='ltr'><strong>muros</strong></span> <span class='ocrx_word' id='word_1_126' title='bbox 2312 546 2682 614; x_wconf 67' lang='lat' dir='ltr'><strong>receperunt,</strong></span> <span class='ocrx_word' id='word_1_127' title='bbox 2710 546 2767 597; x_wconf 91' lang='lat' dir='ltr'><strong>et</strong></span> <span class='ocrx_word' id='word_1_128' title='bbox 2813 541 2898 598; x_wconf 87' lang='lat' dir='ltr'><strong>sic</strong></span> <span class='ocrx_word' id='word_1_129' title='bbox 2924 541 3224 614; x_wconf 87' lang='lat' dir='ltr'><strong>insperate</strong></span> <span class='ocrx_word' id='word_1_130' title='bbox 3258 543 3349 588; x_wconf 55' lang='lat'><strong>“&quot;17</strong></span> <span class='ocrx_word' id='word_1_131' title='bbox 3384 544 3443 598; x_wconf 88' lang='lat' dir='ltr'><strong>et</strong></span> <span class='ocrx_word' id='word_1_132' title='bbox 3486 540 3721 614; x_wconf 81' lang='lat' dir='ltr'><strong>absque</strong></span> 
     </span>
    </p>
   </div>
   <div class='ocr_carea' id='block_1_21' title="bbox 2060 627 3725 701">
    <p class='ocr_par' dir='ltr' id='par_1_21' title="bbox 2060 627 3725 701">
     <span class='ocr_line' id='line_1_21' title="bbox 2060 627 3725 701; baseline 0.002 -18"><span class='ocrx_word' id='word_1_133' title='bbox 2060 627 2570 700; x_wconf 60' lang='lat' dir='ltr'><strong>praemeditatione</strong></span> <span class='ocrx_word' id='word_1_134' title='bbox 2600 630 2980 687; x_wconf 85' lang='lat' dir='ltr'><strong>Hludowicus</strong></span> <span class='ocrx_word' id='word_1_135' title='bbox 3009 646 3132 686; x_wconf 88' lang='lat' dir='ltr'><strong>non</strong></span> <span class='ocrx_word' id='word_1_136' title='bbox 3161 629 3359 687; x_wconf 84' lang='lat' dir='ltr'><strong>solum</strong></span> <span class='ocrx_word' id='word_1_137' title='bbox 3381 645 3590 701; x_wconf 83' lang='lat' dir='ltr'><strong>regno,</strong></span> <span class='ocrx_word' id='word_1_138' title='bbox 3615 630 3725 687; x_wconf 82' lang='lat' dir='ltr'><strong>sed</strong></span> 
     </span>
    </p>
   </div>
   <div class='ocr_carea' id='block_1_22' title="bbox 2061 714 3726 791">
    <p class='ocr_par' dir='ltr' id='par_1_22' title="bbox 2061 714 3726 791">
     <span class='ocr_line' id='line_1_22' title="bbox 2061 714 3726 791; baseline 0.003 -22"><span class='ocrx_word' id='word_1_139' title='bbox 2061 714 2241 771; x_wconf 90' lang='lat' dir='ltr'><strong>etiam</strong></span> <span class='ocrx_word' id='word_1_140' title='bbox 2262 716 2449 773; x_wconf 85' lang='lat' dir='ltr'><strong>oculis</strong></span> <span class='ocrx_word' id='word_1_141' title='bbox 2478 717 2746 791; x_wconf 87' lang='lat' dir='ltr'><strong>privatus</strong></span> <span class='ocrx_word' id='word_1_142' title='bbox 2772 721 2878 774; x_wconf 83' lang='lat' dir='ltr'><strong>est.</strong></span> <span class='ocrx_word' id='word_1_143' title='bbox 2911 717 3177 775; x_wconf 86' lang='lat' dir='ltr'><strong>Tandem</strong></span> <span class='ocrx_word' id='word_1_144' title='bbox 3205 717 3411 790; x_wconf 83' lang='lat' dir='ltr'><strong>itaque</strong></span> <span class='ocrx_word' id='word_1_145' title='bbox 3435 721 3726 787; x_wconf 83' lang='lat' dir='ltr'><strong>Berenga-</strong></span> 
     </span>
    </p>
   </div>
   <div class='ocr_carea' id='block_1_23' title="bbox 2060 802 3724 875">
    <p class='ocr_par' dir='ltr' id='par_1_23' title="bbox 2060 802 3724 875">
     <span class='ocr_line' id='line_1_23' title="bbox 2060 802 3724 875; baseline 0.003 -18"><span class='ocrx_word' id='word_1_146' title='bbox 2060 802 2183 858; x_wconf 89' lang='lat' dir='ltr'><strong>rius</strong></span> <span class='ocrx_word' id='word_1_147' title='bbox 2208 819 2462 875; x_wconf 78' lang='lat' dir='ltr'><strong>regnum</strong></span> <span class='ocrx_word' id='word_1_148' title='bbox 2484 805 2663 862; x_wconf 82' lang='lat' dir='ltr'><strong>Italiae</strong></span> <span class='ocrx_word' id='word_1_149' title='bbox 2687 805 2890 862; x_wconf 91' lang='lat' dir='ltr'><strong>multis</strong></span> <span class='ocrx_word' id='word_1_150' title='bbox 2919 805 3186 863; x_wconf 67' lang='lat' dir='ltr'><strong>aedibus</strong></span> <span class='ocrx_word' id='word_1_151' title='bbox 3216 810 3618 874; x_wconf 86' lang='lat' dir='ltr'><strong>cruentatum,</strong></span> <span class='ocrx_word' id='word_1_152' title='bbox 3638 806 3724 862; x_wconf 87' lang='lat' dir='ltr'><strong>in-</strong></span> 
     </span>
    </p>
   </div>
   <div class='ocr_carea' id='block_1_24' title="bbox 2060 889 3721 967">
    <p class='ocr_par' dir='ltr' id='par_1_24' title="bbox 2060 889 3721 967">
     <span class='ocr_line' id='line_1_24' title="bbox 2060 889 3721 967; baseline 0.004 -22"><span class='ocrx_word' id='word_1_153' title='bbox 2060 889 2268 947; x_wconf 88' lang='lat' dir='ltr'><strong>faustis</strong></span> <span class='ocrx_word' id='word_1_154' title='bbox 2295 891 2799 966; x_wconf 86' lang='lat' dir='ltr'><strong>infortunatisque</strong></span> <span class='ocrx_word' id='word_1_155' title='bbox 2835 894 3062 967; x_wconf 70' lang='lat' dir='ltr'><strong>proeliis</strong></span> <span class='ocrx_word' id='word_1_156' title='bbox 3108 893 3213 950; x_wconf 91' lang='lat' dir='ltr'><strong>diu</strong></span> <span class='ocrx_word' id='word_1_157' title='bbox 3242 894 3563 966; x_wconf 78' lang='lat' dir='ltr'><strong>quaesitum</strong></span> <span class='ocrx_word' id='word_1_158' title='bbox 3598 897 3721 963; x_wconf 59' lang='grc' dir='ltr'><strong>ιω,</strong></span> 
     </span>
    </p>
   </div>
   <div class='ocr_carea' id='block_1_25' title="bbox 2062 980 3723 1055">
    <p class='ocr_par' dir='ltr' id='par_1_25' title="bbox 2062 980 3723 1055">
     <span class='ocr_line' id='line_1_25' title="bbox 2062 980 3723 1055; baseline 0.002 -21"><span class='ocrx_word' id='word_1_159' title='bbox 2062 995 2203 1035; x_wconf 89' lang='lat' dir='ltr'><strong>cum</strong></span> <span class='ocrx_word' id='word_1_160' title='bbox 2229 980 2649 1051; x_wconf 89' lang='lat' dir='ltr'><strong>hujuscemodi</strong></span> <span class='ocrx_word' id='word_1_161' title='bbox 2678 981 2982 1055; x_wconf 89' lang='lat' dir='ltr'><strong>triumpho</strong></span> <span class='ocrx_word' id='word_1_162' title='bbox 3006 982 3278 1039; x_wconf 90' lang='lat' dir='ltr'><strong>obtinuit.</strong></span> <span class='ocrx_word' id='word_1_163' title='bbox 3306 982 3529 1038; x_wconf 84' lang='lat' dir='ltr'><strong>Eodem</strong></span> <span class='ocrx_word' id='word_1_164' title='bbox 3561 997 3723 1038; x_wconf 88' lang='lat' dir='ltr'><strong>anno</strong></span> 
     </span>
    </p>
   </div>
   <div class='ocr_carea' id='block_1_26' title="bbox 2061 1067 3610 1141">
    <p class='ocr_par' dir='ltr' id='par_1_26' title="bbox 2061 1067 3610 1141">
     <span class='ocr_line' id='line_1_26' title="bbox 2061 1067 3610 1141; baseline 0.003 -19"><span class='ocrx_word' id='word_1_165' title='bbox 2061 1067 2124 1123; x_wconf 88' lang='lat' dir='ltr'><strong>in</strong></span> <span class='ocrx_word' id='word_1_166' title='bbox 2146 1084 2352 1126; x_wconf 87' lang='lat' dir='ltr'><strong>mense</strong></span> <span class='ocrx_word' id='word_1_167' title='bbox 2380 1074 2649 1140; x_wconf 83' lang='lat' dir='ltr'><strong>Augusto</strong></span> <span class='ocrx_word' id='word_1_168' title='bbox 2677 1070 2808 1128; x_wconf 63' lang='lat' dir='ltr'><strong>haec</strong></span> <span class='ocrx_word' id='word_1_169' title='bbox 2835 1071 3086 1128; x_wconf 84' lang='lat' dir='ltr'><strong>mutatio</strong></span> <span class='ocrx_word' id='word_1_170' title='bbox 3116 1071 3283 1141; x_wconf 83' lang='lat' dir='ltr'><strong>regni</strong></span> <span class='ocrx_word' id='word_1_171' title='bbox 3314 1070 3472 1127; x_wconf 85' lang='lat' dir='ltr'><strong>facta</strong></span> <span class='ocrx_word' id='word_1_172' title='bbox 3502 1074 3610 1127; x_wconf 87' lang='lat' dir='ltr'><strong>est.</strong></span> 
     </span>
    </p>
   </div>
   <div class='ocr_carea' id='block_1_27' title="bbox 2741 1226 3051 1288">
    <p class='ocr_par' dir='ltr' id='par_1_27' title="bbox 2741 1226 3051 1288">
     <span class='ocr_line' id='line_1_27' title="bbox 2741 1226 3051 1288; baseline 0.003 -3"><span class='ocrx_word' id='word_1_173' title='bbox 2741 1226 3051 1288; x_wconf 84' lang='lat' dir='ltr'><strong>DCCCCVI.</strong></span> 
     </span>
    </p>
   </div>
   <div class='ocr_carea' id='block_1_28' title="bbox 2132 1336 3725 1393">
    <p class='ocr_par' dir='ltr' id='par_1_28' title="bbox 2132 1336 3725 1393">
     <span class='ocr_line' id='line_1_28' title="bbox 2132 1336 3725 1393; baseline 0.002 -3"><span class='ocrx_word' id='word_1_174' title='bbox 2132 1338 2305 1391; x_wconf 76' lang='lat' dir='ltr'><strong>Anno</strong></span> <span class='ocrx_word' id='word_1_175' title='bbox 2351 1336 2667 1392; x_wconf 85' lang='lat' dir='ltr'><strong>Dominicae</strong></span> <span class='ocrx_word' id='word_1_176' title='bbox 2697 1336 3123 1393; x_wconf 88' lang='lat' dir='ltr'><strong>incarnationis</strong></span> <span class='ocrx_word' id='word_1_177' title='bbox 3154 1341 3257 1393; x_wconf 86' lang='lat'><strong>906</strong></span> <span class='ocrx_word' id='word_1_178' title='bbox 3292 1338 3390 1372; x_wconf 67' lang='lat'><strong>“9°</strong></span> <span class='ocrx_word' id='word_1_179' title='bbox 3420 1338 3725 1393; x_wconf 86' lang='lat' dir='ltr'><strong>Chuonra-</strong></span> 
     </span>
    </p>
   </div>
   <div class='ocr_carea' id='block_1_29' title="bbox 2063 1424 3723 1483">
    <p class='ocr_par' dir='ltr' id='par_1_29' title="bbox 2063 1424 3723 1483">
     <span class='ocr_line' id='line_1_29' title="bbox 2063 1424 3723 1483; baseline 0.003 -5"><span class='ocrx_word' id='word_1_180' title='bbox 2063 1424 2177 1479; x_wconf 88' lang='lat' dir='ltr'><strong>dus</strong></span> <span class='ocrx_word' id='word_1_181' title='bbox 2223 1441 2423 1482; x_wconf 90' lang='lat' dir='ltr'><strong>comes</strong></span> <span class='ocrx_word' id='word_1_182' title='bbox 2464 1425 2653 1483; x_wconf 84' lang='lat' dir='ltr'><strong>tilium</strong></span> <span class='ocrx_word' id='word_1_183' title='bbox 2706 1444 2884 1483; x_wconf 82' lang='lat' dir='ltr'><strong>suum</strong></span> <span class='ocrx_word' id='word_1_184' title='bbox 2915 1426 3344 1483; x_wconf 89' lang='lat' dir='ltr'><strong>Chuonradum</strong></span> <span class='ocrx_word' id='word_1_185' title='bbox 3397 1427 3557 1483; x_wconf 86' lang='lat' dir='ltr'><strong>misit</strong></span> <span class='ocrx_word' id='word_1_186' title='bbox 3584 1443 3723 1483; x_wconf 90' lang='lat' dir='ltr'><strong>cum</strong></span> 
     </span>
    </p>
   </div>
   <div class='ocr_carea' id='block_1_30' title="bbox 2066 1516 3727 1589">
    <p class='ocr_par' dir='ltr' id='par_1_30' title="bbox 2066 1516 3727 1589">
     <span class='ocr_line' id='line_1_30' title="bbox 2066 1516 3727 1589; baseline 0.002 -20"><span class='ocrx_word' id='word_1_187' title='bbox 2066 1518 2435 1570; x_wconf 89' lang='lat' dir='ltr'><strong>armatorum</strong></span> <span class='ocrx_word' id='word_1_188' title='bbox 2463 1530 2585 1571; x_wconf 91' lang='lat' dir='ltr'><strong>non</strong></span> <span class='ocrx_word' id='word_1_189' title='bbox 2616 1516 2857 1573; x_wconf 87' lang='lat' dir='ltr'><strong>modica</strong></span> <span class='ocrx_word' id='word_1_190' title='bbox 2884 1532 3093 1586; x_wconf 90' lang='lat' dir='ltr'><strong>manu,</strong></span> <span class='ocrx_word' id='word_1_191' title='bbox 3129 1520 3194 1572; x_wconf 90' lang='lat' dir='ltr'><strong>ut</strong></span> <span class='ocrx_word' id='word_1_192' title='bbox 3216 1516 3509 1573; x_wconf 86' lang='lat' dir='ltr'><strong>irruerent</strong></span> <span class='ocrx_word' id='word_1_193' title='bbox 3540 1532 3727 1589; x_wconf 87' lang='lat' dir='ltr'><strong>super</strong></span> 
     </span>
    </p>
   </div>
   <div class='ocr_carea' id='block_1_31' title="bbox 297 1601 3725 1683">
    <p class='ocr_par' dir='ltr' id='par_1_31' title="bbox 297 1601 3725 1683">
     <span class='ocr_line' id='line_1_31' title="bbox 297 1601 3725 1683; baseline 0.001 -27"><span class='ocrx_word' id='word_1_194' title='bbox 297 1608 350 1659; x_wconf 87' lang='lat' dir='ltr'><strong>te</strong></span> <span class='ocrx_word' id='word_1_195' title='bbox 387 1604 606 1660; x_wconf 85' lang='lat' dir='ltr'><strong>ductus</strong></span> <span class='ocrx_word' id='word_1_196' title='bbox 651 1605 763 1661; x_wconf 87' lang='lat' dir='ltr'><strong>sibi</strong></span> <span class='ocrx_word' id='word_1_197' title='bbox 793 1611 1145 1679; x_wconf 76' lang='lat' dir='ltr'><strong>usurparet;</strong></span> <span class='ocrx_word' id='word_1_198' title='bbox 1189 1609 1436 1682; x_wconf 75' lang='lat' dir='ltr'><strong>insuper</strong></span> <span class='ocrx_word' id='word_1_199' title='bbox 1470 1611 1650 1668; x_wconf 63' lang='lat' dir='ltr'><strong>etiam</strong></span> <span class='ocrx_word' id='word_1_200' title='bbox 1691 1612 1955 1683; x_wconf 65' lang='lat' dir='ltr'><strong>ingentia</strong></span> <span class='ocrx_word' id='word_1_201' title='bbox 1983 1625 2028 1679; x_wconf 77' lang='grc' dir='ltr'>Β</span> <span class='ocrx_word' id='word_1_202' title='bbox 2067 1601 2395 1658; x_wconf 88' lang='lat' dir='ltr'><strong>Gerardum</strong></span> <span class='ocrx_word' id='word_1_203' title='bbox 2425 1608 2482 1659; x_wconf 91' lang='lat' dir='ltr'><strong>et</strong></span> <span class='ocrx_word' id='word_1_204' title='bbox 2504 1603 2747 1659; x_wconf 80' lang='lat' dir='ltr'><strong>fratrem</strong></span> <span class='ocrx_word' id='word_1_205' title='bbox 2780 1606 2909 1676; x_wconf 83' lang='lat' dir='ltr'><strong>ejus</strong></span> <span class='ocrx_word' id='word_1_206' title='bbox 2934 1603 3291 1668; x_wconf 83' lang='lat' dir='ltr'><strong>Matfridum,</strong></span> <span class='ocrx_word' id='word_1_207' title='bbox 3321 1619 3393 1660; x_wconf 88' lang='lat' dir='ltr'><strong>eo</strong></span> <span class='ocrx_word' id='word_1_208' title='bbox 3421 1604 3589 1677; x_wconf 90' lang='lat' dir='ltr'><strong>quod</strong></span> <span class='ocrx_word' id='word_1_209' title='bbox 3614 1604 3725 1660; x_wconf 86' lang='lat' dir='ltr'><strong>ho-</strong></span> 
     </span>
    </p>
   </div>
   <div class='ocr_carea' id='block_1_32' title="bbox 297 1692 1957 1770">
    <p class='ocr_par' dir='ltr' id='par_1_32' title="bbox 297 1692 1957 1770">
     <span class='ocr_line' id='line_1_32' title="bbox 297 1692 1957 1770; baseline 0.007 -24"><span class='ocrx_word' id='word_1_210' title='bbox 297 1692 461 1747; x_wconf 89' lang='lat' dir='ltr'><strong>dona</strong></span> <span class='ocrx_word' id='word_1_211' title='bbox 492 1693 587 1726; x_wconf 75' lang='grc'><strong>¹²⁷⁰</strong></span> <span class='ocrx_word' id='word_1_212' title='bbox 620 1692 915 1764; x_wconf 88' lang='lat' dir='ltr'><strong>pollicitus</strong></span> <span class='ocrx_word' id='word_1_213' title='bbox 945 1699 1050 1763; x_wconf 90' lang='lat' dir='ltr'><strong>est,</strong></span> <span class='ocrx_word' id='word_1_214' title='bbox 1085 1696 1133 1751; x_wconf 90' lang='lat' dir='ltr'><strong>si</strong></span> <span class='ocrx_word' id='word_1_215' title='bbox 1183 1697 1313 1767; x_wconf 91' lang='lat' dir='ltr'><strong>ejus</strong></span> <span class='ocrx_word' id='word_1_216' title='bbox 1366 1713 1481 1770; x_wconf 90' lang='lat' dir='ltr'><strong>ope</strong></span> <span class='ocrx_word' id='word_1_217' title='bbox 1523 1703 1582 1756; x_wconf 92' lang='lat' dir='ltr'><strong>et</strong></span> <span class='ocrx_word' id='word_1_218' title='bbox 1621 1701 1957 1757; x_wconf 86' lang='lat' dir='ltr'><strong>interventu</strong></span> 
     </span>
    </p>
   </div>
   <div class='ocr_carea' id='block_1_33' title="bbox 298 1779 1953 1860">
    <p class='ocr_par' dir='ltr' id='par_1_33' title="bbox 298 1779 1953 1860">
     <span class='ocr_line' id='line_1_33' title="bbox 298 1779 1953 1860; baseline 0.005 -24"><span class='ocrx_word' id='word_1_219' title='bbox 298 1779 612 1853; x_wconf 71' lang='lat' dir='ltr'><strong>praefatam</strong></span> <span class='ocrx_word' id='word_1_220' title='bbox 634 1782 1082 1855; x_wconf 88' lang='lat' dir='ltr'><strong>possessionem</strong></span> <span class='ocrx_word' id='word_1_221' title='bbox 1111 1784 1378 1843; x_wconf 88' lang='lat' dir='ltr'><strong>obtinere</strong></span> <span class='ocrx_word' id='word_1_222' title='bbox 1415 1792 1638 1860; x_wconf 84' lang='lat' dir='ltr'><strong>posset.</strong></span> <span class='ocrx_word' id='word_1_223' title='bbox 1670 1789 1784 1846; x_wconf 88' lang='lat' dir='ltr'><strong>Sed</strong></span> <span class='ocrx_word' id='word_1_224' title='bbox 1815 1805 1953 1845; x_wconf 83' lang='lat' dir='ltr'><strong>eum</strong></span> 
     </span>
    </p>
   </div>
   <div class='ocr_carea' id='block_1_34' title="bbox 298 1870 1954 1949">
    <p class='ocr_par' dir='ltr' id='par_1_34' title="bbox 298 1870 1954 1949">
     <span class='ocr_line' id='line_1_34' title="bbox 298 1870 1954 1949; baseline 0.007 -24"><span class='ocrx_word' id='word_1_225' title='bbox 298 1870 616 1945; x_wconf 90' lang='lat' dir='ltr'><strong>episcopus</strong></span> <span class='ocrx_word' id='word_1_226' title='bbox 661 1871 909 1929; x_wconf 89' lang='lat' dir='ltr'><strong>minime</strong></span> <span class='ocrx_word' id='word_1_227' title='bbox 956 1889 1272 1932; x_wconf 90' lang='lat' dir='ltr'><strong>assensum</strong></span> <span class='ocrx_word' id='word_1_228' title='bbox 1307 1877 1618 1948; x_wconf 75' lang='lat' dir='ltr'><strong>praeberet,</strong></span> <span class='ocrx_word' id='word_1_229' title='bbox 1645 1883 1721 1949; x_wconf 90' lang='lat' dir='ltr'><strong>et,</strong></span> <span class='ocrx_word' id='word_1_230' title='bbox 1753 1880 1954 1937; x_wconf 89' lang='lat' dir='ltr'><strong>nescio</strong></span> 
     </span>
    </p>
   </div>
   <div class='ocr_carea' id='block_1_35' title="bbox 301 1958 1953 2039">
    <p class='ocr_par' dir='ltr' id='par_1_35' title="bbox 301 1958 1953 2039">
     <span class='ocr_line' id='line_1_35' title="bbox 301 1958 1953 2039; baseline 0.01 -29"><span class='ocrx_word' id='word_1_231' title='bbox 301 1960 399 1995; x_wconf 69' lang='grc' dir='ltr'><strong>ιεθο</strong></span> <span class='ocrx_word' id='word_1_232' title='bbox 430 1958 577 2032; x_wconf 91' lang='lat' dir='ltr'><strong>quid</strong></span> <span class='ocrx_word' id='word_1_233' title='bbox 604 1959 814 2016; x_wconf 89' lang='lat' dir='ltr'><strong>durius</strong></span> <span class='ocrx_word' id='word_1_234' title='bbox 864 1965 921 2017; x_wconf 91' lang='lat' dir='ltr'><strong>et</strong></span> <span class='ocrx_word' id='word_1_235' title='bbox 966 1961 1231 2019; x_wconf 89' lang='lat' dir='ltr'><strong>amarius</strong></span> <span class='ocrx_word' id='word_1_236' title='bbox 1270 1979 1458 2036; x_wconf 89' lang='lat' dir='ltr'><strong>quam</strong></span> <span class='ocrx_word' id='word_1_237' title='bbox 1499 1967 1831 2039; x_wconf 89' lang='lat' dir='ltr'><strong>oportebat,</strong></span> <span class='ocrx_word' id='word_1_238' title='bbox 1862 1984 1953 2025; x_wconf 87' lang='lat' dir='ltr'><strong>re-</strong></span> 
     </span>
    </p>
   </div>
   <div class='ocr_carea' id='block_1_36' title="bbox 300 2046 1954 2123">
    <p class='ocr_par' dir='ltr' id='par_1_36' title="bbox 300 2046 1954 2123">
     <span class='ocr_line' id='line_1_36' title="bbox 300 2046 1954 2123; baseline 0.007 -21"><span class='ocrx_word' id='word_1_239' title='bbox 300 2046 640 2120; x_wconf 89' lang='lat' dir='ltr'><strong>sponderet,</strong></span> <span class='ocrx_word' id='word_1_240' title='bbox 688 2047 806 2118; x_wconf 91' lang='lat' dir='ltr'><strong>ille,</strong></span> <span class='ocrx_word' id='word_1_241' title='bbox 860 2049 1479 2123; x_wconf 82' lang='lat' dir='ltr'><strong>diaboloinstigante,</strong></span> <span class='ocrx_word' id='word_1_242' title='bbox 1530 2054 1728 2112; x_wconf 88' lang='lat' dir='ltr'><strong>furore</strong></span> <span class='ocrx_word' id='word_1_243' title='bbox 1767 2056 1954 2112; x_wconf 91' lang='lat' dir='ltr'><strong>nimio</strong></span> 
     </span>
    </p>
   </div>
   <div class='ocr_carea' id='block_1_37' title="bbox 299 2128 1956 2218">
    <p class='ocr_par' dir='ltr' id='par_1_37' title="bbox 299 2128 1956 2218">
     <span class='ocr_line' id='line_1_37' title="bbox 299 2128 1956 2218; baseline 0.007 -26"><span class='ocrx_word' id='word_1_244' title='bbox 299 2153 646 2206; x_wconf 89' lang='lat' dir='ltr'><strong>succensus,</strong></span> <span class='ocrx_word' id='word_1_245' title='bbox 670 2132 748 2195; x_wconf 90' lang='lat' dir='ltr'><strong>ab</strong></span> <span class='ocrx_word' id='word_1_246' title='bbox 771 2154 841 2194; x_wconf 93' lang='lat' dir='ltr'><strong>eo</strong></span> <span class='ocrx_word' id='word_1_247' title='bbox 866 2139 1121 2209; x_wconf 87' lang='lat' dir='ltr'><strong>divertit,</strong></span> <span class='ocrx_word' id='word_1_248' title='bbox 1141 2145 1197 2196; x_wconf 91' lang='lat' dir='ltr'><strong>et</strong></span> <span class='ocrx_word' id='word_1_249' title='bbox 1216 2128 1528 2216; x_wconf 88' lang='lat' dir='ltr'><strong>quandam</strong></span> <span class='ocrx_word' id='word_1_250' title='bbox 1559 2145 1795 2218; x_wconf 85' lang='lat' dir='ltr'><strong>sylvam</strong></span> <span class='ocrx_word' id='word_1_251' title='bbox 1815 2163 1956 2202; x_wconf 92' lang='lat' dir='ltr'><strong>cum</strong></span> 
     </span>
    </p>
   </div>
   <div class='ocr_carea' id='block_1_38' title="bbox 298 2225 1954 2307">
    <p class='ocr_par' dir='ltr' id='par_1_38' title="bbox 298 2225 1954 2307">
     <span class='ocr_line' id='line_1_38' title="bbox 298 2225 1954 2307; baseline 0.006 -27"><span class='ocrx_word' id='word_1_252' title='bbox 298 2225 475 2281; x_wconf 91' lang='lat' dir='ltr'><strong>sociis</strong></span> <span class='ocrx_word' id='word_1_253' title='bbox 523 2227 848 2299; x_wconf 87' lang='lat' dir='ltr'><strong>ingressus,</strong></span> <span class='ocrx_word' id='word_1_254' title='bbox 881 2245 1022 2285; x_wconf 91' lang='lat' dir='ltr'><strong>cum</strong></span> <span class='ocrx_word' id='word_1_255' title='bbox 1069 2228 1231 2286; x_wconf 89' lang='lat' dir='ltr'><strong>idem</strong></span> <span class='ocrx_word' id='word_1_256' title='bbox 1284 2231 1455 2287; x_wconf 85' lang='lat' dir='ltr'><strong>Folco</strong></span> <span class='ocrx_word' id='word_1_257' title='bbox 1500 2249 1536 2288; x_wconf 90' lang='lat' dir='ltr'><strong>a</strong></span> <span class='ocrx_word' id='word_1_258' title='bbox 1586 2235 1954 2307; x_wconf 89' lang='lat' dir='ltr'><strong>Compendio</strong></span> 
     </span>
    </p>
   </div>
   <div class='ocr_carea' id='block_1_39' title="bbox 295 2315 1956 2393">
    <p class='ocr_par' dir='ltr' id='par_1_39' title="bbox 295 2315 1956 2393">
     <span class='ocr_line' id='line_1_39' title="bbox 295 2315 1956 2393; baseline 0.005 -20"><span class='ocrx_word' id='word_1_259' title='bbox 295 2315 519 2387; x_wconf 79' lang='lat' dir='ltr'><strong>palatio</strong></span> <span class='ocrx_word' id='word_1_260' title='bbox 566 2331 603 2372; x_wconf 91' lang='lat' dir='ltr'><strong>a</strong></span> <span class='ocrx_word' id='word_1_261' title='bbox 650 2332 789 2387; x_wconf 90' lang='lat' dir='ltr'><strong>rege</strong></span> <span class='ocrx_word' id='word_1_262' title='bbox 836 2323 1246 2388; x_wconf 90' lang='lat' dir='ltr'><strong>reverteretur,</strong></span> <span class='ocrx_word' id='word_1_263' title='bbox 1279 2336 1459 2393; x_wconf 90' lang='lat' dir='ltr'><strong>super</strong></span> <span class='ocrx_word' id='word_1_264' title='bbox 1500 2338 1640 2378; x_wconf 92' lang='lat' dir='ltr'><strong>eum</strong></span> <span class='ocrx_word' id='word_1_265' title='bbox 1681 2324 1866 2393; x_wconf 87' lang='lat' dir='ltr'><strong>irruit,</strong></span> <span class='ocrx_word' id='word_1_266' title='bbox 1900 2330 1956 2381; x_wconf 91' lang='lat' dir='ltr'><strong>et</strong></span> 
     </span>
    </p>
   </div>
   <div class='ocr_carea' id='block_1_40' title="bbox 297 2404 1957 2479">
    <p class='ocr_par' dir='ltr' id='par_1_40' title="bbox 297 2404 1957 2479">
     <span class='ocr_line' id='line_1_40' title="bbox 297 2404 1957 2479; baseline 0.007 -19"><span class='ocrx_word' id='word_1_267' title='bbox 297 2420 437 2461; x_wconf 91' lang='lat' dir='ltr'><strong>eum</strong></span> <span class='ocrx_word' id='word_1_268' title='bbox 468 2404 699 2479; x_wconf 87' lang='lat' dir='ltr'><strong>absque</strong></span> <span class='ocrx_word' id='word_1_269' title='bbox 727 2422 899 2464; x_wconf 89' lang='lat' dir='ltr'><strong>mora</strong></span> <span class='ocrx_word' id='word_1_270' title='bbox 944 2408 1278 2466; x_wconf 87' lang='lat' dir='ltr'><strong>trucidavit.</strong></span> <span class='ocrx_word' id='word_1_271' title='bbox 1311 2414 1376 2466; x_wconf 86' lang='lat' dir='ltr'><strong>1n</strong></span> <span class='ocrx_word' id='word_1_272' title='bbox 1407 2413 1731 2470; x_wconf 84' lang='lat' dir='ltr'><strong>Remorum</strong></span> <span class='ocrx_word' id='word_1_273' title='bbox 1761 2416 1957 2471; x_wconf 86' lang='lat' dir='ltr'><strong>cathe-</strong></span> 
     </span>
    </p>
   </div>
   <div class='ocr_carea' id='block_1_41' title="bbox 298 2493 1957 2575">
    <p class='ocr_par' dir='ltr' id='par_1_41' title="bbox 298 2493 1957 2575">
     <span class='ocr_line' id='line_1_41' title="bbox 298 2493 1957 2575; baseline 0.006 -25"><span class='ocrx_word' id='word_1_274' title='bbox 298 2493 407 2550; x_wconf 86' lang='lat' dir='ltr'><strong>dra</strong></span> <span class='ocrx_word' id='word_1_275' title='bbox 436 2495 720 2553; x_wconf 87' lang='lat' dir='ltr'><strong>Heriveus</strong></span> <span class='ocrx_word' id='word_1_276' title='bbox 751 2498 844 2532; x_wconf 75' lang='grc'>¹²⁸¹</span> <span class='ocrx_word' id='word_1_277' title='bbox 880 2498 1238 2555; x_wconf 88' lang='lat' dir='ltr'><strong>sublimatus</strong></span> <span class='ocrx_word' id='word_1_278' title='bbox 1282 2504 1388 2566; x_wconf 91' lang='lat' dir='ltr'><strong>cst,</strong></span> <span class='ocrx_word' id='word_1_279' title='bbox 1422 2501 1527 2575; x_wconf 88' lang='lat' dir='ltr'><strong>qui</strong></span> <span class='ocrx_word' id='word_1_280' title='bbox 1562 2503 1822 2560; x_wconf 89' lang='lat' dir='ltr'><strong>eundem</strong></span> <span class='ocrx_word' id='word_1_281' title='bbox 1849 2505 1957 2560; x_wconf 89' lang='lat' dir='ltr'><strong>Wi-</strong></span> 
     </span>
    </p>
   </div>
   <div class='ocr_carea' id='block_1_42' title="bbox 300 2586 1954 2662">
    <p class='ocr_par' dir='ltr' id='par_1_42' title="bbox 300 2586 1954 2662">
     <span class='ocr_line' id='line_1_42' title="bbox 300 2586 1954 2662; baseline 0.007 -25"><span class='ocrx_word' id='word_1_282' title='bbox 300 2597 617 2639; x_wconf 89' lang='lat' dir='ltr'><strong>nemarum</strong></span> <span class='ocrx_word' id='word_1_283' title='bbox 648 2600 787 2640; x_wconf 91' lang='lat' dir='ltr'><strong>cum</strong></span> <span class='ocrx_word' id='word_1_284' title='bbox 814 2586 1017 2643; x_wconf 91' lang='lat' dir='ltr'><strong>multis</strong></span> <span class='ocrx_word' id='word_1_285' title='bbox 1046 2586 1175 2642; x_wconf 88' lang='lat' dir='ltr'><strong>aliis</strong></span> <span class='ocrx_word' id='word_1_286' title='bbox 1213 2588 1513 2662; x_wconf 87' lang='lat' dir='ltr'><strong>episcopis</strong></span> <span class='ocrx_word' id='word_1_287' title='bbox 1539 2593 1954 2649; x_wconf 84' lang='lat' dir='ltr'><strong>excommuni-</strong></span> 
     </span>
    </p>
   </div>
   <div class='ocr_carea' id='block_1_43' title="bbox 298 2671 1953 2752">
    <p class='ocr_par' dir='ltr' id='par_1_43' title="bbox 298 2671 1953 2752">
     <span class='ocr_line' id='line_1_43' title="bbox 298 2671 1953 2752; baseline 0.007 -26"><span class='ocrx_word' id='word_1_288' title='bbox 298 2671 469 2739; x_wconf 90' lang='lat' dir='ltr'><strong>cavit,</strong></span> <span class='ocrx_word' id='word_1_289' title='bbox 503 2676 560 2729; x_wconf 93' lang='lat' dir='ltr'><strong>et</strong></span> <span class='ocrx_word' id='word_1_290' title='bbox 586 2688 696 2744; x_wconf 93' lang='lat' dir='ltr'><strong>pro</strong></span> <span class='ocrx_word' id='word_1_291' title='bbox 728 2677 849 2730; x_wconf 90' lang='lat' dir='ltr'><strong>tam</strong></span> <span class='ocrx_word' id='word_1_292' title='bbox 895 2674 1169 2732; x_wconf 89' lang='lat' dir='ltr'><strong>inaudito</strong></span> <span class='ocrx_word' id='word_1_293' title='bbox 1225 2676 1443 2734; x_wconf 84' lang='lat' dir='ltr'><strong>scelere</strong></span> <span class='ocrx_word' id='word_1_294' title='bbox 1488 2683 1778 2752; x_wconf 89' lang='lat' dir='ltr'><strong>perpetuo</strong></span> <span class='ocrx_word' id='word_1_295' title='bbox 1807 2696 1953 2737; x_wconf 89' lang='lat' dir='ltr'><strong>ana-</strong></span> 
     </span>
    </p>
   </div>
   <div class='ocr_carea' id='block_1_44' title="bbox 300 2760 1160 2823">
    <p class='ocr_par' dir='ltr' id='par_1_44' title="bbox 300 2760 1160 2823">
     <span class='ocr_line' id='line_1_44' title="bbox 300 2760 1160 2823; baseline 0.003 -7"><span class='ocrx_word' id='word_1_296' title='bbox 300 2760 559 2818; x_wconf 91' lang='lat' dir='ltr'><strong>themate</strong></span> <span class='ocrx_word' id='word_1_297' title='bbox 586 2761 1011 2823; x_wconf 81' lang='lat' dir='ltr'><strong>condemnavit</strong></span> <span class='ocrx_word' id='word_1_298' title='bbox 1042 2765 1160 2819; x_wconf 63' lang='lat'><strong>&quot;8*.</strong></span> 
     </span>
    </p>
   </div>
   <div class='ocr_carea' id='block_1_45' title="bbox 991 2863 1275 2918">
    <p class='ocr_par' dir='ltr' id='par_1_45' title="bbox 991 2863 1275 2918">
     <span class='ocr_line' id='line_1_45' title="bbox 991 2863 1275 2918; baseline 0.004 -2"><span class='ocrx_word' id='word_1_299' title='bbox 991 2863 1275 2918; x_wconf 87' lang='lat' dir='ltr'><strong>DCCCCV.</strong></span> 
     </span>
    </p>
   </div>
   <div class='ocr_carea' id='block_1_46' title="bbox 372 2947 2029 3029">
    <p class='ocr_par' dir='ltr' id='par_1_46' title="bbox 372 2947 2029 3029">
     <span class='ocr_line' id='line_1_46' title="bbox 372 2947 2029 3029; baseline 0.003 -26"><span class='ocrx_word' id='word_1_300' title='bbox 372 2953 545 3003; x_wconf 80' lang='lat' dir='ltr'><strong>Anno</strong></span> <span class='ocrx_word' id='word_1_301' title='bbox 572 2947 894 3003; x_wconf 68' lang='lat' dir='ltr'><strong>Dominicre</strong></span> <span class='ocrx_word' id='word_1_302' title='bbox 923 2947 1351 3005; x_wconf 88' lang='lat' dir='ltr'><strong>incarnationis</strong></span> <span class='ocrx_word' id='word_1_303' title='bbox 1381 2954 1483 3008; x_wconf 84' lang='lat'><strong>905</strong></span> <span class='ocrx_word' id='word_1_304' title='bbox 1520 2953 1614 2987; x_wconf 62' lang='lat'><strong>“8”</strong></span> <span class='ocrx_word' id='word_1_305' title='bbox 1647 2954 1787 3023; x_wconf 88' lang='grc'><strong>(133)</strong></span> <span class='ocrx_word' id='word_1_306' title='bbox 1820 2954 1959 3023; x_wconf 82' lang='lat' dir='ltr'><strong>Hlu-</strong></span> <span class='ocrx_word' id='word_1_307' title='bbox 1987 2972 2029 3029; x_wconf 71' lang='grc' dir='ltr'><strong>ρ</strong></span> 
     </span>
    </p>
   </div>
   <div class='ocr_carea' id='block_1_47' title="bbox 304 3033 1958 3112">
    <p class='ocr_par' dir='ltr' id='par_1_47' title="bbox 304 3033 1958 3112">
     <span class='ocr_line' id='line_1_47' title="bbox 304 3033 1958 3112; baseline 0.005 -22"><span class='ocrx_word' id='word_1_308' title='bbox 304 3033 594 3104; x_wconf 87' lang='lat' dir='ltr'><strong>dowicus,</strong></span> <span class='ocrx_word' id='word_1_309' title='bbox 633 3034 792 3091; x_wconf 90' lang='lat' dir='ltr'><strong>ﬁlius</strong></span> <span class='ocrx_word' id='word_1_310' title='bbox 828 3036 1095 3103; x_wconf 88' lang='lat' dir='ltr'><strong>Bosonis,</strong></span> <span class='ocrx_word' id='word_1_311' title='bbox 1134 3052 1318 3110; x_wconf 87' lang='lat' dir='ltr'><strong>quem</strong></span> <span class='ocrx_word' id='word_1_312' title='bbox 1365 3055 1550 3112; x_wconf 87' lang='lat' dir='ltr'><strong>supra</strong></span> <span class='ocrx_word' id='word_1_313' title='bbox 1570 3041 1958 3098; x_wconf 86' lang='lat' dir='ltr'><strong>meminimus</strong></span> 
     </span>
    </p>
   </div>
   <div class='ocr_carea' id='block_1_48' title="bbox 303 3123 1959 3201">
    <p class='ocr_par' dir='ltr' id='par_1_48' title="bbox 303 3123 1959 3201">
     <span class='ocr_line' id='line_1_48' title="bbox 303 3123 1959 3201; baseline 0.006 -23"><span class='ocrx_word' id='word_1_314' title='bbox 303 3123 681 3196; x_wconf 86' lang='lat' dir='ltr'><strong>imperatoris</strong></span> <span class='ocrx_word' id='word_1_315' title='bbox 706 3139 929 3181; x_wconf 88' lang='lat' dir='ltr'><strong>nomen</strong></span> <span class='ocrx_word' id='word_1_316' title='bbox 958 3141 1089 3181; x_wconf 92' lang='lat' dir='ltr'><strong>esse</strong></span> <span class='ocrx_word' id='word_1_317' title='bbox 1119 3127 1413 3198; x_wconf 86' lang='lat' dir='ltr'><strong>sortitum,</strong></span> <span class='ocrx_word' id='word_1_318' title='bbox 1440 3130 1868 3201; x_wconf 88' lang='lat' dir='ltr'><strong>Berengarium</strong></span> <span class='ocrx_word' id='word_1_319' title='bbox 1883 3132 1959 3188; x_wconf 88' lang='lat' dir='ltr'><strong>de</strong></span> 
     </span>
    </p>
   </div>
   <div class='ocr_carea' id='block_1_49' title="bbox 307 3211 1960 3287">
    <p class='ocr_par' dir='ltr' id='par_1_49' title="bbox 307 3211 1960 3287">
     <span class='ocr_line' id='line_1_49' title="bbox 307 3211 1960 3287; baseline 0.006 -20"><span class='ocrx_word' id='word_1_320' title='bbox 307 3211 471 3268; x_wconf 83' lang='lat' dir='ltr'><strong>Italia</strong></span> <span class='ocrx_word' id='word_1_321' title='bbox 499 3212 742 3285; x_wconf 85' lang='lat' dir='ltr'><strong>expulit,</strong></span> <span class='ocrx_word' id='word_1_322' title='bbox 779 3218 959 3286; x_wconf 87' lang='lat' dir='ltr'><strong>atque</strong></span> <span class='ocrx_word' id='word_1_323' title='bbox 987 3230 1168 3271; x_wconf 90' lang='lat' dir='ltr'><strong>omne</strong></span> <span class='ocrx_word' id='word_1_324' title='bbox 1206 3215 1354 3272; x_wconf 88' lang='lat' dir='ltr'><strong>illud</strong></span> <span class='ocrx_word' id='word_1_325' title='bbox 1402 3232 1658 3287; x_wconf 78' lang='lat' dir='ltr'><strong>regnum</strong></span> <span class='ocrx_word' id='word_1_326' title='bbox 1706 3235 1830 3276; x_wconf 84' lang='lat' dir='ltr'><strong>suae</strong></span> <span class='ocrx_word' id='word_1_327' title='bbox 1873 3218 1960 3276; x_wconf 90' lang='lat' dir='ltr'><strong>di-</strong></span> 
     </span>
    </p>
   </div>
   <div class='ocr_carea' id='block_1_50' title="bbox 306 3296 1961 3370">
    <p class='ocr_par' dir='ltr' id='par_1_50' title="bbox 306 3296 1961 3370">
     <span class='ocr_line' id='line_1_50' title="bbox 306 3296 1961 3370; baseline 0.005 -15"><span class='ocrx_word' id='word_1_328' title='bbox 306 3296 449 3356; x_wconf 89' lang='lat' dir='ltr'><strong>tioni</strong></span> <span class='ocrx_word' id='word_1_329' title='bbox 479 3301 733 3370; x_wconf 82' lang='lat' dir='ltr'><strong>subegit.</strong></span> <span class='ocrx_word' id='word_1_330' title='bbox 764 3302 1024 3359; x_wconf 88' lang='lat' dir='ltr'><strong>Cernens</strong></span> <span class='ocrx_word' id='word_1_331' title='bbox 1051 3309 1253 3361; x_wconf 88' lang='lat' dir='ltr'><strong>autem</strong></span> <span class='ocrx_word' id='word_1_332' title='bbox 1283 3304 1518 3361; x_wconf 90' lang='lat' dir='ltr'><strong>nullum</strong></span> <span class='ocrx_word' id='word_1_333' title='bbox 1553 3308 1649 3342; x_wconf 67' lang='lat'><strong>&quot;3*</strong></span> <span class='ocrx_word' id='word_1_334' title='bbox 1680 3307 1794 3364; x_wconf 83' lang='lat' dir='ltr'><strong>sibi</strong></span> <span class='ocrx_word' id='word_1_335' title='bbox 1817 3309 1961 3364; x_wconf 89' lang='lat' dir='ltr'><strong>resi-</strong></span> 
     </span>
    </p>
   </div>
   <div class='ocr_carea' id='block_1_51' title="bbox 308 3391 1963 3469">
    <p class='ocr_par' dir='ltr' id='par_1_51' title="bbox 308 3391 1963 3469">
     <span class='ocr_line' id='line_1_51' title="bbox 308 3391 1963 3469; baseline 0.007 -26"><span class='ocrx_word' id='word_1_336' title='bbox 308 3392 462 3446; x_wconf 87' lang='lat' dir='ltr'><strong>stere</strong></span> <span class='ocrx_word' id='word_1_337' title='bbox 491 3393 595 3446; x_wconf 90' lang='lat' dir='ltr'><strong>aut</strong></span> <span class='ocrx_word' id='word_1_338' title='bbox 618 3405 801 3464; x_wconf 88' lang='lat' dir='ltr'><strong>posse</strong></span> <span class='ocrx_word' id='word_1_339' title='bbox 828 3396 932 3448; x_wconf 90' lang='lat' dir='ltr'><strong>aut</strong></span> <span class='ocrx_word' id='word_1_340' title='bbox 963 3391 1205 3462; x_wconf 89' lang='lat' dir='ltr'><strong>audere,</strong></span> <span class='ocrx_word' id='word_1_341' title='bbox 1238 3392 1392 3450; x_wconf 88' lang='lat' dir='ltr'><strong>ultra</strong></span> <span class='ocrx_word' id='word_1_342' title='bbox 1430 3410 1615 3467; x_wconf 91' lang='lat' dir='ltr'><strong>quam</strong></span> <span class='ocrx_word' id='word_1_343' title='bbox 1646 3397 1963 3469; x_wconf 85' lang='lat' dir='ltr'><strong>oportebat</strong></span> 
     </span>
    </p>
   </div>
   <div class='ocr_carea' id='block_1_52' title="bbox 307 3475 1962 3557">
    <p class='ocr_par' dir='ltr' id='par_1_52' title="bbox 307 3475 1962 3557">
     <span class='ocr_line' id='line_1_52' title="bbox 307 3475 1962 3557; baseline 0.004 -25"><span class='ocrx_word' id='word_1_344' title='bbox 307 3475 381 3532; x_wconf 90' lang='lat' dir='ltr'><strong>de</strong></span> <span class='ocrx_word' id='word_1_345' title='bbox 408 3477 719 3537; x_wconf 86' lang='lat' dir='ltr'><strong>securitate</strong></span> <span class='ocrx_word' id='word_1_346' title='bbox 745 3494 1138 3553; x_wconf 81' lang='lat' dir='ltr'><strong>praesumens,</strong></span> <span class='ocrx_word' id='word_1_347' title='bbox 1170 3496 1242 3537; x_wconf 91' lang='lat' dir='ltr'><strong>ea</strong></span> <span class='ocrx_word' id='word_1_348' title='bbox 1284 3497 1421 3554; x_wconf 67' lang='lat' dir='ltr'><strong>quas</strong></span> <span class='ocrx_word' id='word_1_349' title='bbox 1460 3481 1626 3554; x_wconf 86' lang='lat' dir='ltr'><strong>pacis</strong></span> <span class='ocrx_word' id='word_1_350' title='bbox 1654 3487 1711 3539; x_wconf 90' lang='lat' dir='ltr'><strong>et</strong></span> <span class='ocrx_word' id='word_1_351' title='bbox 1746 3483 1962 3557; x_wconf 85' lang='lat' dir='ltr'><strong>quietis</strong></span> 
     </span>
    </p>
   </div>
   <div class='ocr_carea' id='block_1_53' title="bbox 309 3566 1959 3644">
    <p class='ocr_par' dir='ltr' id='par_1_53' title="bbox 309 3566 1959 3644">
     <span class='ocr_line' id='line_1_53' title="bbox 309 3566 1959 3644; baseline 0.006 -25"><span class='ocrx_word' id='word_1_352' title='bbox 309 3570 446 3621; x_wconf 87' lang='lat' dir='ltr'><strong>sunt</strong></span> <span class='ocrx_word' id='word_1_353' title='bbox 497 3566 676 3640; x_wconf 89' lang='lat' dir='ltr'><strong>coepit</strong></span> <span class='ocrx_word' id='word_1_354' title='bbox 730 3567 1012 3638; x_wconf 90' lang='lat' dir='ltr'><strong>cogitare.</strong></span> <span class='ocrx_word' id='word_1_355' title='bbox 1061 3567 1350 3625; x_wconf 85' lang='lat' dir='ltr'><strong>Absoluto</strong></span> <span class='ocrx_word' id='word_1_356' title='bbox 1410 3569 1613 3644; x_wconf 87' lang='lat' dir='ltr'><strong>itaque</strong></span> <span class='ocrx_word' id='word_1_357' title='bbox 1678 3571 1959 3641; x_wconf 78' lang='lat' dir='ltr'><strong>exercitu,</strong></span> 
     </span>
    </p>
   </div>
   <div class='ocr_carea' id='block_1_54' title="bbox 344 3656 1962 3732">
    <p class='ocr_par' dir='ltr' id='par_1_54' title="bbox 344 3656 1962 3732">
     <span class='ocr_line' id='line_1_54' title="bbox 344 3656 1962 3732; baseline 0.006 -23"><span class='ocrx_word' id='word_1_358' title='bbox 344 3670 448 3709; x_wconf 92' lang='lat' dir='ltr'><strong>um</strong></span> <span class='ocrx_word' id='word_1_359' title='bbox 500 3656 813 3732; x_wconf 84' lang='lat' dir='ltr'><strong>perpaucis</strong></span> <span class='ocrx_word' id='word_1_360' title='bbox 863 3658 1156 3714; x_wconf 86' lang='lat' dir='ltr'><strong>Veronam</strong></span> <span class='ocrx_word' id='word_1_361' title='bbox 1215 3656 1520 3727; x_wconf 85' lang='lat' dir='ltr'><strong>ingressus</strong></span> <span class='ocrx_word' id='word_1_362' title='bbox 1573 3664 1680 3731; x_wconf 87' lang='lat' dir='ltr'><strong>est,</strong></span> <span class='ocrx_word' id='word_1_363' title='bbox 1739 3660 1962 3718; x_wconf 88' lang='lat' dir='ltr'><strong>adhor-</strong></span> 
     </span>
    </p>
   </div>
   <div class='ocr_carea' id='block_1_55' title="bbox 307 3745 1964 3824">
    <p class='ocr_par' dir='ltr' id='par_1_55' title="bbox 307 3745 1964 3824">
     <span class='ocr_line' id='line_1_55' title="bbox 307 3745 1964 3824; baseline 0.005 -25"><span class='ocrx_word' id='word_1_364' title='bbox 307 3746 465 3800; x_wconf 85' lang='lat' dir='ltr'><strong>tante</strong></span> <span class='ocrx_word' id='word_1_365' title='bbox 490 3745 834 3801; x_wconf 86' lang='lat' dir='ltr'><strong>Adalhardo</strong></span> <span class='ocrx_word' id='word_1_366' title='bbox 868 3747 963 3781; x_wconf 70' lang='lat'><strong>“85</strong></span> <span class='ocrx_word' id='word_1_367' title='bbox 992 3746 1253 3819; x_wconf 70' lang='lat' dir='ltr'><strong>praefata:</strong></span> <span class='ocrx_word' id='word_1_368' title='bbox 1276 3747 1441 3804; x_wconf 90' lang='lat' dir='ltr'><strong>urbis</strong></span> <span class='ocrx_word' id='word_1_369' title='bbox 1469 3748 1773 3824; x_wconf 88' lang='lat' dir='ltr'><strong>episcopo.</strong></span> <span class='ocrx_word' id='word_1_370' title='bbox 1796 3750 1964 3809; x_wconf 85' lang='lat' dir='ltr'><strong>Cives</strong></span> 
     </span>
    </p>
   </div>
   <div class='ocr_carea' id='block_1_56' title="bbox 310 3835 1962 3905">
    <p class='ocr_par' dir='ltr' id='par_1_56' title="bbox 310 3835 1962 3905">
     <span class='ocr_line' id='line_1_56' title="bbox 310 3835 1962 3905; baseline 0.005 -16"><span class='ocrx_word' id='word_1_371' title='bbox 310 3838 509 3890; x_wconf 90' lang='lat' dir='ltr'><strong>autem</strong></span> <span class='ocrx_word' id='word_1_372' title='bbox 553 3835 666 3891; x_wconf 90' lang='lat' dir='ltr'><strong>hoc</strong></span> <span class='ocrx_word' id='word_1_373' title='bbox 721 3836 1078 3905; x_wconf 87' lang='lat' dir='ltr'><strong>Berengario</strong></span> <span class='ocrx_word' id='word_1_374' title='bbox 1123 3853 1363 3894; x_wconf 90' lang='lat' dir='ltr'><strong>summa</strong></span> <span class='ocrx_word' id='word_1_375' title='bbox 1402 3854 1543 3893; x_wconf 92' lang='lat' dir='ltr'><strong>cum</strong></span> <span class='ocrx_word' id='word_1_376' title='bbox 1587 3838 1962 3897; x_wconf 86' lang='lat' dir='ltr'><strong>festinatione</strong></span> 
     </span>
    </p>
   </div>
   <div class='ocr_carea' id='block_1_57' title="bbox 309 3923 1964 3998">
    <p class='ocr_par' dir='ltr' id='par_1_57' title="bbox 309 3923 1964 3998">
     <span class='ocr_line' id='line_1_57' title="bbox 309 3923 1964 3998; baseline 0.004 -20"><span class='ocrx_word' id='word_1_377' title='bbox 309 3927 521 3979; x_wconf 90' lang='lat' dir='ltr'><strong>notum</strong></span> <span class='ocrx_word' id='word_1_378' title='bbox 549 3923 836 3994; x_wconf 86' lang='lat' dir='ltr'><strong>fecerunt,</strong></span> <span class='ocrx_word' id='word_1_379' title='bbox 869 3925 973 3997; x_wconf 91' lang='lat' dir='ltr'><strong>qui</strong></span> <span class='ocrx_word' id='word_1_380' title='bbox 1001 3941 1071 3980; x_wconf 91' lang='lat' dir='ltr'><strong>eo</strong></span> <span class='ocrx_word' id='word_1_381' title='bbox 1102 3928 1369 3997; x_wconf 88' lang='lat' dir='ltr'><strong>tempore</strong></span> <span class='ocrx_word' id='word_1_382' title='bbox 1398 3926 1459 3981; x_wconf 89' lang='lat' dir='ltr'><strong>in</strong></span> <span class='ocrx_word' id='word_1_383' title='bbox 1510 3927 1785 3998; x_wconf 74' lang='lat' dir='ltr'><strong>Bajoaria</strong></span> <span class='ocrx_word' id='word_1_384' title='bbox 1826 3943 1964 3984; x_wconf 82' lang='lat' dir='ltr'><strong>exu-</strong></span> 
     </span>
    </p>
   </div>
   <div class='ocr_carea' id='block_1_58' title="bbox 309 4010 1965 4087">
    <p class='ocr_par' dir='ltr' id='par_1_58' title="bbox 309 4010 1965 4087">
     <span class='ocr_line' id='line_1_58' title="bbox 309 4010 1965 4087; baseline 0.004 -21"><span class='ocrx_word' id='word_1_385' title='bbox 309 4010 491 4067; x_wconf 90' lang='lat' dir='ltr'><strong>labat.</strong></span> <span class='ocrx_word' id='word_1_386' title='bbox 526 4011 621 4067; x_wconf 86' lang='lat' dir='ltr'><strong>Ille</strong></span> <span class='ocrx_word' id='word_1_387' title='bbox 650 4012 734 4068; x_wconf 90' lang='lat' dir='ltr'><strong>nil</strong></span> <span class='ocrx_word' id='word_1_388' title='bbox 762 4018 1053 4084; x_wconf 90' lang='lat' dir='ltr'><strong>moratus,</strong></span> <span class='ocrx_word' id='word_1_389' title='bbox 1085 4012 1403 4070; x_wconf 84' lang='lat' dir='ltr'><strong>contractis</strong></span> <span class='ocrx_word' id='word_1_390' title='bbox 1430 4015 1527 4048; x_wconf 73' lang='grc'><strong>¹²⁸⁶</strong></span> <span class='ocrx_word' id='word_1_391' title='bbox 1571 4013 1839 4087; x_wconf 87' lang='lat' dir='ltr'><strong>undique</strong></span> <span class='ocrx_word' id='word_1_392' title='bbox 1869 4032 1965 4073; x_wconf 88' lang='lat' dir='ltr'><strong>co-</strong></span> 
     </span>
    </p>
   </div>
   <div class='ocr_carea' id='block_1_59' title="bbox 309 4098 1959 4175">
    <p class='ocr_par' dir='ltr' id='par_1_59' title="bbox 309 4098 1959 4175">
     <span class='ocr_line' id='line_1_59' title="bbox 309 4098 1959 4175; baseline 0.004 -20"><span class='ocrx_word' id='word_1_393' title='bbox 309 4098 423 4172; x_wconf 86' lang='lat' dir='ltr'><strong>piis</strong></span> <span class='ocrx_word' id='word_1_394' title='bbox 466 4101 757 4158; x_wconf 88' lang='lat' dir='ltr'><strong>Veronam</strong></span> <span class='ocrx_word' id='word_1_395' title='bbox 788 4102 1079 4175; x_wconf 88' lang='lat' dir='ltr'><strong>pervenit,</strong></span> <span class='ocrx_word' id='word_1_396' title='bbox 1109 4105 1288 4175; x_wconf 89' lang='lat' dir='ltr'><strong>atque</strong></span> <span class='ocrx_word' id='word_1_397' title='bbox 1323 4098 1732 4174; x_wconf 89' lang='lat' dir='ltr'><strong>improvidum</strong></span> <span class='ocrx_word' id='word_1_398' title='bbox 1762 4102 1959 4161; x_wconf 87' lang='lat' dir='ltr'><strong>virum</strong></span> 
     </span>
    </p>
   </div>
   <div class='ocr_carea' id='block_1_60' title="bbox 2065 1689 3732 1764">
    <p class='ocr_par' dir='ltr' id='par_1_60' title="bbox 2065 1689 3732 1764">
     <span class='ocr_line' id='line_1_60' title="bbox 2065 1689 3732 1764; baseline 0.003 -19"><span class='ocrx_word' id='word_1_399' title='bbox 2065 1705 2242 1746; x_wconf 87' lang='lat' dir='ltr'><strong>nores</strong></span> <span class='ocrx_word' id='word_1_400' title='bbox 2286 1707 2426 1747; x_wconf 90' lang='lat' dir='ltr'><strong>suos</strong></span> <span class='ocrx_word' id='word_1_401' title='bbox 2456 1697 2513 1747; x_wconf 90' lang='lat' dir='ltr'><strong>et</strong></span> <span class='ocrx_word' id='word_1_402' title='bbox 2541 1691 2869 1749; x_wconf 75' lang='lat' dir='ltr'><strong>Gebeliardi</strong></span> <span class='ocrx_word' id='word_1_403' title='bbox 2901 1692 3097 1749; x_wconf 85' lang='lat' dir='ltr'><strong>fratris</strong></span> <span class='ocrx_word' id='word_1_404' title='bbox 3141 1693 3272 1764; x_wconf 90' lang='lat' dir='ltr'><strong>ejus</strong></span> <span class='ocrx_word' id='word_1_405' title='bbox 3310 1694 3426 1761; x_wconf 63' lang='lat'><strong>“9’,</strong></span> <span class='ocrx_word' id='word_1_406' title='bbox 3454 1689 3732 1750; x_wconf 85' lang='lat' dir='ltr'><strong>videlicet</strong></span> 
     </span>
    </p>
   </div>
   <div class='ocr_carea' id='block_1_61' title="bbox 2063 1779 3728 1853">
    <p class='ocr_par' dir='ltr' id='par_1_61' title="bbox 2063 1779 3728 1853">
     <span class='ocr_line' id='line_1_61' title="bbox 2063 1779 3728 1853; baseline 0.001 -18"><span class='ocrx_word' id='word_1_407' title='bbox 2063 1779 2513 1853; x_wconf 86' lang='lat' dir='ltr'><strong>possessionem</strong></span> <span class='ocrx_word' id='word_1_408' title='bbox 2561 1784 2750 1837; x_wconf 89' lang='lat' dir='ltr'><strong>sancti</strong></span> <span class='ocrx_word' id='word_1_409' title='bbox 2796 1781 3030 1840; x_wconf 79' lang='lat' dir='ltr'><strong>Maximi</strong></span> <span class='ocrx_word' id='word_1_410' title='bbox 3070 1785 3128 1838; x_wconf 90' lang='lat' dir='ltr'><strong>et</strong></span> <span class='ocrx_word' id='word_1_411' title='bbox 3153 1785 3375 1838; x_wconf 74' lang='lat' dir='ltr'><strong>sancta:</strong></span> <span class='ocrx_word' id='word_1_412' title='bbox 3403 1781 3596 1840; x_wconf 76' lang='lat' dir='ltr'><strong>Mariae</strong></span> <span class='ocrx_word' id='word_1_413' title='bbox 3645 1781 3728 1838; x_wconf 89' lang='lat' dir='ltr'><strong>ad</strong></span> 
     </span>
    </p>
   </div>
   <div class='ocr_carea' id='block_1_62' title="bbox 2068 1868 3725 1944">
    <p class='ocr_par' dir='ltr' id='par_1_62' title="bbox 2068 1868 3725 1944">
     <span class='ocr_line' id='line_1_62' title="bbox 2068 1868 3725 1944; baseline 0.002 -22"><span class='ocrx_word' id='word_1_414' title='bbox 2068 1869 2310 1937; x_wconf 86' lang='lat' dir='ltr'><strong>Horrea,</strong></span> <span class='ocrx_word' id='word_1_415' title='bbox 2342 1870 2626 1927; x_wconf 85' lang='lat' dir='ltr'><strong>violenter</strong></span> <span class='ocrx_word' id='word_1_416' title='bbox 2650 1868 3049 1937; x_wconf 84' lang='lat' dir='ltr'><strong>invasissent;</strong></span> <span class='ocrx_word' id='word_1_417' title='bbox 3076 1871 3299 1944; x_wconf 87' lang='lat' dir='ltr'><strong>quibus</strong></span> <span class='ocrx_word' id='word_1_418' title='bbox 3326 1870 3620 1927; x_wconf 81' lang='lat' dir='ltr'><strong>exercitus</strong></span> <span class='ocrx_word' id='word_1_419' title='bbox 3649 1886 3725 1928; x_wconf 86' lang='lat' dir='ltr'><strong>ex</strong></span> 
     </span>
    </p>
   </div>
   <div class='ocr_carea' id='block_1_63' title="bbox 2064 1958 3727 2027">
    <p class='ocr_par' dir='ltr' id='par_1_63' title="bbox 2064 1958 3727 2027">
     <span class='ocr_line' id='line_1_63' title="bbox 2064 1958 3727 2027; baseline 0.002 -13"><span class='ocrx_word' id='word_1_420' title='bbox 2064 1974 2251 2027; x_wconf 89' lang='lat' dir='ltr'><strong>regno</strong></span> <span class='ocrx_word' id='word_1_421' title='bbox 2300 1958 2585 2016; x_wconf 85' lang='lat' dir='ltr'><strong>Hlotharii</strong></span> <span class='ocrx_word' id='word_1_422' title='bbox 2639 1961 2899 2017; x_wconf 88' lang='lat' dir='ltr'><strong>sociatus</strong></span> <span class='ocrx_word' id='word_1_423' title='bbox 2946 1964 3051 2017; x_wconf 85' lang='lat' dir='ltr'><strong>est.</strong></span> <span class='ocrx_word' id='word_1_424' title='bbox 3094 1963 3496 2016; x_wconf 84' lang='lat' dir='ltr'><strong>Perveneruut</strong></span> <span class='ocrx_word' id='word_1_425' title='bbox 3521 1963 3727 2017; x_wconf 89' lang='lat' dir='ltr'><strong>autem</strong></span> 
     </span>
    </p>
   </div>
   <div class='ocr_carea' id='block_1_64' title="bbox 2067 2045 3728 2122">
    <p class='ocr_par' dir='ltr' id='par_1_64' title="bbox 2067 2045 3728 2122">
     <span class='ocr_line' id='line_1_64' title="bbox 2067 2045 3728 2122; baseline 0.003 -22"><span class='ocrx_word' id='word_1_426' title='bbox 2067 2062 2257 2118; x_wconf 89' lang='lat' dir='ltr'><strong>usque</strong></span> <span class='ocrx_word' id='word_1_427' title='bbox 2288 2045 2347 2100; x_wconf 91' lang='lat' dir='ltr'><strong>in</strong></span> <span class='ocrx_word' id='word_1_428' title='bbox 2381 2062 2538 2118; x_wconf 89' lang='lat' dir='ltr'><strong>pago</strong></span> <span class='ocrx_word' id='word_1_429' title='bbox 2570 2048 2831 2104; x_wconf 86' lang='lat' dir='ltr'><strong>Blesiaco</strong></span> <span class='ocrx_word' id='word_1_430' title='bbox 2864 2050 2962 2083; x_wconf 65' lang='lat'><strong>“9’</strong></span> <span class='ocrx_word' id='word_1_431' title='bbox 2987 2048 3160 2119; x_wconf 67' lang='grc'><strong>(134),</strong></span> <span class='ocrx_word' id='word_1_432' title='bbox 3181 2048 3410 2122; x_wconf 87' lang='lat' dir='ltr'><strong>rapinis</strong></span> <span class='ocrx_word' id='word_1_433' title='bbox 3441 2051 3500 2104; x_wconf 91' lang='lat' dir='ltr'><strong>et</strong></span> <span class='ocrx_word' id='word_1_434' title='bbox 3526 2047 3728 2105; x_wconf 87' lang='lat' dir='ltr'><strong>incen-</strong></span> 
     </span>
    </p>
   </div>
   <div class='ocr_carea' id='block_1_65' title="bbox 2066 2134 3725 2210">
    <p class='ocr_par' dir='ltr' id='par_1_65' title="bbox 2066 2134 3725 2210">
     <span class='ocr_line' id='line_1_65' title="bbox 2066 2134 3725 2210; baseline 0.002 -19"><span class='ocrx_word' id='word_1_435' title='bbox 2066 2134 2177 2191; x_wconf 89' lang='lat' dir='ltr'><strong>diis</strong></span> <span class='ocrx_word' id='word_1_436' title='bbox 2206 2135 2615 2193; x_wconf 76' lang='lat' dir='ltr'><strong>haereditatem</strong></span> <span class='ocrx_word' id='word_1_437' title='bbox 2662 2142 2720 2192; x_wconf 91' lang='lat' dir='ltr'><strong>et</strong></span> <span class='ocrx_word' id='word_1_438' title='bbox 2753 2138 3199 2210; x_wconf 88' lang='lat' dir='ltr'><strong>possessionem</strong></span> <span class='ocrx_word' id='word_1_439' title='bbox 3242 2136 3725 2210; x_wconf 82' lang='lat' dir='ltr'><strong>supradictorum</strong></span> 
     </span>
    </p>
   </div>
   <div class='ocr_carea' id='block_1_66' title="bbox 2066 2222 3728 2299">
    <p class='ocr_par' dir='ltr' id='par_1_66' title="bbox 2066 2222 3728 2299">
     <span class='ocr_line' id='line_1_66' title="bbox 2066 2222 3728 2299; baseline 0.003 -21"><span class='ocrx_word' id='word_1_440' title='bbox 2066 2222 2318 2279; x_wconf 87' lang='lat' dir='ltr'><strong>fratrum</strong></span> <span class='ocrx_word' id='word_1_441' title='bbox 2361 2239 2432 2279; x_wconf 90' lang='lat' dir='ltr'><strong>ac</strong></span> <span class='ocrx_word' id='word_1_442' title='bbox 2480 2224 2800 2281; x_wconf 88' lang='lat' dir='ltr'><strong>satellitum</strong></span> <span class='ocrx_word' id='word_1_443' title='bbox 2850 2242 3058 2282; x_wconf 87' lang='lat' dir='ltr'><strong>eorum</strong></span> <span class='ocrx_word' id='word_1_444' title='bbox 3098 2224 3554 2299; x_wconf 84' lang='lat' dir='ltr'><strong>depopulantes.</strong></span> <span class='ocrx_word' id='word_1_445' title='bbox 3584 2228 3728 2283; x_wconf 80' lang='lat' dir='ltr'><strong>Por-</strong></span> 
     </span>
    </p>
   </div>
   <div class='ocr_carea' id='block_1_67' title="bbox 2065 2312 3728 2389">
    <p class='ocr_par' dir='ltr' id='par_1_67' title="bbox 2065 2312 3728 2389">
     <span class='ocr_line' id='line_1_67' title="bbox 2065 2312 3728 2389; baseline 0.002 -22"><span class='ocrx_word' id='word_1_446' title='bbox 2065 2328 2133 2368; x_wconf 90' lang='lat' dir='ltr'><strong>ro</strong></span> <span class='ocrx_word' id='word_1_447' title='bbox 2165 2312 2458 2369; x_wconf 88' lang='lat' dir='ltr'><strong>Gerardus</strong></span> <span class='ocrx_word' id='word_1_448' title='bbox 2488 2318 2545 2369; x_wconf 93' lang='lat' dir='ltr'><strong>et</strong></span> <span class='ocrx_word' id='word_1_449' title='bbox 2585 2314 2888 2371; x_wconf 80' lang='lat' dir='ltr'><strong>Mattridus</strong></span> <span class='ocrx_word' id='word_1_450' title='bbox 2917 2330 2955 2371; x_wconf 91' lang='lat' dir='ltr'><strong>a</strong></span> <span class='ocrx_word' id='word_1_451' title='bbox 2984 2319 3201 2382; x_wconf 88' lang='lat' dir='ltr'><strong>castro,</strong></span> <span class='ocrx_word' id='word_1_452' title='bbox 3230 2314 3296 2370; x_wconf 86' lang='lat' dir='ltr'><strong>in</strong></span> <span class='ocrx_word' id='word_1_453' title='bbox 3340 2330 3465 2389; x_wconf 87' lang='lat' dir='ltr'><strong>quo</strong></span> <span class='ocrx_word' id='word_1_454' title='bbox 3505 2330 3568 2370; x_wconf 89' lang='lat' dir='ltr'><strong>se</strong></span> <span class='ocrx_word' id='word_1_455' title='bbox 3585 2331 3728 2371; x_wconf 70' lang='lat' dir='ltr'><strong>.mu-</strong></span> 
     </span>
    </p>
   </div>
   <div class='ocr_carea' id='block_1_68' title="bbox 2065 2401 3724 2476">
    <p class='ocr_par' dir='ltr' id='par_1_68' title="bbox 2065 2401 3724 2476">
     <span class='ocr_line' id='line_1_68' title="bbox 2065 2401 3724 2476; baseline 0.001 -19"><span class='ocrx_word' id='word_1_456' title='bbox 2065 2401 2319 2472; x_wconf 90' lang='lat' dir='ltr'><strong>nierant,</strong></span> <span class='ocrx_word' id='word_1_457' title='bbox 2367 2401 2728 2472; x_wconf 81' lang='lat' dir='ltr'><strong>legationem</strong></span> <span class='ocrx_word' id='word_1_458' title='bbox 2785 2404 3084 2461; x_wconf 87' lang='lat' dir='ltr'><strong>mittentes</strong></span> <span class='ocrx_word' id='word_1_459' title='bbox 3137 2419 3351 2476; x_wconf 88' lang='lat' dir='ltr'><strong>pacem</strong></span> <span class='ocrx_word' id='word_1_460' title='bbox 3395 2402 3724 2476; x_wconf 87' lang='lat' dir='ltr'><strong>petierunt;</strong></span> 
     </span>
    </p>
   </div>
   <div class='ocr_carea' id='block_1_69' title="bbox 2065 2492 3724 2565">
    <p class='ocr_par' dir='ltr' id='par_1_69' title="bbox 2065 2492 3724 2565">
     <span class='ocr_line' id='line_1_69' title="bbox 2065 2492 3724 2565; baseline 0 -19"><span class='ocrx_word' id='word_1_461' title='bbox 2065 2507 2188 2563; x_wconf 89' lang='lat' dir='ltr'><strong>qua</strong></span> <span class='ocrx_word' id='word_1_462' title='bbox 2217 2507 2526 2560; x_wconf 90' lang='lat' dir='ltr'><strong>concessa,</strong></span> <span class='ocrx_word' id='word_1_463' title='bbox 2553 2492 2708 2548; x_wconf 89' lang='lat' dir='ltr'><strong>datis</strong></span> <span class='ocrx_word' id='word_1_464' title='bbox 2737 2508 2810 2548; x_wconf 85' lang='lat' dir='ltr'><strong>ex</strong></span> <span class='ocrx_word' id='word_1_465' title='bbox 2843 2496 3092 2565; x_wconf 89' lang='lat' dir='ltr'><strong>utraque</strong></span> <span class='ocrx_word' id='word_1_466' title='bbox 3117 2494 3284 2565; x_wconf 88' lang='lat' dir='ltr'><strong>parte</strong></span> <span class='ocrx_word' id='word_1_467' title='bbox 3312 2492 3724 2559; x_wconf 87' lang='lat' dir='ltr'><strong>sacramentis,</strong></span> 
     </span>
    </p>
   </div>
   <div class='ocr_carea' id='block_1_70' title="bbox 2065 2580 3728 2656">
    <p class='ocr_par' dir='ltr' id='par_1_70' title="bbox 2065 2580 3728 2656">
     <span class='ocr_line' id='line_1_70' title="bbox 2065 2580 3728 2656; baseline 0.001 -20"><span class='ocrx_word' id='word_1_468' title='bbox 2065 2596 2257 2653; x_wconf 88' lang='lat' dir='ltr'><strong>usque</strong></span> <span class='ocrx_word' id='word_1_469' title='bbox 2282 2580 2346 2637; x_wconf 89' lang='lat' dir='ltr'><strong>in</strong></span> <span class='ocrx_word' id='word_1_470' title='bbox 2375 2586 2589 2638; x_wconf 91' lang='lat' dir='ltr'><strong>octava</strong></span> <span class='ocrx_word' id='word_1_471' title='bbox 2620 2584 2715 2617; x_wconf 61' lang='lat'><strong>“&quot;3</strong></span> <span class='ocrx_word' id='word_1_472' title='bbox 2747 2582 3010 2654; x_wconf 82' lang='lat' dir='ltr'><strong>paschae,</strong></span> <span class='ocrx_word' id='word_1_473' title='bbox 3040 2581 3332 2639; x_wconf 81' lang='lat' dir='ltr'><strong>exercitus</strong></span> <span class='ocrx_word' id='word_1_474' title='bbox 3372 2581 3451 2637; x_wconf 87' lang='lat' dir='ltr'><strong>ad</strong></span> <span class='ocrx_word' id='word_1_475' title='bbox 3477 2580 3728 2656; x_wconf 89' lang='lat' dir='ltr'><strong>propria</strong></span> 
     </span>
    </p>
   </div>
   <div class='ocr_carea' id='block_1_71' title="bbox 2065 2666 2358 2724">
    <p class='ocr_par' dir='ltr' id='par_1_71' title="bbox 2065 2666 2358 2724">
     <span class='ocr_line' id='line_1_71' title="bbox 2065 2666 2358 2724; baseline 0.003 -1"><span class='ocrx_word' id='word_1_476' title='bbox 2065 2666 2358 2724; x_wconf 84' lang='lat' dir='ltr'><strong>discessit.</strong></span> 
     </span>
    </p>
   </div>
   <div class='ocr_carea' id='block_1_72' title="bbox 2139 2765 3730 2836">
    <p class='ocr_par' dir='ltr' id='par_1_72' title="bbox 2139 2765 3730 2836">
     <span class='ocr_line' id='line_1_72' title="bbox 2139 2765 3730 2836; baseline 0.004 -19"><span class='ocrx_word' id='word_1_477' title='bbox 2139 2765 2293 2821; x_wconf 90' lang='lat' dir='ltr'><strong>Dum</strong></span> <span class='ocrx_word' id='word_1_478' title='bbox 2342 2765 2473 2822; x_wconf 81' lang='lat' dir='ltr'><strong>haec</strong></span> <span class='ocrx_word' id='word_1_479' title='bbox 2528 2766 2590 2822; x_wconf 87' lang='lat' dir='ltr'><strong>in</strong></span> <span class='ocrx_word' id='word_1_480' title='bbox 2636 2781 2822 2836; x_wconf 90' lang='lat' dir='ltr'><strong>regno</strong></span> <span class='ocrx_word' id='word_1_481' title='bbox 2862 2766 3151 2824; x_wconf 87' lang='lat' dir='ltr'><strong>Hlotharii</strong></span> <span class='ocrx_word' id='word_1_482' title='bbox 3178 2771 3458 2836; x_wconf 88' lang='lat' dir='ltr'><strong>aguntur,</strong></span> <span class='ocrx_word' id='word_1_483' title='bbox 3490 2767 3730 2824; x_wconf 89' lang='lat' dir='ltr'><strong>Chuon-</strong></span> 
     </span>
    </p>
   </div>
   <div class='ocr_carea' id='block_1_73' title="bbox 2065 2853 3730 2929">
    <p class='ocr_par' dir='ltr' id='par_1_73' title="bbox 2065 2853 3730 2929">
     <span class='ocr_line' id='line_1_73' title="bbox 2065 2853 3730 2929; baseline 0.003 -19"><span class='ocrx_word' id='word_1_484' title='bbox 2065 2853 2250 2910; x_wconf 87' lang='lat' dir='ltr'><strong>radus</strong></span> <span class='ocrx_word' id='word_1_485' title='bbox 2298 2854 2494 2911; x_wconf 89' lang='lat' dir='ltr'><strong>senior</strong></span> <span class='ocrx_word' id='word_1_486' title='bbox 2537 2855 2595 2911; x_wconf 90' lang='lat' dir='ltr'><strong>in</strong></span> <span class='ocrx_word' id='word_1_487' title='bbox 2653 2855 2862 2912; x_wconf 85' lang='lat' dir='ltr'><strong>Hessia</strong></span> <span class='ocrx_word' id='word_1_488' title='bbox 2915 2858 3034 2926; x_wconf 58' lang='grc' dir='ltr'><strong>κέν’,</strong></span> <span class='ocrx_word' id='word_1_489' title='bbox 3062 2856 3126 2914; x_wconf 89' lang='lat' dir='ltr'><strong>in</strong></span> <span class='ocrx_word' id='word_1_490' title='bbox 3173 2857 3309 2913; x_wconf 90' lang='lat' dir='ltr'><strong>loco</strong></span> <span class='ocrx_word' id='word_1_491' title='bbox 3356 2857 3463 2929; x_wconf 87' lang='lat' dir='ltr'><strong>qui</strong></span> <span class='ocrx_word' id='word_1_492' title='bbox 3510 2854 3730 2915; x_wconf 87' lang='lat' dir='ltr'><strong>dicitur</strong></span> 
     </span>
    </p>
   </div>
   <div class='ocr_carea' id='block_1_74' title="bbox 2067 2943 3732 3019">
    <p class='ocr_par' dir='ltr' id='par_1_74' title="bbox 2067 2943 3732 3019">
     <span class='ocr_line' id='line_1_74' title="bbox 2067 2943 3732 3019; baseline 0.003 -21"><span class='ocrx_word' id='word_1_493' title='bbox 2067 2943 2396 3000; x_wconf 87' lang='lat' dir='ltr'><strong>Fricdeslar</strong></span> <span class='ocrx_word' id='word_1_494' title='bbox 2451 2947 2570 3014; x_wconf 65' lang='lat'><strong>&quot;95,</strong></span> <span class='ocrx_word' id='word_1_495' title='bbox 2628 2961 2766 3001; x_wconf 90' lang='lat' dir='ltr'><strong>cum</strong></span> <span class='ocrx_word' id='word_1_496' title='bbox 2841 2945 3033 3002; x_wconf 88' lang='lat' dir='ltr'><strong>multa</strong></span> <span class='ocrx_word' id='word_1_497' title='bbox 3101 2946 3277 3003; x_wconf 89' lang='lat' dir='ltr'><strong>turba</strong></span> <span class='ocrx_word' id='word_1_498' title='bbox 3348 2946 3618 3019; x_wconf 84' lang='lat' dir='ltr'><strong>peditum</strong></span> <span class='ocrx_word' id='word_1_499' title='bbox 3664 2952 3732 3005; x_wconf 87' lang='lat' dir='ltr'><strong>et</strong></span> 
     </span>
    </p>
   </div>
   <div class='ocr_carea' id='block_1_75' title="bbox 2067 3033 3729 3106">
    <p class='ocr_par' dir='ltr' id='par_1_75' title="bbox 2067 3033 3729 3106">
     <span class='ocr_line' id='line_1_75' title="bbox 2067 3033 3729 3106; baseline 0.002 -17"><span class='ocrx_word' id='word_1_500' title='bbox 2067 3033 2337 3106; x_wconf 89' lang='lat' dir='ltr'><strong>equitum</strong></span> <span class='ocrx_word' id='word_1_501' title='bbox 2382 3034 2704 3102; x_wconf 88' lang='lat' dir='ltr'><strong>residebat,</strong></span> <span class='ocrx_word' id='word_1_502' title='bbox 2737 3035 2978 3092; x_wconf 86' lang='lat' dir='ltr'><strong>crebras</strong></span> <span class='ocrx_word' id='word_1_503' title='bbox 3012 3035 3386 3093; x_wconf 83' lang='lat' dir='ltr'><strong>incursiones</strong></span> <span class='ocrx_word' id='word_1_504' title='bbox 3425 3036 3729 3093; x_wconf 81' lang='lat' dir='ltr'><strong>Adalberti</strong></span> 
     </span>
    </p>
   </div>
   <div class='ocr_carea' id='block_1_76' title="bbox 2069 3123 3728 3195">
    <p class='ocr_par' dir='ltr' id='par_1_76' title="bbox 2069 3123 3728 3195">
     <span class='ocr_line' id='line_1_76' title="bbox 2069 3123 3728 3195; baseline 0.002 -17"><span class='ocrx_word' id='word_1_505' title='bbox 2069 3127 2379 3195; x_wconf 87' lang='lat' dir='ltr'><strong>suspectas</strong></span> <span class='ocrx_word' id='word_1_506' title='bbox 2424 3123 2693 3191; x_wconf 85' lang='lat' dir='ltr'><strong>habens;</strong></span> <span class='ocrx_word' id='word_1_507' title='bbox 2750 3124 2932 3180; x_wconf 86' lang='lat' dir='ltr'><strong>frater</strong></span> <span class='ocrx_word' id='word_1_508' title='bbox 2976 3140 3115 3180; x_wconf 91' lang='lat' dir='ltr'><strong>vero</strong></span> <span class='ocrx_word' id='word_1_509' title='bbox 3168 3125 3298 3195; x_wconf 87' lang='lat' dir='ltr'><strong>ejus</strong></span> <span class='ocrx_word' id='word_1_510' title='bbox 3342 3124 3728 3181; x_wconf 82' lang='lat' dir='ltr'><strong>Gebehardus</strong></span> 
     </span>
    </p>
   </div>
   <div class='ocr_carea' id='block_1_77' title="bbox 2072 3212 3730 3287">
    <p class='ocr_par' dir='ltr' id='par_1_77' title="bbox 2072 3212 3730 3287">
     <span class='ocr_line' id='line_1_77' title="bbox 2072 3212 3730 3287; baseline 0.004 -24"><span class='ocrx_word' id='word_1_511' title='bbox 2072 3214 2169 3247; x_wconf 72' lang='grc' dir='ltr'><strong>ιευσ</strong></span> <span class='ocrx_word' id='word_1_512' title='bbox 2218 3212 2281 3267; x_wconf 91' lang='lat' dir='ltr'><strong>in</strong></span> <span class='ocrx_word' id='word_1_513' title='bbox 2308 3212 2653 3270; x_wconf 81' lang='lat' dir='ltr'><strong>Wedereiba</strong></span> <span class='ocrx_word' id='word_1_514' title='bbox 2705 3215 2796 3249; x_wconf 57' lang='lat'><strong>‘39?</strong></span> <span class='ocrx_word' id='word_1_515' title='bbox 2845 3214 2996 3284; x_wconf 73' lang='grc'><strong>(135)</strong></span> <span class='ocrx_word' id='word_1_516' title='bbox 3049 3229 3187 3269; x_wconf 90' lang='lat' dir='ltr'><strong>cum</strong></span> <span class='ocrx_word' id='word_1_517' title='bbox 3240 3214 3525 3270; x_wconf 88' lang='lat' dir='ltr'><strong>omnibus</strong></span> <span class='ocrx_word' id='word_1_518' title='bbox 3571 3230 3730 3287; x_wconf 88' lang='lat' dir='ltr'><strong>quos</strong></span> 
     </span>
    </p>
   </div>
   <div class='ocr_carea' id='block_1_78' title="bbox 2071 3294 3732 3375">
    <p class='ocr_par' dir='ltr' id='par_1_78' title="bbox 2071 3294 3732 3375">
     <span class='ocr_line' id='line_1_78' title="bbox 2071 3294 3732 3375; baseline 0.002 -18"><span class='ocrx_word' id='word_1_519' title='bbox 2071 3301 2184 3357; x_wconf 88' lang='lat' dir='ltr'><strong>sibi</strong></span> <span class='ocrx_word' id='word_1_520' title='bbox 2234 3300 2543 3358; x_wconf 82' lang='lat' dir='ltr'><strong>adsociare</strong></span> <span class='ocrx_word' id='word_1_521' title='bbox 2591 3306 2843 3375; x_wconf 89' lang='lat' dir='ltr'><strong>poterat,</strong></span> <span class='ocrx_word' id='word_1_522' title='bbox 2900 3294 3177 3374; x_wconf 85' lang='lat' dir='ltr'><strong>ejusdem</strong></span> <span class='ocrx_word' id='word_1_523' title='bbox 3233 3303 3536 3360; x_wconf 82' lang='lat' dir='ltr'><strong>Adalberti</strong></span> <span class='ocrx_word' id='word_1_524' title='bbox 3580 3319 3732 3375; x_wconf 60' lang='lat' dir='ltr'><strong>prae.</strong></span> 
     </span>
    </p>
   </div>
   <div class='ocr_carea' id='block_1_79' title="bbox 2070 3390 3733 3464">
    <p class='ocr_par' dir='ltr' id='par_1_79' title="bbox 2070 3390 3733 3464">
     <span class='ocr_line' id='line_1_79' title="bbox 2070 3390 3733 3464; baseline 0.002 -18"><span class='ocrx_word' id='word_1_525' title='bbox 2070 3390 2401 3448; x_wconf 87' lang='lat' dir='ltr'><strong>stolabatur</strong></span> <span class='ocrx_word' id='word_1_526' title='bbox 2450 3391 2826 3464; x_wconf 88' lang='lat' dir='ltr'><strong>repentinam</strong></span> <span class='ocrx_word' id='word_1_527' title='bbox 2881 3391 3295 3463; x_wconf 85' lang='lat' dir='ltr'><strong>irruptionem.</strong></span> <span class='ocrx_word' id='word_1_528' title='bbox 3327 3394 3446 3448; x_wconf 84' lang='lat' dir='ltr'><strong>Nec</strong></span> <span class='ocrx_word' id='word_1_529' title='bbox 3500 3408 3605 3449; x_wconf 89' lang='lat' dir='ltr'><strong>eos</strong></span> <span class='ocrx_word' id='word_1_530' title='bbox 3649 3393 3733 3449; x_wconf 86' lang='lat' dir='ltr'><strong>fe-</strong></span> 
     </span>
    </p>
   </div>
   <div class='ocr_carea' id='block_1_80' title="bbox 2070 3478 3730 3552">
    <p class='ocr_par' dir='ltr' id='par_1_80' title="bbox 2070 3478 3730 3552">
     <span class='ocr_line' id='line_1_80' title="bbox 2070 3478 3730 3552; baseline 0.001 -18"><span class='ocrx_word' id='word_1_531' title='bbox 2070 3478 2213 3535; x_wconf 90' lang='lat' dir='ltr'><strong>fellit</strong></span> <span class='ocrx_word' id='word_1_532' title='bbox 2265 3495 2371 3552; x_wconf 90' lang='lat' dir='ltr'><strong>per</strong></span> <span class='ocrx_word' id='word_1_533' title='bbox 2413 3479 2619 3535; x_wconf 90' lang='lat' dir='ltr'><strong>omnia</strong></span> <span class='ocrx_word' id='word_1_534' title='bbox 2646 3495 2847 3535; x_wconf 87' lang='lat' dir='ltr'><strong>rerum</strong></span> <span class='ocrx_word' id='word_1_535' title='bbox 2877 3483 3163 3549; x_wconf 89' lang='lat' dir='ltr'><strong>eventus;</strong></span> <span class='ocrx_word' id='word_1_536' title='bbox 3219 3479 3516 3552; x_wconf 87' lang='lat' dir='ltr'><strong>siquidem</strong></span> <span class='ocrx_word' id='word_1_537' title='bbox 3543 3479 3730 3536; x_wconf 86' lang='lat' dir='ltr'><strong>Adal-</strong></span> 
     </span>
    </p>
   </div>
   <div class='ocr_carea' id='block_1_81' title="bbox 2068 3567 3730 3627">
    <p class='ocr_par' dir='ltr' id='par_1_81' title="bbox 2068 3567 3730 3627">
     <span class='ocr_line' id='line_1_81' title="bbox 2068 3567 3730 3627; baseline 0.002 -3"><span class='ocrx_word' id='word_1_538' title='bbox 2068 3568 2272 3624; x_wconf 89' lang='lat' dir='ltr'><strong>bertus</strong></span> <span class='ocrx_word' id='word_1_539' title='bbox 2315 3567 2467 3624; x_wconf 90' lang='lat' dir='ltr'><strong>vires</strong></span> <span class='ocrx_word' id='word_1_540' title='bbox 2505 3567 2987 3625; x_wconf 86' lang='lat' dir='ltr'><strong>adversariorum</strong></span> <span class='ocrx_word' id='word_1_541' title='bbox 3035 3573 3385 3627; x_wconf 78' lang='lat' dir='ltr'><strong>extenuatas</strong></span> <span class='ocrx_word' id='word_1_542' title='bbox 3433 3586 3562 3625; x_wconf 91' lang='lat' dir='ltr'><strong>esse</strong></span> <span class='ocrx_word' id='word_1_543' title='bbox 3593 3586 3730 3627; x_wconf 88' lang='lat' dir='ltr'><strong>sen-</strong></span> 
     </span>
    </p>
   </div>
   <div class='ocr_carea' id='block_1_82' title="bbox 2071 3657 3823 3732">
    <p class='ocr_par' dir='ltr' id='par_1_82' title="bbox 2071 3657 3823 3732">
     <span class='ocr_line' id='line_1_82' title="bbox 2071 3657 3823 3732; baseline 0.001 -18"><span class='ocrx_word' id='word_1_544' title='bbox 2071 3658 2222 3715; x_wconf 91' lang='lat' dir='ltr'><strong>tiens</strong></span> <span class='ocrx_word' id='word_1_545' title='bbox 2258 3658 2377 3725; x_wconf 69' lang='grc'><strong>1³⁸⁸,</strong></span> <span class='ocrx_word' id='word_1_546' title='bbox 2398 3672 2470 3713; x_wconf 86' lang='lat' dir='ltr'><strong>eo</strong></span> <span class='ocrx_word' id='word_1_547' title='bbox 2499 3657 2663 3730; x_wconf 91' lang='lat' dir='ltr'><strong>quod</strong></span> <span class='ocrx_word' id='word_1_548' title='bbox 2692 3658 2756 3715; x_wconf 91' lang='lat' dir='ltr'><strong>in</strong></span> <span class='ocrx_word' id='word_1_549' title='bbox 2785 3658 2973 3714; x_wconf 90' lang='lat' dir='ltr'><strong>tribus</strong></span> <span class='ocrx_word' id='word_1_550' title='bbox 3000 3658 3273 3732; x_wconf 89' lang='lat' dir='ltr'><strong>partibus</strong></span> <span class='ocrx_word' id='word_1_551' title='bbox 3302 3664 3499 3715; x_wconf 87' lang='lat' dir='ltr'><strong>essent</strong></span> <span class='ocrx_word' id='word_1_552' title='bbox 3528 3658 3725 3728; x_wconf 83' lang='lat' dir='ltr'><strong>divisi,</strong></span> <span class='ocrx_word' id='word_1_553' title='bbox 3817 3700 3823 3705; x_wconf 60' lang='grc' dir='ltr'><strong>ρ</strong></span> 
     </span>
    </p>
   </div>
   <div class='ocr_carea' id='block_1_83' title="bbox 2071 3746 3731 3823">
    <p class='ocr_par' dir='ltr' id='par_1_83' title="bbox 2071 3746 3731 3823">
     <span class='ocr_line' id='line_1_83' title="bbox 2071 3746 3731 3823; baseline -0.001 -18"><span class='ocrx_word' id='word_1_554' title='bbox 2071 3751 2480 3822; x_wconf 89' lang='lat' dir='ltr'><strong>oportunuum</strong></span> <span class='ocrx_word' id='word_1_555' title='bbox 2533 3751 2589 3803; x_wconf 90' lang='lat' dir='ltr'><strong>et</strong></span> <span class='ocrx_word' id='word_1_556' title='bbox 2615 3746 2721 3803; x_wconf 90' lang='lat' dir='ltr'><strong>diu</strong></span> <span class='ocrx_word' id='word_1_557' title='bbox 2762 3752 3112 3821; x_wconf 85' lang='lat' dir='ltr'><strong>exoptatum</strong></span> <span class='ocrx_word' id='word_1_558' title='bbox 3146 3752 3383 3823; x_wconf 87' lang='lat' dir='ltr'><strong>tempus</strong></span> <span class='ocrx_word' id='word_1_559' title='bbox 3414 3750 3731 3806; x_wconf 88' lang='lat' dir='ltr'><strong>advenisse</strong></span> 
     </span>
    </p>
   </div>
   <div class='ocr_carea' id='block_1_84' title="bbox 2072 3836 3733 3907">
    <p class='ocr_par' dir='ltr' id='par_1_84' title="bbox 2072 3836 3733 3907">
     <span class='ocr_line' id='line_1_84' title="bbox 2072 3836 3733 3907; baseline 0 -14"><span class='ocrx_word' id='word_1_560' title='bbox 2072 3836 2367 3907; x_wconf 84' lang='lat' dir='ltr'><strong>gaudens,</strong></span> <span class='ocrx_word' id='word_1_561' title='bbox 2413 3837 2789 3907; x_wconf 87' lang='lat' dir='ltr'><strong>congregatis</strong></span> <span class='ocrx_word' id='word_1_562' title='bbox 2855 3837 3053 3905; x_wconf 88' lang='lat' dir='ltr'><strong>sociis,</strong></span> <span class='ocrx_word' id='word_1_563' title='bbox 3109 3854 3252 3895; x_wconf 81' lang='lat' dir='ltr'><strong>mox</strong></span> <span class='ocrx_word' id='word_1_564' title='bbox 3326 3855 3499 3895; x_wconf 89' lang='lat' dir='ltr'><strong>arma</strong></span> <span class='ocrx_word' id='word_1_565' title='bbox 3550 3838 3733 3894; x_wconf 88' lang='lat' dir='ltr'><strong>corri-</strong></span> 
     </span>
    </p>
   </div>
   <div class='ocr_carea' id='block_1_85' title="bbox 2072 3926 3734 4000">
    <p class='ocr_par' dir='ltr' id='par_1_85' title="bbox 2072 3926 3734 4000">
     <span class='ocr_line' id='line_1_85' title="bbox 2072 3926 3734 4000; baseline 0.001 -19"><span class='ocrx_word' id='word_1_566' title='bbox 2072 3927 2195 3999; x_wconf 90' lang='lat' dir='ltr'><strong>pit;</strong></span> <span class='ocrx_word' id='word_1_567' title='bbox 2228 3929 2285 3982; x_wconf 91' lang='lat' dir='ltr'><strong>et</strong></span> <span class='ocrx_word' id='word_1_568' title='bbox 2309 3926 2505 3997; x_wconf 90' lang='lat' dir='ltr'><strong>primo</strong></span> <span class='ocrx_word' id='word_1_569' title='bbox 2533 3926 2780 4000; x_wconf 90' lang='lat' dir='ltr'><strong>quidem</strong></span> <span class='ocrx_word' id='word_1_570' title='bbox 2807 3927 3068 3998; x_wconf 89' lang='lat' dir='ltr'><strong>simulat,</strong></span> <span class='ocrx_word' id='word_1_571' title='bbox 3102 3943 3165 3983; x_wconf 87' lang='lat' dir='ltr'><strong>se</strong></span> <span class='ocrx_word' id='word_1_572' title='bbox 3194 3932 3405 3984; x_wconf 87' lang='lat' dir='ltr'><strong>contra</strong></span> <span class='ocrx_word' id='word_1_573' title='bbox 3430 3927 3734 3984; x_wconf 85' lang='lat' dir='ltr'><strong>Gebehar-</strong></span> 
     </span>
    </p>
   </div>
   <div class='ocr_carea' id='block_1_86' title="bbox 2073 4015 3736 4088">
    <p class='ocr_par' dir='ltr' id='par_1_86' title="bbox 2073 4015 3736 4088">
     <span class='ocr_line' id='line_1_86' title="bbox 2073 4015 3736 4088; baseline 0.001 -18"><span class='ocrx_word' id='word_1_574' title='bbox 2073 4015 2221 4070; x_wconf 92' lang='lat' dir='ltr'><strong>dum</strong></span> <span class='ocrx_word' id='word_1_575' title='bbox 2253 4017 2349 4050; x_wconf 69' lang='lat'><strong>“99</strong></span> <span class='ocrx_word' id='word_1_576' title='bbox 2380 4015 2585 4088; x_wconf 86' lang='lat' dir='ltr'><strong>copias</strong></span> <span class='ocrx_word' id='word_1_577' title='bbox 2614 4017 2929 4073; x_wconf 85' lang='lat' dir='ltr'><strong>transterre</strong></span> <span class='ocrx_word' id='word_1_578' title='bbox 2972 4016 3143 4087; x_wconf 90' lang='lat' dir='ltr'><strong>velle,</strong></span> <span class='ocrx_word' id='word_1_579' title='bbox 3172 4021 3237 4071; x_wconf 90' lang='lat' dir='ltr'><strong>ut</strong></span> <span class='ocrx_word' id='word_1_580' title='bbox 3283 4021 3339 4073; x_wconf 91' lang='lat' dir='ltr'><strong>et</strong></span> <span class='ocrx_word' id='word_1_581' title='bbox 3366 4016 3535 4073; x_wconf 91' lang='lat' dir='ltr'><strong>illum</strong></span> <span class='ocrx_word' id='word_1_582' title='bbox 3568 4015 3736 4072; x_wconf 91' lang='lat' dir='ltr'><strong>bello</strong></span> 
     </span>
    </p>
   </div>
   <div class='ocr_carea' id='block_1_87' title="bbox 2072 4102 3736 4177">
    <p class='ocr_par' dir='ltr' id='par_1_87' title="bbox 2072 4102 3736 4177">
     <span class='ocr_line' id='line_1_87' title="bbox 2072 4102 3736 4177; baseline 0.001 -19"><span class='ocrx_word' id='word_1_583' title='bbox 2072 4107 2440 4177; x_wconf 88' lang='lat' dir='ltr'><strong>perterreret,</strong></span> <span class='ocrx_word' id='word_1_584' title='bbox 2463 4107 2520 4159; x_wconf 91' lang='lat' dir='ltr'><strong>et</strong></span> <span class='ocrx_word' id='word_1_585' title='bbox 2546 4102 2787 4160; x_wconf 88' lang='lat' dir='ltr'><strong>fratrem</strong></span> <span class='ocrx_word' id='word_1_586' title='bbox 2811 4103 3172 4160; x_wconf 89' lang='lat' dir='ltr'><strong>securiorem</strong></span> <span class='ocrx_word' id='word_1_587' title='bbox 3194 4104 3485 4174; x_wconf 88' lang='lat' dir='ltr'><strong>redderet;</strong></span> <span class='ocrx_word' id='word_1_588' title='bbox 3513 4103 3736 4160; x_wconf 85' lang='lat' dir='ltr'><strong>deinde</strong></span> 
     </span>
    </p>
   </div>
   <div class='ocr_carea' id='block_1_88' title="bbox 1678 4240 2356 4303">
    <p class='ocr_par' dir='ltr' id='par_1_88' title="bbox 1678 4240 2356 4303">
     <span class='ocr_line' id='line_1_88' title="bbox 1678 4240 2356 4303; baseline 0.007 -5"><span class='ocrx_word' id='word_1_589' title='bbox 1678 4244 1912 4300; x_wconf 69' lang='lat' dir='ltr'><strong>VAHDE</strong></span> <span class='ocrx_word' id='word_1_590' title='bbox 1951 4240 2356 4303; x_wconf 82' lang='lat' dir='ltr'><strong>LECTIONES.</strong></span> 
     </span>
    </p>
   </div>
   <div class='ocr_carea' id='block_1_89' title="bbox 314 4331 1767 4484">
    <p class='ocr_par' dir='ltr' id='par_1_89' title="bbox 314 4331 1767 4484">
     <span class='ocr_line' id='line_1_89' title="bbox 388 4331 1717 4406; baseline 0.002 -19"><span class='ocrx_word' id='word_1_591' title='bbox 388 4333 483 4367; x_wconf 65' lang='lat'>&#39;3&#39;”</span> <span class='ocrx_word' id='word_1_592' title='bbox 514 4331 888 4406; x_wconf 88' lang='lat' dir='ltr'><strong>spetheshart</strong></span> <span class='ocrx_word' id='word_1_593' title='bbox 923 4337 966 4389; x_wconf 92' lang='grc'><strong>1.</strong></span> <span class='ocrx_word' id='word_1_594' title='bbox 1009 4334 1062 4389; x_wconf 89' lang='grc'><strong>3.</strong></span> <span class='ocrx_word' id='word_1_595' title='bbox 1208 4331 1623 4404; x_wconf 88' lang='lat' dir='ltr'><strong>spehtesharth</strong></span> <span class='ocrx_word' id='word_1_596' title='bbox 1665 4332 1717 4389; x_wconf 92' lang='lat'><strong>2.</strong></span> 
     </span>
     <span class='ocr_line' id='line_1_90' title="bbox 314 4400 1767 4484; baseline 0 0"><span class='ocrx_word' id='word_1_597' title='bbox 314 4402 765 4484; x_wconf 58' lang='grc' dir='ltr'><strong>ξρθφέιιὴεξεξῑιέιςι</strong></span> <span class='ocrx_word' id='word_1_598' title='bbox 793 4407 853 4484; x_wconf 50' lang='lat' dir='ltr'><strong>to.</strong></span> <span class='ocrx_word' id='word_1_599' title='bbox 928 4405 1022 4484; x_wconf 59' lang='lat'><strong>&#39;5”?</strong></span> <span class='ocrx_word' id='word_1_600' title='bbox 1053 4401 1250 4484; x_wconf 67' lang='lat'><strong>11010110</strong></span> <span class='ocrx_word' id='word_1_601' title='bbox 1281 4400 1767 4484; x_wconf 53' lang='grc' dir='ltr'><strong>εξιόιξίθρίεοριὶυε</strong></span> 
     </span>
    </p>
   </div>
   <div class='ocr_carea' id='block_1_90' title="bbox 313 4472 1504 4534">
    <p class='ocr_par' dir='ltr' id='par_1_90' title="bbox 313 4472 1504 4534">
     <span class='ocr_line' id='line_1_91' title="bbox 313 4472 1504 4534; baseline -0.003 -2"><span class='ocrx_word' id='word_1_602' title='bbox 313 4472 507 4534; x_wconf 69' lang='lat' dir='ltr'><strong>9&#39;—t2.</strong></span> <span class='ocrx_word' id='word_1_603' title='bbox 588 4478 679 4511; x_wconf 71' lang='lat'><strong>“7&quot;</strong></span> <span class='ocrx_word' id='word_1_604' title='bbox 714 4472 1027 4533; x_wconf 88' lang='lat' dir='ltr'><strong>baiduvini</strong></span> <span class='ocrx_word' id='word_1_605' title='bbox 1056 4481 1109 4530; x_wconf 90' lang='lat'><strong>7.</strong></span> <span class='ocrx_word' id='word_1_606' title='bbox 1142 4472 1504 4531; x_wconf 60' lang='lat' dir='ltr'><strong>constanter&quot;.</strong></span> 
     </span>
    </p>
   </div>
   <div class='ocr_carea' id='block_1_91' title="bbox 1208 4327 2258 4404">
    <p class='ocr_par' dir='ltr' id='par_1_91' title="bbox 1208 4327 2258 4404">
     <span class='ocr_line' id='line_1_92' title="bbox 1208 4327 2258 4404; baseline 0.004 -17"><span class='ocrx_word' id='word_1_607' title='bbox 1208 4327 1623 4404; x_wconf 83' lang='lat' dir='ltr'><strong>spehtesharth</strong></span> <span class='ocrx_word' id='word_1_608' title='bbox 1665 4332 1717 4389; x_wconf 93' lang='lat'><strong>2.</strong></span> <span class='ocrx_word' id='word_1_609' title='bbox 1769 4330 2258 4404; x_wconf 55' lang='lat' dir='ltr'><strong>spectheshartﬁi.</strong></span> 
     </span>
    </p>
   </div>
   <div class='ocr_carea' id='block_1_92' title="bbox 1856 4401 2360 4463">
    <p class='ocr_par' dir='ltr' id='par_1_92' title="bbox 1856 4401 2360 4463">
     <span class='ocr_line' id='line_1_93' title="bbox 1856 4401 2360 4463; baseline -0.008 1"><span class='ocrx_word' id='word_1_610' title='bbox 1856 4437 1923 4447; x_wconf 86' lang='lat'><strong>—</strong></span> <span class='ocrx_word' id='word_1_611' title='bbox 1956 4410 2042 4463; x_wconf 84' lang='lat' dir='ltr'><strong>i2.</strong></span> <span class='ocrx_word' id='word_1_612' title='bbox 2118 4401 2277 4463; x_wconf 87' lang='lat' dir='ltr'><strong>fulco</strong></span> <span class='ocrx_word' id='word_1_613' title='bbox 2307 4409 2360 4461; x_wconf 96' lang='lat'><strong>2.</strong></span> 
     </span>
    </p>
   </div>
   <div class='ocr_carea' id='block_1_93' title="bbox 218 4475 3722 4606">
    <p class='ocr_par' dir='ltr' id='par_1_93' title="bbox 218 4475 3722 4606">
     <span class='ocr_line' id='line_1_94' title="bbox 313 4475 3722 4545; baseline -0 -13"><span class='ocrx_word' id='word_1_614' title='bbox 313 4475 507 4534; x_wconf 64' lang='lat' dir='ltr'><strong>9&#39;—t2.</strong></span> <span class='ocrx_word' id='word_1_615' title='bbox 588 4478 679 4511; x_wconf 71' lang='lat'><strong>“7&quot;</strong></span> <span class='ocrx_word' id='word_1_616' title='bbox 714 4475 1027 4533; x_wconf 88' lang='lat' dir='ltr'><strong>baiduvini</strong></span> <span class='ocrx_word' id='word_1_617' title='bbox 1056 4481 1109 4530; x_wconf 90' lang='lat'><strong>7.</strong></span> <span class='ocrx_word' id='word_1_618' title='bbox 1142 4475 1504 4531; x_wconf 50' lang='lat' dir='ltr'><strong>constanter&quot;.</strong></span> <span class='ocrx_word' id='word_1_619' title='bbox 1602 4475 1699 4510; x_wconf 69' lang='grc' dir='ltr'><strong>ητε</strong></span> <span class='ocrx_word' id='word_1_620' title='bbox 1729 4475 2012 4534; x_wconf 89' lang='lat' dir='ltr'><strong>atrebatis</strong></span> <span class='ocrx_word' id='word_1_621' title='bbox 2040 4483 2092 4536; x_wconf 89' lang='lat'><strong>3.</strong></span> <span class='ocrx_word' id='word_1_622' title='bbox 2197 4478 2293 4511; x_wconf 73' lang='lat'><strong>“&quot;9</strong></span> <span class='ocrx_word' id='word_1_623' title='bbox 2324 4475 2589 4544; x_wconf 87' lang='lat' dir='ltr'><strong>iugentia</strong></span> <span class='ocrx_word' id='word_1_624' title='bbox 2618 4475 2783 4545; x_wconf 86' lang='lat' dir='ltr'><strong>bona</strong></span> <span class='ocrx_word' id='word_1_625' title='bbox 2811 4475 2905 4527; x_wconf 82' lang='lat' dir='ltr'><strong>&#39;o’d.</strong></span> <span class='ocrx_word' id='word_1_626' title='bbox 2988 4475 3083 4506; x_wconf 66' lang='lat'><strong>1”“</strong></span> <span class='ocrx_word' id='word_1_627' title='bbox 3114 4475 3404 4545; x_wconf 66' lang='lat' dir='ltr'><strong>praeberet</strong></span> <span class='ocrx_word' id='word_1_628' title='bbox 3435 4475 3636 4531; x_wconf 84' lang='lat' dir='ltr'><strong>nescio</strong></span> <span class='ocrx_word' id='word_1_629' title='bbox 3666 4481 3722 4531; x_wconf 95' lang='lat'><strong>2.</strong></span> 
     </span>
     <span class='ocr_line' id='line_1_95' title="bbox 218 4542 3722 4606; baseline -0.001 -1"><span class='ocrx_word' id='word_1_630' title='bbox 218 4602 227 4605; x_wconf 90' lang='lat'><em>_</em></span> <span class='ocrx_word' id='word_1_631' title='bbox 315 4548 407 4585; x_wconf 67' lang='lat'><strong>“3&#39;</strong></span> <span class='ocrx_word' id='word_1_632' title='bbox 437 4547 717 4604; x_wconf 86' lang='lat' dir='ltr'><strong>heuricus</strong></span> <span class='ocrx_word' id='word_1_633' title='bbox 746 4546 767 4602; x_wconf 90' lang='lat'>1</span> <span class='ocrx_word' id='word_1_634' title='bbox 795 4546 823 4602; x_wconf 71' lang='lat'><strong>‘2</strong></span> <span class='ocrx_word' id='word_1_635' title='bbox 852 4552 938 4603; x_wconf 74' lang='lat' dir='ltr'><strong>5c.</strong></span> <span class='ocrx_word' id='word_1_636' title='bbox 971 4563 1021 4602; x_wconf 91' lang='lat' dir='ltr'><strong>e.</strong></span> <span class='ocrx_word' id='word_1_637' title='bbox 1100 4543 1378 4601; x_wconf 87' lang='lat' dir='ltr'><strong>herineus</strong></span> <span class='ocrx_word' id='word_1_638' title='bbox 1408 4550 1498 4601; x_wconf 79' lang='lat' dir='ltr'><strong>5a.</strong></span> <span class='ocrx_word' id='word_1_639' title='bbox 1531 4542 1590 4600; x_wconf 91' lang='lat' dir='ltr'><strong>d.</strong></span> <span class='ocrx_word' id='word_1_640' title='bbox 1626 4544 1969 4605; x_wconf 88' lang='lat' dir='ltr'><strong>heinbertus</strong></span> <span class='ocrx_word' id='word_1_641' title='bbox 1999 4550 2052 4606; x_wconf 85' lang='lat'><strong>9.</strong></span> <span class='ocrx_word' id='word_1_642' title='bbox 2128 4543 2498 4604; x_wconf 86' lang='lat' dir='ltr'><strong>heimbertus</strong></span> <span class='ocrx_word' id='word_1_643' title='bbox 2531 4548 2613 4600; x_wconf 90' lang='grc'><strong>10.</strong></span> <span class='ocrx_word' id='word_1_644' title='bbox 2691 4542 3158 4599; x_wconf 81' lang='lat' dir='ltr'><strong>hembertustt.</strong></span> <span class='ocrx_word' id='word_1_645' title='bbox 3196 4549 3278 4599; x_wconf 85' lang='grc'><strong>12.</strong></span> <span class='ocrx_word' id='word_1_646' title='bbox 3356 4544 3635 4601; x_wconf 89' lang='lat' dir='ltr'><strong>hireneus</strong></span> <span class='ocrx_word' id='word_1_647' title='bbox 3665 4552 3722 4603; x_wconf 90' lang='lat'><strong>8.</strong></span> 
     </span>
    </p>
   </div>
   <div class='ocr_carea' id='block_1_94' title="bbox 2409 4324 3729 4401">
    <p class='ocr_par' dir='ltr' id='par_1_94' title="bbox 2409 4324 3729 4401">
     <span class='ocr_line' id='line_1_96' title="bbox 2409 4324 3729 4401; baseline 0.002 -13"><span class='ocrx_word' id='word_1_648' title='bbox 2409 4329 2742 4401; x_wconf 86' lang='lat' dir='ltr'><strong>speteshart</strong></span> <span class='ocrx_word' id='word_1_649' title='bbox 2774 4334 2837 4386; x_wconf 90' lang='grc'><strong>10</strong></span> <span class='ocrx_word' id='word_1_650' title='bbox 2867 4355 2938 4372; x_wconf 71' lang='grc' dir='ltr'><strong>-ο</strong></span> <span class='ocrx_word' id='word_1_651' title='bbox 2968 4332 3052 4385; x_wconf 92' lang='grc'><strong>12.</strong></span> <span class='ocrx_word' id='word_1_652' title='bbox 3201 4324 3625 4401; x_wconf 88' lang='lat' dir='ltr'><strong>spetitheshart</strong></span> <span class='ocrx_word' id='word_1_653' title='bbox 3670 4338 3729 4390; x_wconf 87' lang='lat'><strong>8.</strong></span> 
     </span>
    </p>
   </div>
   <div class='ocr_carea' id='block_1_95' title="bbox 2466 4400 3731 4461">
    <p class='ocr_par' dir='ltr' id='par_1_95' title="bbox 2466 4400 3731 4461">
     <span class='ocr_line' id='line_1_97' title="bbox 2466 4400 3731 4461; baseline 0.006 -6"><span class='ocrx_word' id='word_1_654' title='bbox 2466 4406 2538 4439; x_wconf 64' lang='lat'><strong>376</strong></span> <span class='ocrx_word' id='word_1_655' title='bbox 2568 4400 2884 4457; x_wconf 82' lang='lat' dir='ltr'><strong>winimaro</strong></span> <span class='ocrx_word' id='word_1_656' title='bbox 2913 4406 3022 4457; x_wconf 80' lang='lat' dir='ltr'><strong>etc.</strong></span> <span class='ocrx_word' id='word_1_657' title='bbox 3049 4404 3101 4456; x_wconf 89' lang='lat'><strong>3.</strong></span> <span class='ocrx_word' id='word_1_658' title='bbox 3127 4404 3180 4455; x_wconf 75' lang='grc' dir='ltr'><strong>ὅ.</strong></span> <span class='ocrx_word' id='word_1_659' title='bbox 3209 4400 3261 4455; x_wconf 63' lang='grc'><strong>71</strong></span> <span class='ocrx_word' id='word_1_660' title='bbox 3283 4403 3333 4456; x_wconf 91' lang='grc'><strong>8.</strong></span> <span class='ocrx_word' id='word_1_661' title='bbox 3415 4401 3731 4461; x_wconf 84' lang='lat' dir='ltr'><strong>winimare</strong></span> 
     </span>
    </p>
   </div>
   <div class='ocr_carea' id='block_1_96' title="bbox 2197 4470 3722 4545">
    <p class='ocr_par' dir='ltr' id='par_1_96' title="bbox 2197 4470 3722 4545">
     <span class='ocr_line' id='line_1_98' title="bbox 2197 4470 3722 4545; baseline 0.003 -19"><span class='ocrx_word' id='word_1_662' title='bbox 2197 4478 2293 4545; x_wconf 50' lang='lat'><strong>£379</strong></span> <span class='ocrx_word' id='word_1_663' title='bbox 2324 4472 2589 4544; x_wconf 85' lang='lat' dir='ltr'><strong>ingentia</strong></span> <span class='ocrx_word' id='word_1_664' title='bbox 2618 4474 2783 4545; x_wconf 82' lang='lat' dir='ltr'><strong>bona</strong></span> <span class='ocrx_word' id='word_1_665' title='bbox 2811 4471 2905 4545; x_wconf 70' lang='lat' dir='ltr'><strong>iid.</strong></span> <span class='ocrx_word' id='word_1_666' title='bbox 2988 4473 3083 4506; x_wconf 74' lang='grc' dir='ltr'><strong>ί²⁸⁰</strong></span> <span class='ocrx_word' id='word_1_667' title='bbox 3114 4471 3412 4545; x_wconf 66' lang='lat' dir='ltr'><strong>praeberet</strong></span> <span class='ocrx_word' id='word_1_668' title='bbox 3435 4470 3636 4531; x_wconf 84' lang='lat' dir='ltr'><strong>nescio</strong></span> <span class='ocrx_word' id='word_1_669' title='bbox 3666 4481 3722 4531; x_wconf 91' lang='grc'><strong>2.</strong></span> 
     </span>
    </p>
   </div>
   <div class='ocr_carea' id='block_1_97' title="bbox 317 4612 3729 4690">
    <p class='ocr_par' dir='ltr' id='par_1_97' title="bbox 317 4612 3729 4690">
     <span class='ocr_line' id='line_1_99' title="bbox 317 4612 3729 4690; baseline -0.001 -13"><span class='ocrx_word' id='word_1_670' title='bbox 317 4620 411 4656; x_wconf 75' lang='grc'><strong>¹²⁸²</strong></span> <span class='ocrx_word' id='word_1_671' title='bbox 442 4616 884 4690; x_wconf 83' lang='lat' dir='ltr'><strong>condemnavit.</strong></span> <span class='ocrx_word' id='word_1_672' title='bbox 916 4618 1056 4690; x_wconf 66' lang='lat' dir='ltr'><strong>Quae</strong></span> <span class='ocrx_word' id='word_1_673' title='bbox 1086 4616 1226 4673; x_wconf 78' lang='lat' dir='ltr'><strong>hinc</strong></span> <span class='ocrx_word' id='word_1_674' title='bbox 1254 4612 1391 4690; x_wconf 81' lang='lat' dir='ltr'><strong>inde</strong></span> <span class='ocrx_word' id='word_1_675' title='bbox 1421 4623 1786 4690; x_wconf 51' lang='lat' dir='ltr'><strong>sequantur,</strong></span> <span class='ocrx_word' id='word_1_676' title='bbox 1825 4618 2027 4679; x_wconf 78' lang='lat' dir='ltr'><strong>omnia</strong></span> <span class='ocrx_word' id='word_1_677' title='bbox 2073 4620 2286 4690; x_wconf 74' lang='lat' dir='ltr'><strong>desunt</strong></span> <span class='ocrx_word' id='word_1_678' title='bbox 2327 4620 2418 4690; x_wconf 53' lang='lat' dir='ltr'><strong>in</strong></span> <span class='ocrx_word' id='word_1_679' title='bbox 2437 4614 2642 4690; x_wconf 63' lang='lat' dir='ltr'><strong>codice</strong></span> <span class='ocrx_word' id='word_1_680' title='bbox 2688 4618 2740 4670; x_wconf 76' lang='grc'><strong>4.</strong></span> <span class='ocrx_word' id='word_1_681' title='bbox 2773 4614 3265 4690; x_wconf 48' lang='grc' dir='ltr'><strong>ξεειθρρςφονβ.</strong></span> <span class='ocrx_word' id='word_1_682' title='bbox 3299 4618 3494 4690; x_wconf 58' lang='lat' dir='ltr'><strong>7_—;I2.</strong></span> <span class='ocrx_word' id='word_1_683' title='bbox 3528 4624 3582 4672; x_wconf 82' lang='lat' dir='ltr'><strong>et</strong></span> <span class='ocrx_word' id='word_1_684' title='bbox 3613 4618 3729 4690; x_wconf 78' lang='lat' dir='ltr'><strong>cod</strong></span> 
     </span>
    </p>
   </div>
   <div class='ocr_carea' id='block_1_98' title="bbox 310 4684 3728 4763">
    <p class='ocr_par' dir='ltr' id='par_1_98' title="bbox 310 4684 3728 4763">
     <span class='ocr_line' id='line_1_100' title="bbox 310 4684 3728 4763; baseline -0.001 -15"><span class='ocrx_word' id='word_1_685' title='bbox 310 4691 496 4763; x_wconf 77' lang='lat' dir='ltr'><strong>Fris.,&#39;</strong></span> <span class='ocrx_word' id='word_1_686' title='bbox 526 4692 586 4747; x_wconf 76' lang='lat' dir='ltr'><strong>in</strong></span> <span class='ocrx_word' id='word_1_687' title='bbox 617 4689 817 4747; x_wconf 75' lang='lat' dir='ltr'><strong>codice</strong></span> <span class='ocrx_word' id='word_1_688' title='bbox 832 4684 1121 4763; x_wconf 31' lang='grc' dir='ltr'><strong>1.-ᾑνίιῃα</strong></span> <span class='ocrx_word' id='word_1_689' title='bbox 1146 4702 1331 4744; x_wconf 82' lang='lat' dir='ltr'><strong>manu</strong></span> <span class='ocrx_word' id='word_1_690' title='bbox 1363 4684 1701 4744; x_wconf 80' lang='lat' dir='ltr'><strong>DCCCCIIIL</strong></span> <span class='ocrx_word' id='word_1_691' title='bbox 1736 4684 2055 4763; x_wconf 63' lang='lat' dir='ltr'><strong>recentiori</strong></span> <span class='ocrx_word' id='word_1_692' title='bbox 2077 4705 2215 4747; x_wconf 82' lang='lat' dir='ltr'><strong>vero</strong></span> <span class='ocrx_word' id='word_1_693' title='bbox 2245 4684 2529 4763; x_wconf 15' lang='lat' dir='ltr'><strong>DCAQMQCV:</strong></span> <span class='ocrx_word' id='word_1_694' title='bbox 2561 4691 2612 4763; x_wconf 70' lang='lat'><strong>2.</strong></span> <span class='ocrx_word' id='word_1_695' title='bbox 2780 4687 3070 4763; x_wconf 41' lang='lat' dir='ltr'><strong>DCCQC‘tV</strong></span> <span class='ocrx_word' id='word_1_696' title='bbox 3090 4700 3112 4758; x_wconf 82' lang='lat'><strong>,&#39;</strong></span> <span class='ocrx_word' id='word_1_697' title='bbox 3150 4687 3227 4763; x_wconf 86' lang='lat' dir='ltr'><strong>_de</strong></span> <span class='ocrx_word' id='word_1_698' title='bbox 3253 4687 3531 4763; x_wconf 56' lang='lat' dir='ltr'><strong>certicerti.</strong></span> <span class='ocrx_word' id='word_1_699' title='bbox 3572 4689 3728 4763; x_wconf 62' lang='lat' dir='ltr'><strong>inihi</strong></span> 
     </span>
    </p>
   </div>
   <div class='ocr_carea' id='block_1_99' title="bbox 313 4768 711 4819">
    <p class='ocr_par' dir='ltr' id='par_1_99' title="bbox 313 4768 711 4819">
     <span class='ocr_line' id='line_1_101' title="bbox 313 4768 711 4819; baseline -0.005 -1"><span class='ocrx_word' id='word_1_700' title='bbox 313 4778 431 4819; x_wconf 85' lang='lat' dir='ltr'><strong>non</strong></span> <span class='ocrx_word' id='word_1_701' title='bbox 457 4768 711 4819; x_wconf 81' lang='lat' dir='ltr'><strong>constat.</strong></span> 
     </span>
    </p>
   </div>
   <div class='ocr_carea' id='block_1_100' title="bbox 828 4757 2210 4831">
    <p class='ocr_par' dir='ltr' id='par_1_100' title="bbox 828 4757 2210 4831">
     <span class='ocr_line' id='line_1_102' title="bbox 828 4757 2210 4831; baseline 0.004 -19"><span class='ocrx_word' id='word_1_702' title='bbox 828 4757 930 4831; x_wconf 20' lang='lat'><strong>13‘9&quot;</strong></span> <span class='ocrx_word' id='word_1_703' title='bbox 952 4757 1185 4831; x_wconf 83' lang='lat' dir='ltr'><strong>nullum</strong></span> <span class='ocrx_word' id='word_1_704' title='bbox 1217 4775 1344 4817; x_wconf 88' lang='lat' dir='ltr'><strong>esse</strong></span> <span class='ocrx_word' id='word_1_705' title='bbox 1366 4762 1487 4831; x_wconf 81' lang='lat' dir='ltr'><strong>aut</strong></span> <span class='ocrx_word' id='word_1_706' title='bbox 1521 4776 1698 4831; x_wconf 88' lang='lat' dir='ltr'><strong>posse</strong></span> <span class='ocrx_word' id='word_1_707' title='bbox 1728 4776 1941 4819; x_wconf 86' lang='lat' dir='ltr'><strong>nocere</strong></span> <span class='ocrx_word' id='word_1_708' title='bbox 1971 4760 2127 4831; x_wconf 85' lang='lat' dir='ltr'><strong>ultra</strong></span> <span class='ocrx_word' id='word_1_709' title='bbox 2158 4766 2210 4817; x_wconf 85' lang='lat'><strong>5.</strong></span> 
     </span>
    </p>
   </div>
   <div class='ocr_carea' id='block_1_101' title="bbox 314 4828 2507 4905">
    <p class='ocr_par' dir='ltr' id='par_1_101' title="bbox 314 4828 2507 4905">
     <span class='ocr_line' id='line_1_103' title="bbox 314 4828 2507 4905; baseline -0.002 -16"><span class='ocrx_word' id='word_1_710' title='bbox 314 4833 411 4868; x_wconf 80' lang='grc'>¹²⁸⁶</span> <span class='ocrx_word' id='word_1_711' title='bbox 438 4833 659 4889; x_wconf 85' lang='lat' dir='ltr'><strong>tractis.</strong></span> <span class='ocrx_word' id='word_1_712' title='bbox 681 4834 734 4887; x_wconf 85' lang='lat'><strong>2.</strong></span> <span class='ocrx_word' id='word_1_713' title='bbox 755 4828 1021 4904; x_wconf 89' lang='lat' dir='ltr'><strong>undique</strong></span> <span class='ocrx_word' id='word_1_714' title='bbox 1045 4830 1201 4905; x_wconf 77' lang='lat' dir='ltr'><strong>deest</strong></span> <span class='ocrx_word' id='word_1_715' title='bbox 1361 4828 1774 4903; x_wconf 47' lang='lat' dir='ltr'><strong>1“insperato</strong></span> <span class='ocrx_word' id='word_1_716' title='bbox 1805 4834 1871 4888; x_wconf 84' lang='lat' dir='ltr'><strong>5c</strong></span> <span class='ocrx_word' id='word_1_717' title='bbox 1901 4849 1953 4889; x_wconf 90' lang='lat' dir='ltr'><strong>e.</strong></span> <span class='ocrx_word' id='word_1_718' title='bbox 2028 4828 2316 4905; x_wconf 70' lang='lat' dir='ltr'><strong>inspirata</strong></span> <span class='ocrx_word' id='word_1_719' title='bbox 2353 4830 2507 4905; x_wconf 53' lang='lat' dir='ltr'><strong>l—ﬁ.</strong></span> 
     </span>
    </p>
   </div>
   <div class='ocr_carea' id='block_1_102' title="bbox 2328 4754 3718 4815">
    <p class='ocr_par' dir='ltr' id='par_1_102' title="bbox 2328 4754 3718 4815">
     <span class='ocr_line' id='line_1_104' title="bbox 2328 4754 3718 4815; baseline 0.002 -4"><span class='ocrx_word' id='word_1_720' title='bbox 2328 4759 2423 4793; x_wconf 76' lang='grc'><strong>¹²⁸⁵</strong></span> <span class='ocrx_word' id='word_1_721' title='bbox 2457 4756 2743 4814; x_wconf 86' lang='lat' dir='ltr'><strong>adelardo</strong></span> <span class='ocrx_word' id='word_1_722' title='bbox 2781 4757 2826 4812; x_wconf 90' lang='lat' dir='ltr'><strong>l.</strong></span> <span class='ocrx_word' id='word_1_723' title='bbox 2879 4754 3208 4813; x_wconf 80' lang='lat' dir='ltr'><strong>adelhardo</strong></span> <span class='ocrx_word' id='word_1_724' title='bbox 3346 4756 3635 4815; x_wconf 86' lang='lat' dir='ltr'><strong>adalardo</strong></span> <span class='ocrx_word' id='word_1_725' title='bbox 3665 4761 3718 4814; x_wconf 92' lang='lat'><strong>7.</strong></span> 
     </span>
    </p>
   </div>
   <div class='ocr_carea' id='block_1_103' title="bbox 2589 4827 3720 4901">
    <p class='ocr_par' dir='ltr' id='par_1_103' title="bbox 2589 4827 3720 4901">
     <span class='ocr_line' id='line_1_105' title="bbox 2589 4827 3720 4901; baseline 0.002 -18"><span class='ocrx_word' id='word_1_726' title='bbox 2589 4830 2683 4864; x_wconf 51' lang='lat'><strong>&#39;2&quot;</strong></span> <span class='ocrx_word' id='word_1_727' title='bbox 2702 4827 2807 4884; x_wconf 84' lang='lat' dir='ltr'><strong>diu</strong></span> <span class='ocrx_word' id='word_1_728' title='bbox 2831 4829 3150 4901; x_wconf 67' lang='lat' dir='ltr'><strong>quaesitum</strong></span> <span class='ocrx_word' id='word_1_729' title='bbox 3178 4829 3332 4885; x_wconf 80' lang='lat' dir='ltr'><strong>deest</strong></span> <span class='ocrx_word' id='word_1_730' title='bbox 3366 4834 3418 4885; x_wconf 83' lang='lat'><strong>3.</strong></span> <span class='ocrx_word' id='word_1_731' title='bbox 3500 4832 3594 4865; x_wconf 74' lang='grc'><strong>¹²⁸⁹</strong></span> <span class='ocrx_word' id='word_1_732' title='bbox 3620 4847 3720 4885; x_wconf 82' lang='lat' dir='ltr'><strong>co-</strong></span> 
     </span>
    </p>
   </div>
   <div class='ocr_carea' id='block_1_104' title="bbox 312 4898 3717 4976">
    <p class='ocr_par' dir='ltr' id='par_1_104' title="bbox 312 4898 3717 4976">
     <span class='ocr_line' id='line_1_106' title="bbox 312 4898 3717 4976; baseline 0 -18"><span class='ocrx_word' id='word_1_733' title='bbox 312 4908 470 4959; x_wconf 90' lang='lat' dir='ltr'><strong>meta</strong></span> <span class='ocrx_word' id='word_1_734' title='bbox 493 4906 767 4976; x_wconf 43' lang='grc' dir='ltr'><strong>Ἱρή-12.</strong></span> <span class='ocrx_word' id='word_1_735' title='bbox 790 4898 1061 4976; x_wconf 73' lang='lat' dir='ltr'><strong>cometes</strong></span> <span class='ocrx_word' id='word_1_736' title='bbox 1093 4900 1144 4958; x_wconf 88' lang='lat'><strong>8.</strong></span> <span class='ocrx_word' id='word_1_737' title='bbox 1226 4901 1515 4976; x_wconf 37' lang='lat' dir='ltr'><strong>u’{ianno</strong></span> <span class='ocrx_word' id='word_1_738' title='bbox 1543 4898 1599 4958; x_wconf 72' lang='lat' dir='ltr'><strong>et</strong></span> <span class='ocrx_word' id='word_1_739' title='bbox 1629 4917 1815 4976; x_wconf 87' lang='lat' dir='ltr'><strong>supra</strong></span> <span class='ocrx_word' id='word_1_740' title='bbox 1846 4906 2034 4976; x_wconf 63' lang='grc'><strong>1-3.⁸</strong></span> <span class='ocrx_word' id='word_1_741' title='bbox 2081 4898 2243 4976; x_wconf 76' lang='lat' dir='ltr'><strong>anno</strong></span> <span class='ocrx_word' id='word_1_742' title='bbox 2271 4900 2332 4976; x_wconf 45' lang='lat' dir='ltr'><strong>d1</strong></span> <span class='ocrx_word' id='word_1_743' title='bbox 2356 4900 2662 4976; x_wconf 82' lang='lat' dir='ltr'><strong>i_._I)CCC(‘..</strong></span> <span class='ocrx_word' id='word_1_744' title='bbox 2774 4972 2784 4976; x_wconf 84' lang='lat'><strong><em>_</em></strong></span> <span class='ocrx_word' id='word_1_745' title='bbox 2822 4898 2981 4976; x_wconf 67' lang='lat' dir='ltr'><strong>anno</strong></span> <span class='ocrx_word' id='word_1_746' title='bbox 3009 4898 3068 4976; x_wconf 86' lang='lat' dir='ltr'><strong>d.</strong></span> <span class='ocrx_word' id='word_1_747' title='bbox 3100 4900 3117 4954; x_wconf 93' lang='lat' dir='ltr'><strong>i</strong></span> <span class='ocrx_word' id='word_1_748' title='bbox 3174 4901 3485 4976; x_wconf 48' lang='lat' dir='ltr'><strong>DCCCC“.</strong></span> <span class='ocrx_word' id='word_1_749' title='bbox 3521 4906 3717 4958; x_wconf 72' lang='lat'><strong>7—12.</strong></span> 
     </span>
    </p>
   </div>
   <div class='ocr_carea' id='block_1_105' title="bbox 309 4969 3723 5052">
    <p class='ocr_par' dir='ltr' id='par_1_105' title="bbox 309 4969 3723 5052">
     <span class='ocr_line' id='line_1_107' title="bbox 309 4969 3723 5052; baseline -0 -24"><span class='ocrx_word' id='word_1_750' title='bbox 309 4980 367 5052; x_wconf 62' lang='lat' dir='ltr'><strong>et</strong></span> <span class='ocrx_word' id='word_1_751' title='bbox 392 4974 519 5052; x_wconf 76' lang='lat' dir='ltr'><strong>cod.</strong></span> <span class='ocrx_word' id='word_1_752' title='bbox 542 4973 784 5052; x_wconf 73' lang='lat' dir='ltr'><strong>Fm&#39;sing</strong></span> <span class='ocrx_word' id='word_1_753' title='bbox 805 4974 876 5031; x_wconf 80' lang='lat' dir='ltr'><strong>de</strong></span> <span class='ocrx_word' id='word_1_754' title='bbox 904 4972 1104 5031; x_wconf 72' lang='lat' dir='ltr'><strong>codice</strong></span> <span class='ocrx_word' id='word_1_755' title='bbox 1131 4970 1372 5052; x_wconf 18' lang='lat' dir='ltr'><strong>uano-bis</strong></span> <span class='ocrx_word' id='word_1_756' title='bbox 1401 4969 1802 5052; x_wconf 64' lang='lat' dir='ltr'><strong>nan_const&#39;at.</strong></span> <span class='ocrx_word' id='word_1_757' title='bbox 1851 5048 1859 5052; x_wconf 84' lang='lat'><strong>_</strong></span> <span class='ocrx_word' id='word_1_758' title='bbox 1884 4974 1976 5052; x_wconf 65' lang='lat'><strong>1’9}</strong></span> <span class='ocrx_word' id='word_1_759' title='bbox 2011 4973 2215 5052; x_wconf 72' lang='lat' dir='ltr'><strong>fratris</strong></span> <span class='ocrx_word' id='word_1_760' title='bbox 2236 4969 2648 5052; x_wconf 30' lang='lat' dir='ltr'><strong>videlicetjnt)</strong></span> <span class='ocrx_word' id='word_1_761' title='bbox 2682 5003 2748 5052; x_wconf 37' lang='lat'><strong>1—</strong></span> <span class='ocrx_word' id='word_1_762' title='bbox 2773 4972 2852 5052; x_wconf 74' lang='lat'><strong>12.</strong></span> <span class='ocrx_word' id='word_1_763' title='bbox 2876 4971 3207 5052; x_wconf 65' lang='lat' dir='ltr'><strong>fratrissui</strong></span> <span class='ocrx_word' id='word_1_764' title='bbox 3233 4975 3285 5027; x_wconf 89' lang='lat'><strong>8.</strong></span> <span class='ocrx_word' id='word_1_765' title='bbox 3318 4973 3470 5052; x_wconf 35' lang='lat' dir='ltr'><strong>dif“:</strong></span> <span class='ocrx_word' id='word_1_766' title='bbox 3492 4988 3723 5052; x_wconf 77' lang='lat' dir='ltr'><strong>pagum</strong></span> 
     </span>
    </p>
   </div>
   <div class='ocr_carea' id='block_1_106' title="bbox 307 5042 819 5103">
    <p class='ocr_par' dir='ltr' id='par_1_106' title="bbox 307 5042 819 5103">
     <span class='ocr_line' id='line_1_108' title="bbox 307 5042 819 5103; baseline -0.002 -1"><span class='ocrx_word' id='word_1_767' title='bbox 307 5042 642 5103; x_wconf 85' lang='lat' dir='ltr'><strong>blesiacum</strong></span> <span class='ocrx_word' id='word_1_768' title='bbox 672 5051 739 5101; x_wconf 67' lang='grc' dir='ltr'>ὄρ</span> <span class='ocrx_word' id='word_1_769' title='bbox 752 5042 819 5101; x_wconf 70' lang='grc'><strong>’6.</strong></span> 
     </span>
    </p>
   </div>
   <div class='ocr_carea' id='block_1_107' title="bbox 940 5040 3723 5115">
    <p class='ocr_par' dir='ltr' id='par_1_107' title="bbox 940 5040 3723 5115">
     <span class='ocr_line' id='line_1_109' title="bbox 940 5040 3723 5115; baseline -0.001 -14"><span class='ocrx_word' id='word_1_770' title='bbox 940 5061 1125 5115; x_wconf 87' lang='lat' dir='ltr'><strong>agum</strong></span> <span class='ocrx_word' id='word_1_771' title='bbox 1155 5042 1484 5102; x_wconf 86' lang='lat' dir='ltr'><strong>blasiacum</strong></span> <span class='ocrx_word' id='word_1_772' title='bbox 1515 5048 1566 5102; x_wconf 89' lang='lat'><strong>3.</strong></span> <span class='ocrx_word' id='word_1_773' title='bbox 1648 5044 1746 5081; x_wconf 72' lang='lat'><strong>&quot;93</strong></span> <span class='ocrx_word' id='word_1_774' title='bbox 1770 5044 1995 5100; x_wconf 87' lang='lat' dir='ltr'><strong>octavis</strong></span> <span class='ocrx_word' id='word_1_775' title='bbox 2022 5046 2075 5099; x_wconf 89' lang='grc'><strong>2.</strong></span> <span class='ocrx_word' id='word_1_776' title='bbox 2102 5050 2157 5115; x_wconf 83' lang='lat'><strong>7.</strong></span> <span class='ocrx_word' id='word_1_777' title='bbox 2192 5048 2387 5115; x_wconf 47' lang='lat'><strong>97712.</strong></span> <span class='ocrx_word' id='word_1_778' title='bbox 2468 5044 2564 5078; x_wconf 64' lang='lat'><strong>“9‘</strong></span> <span class='ocrx_word' id='word_1_779' title='bbox 2596 5040 2769 5115; x_wconf 78' lang='lat' dir='ltr'><strong>hesia</strong></span> <span class='ocrx_word' id='word_1_780' title='bbox 2789 5047 2842 5099; x_wconf 93' lang='lat'><strong>2.</strong></span> <span class='ocrx_word' id='word_1_781' title='bbox 2875 5042 3149 5099; x_wconf 87' lang='lat' dir='ltr'><strong>benessia</strong></span> <span class='ocrx_word' id='word_1_782' title='bbox 3179 5049 3233 5115; x_wconf 63' lang='lat'><strong>7,</strong></span> <span class='ocrx_word' id='word_1_783' title='bbox 3315 5042 3411 5115; x_wconf 57' lang='grc' dir='ltr'><strong>ιῗτνδ</strong></span> <span class='ocrx_word' id='word_1_784' title='bbox 3446 5040 3723 5099; x_wconf 75' lang='lat' dir='ltr'><strong>{rideslar</strong></span> 
     </span>
    </p>
   </div>
   <div class='ocr_carea' id='block_1_108' title="bbox 314 5110 3720 5187">
    <p class='ocr_par' dir='ltr' id='par_1_108' title="bbox 314 5110 3720 5187">
     <span class='ocr_line' id='line_1_110' title="bbox 314 5110 3720 5187; baseline -0.001 -14"><span class='ocrx_word' id='word_1_785' title='bbox 314 5123 362 5187; x_wconf 84' lang='lat' dir='ltr'><strong>_i.</strong></span> <span class='ocrx_word' id='word_1_786' title='bbox 391 5122 443 5174; x_wconf 90' lang='lat'><strong>3.</strong></span> <span class='ocrx_word' id='word_1_787' title='bbox 477 5123 528 5175; x_wconf 85' lang='grc' dir='ltr'><strong>ὅ.</strong></span> <span class='ocrx_word' id='word_1_788' title='bbox 562 5121 756 5173; x_wconf 83' lang='grc'><strong>7-12.</strong></span> <span class='ocrx_word' id='word_1_789' title='bbox 836 5110 933 5153; x_wconf 65' lang='grc'><strong>¹²”’⁶</strong></span> <span class='ocrx_word' id='word_1_790' title='bbox 963 5110 1299 5187; x_wconf 74' lang='lat' dir='ltr'><strong>fratrem....</strong></span> <span class='ocrx_word' id='word_1_791' title='bbox 1328 5115 1695 5187; x_wconf 89' lang='lat' dir='ltr'><strong>gerhardum</strong></span> <span class='ocrx_word' id='word_1_792' title='bbox 1716 5120 1777 5187; x_wconf 2' lang='grc' dir='ltr'><strong>(ὅ.</strong></span> <span class='ocrx_word' id='word_1_793' title='bbox 1860 5116 1952 5151; x_wconf 77' lang='grc'>¹²⁹⁷</span> <span class='ocrx_word' id='word_1_794' title='bbox 1986 5112 2374 5187; x_wconf 79' lang='lat' dir='ltr'><strong>wederabiat</strong></span> <span class='ocrx_word' id='word_1_795' title='bbox 2404 5116 2431 5170; x_wconf 73' lang='grc' dir='ltr'><em>ἳ</em></span> <span class='ocrx_word' id='word_1_796' title='bbox 2503 5110 2943 5187; x_wconf 81' lang='lat' dir='ltr'><strong>wenteibacum</strong></span> <span class='ocrx_word' id='word_1_797' title='bbox 2973 5119 3033 5187; x_wconf 87' lang='lat'><strong>3._</strong></span> <span class='ocrx_word' id='word_1_798' title='bbox 3101 5111 3442 5170; x_wconf 87' lang='lat' dir='ltr'><strong>wedereina</strong></span> <span class='ocrx_word' id='word_1_799' title='bbox 3467 5118 3520 5170; x_wconf 90' lang='grc'><strong>2.</strong></span> <span class='ocrx_word' id='word_1_800' title='bbox 3596 5130 3720 5170; x_wconf 83' lang='lat' dir='ltr'><strong>we-</strong></span> 
     </span>
    </p>
   </div>
   <div class='ocr_carea' id='block_1_109' title="bbox 308 5183 3225 5255">
    <p class='ocr_par' dir='ltr' id='par_1_109' title="bbox 308 5183 3225 5255">
     <span class='ocr_line' id='line_1_111' title="bbox 308 5183 3225 5255; baseline -0.001 -11"><span class='ocrx_word' id='word_1_801' title='bbox 308 5183 498 5246; x_wconf 89' lang='lat' dir='ltr'><strong>treiba</strong></span> <span class='ocrx_word' id='word_1_802' title='bbox 528 5194 578 5246; x_wconf 88' lang='lat'><strong>7.</strong></span> <span class='ocrx_word' id='word_1_803' title='bbox 654 5186 881 5244; x_wconf 82' lang='lat' dir='ltr'><strong>wedria</strong></span> <span class='ocrx_word' id='word_1_804' title='bbox 911 5189 962 5244; x_wconf 91' lang='lat'><strong>8.</strong></span> <span class='ocrx_word' id='word_1_805' title='bbox 1040 5183 1553 5245; x_wconf 58' lang='lat' dir='ltr'><strong>wedereia&#39;9—12.</strong></span> <span class='ocrx_word' id='word_1_806' title='bbox 1637 5186 1732 5222; x_wconf 74' lang='grc'>¹²⁹⁸</span> <span class='ocrx_word' id='word_1_807' title='bbox 1762 5186 2114 5243; x_wconf 76' lang='lat' dir='ltr'><strong>extenuatas</strong></span> <span class='ocrx_word' id='word_1_808' title='bbox 2145 5183 2405 5242; x_wconf 90' lang='lat' dir='ltr'><strong>sentiens</strong></span> <span class='ocrx_word' id='word_1_809' title='bbox 2435 5190 2483 5242; x_wconf 93' lang='grc'><strong>1.</strong></span> <span class='ocrx_word' id='word_1_810' title='bbox 2516 5190 2569 5242; x_wconf 88' lang='lat'><strong>2.-</strong></span> <span class='ocrx_word' id='word_1_811' title='bbox 2654 5187 2748 5220; x_wconf 78' lang='grc'><strong>¹²⁹⁹</strong></span> <span class='ocrx_word' id='word_1_812' title='bbox 2782 5184 3148 5255; x_wconf 82' lang='lat' dir='ltr'><strong>gerhardum</strong></span> <span class='ocrx_word' id='word_1_813' title='bbox 3174 5189 3225 5240; x_wconf 79' lang='grc'><strong>5.</strong></span> 
     </span>
    </p>
   </div>
   <div class='ocr_carea' id='block_1_110' title="bbox 1911 5310 2132 5367">
    <p class='ocr_par' dir='ltr' id='par_1_110' title="bbox 1911 5310 2132 5367">
     <span class='ocr_line' id='line_1_112' title="bbox 1911 5310 2132 5367; baseline -0.005 -1"><span class='ocrx_word' id='word_1_814' title='bbox 1911 5310 2132 5367; x_wconf 69' lang='lat' dir='ltr'><strong>NOTAE.</strong></span> 
     </span>
    </p>
   </div>
   <div class='ocr_carea' id='block_1_111' title="bbox 383 5407 1103 5475">
    <p class='ocr_par' dir='ltr' id='par_1_111' title="bbox 383 5407 1103 5475">
     <span class='ocr_line' id='line_1_113' title="bbox 383 5407 1103 5475; baseline -0.004 -16"><span class='ocrx_word' id='word_1_815' title='bbox 383 5407 526 5475; x_wconf 89' lang='grc'><strong>(130)</strong></span> <span class='ocrx_word' id='word_1_816' title='bbox 568 5407 839 5474; x_wconf 73' lang='lat' dir='ltr'><strong>Spessart</strong></span> <span class='ocrx_word' id='word_1_817' title='bbox 873 5418 1103 5475; x_wconf 81' lang='lat' dir='ltr'><strong>nemus.</strong></span> 
     </span>
    </p>
   </div>
   <div class='ocr_carea' id='block_1_112' title="bbox 408 5474 1492 5545">
    <p class='ocr_par' dir='ltr' id='par_1_112' title="bbox 408 5474 1492 5545">
     <span class='ocr_line' id='line_1_114' title="bbox 408 5474 1492 5545; baseline -0.005 -14"><span class='ocrx_word' id='word_1_818' title='bbox 408 5474 527 5545; x_wconf 88' lang='grc'><strong>131)</strong></span> <span class='ocrx_word' id='word_1_819' title='bbox 566 5476 647 5530; x_wconf 87' lang='lat' dir='ltr'><strong>Cf.</strong></span> <span class='ocrx_word' id='word_1_820' title='bbox 676 5481 826 5530; x_wconf 82' lang='lat' dir='ltr'><strong>Ann.</strong></span> <span class='ocrx_word' id='word_1_821' title='bbox 859 5474 1206 5531; x_wconf 86' lang='lat' dir='ltr'><strong>Vcdastiuos</strong></span> <span class='ocrx_word' id='word_1_822' title='bbox 1237 5488 1335 5529; x_wconf 88' lang='lat' dir='ltr'><strong>an.</strong></span> <span class='ocrx_word' id='word_1_823' title='bbox 1368 5475 1492 5529; x_wconf 90' lang='lat'><strong>900.</strong></span> 
     </span>
    </p>
   </div>
   <div class='ocr_carea' id='block_1_113' title="bbox 406 5545 958 5627">
    <p class='ocr_par' dir='ltr' id='par_1_113' title="bbox 406 5545 958 5627">
     <span class='ocr_line' id='line_1_115' title="bbox 406 5545 958 5627; baseline 0 -24"><span class='ocrx_word' id='word_1_824' title='bbox 406 5552 523 5627; x_wconf 89' lang='grc'><strong>132)</strong></span> <span class='ocrx_word' id='word_1_825' title='bbox 568 5545 958 5603; x_wconf 80' lang='lat' dir='ltr'><strong>Flandrensis.</strong></span> 
     </span>
    </p>
   </div>
   <div class='ocr_carea' id='block_1_114' title="bbox 2139 5392 3721 5471">
    <p class='ocr_par' dir='ltr' id='par_1_114' title="bbox 2139 5392 3721 5471">
     <span class='ocr_line' id='line_1_116' title="bbox 2139 5392 3721 5471; baseline -0.001 -16"><span class='ocrx_word' id='word_1_826' title='bbox 2139 5398 2288 5471; x_wconf 89' lang='grc'><strong>(133)</strong></span> <span class='ocrx_word' id='word_1_827' title='bbox 2328 5399 2449 5471; x_wconf 84' lang='lat' dir='ltr'><strong>Hoc</strong></span> <span class='ocrx_word' id='word_1_828' title='bbox 2481 5414 2641 5455; x_wconf 86' lang='lat' dir='ltr'><strong>anno</strong></span> <span class='ocrx_word' id='word_1_829' title='bbox 2672 5414 2807 5471; x_wconf 63' lang='lat' dir='ltr'><strong>quis</strong></span> <span class='ocrx_word' id='word_1_830' title='bbox 2835 5402 3158 5471; x_wconf 78' lang='lat' dir='ltr'><strong>narrantur</strong></span> <span class='ocrx_word' id='word_1_831' title='bbox 3176 5398 3484 5463; x_wconf 87' lang='lat' dir='ltr'><strong>accidisse,</strong></span> <span class='ocrx_word' id='word_1_832' title='bbox 3504 5392 3721 5470; x_wconf 85' lang='lat' dir='ltr'><strong>probat</strong></span> 
     </span>
    </p>
   </div>
   <div class='ocr_carea' id='block_1_115' title="bbox 2063 5464 3144 5529">
    <p class='ocr_par' dir='ltr' id='par_1_115' title="bbox 2063 5464 3144 5529">
     <span class='ocr_line' id='line_1_117' title="bbox 2063 5464 3144 5529; baseline -0.006 0"><span class='ocrx_word' id='word_1_833' title='bbox 2063 5464 2414 5529; x_wconf 79' lang='lat' dir='ltr'><strong>Muratorius</strong></span> <span class='ocrx_word' id='word_1_834' title='bbox 2442 5470 2496 5525; x_wconf 79' lang='lat' dir='ltr'><strong>in</strong></span> <span class='ocrx_word' id='word_1_835' title='bbox 2530 5464 2858 5525; x_wconf 69' lang='lat' dir='ltr'><strong>Annalibus</strong></span> <span class='ocrx_word' id='word_1_836' title='bbox 2889 5464 2965 5522; x_wconf 82' lang='lat' dir='ltr'><strong>ad</strong></span> <span class='ocrx_word' id='word_1_837' title='bbox 2996 5468 3053 5523; x_wconf 92' lang='lat' dir='ltr'><strong>h.</strong></span> <span class='ocrx_word' id='word_1_838' title='bbox 3090 5485 3144 5523; x_wconf 75' lang='grc' dir='ltr'><strong>ει.</strong></span> 
     </span>
    </p>
   </div>
   <div class='ocr_carea' id='block_1_116' title="bbox 2163 5540 3111 5613">
    <p class='ocr_par' dir='ltr' id='par_1_116' title="bbox 2163 5540 3111 5613">
     <span class='ocr_line' id='line_1_118' title="bbox 2163 5540 3111 5613; baseline -0.001 -16"><span class='ocrx_word' id='word_1_839' title='bbox 2163 5542 2284 5613; x_wconf 79' lang='grc'><strong>134)</strong></span> <span class='ocrx_word' id='word_1_840' title='bbox 2323 5540 2719 5613; x_wconf 52' lang='grc' dir='ltr'><strong>Ουῇιιξῳμη</strong></span> <span class='ocrx_word' id='word_1_841' title='bbox 2742 5540 3111 5596; x_wconf 76' lang='lat' dir='ltr'><strong>Bliescastet.</strong></span> 
     </span>
    </p>
   </div>
   <div class='ocr_carea' id='block_1_117' title="bbox 2162 5612 2799 5683">
    <p class='ocr_par' dir='ltr' id='par_1_117' title="bbox 2162 5612 2799 5683">
     <span class='ocr_line' id='line_1_119' title="bbox 2162 5612 2799 5683; baseline -0.003 -15"><span class='ocrx_word' id='word_1_842' title='bbox 2162 5612 2285 5683; x_wconf 77' lang='grc'><strong>135)</strong></span> <span class='ocrx_word' id='word_1_843' title='bbox 2320 5612 2433 5668; x_wconf 74' lang='lat' dir='ltr'><strong>Die</strong></span> <span class='ocrx_word' id='word_1_844' title='bbox 2476 5612 2799 5677; x_wconf 80' lang='lat' dir='ltr'><strong>Wetterau,</strong></span> 
     </span>
    </p>
   </div>
  </div>
