4044 6196
234 216 339 273 149

1507 215 1931 278 CHBONICON.
1972 244 2041 255 -—
2080 217 2197 271 AN.
2238 220 2362 273 906.

3542 225 3641 281 150

230 341 460 409 quanta
481 339 674 410 potuit
701 339 1020 412 celeritate,
1047 342 1239 398 aciem
1268 343 1558 399 adversus
1586 344 1887 401 Chuonra—
1914 341 1962 392 Α
1997 339 2092 394 nis
2122 341 2350 397 malitia
2377 342 2767 410 obstinatum,
2801 342 3043 399 collecto
3073 342 3341 416 undique
3371 345 3657 401 exercitu:

230 426 374 482 dum
403 427 621 499 dirigit.
655 430 829 496 Quod
858 448 997 487 cum
1044 432 1440 489 Chuonradus
1483 449 1615 490 sero
1661 445 1885 501 cogno-

227 516 424 589 visset,
450 517 655 575 divisis
685 520 865 579 sociis
885 520 948 577 in
978 520 1168 578 tribus
1194 522 1428 593 turmis,
1461 524 1515 579 ei
1540 524 1888 582 incunctan-

228 609 313 662 ter
330 607 594 675 oceurit;
627 612 684 667 et
714 609 1043 669 commissa
1070 626 1298 687 pugna,
1324 613 1461 670 duae
1492 617 1723 681 turma,
1764 626 1887 667 una

224 692 496 766 peditum
547 701 607 753 et
656 696 842 754 altera
900 701 1224 770 Saxonum,
1281 701 1480 757 statim
1544 706 1709 771 terga
1761 715 1888 755 ver-

226 787 358 840 tunt
387 785 505 839 130°.
540 787 701 851 Quos
726 804 865 843 cum
915 789 1308 846 Chuonradus
1357 790 1619 847 clamore
1660 789 1885 860 ingenti

224 870 443 930 frustra
470 860 827 947 hortaretur,
844 882 905 934 ut
924 878 1263 936 nullatenus
1291 880 1564 940 hostibus
1585 880 1881 953 cederent,

225 962 332 1053 sed
359 978 470 1036 pro
495 966 823 1038 conjugum
874 984 942 1024 ac
993 968 1319 1026 liberorum
1368 968 1560 1027 salute
1598 975 1656 1027 et
1683 969 1884 1025 defen-
1928 1046 1940 1053 ‘

227 1050 392 1109 sione
441 1054 645 1127 patriae
697 1056 832 1113 totis
868 1057 1092 1114 viribus
1146 1059 1539 1126 decertarent,
1584 1060 1714 1132 ipse
1746 1074 1885 1115 eum

200 1142 393 1200 tertia
421 1147 637 1215 turma,
667 1146 947 1203 animatis
976 1148 1179 1214 sociis,
1208 1164 1391 1221 super
1415 1148 1792 1205 adversarios
1817 1148 1891 1203 ir-

224 1230 360 1303 ruit,
388 1232 498 1288 sed
536 1249 677 1289 mox
707 1234 768 1289 in
800 1235 931 1307 ipso
958 1236 1158 1307 primo
1182 1236 1414 1308 impetu
1442 1236 1646 1292 multis
1681 1236 1889 1292 vulne-

227 1319 391 1376 ribus
416 1321 754 1391 confossus,
786 1323 1079 1379 extinctus
1111 1322 1218 1379 est.
1245 1324 1606 1381 Adalbertus
1644 1325 1890 1381 victoria

231 1410 473 1481 potitus,
505 1427 641 1465 eum
666 1411 842 1468 sociis
868 1411 1159 1482 fugientes
1189 1413 1492 1469 insecutus
1534 1419 1641 1479 est,
1697 1419 1755 1470 et
1803 1415 1887 1469 in-

233 1513 545 1555 numeram
596 1500 1062 1573 multitudinem,
1117 1503 1376 1558 maxime
1433 1504 1719 1574 peditum,
1764 1503 1884 1573 gla-

230 1586 328 1642 dio
377 1589 695 1659 prostravit
755 1592 867 1647 ‘3‘".
928 1590 1135 1649 Tribus
1191 1592 1392 1664 itaque
1440 1592 1737 1650 continuis
1765 1592 1885 1650 die-

223 1674 335 1730 bus
364 1679 548 1731 totam
573 1674 740 1733 illam
771 1679 1079 1747 regionem
1108 1679 1779 1752 perlustrans,caadibus
1809 1698 1880 1739 ac
1910 1690 1954 1743 B

224 1761 444 1834 rapinis
463 1768 679 1820 cuncta
704 1764 1025 1825 demolitus
1054 1772 1162 1825 est.
1222 1768 1322 1823 His
1366 1770 1638 1841 patratis,
1665 1785 1879 1826 onera-

223 1855 314 1911 tus
345 1854 440 1889 ¹³⁰²
470 1853 646 1914 sociis
678 1854 886 1931 spoliis
917 1872 989 1914 ac
1017 1856 1243 1927 ingenti
1268 1859 1364 1891 ¹³⁰³
1389 1858 1617 1933 praeda,
1660 1860 1749 1915 ad
1782 1863 1882 1916 Ba-

220 1940 521 2001 benberch
550 1944 645 1978 ¹³⁰⁸
690 1949 954 2004 castrum
1009 1962 1287 2004 reversus
1346 1952 1452 2004 est.
1499 1950 1741 2005 Peracta
1792 1954 1880 2006 est

219 2035 418 2091 autem
466 2031 591 2090 haec
635 2033 828 2091 caedes
869 2051 931 2094 ui
973 2034 1276 2095 Kalendas
1313 2036 1515 2094 Martii.
1568 2037 1879 2096 Venientes

159 2144 175 2155 ι
217 2116 323 2175 filii
375 2135 513 2177 cum
554 2125 744 2178 matre
791 2122 1139 2181 levaverunt
1167 2139 1385 2197 corpus
1424 2125 1787 2195 Chuonradi,
1821 2131 1880 2183 et

215 2207 574 2283 sepelierunt
600 2210 663 2269 in
692 2211 933 2272 castello
961 2215 1058 2249 ¹³⁰⁵
1091 2215 1259 2287 quod
1286 2214 1698 2274 Wileneburch
1726 2217 1874 2290 (136)

211 2302 463 2355 vocatur
493 2301 607 2355 ‘3“.

284 2387 508 2444 Eodem
528 2404 689 2446 anno
718 2390 877 2447 circa
904 2391 1125 2449 Julium
1169 2408 1442 2449 mensem
1490 2393 1877 2450 illudowicus

204 2491 317 2533 rex
347 2483 712 2536 conventum
751 2478 1092 2549 generalem
1133 2480 1454 2537 celebravit
1480 2480 1645 2556 apud
1674 2481 1878 2539 Tribu-

200 2564 330 2620 rias
362 2566 457 2600 ¹³⁰τ
493 2565 633 2625 villa
654 2567 822 2636 regia
852 2569 970 2635 ’3“,
1000 2567 1104 2624 ubi
1137 2568 1350 2626 adesse
1382 2568 1696 2627 mandavit
1721 2585 1878 2645 saepe

198 2652 439 2712 dictum
496 2655 907 2730 Adalbertum,
963 2660 1030 2713 ut
1073 2657 1135 2713 in
1175 2658 1492 2732 praesentia
1519 2657 1878 2734 optimatum

197 2742 378 2813 regni
408 2759 518 2816 pro
545 2760 608 2800 se
638 2744 931 2803 rationem
965 2745 1259 2821 redderet,
1286 2751 1343 2803 et
1379 2747 1546 2820 pacis
1589 2746 1877 2805 conditio-

198 2846 351 2886 nem
401 2847 589 2904 quam
643 2833 934 2889 hactenus
991 2850 1243 2890 exosam
1285 2834 1599 2906 habuerat,
1630 2834 1873 2892 tandem

198 2917 540 2990 aliquanto,
571 2920 846 2996 deposita
884 2921 1250 2978 crudelitatis
1296 2923 1629 2997 tyrannide,
1680 2923 1870 2979 susci-

1998 445 2136 485 eum
2160 430 2219 485 in
2254 435 2451 487 castro
2481 431 2647 504 quod
2676 434 2925 489 Terassa
2959 434 3046 467 ¹³¹¹
3092 434 3232 505 (137)
3279 432 3512 501 dicitur,
3545 435 3654 491 ob-

1997 519 2226 578 sidione
2252 521 2454 577 cinxit.
2490 525 2714 578 Interea
2744 521 2933 591 Egino
2965 523 3082 587 “"3,
3127 524 3229 594 qui
3276 524 3407 593 ejus
3446 523 3656 579 indivi-

1995 607 2152 665 duus
2182 625 2383 666 comes
2420 609 2480 665 in
2509 609 2675 667 omni
2732 610 3029 684 pravitate
3083 612 3179 647 ¹³ι³
3235 611 3520 677 extiterat,
3575 611 3653 667 ab

1994 699 2123 769 ejus
2150 698 2427 755 societate
2452 698 2684 767 defecit,
2717 704 2774 755 et
2800 716 2940 755 cum
2971 698 3256 755 omnibus
3283 699 3404 755 suis
3459 701 3536 757 ad
3568 718 3655 758 re-

1994 788 2082 857 gis
2104 793 2301 845 castra
2333 788 2579 844 transiit.
2624 791 2923 845 Protracta
2954 789 3133 858 igitur
3157 788 3340 862 paulo
3370 789 3654 862 prolixius

1992 877 2325 947 obsidione,
2348 878 2571 939 fractus
2604 878 2805 934 animo
2836 878 3189 935 Adalbertus
3221 878 3300 936 ad
3322 877 3540 935 callida
3568 895 3657 935 ar-

1993 970 2278 1036 gumenta
2304 966 2686 1035 convertitur,
2718 971 2775 1023 et
2820 967 2985 1023 omni
3026 967 3266 1038 ingenio
3318 968 3654 1037 excogitare

1994 1056 2190 1128 coepit,
2220 1072 2344 1128 qua
2367 1059 2491 1111 arte
2527 1055 2761 1111 obsidio
2791 1056 3135 1125 solveretur,
3180 1061 3244 1113 ut
3285 1058 3547 1113 exercitu
3573 1058 3653 1113 ad

1995 1145 2237 1216 prepria
2265 1149 2567 1201 remeante
2594 1150 2797 1217 optata
2825 1145 3090 1202 libertate
3120 1146 3342 1219 potitus
3378 1147 3497 1216 ιω,
3524 1146 3650 1219 ipse

1998 1249 2137 1288 cum
2168 1233 2279 1288 sibi
2310 1233 2646 1289 faventibus
2676 1234 2847 1291 dolos
2886 1251 3040 1307 quos
3082 1234 3143 1290 in
3187 1240 3423 1307 pectore
3454 1236 3652 1292 volve-

1995 1322 2118 1389 bat,
2140 1322 2318 1392 longe
2337 1322 2573 1395 lateque
2600 1323 2906 1379 effundere
2935 1327 3156 1396 posset.
3214 1324 3400 1379 Portis
3451 1326 3652 1397 itaque

1996 1427 2031 1467 a
2063 1412 2242 1484 periis
2272 1429 2308 1467 a
2330 1412 2661 1467 munitione
2691 1413 2894 1467 exiens
2919 1414 3014 1447 '3”
3038 1428 3175 1467 cum
3201 1413 3538 1485 perpaucis,
3573 1413 3655 1469 ul-

1997 1505 2084 1555 tro
2110 1500 2348 1567 regi1m
2376 1515 2436 1554 se
2463 1501 2700 1572 obtulit,
2729 1501 2985 1574 supplex
3011 1500 3254 1556 veniam
3275 1499 3351 1556 de
3378 1502 3655 1557 commis-

1994 1589 2073 1645 sis
2121 1589 2405 1661 exposcit,
2447 1589 2930 1646 emendationem
2983 1589 3289 1664 promittit.
3350 1590 3467 1647 Sed
3515 1607 3655 1648 cum

1992 1677 2152 1734 fraus
2176 1694 2312 1751 qua:
2340 1677 2695 1747 struebatur,
2731 1677 2855 1737 suis
2896 1676 3288 1750 prodentibus
3314 1676 3522 1736 fuisset
3544 1679 3649 1735 de-

1994 1772 2143 1827 tecta
2175 1769 2264 1803 ‘3”
2300 1767 2591 1825 custodite
2622 1767 3001 1840 mancipatus
3034 1768 3130 1807 ¹³⁸⁸
3160 1771 3268 1840 est,
3299 1772 3357 1826 et
3391 1769 3455 1826 in
3503 1784 3652 1841 pres.

1990 1857 2177 1914 sentia
2204 1856 2383 1913 totius
2428 1856 2719 1912 exercitus
2766 1856 3047 1913 manibus
3078 1856 3288 1913 vinctis
3327 1856 3644 1927 adductus,

1988 1945 2270 2002 omnibus
2328 1945 2814 2019 adjudicantibus
2858 1945 3176 2019 capitalem
3226 1947 3325 1982 ’³η
3385 1948 3649 2022 suscepit

1987 2036 2341 2095 sententiam
2372 2053 2408 2091 v
2461 2037 2556 2072 ¹³²⁰
2604 2035 2741 2091 ldus
2787 2032 3153 2108 Septembris
3202 2035 3534 2094 Facultates
3591 2041 3650 2095 et

1986 2127 2393 2198 possessiones
2422 2126 2552 2197 ejus
2573 2125 2632 2181 in
2661 2124 2881 2185 ﬁscum
2905 2125 3163 2183 redactae
3193 2130 3351 2192 sunt,
3396 2131 3454 2183 et
3482 2127 3647 2184 dono

1984 2214 2140 2283 regis
2158 2212 2310 2268 inter
2338 2212 2660 2268 nobiliores
2696 2214 2788 2248 ¹³²¹
2824 2227 3097 2284 quosque
3145 2212 3478 2270 distributae
3522 2215 3642 2270 ¹⁸²².

2057 2300 2414 2373 Compositis
2445 2300 2646 2372 itaque
2664 2300 2762 2334 ¹³²³
2782 2299 2844 2356 in
2874 2299 3142 2357 orientali
3168 2300 3418 2358 Francia
3442 2301 3645 2371 rebus,

1984 2405 2089 2445 rex
2118 2387 2563 2446 Mediomatrico
2599 2389 2692 2421 '3"
2723 2387 2888 2443 venit
2917 2388 3062 2461 (138)
3092 2387 3294 2461 ibique
3331 2390 3425 2423 ¹³²⁵
3448 2388 3510 2445 in
3540 2404 3647 2462 pu-

1985 2477 2144 2534 blico
2165 2480 2466 2533 conventu
2487 2475 2819 2531 Gerardum
2838 2484 3017 2547 atque
3042 2475 3376 2533 Matfridum
3398 2479 3651 2550 proscri-

1985 2567 2188 2639 ptione
2203 2563 2683 2621 damnavit.lnde
2701 2578 2977 2634 egressus
2996 2564 3645 2637 ‘8“,Strazburgensem

1987 2655 2199 2712 urbem
2234 2656 2333 2689 ‘3"
2362 2653 2524 2723 adiit,
2557 2652 2762 2726 ibique
2793 2652 3150 2728 episcopum
3178 2670 3248 2710 ac
3278 2655 3519 2730 plebem
3561 2658 3646 2714 in-

1988 2750 2073 2805 ter
2100 2762 2161 2802 se
2182 2742 2573 2801 dissidentem
2601 2742 2680 2801 ad
2709 2742 3099 2801 concordiam
3128 2744 3450 2816 revocavit,
3482 2749 3540 2804 et
3563 2746 3644 2805 sic

1982 2835 2186 2891 Rheno
2218 2832 2591 2900 transmisso,
2637 2836 2799 2888 recto
2856 2831 3063 2889 itinere
3109 2833 3173 2889 in
3223 2833 3644 2893 Alamanniam

1979 2923 2252 2997 perrexit.
2278 2926 2383 2979 Per
2410 2922 2573 2978 idem
2604 2925 2842 2996 tempus
2873 2922 3271 2981 Baltrammus
3320 2925 3414 2960 ¹⁸²⁸
3459 2926 3641 2982 Straz-

198 3011 395 3080 peret,
426 3013 481 3065 et
505 3024 542 3065 a
576 3009 805 3083 rapinis
848 3011 967 3079 ‘3”,
999 3010 1264 3067 caedibus
1314 3010 1605 3068 incendiis
1655 3012 1868 3069 saltem
1899 3041 1938 3097 ρ
1976 3013 2292 3084 burgensis
2322 3011 2583 3070 ecclesiae
2624 3016 2680 3068 et
2716 3010 3039 3069 Ludelmus
3080 3013 3176 3047 ¹³²⁹
3219 3012 3508 3071 Tullensis
3540 3015 3639 3050 ¹³³⁰

200 3098 312 3132 ¹⁸¹⁰
341 3097 431 3153 vel
458 3114 590 3155 sero
618 3100 964 3172 quiesceret.
1001 3101 1115 3158 Sed
1144 3101 1238 3157 his
1270 3101 1634 3158 salutaribus
1676 3102 1867 3159 moni-

196 3186 275 3241 tis
303 3200 692 3263 nequaquam
718 3203 1032 3245 assensum
1056 3189 1331 3264 preebuit.
1374 3192 1633 3247 Gemens
1664 3190 1864 3264 itaque

193 3291 311 3332 rex
340 3275 705 3335 obduratum
730 3278 860 3349 ejus
891 3277 1163 3336 animum
1193 3284 1251 3336 et
1277 3279 1338 3336 in
1365 3284 1561 3353 erepta
1588 3279 1860 3337 rebellio-

1975 3101 2235 3159 ecclesite
2275 3100 2576 3175 praesules,
2625 3100 3033 3172 migraverunt
3064 3118 3100 3159 a
3128 3100 3368 3170 seculo;
3412 3103 3635 3176 quibus

1974 3195 2388 3248 successerunt
2435 3206 2497 3246 1n
2547 3190 2875 3263 pontificali
2927 3190 3212 3248 cathedra
3259 3191 3534 3248 Otbertus
3570 3193 3631 3249 in

1973 3279 2424 3351 Strazburgensi
2441 3279 2758 3347 civitate,et
2776 3280 3012 3350 Druogo
3036 3281 3129 3317 ¹³⁸¹
3154 3280 3214 3336 in
3235 3280 3491 3337 Tullensi
3509 3281 3627 3336 ηδ’.

1580 3424 1820 3479 νΑΒΙίΕ
1859 3425 2150 3483 LECTION
2157 3425 2254 3480 ES.

275 3544 377 3619 ’Ψ
406 3548 777 3619 verteruntur
803 3551 857 3601 7.
937 3546 1031 3583 ¹⁸⁰¹
1060 3545 1260 3619 gladio
1283 3547 1625 3619 perstrinxit
1643 3552 1702 3619 κϐ.
1725 3617 1738 3619 Α
1785 3548 1880 3619 ¹ἷ³⁰²
1910 3547 2213 3605 honeratis
2240 3552 2293 3603 2.
2370 3546 2673 3603 honeratis
2702 3553 2756 3603 7.
2816 3545 3197 3619 oneratisque
3252 3550 3449 3604 9-12,
3527 3550 3627 3585 ¹⁸⁰³

193 3613 429 3689 spoliis,
460 3614 685 3685 ingenti
709 3622 761 3673 7.
791 3619 986 3673 9—12.
1066 3613 1162 3654 ῖδο*
1186 3613 1488 3677 abénbere
1512 3625 1564 3677 7.
1640 3617 2112 3689 bababenbereh
2136 3624 2188 3677 2.
2272 3620 2366 3654 “‘03
2394 3624 2588 3673 castro
2618 3622 2671 3674 3.
2810 3616 3067 3689 casti-oio
3097 3613 3151 3689 2.
3240 3618 3337 3655 ¹³⁰⁶
3385 3619 3628 3676 venien-

192 3690 309 3768 tes.
337 3729 364 3768 λ
397 3727 410 3742 .
443 3692 691 3768 vocatur
717 3689 875 3749 deest
903 3693 1097 3768 7—l2.
1178 3690 1280 3768 ¹³⁰ῖ
1300 3688 1598 3768 driburias
1625 3694 1679 3768 2.
1738 3691 1857 3768 f3“
1887 3688 2094 3747 villam
2120 3689 2350 3768 regiam
2374 3695 2427 3744 7.

2510 3690 2603 3722 1309
2628 3686 2927 3758 etrapinis
2953 3691 3087 3741 1-5
3109 3687 3137 3739 ‘I
3169 3691 3222 3743 3.
3254 3693 3307 3742 7.
3386 3690 3485 3758 ἕθίο
3512 3689 3626 3745 sal-

192 3757 308 3813 tim
336 3760 389 3811 2.
470 3758 561 3799 ¹³¹ι
592 3762 785 3819 trassa
812 3775 968 3819 corr.
1004 3764 1228 3819 terassa
1255 3764 1308 3814 2.
1367 3765 1520 3816 teras
1550 3767 1603 3816 7.
1662 3760 1923 3816 tedresse
1954 3775 2111 3815 corr.
2146 3757 2412 3814 tharesse
2439 3762 2491 3811 9.
2548 3762 2741 3812 tarase
2773 3757 2929 3810 corr.
2962 3760 3188 3811 tarasse
3222 3760 3306 3811 10.
3360 3757 3626 3814 tharesse

193 3831 412 3907 11312.
442 3832 719 3907 tetrassa
745 3831 975 3907 imi?"
1000 3831 1225 3907 interea
1252 3831 1462 3907 regine
1491 3836 1544 3887 7.
1598 3831 1813 3907 egio_3.
1856 3832 2167 3907 -ςδξξθῃο-Β.Δ
2232 3828 2329 3907 [3‘3
2374 3826 2541 3907 omni
2598 3824 2995 3907 familiaritate
3035 3830 3097 3907 __3.

190 3898 402 3973 potius
432 3905 493 3973 l._
513 3905 568 3957 2.
596 3907 648 3957 5.
677 3908 730 3956 7.
810 3903 908 3973 ωδ
934 3902 1178 3973 exigens
1208 3907 1260 3957 2.
1324 3896 1439 3973 73?“
1471 3917 1535 3956 se
1565 3896 1691 3969 regi
1716 3905 1772 3973 ξς.
1853 3896 2212 3973 ιθῖτμάθλθοιδ
2238 3904 2290 3954 2.
2370 3897 2879 3973 13'f’hmaneipatur
2900 3896 2989 3973 2‘2

3205 3826 3303 3861 ¹³¹⁴
3358 3825 3625 3884 libertate

3184 3898 3281 3933 ¹³¹⁹
3328 3897 3624 3956 adductus

190 3968 594 4054 ab_omnibus
622 3972 939 4054 capitalem
970 3968 1064 4029 5e:
1099 3972 1525 4054 -A‘3’°MY_I°_‘idus
1554 3968 1657 4054 7.;
1687 3968 2129 4054 ‘3ff_nol>niles'7.
2164 3973 2388 4054 9—i2._
2443 3968 2848 4054 '3j’ndona.m.n.
2879 3968 3196 4054 distributa
3221 3974 3308 4028 5e.
3333 3985 3385 4026 e.
3423 3970 3623 4054 1"bii-ta

188 4041 339 4098 i115.

420 4043 517 4077 ¹³²⁴
544 4042 1068 4105 mediomatricum
1098 4048 1150 4100 5.
1202 4044 1327 4115 _13?5
1357 4042 1560 4115 ibique
1588 4043 1835 4115 deest
1904 4043 2000 4115 εῖνεὲ
2028 4057 2133 4115 reg

2135 4058 2333 4099 ressus
2372 4045 2503 4097 1-3
2528 4040 2556 4095 ?
2594 4045 2694 4113 ii.“
2746 4041 2860 4113 Qui
2892 4040 3413 4113 strasburgensem
3472 4047 3520 4100 l.
3562 4048 3615 4099 ὅ.

189 4118 594 4183 argentanam
618 4115 917 4171 civitatem
947 4119 998 4172 3.
1079 4115 1174 4150 ¹³²⁸
1199 4109 1553 4170 baltramius
1587 4118 1634 4169 1.
1664 4118 1716 4170 5.
1798 4114 1892 4148 ¹³²⁹
1924 4109 2288 4170 luidhelmus
2322 4119 2373 4169 ὅ.
2416 4115 2612 4167 9-12,
2659 4109 3005 4167 liuthelmus
3050 4118 3103 4167 7.
3171 4109 3281 4148 “3°
3326 4113 3617 4170 tulliensis

188 4184 461 4241 ecclesia:
489 4189 542 4240 ὅ.
622 4187 714 4223 ¹³³¹
747 4185 943 4256 drugo

968 4191 1019 4241 5.
1051 4189 1136 4243 1ο.
1191 4185 1425 4255 druogo
1448 4189 1501 4242 2.
1552 4185 1776 4241 druoso
1800 4188 1852 4239 9.
1885 4189 1968 4241 11.
1999 4190 2083 4241 l2.

2192 4186 2287 4219 133’
2317 4183 2590 4240 tulliensi.
2642 4198 2805 4239 anno
2837 4183 3158 4240 Dominicae
3186 4184 3618 4242 incarnationis

187 4256 560 4339 D‘QQQC‘VIII.
580 4262 645 4338 .7.
680 4254 933 4339 tullensi.
962 4258 1260 4339 Eachvoce
1286 4254 1567 4339 desinunt
1594 4257 1821 4339 codices
1855 4260 1903 4311 1.
1936 4259 1987 4311 2.
2021 4262 2097 4339 βλ
2134 4257 2198 4339 ξπ
2230 4258 2338 4313 hoc
2367 4255 2617 4339 additur
2640 4254 2922 4339 Explicit,
2964 4256 3251 4339 caruere
3290 4259 3488 4339 colore
3511 4260 3620 4339 Ex-

185 4326 360 4399 plicit
387 4326 669 4400 chronica
699 4328 1036 4398 Reginonis.
1069 4330 1213 4400 Deo
1243 4328 1695 4400 gracias.0uam
1723 4334 1778 4385 et
1806 4342 1918 4400 nos,
1936 4328 2710 4400 subjicimus,_continuatio
2731 4326 2922 4400 ignoti
2944 4328 3262 4400 cujusdam
3281 4331 3612 4400 scriptoris,

185 4396 363 4474 egctat
391 4400 454 4453 in
484 4399 683 4456 codice
707 4402 758 4474 6_.
789 4396 923 4474 post
951 4399 1137 4474 verba
1157 4414 1181 4455 .·
1209 4396 1457 4474 Explicit
1486 4400 1768 4474 chronica
1798 4396 2101 4470 reginonis
2128 4398 2383 4468 abbatis,
2416 4398 2478 4453 in
2507 4396 2703 4474 cortice
2725 4396 2777 4455 7'.
2815 4399 2895 4474 (et
2916 4396 3311 4474 Frisingensi,
3334 4396 3433 4474 cf.
3468 4396 3615 4474 Afe-

188 4470 279 4523 εἰη
315 4471 355 4524 ι.
386 4485 436 4525 c.
459 4484 525 4539 ρ.
556 4474 684 4541 239)
708 4467 1020 4543 inteijecto
1053 4487 1065 4524 :
1096 4467 1662 4543 Hucusque_regino.
1684 4470 1831 4543 Haec
1861 4467 1997 4542 quae
2028 4474 2310 4543 secuntur
2337 4467 2449 4524 nos
2479 4467 2845 4543 addidimus,
2872 4470 2936 4524 in
2965 4467 3141 4543 9._10§
3174 4474 3256 4543 11.
3294 4467 3392 4525 12(
3411 4468 3614 4543 eadem

182 4543 503 4606 sententia,
532 4540 763 4598 mutato
792 4540 1156 4601 addidimus,
1208 4542 1272 4597 in
1314 4540 1903 4612 addimushtegitur—
1940 4556 1964 4597 .'

2018 4541 2205 4597 codex
2257 4545 2339 4598 11.
2391 4555 2555 4597 voces
2599 4555 2761 4595 anno
2813 4538 3132 4594 DominiCae
3177 4538 3611 4592 incarnationis

184 4612 559 4685 DCCCCVlll.
592 4618 806 4685 temere
833 4614 1033 4673 statim
1061 4617 1196 4685 post
1223 4612 1542 4685 druogoin
1567 4606 1802 4685 tulliens
1832 4654 1845 4678 ,
1878 4611 2005 4685 cod.
2040 4616 2135 4685 l2.
2196 4627 2356 4668 anno
2414 4610 2736 4685 Dominicis
2788 4606 3215 4665 incarnationis
3274 4608 3610 4685 DCCCCVIi.

184 4682 581 4758 ἐρισι-ἰιθείηο
608 4690 662 4741 et
692 4677 1082 4758 Hrecinserit'.
1111 4684 1183 4739 In
1211 4677 1611 4758 editio—nibus;
1640 4677 1917 4738 'l‘ullensi.
1955 4704 1981 4731 «
2012 4684 2329 4758 Hucusque
2361 4682 2602 4755 Regino.
2634 4681 2770 4738 Haec
2796 4695 2942 4737 vero
2984 4694 3119 4754 quae
3150 4681 3484 4750 sequuntur
3512 4677 3614 4733 ad-

184 4751 316 4813 dita
345 4751 603 4811 fortasse
625 4760 765 4813 sunt
790 4754 867 4811 ab
894 4754 1011 4812 alio
1039 4754 1331 4829 quopiam
1358 4756 1680 4815 monacho.
1727 4776 1753 4802 »ι

1793 4896 2013 4955 NOTAE.

287 5024 408 5095 136)
461 5022 789 5094 Weilburg.

216 5164 227 5174 .
258 5023 410 5175 ita)
446 5096 576 5175 iam
607 5109 782 5175 anno.
796 5094 898 5150 903
919 5092 982 5175 in
1011 5092 1338 5175 diplomate
1353 5090 1511 5159 regis
1536 5106 1647 5175 pro
1666 5091 1848 5173 eccle-

178 5164 276 5219 sia
308 5164 787 5235 Wirzeburgensi
810 5164 1175 5221 nominatur.
1190 5166 1400 5235 Postea
1414 5164 1847 5221 monasterium

175 5235 416 5293 factum
444 5253 599 5307 esse,
622 5234 995 5293 Hofmannus
1012 5237 1075 5292 in
1094 5234 1424 5291 Annalibus
1448 5235 1848 5305 Bambergen—

175 5306 361 5363 sibus
389 5306 669 5364 aﬂrmat.
972 5314 977 5317 ’

257 5379 408 5451 (138)
448 5382 649 5435 Exstat
665 5377 935 5455 diploma
962 5378 1192 5453 regium
1234 5377 1562 5435 Ludhelm0
1590 5375 1845 5434 Tullensi

1955 5021 2239 5103 episcopo
2263 5035 2626 5101 concessum
2647 5017 2924 5101 Kalendis
2952 5016 3402 5102 Septembribus
3431 5018 3613 5147 huius

1955 5108 2117 5147 anni.
2151 5098 2351 5147 actum
2381 5092 2547 5147 Tullo
2576 5094 2829 5147 cmtate.
2866 5089 3030 5147 apud
3068 5088 3293 5146 Calmet
3318 5093 3457 5147 Hist.
3552 5107 3613 5147 o-

1954 5098 2117 5156 anni,
2151 5098 2351 5150 actum
2381 5098 2547 5147 Tullo
2576 5098 2829 5157 civitate,
2866 5098 3030 5162 apud
3068 5098 3293 5146 Calmet
3318 5098 3457 5147 Hist.
3510 5098 3614 5147 Lo-

1953 5164 2285 5242 tharing.pl,
2317 5168 2470 5242 332;.
2488 5160 2655 5241 quod
2685 5160 2735 5215 si
2758 5175 2869 5242 pro
2899 5162 3161 5242 genuino
3190 5160 3486 5242 habetur,_
3506 5177 3613 5242 rex

1953 5230 2255 5307 Adalbérti
2284 5230 2579 5307 punitiphi
2604 5230 3014 5307 non_adfuisse
3043 5230 3528 5307 censendusest,
3547 5236 3614 5291 Et

1956 5302 2319 5362 Ludhelmus
2343 5321 2401 5359 ιιι
2430 5303 2512 5358 id.
2544 5302 2910 5375 Sept._hujus
2961 5305 3103 5361 anni
3141 5304 3306 5360 obiit.
3336 5303 3419 5361 Cf.
3461 5304 3607 5360 Hist.

1954 5377 2135 5450 episc.
2168 5374 2531 5432 Tullensium
2560 5373 2725 5447 apud
2755 5373 2996 5447 Calmet,
3020 5376 3276 5434 Probatt.
3308 5390 3369 5448 p.
3407 5378 3526 5433 130.

1526 5619 2292 5651 φο*-
