  <div class='ocr_page' id='page_1' title='image "/cluster/home/n/w/nwhite01/storage/ocr_20150623/132/hvd.32044054759931/087.png"; bbox 0 0 4086 6200; ppageno 0'>
   <div class='ocr_carea' id='block_1_1' title="bbox 441 83 2054 184">
    <p class='ocr_par' dir='ltr' id='par_1_1' title="bbox 441 83 2053 184">
     <span class='ocr_line' id='line_1_1' title="bbox 441 83 2053 184; baseline -0.005 -2"><span class='ocrx_word' id='word_1_1' title='bbox 441 131 539 184; x_wconf 83' lang='grc'><strong>163</strong></span> <span class='ocrx_word' id='word_1_2' title='bbox 1219 83 1709 180; x_wconf 69' lang='lat' dir='ltr'><strong>commence</strong></span> <span class='ocrx_word' id='word_1_3' title='bbox 1750 118 2053 176; x_wconf 77' lang='lat' dir='ltr'><strong>cuaomc</strong></span> 
     </span>
    </p>
   </div>
   <div class='ocr_carea' id='block_1_2' title="bbox 2244 83 3857 184">
    <p class='ocr_par' dir='ltr' id='par_1_2' title="bbox 2244 117 3857 176">
     <span class='ocr_line' id='line_1_2' title="bbox 2244 117 3857 176; baseline 0.006 -9"><span class='ocrx_word' id='word_1_4' title='bbox 2244 117 2511 174; x_wconf 80' lang='lat' dir='ltr'><strong>&#39;rINONlS.</strong></span> <span class='ocrx_word' id='word_1_5' title='bbox 2555 148 2620 158; x_wconf 89' lang='lat'><strong>—-</strong></span> <span class='ocrx_word' id='word_1_6' title='bbox 2658 123 2771 175; x_wconf 81' lang='lat' dir='ltr'><strong>AN.</strong></span> <span class='ocrx_word' id='word_1_7' title='bbox 2813 123 3066 176; x_wconf 59' lang='lat'><strong>955-955.</strong></span> <span class='ocrx_word' id='word_1_8' title='bbox 3757 124 3857 176; x_wconf 61' lang='grc'><strong>164</strong></span> 
     </span>
    </p>
   </div>
   <div class='ocr_carea' id='block_1_3' title="bbox 435 236 3871 318">
    <p class='ocr_par' dir='ltr' id='par_1_3' title="bbox 435 236 3871 318">
     <span class='ocr_line' id='line_1_3' title="bbox 435 236 3871 318; baseline -0.002 -12"><span class='ocrx_word' id='word_1_9' title='bbox 435 236 782 316; x_wconf 85' lang='lat' dir='ltr'><strong>tendebant,</strong></span> <span class='ocrx_word' id='word_1_10' title='bbox 815 246 926 303; x_wconf 90' lang='lat' dir='ltr'><strong>sed</strong></span> <span class='ocrx_word' id='word_1_11' title='bbox 963 249 1168 318; x_wconf 86' lang='lat' dir='ltr'><strong>aperta</strong></span> <span class='ocrx_word' id='word_1_12' title='bbox 1209 242 1548 300; x_wconf 81' lang='lat' dir='ltr'><strong>rebellionis</strong></span> <span class='ocrx_word' id='word_1_13' title='bbox 1593 243 1770 312; x_wconf 89' lang='lat' dir='ltr'><strong>signa</strong></span> <span class='ocrx_word' id='word_1_14' title='bbox 1808 243 2101 296; x_wconf 86' lang='lat' dir='ltr'><strong>monstra-</strong></span> <span class='ocrx_word' id='word_1_15' title='bbox 2127 239 2180 292; x_wconf 82' lang='lat' dir='ltr'><strong>A</strong></span> <span class='ocrx_word' id='word_1_16' title='bbox 2211 237 2540 295; x_wconf 82' lang='lat' dir='ltr'><strong>Bawariam</strong></span> <span class='ocrx_word' id='word_1_17' title='bbox 2566 239 2674 296; x_wconf 90' lang='lat' dir='ltr'><strong>iter</strong></span> <span class='ocrx_word' id='word_1_18' title='bbox 2702 239 2964 309; x_wconf 80' lang='lat' dir='ltr'><strong>dirigens</strong></span> <span class='ocrx_word' id='word_1_19' title='bbox 2995 243 3112 307; x_wconf 60' lang='grc' dir='ltr'><strong>ηπ,</strong></span> <span class='ocrx_word' id='word_1_20' title='bbox 3147 237 3573 296; x_wconf 84' lang='lat' dir='ltr'><strong>Radasbonam</strong></span> <span class='ocrx_word' id='word_1_21' title='bbox 3605 241 3871 311; x_wconf 81' lang='lat' dir='ltr'><strong>obsedit;</strong></span> 
     </span>
    </p>
   </div>
   <div class='ocr_carea' id='block_1_4' title="bbox 435 328 3872 405">
    <p class='ocr_par' dir='ltr' id='par_1_4' title="bbox 435 328 3872 405">
     <span class='ocr_line' id='line_1_4' title="bbox 435 328 3872 405; baseline -0.001 -11"><span class='ocrx_word' id='word_1_22' title='bbox 435 338 603 394; x_wconf 90' lang='lat' dir='ltr'><strong>bant.</strong></span> <span class='ocrx_word' id='word_1_23' title='bbox 663 341 782 393; x_wconf 82' lang='lat' dir='ltr'><strong>Rex</strong></span> <span class='ocrx_word' id='word_1_24' title='bbox 832 335 1011 405; x_wconf 90' lang='lat' dir='ltr'><strong>igitur</strong></span> <span class='ocrx_word' id='word_1_25' title='bbox 1060 333 1425 403; x_wconf 88' lang='lat' dir='ltr'><strong>lnglenheim</strong></span> <span class='ocrx_word' id='word_1_26' title='bbox 1468 331 1842 404; x_wconf 82' lang='lat' dir='ltr'><strong>perveniens,</strong></span> <span class='ocrx_word' id='word_1_27' title='bbox 1887 328 2100 402; x_wconf 87' lang='lat' dir='ltr'><strong>paucis</strong></span> <span class='ocrx_word' id='word_1_28' title='bbox 2209 328 2266 383; x_wconf 88' lang='lat' dir='ltr'><strong>in</strong></span> <span class='ocrx_word' id='word_1_29' title='bbox 2297 345 2422 400; x_wconf 90' lang='lat' dir='ltr'><strong>qua</strong></span> <span class='ocrx_word' id='word_1_30' title='bbox 2451 328 2763 386; x_wconf 86' lang='lat' dir='ltr'><strong>obsidione</strong></span> <span class='ocrx_word' id='word_1_31' title='bbox 2793 346 2946 402; x_wconf 90' lang='lat' dir='ltr'><strong>pene</strong></span> <span class='ocrx_word' id='word_1_32' title='bbox 2972 346 3163 402; x_wconf 91' lang='lat' dir='ltr'><strong>usque</strong></span> <span class='ocrx_word' id='word_1_33' title='bbox 3186 328 3447 385; x_wconf 76' lang='lat' dir='ltr'><strong>natalem</strong></span> <span class='ocrx_word' id='word_1_34' title='bbox 3471 330 3706 387; x_wconf 88' lang='lat' dir='ltr'><strong>Domini</strong></span> <span class='ocrx_word' id='word_1_35' title='bbox 3733 349 3872 405; x_wconf 87' lang='lat' dir='ltr'><strong>per-</strong></span> 
     </span>
    </p>
   </div>
   <div class='ocr_carea' id='block_1_5' title="bbox 439 417 3873 491">
    <p class='ocr_par' dir='ltr' id='par_1_5' title="bbox 439 417 3873 491">
     <span class='ocr_line' id='line_1_5' title="bbox 439 417 3873 491; baseline -0.001 -11"><span class='ocrx_word' id='word_1_36' title='bbox 439 428 538 461; x_wconf 80' lang='grc'><strong>¹⁶⁶⁰</strong></span> <span class='ocrx_word' id='word_1_37' title='bbox 569 439 816 482; x_wconf 88' lang='lat' dir='ltr'><strong>suorum</strong></span> <span class='ocrx_word' id='word_1_38' title='bbox 866 422 1136 479; x_wconf 87' lang='lat' dir='ltr'><strong>ﬁdelium</strong></span> <span class='ocrx_word' id='word_1_39' title='bbox 1191 437 1402 476; x_wconf 81' lang='lat' dir='ltr'><strong>secum</strong></span> <span class='ocrx_word' id='word_1_40' title='bbox 1452 420 1688 491; x_wconf 89' lang='lat' dir='ltr'><strong>habitis,</strong></span> <span class='ocrx_word' id='word_1_41' title='bbox 1737 435 1861 474; x_wconf 91' lang='lat' dir='ltr'><strong>non</strong></span> <span class='ocrx_word' id='word_1_42' title='bbox 1907 421 2099 473; x_wconf 86' lang='lat' dir='ltr'><strong>tutum</strong></span> <span class='ocrx_word' id='word_1_43' title='bbox 2210 417 2447 473; x_wconf 84' lang='lat' dir='ltr'><strong>mansit.</strong></span> <span class='ocrx_word' id='word_1_44' title='bbox 2483 418 2703 474; x_wconf 86' lang='lat' dir='ltr'><strong>Eodem</strong></span> <span class='ocrx_word' id='word_1_45' title='bbox 2737 435 2899 474; x_wconf 89' lang='lat' dir='ltr'><strong>anno</strong></span> <span class='ocrx_word' id='word_1_46' title='bbox 2953 417 3271 487; x_wconf 86' lang='lat' dir='ltr'><strong>Wigfridus</strong></span> <span class='ocrx_word' id='word_1_47' title='bbox 3326 419 3446 484; x_wconf 60' lang='grc' dir='ltr'><strong>ποτε,</strong></span> <span class='ocrx_word' id='word_1_48' title='bbox 3499 419 3873 477; x_wconf 84' lang='lat' dir='ltr'><strong>Coloniensis</strong></span> 
     </span>
    </p>
   </div>
   <div class='ocr_carea' id='block_1_6' title="bbox 353 506 3878 582">
    <p class='ocr_par' dir='ltr' id='par_1_6' title="bbox 353 506 3878 582">
     <span class='ocr_line' id='line_1_6' title="bbox 353 506 3878 582; baseline -0.001 -10"><span class='ocrx_word' id='word_1_49' title='bbox 353 565 358 572; x_wconf 88' lang='lat'><strong>.</strong></span> <span class='ocrx_word' id='word_1_50' title='bbox 440 518 533 552; x_wconf 68' lang='lat'><strong>&#39;5“</strong></span> <span class='ocrx_word' id='word_1_51' title='bbox 563 516 715 572; x_wconf 90' lang='lat' dir='ltr'><strong>inter</strong></span> <span class='ocrx_word' id='word_1_52' title='bbox 751 512 985 569; x_wconf 89' lang='lat' dir='ltr'><strong>medios</strong></span> <span class='ocrx_word' id='word_1_53' title='bbox 1017 513 1217 568; x_wconf 78' lang='lat' dir='ltr'><strong>hostes</strong></span> <span class='ocrx_word' id='word_1_54' title='bbox 1263 511 1495 582; x_wconf 78' lang='lat' dir='ltr'><strong>pascha</strong></span> <span class='ocrx_word' id='word_1_55' title='bbox 1543 508 1970 566; x_wconf 87' lang='lat' dir='ltr'><strong>celebrandum</strong></span> <span class='ocrx_word' id='word_1_56' title='bbox 2009 522 2097 562; x_wconf 88' lang='lat' dir='ltr'><strong>ra-</strong></span> <span class='ocrx_word' id='word_1_57' title='bbox 2209 506 2470 563; x_wconf 83' lang='lat' dir='ltr'><strong>ecclesiae</strong></span> <span class='ocrx_word' id='word_1_58' title='bbox 2496 507 3200 580; x_wconf 89' lang='lat' dir='ltr'><strong>archiepiscopus,obiit;</strong></span> <span class='ocrx_word' id='word_1_59' title='bbox 3228 507 3322 563; x_wconf 92' lang='lat' dir='ltr'><strong>cui</strong></span> <span class='ocrx_word' id='word_1_60' title='bbox 3354 508 3515 563; x_wconf 91' lang='lat' dir='ltr'><strong>Brun</strong></span> <span class='ocrx_word' id='word_1_61' title='bbox 3549 510 3666 574; x_wconf 61' lang='grc' dir='ltr'><strong>ηπ,</strong></span> <span class='ocrx_word' id='word_1_62' title='bbox 3693 510 3878 567; x_wconf 81' lang='lat' dir='ltr'><strong>frater</strong></span> 
     </span>
    </p>
   </div>
   <div class='ocr_carea' id='block_1_7' title="bbox 434 595 3878 673">
    <p class='ocr_par' dir='ltr' id='par_1_7' title="bbox 434 595 3878 673">
     <span class='ocr_line' id='line_1_7' title="bbox 434 595 3878 673; baseline -0.002 -13"><span class='ocrx_word' id='word_1_63' title='bbox 434 609 553 671; x_wconf 91' lang='lat' dir='ltr'><strong>tus,</strong></span> <span class='ocrx_word' id='word_1_64' title='bbox 583 602 943 673; x_wconf 78' lang='lat' dir='ltr'><strong>Magontiam</strong></span> <span class='ocrx_word' id='word_1_65' title='bbox 973 600 1113 656; x_wconf 90' lang='lat' dir='ltr'><strong>inde</strong></span> <span class='ocrx_word' id='word_1_66' title='bbox 1145 600 1425 656; x_wconf 83' lang='lat' dir='ltr'><strong>secessit:</strong></span> <span class='ocrx_word' id='word_1_67' title='bbox 1457 599 1559 655; x_wconf 92' lang='lat' dir='ltr'><strong>ubi</strong></span> <span class='ocrx_word' id='word_1_68' title='bbox 1591 598 1758 654; x_wconf 79' lang='lat' dir='ltr'><strong>aliter</strong></span> <span class='ocrx_word' id='word_1_69' title='bbox 1784 611 1972 670; x_wconf 87' lang='lat' dir='ltr'><strong>quam</strong></span> <span class='ocrx_word' id='word_1_70' title='bbox 2013 610 2098 649; x_wconf 92' lang='lat' dir='ltr'><strong>re-</strong></span> <span class='ocrx_word' id='word_1_71' title='bbox 2207 595 2382 665; x_wconf 90' lang='lat' dir='ltr'><strong>regis.</strong></span> <span class='ocrx_word' id='word_1_72' title='bbox 2417 596 2770 666; x_wconf 86' lang='lat' dir='ltr'><strong>succedens,</strong></span> <span class='ocrx_word' id='word_1_73' title='bbox 2795 597 2974 652; x_wconf 85' lang='lat' dir='ltr'><strong>totius</strong></span> <span class='ocrx_word' id='word_1_74' title='bbox 3009 598 3106 633; x_wconf 70' lang='grc'><strong>1⁵⁷⁸</strong></span> <span class='ocrx_word' id='word_1_75' title='bbox 3139 596 3535 652; x_wconf 88' lang='lat' dir='ltr'><strong>Lothariensis</strong></span> <span class='ocrx_word' id='word_1_76' title='bbox 3563 599 3734 667; x_wconf 82' lang='lat' dir='ltr'><strong>regni</strong></span> <span class='ocrx_word' id='word_1_77' title='bbox 3763 599 3878 654; x_wconf 80' lang='lat' dir='ltr'><strong>du-</strong></span> 
     </span>
    </p>
   </div>
   <div class='ocr_carea' id='block_1_8' title="bbox 435 684 3874 762">
    <p class='ocr_par' dir='ltr' id='par_1_8' title="bbox 435 684 3874 762">
     <span class='ocr_line' id='line_1_8' title="bbox 435 684 3874 762; baseline -0.001 -13"><span class='ocrx_word' id='word_1_78' title='bbox 435 709 574 762; x_wconf 87' lang='lat' dir='ltr'><strong>gem</strong></span> <span class='ocrx_word' id='word_1_79' title='bbox 601 691 874 759; x_wconf 89' lang='lat' dir='ltr'><strong>decebat,</strong></span> <span class='ocrx_word' id='word_1_80' title='bbox 901 691 1124 746; x_wconf 86' lang='lat' dir='ltr'><strong>diutius</strong></span> <span class='ocrx_word' id='word_1_81' title='bbox 1154 695 1291 746; x_wconf 84' lang='lat' dir='ltr'><strong>ante</strong></span> <span class='ocrx_word' id='word_1_82' title='bbox 1337 694 1542 762; x_wconf 88' lang='lat' dir='ltr'><strong>portas</strong></span> <span class='ocrx_word' id='word_1_83' title='bbox 1590 692 1936 760; x_wconf 79' lang='lat' dir='ltr'><strong>expectans,</strong></span> <span class='ocrx_word' id='word_1_84' title='bbox 1987 684 2100 740; x_wconf 82' lang='lat' dir='ltr'><strong>Fri-</strong></span> <span class='ocrx_word' id='word_1_85' title='bbox 2206 691 2410 750; x_wconf 87' lang='lat' dir='ltr'><strong>catum</strong></span> <span class='ocrx_word' id='word_1_86' title='bbox 2434 690 2492 744; x_wconf 91' lang='lat' dir='ltr'><strong>et</strong></span> <span class='ocrx_word' id='word_1_87' title='bbox 2517 687 2785 758; x_wconf 88' lang='lat' dir='ltr'><strong>regimen</strong></span> <span class='ocrx_word' id='word_1_88' title='bbox 2833 689 2924 722; x_wconf 69' lang='grc' dir='ltr'><strong>¹⁵ττ</strong></span> <span class='ocrx_word' id='word_1_89' title='bbox 2983 704 3121 743; x_wconf 90' lang='lat' dir='ltr'><strong>cum</strong></span> <span class='ocrx_word' id='word_1_90' title='bbox 3181 686 3534 759; x_wconf 83' lang='lat' dir='ltr'><strong>episcopatu</strong></span> <span class='ocrx_word' id='word_1_91' title='bbox 3590 689 3874 762; x_wconf 84' lang='lat' dir='ltr'><strong>suscepit.</strong></span> 
     </span>
    </p>
   </div>
   <div class='ocr_carea' id='block_1_9' title="bbox 429 774 3094 853">
    <p class='ocr_par' dir='ltr' id='par_1_9' title="bbox 429 774 3094 853">
     <span class='ocr_line' id='line_1_9' title="bbox 429 774 3094 853; baseline -0.003 -15"><span class='ocrx_word' id='word_1_92' title='bbox 429 782 635 839; x_wconf 92' lang='lat' dir='ltr'><strong>derico</strong></span> <span class='ocrx_word' id='word_1_93' title='bbox 665 781 1116 853; x_wconf 84' lang='lat' dir='ltr'><strong>archiepiscopo</strong></span> <span class='ocrx_word' id='word_1_94' title='bbox 1141 779 1270 851; x_wconf 86' lang='lat' dir='ltr'><strong>jam</strong></span> <span class='ocrx_word' id='word_1_95' title='bbox 1286 795 1426 836; x_wconf 89' lang='lat' dir='ltr'><strong>cum</strong></span> <span class='ocrx_word' id='word_1_96' title='bbox 1446 777 1558 833; x_wconf 87' lang='lat' dir='ltr'><strong>illis</strong></span> <span class='ocrx_word' id='word_1_97' title='bbox 1579 777 1979 850; x_wconf 82' lang='lat' dir='ltr'><strong>conspirante,</strong></span> <span class='ocrx_word' id='word_1_98' title='bbox 2002 774 2099 830; x_wconf 88' lang='lat' dir='ltr'><strong>vix</strong></span> <span class='ocrx_word' id='word_1_99' title='bbox 2209 774 2548 846; x_wconf 86' lang='lat' dir='ltr'><strong>Liutgarda,</strong></span> <span class='ocrx_word' id='word_1_100' title='bbox 2576 775 2696 833; x_wconf 86' lang='lat' dir='ltr'><strong>ﬁlia</strong></span> <span class='ocrx_word' id='word_1_101' title='bbox 2723 776 2898 847; x_wconf 89' lang='lat' dir='ltr'><strong>regis,</strong></span> <span class='ocrx_word' id='word_1_102' title='bbox 2931 776 3094 832; x_wconf 90' lang='lat' dir='ltr'><strong>obiit.</strong></span> 
     </span>
    </p>
   </div>
   <div class='ocr_carea' id='block_1_10' title="bbox 430 866 3214 941">
    <p class='ocr_par' dir='ltr' id='par_1_10' title="bbox 430 866 3214 941">
     <span class='ocr_line' id='line_1_10' title="bbox 430 866 3214 941; baseline -0.002 -14"><span class='ocrx_word' id='word_1_103' title='bbox 430 872 602 928; x_wconf 84' lang='lat' dir='ltr'><strong>urbis</strong></span> <span class='ocrx_word' id='word_1_104' title='bbox 629 872 968 941; x_wconf 86' lang='lat' dir='ltr'><strong>ingressum</strong></span> <span class='ocrx_word' id='word_1_105' title='bbox 997 868 1274 924; x_wconf 87' lang='lat' dir='ltr'><strong>obtinuit.</strong></span> <span class='ocrx_word' id='word_1_106' title='bbox 1306 871 1466 923; x_wconf 92' lang='lat' dir='ltr'><strong>Tunc</strong></span> <span class='ocrx_word' id='word_1_107' title='bbox 1494 866 1778 923; x_wconf 85' lang='lat' dir='ltr'><strong>Liutolfus</strong></span> <span class='ocrx_word' id='word_1_108' title='bbox 1799 866 2098 922; x_wconf 88' lang='lat' dir='ltr'><strong>etChuon-</strong></span> <span class='ocrx_word' id='word_1_109' title='bbox 2858 868 3214 924; x_wconf 83' lang='lat' dir='ltr'><strong>DCCCCLIV.</strong></span> 
     </span>
    </p>
   </div>
   <div class='ocr_carea' id='block_1_11' title="bbox 431 953 3879 1026">
    <p class='ocr_par' dir='ltr' id='par_1_11' title="bbox 431 953 3879 1026">
     <span class='ocr_line' id='line_1_11' title="bbox 431 953 3879 1026; baseline -0.001 -11"><span class='ocrx_word' id='word_1_110' title='bbox 431 961 618 1016; x_wconf 79' lang='lat' dir='ltr'><strong>radiis</strong></span> <span class='ocrx_word' id='word_1_111' title='bbox 646 960 726 1015; x_wconf 87' lang='lat' dir='ltr'><strong>ibi</strong></span> <span class='ocrx_word' id='word_1_112' title='bbox 753 960 891 1014; x_wconf 86' lang='lat' dir='ltr'><strong>ﬁcta</strong></span> <span class='ocrx_word' id='word_1_113' title='bbox 920 960 1016 994; x_wconf 69' lang='grc'><strong>¹⁵⁶²</strong></span> <span class='ocrx_word' id='word_1_114' title='bbox 1045 958 1124 1013; x_wconf 78' lang='lat' dir='ltr'><strong>ad</strong></span> <span class='ocrx_word' id='word_1_115' title='bbox 1149 972 1291 1012; x_wconf 90' lang='lat' dir='ltr'><strong>eum</strong></span> <span class='ocrx_word' id='word_1_116' title='bbox 1319 955 1676 1024; x_wconf 83' lang='lat' dir='ltr'><strong>humilitate,</strong></span> <span class='ocrx_word' id='word_1_117' title='bbox 1717 959 1784 1010; x_wconf 91' lang='lat' dir='ltr'><strong>ut</strong></span> <span class='ocrx_word' id='word_1_118' title='bbox 1808 959 1945 1026; x_wconf 88' lang='lat' dir='ltr'><strong>post</strong></span> <span class='ocrx_word' id='word_1_119' title='bbox 1982 953 2098 1008; x_wconf 88' lang='lat' dir='ltr'><strong>cla-</strong></span> <span class='ocrx_word' id='word_1_120' title='bbox 2276 957 2344 1009; x_wconf 83' lang='grc' dir='ltr'><strong>Α.</strong></span> <span class='ocrx_word' id='word_1_121' title='bbox 2379 956 2443 1010; x_wconf 90' lang='lat' dir='ltr'><strong>D.</strong></span> <span class='ocrx_word' id='word_1_122' title='bbox 2479 959 2521 1011; x_wconf 92' lang='lat' dir='ltr'><strong>l.</strong></span> <span class='ocrx_word' id='word_1_123' title='bbox 2546 958 2652 1011; x_wconf 82' lang='grc'><strong>954</strong></span> <span class='ocrx_word' id='word_1_124' title='bbox 2681 971 2807 1025; x_wconf 89' lang='lat' dir='ltr'><strong>rex,</strong></span> <span class='ocrx_word' id='word_1_125' title='bbox 2839 955 3068 1010; x_wconf 89' lang='lat' dir='ltr'><strong>omissa</strong></span> <span class='ocrx_word' id='word_1_126' title='bbox 3113 953 3447 1026; x_wconf 88' lang='lat' dir='ltr'><strong>obsidione,</strong></span> <span class='ocrx_word' id='word_1_127' title='bbox 3496 955 3554 1010; x_wconf 90' lang='lat' dir='ltr'><strong>in</strong></span> <span class='ocrx_word' id='word_1_128' title='bbox 3611 956 3879 1014; x_wconf 75' lang='lat' dir='ltr'><strong>Saxonis.</strong></span> 
     </span>
    </p>
   </div>
   <div class='ocr_carea' id='block_1_12' title="bbox 431 1042 3878 1118">
    <p class='ocr_par' dir='ltr' id='par_1_12' title="bbox 431 1042 3878 1118">
     <span class='ocr_line' id='line_1_12' title="bbox 431 1042 3878 1118; baseline -0.002 -12"><span class='ocrx_word' id='word_1_129' title='bbox 431 1050 552 1106; x_wconf 90' lang='lat' dir='ltr'><strong>ruit</strong></span> <span class='ocrx_word' id='word_1_130' title='bbox 575 1048 894 1118; x_wconf 87' lang='lat' dir='ltr'><strong>venientes,</strong></span> <span class='ocrx_word' id='word_1_131' title='bbox 919 1047 1067 1102; x_wconf 84' lang='lat' dir='ltr'><strong>nihil</strong></span> <span class='ocrx_word' id='word_1_132' title='bbox 1095 1045 1306 1102; x_wconf 85' lang='lat' dir='ltr'><strong>talium</strong></span> <span class='ocrx_word' id='word_1_133' title='bbox 1333 1060 1395 1101; x_wconf 88' lang='lat' dir='ltr'><strong>se</strong></span> <span class='ocrx_word' id='word_1_134' title='bbox 1442 1045 1504 1100; x_wconf 90' lang='lat' dir='ltr'><strong>in</strong></span> <span class='ocrx_word' id='word_1_135' title='bbox 1540 1045 1672 1116; x_wconf 88' lang='lat' dir='ltr'><strong>ejus</strong></span> <span class='ocrx_word' id='word_1_136' title='bbox 1715 1043 2095 1100; x_wconf 83' lang='lat' dir='ltr'><strong>eontrarieta-</strong></span> <span class='ocrx_word' id='word_1_137' title='bbox 2203 1043 2465 1098; x_wconf 88' lang='lat' dir='ltr'><strong>natalem</strong></span> <span class='ocrx_word' id='word_1_138' title='bbox 2489 1043 2722 1099; x_wconf 88' lang='lat' dir='ltr'><strong>Domini</strong></span> <span class='ocrx_word' id='word_1_139' title='bbox 2747 1043 3085 1110; x_wconf 87' lang='lat' dir='ltr'><strong>celebravit,</strong></span> <span class='ocrx_word' id='word_1_140' title='bbox 3119 1042 3454 1115; x_wconf 87' lang='lat' dir='ltr'><strong>iterumque</strong></span> <span class='ocrx_word' id='word_1_141' title='bbox 3503 1046 3600 1080; x_wconf 73' lang='grc'><strong>⁸³⁷⁸</strong></span> <span class='ocrx_word' id='word_1_142' title='bbox 3652 1061 3878 1118; x_wconf 76' lang='lat' dir='ltr'><strong>appro~</strong></span> 
     </span>
    </p>
   </div>
   <div class='ocr_carea' id='block_1_13' title="bbox 433 1131 3873 1206">
    <p class='ocr_par' dir='ltr' id='par_1_13' title="bbox 433 1131 3873 1206">
     <span class='ocr_line' id='line_1_13' title="bbox 433 1131 3873 1206; baseline -0.001 -11"><span class='ocrx_word' id='word_1_143' title='bbox 433 1143 554 1195; x_wconf 86' lang='lat' dir='ltr'><strong>tem</strong></span> <span class='ocrx_word' id='word_1_144' title='bbox 589 1140 686 1174; x_wconf 73' lang='grc'>¹⁵⁶⁸</span> <span class='ocrx_word' id='word_1_145' title='bbox 717 1137 916 1206; x_wconf 79' lang='lat' dir='ltr'><strong>egisse</strong></span> <span class='ocrx_word' id='word_1_146' title='bbox 953 1135 1252 1202; x_wconf 88' lang='lat' dir='ltr'><strong>dicebant,</strong></span> <span class='ocrx_word' id='word_1_147' title='bbox 1291 1134 1395 1190; x_wconf 89' lang='lat' dir='ltr'><strong>sed</strong></span> <span class='ocrx_word' id='word_1_148' title='bbox 1445 1134 1494 1189; x_wconf 89' lang='lat' dir='ltr'><strong>si</strong></span> <span class='ocrx_word' id='word_1_149' title='bbox 1536 1133 1868 1198; x_wconf 88' lang='lat' dir='ltr'><strong>Heinricus,</strong></span> <span class='ocrx_word' id='word_1_150' title='bbox 1918 1132 2096 1187; x_wconf 84' lang='lat' dir='ltr'><strong>frater</strong></span> <span class='ocrx_word' id='word_1_151' title='bbox 2205 1131 2534 1204; x_wconf 91' lang='lat' dir='ltr'><strong>pinquante</strong></span> <span class='ocrx_word' id='word_1_152' title='bbox 2557 1133 3021 1205; x_wconf 83' lang='lat' dir='ltr'><strong>quadragesima</strong></span> <span class='ocrx_word' id='word_1_153' title='bbox 3069 1132 3130 1187; x_wconf 90' lang='lat' dir='ltr'><strong>in</strong></span> <span class='ocrx_word' id='word_1_154' title='bbox 3181 1134 3511 1189; x_wconf 86' lang='lat' dir='ltr'><strong>Bawariam</strong></span> <span class='ocrx_word' id='word_1_155' title='bbox 3556 1135 3873 1191; x_wconf 86' lang='lat' dir='ltr'><strong>remeavit.</strong></span> 
     </span>
    </p>
   </div>
   <div class='ocr_carea' id='block_1_14' title="bbox 431 1220 3880 1298">
    <p class='ocr_par' dir='ltr' id='par_1_14' title="bbox 431 1220 3880 1298">
     <span class='ocr_line' id='line_1_14' title="bbox 431 1220 3880 1298; baseline -0.001 -16"><span class='ocrx_word' id='word_1_156' title='bbox 431 1228 583 1297; x_wconf 89' lang='lat' dir='ltr'><strong>ejus,</strong></span> <span class='ocrx_word' id='word_1_157' title='bbox 606 1226 668 1281; x_wconf 91' lang='lat' dir='ltr'><strong>in</strong></span> <span class='ocrx_word' id='word_1_158' title='bbox 691 1224 919 1298; x_wconf 79' lang='lat' dir='ltr'><strong>pascha</strong></span> <span class='ocrx_word' id='word_1_159' title='bbox 950 1223 1314 1293; x_wconf 89' lang='lat' dir='ltr'><strong>lnglenheim</strong></span> <span class='ocrx_word' id='word_1_160' title='bbox 1343 1224 1592 1291; x_wconf 82' lang='lat' dir='ltr'><strong>veniret,</strong></span> <span class='ocrx_word' id='word_1_161' title='bbox 1623 1223 1794 1278; x_wconf 91' lang='lat' dir='ltr'><strong>illum</strong></span> <span class='ocrx_word' id='word_1_162' title='bbox 1841 1237 1902 1277; x_wconf 91' lang='lat' dir='ltr'><strong>se</strong></span> <span class='ocrx_word' id='word_1_163' title='bbox 1932 1237 2094 1277; x_wconf 89' lang='lat' dir='ltr'><strong>com-</strong></span> <span class='ocrx_word' id='word_1_164' title='bbox 2207 1220 2291 1275; x_wconf 90' lang='lat' dir='ltr'><strong>Ibi</strong></span> <span class='ocrx_word' id='word_1_165' title='bbox 2323 1221 2612 1276; x_wconf 87' lang='lat' dir='ltr'><strong>Heroldus</strong></span> <span class='ocrx_word' id='word_1_166' title='bbox 2647 1224 2744 1257; x_wconf 66' lang='lat'><strong>“79</strong></span> <span class='ocrx_word' id='word_1_167' title='bbox 2776 1221 3267 1294; x_wconf 86' lang='lat' dir='ltr'><strong>archiepiscopus</strong></span> <span class='ocrx_word' id='word_1_168' title='bbox 3299 1224 3445 1294; x_wconf 78' lang='grc'><strong>(174)</strong></span> <span class='ocrx_word' id='word_1_169' title='bbox 3491 1240 3527 1278; x_wconf 92' lang='lat' dir='ltr'><strong>a</strong></span> <span class='ocrx_word' id='word_1_170' title='bbox 3577 1223 3758 1280; x_wconf 87' lang='lat' dir='ltr'><strong>fratre</strong></span> <span class='ocrx_word' id='word_1_171' title='bbox 3790 1241 3880 1279; x_wconf 90' lang='lat' dir='ltr'><strong>re-</strong></span> 
     </span>
    </p>
   </div>
   <div class='ocr_carea' id='block_1_15' title="bbox 432 1308 3870 1385">
    <p class='ocr_par' dir='ltr' id='par_1_15' title="bbox 432 1308 3870 1385">
     <span class='ocr_line' id='line_1_15' title="bbox 432 1308 3870 1385; baseline -0 -17"><span class='ocrx_word' id='word_1_172' title='bbox 432 1314 834 1385; x_wconf 91' lang='lat' dir='ltr'><strong>prehensuros</strong></span> <span class='ocrx_word' id='word_1_173' title='bbox 858 1327 982 1368; x_wconf 90' lang='lat' dir='ltr'><strong>non</strong></span> <span class='ocrx_word' id='word_1_174' title='bbox 1010 1311 1353 1380; x_wconf 79' lang='lat' dir='ltr'><strong>negabant;</strong></span> <span class='ocrx_word' id='word_1_175' title='bbox 1410 1311 1572 1384; x_wconf 90' lang='lat' dir='ltr'><strong>quod</strong></span> <span class='ocrx_word' id='word_1_176' title='bbox 1627 1326 1731 1366; x_wconf 88' lang='lat' dir='ltr'><strong>rex</strong></span> <span class='ocrx_word' id='word_1_177' title='bbox 1776 1308 2094 1381; x_wconf 85' lang='lat' dir='ltr'><strong>tranquille</strong></span> <span class='ocrx_word' id='word_1_178' title='bbox 2204 1311 2295 1380; x_wconf 86' lang='lat' dir='ltr'><strong>gis</strong></span> <span class='ocrx_word' id='word_1_179' title='bbox 2323 1315 2582 1366; x_wconf 66' lang='lat' dir='ltr'><strong>emeatus</strong></span> <span class='ocrx_word' id='word_1_180' title='bbox 2604 1315 2711 1380; x_wconf 88' lang='lat' dir='ltr'><strong>est,</strong></span> <span class='ocrx_word' id='word_1_181' title='bbox 2741 1315 2797 1366; x_wconf 91' lang='lat' dir='ltr'><strong>et</strong></span> <span class='ocrx_word' id='word_1_182' title='bbox 2829 1313 2924 1347; x_wconf 74' lang='grc'><strong>¹⁵⁶⁰</strong></span> <span class='ocrx_word' id='word_1_183' title='bbox 2958 1313 3075 1366; x_wconf 86' lang='lat' dir='ltr'><strong>Deo</strong></span> <span class='ocrx_word' id='word_1_184' title='bbox 3097 1311 3375 1383; x_wconf 88' lang='lat' dir='ltr'><strong>propitio,</strong></span> <span class='ocrx_word' id='word_1_185' title='bbox 3407 1311 3633 1367; x_wconf 89' lang='lat' dir='ltr'><strong>viribus</strong></span> <span class='ocrx_word' id='word_1_186' title='bbox 3663 1311 3870 1367; x_wconf 85' lang='lat' dir='ltr'><strong>immi-</strong></span> 
     </span>
    </p>
   </div>
   <div class='ocr_carea' id='block_1_16' title="bbox 433 1399 3876 1472">
    <p class='ocr_par' dir='ltr' id='par_1_16' title="bbox 433 1399 3876 1472">
     <span class='ocr_line' id='line_1_16' title="bbox 433 1399 3876 1472; baseline -0.001 -13"><span class='ocrx_word' id='word_1_187' title='bbox 433 1419 504 1459; x_wconf 93' lang='lat' dir='ltr'><strong>ac</strong></span> <span class='ocrx_word' id='word_1_188' title='bbox 546 1403 817 1458; x_wconf 85' lang='lat' dir='ltr'><strong>modeste</strong></span> <span class='ocrx_word' id='word_1_189' title='bbox 869 1401 1221 1472; x_wconf 88' lang='lat' dir='ltr'><strong>suscipiens,</strong></span> <span class='ocrx_word' id='word_1_190' title='bbox 1269 1401 1510 1470; x_wconf 84' lang='lat' dir='ltr'><strong>navigio</strong></span> <span class='ocrx_word' id='word_1_191' title='bbox 1541 1401 1853 1458; x_wconf 86' lang='lat' dir='ltr'><strong>Coloniam</strong></span> <span class='ocrx_word' id='word_1_192' title='bbox 1883 1399 2092 1470; x_wconf 90' lang='lat' dir='ltr'><strong>attigit,</strong></span> <span class='ocrx_word' id='word_1_193' title='bbox 2205 1399 2363 1456; x_wconf 90' lang='lat' dir='ltr'><strong>nutis</strong></span> <span class='ocrx_word' id='word_1_194' title='bbox 2388 1399 2790 1470; x_wconf 86' lang='lat' dir='ltr'><strong>inimicorum,</strong></span> <span class='ocrx_word' id='word_1_195' title='bbox 2821 1400 2881 1455; x_wconf 91' lang='lat' dir='ltr'><strong>in</strong></span> <span class='ocrx_word' id='word_1_196' title='bbox 2912 1399 3078 1456; x_wconf 89' lang='lat' dir='ltr'><strong>brevi</strong></span> <span class='ocrx_word' id='word_1_197' title='bbox 3105 1405 3226 1456; x_wconf 88' lang='lat' dir='ltr'><strong>tota</strong></span> <span class='ocrx_word' id='word_1_198' title='bbox 3263 1401 3541 1458; x_wconf 66' lang='lat' dir='ltr'><strong>Bawariie</strong></span> <span class='ocrx_word' id='word_1_199' title='bbox 3569 1401 3761 1456; x_wconf 89' lang='lat' dir='ltr'><strong>virtus</strong></span> <span class='ocrx_word' id='word_1_200' title='bbox 3794 1401 3876 1456; x_wconf 86' lang='lat' dir='ltr'><strong>ad</strong></span> 
     </span>
    </p>
   </div>
   <div class='ocr_carea' id='block_1_17' title="bbox 427 1489 3881 1564">
    <p class='ocr_par' dir='ltr' id='par_1_17' title="bbox 427 1489 3881 1564">
     <span class='ocr_line' id='line_1_17' title="bbox 427 1489 3881 1564; baseline 0 -17"><span class='ocrx_word' id='word_1_201' title='bbox 427 1491 692 1564; x_wconf 85' lang='lat' dir='ltr'><strong>indeque</strong></span> <span class='ocrx_word' id='word_1_202' title='bbox 721 1490 1112 1563; x_wconf 88' lang='lat' dir='ltr'><strong>progrediens</strong></span> <span class='ocrx_word' id='word_1_203' title='bbox 1145 1491 1490 1546; x_wconf 89' lang='lat' dir='ltr'><strong>Drotmanni</strong></span> <span class='ocrx_word' id='word_1_204' title='bbox 1532 1493 1630 1526; x_wconf 66' lang='lat'><strong>‘5“</strong></span> <span class='ocrx_word' id='word_1_205' title='bbox 1661 1489 1806 1560; x_wconf 82' lang='lat'><strong>(173)</strong></span> <span class='ocrx_word' id='word_1_206' title='bbox 1835 1489 1966 1545; x_wconf 90' lang='lat' dir='ltr'><strong>vico</strong></span> <span class='ocrx_word' id='word_1_207' title='bbox 1991 1504 2096 1560; x_wconf 88' lang='lat' dir='ltr'><strong>pa-</strong></span> <span class='ocrx_word' id='word_1_208' title='bbox 2205 1506 2345 1545; x_wconf 90' lang='lat' dir='ltr'><strong>eum</strong></span> <span class='ocrx_word' id='word_1_209' title='bbox 2365 1494 2424 1546; x_wconf 91' lang='lat' dir='ltr'><strong>et</strong></span> <span class='ocrx_word' id='word_1_210' title='bbox 2445 1489 2816 1546; x_wconf 60' lang='lat' dir='ltr'><strong>Alamanniae</strong></span> <span class='ocrx_word' id='word_1_211' title='bbox 2845 1491 2906 1545; x_wconf 88' lang='lat' dir='ltr'><strong>in</strong></span> <span class='ocrx_word' id='word_1_212' title='bbox 2929 1493 3163 1546; x_wconf 87' lang='lat' dir='ltr'><strong>tantum</strong></span> <span class='ocrx_word' id='word_1_213' title='bbox 3195 1491 3576 1555; x_wconf 84' lang='lat' dir='ltr'><strong>convertitur,</strong></span> <span class='ocrx_word' id='word_1_214' title='bbox 3594 1495 3661 1546; x_wconf 89' lang='lat' dir='ltr'><strong>ut</strong></span> <span class='ocrx_word' id='word_1_215' title='bbox 3684 1496 3744 1546; x_wconf 90' lang='lat' dir='ltr'><strong>et</strong></span> <span class='ocrx_word' id='word_1_216' title='bbox 3771 1494 3881 1547; x_wconf 86' lang='lat' dir='ltr'><strong>Ra-</strong></span> 
     </span>
    </p>
   </div>
   <div class='ocr_carea' id='block_1_18' title="bbox 433 1577 3882 1654">
    <p class='ocr_par' dir='ltr' id='par_1_18' title="bbox 433 1577 3882 1654">
     <span class='ocr_line' id='line_1_18' title="bbox 433 1577 3882 1654; baseline 0 -18"><span class='ocrx_word' id='word_1_217' title='bbox 433 1581 580 1636; x_wconf 87' lang='lat' dir='ltr'><strong>scha</strong></span> <span class='ocrx_word' id='word_1_218' title='bbox 608 1578 945 1635; x_wconf 86' lang='lat' dir='ltr'><strong>celebravit.</strong></span> <span class='ocrx_word' id='word_1_219' title='bbox 974 1581 1110 1633; x_wconf 91' lang='lat' dir='ltr'><strong>Post</strong></span> <span class='ocrx_word' id='word_1_220' title='bbox 1153 1579 1404 1650; x_wconf 84' lang='lat' dir='ltr'><strong>pascha,</strong></span> <span class='ocrx_word' id='word_1_221' title='bbox 1455 1578 1796 1634; x_wconf 85' lang='lat' dir='ltr'><strong>coadunata</strong></span> <span class='ocrx_word' id='word_1_222' title='bbox 1823 1577 2093 1632; x_wconf 86' lang='lat' dir='ltr'><strong>ﬁdelium</strong></span> <span class='ocrx_word' id='word_1_223' title='bbox 2122 1589 2166 1643; x_wconf 77' lang='lat'><strong>3</strong></span> <span class='ocrx_word' id='word_1_224' title='bbox 2203 1580 2484 1638; x_wconf 88' lang='lat' dir='ltr'><strong>dasbona</strong></span> <span class='ocrx_word' id='word_1_225' title='bbox 2514 1581 2608 1616; x_wconf 73' lang='grc'><strong>¹⁶⁸¹</strong></span> <span class='ocrx_word' id='word_1_226' title='bbox 2643 1580 2851 1636; x_wconf 81' lang='lat' dir='ltr'><strong>civitas</strong></span> <span class='ocrx_word' id='word_1_227' title='bbox 2873 1580 2997 1651; x_wconf 86' lang='lat' dir='ltr'><strong>regi</strong></span> <span class='ocrx_word' id='word_1_228' title='bbox 3025 1580 3392 1647; x_wconf 81' lang='lat' dir='ltr'><strong>redderetur,</strong></span> <span class='ocrx_word' id='word_1_229' title='bbox 3422 1581 3655 1654; x_wconf 88' lang='lat' dir='ltr'><strong>ipsique</strong></span> <span class='ocrx_word' id='word_1_230' title='bbox 3683 1581 3882 1637; x_wconf 87' lang='lat' dir='ltr'><strong>rebel-</strong></span> 
     </span>
    </p>
   </div>
   <div class='ocr_carea' id='block_1_19' title="bbox 430 1666 3879 1742">
    <p class='ocr_par' dir='ltr' id='par_1_19' title="bbox 430 1666 3879 1742">
     <span class='ocr_line' id='line_1_19' title="bbox 430 1666 3879 1742; baseline 0 -18"><span class='ocrx_word' id='word_1_231' title='bbox 430 1685 681 1725; x_wconf 88' lang='lat' dir='ltr'><strong>suorum</strong></span> <span class='ocrx_word' id='word_1_232' title='bbox 707 1667 1430 1734; x_wconf 80' lang='lat' dir='ltr'><strong>multitudine,Coloniam</strong></span> <span class='ocrx_word' id='word_1_233' title='bbox 1453 1667 1667 1723; x_wconf 87' lang='lat' dir='ltr'><strong>iterum</strong></span> <span class='ocrx_word' id='word_1_234' title='bbox 1686 1667 1877 1734; x_wconf 90' lang='lat' dir='ltr'><strong>rediit,</strong></span> <span class='ocrx_word' id='word_1_235' title='bbox 1891 1666 2093 1739; x_wconf 90' lang='lat' dir='ltr'><strong>ibique</strong></span> <span class='ocrx_word' id='word_1_236' title='bbox 2203 1668 2440 1738; x_wconf 85' lang='lat' dir='ltr'><strong>latores,</strong></span> <span class='ocrx_word' id='word_1_237' title='bbox 2470 1668 2620 1724; x_wconf 88' lang='lat' dir='ltr'><strong>nihil</strong></span> <span class='ocrx_word' id='word_1_238' title='bbox 2643 1683 2705 1724; x_wconf 90' lang='lat' dir='ltr'><strong>se</strong></span> <span class='ocrx_word' id='word_1_239' title='bbox 2733 1673 2939 1725; x_wconf 89' lang='lat' dir='ltr'><strong>contra</strong></span> <span class='ocrx_word' id='word_1_240' title='bbox 2961 1684 3103 1724; x_wconf 91' lang='lat' dir='ltr'><strong>eum</strong></span> <span class='ocrx_word' id='word_1_241' title='bbox 3128 1668 3275 1724; x_wconf 87' lang='lat' dir='ltr'><strong>velle</strong></span> <span class='ocrx_word' id='word_1_242' title='bbox 3304 1668 3397 1724; x_wconf 89' lang='lat' dir='ltr'><strong>vel</strong></span> <span class='ocrx_word' id='word_1_243' title='bbox 3441 1684 3639 1741; x_wconf 83' lang='lat' dir='ltr'><strong>posse,</strong></span> <span class='ocrx_word' id='word_1_244' title='bbox 3691 1669 3879 1742; x_wconf 83' lang='lat' dir='ltr'><strong>proﬁ-</strong></span> 
     </span>
    </p>
   </div>
   <div class='ocr_carea' id='block_1_20' title="bbox 433 1755 3880 1831">
    <p class='ocr_par' dir='ltr' id='par_1_20' title="bbox 433 1755 3880 1831">
     <span class='ocr_line' id='line_1_20' title="bbox 433 1755 3880 1831; baseline 0.001 -21"><span class='ocrx_word' id='word_1_245' title='bbox 433 1757 772 1811; x_wconf 78' lang='lat' dir='ltr'><strong>Mettensem</strong></span> <span class='ocrx_word' id='word_1_246' title='bbox 804 1755 1179 1828; x_wconf 90' lang='lat' dir='ltr'><strong>episcopum,</strong></span> <span class='ocrx_word' id='word_1_247' title='bbox 1212 1756 1273 1810; x_wconf 91' lang='lat' dir='ltr'><strong>in</strong></span> <span class='ocrx_word' id='word_1_248' title='bbox 1303 1772 1426 1829; x_wconf 91' lang='lat' dir='ltr'><strong>quo</strong></span> <span class='ocrx_word' id='word_1_249' title='bbox 1453 1757 1721 1812; x_wconf 89' lang='lat' dir='ltr'><strong>maxima</strong></span> <span class='ocrx_word' id='word_1_250' title='bbox 1763 1772 1899 1828; x_wconf 89' lang='lat' dir='ltr'><strong>spes</strong></span> <span class='ocrx_word' id='word_1_251' title='bbox 1947 1761 2004 1810; x_wconf 93' lang='lat' dir='ltr'><strong>et</strong></span> <span class='ocrx_word' id='word_1_252' title='bbox 2032 1756 2094 1807; x_wconf 71' lang='grc' dir='ltr'><strong>ἢ·</strong></span> <span class='ocrx_word' id='word_1_253' title='bbox 2146 1817 2154 1827; x_wconf 33' lang='grc' dir='ltr'><em>η</em></span> <span class='ocrx_word' id='word_1_254' title='bbox 2201 1762 2481 1813; x_wconf 87' lang='lat' dir='ltr'><strong>terentur.</strong></span> <span class='ocrx_word' id='word_1_255' title='bbox 2542 1758 2562 1777; x_wconf 81' lang='lat'>&#39;</span> <span class='ocrx_word' id='word_1_256' title='bbox 2586 1757 2911 1814; x_wconf 78' lang='lat' dir='ltr'><strong>Fridericus</strong></span> <span class='ocrx_word' id='word_1_257' title='bbox 2940 1758 3118 1814; x_wconf 86' lang='lat' dir='ltr'><strong>etiam</strong></span> <span class='ocrx_word' id='word_1_258' title='bbox 3147 1763 3522 1815; x_wconf 88' lang='lat' dir='ltr'><strong>sacramento</strong></span> <span class='ocrx_word' id='word_1_259' title='bbox 3559 1773 3622 1814; x_wconf 90' lang='lat' dir='ltr'><strong>se</strong></span> <span class='ocrx_word' id='word_1_260' title='bbox 3649 1774 3880 1831; x_wconf 87' lang='lat' dir='ltr'><strong>expur-</strong></span> 
     </span>
    </p>
   </div>
   <div class='ocr_carea' id='block_1_21' title="bbox 433 1842 3877 1918">
    <p class='ocr_par' dir='ltr' id='par_1_21' title="bbox 433 1842 3877 1918">
     <span class='ocr_line' id='line_1_21' title="bbox 433 1842 3877 1918; baseline 0.002 -20"><span class='ocrx_word' id='word_1_261' title='bbox 433 1842 614 1898; x_wconf 89' lang='lat' dir='ltr'><strong>ducia</strong></span> <span class='ocrx_word' id='word_1_262' title='bbox 646 1843 894 1900; x_wconf 89' lang='lat' dir='ltr'><strong>Liutolfo</strong></span> <span class='ocrx_word' id='word_1_263' title='bbox 919 1849 978 1900; x_wconf 88' lang='lat' dir='ltr'><strong>et</strong></span> <span class='ocrx_word' id='word_1_264' title='bbox 1001 1844 1360 1901; x_wconf 87' lang='lat' dir='ltr'><strong>Chuonrado</strong></span> <span class='ocrx_word' id='word_1_265' title='bbox 1411 1861 1540 1900; x_wconf 87' lang='lat' dir='ltr'><strong>esse</strong></span> <span class='ocrx_word' id='word_1_266' title='bbox 1599 1844 1929 1908; x_wconf 84' lang='lat' dir='ltr'><strong>videbatur,</strong></span> <span class='ocrx_word' id='word_1_267' title='bbox 1971 1860 2096 1899; x_wconf 85' lang='lat' dir='ltr'><strong>om-</strong></span> <span class='ocrx_word' id='word_1_268' title='bbox 2201 1852 2471 1918; x_wconf 87' lang='lat' dir='ltr'><strong>gaturus,</strong></span> <span class='ocrx_word' id='word_1_269' title='bbox 2518 1847 2662 1904; x_wconf 87' lang='lat' dir='ltr'><strong>nihil</strong></span> <span class='ocrx_word' id='word_1_270' title='bbox 2687 1852 2898 1903; x_wconf 89' lang='lat' dir='ltr'><strong>contra</strong></span> <span class='ocrx_word' id='word_1_271' title='bbox 2928 1848 3156 1917; x_wconf 86' lang='lat' dir='ltr'><strong>regiam</strong></span> <span class='ocrx_word' id='word_1_272' title='bbox 3185 1863 3249 1902; x_wconf 89' lang='lat' dir='ltr'><strong>se</strong></span> <span class='ocrx_word' id='word_1_273' title='bbox 3274 1847 3620 1904; x_wconf 77' lang='lat' dir='ltr'><strong>ﬁdelitatem</strong></span> <span class='ocrx_word' id='word_1_274' title='bbox 3651 1849 3877 1917; x_wconf 89' lang='lat' dir='ltr'><strong>egisse,</strong></span> 
     </span>
    </p>
   </div>
   <div class='ocr_carea' id='block_1_22' title="bbox 433 1933 3879 2008">
    <p class='ocr_par' dir='ltr' id='par_1_22' title="bbox 433 1933 3879 2008">
     <span class='ocr_line' id='line_1_22' title="bbox 433 1933 3879 2008; baseline 0.001 -20"><span class='ocrx_word' id='word_1_275' title='bbox 433 1949 660 2006; x_wconf 75' lang='lat' dir='ltr'><strong>necque</strong></span> <span class='ocrx_word' id='word_1_276' title='bbox 692 1934 1121 2003; x_wconf 87' lang='lat' dir='ltr'><strong>Lotharienses,</strong></span> <span class='ocrx_word' id='word_1_277' title='bbox 1153 1935 1413 2008; x_wconf 78' lang='lat' dir='ltr'><strong>exceptis</strong></span> <span class='ocrx_word' id='word_1_278' title='bbox 1443 1935 1672 2007; x_wconf 88' lang='lat' dir='ltr'><strong>paucis,</strong></span> <span class='ocrx_word' id='word_1_279' title='bbox 1703 1934 1926 2007; x_wconf 86' lang='lat' dir='ltr'><strong>quibus</strong></span> <span class='ocrx_word' id='word_1_280' title='bbox 1949 1950 2096 2006; x_wconf 81' lang='lat' dir='ltr'><strong>prae-</strong></span> <span class='ocrx_word' id='word_1_281' title='bbox 2202 1933 2452 1988; x_wconf 89' lang='lat' dir='ltr'><strong>accessit</strong></span> <span class='ocrx_word' id='word_1_282' title='bbox 2474 1951 2487 1999; x_wconf 93' lang='lat'><strong>;</strong></span> <span class='ocrx_word' id='word_1_283' title='bbox 2513 1933 2622 1989; x_wconf 89' lang='lat' dir='ltr'><strong>sed</strong></span> <span class='ocrx_word' id='word_1_284' title='bbox 2652 1951 2754 1990; x_wconf 91' lang='lat' dir='ltr'><strong>rex</strong></span> <span class='ocrx_word' id='word_1_285' title='bbox 2784 1935 2949 1991; x_wconf 89' lang='lat' dir='ltr'><strong>omni</strong></span> <span class='ocrx_word' id='word_1_286' title='bbox 2974 1935 3189 2006; x_wconf 89' lang='lat' dir='ltr'><strong>pietate</strong></span> <span class='ocrx_word' id='word_1_287' title='bbox 3235 1934 3452 2007; x_wconf 89' lang='lat' dir='ltr'><strong>plenus</strong></span> <span class='ocrx_word' id='word_1_288' title='bbox 3486 1935 3565 1990; x_wconf 88' lang='lat' dir='ltr'><strong>ab</strong></span> <span class='ocrx_word' id='word_1_289' title='bbox 3607 1936 3725 1992; x_wconf 91' lang='lat' dir='ltr'><strong>hoc</strong></span> <span class='ocrx_word' id='word_1_290' title='bbox 3779 1939 3879 1972; x_wconf 71' lang='grc'><strong>³⁵⁸³</strong></span> 
     </span>
    </p>
   </div>
   <div class='ocr_carea' id='block_1_23' title="bbox 432 2022 3881 2096">
    <p class='ocr_par' dir='ltr' id='par_1_23' title="bbox 432 2022 3881 2096">
     <span class='ocr_line' id='line_1_23' title="bbox 432 2022 3881 2096; baseline 0.001 -18"><span class='ocrx_word' id='word_1_291' title='bbox 432 2022 528 2078; x_wconf 67' lang='grc' dir='ltr'><strong>ἀῶ</strong></span> <span class='ocrx_word' id='word_1_292' title='bbox 554 2028 612 2078; x_wconf 90' lang='lat' dir='ltr'><strong>et</strong></span> <span class='ocrx_word' id='word_1_293' title='bbox 637 2023 863 2096; x_wconf 72' lang='lat' dir='ltr'><strong>rapinae</strong></span> <span class='ocrx_word' id='word_1_294' title='bbox 893 2023 1057 2080; x_wconf 85' lang='lat' dir='ltr'><strong>cordi</strong></span> <span class='ocrx_word' id='word_1_295' title='bbox 1087 2029 1274 2091; x_wconf 89' lang='lat' dir='ltr'><strong>erant,</strong></span> <span class='ocrx_word' id='word_1_296' title='bbox 1304 2024 1517 2080; x_wconf 88' lang='lat' dir='ltr'><strong>obvios</strong></span> <span class='ocrx_word' id='word_1_297' title='bbox 1547 2024 1776 2093; x_wconf 90' lang='lat' dir='ltr'><strong>habuit,</strong></span> <span class='ocrx_word' id='word_1_298' title='bbox 1803 2029 1861 2079; x_wconf 89' lang='lat' dir='ltr'><strong>et</strong></span> <span class='ocrx_word' id='word_1_299' title='bbox 1881 2024 1960 2080; x_wconf 92' lang='lat' dir='ltr'><strong>ab</strong></span> <span class='ocrx_word' id='word_1_300' title='bbox 1989 2024 2095 2079; x_wconf 77' lang='lat' dir='ltr'><strong>ini—</strong></span> <span class='ocrx_word' id='word_1_301' title='bbox 2201 2037 2341 2077; x_wconf 91' lang='lat' dir='ltr'><strong>eum</strong></span> <span class='ocrx_word' id='word_1_302' title='bbox 2371 2027 2747 2079; x_wconf 85' lang='lat' dir='ltr'><strong>sacramento</strong></span> <span class='ocrx_word' id='word_1_303' title='bbox 2791 2023 3059 2079; x_wconf 89' lang='lat' dir='ltr'><strong>absolvit.</strong></span> <span class='ocrx_word' id='word_1_304' title='bbox 3099 2027 3158 2079; x_wconf 88' lang='lat' dir='ltr'><strong>In</strong></span> <span class='ocrx_word' id='word_1_305' title='bbox 3187 2023 3400 2079; x_wconf 89' lang='lat' dir='ltr'><strong>eodem</strong></span> <span class='ocrx_word' id='word_1_306' title='bbox 3447 2039 3608 2080; x_wconf 92' lang='lat' dir='ltr'><strong>anno</strong></span> <span class='ocrx_word' id='word_1_307' title='bbox 3638 2024 3881 2081; x_wconf 86' lang='lat' dir='ltr'><strong>Chuon-</strong></span> 
     </span>
    </p>
   </div>
   <div class='ocr_carea' id='block_1_24' title="bbox 435 2109 3877 2181">
    <p class='ocr_par' dir='ltr' id='par_1_24' title="bbox 435 2109 3877 2181">
     <span class='ocr_line' id='line_1_24' title="bbox 435 2109 3877 2181; baseline 0 -13"><span class='ocrx_word' id='word_1_308' title='bbox 435 2112 604 2168; x_wconf 88' lang='lat' dir='ltr'><strong>micis</strong></span> <span class='ocrx_word' id='word_1_309' title='bbox 638 2114 734 2149; x_wconf 65' lang='grc'><strong>1⁵⁸⁵</strong></span> <span class='ocrx_word' id='word_1_310' title='bbox 765 2114 886 2169; x_wconf 86' lang='lat' dir='ltr'><strong>suis</strong></span> <span class='ocrx_word' id='word_1_311' title='bbox 915 2112 1256 2169; x_wconf 88' lang='lat' dir='ltr'><strong>deﬁcientes</strong></span> <span class='ocrx_word' id='word_1_312' title='bbox 1283 2113 1548 2181; x_wconf 86' lang='lat' dir='ltr'><strong>benigna</strong></span> <span class='ocrx_word' id='word_1_313' title='bbox 1573 2113 1652 2169; x_wconf 92' lang='lat' dir='ltr'><strong>ad</strong></span> <span class='ocrx_word' id='word_1_314' title='bbox 1682 2129 1743 2168; x_wconf 90' lang='lat' dir='ltr'><strong>se</strong></span> <span class='ocrx_word' id='word_1_315' title='bbox 1791 2113 2094 2170; x_wconf 87' lang='lat' dir='ltr'><strong>venientes</strong></span> <span class='ocrx_word' id='word_1_316' title='bbox 2201 2109 2386 2164; x_wconf 87' lang='lat' dir='ltr'><strong>radus</strong></span> <span class='ocrx_word' id='word_1_317' title='bbox 2408 2110 2534 2165; x_wconf 84' lang='lat' dir='ltr'><strong>dux</strong></span> <span class='ocrx_word' id='word_1_318' title='bbox 2564 2126 2705 2167; x_wconf 90' lang='lat' dir='ltr'><strong>cum</strong></span> <span class='ocrx_word' id='word_1_319' title='bbox 2734 2110 3219 2168; x_wconf 86' lang='lat' dir='ltr'><strong>Lothariensibus</strong></span> <span class='ocrx_word' id='word_1_320' title='bbox 3252 2113 3348 2148; x_wconf 67' lang='lat'><strong>‘5”</strong></span> <span class='ocrx_word' id='word_1_321' title='bbox 3389 2111 3544 2168; x_wconf 89' lang='lat' dir='ltr'><strong>duce</strong></span> <span class='ocrx_word' id='word_1_322' title='bbox 3578 2115 3744 2168; x_wconf 89' lang='lat' dir='ltr'><strong>Brun</strong></span> <span class='ocrx_word' id='word_1_323' title='bbox 3778 2116 3877 2149; x_wconf 74' lang='grc'><strong>³⁵⁸⁸</strong></span> 
     </span>
    </p>
   </div>
   <div class='ocr_carea' id='block_1_25' title="bbox 433 2198 3878 2274">
    <p class='ocr_par' dir='ltr' id='par_1_25' title="bbox 433 2198 3878 2274">
     <span class='ocr_line' id='line_1_25' title="bbox 433 2198 3878 2274; baseline 0 -18"><span class='ocrx_word' id='word_1_324' title='bbox 433 2202 696 2274; x_wconf 89' lang='lat' dir='ltr'><strong>suscepit</strong></span> <span class='ocrx_word' id='word_1_325' title='bbox 715 2203 975 2268; x_wconf 83' lang='lat' dir='ltr'><strong>caritate,</strong></span> <span class='ocrx_word' id='word_1_326' title='bbox 1004 2206 1060 2258; x_wconf 88' lang='lat' dir='ltr'><strong>et</strong></span> <span class='ocrx_word' id='word_1_327' title='bbox 1095 2204 1156 2257; x_wconf 89' lang='lat' dir='ltr'><strong>in</strong></span> <span class='ocrx_word' id='word_1_328' title='bbox 1198 2218 1307 2258; x_wconf 88' lang='lat' dir='ltr'><strong>sua</strong></span> <span class='ocrx_word' id='word_1_329' title='bbox 1351 2202 1630 2259; x_wconf 86' lang='lat' dir='ltr'><strong>ﬁdelitate</strong></span> <span class='ocrx_word' id='word_1_330' title='bbox 1657 2203 1863 2258; x_wconf 89' lang='lat' dir='ltr'><strong>ﬁrmos</strong></span> <span class='ocrx_word' id='word_1_331' title='bbox 1889 2208 1943 2258; x_wconf 84' lang='lat' dir='ltr'><strong>et</strong></span> <span class='ocrx_word' id='word_1_332' title='bbox 1973 2207 2092 2258; x_wconf 84' lang='lat' dir='ltr'><strong>sta-</strong></span> <span class='ocrx_word' id='word_1_333' title='bbox 2199 2198 2675 2272; x_wconf 78' lang='lat' dir='ltr'><strong>archiepiscopo,</strong></span> <span class='ocrx_word' id='word_1_334' title='bbox 2707 2199 2769 2255; x_wconf 88' lang='lat' dir='ltr'><strong>in</strong></span> <span class='ocrx_word' id='word_1_335' title='bbox 2803 2200 3062 2255; x_wconf 89' lang='lat' dir='ltr'><strong>Blesensi</strong></span> <span class='ocrx_word' id='word_1_336' title='bbox 3091 2202 3188 2236; x_wconf 73' lang='grc'>¹⁶⁸⁵</span> <span class='ocrx_word' id='word_1_337' title='bbox 3223 2214 3404 2272; x_wconf 83' lang='lat' dir='ltr'><strong>pago,</strong></span> <span class='ocrx_word' id='word_1_338' title='bbox 3453 2198 3618 2272; x_wconf 87' lang='lat' dir='ltr'><strong>apud</strong></span> <span class='ocrx_word' id='word_1_339' title='bbox 3665 2200 3878 2258; x_wconf 86' lang='lat' dir='ltr'><strong>villam</strong></span> 
     </span>
    </p>
   </div>
   <div class='ocr_carea' id='block_1_26' title="bbox 431 2288 3880 2364">
    <p class='ocr_par' dir='ltr' id='par_1_26' title="bbox 431 2288 3880 2364">
     <span class='ocr_line' id='line_1_26' title="bbox 431 2288 3880 2364; baseline 0.001 -20"><span class='ocrx_word' id='word_1_340' title='bbox 431 2288 582 2346; x_wconf 88' lang='lat' dir='ltr'><strong>biles</strong></span> <span class='ocrx_word' id='word_1_341' title='bbox 613 2291 991 2348; x_wconf 86' lang='lat' dir='ltr'><strong>coadunavit.</strong></span> <span class='ocrx_word' id='word_1_342' title='bbox 1021 2291 1250 2356; x_wconf 84' lang='lat' dir='ltr'><strong>Quibus</strong></span> <span class='ocrx_word' id='word_1_343' title='bbox 1273 2290 1601 2364; x_wconf 57' lang='lat' dir='ltr'><strong>disposiiis,</strong></span> <span class='ocrx_word' id='word_1_344' title='bbox 1651 2291 1713 2347; x_wconf 90' lang='lat' dir='ltr'><strong>in</strong></span> <span class='ocrx_word' id='word_1_345' title='bbox 1768 2292 2093 2348; x_wconf 76' lang='lat' dir='ltr'><strong>Saxoniam</strong></span> <span class='ocrx_word' id='word_1_346' title='bbox 2202 2289 2525 2359; x_wconf 81' lang='lat' dir='ltr'><strong>Rimiliuga</strong></span> <span class='ocrx_word' id='word_1_347' title='bbox 2550 2293 2650 2328; x_wconf 76' lang='grc'>¹⁵⁸⁶</span> <span class='ocrx_word' id='word_1_348' title='bbox 2675 2292 2820 2361; x_wconf 68' lang='grc'><strong>(175)</strong></span> <span class='ocrx_word' id='word_1_349' title='bbox 2853 2307 3288 2362; x_wconf 80' lang='lat' dir='ltr'><strong>congressurus</strong></span> <span class='ocrx_word' id='word_1_350' title='bbox 3316 2295 3476 2358; x_wconf 86' lang='lat' dir='ltr'><strong>erat;</strong></span> <span class='ocrx_word' id='word_1_351' title='bbox 3505 2290 3609 2346; x_wconf 87' lang='lat' dir='ltr'><strong>sed</strong></span> <span class='ocrx_word' id='word_1_352' title='bbox 3639 2291 3702 2346; x_wconf 88' lang='lat' dir='ltr'><strong>in</strong></span> <span class='ocrx_word' id='word_1_353' title='bbox 3747 2291 3880 2348; x_wconf 86' lang='lat' dir='ltr'><strong>ulti-</strong></span> 
     </span>
    </p>
   </div>
   <div class='ocr_carea' id='block_1_27' title="bbox 430 2379 3879 2450">
    <p class='ocr_par' dir='ltr' id='par_1_27' title="bbox 430 2379 3879 2450">
     <span class='ocr_line' id='line_1_27' title="bbox 430 2379 3879 2450; baseline 0 -15"><span class='ocrx_word' id='word_1_354' title='bbox 430 2381 879 2448; x_wconf 87' lang='lat' dir='ltr'><strong>revertitur,ubi</strong></span> <span class='ocrx_word' id='word_1_355' title='bbox 897 2381 1149 2436; x_wconf 85' lang='lat' dir='ltr'><strong>ﬁrmatis</strong></span> <span class='ocrx_word' id='word_1_356' title='bbox 1171 2381 1562 2438; x_wconf 86' lang='lat' dir='ltr'><strong>nihilominus</strong></span> <span class='ocrx_word' id='word_1_357' title='bbox 1589 2387 1649 2439; x_wconf 88' lang='lat' dir='ltr'><strong>et</strong></span> <span class='ocrx_word' id='word_1_358' title='bbox 1677 2381 1952 2438; x_wconf 88' lang='lat' dir='ltr'><strong>stabilitis</strong></span> <span class='ocrx_word' id='word_1_359' title='bbox 1971 2382 2095 2437; x_wconf 88' lang='lat' dir='ltr'><strong>suis</strong></span> <span class='ocrx_word' id='word_1_360' title='bbox 2203 2393 2323 2443; x_wconf 87' lang='lat' dir='ltr'><strong>mo,</strong></span> <span class='ocrx_word' id='word_1_361' title='bbox 2355 2379 2502 2449; x_wconf 86' lang='lat' dir='ltr'><strong>quia</strong></span> <span class='ocrx_word' id='word_1_362' title='bbox 2531 2383 2738 2435; x_wconf 89' lang='lat' dir='ltr'><strong>contra</strong></span> <span class='ocrx_word' id='word_1_363' title='bbox 2764 2395 2966 2449; x_wconf 86' lang='lat' dir='ltr'><strong>regem</strong></span> <span class='ocrx_word' id='word_1_364' title='bbox 2988 2384 3134 2450; x_wconf 89' lang='lat' dir='ltr'><strong>erat,</strong></span> <span class='ocrx_word' id='word_1_365' title='bbox 3163 2383 3279 2435; x_wconf 85' lang='lat' dir='ltr'><strong>Deo</strong></span> <span class='ocrx_word' id='word_1_366' title='bbox 3299 2379 3534 2435; x_wconf 89' lang='lat' dir='ltr'><strong>volente</strong></span> <span class='ocrx_word' id='word_1_367' title='bbox 3563 2379 3760 2448; x_wconf 89' lang='lat' dir='ltr'><strong>ﬁeret,</strong></span> <span class='ocrx_word' id='word_1_368' title='bbox 3791 2397 3879 2436; x_wconf 86' lang='lat' dir='ltr'><strong>re-</strong></span> 
     </span>
    </p>
   </div>
   <div class='ocr_carea' id='block_1_28' title="bbox 429 2468 3877 2540">
    <p class='ocr_par' dir='ltr' id='par_1_28' title="bbox 429 2468 3877 2540">
     <span class='ocr_line' id='line_1_28' title="bbox 429 2468 3877 2540; baseline -0.001 -14"><span class='ocrx_word' id='word_1_369' title='bbox 429 2469 632 2540; x_wconf 85' lang='lat' dir='ltr'><strong>rebus,</strong></span> <span class='ocrx_word' id='word_1_370' title='bbox 663 2470 877 2527; x_wconf 86' lang='lat' dir='ltr'><strong>iterum</strong></span> <span class='ocrx_word' id='word_1_371' title='bbox 907 2471 967 2526; x_wconf 90' lang='lat' dir='ltr'><strong>in</strong></span> <span class='ocrx_word' id='word_1_372' title='bbox 999 2471 1312 2527; x_wconf 77' lang='lat' dir='ltr'><strong>Franciam</strong></span> <span class='ocrx_word' id='word_1_373' title='bbox 1343 2471 1540 2527; x_wconf 82' lang='lat' dir='ltr'><strong>hostili</strong></span> <span class='ocrx_word' id='word_1_374' title='bbox 1559 2485 1748 2528; x_wconf 85' lang='lat' dir='ltr'><strong>manu</strong></span> <span class='ocrx_word' id='word_1_375' title='bbox 1763 2470 2090 2526; x_wconf 84' lang='lat' dir='ltr'><strong>revertitur.</strong></span> <span class='ocrx_word' id='word_1_376' title='bbox 2203 2468 2506 2524; x_wconf 89' lang='lat' dir='ltr'><strong>manebat.</strong></span> <span class='ocrx_word' id='word_1_377' title='bbox 2558 2469 2814 2540; x_wconf 89' lang='lat' dir='ltr'><strong>Ungarii,</strong></span> <span class='ocrx_word' id='word_1_378' title='bbox 2874 2469 3232 2525; x_wconf 87' lang='lat' dir='ltr'><strong>ducentibus</strong></span> <span class='ocrx_word' id='word_1_379' title='bbox 3285 2468 3541 2525; x_wconf 89' lang='lat' dir='ltr'><strong>inimicis</strong></span> <span class='ocrx_word' id='word_1_380' title='bbox 3583 2469 3747 2540; x_wconf 90' lang='lat' dir='ltr'><strong>regis</strong></span> <span class='ocrx_word' id='word_1_381' title='bbox 3819 2469 3877 2525; x_wconf 90' lang='lat' dir='ltr'><strong>in</strong></span> 
     </span>
    </p>
   </div>
   <div class='ocr_carea' id='block_1_29' title="bbox 429 2558 3878 2632">
    <p class='ocr_par' dir='ltr' id='par_1_29' title="bbox 429 2558 3878 2632">
     <span class='ocr_line' id='line_1_29' title="bbox 429 2558 3878 2632; baseline 0 -19"><span class='ocrx_word' id='word_1_382' title='bbox 429 2560 561 2623; x_wconf 85' lang='lat' dir='ltr'><strong>Quo</strong></span> <span class='ocrx_word' id='word_1_383' title='bbox 608 2558 832 2625; x_wconf 88' lang='lat' dir='ltr'><strong>audito,</strong></span> <span class='ocrx_word' id='word_1_384' title='bbox 877 2559 1205 2615; x_wconf 87' lang='lat' dir='ltr'><strong>Fridericus</strong></span> <span class='ocrx_word' id='word_1_385' title='bbox 1261 2559 1752 2632; x_wconf 79' lang='lat' dir='ltr'><strong>archiepiscopus</strong></span> <span class='ocrx_word' id='word_1_386' title='bbox 1799 2558 2096 2627; x_wconf 73' lang='lat' dir='ltr'><strong>Magoatia</strong></span> <span class='ocrx_word' id='word_1_387' title='bbox 2200 2558 2666 2630; x_wconf 85' lang='lat' dir='ltr'><strong>quadragesima</strong></span> <span class='ocrx_word' id='word_1_388' title='bbox 2718 2559 2920 2614; x_wconf 83' lang='lat' dir='ltr'><strong>Rheno</strong></span> <span class='ocrx_word' id='word_1_389' title='bbox 2977 2559 3246 2628; x_wconf 85' lang='lat' dir='ltr'><strong>transito,</strong></span> <span class='ocrx_word' id='word_1_390' title='bbox 3302 2559 3705 2630; x_wconf 87' lang='lat' dir='ltr'><strong>pervadentes</strong></span> <span class='ocrx_word' id='word_1_391' title='bbox 3747 2559 3878 2615; x_wconf 86' lang='lat' dir='ltr'><strong>Gal-</strong></span> 
     </span>
    </p>
   </div>
   <div class='ocr_carea' id='block_1_30' title="bbox 327 2646 3879 2718">
    <p class='ocr_par' dir='ltr' id='par_1_30' title="bbox 327 2646 3879 2718">
     <span class='ocr_line' id='line_1_30' title="bbox 327 2646 3879 2718; baseline 0.001 -16"><span class='ocrx_word' id='word_1_392' title='bbox 327 2657 340 2669; x_wconf 83' lang='lat'><strong><em>&#39;</em></strong></span> <span class='ocrx_word' id='word_1_393' title='bbox 433 2648 696 2717; x_wconf 87' lang='lat' dir='ltr'><strong>secessit,</strong></span> <span class='ocrx_word' id='word_1_394' title='bbox 727 2653 785 2704; x_wconf 88' lang='lat' dir='ltr'><strong>et</strong></span> <span class='ocrx_word' id='word_1_395' title='bbox 811 2647 1111 2705; x_wconf 70' lang='lat' dir='ltr'><strong>civitatem</strong></span> <span class='ocrx_word' id='word_1_396' title='bbox 1137 2648 1393 2704; x_wconf 89' lang='lat' dir='ltr'><strong>inimicis</strong></span> <span class='ocrx_word' id='word_1_397' title='bbox 1416 2649 1573 2718; x_wconf 85' lang='lat' dir='ltr'><strong>regis</strong></span> <span class='ocrx_word' id='word_1_398' title='bbox 1621 2648 1910 2704; x_wconf 87' lang='lat' dir='ltr'><strong>tuendam</strong></span> <span class='ocrx_word' id='word_1_399' title='bbox 1936 2664 2098 2703; x_wconf 88' lang='lat' dir='ltr'><strong>com-</strong></span> <span class='ocrx_word' id='word_1_400' title='bbox 2201 2646 2365 2712; x_wconf 88' lang='lat' dir='ltr'><strong>liam,</strong></span> <span class='ocrx_word' id='word_1_401' title='bbox 2397 2647 2670 2702; x_wconf 90' lang='lat' dir='ltr'><strong>inaudita</strong></span> <span class='ocrx_word' id='word_1_402' title='bbox 2700 2647 2860 2702; x_wconf 88' lang='lat' dir='ltr'><strong>mala</strong></span> <span class='ocrx_word' id='word_1_403' title='bbox 2890 2648 2953 2702; x_wconf 93' lang='lat' dir='ltr'><strong>in</strong></span> <span class='ocrx_word' id='word_1_404' title='bbox 2983 2647 3264 2704; x_wconf 91' lang='lat' dir='ltr'><strong>ecclesias</strong></span> <span class='ocrx_word' id='word_1_405' title='bbox 3292 2649 3387 2686; x_wconf 62' lang='lat'><strong>“58&quot;</strong></span> <span class='ocrx_word' id='word_1_406' title='bbox 3447 2647 3544 2704; x_wconf 87' lang='lat' dir='ltr'><strong>Dei</strong></span> <span class='ocrx_word' id='word_1_407' title='bbox 3581 2648 3879 2718; x_wconf 84' lang='lat' dir='ltr'><strong>fecerunt,</strong></span> 
     </span>
    </p>
   </div>
   <div class='ocr_carea' id='block_1_31' title="bbox 365 2735 3883 2812">
    <p class='ocr_par' dir='ltr' id='par_1_31' title="bbox 365 2735 3883 2812">
     <span class='ocr_line' id='line_1_31' title="bbox 365 2735 3883 2812; baseline -0 -19"><span class='ocrx_word' id='word_1_408' title='bbox 365 2735 373 2744; x_wconf 83' lang='lat'><strong>&#39;</strong></span> <span class='ocrx_word' id='word_1_409' title='bbox 432 2738 616 2794; x_wconf 86' lang='lat' dir='ltr'><strong>misit.</strong></span> <span class='ocrx_word' id='word_1_410' title='bbox 645 2739 778 2810; x_wconf 85' lang='lat' dir='ltr'><strong>Ipse</strong></span> <span class='ocrx_word' id='word_1_411' title='bbox 811 2741 908 2775; x_wconf 69' lang='lat'><strong>‘5“</strong></span> <span class='ocrx_word' id='word_1_412' title='bbox 940 2739 1240 2794; x_wconf 84' lang='lat' dir='ltr'><strong>Brisacam</strong></span> <span class='ocrx_word' id='word_1_413' title='bbox 1275 2741 1367 2774; x_wconf 70' lang='grc' dir='ltr'><strong>¹⁵⁶τ</strong></span> <span class='ocrx_word' id='word_1_414' title='bbox 1397 2738 1730 2804; x_wconf 88' lang='lat' dir='ltr'><strong>castellum,</strong></span> <span class='ocrx_word' id='word_1_415' title='bbox 1776 2737 2095 2794; x_wconf 87' lang='lat' dir='ltr'><strong>latibulum</strong></span> <span class='ocrx_word' id='word_1_416' title='bbox 2201 2741 2259 2792; x_wconf 87' lang='lat' dir='ltr'><strong>et</strong></span> <span class='ocrx_word' id='word_1_417' title='bbox 2277 2752 2386 2809; x_wconf 90' lang='lat' dir='ltr'><strong>per</strong></span> <span class='ocrx_word' id='word_1_418' title='bbox 2409 2736 2630 2793; x_wconf 82' lang='lat' dir='ltr'><strong>Italiam</strong></span> <span class='ocrx_word' id='word_1_419' title='bbox 2664 2736 2986 2793; x_wconf 84' lang='lat' dir='ltr'><strong>redierunt.</strong></span> <span class='ocrx_word' id='word_1_420' title='bbox 3024 2737 3351 2793; x_wconf 76' lang='lat' dir='ltr'><strong>Fridericus</strong></span> <span class='ocrx_word' id='word_1_421' title='bbox 3379 2737 3883 2812; x_wconf 84' lang='lat' dir='ltr'><strong>archiepiscopus</strong></span> 
     </span>
    </p>
   </div>
   <div class='ocr_carea' id='block_1_32' title="bbox 432 2825 3883 2899">
    <p class='ocr_par' dir='ltr' id='par_1_32' title="bbox 432 2825 3883 2899">
     <span class='ocr_line' id='line_1_32' title="bbox 432 2825 3883 2899; baseline 0 -15"><span class='ocrx_word' id='word_1_422' title='bbox 432 2842 671 2899; x_wconf 79' lang='lat' dir='ltr'><strong>semper</strong></span> <span class='ocrx_word' id='word_1_423' title='bbox 699 2827 819 2882; x_wconf 90' lang='lat' dir='ltr'><strong>Deo</strong></span> <span class='ocrx_word' id='word_1_424' title='bbox 847 2829 1092 2899; x_wconf 81' lang='lat' dir='ltr'><strong>regique</strong></span> <span class='ocrx_word' id='word_1_425' title='bbox 1112 2827 1550 2894; x_wconf 87' lang='lat' dir='ltr'><strong>rebellantium,</strong></span> <span class='ocrx_word' id='word_1_426' title='bbox 1582 2827 1838 2894; x_wconf 88' lang='lat' dir='ltr'><strong>intravit,</strong></span> <span class='ocrx_word' id='word_1_427' title='bbox 1885 2831 2096 2882; x_wconf 90' lang='lat' dir='ltr'><strong>totam-</strong></span> <span class='ocrx_word' id='word_1_428' title='bbox 2201 2825 2366 2892; x_wconf 89' lang='lat' dir='ltr'><strong>obiit,</strong></span> <span class='ocrx_word' id='word_1_429' title='bbox 2398 2825 2490 2881; x_wconf 87' lang='lat' dir='ltr'><strong>vir</strong></span> <span class='ocrx_word' id='word_1_430' title='bbox 2521 2828 2617 2862; x_wconf 67' lang='lat'><strong>*5“</strong></span> <span class='ocrx_word' id='word_1_431' title='bbox 2650 2828 2710 2881; x_wconf 90' lang='lat' dir='ltr'><strong>in</strong></span> <span class='ocrx_word' id='word_1_432' title='bbox 2737 2831 2943 2882; x_wconf 88' lang='lat' dir='ltr'><strong>sancta</strong></span> <span class='ocrx_word' id='word_1_433' title='bbox 2970 2827 3253 2897; x_wconf 84' lang='lat' dir='ltr'><strong>religione</strong></span> <span class='ocrx_word' id='word_1_434' title='bbox 3281 2832 3563 2884; x_wconf 88' lang='lat' dir='ltr'><strong>strenuus</strong></span> <span class='ocrx_word' id='word_1_435' title='bbox 3605 2831 3664 2882; x_wconf 88' lang='lat' dir='ltr'><strong>et</strong></span> <span class='ocrx_word' id='word_1_436' title='bbox 3693 2827 3883 2885; x_wconf 84' lang='lat' dir='ltr'><strong>valde</strong></span> 
     </span>
    </p>
   </div>
   <div class='ocr_carea' id='block_1_33' title="bbox 433 2913 3886 2996">
    <p class='ocr_par' dir='ltr' id='par_1_33' title="bbox 433 2913 3886 2996">
     <span class='ocr_line' id='line_1_33' title="bbox 433 2913 3886 2996; baseline 0 -24"><span class='ocrx_word' id='word_1_437' title='bbox 433 2933 551 2989; x_wconf 88' lang='lat' dir='ltr'><strong>que</strong></span> <span class='ocrx_word' id='word_1_438' title='bbox 581 2916 659 2971; x_wconf 91' lang='lat' dir='ltr'><strong>ibi</strong></span> <span class='ocrx_word' id='word_1_439' title='bbox 692 2932 843 2987; x_wconf 90' lang='lat' dir='ltr'><strong>pene</strong></span> <span class='ocrx_word' id='word_1_440' title='bbox 886 2921 1173 2985; x_wconf 81' lang='lat' dir='ltr'><strong>aestatem,</strong></span> <span class='ocrx_word' id='word_1_441' title='bbox 1235 2919 1318 2972; x_wconf 89' lang='lat' dir='ltr'><strong>rei</strong></span> <span class='ocrx_word' id='word_1_442' title='bbox 1342 2922 1622 2973; x_wconf 91' lang='lat' dir='ltr'><strong>eventum</strong></span> <span class='ocrx_word' id='word_1_443' title='bbox 1651 2921 2089 2989; x_wconf 82' lang='lat' dir='ltr'><strong>expectaturus,</strong></span> <span class='ocrx_word' id='word_1_444' title='bbox 2121 2940 2164 2996; x_wconf 70' lang='grc' dir='ltr'><em>ε</em></span> <span class='ocrx_word' id='word_1_445' title='bbox 2200 2913 2541 2985; x_wconf 85' lang='lat' dir='ltr'><strong>laudabilis,</strong></span> <span class='ocrx_word' id='word_1_446' title='bbox 2573 2915 2686 2971; x_wconf 90' lang='lat' dir='ltr'><strong>nisi</strong></span> <span class='ocrx_word' id='word_1_447' title='bbox 2713 2915 2772 2971; x_wconf 91' lang='lat' dir='ltr'><strong>in</strong></span> <span class='ocrx_word' id='word_1_448' title='bbox 2803 2916 2919 2971; x_wconf 91' lang='lat' dir='ltr'><strong>hoc</strong></span> <span class='ocrx_word' id='word_1_449' title='bbox 2948 2919 3181 2972; x_wconf 88' lang='lat' dir='ltr'><strong>tantum</strong></span> <span class='ocrx_word' id='word_1_450' title='bbox 3213 2916 3528 2972; x_wconf 82' lang='lat' dir='ltr'><strong>videbatur</strong></span> <span class='ocrx_word' id='word_1_451' title='bbox 3551 2917 3886 2988; x_wconf 86' lang='lat' dir='ltr'><strong>reprehen-</strong></span> 
     </span>
    </p>
   </div>
   <div class='ocr_carea' id='block_1_34' title="bbox 433 3003 3886 3077">
    <p class='ocr_par' dir='ltr' id='par_1_34' title="bbox 433 3003 3886 3077">
     <span class='ocr_line' id='line_1_34' title="bbox 433 3003 3886 3077; baseline 0.001 -18"><span class='ocrx_word' id='word_1_452' title='bbox 433 3003 782 3077; x_wconf 89' lang='lat' dir='ltr'><strong>permansit.</strong></span> <span class='ocrx_word' id='word_1_453' title='bbox 819 3003 987 3059; x_wconf 89' lang='lat' dir='ltr'><strong>Tunc</strong></span> <span class='ocrx_word' id='word_1_454' title='bbox 1018 3021 1141 3070; x_wconf 88' lang='lat' dir='ltr'><strong>rex,</strong></span> <span class='ocrx_word' id='word_1_455' title='bbox 1173 3003 1425 3060; x_wconf 89' lang='lat' dir='ltr'><strong>audiens</strong></span> <span class='ocrx_word' id='word_1_456' title='bbox 1451 3005 1828 3074; x_wconf 83' lang='lat' dir='ltr'><strong>Magontiam,</strong></span> <span class='ocrx_word' id='word_1_457' title='bbox 1881 3010 2094 3060; x_wconf 83' lang='lat' dir='ltr'><strong>metro-</strong></span> <span class='ocrx_word' id='word_1_458' title='bbox 2199 3004 2407 3070; x_wconf 87' lang='lat' dir='ltr'><strong>sibilis,</strong></span> <span class='ocrx_word' id='word_1_459' title='bbox 2437 3005 2606 3077; x_wconf 91' lang='lat' dir='ltr'><strong>quod</strong></span> <span class='ocrx_word' id='word_1_460' title='bbox 2631 3005 2821 3061; x_wconf 88' lang='lat' dir='ltr'><strong>sicubi</strong></span> <span class='ocrx_word' id='word_1_461' title='bbox 2849 3005 2945 3062; x_wconf 83' lang='lat' dir='ltr'><strong>vel</strong></span> <span class='ocrx_word' id='word_1_462' title='bbox 2976 3021 3131 3061; x_wconf 91' lang='lat' dir='ltr'><strong>unus</strong></span> <span class='ocrx_word' id='word_1_463' title='bbox 3157 3005 3314 3075; x_wconf 86' lang='lat' dir='ltr'><strong>regis</strong></span> <span class='ocrx_word' id='word_1_464' title='bbox 3353 3005 3635 3061; x_wconf 89' lang='lat' dir='ltr'><strong>inimicus</strong></span> <span class='ocrx_word' id='word_1_465' title='bbox 3683 3021 3886 3063; x_wconf 87' lang='lat' dir='ltr'><strong>emer-</strong></span> 
     </span>
    </p>
   </div>
   <div class='ocr_carea' id='block_1_35' title="bbox 432 3091 3885 3167">
    <p class='ocr_par' dir='ltr' id='par_1_35' title="bbox 432 3091 3885 3167">
     <span class='ocr_line' id='line_1_35' title="bbox 432 3091 3885 3167; baseline 0.001 -21"><span class='ocrx_word' id='word_1_466' title='bbox 432 3091 619 3164; x_wconf 90' lang='lat' dir='ltr'><strong>polim</strong></span> <span class='ocrx_word' id='word_1_467' title='bbox 643 3092 900 3148; x_wconf 72' lang='lat' dir='ltr'><strong>Franciaa</strong></span> <span class='ocrx_word' id='word_1_468' title='bbox 924 3093 1275 3166; x_wconf 88' lang='lat' dir='ltr'><strong>regiamque</strong></span> <span class='ocrx_word' id='word_1_469' title='bbox 1318 3095 1414 3128; x_wconf 66' lang='lat'><strong>‘5“</strong></span> <span class='ocrx_word' id='word_1_470' title='bbox 1471 3092 1788 3159; x_wconf 75' lang='lat' dir='ltr'><strong>civitatem,</strong></span> <span class='ocrx_word' id='word_1_471' title='bbox 1837 3093 2090 3148; x_wconf 89' lang='lat' dir='ltr'><strong>inimicis</strong></span> <span class='ocrx_word' id='word_1_472' title='bbox 2200 3095 2291 3160; x_wconf 89' lang='lat' dir='ltr'><strong>sit,</strong></span> <span class='ocrx_word' id='word_1_473' title='bbox 2317 3093 2443 3166; x_wconf 89' lang='lat' dir='ltr'><strong>ipse</strong></span> <span class='ocrx_word' id='word_1_474' title='bbox 2484 3109 2544 3149; x_wconf 86' lang='lat' dir='ltr'><strong>se</strong></span> <span class='ocrx_word' id='word_1_475' title='bbox 2575 3093 2774 3149; x_wconf 84' lang='lat' dir='ltr'><strong>statim</strong></span> <span class='ocrx_word' id='word_1_476' title='bbox 2806 3093 3140 3149; x_wconf 89' lang='lat' dir='ltr'><strong>secundum</strong></span> <span class='ocrx_word' id='word_1_477' title='bbox 3173 3094 3472 3167; x_wconf 88' lang='lat' dir='ltr'><strong>apposuit.</strong></span> <span class='ocrx_word' id='word_1_478' title='bbox 3501 3093 3609 3150; x_wconf 88' lang='lat' dir='ltr'><strong>Cui</strong></span> <span class='ocrx_word' id='word_1_479' title='bbox 3633 3109 3885 3151; x_wconf 85' lang='lat' dir='ltr'><strong>succes-</strong></span> 
     </span>
    </p>
   </div>
   <div class='ocr_carea' id='block_1_36' title="bbox 435 3181 3887 3256">
    <p class='ocr_par' dir='ltr' id='par_1_36' title="bbox 435 3181 3887 3256">
     <span class='ocr_line' id='line_1_36' title="bbox 435 3181 3887 3256; baseline 0.001 -21"><span class='ocrx_word' id='word_1_480' title='bbox 435 3181 561 3236; x_wconf 89' lang='lat' dir='ltr'><strong>suis</strong></span> <span class='ocrx_word' id='word_1_481' title='bbox 591 3181 878 3251; x_wconf 88' lang='lat' dir='ltr'><strong>deditam,</strong></span> <span class='ocrx_word' id='word_1_482' title='bbox 910 3198 1032 3254; x_wconf 90' lang='lat' dir='ltr'><strong>qua</strong></span> <span class='ocrx_word' id='word_1_483' title='bbox 1051 3183 1244 3255; x_wconf 87' lang='lat' dir='ltr'><strong>potuit</strong></span> <span class='ocrx_word' id='word_1_484' title='bbox 1264 3183 1571 3239; x_wconf 88' lang='lat' dir='ltr'><strong>velocitate</strong></span> <span class='ocrx_word' id='word_1_485' title='bbox 1596 3198 1731 3239; x_wconf 89' lang='lat' dir='ltr'><strong>eam</strong></span> <span class='ocrx_word' id='word_1_486' title='bbox 1769 3183 1934 3252; x_wconf 88' lang='lat' dir='ltr'><strong>adiit,</strong></span> <span class='ocrx_word' id='word_1_487' title='bbox 1977 3183 2094 3238; x_wconf 89' lang='lat' dir='ltr'><strong>col-</strong></span> <span class='ocrx_word' id='word_1_488' title='bbox 2199 3183 2272 3239; x_wconf 90' lang='lat' dir='ltr'><strong>sit</strong></span> <span class='ocrx_word' id='word_1_489' title='bbox 2302 3183 2455 3253; x_wconf 88' lang='lat' dir='ltr'><strong>regis</strong></span> <span class='ocrx_word' id='word_1_490' title='bbox 2482 3182 2640 3238; x_wconf 87' lang='lat' dir='ltr'><strong>ﬁlius</strong></span> <span class='ocrx_word' id='word_1_491' title='bbox 2669 3182 3074 3250; x_wconf 87' lang='lat' dir='ltr'><strong>Willihelmus,</strong></span> <span class='ocrx_word' id='word_1_492' title='bbox 3106 3198 3143 3239; x_wconf 90' lang='lat' dir='ltr'><strong>a</strong></span> <span class='ocrx_word' id='word_1_493' title='bbox 3167 3183 3395 3256; x_wconf 89' lang='lat' dir='ltr'><strong>populo</strong></span> <span class='ocrx_word' id='word_1_494' title='bbox 3418 3189 3478 3239; x_wconf 90' lang='lat' dir='ltr'><strong>et</strong></span> <span class='ocrx_word' id='word_1_495' title='bbox 3501 3183 3664 3239; x_wconf 87' lang='lat' dir='ltr'><strong>clero</strong></span> <span class='ocrx_word' id='word_1_496' title='bbox 3687 3183 3754 3239; x_wconf 89' lang='lat' dir='ltr'><strong>in</strong></span> <span class='ocrx_word' id='word_1_497' title='bbox 3781 3187 3887 3240; x_wconf 78' lang='lat' dir='ltr'><strong>Ar-</strong></span> 
     </span>
    </p>
   </div>
   <div class='ocr_carea' id='block_1_37' title="bbox 431 3270 3880 3346">
    <p class='ocr_par' dir='ltr' id='par_1_37' title="bbox 431 3270 3880 3346">
     <span class='ocr_line' id='line_1_37' title="bbox 431 3270 3880 3346; baseline 0.001 -21"><span class='ocrx_word' id='word_1_498' title='bbox 431 3270 701 3342; x_wconf 84' lang='lat' dir='ltr'><strong>lectaque</strong></span> <span class='ocrx_word' id='word_1_499' title='bbox 731 3286 977 3327; x_wconf 89' lang='lat' dir='ltr'><strong>suorum</strong></span> <span class='ocrx_word' id='word_1_500' title='bbox 1009 3272 1277 3328; x_wconf 85' lang='lat' dir='ltr'><strong>ﬁdelium</strong></span> <span class='ocrx_word' id='word_1_501' title='bbox 1324 3272 1723 3340; x_wconf 86' lang='lat' dir='ltr'><strong>multitudine,</strong></span> <span class='ocrx_word' id='word_1_502' title='bbox 1765 3277 1888 3328; x_wconf 89' lang='lat' dir='ltr'><strong>tam</strong></span> <span class='ocrx_word' id='word_1_503' title='bbox 1922 3275 2092 3328; x_wconf 75' lang='lat' dir='ltr'><strong>Fran-</strong></span> <span class='ocrx_word' id='word_1_504' title='bbox 2197 3277 2393 3329; x_wconf 88' lang='lat' dir='ltr'><strong>nestat</strong></span> <span class='ocrx_word' id='word_1_505' title='bbox 2437 3273 2586 3343; x_wconf 80' lang='grc'><strong>(176)</strong></span> <span class='ocrx_word' id='word_1_506' title='bbox 2635 3273 3008 3328; x_wconf 86' lang='lat' dir='ltr'><strong>concorditer</strong></span> <span class='ocrx_word' id='word_1_507' title='bbox 3071 3272 3315 3328; x_wconf 86' lang='lat' dir='ltr'><strong>electus.</strong></span> <span class='ocrx_word' id='word_1_508' title='bbox 3377 3275 3457 3330; x_wconf 83' lang='lat' dir='ltr'><strong>Ea</strong></span> <span class='ocrx_word' id='word_1_509' title='bbox 3511 3278 3880 3346; x_wconf 81' lang='lat' dir='ltr'><strong>tempestate</strong></span> 
     </span>
    </p>
   </div>
   <div class='ocr_carea' id='block_1_38' title="bbox 433 3360 3880 3433">
    <p class='ocr_par' dir='ltr' id='par_1_38' title="bbox 433 3360 3880 3433">
     <span class='ocr_line' id='line_1_38' title="bbox 433 3360 3880 3433; baseline 0.001 -18"><span class='ocrx_word' id='word_1_510' title='bbox 433 3376 641 3416; x_wconf 90' lang='lat' dir='ltr'><strong>eorum</strong></span> <span class='ocrx_word' id='word_1_511' title='bbox 672 3377 860 3433; x_wconf 91' lang='lat' dir='ltr'><strong>quam</strong></span> <span class='ocrx_word' id='word_1_512' title='bbox 899 3363 1203 3418; x_wconf 80' lang='lat' dir='ltr'><strong>Saxonum</strong></span> <span class='ocrx_word' id='word_1_513' title='bbox 1261 3366 1320 3418; x_wconf 92' lang='lat' dir='ltr'><strong>et</strong></span> <span class='ocrx_word' id='word_1_514' title='bbox 1372 3362 1863 3430; x_wconf 85' lang='lat' dir='ltr'><strong>Lothariensium,</strong></span> <span class='ocrx_word' id='word_1_515' title='bbox 1912 3362 2091 3418; x_wconf 86' lang='lat' dir='ltr'><strong>ﬁrma</strong></span> <span class='ocrx_word' id='word_1_516' title='bbox 2199 3361 2483 3417; x_wconf 88' lang='lat' dir='ltr'><strong>Liutolfus</strong></span> <span class='ocrx_word' id='word_1_517' title='bbox 2530 3361 2592 3417; x_wconf 89' lang='lat' dir='ltr'><strong>in</strong></span> <span class='ocrx_word' id='word_1_518' title='bbox 2645 3362 2899 3432; x_wconf 86' lang='lat' dir='ltr'><strong>gratiam</strong></span> <span class='ocrx_word' id='word_1_519' title='bbox 2953 3360 3109 3432; x_wconf 88' lang='lat' dir='ltr'><strong>regis</strong></span> <span class='ocrx_word' id='word_1_520' title='bbox 3184 3366 3520 3431; x_wconf 86' lang='lat' dir='ltr'><strong>revocatus,</strong></span> <span class='ocrx_word' id='word_1_521' title='bbox 3593 3362 3880 3419; x_wconf 84' lang='lat' dir='ltr'><strong>vassalos</strong></span> 
     </span>
    </p>
   </div>
   <div class='ocr_carea' id='block_1_39' title="bbox 432 3449 3879 3524">
    <p class='ocr_par' dir='ltr' id='par_1_39' title="bbox 432 3449 3879 3524">
     <span class='ocr_line' id='line_1_39' title="bbox 432 3449 3879 3524; baseline 0.001 -20"><span class='ocrx_word' id='word_1_522' title='bbox 432 3464 567 3504; x_wconf 92' lang='lat' dir='ltr'><strong>eam</strong></span> <span class='ocrx_word' id='word_1_523' title='bbox 619 3450 931 3506; x_wconf 90' lang='lat' dir='ltr'><strong>obsidione</strong></span> <span class='ocrx_word' id='word_1_524' title='bbox 979 3450 1391 3507; x_wconf 82' lang='lat' dir='ltr'><strong>circumdedit.</strong></span> <span class='ocrx_word' id='word_1_525' title='bbox 1449 3451 1564 3508; x_wconf 91' lang='lat' dir='ltr'><strong>Sed</strong></span> <span class='ocrx_word' id='word_1_526' title='bbox 1618 3456 1675 3507; x_wconf 90' lang='lat' dir='ltr'><strong>et</strong></span> <span class='ocrx_word' id='word_1_527' title='bbox 1725 3451 1904 3508; x_wconf 86' lang='lat' dir='ltr'><strong>frater</strong></span> <span class='ocrx_word' id='word_1_528' title='bbox 1959 3453 2088 3523; x_wconf 87' lang='lat' dir='ltr'><strong>ejus</strong></span> <span class='ocrx_word' id='word_1_529' title='bbox 2196 3467 2351 3524; x_wconf 89' lang='lat' dir='ltr'><strong>quos</strong></span> <span class='ocrx_word' id='word_1_530' title='bbox 2370 3449 2582 3506; x_wconf 87' lang='lat' dir='ltr'><strong>habuit</strong></span> <span class='ocrx_word' id='word_1_531' title='bbox 2604 3455 2662 3507; x_wconf 90' lang='lat' dir='ltr'><strong>et</strong></span> <span class='ocrx_word' id='word_1_532' title='bbox 2686 3455 2977 3507; x_wconf 85' lang='lat' dir='ltr'><strong>ducatum</strong></span> <span class='ocrx_word' id='word_1_533' title='bbox 3014 3450 3168 3523; x_wconf 88' lang='lat' dir='ltr'><strong>patri</strong></span> <span class='ocrx_word' id='word_1_534' title='bbox 3221 3450 3520 3518; x_wconf 90' lang='lat' dir='ltr'><strong>reddidit;</strong></span> <span class='ocrx_word' id='word_1_535' title='bbox 3577 3449 3678 3507; x_wconf 91' lang='lat' dir='ltr'><strong>cui</strong></span> <span class='ocrx_word' id='word_1_536' title='bbox 3735 3453 3879 3507; x_wconf 78' lang='lat' dir='ltr'><strong>Bur-</strong></span> 
     </span>
    </p>
   </div>
   <div class='ocr_carea' id='block_1_40' title="bbox 433 3538 3874 3611">
    <p class='ocr_par' dir='ltr' id='par_1_40' title="bbox 433 3538 3874 3611">
     <span class='ocr_line' id='line_1_40' title="bbox 433 3538 3874 3611; baseline 0.001 -17"><span class='ocrx_word' id='word_1_537' title='bbox 433 3539 736 3595; x_wconf 85' lang='lat' dir='ltr'><strong>Heinricus</strong></span> <span class='ocrx_word' id='word_1_538' title='bbox 763 3540 838 3595; x_wconf 91' lang='lat' dir='ltr'><strong>de</strong></span> <span class='ocrx_word' id='word_1_539' title='bbox 869 3540 1138 3597; x_wconf 83' lang='lat' dir='ltr'><strong>Bawaria</strong></span> <span class='ocrx_word' id='word_1_540' title='bbox 1165 3541 1290 3611; x_wconf 88' lang='lat' dir='ltr'><strong>regi</strong></span> <span class='ocrx_word' id='word_1_541' title='bbox 1319 3540 1608 3596; x_wconf 88' lang='lat' dir='ltr'><strong>auxilium</strong></span> <span class='ocrx_word' id='word_1_542' title='bbox 1632 3541 1957 3597; x_wconf 84' lang='lat' dir='ltr'><strong>collaturus</strong></span> <span class='ocrx_word' id='word_1_543' title='bbox 1987 3540 2088 3596; x_wconf 86' lang='lat' dir='ltr'><strong>ad-</strong></span> <span class='ocrx_word' id='word_1_544' title='bbox 2195 3538 2456 3595; x_wconf 90' lang='lat' dir='ltr'><strong>chardus</strong></span> <span class='ocrx_word' id='word_1_545' title='bbox 2485 3539 2545 3594; x_wconf 91' lang='lat' dir='ltr'><strong>in</strong></span> <span class='ocrx_word' id='word_1_546' title='bbox 2587 3539 2812 3594; x_wconf 88' lang='lat' dir='ltr'><strong>ducatu</strong></span> <span class='ocrx_word' id='word_1_547' title='bbox 2844 3538 3145 3595; x_wconf 86' lang='lat' dir='ltr'><strong>successit.</strong></span> <span class='ocrx_word' id='word_1_548' title='bbox 3206 3539 3604 3596; x_wconf 88' lang='lat' dir='ltr'><strong>Chuonradus</strong></span> <span class='ocrx_word' id='word_1_549' title='bbox 3655 3539 3874 3605; x_wconf 87' lang='lat' dir='ltr'><strong>etiam,</strong></span> 
     </span>
    </p>
   </div>
   <div class='ocr_carea' id='block_1_41' title="bbox 430 3628 3872 3703">
    <p class='ocr_par' dir='ltr' id='par_1_41' title="bbox 430 3628 3872 3703">
     <span class='ocr_line' id='line_1_41' title="bbox 430 3628 3872 3703; baseline 0 -19"><span class='ocrx_word' id='word_1_550' title='bbox 430 3628 610 3698; x_wconf 87' lang='lat' dir='ltr'><strong>venit,</strong></span> <span class='ocrx_word' id='word_1_551' title='bbox 637 3629 772 3685; x_wconf 92' lang='lat' dir='ltr'><strong>licet</strong></span> <span class='ocrx_word' id='word_1_552' title='bbox 803 3631 899 3666; x_wconf 69' lang='lat'><strong>‘5“</strong></span> <span class='ocrx_word' id='word_1_553' title='bbox 931 3629 1014 3685; x_wconf 91' lang='lat' dir='ltr'><strong>ibi</strong></span> <span class='ocrx_word' id='word_1_554' title='bbox 1039 3630 1176 3703; x_wconf 89' lang='lat' dir='ltr'><strong>plus</strong></span> <span class='ocrx_word' id='word_1_555' title='bbox 1203 3630 1576 3686; x_wconf 88' lang='lat' dir='ltr'><strong>incommodi</strong></span> <span class='ocrx_word' id='word_1_556' title='bbox 1605 3645 1792 3703; x_wconf 91' lang='lat' dir='ltr'><strong>quam</strong></span> <span class='ocrx_word' id='word_1_557' title='bbox 1825 3630 2086 3686; x_wconf 88' lang='lat' dir='ltr'><strong>utilitatis</strong></span> <span class='ocrx_word' id='word_1_558' title='bbox 2196 3629 2470 3685; x_wconf 91' lang='lat' dir='ltr'><strong>omnium</strong></span> <span class='ocrx_word' id='word_1_559' title='bbox 2516 3644 2669 3701; x_wconf 88' lang='lat' dir='ltr'><strong>quas</strong></span> <span class='ocrx_word' id='word_1_560' title='bbox 2725 3629 2936 3684; x_wconf 88' lang='lat' dir='ltr'><strong>habuit</strong></span> <span class='ocrx_word' id='word_1_561' title='bbox 2978 3628 3318 3685; x_wconf 86' lang='lat' dir='ltr'><strong>divitiarum</strong></span> <span class='ocrx_word' id='word_1_562' title='bbox 3369 3629 3590 3697; x_wconf 86' lang='lat' dir='ltr'><strong>nudus,</strong></span> <span class='ocrx_word' id='word_1_563' title='bbox 3633 3630 3872 3686; x_wconf 86' lang='lat' dir='ltr'><strong>omisso</strong></span> 
     </span>
    </p>
   </div>
   <div class='ocr_carea' id='block_1_42' title="bbox 430 3716 3870 3792">
    <p class='ocr_par' dir='ltr' id='par_1_42' title="bbox 430 3716 3870 3792">
     <span class='ocr_line' id='line_1_42' title="bbox 430 3716 3870 3792; baseline 0.001 -20"><span class='ocrx_word' id='word_1_564' title='bbox 430 3716 545 3773; x_wconf 87' lang='lat' dir='ltr'><strong>sibi</strong></span> <span class='ocrx_word' id='word_1_565' title='bbox 576 3720 675 3754; x_wconf 67' lang='grc' dir='ltr'><strong>¹⁵ῖ⁰</strong></span> <span class='ocrx_word' id='word_1_566' title='bbox 703 3719 1108 3792; x_wconf 88' lang='lat' dir='ltr'><strong>conquisierit.</strong></span> <span class='ocrx_word' id='word_1_567' title='bbox 1143 3724 1289 3776; x_wconf 82' lang='lat' dir='ltr'><strong>Nam</strong></span> <span class='ocrx_word' id='word_1_568' title='bbox 1320 3719 1556 3776; x_wconf 86' lang='lat' dir='ltr'><strong>interim</strong></span> <span class='ocrx_word' id='word_1_569' title='bbox 1581 3719 1864 3776; x_wconf 86' lang='lat' dir='ltr'><strong>Liutolfus</strong></span> <span class='ocrx_word' id='word_1_570' title='bbox 1891 3723 2090 3776; x_wconf 85' lang='lat' dir='ltr'><strong>Bawa-</strong></span> <span class='ocrx_word' id='word_1_571' title='bbox 2195 3719 2437 3786; x_wconf 90' lang='lat' dir='ltr'><strong>ducatu,</strong></span> <span class='ocrx_word' id='word_1_572' title='bbox 2463 3718 2525 3774; x_wconf 88' lang='lat' dir='ltr'><strong>in</strong></span> <span class='ocrx_word' id='word_1_573' title='bbox 2555 3718 2808 3789; x_wconf 86' lang='lat' dir='ltr'><strong>gratiam</strong></span> <span class='ocrx_word' id='word_1_574' title='bbox 2837 3718 2993 3787; x_wconf 88' lang='lat' dir='ltr'><strong>regis</strong></span> <span class='ocrx_word' id='word_1_575' title='bbox 3023 3718 3448 3788; x_wconf 85' lang='lat' dir='ltr'><strong>intromittitur,</strong></span> <span class='ocrx_word' id='word_1_576' title='bbox 3497 3719 3620 3775; x_wconf 85' lang='lat' dir='ltr'><strong>vita</strong></span> <span class='ocrx_word' id='word_1_577' title='bbox 3662 3723 3728 3776; x_wconf 89' lang='lat' dir='ltr'><strong>et</strong></span> <span class='ocrx_word' id='word_1_578' title='bbox 3767 3721 3870 3755; x_wconf 78' lang='grc'><strong>¹⁶⁶⁹</strong></span> 
     </span>
    </p>
   </div>
   <div class='ocr_carea' id='block_1_43' title="bbox 419 3807 3875 3882">
    <p class='ocr_par' dir='ltr' id='par_1_43' title="bbox 419 3807 3875 3882">
     <span class='ocr_line' id='line_1_43' title="bbox 419 3807 3875 3882; baseline 0 -19"><span class='ocrx_word' id='word_1_579' title='bbox 419 3807 549 3863; x_wconf 82' lang='lat' dir='ltr'><strong>rios</strong></span> <span class='ocrx_word' id='word_1_580' title='bbox 578 3808 1020 3865; x_wconf 88' lang='lat' dir='ltr'><strong>machinatione</strong></span> <span class='ocrx_word' id='word_1_581' title='bbox 1050 3808 1295 3865; x_wconf 87' lang='lat' dir='ltr'><strong>Arnoldi</strong></span> <span class='ocrx_word' id='word_1_582' title='bbox 1329 3811 1446 3876; x_wconf 64' lang='grc' dir='ltr'><strong>ηπ,</strong></span> <span class='ocrx_word' id='word_1_583' title='bbox 1479 3809 1942 3866; x_wconf 72' lang='lat' dir='ltr'><strong>fratrisJudithte</strong></span> <span class='ocrx_word' id='word_1_584' title='bbox 1965 3811 2084 3881; x_wconf 72' lang='grc'><strong>³⁸⁷³,</strong></span> <span class='ocrx_word' id='word_1_585' title='bbox 2194 3809 2388 3882; x_wconf 81' lang='lat' dir='ltr'><strong>patria</strong></span> <span class='ocrx_word' id='word_1_586' title='bbox 2433 3812 2489 3863; x_wconf 92' lang='lat' dir='ltr'><strong>et</strong></span> <span class='ocrx_word' id='word_1_587' title='bbox 2539 3807 2766 3880; x_wconf 69' lang='lat' dir='ltr'><strong>praedio</strong></span> <span class='ocrx_word' id='word_1_588' title='bbox 2833 3812 3164 3864; x_wconf 91' lang='lat' dir='ltr'><strong>contentus.</strong></span> <span class='ocrx_word' id='word_1_589' title='bbox 3227 3808 3475 3865; x_wconf 83' lang='lat' dir='ltr'><strong>Liutolfo</strong></span> <span class='ocrx_word' id='word_1_590' title='bbox 3521 3807 3684 3864; x_wconf 88' lang='lat' dir='ltr'><strong>ﬁlius</strong></span> <span class='ocrx_word' id='word_1_591' title='bbox 3733 3810 3875 3865; x_wconf 83' lang='lat' dir='ltr'><strong>Otto</strong></span> 
     </span>
    </p>
   </div>
   <div class='ocr_carea' id='block_1_44' title="bbox 429 3897 2478 3968">
    <p class='ocr_par' dir='ltr' id='par_1_44' title="bbox 429 3897 2478 3968">
     <span class='ocr_line' id='line_1_44' title="bbox 429 3897 2478 3968; baseline 0.001 -17"><span class='ocrx_word' id='word_1_592' title='bbox 429 3897 633 3952; x_wconf 84' lang='lat' dir='ltr'><strong>uxoris</strong></span> <span class='ocrx_word' id='word_1_593' title='bbox 657 3898 708 3967; x_wconf 90' lang='lat' dir='ltr'><strong>ej</strong></span> <span class='ocrx_word' id='word_1_594' title='bbox 719 3913 809 3964; x_wconf 88' lang='lat' dir='ltr'><strong>us,</strong></span> <span class='ocrx_word' id='word_1_595' title='bbox 843 3897 922 3954; x_wconf 90' lang='lat' dir='ltr'><strong>ab</strong></span> <span class='ocrx_word' id='word_1_596' title='bbox 948 3913 1020 3953; x_wconf 91' lang='lat' dir='ltr'><strong>eo</strong></span> <span class='ocrx_word' id='word_1_597' title='bbox 1047 3898 1274 3968; x_wconf 77' lang='lat' dir='ltr'><strong>avertit,</strong></span> <span class='ocrx_word' id='word_1_598' title='bbox 1303 3901 1360 3953; x_wconf 90' lang='lat' dir='ltr'><strong>et</strong></span> <span class='ocrx_word' id='word_1_599' title='bbox 1379 3898 1772 3954; x_wconf 79' lang='lat' dir='ltr'><strong>Ratisbonam</strong></span> <span class='ocrx_word' id='word_1_600' title='bbox 1791 3899 2090 3954; x_wconf 87' lang='lat' dir='ltr'><strong>intromis—</strong></span> <span class='ocrx_word' id='word_1_601' title='bbox 2195 3897 2478 3955; x_wconf 88' lang='lat' dir='ltr'><strong>nascitur.</strong></span> 
     </span>
    </p>
   </div>
   <div class='ocr_carea' id='block_1_45' title="bbox 421 3985 3192 4059">
    <p class='ocr_par' dir='ltr' id='par_1_45' title="bbox 421 3985 3192 4059">
     <span class='ocr_line' id='line_1_45' title="bbox 421 3985 3192 4059; baseline 0.001 -20"><span class='ocrx_word' id='word_1_602' title='bbox 421 4001 555 4056; x_wconf 86' lang='lat' dir='ltr'><strong>sus,</strong></span> <span class='ocrx_word' id='word_1_603' title='bbox 581 4001 795 4042; x_wconf 89' lang='lat' dir='ltr'><strong>omnes</strong></span> <span class='ocrx_word' id='word_1_604' title='bbox 818 3987 950 4057; x_wconf 88' lang='lat' dir='ltr'><strong>ejus</strong></span> <span class='ocrx_word' id='word_1_605' title='bbox 977 3986 1060 4041; x_wconf 91' lang='lat' dir='ltr'><strong>ibi</strong></span> <span class='ocrx_word' id='word_1_606' title='bbox 1090 3988 1400 4042; x_wconf 88' lang='lat' dir='ltr'><strong>thesauros</strong></span> <span class='ocrx_word' id='word_1_607' title='bbox 1424 3985 1686 4059; x_wconf 91' lang='lat' dir='ltr'><strong>diripuit,</strong></span> <span class='ocrx_word' id='word_1_608' title='bbox 1721 3987 1964 4059; x_wconf 88' lang='lat' dir='ltr'><strong>suisque</strong></span> <span class='ocrx_word' id='word_1_609' title='bbox 1994 4003 2087 4044; x_wconf 84' lang='lat' dir='ltr'><strong>ra-</strong></span> <span class='ocrx_word' id='word_1_610' title='bbox 2861 3988 3192 4045; x_wconf 78' lang='lat' dir='ltr'><strong>DCCCCLV.</strong></span> 
     </span>
    </p>
   </div>
   <div class='ocr_carea' id='block_1_46' title="bbox 429 4072 3880 4147">
    <p class='ocr_par' dir='ltr' id='par_1_46' title="bbox 429 4072 3880 4147">
     <span class='ocr_line' id='line_1_46' title="bbox 429 4072 3880 4147; baseline 0.001 -20"><span class='ocrx_word' id='word_1_611' title='bbox 429 4072 683 4144; x_wconf 91' lang='lat' dir='ltr'><strong>piendos</strong></span> <span class='ocrx_word' id='word_1_612' title='bbox 707 4073 1022 4130; x_wconf 88' lang='lat' dir='ltr'><strong>distribuit.</strong></span> <span class='ocrx_word' id='word_1_613' title='bbox 1047 4076 1191 4141; x_wconf 65' lang='lat' dir='ltr'><strong>Quae</strong></span> <span class='ocrx_word' id='word_1_614' title='bbox 1221 4075 1350 4146; x_wconf 91' lang='lat' dir='ltr'><strong>ejus</strong></span> <span class='ocrx_word' id='word_1_615' title='bbox 1392 4074 1782 4131; x_wconf 89' lang='lat' dir='ltr'><strong>incommoda</strong></span> <span class='ocrx_word' id='word_1_616' title='bbox 1823 4091 1928 4131; x_wconf 87' lang='lat' dir='ltr'><strong>rex</strong></span> <span class='ocrx_word' id='word_1_617' title='bbox 1963 4076 2088 4132; x_wconf 89' lang='lat' dir='ltr'><strong>suis</strong></span> <span class='ocrx_word' id='word_1_618' title='bbox 2269 4078 2334 4131; x_wconf 80' lang='grc' dir='ltr'><strong>Α.</strong></span> <span class='ocrx_word' id='word_1_619' title='bbox 2373 4079 2434 4132; x_wconf 83' lang='grc'><strong>1).</strong></span> <span class='ocrx_word' id='word_1_620' title='bbox 2471 4080 2508 4131; x_wconf 88' lang='grc'><strong>1.</strong></span> <span class='ocrx_word' id='word_1_621' title='bbox 2541 4080 2645 4132; x_wconf 83' lang='grc'><strong>955</strong></span> <span class='ocrx_word' id='word_1_622' title='bbox 2673 4077 2772 4112; x_wconf 70' lang='grc' dir='ltr'><strong>ιδθθ</strong></span> <span class='ocrx_word' id='word_1_623' title='bbox 2804 4075 3042 4147; x_wconf 86' lang='lat' dir='ltr'><strong>Ungarii</strong></span> <span class='ocrx_word' id='word_1_624' title='bbox 3071 4091 3209 4132; x_wconf 88' lang='lat' dir='ltr'><strong>cum</strong></span> <span class='ocrx_word' id='word_1_625' title='bbox 3235 4080 3360 4132; x_wconf 90' lang='lat' dir='ltr'><strong>tam</strong></span> <span class='ocrx_word' id='word_1_626' title='bbox 3388 4073 3615 4146; x_wconf 86' lang='lat' dir='ltr'><strong>ingenti</strong></span> <span class='ocrx_word' id='word_1_627' title='bbox 3667 4075 3880 4132; x_wconf 82' lang='lat' dir='ltr'><strong>multi-</strong></span> 
     </span>
    </p>
   </div>
   <div class='ocr_carea' id='block_1_47' title="bbox 430 4163 3881 4236">
    <p class='ocr_par' dir='ltr' id='par_1_47' title="bbox 430 4163 3881 4236">
     <span class='ocr_line' id='line_1_47' title="bbox 430 4163 3881 4236; baseline 0.001 -18"><span class='ocrx_word' id='word_1_628' title='bbox 430 4177 810 4236; x_wconf 71' lang='lat' dir='ltr'><strong>praaponens,</strong></span> <span class='ocrx_word' id='word_1_629' title='bbox 844 4164 1202 4234; x_wconf 77' lang='lat' dir='ltr'><strong>Magontiam</strong></span> <span class='ocrx_word' id='word_1_630' title='bbox 1239 4163 1556 4221; x_wconf 88' lang='lat' dir='ltr'><strong>obsidione</strong></span> <span class='ocrx_word' id='word_1_631' title='bbox 1608 4164 1887 4233; x_wconf 86' lang='lat' dir='ltr'><strong>absolvit,</strong></span> <span class='ocrx_word' id='word_1_632' title='bbox 1939 4170 1997 4223; x_wconf 91' lang='lat' dir='ltr'><strong>et</strong></span> <span class='ocrx_word' id='word_1_633' title='bbox 2024 4167 2086 4226; x_wconf 88' lang='lat' dir='ltr'><strong>in</strong></span> <span class='ocrx_word' id='word_1_634' title='bbox 2196 4165 2402 4223; x_wconf 91' lang='lat' dir='ltr'><strong>tudine</strong></span> <span class='ocrx_word' id='word_1_635' title='bbox 2427 4169 2712 4222; x_wconf 83' lang='lat' dir='ltr'><strong>exeuntes</strong></span> <span class='ocrx_word' id='word_1_636' title='bbox 2734 4167 2855 4233; x_wconf 65' lang='lat'><strong>159&#39;,</strong></span> <span class='ocrx_word' id='word_1_637' title='bbox 2881 4169 2944 4220; x_wconf 88' lang='lat' dir='ltr'><strong>ut</strong></span> <span class='ocrx_word' id='word_1_638' title='bbox 2972 4180 3116 4234; x_wconf 89' lang='lat' dir='ltr'><strong>non,</strong></span> <span class='ocrx_word' id='word_1_639' title='bbox 3144 4163 3256 4220; x_wconf 88' lang='lat' dir='ltr'><strong>nisi</strong></span> <span class='ocrx_word' id='word_1_640' title='bbox 3289 4168 3446 4222; x_wconf 89' lang='lat' dir='ltr'><strong>terra</strong></span> <span class='ocrx_word' id='word_1_641' title='bbox 3489 4163 3580 4221; x_wconf 84' lang='lat' dir='ltr'><strong>eis</strong></span> <span class='ocrx_word' id='word_1_642' title='bbox 3634 4167 3881 4208; x_wconf 60' lang='grc' dir='ltr'><strong>πυρί-⁵η</strong></span> 
     </span>
    </p>
   </div>
   <div class='ocr_carea' id='block_1_48' title="bbox 1787 4325 2481 4384">
    <p class='ocr_par' dir='ltr' id='par_1_48' title="bbox 1787 4325 2481 4384">
     <span class='ocr_line' id='line_1_48' title="bbox 1787 4325 2481 4384; baseline 0.003 -6"><span class='ocrx_word' id='word_1_643' title='bbox 1787 4327 2038 4381; x_wconf 78' lang='grc' dir='ltr'><strong>-νΑΗΙᾸΞ</strong></span> <span class='ocrx_word' id='word_1_644' title='bbox 2079 4326 2370 4384; x_wconf 87' lang='lat' dir='ltr'><strong>LECTION</strong></span> <span class='ocrx_word' id='word_1_645' title='bbox 2379 4325 2481 4380; x_wconf 91' lang='lat' dir='ltr'><strong>ES.</strong></span> 
     </span>
    </p>
   </div>
   <div class='ocr_carea' id='block_1_49' title="bbox 506 4465 3885 4542">
    <p class='ocr_par' dir='ltr' id='par_1_49' title="bbox 506 4465 3885 4542">
     <span class='ocr_line' id='line_1_49' title="bbox 506 4465 3885 4542; baseline -0 -18"><span class='ocrx_word' id='word_1_646' title='bbox 506 4468 602 4504; x_wconf 79' lang='grc'><strong>¹⁵⁶⁰</strong></span> <span class='ocrx_word' id='word_1_647' title='bbox 641 4466 994 4542; x_wconf 84' lang='lat' dir='ltr'><strong>perveniens</strong></span> <span class='ocrx_word' id='word_1_648' title='bbox 1017 4465 1122 4524; x_wconf 91' lang='lat' dir='ltr'><strong>sed</strong></span> <span class='ocrx_word' id='word_1_649' title='bbox 1151 4467 1358 4542; x_wconf 78' lang='lat' dir='ltr'><strong>paucis</strong></span> <span class='ocrx_word' id='word_1_650' title='bbox 1379 4471 1430 4522; x_wconf 88' lang='lat'><strong>9.</strong></span> <span class='ocrx_word' id='word_1_651' title='bbox 1471 4470 1668 4542; x_wconf 51' lang='lat' dir='ltr'><strong>HJ}.</strong></span> <span class='ocrx_word' id='word_1_652' title='bbox 1698 4469 1843 4542; x_wconf 28' lang='lat' dir='ltr'><strong>J55}</strong></span> <span class='ocrx_word' id='word_1_653' title='bbox 1875 4471 2002 4524; x_wconf 90' lang='lat' dir='ltr'><strong>tuta</strong></span> <span class='ocrx_word' id='word_1_654' title='bbox 2029 4472 2135 4542; x_wconf 86' lang='lat' dir='ltr'><strong>5a.</strong></span> <span class='ocrx_word' id='word_1_655' title='bbox 2152 4483 2289 4542; x_wconf 85' lang='lat' dir='ltr'><strong>_c._e.</strong></span> <span class='ocrx_word' id='word_1_656' title='bbox 2342 4470 2467 4523; x_wconf 90' lang='lat' dir='ltr'><strong>tuto</strong></span> <span class='ocrx_word' id='word_1_657' title='bbox 2497 4465 2590 4542; x_wconf 82' lang='lat' dir='ltr'><strong>5d.</strong></span> <span class='ocrx_word' id='word_1_658' title='bbox 2626 4468 2799 4542; x_wconf 77' lang='lat' dir='ltr'><strong>tutus</strong></span> <span class='ocrx_word' id='word_1_659' title='bbox 2821 4465 3106 4542; x_wconf 74' lang='lat' dir='ltr'><strong>7.__tutius</strong></span> <span class='ocrx_word' id='word_1_660' title='bbox 3140 4468 3222 4522; x_wconf 88' lang='grc'><strong>10.</strong></span> <span class='ocrx_word' id='word_1_661' title='bbox 3279 4465 3468 4542; x_wconf 84' lang='lat' dir='ltr'><strong>tocius</strong></span> <span class='ocrx_word' id='word_1_662' title='bbox 3513 4470 3566 4522; x_wconf 88' lang='lat'><strong>9.</strong></span> <span class='ocrx_word' id='word_1_663' title='bbox 3617 4470 3705 4521; x_wconf 87' lang='grc'><strong>11.</strong></span> <span class='ocrx_word' id='word_1_664' title='bbox 3789 4471 3885 4523; x_wconf 85' lang='lat' dir='ltr'><strong>tu-</strong></span> 
     </span>
    </p>
   </div>
   <div class='ocr_carea' id='block_1_50' title="bbox 429 4536 3881 4609">
    <p class='ocr_par' dir='ltr' id='par_1_50' title="bbox 429 4536 3881 4609">
     <span class='ocr_line' id='line_1_50' title="bbox 429 4536 3881 4609; baseline 0 -15"><span class='ocrx_word' id='word_1_665' title='bbox 429 4541 556 4594; x_wconf 88' lang='lat' dir='ltr'><strong>tum</strong></span> <span class='ocrx_word' id='word_1_666' title='bbox 588 4536 728 4598; x_wconf 52' lang='lat' dir='ltr'><strong>8.—et</strong></span> <span class='ocrx_word' id='word_1_667' title='bbox 758 4536 1270 4609; x_wconf 43' lang='lat' dir='ltr'><strong>Chronograp’hus</strong></span> <span class='ocrx_word' id='word_1_668' title='bbox 1300 4539 1483 4595; x_wconf 72' lang='lat' dir='ltr'><strong>Saxo.</strong></span> <span class='ocrx_word' id='word_1_669' title='bbox 1564 4539 1662 4573; x_wconf 66' lang='lat'><strong>&#39;3“</strong></span> <span class='ocrx_word' id='word_1_670' title='bbox 1691 4536 1775 4594; x_wconf 91' lang='lat' dir='ltr'><strong>ibi</strong></span> <span class='ocrx_word' id='word_1_671' title='bbox 1804 4537 1961 4594; x_wconf 87' lang='lat' dir='ltr'><strong>facta</strong></span> <span class='ocrx_word' id='word_1_672' title='bbox 1993 4543 2044 4595; x_wconf 85' lang='lat'><strong>5.</strong></span> <span class='ocrx_word' id='word_1_673' title='bbox 2125 4537 2224 4574; x_wconf 75' lang='grc'><strong>¹³⁶³</strong></span> <span class='ocrx_word' id='word_1_674' title='bbox 2263 4536 2676 4609; x_wconf 85' lang='lat' dir='ltr'><strong>contrarietate</strong></span> <span class='ocrx_word' id='word_1_675' title='bbox 2726 4541 2776 4590; x_wconf 84' lang='grc'><strong>5.</strong></span> <span class='ocrx_word' id='word_1_676' title='bbox 2884 4539 2980 4572; x_wconf 65' lang='lat'><strong>&#39;5“</strong></span> <span class='ocrx_word' id='word_1_677' title='bbox 3029 4537 3391 4609; x_wconf 89' lang='lat' dir='ltr'><strong>droomanni</strong></span> <span class='ocrx_word' id='word_1_678' title='bbox 3439 4541 3490 4609; x_wconf 81' lang='grc'><strong>5.</strong></span> <span class='ocrx_word' id='word_1_679' title='bbox 3548 4541 3606 4591; x_wconf 84' lang='grc'><strong>’7.</strong></span> <span class='ocrx_word' id='word_1_680' title='bbox 3653 4542 3881 4609; x_wconf 77' lang='lat' dir='ltr'><strong>9—H.</strong></span> 
     </span>
    </p>
   </div>
   <div class='ocr_carea' id='block_1_51' title="bbox 428 4607 3880 4680">
    <p class='ocr_par' dir='ltr' id='par_1_51' title="bbox 428 4607 3880 4680">
     <span class='ocr_line' id='line_1_51' title="bbox 428 4607 3880 4680; baseline 0 -15"><span class='ocrx_word' id='word_1_681' title='bbox 428 4609 794 4669; x_wconf 89' lang='lat' dir='ltr'><strong>deoomanni</strong></span> <span class='ocrx_word' id='word_1_682' title='bbox 827 4615 908 4666; x_wconf 78' lang='lat' dir='ltr'><strong>l2.</strong></span> <span class='ocrx_word' id='word_1_683' title='bbox 987 4607 1696 4680; x_wconf 75' lang='lat' dir='ltr'><strong>drotmanni-Chronogr.</strong></span> <span class='ocrx_word' id='word_1_684' title='bbox 1730 4610 1910 4665; x_wconf 74' lang='lat' dir='ltr'><strong>Saxo.</strong></span> <span class='ocrx_word' id='word_1_685' title='bbox 1946 4616 1999 4666; x_wconf 83' lang='lat' dir='ltr'><strong>et</strong></span> <span class='ocrx_word' id='word_1_686' title='bbox 2028 4614 2081 4666; x_wconf 89' lang='lat'><strong>8.</strong></span> <span class='ocrx_word' id='word_1_687' title='bbox 2164 4610 2260 4646; x_wconf 71' lang='grc'>³⁸⁸⁸</span> <span class='ocrx_word' id='word_1_688' title='bbox 2293 4609 2372 4666; x_wconf 86' lang='lat' dir='ltr'><strong>ab</strong></span> <span class='ocrx_word' id='word_1_689' title='bbox 2405 4608 2613 4680; x_wconf 86' lang='lat' dir='ltr'><strong>amicis</strong></span> <span class='ocrx_word' id='word_1_690' title='bbox 2645 4612 2696 4662; x_wconf 95' lang='lat'><strong>5.</strong></span> <span class='ocrx_word' id='word_1_691' title='bbox 2778 4610 2876 4644; x_wconf 62' lang='lat'><strong>&quot;5“</strong></span> <span class='ocrx_word' id='word_1_692' title='bbox 2902 4608 3159 4680; x_wconf 86' lang='lat' dir='ltr'><strong>inimicis</strong></span> <span class='ocrx_word' id='word_1_693' title='bbox 3207 4624 3254 4663; x_wconf 90' lang='lat' dir='ltr'><strong>r.</strong></span> <span class='ocrx_word' id='word_1_694' title='bbox 3280 4613 3319 4680; x_wconf 81' lang='lat' dir='ltr'><strong>t.</strong></span> <span class='ocrx_word' id='word_1_695' title='bbox 3367 4625 3417 4664; x_wconf 92' lang='lat' dir='ltr'><strong>c.</strong></span> <span class='ocrx_word' id='word_1_696' title='bbox 3458 4607 3587 4680; x_wconf 91' lang='lat' dir='ltr'><strong>ipse</strong></span> <span class='ocrx_word' id='word_1_697' title='bbox 3621 4607 3793 4665; x_wconf 81' lang='lat' dir='ltr'><strong>deest</strong></span> <span class='ocrx_word' id='word_1_698' title='bbox 3825 4615 3880 4665; x_wconf 87' lang='lat'><strong>5.</strong></span> 
     </span>
    </p>
   </div>
   <div class='ocr_carea' id='block_1_52' title="bbox 432 4679 3885 4752">
    <p class='ocr_par' dir='ltr' id='par_1_52' title="bbox 432 4679 3885 4752">
     <span class='ocr_line' id='line_1_52' title="bbox 432 4679 3885 4752; baseline -0.001 -14"><span class='ocrx_word' id='word_1_699' title='bbox 432 4682 524 4716; x_wconf 72' lang='grc' dir='ltr'><strong>¹⁵⁶τ</strong></span> <span class='ocrx_word' id='word_1_700' title='bbox 559 4683 838 4740; x_wconf 82' lang='lat' dir='ltr'><strong>brisicam</strong></span> <span class='ocrx_word' id='word_1_701' title='bbox 866 4689 917 4738; x_wconf 89' lang='lat'><strong>7.</strong></span> <span class='ocrx_word' id='word_1_702' title='bbox 975 4681 1277 4738; x_wconf 87' lang='lat' dir='ltr'><strong>brisacum</strong></span> <span class='ocrx_word' id='word_1_703' title='bbox 1309 4686 1359 4736; x_wconf 88' lang='lat'><strong>5.</strong></span> <span class='ocrx_word' id='word_1_704' title='bbox 1442 4683 1537 4715; x_wconf 75' lang='grc'><strong>¹⁵⁶⁸</strong></span> <span class='ocrx_word' id='word_1_705' title='bbox 1567 4679 1913 4752; x_wconf 15' lang='grc' dir='ltr'><strong>Γὲεζὶειωίὸο.</strong></span> <span class='ocrx_word' id='word_1_706' title='bbox 1947 4696 2027 4752; x_wconf 57' lang='grc' dir='ltr'><strong>ε.</strong></span> <span class='ocrx_word' id='word_1_707' title='bbox 2079 4681 2176 4716; x_wconf 77' lang='grc'><strong>¹³⁶⁹</strong></span> <span class='ocrx_word' id='word_1_708' title='bbox 2207 4680 2342 4736; x_wconf 88' lang='lat' dir='ltr'><strong>licet</strong></span> <span class='ocrx_word' id='word_1_709' title='bbox 2360 4679 2475 4752; x_wconf 88' lang='lat' dir='ltr'><strong>sibi</strong></span> <span class='ocrx_word' id='word_1_710' title='bbox 2505 4685 2590 4735; x_wconf 83' lang='lat' dir='ltr'><strong>5c.</strong></span> <span class='ocrx_word' id='word_1_711' title='bbox 2673 4679 2914 4752; x_wconf 10' lang='lat' dir='ltr'><strong>“Nisibi</strong></span> <span class='ocrx_word' id='word_1_712' title='bbox 2943 4680 3102 4752; x_wconf 67' lang='lat' dir='ltr'><strong>deest</strong></span> <span class='ocrx_word' id='word_1_713' title='bbox 3125 4683 3176 4735; x_wconf 87' lang='lat'><strong>5.</strong></span> <span class='ocrx_word' id='word_1_714' title='bbox 3233 4679 3325 4734; x_wconf 89' lang='lat' dir='ltr'><strong>sui</strong></span> <span class='ocrx_word' id='word_1_715' title='bbox 3363 4685 3415 4735; x_wconf 91' lang='lat'><strong>7.</strong></span> <span class='ocrx_word' id='word_1_716' title='bbox 3438 4679 3589 4752; x_wconf 16' lang='grc' dir='ltr'><strong>νίπξί</strong></span> <span class='ocrx_word' id='word_1_717' title='bbox 3650 4681 3885 4736; x_wconf 87' lang='lat' dir='ltr'><strong>arnolﬁ</strong></span> 
     </span>
    </p>
   </div>
   <div class='ocr_carea' id='block_1_53' title="bbox 429 4748 3880 4822">
    <p class='ocr_par' dir='ltr' id='par_1_53' title="bbox 429 4748 3880 4822">
     <span class='ocr_line' id='line_1_53' title="bbox 429 4748 3880 4822; baseline -0.001 -16"><span class='ocrx_word' id='word_1_718' title='bbox 429 4757 624 4809; x_wconf 69' lang='lat'><strong>9—12.</strong></span> <span class='ocrx_word' id='word_1_719' title='bbox 705 4757 802 4790; x_wconf 66' lang='lat'><strong>&#39;5&quot;</strong></span> <span class='ocrx_word' id='word_1_720' title='bbox 831 4753 1048 4822; x_wconf 87' lang='lat' dir='ltr'><strong>juditte</strong></span> <span class='ocrx_word' id='word_1_721' title='bbox 1075 4759 1104 4808; x_wconf 93' lang='lat'><strong>7</strong></span> <span class='ocrx_word' id='word_1_722' title='bbox 1157 4752 1372 4822; x_wconf 89' lang='lat' dir='ltr'><strong>juditte</strong></span> <span class='ocrx_word' id='word_1_723' title='bbox 1399 4755 1594 4808; x_wconf 76' lang='lat'><strong>9—12.</strong></span> <span class='ocrx_word' id='word_1_724' title='bbox 1640 4748 1774 4787; x_wconf 68' lang='grc'><strong>’³⁵⁷³</strong></span> <span class='ocrx_word' id='word_1_725' title='bbox 1804 4751 2140 4810; x_wconf 81' lang='lat' dir='ltr'><strong>bawariam</strong></span> <span class='ocrx_word' id='word_1_726' title='bbox 2165 4765 2297 4810; x_wconf 90' lang='lat' dir='ltr'><strong>non</strong></span> <span class='ocrx_word' id='word_1_727' title='bbox 2335 4751 2599 4821; x_wconf 88' lang='lat' dir='ltr'><strong>dirigens</strong></span> <span class='ocrx_word' id='word_1_728' title='bbox 2623 4757 2676 4806; x_wconf 84' lang='lat'><strong>7.</strong></span> <span class='ocrx_word' id='word_1_729' title='bbox 2756 4751 2854 4786; x_wconf 68' lang='lat'><strong>&#39;5“</strong></span> <span class='ocrx_word' id='word_1_730' title='bbox 2911 4750 3181 4806; x_wconf 86' lang='lat' dir='ltr'><strong>wifridus</strong></span> <span class='ocrx_word' id='word_1_731' title='bbox 3245 4754 3328 4806; x_wconf 85' lang='grc'><strong>10.</strong></span> <span class='ocrx_word' id='word_1_732' title='bbox 3408 4751 3506 4822; x_wconf 64' lang='grc' dir='ltr'><strong>⁸⁵τέ</strong></span> <span class='ocrx_word' id='word_1_733' title='bbox 3535 4748 3784 4822; x_wconf 82' lang='lat' dir='ltr'><strong>brunus</strong></span> <span class='ocrx_word' id='word_1_734' title='bbox 3825 4758 3880 4807; x_wconf 91' lang='lat'><strong>7.</strong></span> 
     </span>
    </p>
   </div>
   <div class='ocr_carea' id='block_1_54' title="bbox 429 4821 3879 4892">
    <p class='ocr_par' dir='ltr' id='par_1_54' title="bbox 429 4821 3879 4892">
     <span class='ocr_line' id='line_1_54' title="bbox 429 4821 3879 4892; baseline 0.001 -16"><span class='ocrx_word' id='word_1_735' title='bbox 429 4822 626 4879; x_wconf 90' lang='lat' dir='ltr'><strong>bruno</strong></span> <span class='ocrx_word' id='word_1_736' title='bbox 786 4821 882 4859; x_wconf 59' lang='grc' dir='ltr'><strong>ιδῗθ</strong></span> <span class='ocrx_word' id='word_1_737' title='bbox 911 4821 1240 4879; x_wconf 87' lang='lat' dir='ltr'><strong>succedens</strong></span> <span class='ocrx_word' id='word_1_738' title='bbox 1267 4840 1304 4879; x_wconf 89' lang='lat' dir='ltr'><strong>a</strong></span> <span class='ocrx_word' id='word_1_739' title='bbox 1334 4824 1511 4878; x_wconf 90' lang='lat' dir='ltr'><strong>totius</strong></span> <span class='ocrx_word' id='word_1_740' title='bbox 1537 4829 1589 4878; x_wconf 88' lang='lat'><strong>7.</strong></span> <span class='ocrx_word' id='word_1_741' title='bbox 1694 4824 1788 4858; x_wconf 65' lang='lat'><strong>‘5”</strong></span> <span class='ocrx_word' id='word_1_742' title='bbox 1824 4828 1881 4878; x_wconf 87' lang='lat' dir='ltr'><strong>et</strong></span> <span class='ocrx_word' id='word_1_743' title='bbox 1908 4838 2165 4892; x_wconf 89' lang='lat' dir='ltr'><strong>regnum</strong></span> <span class='ocrx_word' id='word_1_744' title='bbox 2194 4838 2335 4880; x_wconf 91' lang='lat' dir='ltr'><strong>cum</strong></span> <span class='ocrx_word' id='word_1_745' title='bbox 2365 4827 2415 4878; x_wconf 84' lang='lat'><strong>5.</strong></span> <span class='ocrx_word' id='word_1_746' title='bbox 2447 4827 2529 4878; x_wconf 93' lang='grc'><strong>11.</strong></span> <span class='ocrx_word' id='word_1_747' title='bbox 2563 4826 2646 4878; x_wconf 79' lang='grc'><strong>12.</strong></span> <span class='ocrx_word' id='word_1_748' title='bbox 2753 4823 2852 4858; x_wconf 75' lang='grc' dir='ltr'><strong>¹⁵⁴δ⁸</strong></span> <span class='ocrx_word' id='word_1_749' title='bbox 2901 4822 3119 4878; x_wconf 90' lang='lat' dir='ltr'><strong>iterum</strong></span> <span class='ocrx_word' id='word_1_750' title='bbox 3166 4825 3220 4878; x_wconf 84' lang='lat'><strong>9.</strong></span> <span class='ocrx_word' id='word_1_751' title='bbox 3325 4822 3424 4892; x_wconf 57' lang='grc' dir='ltr'><strong>ίξτν</strong></span> <span class='ocrx_word' id='word_1_752' title='bbox 3473 4821 3771 4878; x_wconf 80' lang='lat' dir='ltr'><strong>heroidus</strong></span> <span class='ocrx_word' id='word_1_753' title='bbox 3824 4829 3879 4879; x_wconf 87' lang='lat'><strong>7.</strong></span> 
     </span>
    </p>
   </div>
   <div class='ocr_carea' id='block_1_55' title="bbox 433 4891 3879 4967">
    <p class='ocr_par' dir='ltr' id='par_1_55' title="bbox 433 4891 3879 4967">
     <span class='ocr_line' id='line_1_55' title="bbox 433 4891 3879 4967; baseline 0.001 -20"><span class='ocrx_word' id='word_1_754' title='bbox 433 4895 529 4967; x_wconf 49' lang='lat' dir='ltr'><strong>ff?&quot;</strong></span> <span class='ocrx_word' id='word_1_755' title='bbox 558 4899 732 4967; x_wconf 79' lang='lat' dir='ltr'><strong>estet</strong></span> <span class='ocrx_word' id='word_1_756' title='bbox 756 4895 912 4967; x_wconf 85' lang='lat' dir='ltr'><strong>deest</strong></span> <span class='ocrx_word' id='word_1_757' title='bbox 939 4900 990 4951; x_wconf 89' lang='lat'><strong>5.</strong></span> <span class='ocrx_word' id='word_1_758' title='bbox 1047 4900 1104 4950; x_wconf 91' lang='lat' dir='ltr'><strong>et</strong></span> <span class='ocrx_word' id='word_1_759' title='bbox 1127 4895 1284 4950; x_wconf 78' lang='lat' dir='ltr'><strong>deest</strong></span> <span class='ocrx_word' id='word_1_760' title='bbox 1313 4901 1367 4967; x_wconf 86' lang='lat'><strong>7.</strong></span> <span class='ocrx_word' id='word_1_761' title='bbox 1406 4899 1488 4950; x_wconf 89' lang='grc'><strong>10.</strong></span> <span class='ocrx_word' id='word_1_762' title='bbox 1571 4897 1765 4967; x_wconf 56' lang='lat' dir='ltr'><strong>“sint</strong></span> <span class='ocrx_word' id='word_1_763' title='bbox 1790 4891 2138 4954; x_wconf 82' lang='lat' dir='ltr'><strong>radasboua</strong></span> <span class='ocrx_word' id='word_1_764' title='bbox 2156 4901 2213 4952; x_wconf 93' lang='lat'><strong>7.</strong></span> <span class='ocrx_word' id='word_1_765' title='bbox 2271 4893 2626 4967; x_wconf 46' lang='lat' dir='ltr'><strong>{velpossit</strong></span> <span class='ocrx_word' id='word_1_766' title='bbox 2648 4909 2787 4967; x_wconf 78' lang='lat' dir='ltr'><strong>esse</strong></span> <span class='ocrx_word' id='word_1_767' title='bbox 2807 4893 2962 4967; x_wconf 72' lang='lat' dir='ltr'><strong>prof.</strong></span> <span class='ocrx_word' id='word_1_768' title='bbox 2995 4900 3048 4967; x_wconf 76' lang='lat'><strong>7.</strong></span> <span class='ocrx_word' id='word_1_769' title='bbox 3157 4893 3255 4967; x_wconf 52' lang='grc' dir='ltr'><strong>ἔδεε</strong></span> <span class='ocrx_word' id='word_1_770' title='bbox 3302 4891 3378 4950; x_wconf 89' lang='lat' dir='ltr'><strong>ad</strong></span> <span class='ocrx_word' id='word_1_771' title='bbox 3411 4892 3543 4967; x_wconf 89' lang='lat' dir='ltr'><strong>_h_oe</strong></span> <span class='ocrx_word' id='word_1_772' title='bbox 3592 4893 3760 4967; x_wconf 69' lang='lat' dir='ltr'><strong>deest</strong></span> <span class='ocrx_word' id='word_1_773' title='bbox 3821 4899 3879 4950; x_wconf 88' lang='lat'><strong>5.</strong></span> 
     </span>
    </p>
   </div>
   <div class='ocr_carea' id='block_1_56' title="bbox 434 4963 3882 5038">
    <p class='ocr_par' dir='ltr' id='par_1_56' title="bbox 434 4963 3882 5038">
     <span class='ocr_line' id='line_1_56' title="bbox 434 4963 3882 5038; baseline 0.001 -19"><span class='ocrx_word' id='word_1_774' title='bbox 434 4963 1012 5038; x_wconf 65' lang='lat' dir='ltr'><strong>&quot;“_&#39;~f_lothariensium</strong></span> <span class='ocrx_word' id='word_1_775' title='bbox 1043 4971 1126 5038; x_wconf 82' lang='lat' dir='ltr'><strong>tO_.</strong></span> <span class='ocrx_word' id='word_1_776' title='bbox 1196 4967 1304 5038; x_wconf 44' lang='lat' dir='ltr'><strong>ﬁ“</strong></span> <span class='ocrx_word' id='word_1_777' title='bbox 1333 4965 1567 5022; x_wconf 88' lang='lat' dir='ltr'><strong>brunus</strong></span> <span class='ocrx_word' id='word_1_778' title='bbox 1589 4970 1640 5021; x_wconf 89' lang='grc'><strong>5.</strong></span> <span class='ocrx_word' id='word_1_779' title='bbox 1682 4965 1958 5038; x_wconf 87' lang='lat' dir='ltr'><strong>brunone</strong></span> <span class='ocrx_word' id='word_1_780' title='bbox 1989 4971 2076 5024; x_wconf 85' lang='lat' dir='ltr'><strong>5c.</strong></span> <span class='ocrx_word' id='word_1_781' title='bbox 2109 4981 2161 5024; x_wconf 89' lang='lat' dir='ltr'><strong>e.</strong></span> <span class='ocrx_word' id='word_1_782' title='bbox 2222 4964 2345 5038; x_wconf 66' lang='lat'><strong>_‘&quot;5_</strong></span> <span class='ocrx_word' id='word_1_783' title='bbox 2369 4963 2631 5038; x_wconf 78' lang='lat' dir='ltr'><strong>plesensi</strong></span> <span class='ocrx_word' id='word_1_784' title='bbox 2657 4970 2711 5038; x_wconf 59' lang='lat'><strong>7.</strong></span> <span class='ocrx_word' id='word_1_785' title='bbox 2770 4963 3025 5021; x_wconf 79' lang='lat' dir='ltr'><strong>bellensi</strong></span> <span class='ocrx_word' id='word_1_786' title='bbox 3050 4969 3102 5020; x_wconf 86' lang='lat'><strong>5.</strong></span> <span class='ocrx_word' id='word_1_787' title='bbox 3156 4963 3426 5038; x_wconf 82' lang='lat' dir='ltr'><strong>bresensi</strong></span> <span class='ocrx_word' id='word_1_788' title='bbox 3463 4965 3546 5038; x_wconf 82' lang='lat' dir='ltr'><strong>l0.</strong></span> <span class='ocrx_word' id='word_1_789' title='bbox 3627 4965 3732 5000; x_wconf 72' lang='grc'><strong>³⁵⁸⁸</strong></span> <span class='ocrx_word' id='word_1_790' title='bbox 3777 4981 3882 5038; x_wconf 80' lang='lat' dir='ltr'><strong>ru-</strong></span> 
     </span>
    </p>
   </div>
   <div class='ocr_carea' id='block_1_57' title="bbox 431 5034 3878 5111">
    <p class='ocr_par' dir='ltr' id='par_1_57' title="bbox 431 5034 3878 5111">
     <span class='ocr_line' id='line_1_57' title="bbox 431 5034 3878 5111; baseline 0.001 -21"><span class='ocrx_word' id='word_1_791' title='bbox 431 5034 682 5111; x_wconf 65' lang='lat' dir='ltr'><strong>milinga</strong></span> <span class='ocrx_word' id='word_1_792' title='bbox 713 5041 796 5092; x_wconf 88' lang='grc'><strong>10.</strong></span> <span class='ocrx_word' id='word_1_793' title='bbox 869 5038 970 5111; x_wconf 17' lang='grc' dir='ltr'><strong>*ἦξε-⁷</strong></span> <span class='ocrx_word' id='word_1_794' title='bbox 1000 5035 1312 5111; x_wconf 85' lang='lat' dir='ltr'><strong>ecclesiam</strong></span> <span class='ocrx_word' id='word_1_795' title='bbox 1340 5042 1426 5094; x_wconf 80' lang='lat' dir='ltr'><strong>5e.</strong></span> <span class='ocrx_word' id='word_1_796' title='bbox 1459 5055 1546 5111; x_wconf 10' lang='lat' dir='ltr'><strong>e.r</strong></span> <span class='ocrx_word' id='word_1_797' title='bbox 1599 5038 1738 5111; x_wconf 14' lang='grc' dir='ltr'><strong>γωδ*</strong></span> <span class='ocrx_word' id='word_1_798' title='bbox 1768 5037 1860 5092; x_wconf 87' lang='lat' dir='ltr'><strong>vir</strong></span> <span class='ocrx_word' id='word_1_799' title='bbox 1908 5052 2018 5111; x_wconf 89' lang='lat' dir='ltr'><strong>per</strong></span> <span class='ocrx_word' id='word_1_800' title='bbox 2070 5035 2278 5094; x_wconf 87' lang='lat' dir='ltr'><strong>omnia</strong></span> <span class='ocrx_word' id='word_1_801' title='bbox 2332 5034 2394 5092; x_wconf 79' lang='lat' dir='ltr'><strong>iii</strong></span> <span class='ocrx_word' id='word_1_802' title='bbox 2447 5040 2530 5092; x_wconf 89' lang='grc'><strong>10.</strong></span> <span class='ocrx_word' id='word_1_803' title='bbox 2584 5034 2834 5092; x_wconf 88' lang='lat' dir='ltr'><strong>arnistat</strong></span> <span class='ocrx_word' id='word_1_804' title='bbox 2857 5040 2909 5091; x_wconf 89' lang='lat'><strong>9.</strong></span> <span class='ocrx_word' id='word_1_805' title='bbox 2967 5041 3046 5092; x_wconf 84' lang='lat' dir='ltr'><strong>ll.</strong></span> <span class='ocrx_word' id='word_1_806' title='bbox 3098 5040 3182 5091; x_wconf 65' lang='grc' dir='ltr'><strong>η.</strong></span> <span class='ocrx_word' id='word_1_807' title='bbox 3289 5036 3388 5070; x_wconf 74' lang='grc'><strong>¹³⁸⁰</strong></span> <span class='ocrx_word' id='word_1_808' title='bbox 3441 5035 3602 5092; x_wconf 79' lang='lat' dir='ltr'><strong>deest</strong></span> <span class='ocrx_word' id='word_1_809' title='bbox 3656 5041 3749 5092; x_wconf 85' lang='lat' dir='ltr'><strong>5c.</strong></span> <span class='ocrx_word' id='word_1_810' title='bbox 3813 5036 3878 5093; x_wconf 92' lang='lat' dir='ltr'><strong>d.</strong></span> 
     </span>
    </p>
   </div>
   <div class='ocr_carea' id='block_1_58' title="bbox 433 5107 2147 5166">
    <p class='ocr_par' dir='ltr' id='par_1_58' title="bbox 433 5107 2147 5166">
     <span class='ocr_line' id='line_1_58' title="bbox 433 5107 2147 5166; baseline 0.001 -3"><span class='ocrx_word' id='word_1_811' title='bbox 433 5107 530 5141; x_wconf 63' lang='lat'><strong>“9°</strong></span> <span class='ocrx_word' id='word_1_812' title='bbox 563 5107 695 5163; x_wconf 80' lang='lat'><strong>945.</strong></span> <span class='ocrx_word' id='word_1_813' title='bbox 728 5113 782 5162; x_wconf 91' lang='lat'><strong>7.</strong></span> <span class='ocrx_word' id='word_1_814' title='bbox 863 5108 956 5142; x_wconf 67' lang='lat'><strong>&#39;5&quot;</strong></span> <span class='ocrx_word' id='word_1_815' title='bbox 990 5107 1258 5165; x_wconf 88' lang='lat' dir='ltr'><strong>exierunt</strong></span> <span class='ocrx_word' id='word_1_816' title='bbox 1288 5113 1433 5166; x_wconf 82' lang='grc'><strong>9-12.</strong></span> <span class='ocrx_word' id='word_1_817' title='bbox 1514 5108 1741 5148; x_wconf 74' lang='grc'><strong>¹⁵⁹²-¹⁵⁰³</strong></span> <span class='ocrx_word' id='word_1_818' title='bbox 1774 5107 1932 5164; x_wconf 78' lang='lat' dir='ltr'><strong>terra</strong></span> <span class='ocrx_word' id='word_1_819' title='bbox 1960 5122 2064 5164; x_wconf 91' lang='lat' dir='ltr'><strong>eos</strong></span> <span class='ocrx_word' id='word_1_820' title='bbox 2093 5112 2147 5164; x_wconf 87' lang='lat'><strong>5.</strong></span> 
     </span>
    </p>
   </div>
   <div class='ocr_carea' id='block_1_59' title="bbox 2032 5247 2256 5305">
    <p class='ocr_par' dir='ltr' id='par_1_59' title="bbox 2032 5247 2256 5305">
     <span class='ocr_line' id='line_1_59' title="bbox 2032 5247 2256 5305; baseline -0.009 0"><span class='ocrx_word' id='word_1_821' title='bbox 2032 5247 2256 5305; x_wconf 64' lang='lat' dir='ltr'><strong>NOTAE.</strong></span> 
     </span>
    </p>
   </div>
   <div class='ocr_carea' id='block_1_60' title="bbox 530 5371 3894 5448">
    <p class='ocr_par' dir='ltr' id='par_1_60' title="bbox 530 5371 3894 5448">
     <span class='ocr_line' id='line_1_60' title="bbox 530 5371 3894 5448; baseline -0 -18"><span class='ocrx_word' id='word_1_822' title='bbox 530 5376 653 5448; x_wconf 79' lang='grc'><strong>173)</strong></span> <span class='ocrx_word' id='word_1_823' title='bbox 693 5375 1034 5448; x_wconf 68' lang='lat' dir='ltr'><strong>Dortmund</strong></span> <span class='ocrx_word' id='word_1_824' title='bbox 1058 5375 1120 5432; x_wconf 91' lang='lat' dir='ltr'><strong>in</strong></span> <span class='ocrx_word' id='word_1_825' title='bbox 1143 5372 1459 5431; x_wconf 90' lang='lat' dir='ltr'><strong>Westfalia.</strong></span> <span class='ocrx_word' id='word_1_826' title='bbox 2199 5373 2606 5448; x_wconf 71' lang='lat' dir='ltr'><strong>gemundaaet</strong></span> <span class='ocrx_word' id='word_1_827' title='bbox 2637 5375 2856 5445; x_wconf 72' lang='lat' dir='ltr'><strong>Saarte,</strong></span> <span class='ocrx_word' id='word_1_828' title='bbox 2884 5376 2943 5430; x_wconf 90' lang='lat' dir='ltr'><strong>et</strong></span> <span class='ocrx_word' id='word_1_829' title='bbox 2970 5389 3006 5429; x_wconf 91' lang='lat' dir='ltr'><strong>a</strong></span> <span class='ocrx_word' id='word_1_830' title='bbox 3034 5371 3280 5430; x_wconf 90' lang='lat' dir='ltr'><strong>meridie</strong></span> <span class='ocrx_word' id='word_1_831' title='bbox 3319 5371 3502 5428; x_wconf 75' lang='lat' dir='ltr'><strong>Blesee</strong></span> <span class='ocrx_word' id='word_1_832' title='bbox 3555 5375 3613 5427; x_wconf 92' lang='lat' dir='ltr'><strong>et</strong></span> <span class='ocrx_word' id='word_1_833' title='bbox 3661 5372 3894 5446; x_wconf 87' lang='lat' dir='ltr'><strong>oppidi</strong></span> 
     </span>
    </p>
   </div>
   <div class='ocr_carea' id='block_1_61' title="bbox 531 5445 3344 5528">
    <p class='ocr_par' dir='ltr' id='par_1_61' title="bbox 531 5445 3344 5528">
     <span class='ocr_line' id='line_1_61' title="bbox 531 5445 3344 5528; baseline -0.001 0"><span class='ocrx_word' id='word_1_834' title='bbox 531 5445 652 5528; x_wconf 55' lang='lat'><strong>13:?)</strong></span> <span class='ocrx_word' id='word_1_835' title='bbox 689 5445 1165 5528; x_wconf 49' lang='lat' dir='ltr'><strong>§alzbrrsensi§z</strong></span> <span class='ocrx_word' id='word_1_836' title='bbox 1301 5517 1342 5528; x_wconf 89' lang='lat'><strong>..</strong></span> <span class='ocrx_word' id='word_1_837' title='bbox 1525 5515 1540 5528; x_wconf 87' lang='lat'><strong>.</strong></span> <span class='ocrx_word' id='word_1_838' title='bbox 1665 5515 1675 5526; x_wconf 95' lang='lat'><strong>.</strong></span> <span class='ocrx_word' id='word_1_839' title='bbox 1766 5520 1776 5528; x_wconf 86' lang='lat'><strong>.</strong></span> <span class='ocrx_word' id='word_1_840' title='bbox 1922 5517 1952 5528; x_wconf 81' lang='grc'><strong>,.</strong></span> <span class='ocrx_word' id='word_1_841' title='bbox 2201 5445 2613 5528; x_wconf 64' lang='grc' dir='ltr'><strong>Βι,ίςξςςιε.τει;..</strong></span> <span class='ocrx_word' id='word_1_842' title='bbox 2717 5516 2726 5526; x_wconf 93' lang='grc'><strong>.</strong></span> <span class='ocrx_word' id='word_1_843' title='bbox 2823 5515 2832 5526; x_wconf 95' lang='grc'><strong>.</strong></span> <span class='ocrx_word' id='word_1_844' title='bbox 2913 5518 2960 5528; x_wconf 88' lang='lat'><strong>_.</strong></span> <span class='ocrx_word' id='word_1_845' title='bbox 3137 5515 3170 5528; x_wconf 90' lang='lat'><strong>..</strong></span> <span class='ocrx_word' id='word_1_846' title='bbox 3305 5515 3344 5528; x_wconf 88' lang='lat'><strong>..</strong></span> 
     </span>
    </p>
   </div>
   <div class='ocr_carea' id='block_1_62' title="bbox 529 5515 3894 5590">
    <p class='ocr_par' dir='ltr' id='par_1_62' title="bbox 529 5515 3894 5590">
     <span class='ocr_line' id='line_1_62' title="bbox 529 5515 3894 5590; baseline -0 -17"><span class='ocrx_word' id='word_1_847' title='bbox 529 5520 650 5590; x_wconf 79' lang='grc'><strong>175)</strong></span> <span class='ocrx_word' id='word_1_848' title='bbox 689 5521 891 5576; x_wconf 88' lang='lat' dir='ltr'><strong>Exstat</strong></span> <span class='ocrx_word' id='word_1_849' title='bbox 917 5515 1084 5575; x_wconf 85' lang='lat' dir='ltr'><strong>vicus</strong></span> <span class='ocrx_word' id='word_1_850' title='bbox 1113 5517 1420 5587; x_wconf 76' lang='lat' dir='ltr'><strong>Remeling</strong></span> <span class='ocrx_word' id='word_1_851' title='bbox 1467 5515 1546 5571; x_wconf 89' lang='lat' dir='ltr'><strong>ad</strong></span> <span class='ocrx_word' id='word_1_852' title='bbox 1592 5515 1881 5574; x_wconf 85' lang='lat' dir='ltr'><strong>orientem</strong></span> <span class='ocrx_word' id='word_1_853' title='bbox 1921 5517 2094 5574; x_wconf 89' lang='lat' dir='ltr'><strong>Saar-</strong></span> <span class='ocrx_word' id='word_1_854' title='bbox 2273 5516 2421 5588; x_wconf 77' lang='grc'>(176)</span> <span class='ocrx_word' id='word_1_855' title='bbox 2461 5517 2523 5590; x_wconf 84' lang='lat' dir='ltr'><strong>in</strong></span> <span class='ocrx_word' id='word_1_856' title='bbox 2553 5515 3268 5590; x_wconf 70' lang='lat' dir='ltr'><strong>Thuringia,loguntinse</strong></span> <span class='ocrx_word' id='word_1_857' title='bbox 3287 5515 3894 5574; x_wconf 67' lang='lat' dir='ltr'><strong>diceeseos.ﬂemo-</strong></span> 
     </span>
    </p>
   </div>
   <div class='ocr_carea' id='block_1_63' title="bbox 2197 5586 3291 5646">
    <p class='ocr_par' dir='ltr' id='par_1_63' title="bbox 2197 5586 3291 5646">
     <span class='ocr_line' id='line_1_63' title="bbox 2197 5586 3291 5646; baseline 0.004 -4"><span class='ocrx_word' id='word_1_858' title='bbox 2197 5591 2365 5644; x_wconf 87' lang='lat' dir='ltr'><strong>ratur</strong></span> <span class='ocrx_word' id='word_1_859' title='bbox 2390 5586 2450 5644; x_wconf 87' lang='lat' dir='ltr'><strong>et</strong></span> <span class='ocrx_word' id='word_1_860' title='bbox 2477 5587 2539 5644; x_wconf 84' lang='lat' dir='ltr'><strong>in</strong></span> <span class='ocrx_word' id='word_1_861' title='bbox 2562 5587 2686 5646; x_wconf 80' lang='lat' dir='ltr'><strong>Vita</strong></span> <span class='ocrx_word' id='word_1_862' title='bbox 2717 5590 2773 5645; x_wconf 83' lang='lat' dir='ltr'><strong>S.</strong></span> <span class='ocrx_word' id='word_1_863' title='bbox 2789 5586 3102 5645; x_wconf 56' lang='lat' dir='ltr'><strong>&#39;Brunouis</strong></span> <span class='ocrx_word' id='word_1_864' title='bbox 3117 5603 3174 5644; x_wconf 92' lang='lat' dir='ltr'><strong>c.</strong></span> <span class='ocrx_word' id='word_1_865' title='bbox 3202 5591 3291 5646; x_wconf 87' lang='lat'><strong>30.</strong></span> 
     </span>
    </p>
   </div>
  </div>
