4086 6200
387 134 489 191 167

1175 124 1665 184 CONTINUA'I‘OR
1703 120 2033 179 CHRONICI
2071 118 2466 176 REGINONIS.
2504 150 2573 160 —
2610 122 2723 177 ΑΝ.
2760 123 3014 178 962-963.

3704 117 3805 174 168

379 258 607 325 bertus,
638 271 711 312 ex
739 252 1051 311 cmnobitis
1082 250 1270 307 sancti
1296 245 1617 315 Maximini,
1641 243 2036 302 machinatio-
2068 247 2115 299 Α
2143 244 2347 298 tamen
2368 242 2732 300 munitiones
2754 260 2894 301 cum
2915 242 3039 298 suis
3066 238 3651 313 sequacibusadhuc
3672 256 3810 315 pos-

382 362 457 404 ne
487 351 544 403 et
570 343 818 402 consilio
843 339 1170 398 Willihelmi
1196 335 1652 410 archiepiscopi,
1684 334 1819 391 licet
1837 332 2042 389 melio-
2145 331 2441 399 sidebant,
2472 332 2588 389 hoc
2631 336 2733 389 est
2770 331 2968 389 Garda
3018 332 3115 366 “‘53
3156 330 3327 400 (181ι)
3377 328 3815 395 castellum,“

379 453 448 492 ra
474 436 535 492 in
562 450 703 491 eum
724 431 989 489 conﬁsus
1023 431 1116 465 ¹⁶³⁷
1148 426 1323 484 fuerit
1356 427 1471 493 ωδε,
1501 430 1559 481 et
1585 423 1734 480 nihil
1764 438 2036 495 unquam
2143 420 2501 476 Travallium
2537 422 2726 491 (481³),
2754 425 2812 477 et
2846 419 3108 476 insulam
3140 419 3237 453 “5"
3277 417 3337 473 in
3366 417 3505 473 lacu
3537 421 3810 476 Cumano

380 525 442 581 in
471 540 611 581 eum
636 519 971 593 deliquerit,
1003 531 1250 590 peregre
1275 514 1599 571 mittendus
1628 513 1689 569 in
1720 510 2041 567 ordinatio-

380 631 457 672 ne
481 611 1004 675 successit.-Quem
1034 606 1340 680 piissimus
1364 620 1490 671 rex,
1522 603 1695 660 solita
1724 601 1836 658 sibi
1866 600 2041 655 mise-

380 701 635 761 ricordia
664 697 949 755 omnibus
995 696 1218 770 quibus
1260 694 1568 765 indigebat
1614 690 1802 765 copiis
1827 690 2040 746 instru-

384 797 547 848 ctum
596 789 716 851 “3°,
768 785 928 857 genti
954 788 1285 864 .Rugorum
1328 781 1653 838 honoriﬁce
1704 778 2037 837 destinavit.

384 886 502 938 Rex
532 880 594 935 in
623 877 851 934 Italiam
900 876 983 931 ire
1027 875 1375 948 disponens,
1417 872 1747 928 maximam
1790 884 2040 926 suorum

382 968 649 1026 ﬁdelium
678 950 1129 1021 multitudinem
1150 961 1485 1017 Wormatite
1525 959 1904 1025 coadunavit,
1939 956 2045 1012 ubi

385 1074 687 1116 consensu
715 1060 772 1111 et
799 1053 1187 1110 unanimitate
1211 1050 1379 1121 regni
1399 1067 1719 1124 procerum
1738 1050 2042 1121 totiusque

316 1152 319 1155 ’
384 1147 591 1223 populi
620 1146 778 1201 ﬁlius
807 1145 936 1213 ejus
989 1145 1122 1199 Otto
1174 1157 1277 1196 rex
1316 1139 1567 1211 eligitur.
1620 1139 1881 1212 Indeque
1912 1153 2045 1209 pro-

388 1236 682 1310 grediens,
724 1231 1140 1289 convenientia
1192 1246 1436 1303 quoque
1493 1233 1549 1285 et
1591 1229 1875 1286 electione
1920 1243 2048 1281 om-

385 1325 557 1381 nium
588 1319 1058 1377 Lothariensium
1090 1316 1272 1390 Aquis
1302 1332 1406 1372 rex
1434 1316 1763 1373 ordinatur.
1794 1314 2047 1372 Ordina—

386 1419 449 1470 to
480 1427 619 1469 vero
662 1409 785 1465 ﬁlio
823 1410 944 1477 “3"”,
978 1412 1147 1481 pater
1190 1408 1251 1462 in
1300 1408 1623 1463 Saxoniam
1671 1404 1925 1481 rediens,
1957 1404 2049 1459 di-

389 1501 627 1577 spositis
669 1498 838 1569 regni
868 1479 1146 1566 negotiis,
1178 1496 1369 1551 filium
1396 1495 1726 1551 Willihemo
1766 1479 2051 1565 archiepi-

2147 510 2341 581 (181³).
2392 512 2552 566 Tunc
2593 509 2758 566 Willa
2801 507 3095 582 imprimis
3151 506 3437 563 hostiliter
3488 505 3707 575 aditur,
3755 512 3816 564 et

2145 589 2431 672 adempto
2460 598 2627 655 omni
2654 598 2729 656 de
2776 599 2913 655 lacu
2942 597 3124 669 exitu,
3157 595 3494 653 cottidianis
3523 596 3812 653 fundibu-

2145 687 2431 747 lariorum
2458 693 2514 745 et
2540 685 2985 759 sagittariorum
3016 686 3396 758 aliorumque
3425 684 3565 741 belli
3594 686 3817 742 instru-

2148 782 2491 834 mentorum
2517 777 3076 852 impugnationibus
3109 776 3413 845 fatigatur,
3444 780 3502 832 et
3527 791 3651 831 nou
3690 776 3817 849 ple-

2150 868 2243 923 nis
2288 868 2529 924 duobus
2571 869 2880 924 mensibus
2934 867 3152 923 obessa
3187 864 3443 937 capitur,
3472 870 3531 921 et
3569 866 3647 921 ad
3678 865 3815 921 ulti-

2150 972 2319 1012 mum
2345 957 2659 1014 clementia
2682 957 3060 1030 imperatoris
3079 955 3349 1023 dimissa,
3376 970 3499 1026 quo
3524 955 3621 989 “53
3644 953 3822 1011 vellet

2150 1045 2235 1101 ire
2263 1046 2639 1119 permittitur.
2673 1048 2817 1112 Quae
2860 1048 3090 1118 quanta
3118 1043 3311 1116 potuit
3355 1042 3666 1099 velocitate
3718 1045 3821 1099 Be-

2153 1134 2497 1204 rengarium
2541 1136 2703 1202 adiit,
2737 1138 2794 1191 et
2835 1150 2911 1190 ne
2944 1150 3005 1189 se
3048 1132 3389 1205 imperatori
3438 1132 3687 1189 dederet
3721 1134 3821 1170 ’⁸⁵⁸

2155 1223 2522 1280 omnimodis
2566 1226 2659 1259 ¹⁶⁵⁷
2694 1223 3011 1296 persuasit.
3048 1222 3269 1277 Eodem
3319 1236 3482 1277 anno
3527 1220 3821 1278 Adalber-

2156 1316 2270 1379 tus,
2289 1312 2471 1381 Rugis
2503 1312 2814 1369 ordinatus
2842 1312 3182 1384 episcopus,
3205 1310 3351 1366 nihil
3377 1311 3439 1366 in
3460 1310 3553 1366 his
3574 1317 3825 1385 propter

2156 1417 2291 1474 quae
2324 1401 2541 1457 missus
2589 1402 2782 1458 fuerat
2808 1400 3097 1473 proﬁcere
3126 1399 3355 1466 valens,
3388 1404 3448 1455 et
3476 1399 3731 1456 inaniter
3758 1415 3823 1455 se

2158 1488 2473 1558 fatigatum
2501 1489 2731 1559 videns,
2750 1489 3085 1555 revertitur;
3118 1491 3175 1543 et
3193 1487 3559 1560 quibusdam
3594 1505 3669 1543 ex
3694 1488 3824 1544 suis

389 1576 574 1664 scopo
615 1587 902 1645 tuendum
953 1590 1008 1641 et
1055 1585 1442 1640 nutriendum
1486 1583 1802 1655 commisit,
1848 1584 2050 1655 sicque
2078 1596 2119 1650 Β
2158 1578 2219 1634 in
2244 1577 2554 1634 redeundo
2594 1578 2824 1646 occisis,
2855 1579 2987 1651 ipse
3034 1593 3174 1633 cum
3220 1592 3444 1646 magno
3483 1576 3689 1633 labore
3722 1579 3825 1633 vix

389 1695 497 1753 per
526 1676 837 1733 Bavariam
868 1678 924 1729 et
951 1673 1251 1729 Trientum
1286 1674 1375 1707 ¹⁶⁶¹
1410 1673 1474 1727 in
1504 1671 1732 1728 Italiam
1762 1687 1825 1726 se
1855 1670 2050 1727 admi-

392 1768 484 1823 sit.
519 1764 625 1821 Ubi
656 1779 869 1820 omnes
916 1776 1069 1834 pene
1120 1759 1299 1816 Italim
1348 1760 1594 1816 comites
1644 1764 1700 1815 et
1737 1759 2053 1833 episcopos

392 1855 604 1912 obvios
646 1850 875 1916 habuit,
909 1854 984 1916 et,
1014 1852 1079 1904 ut
1106 1848 1325 1917 decuit,
1359 1848 1435 1904 ab
1467 1848 1551 1904 eis
1599 1848 1924 1903 honoriﬁce
1956 1865 2052 1903 su-

394 1948 654 2017 sceptus,
686 1938 1035 2012 potestative
1062 1943 1122 1993 et
1160 1938 1389 2010 absque
1439 1935 1559 1992 ulla
1584 1936 1914 1992 resistentia
1942 1940 2050 1993 Pa-

392 2035 560 2108 piam
578 2029 836 2094 intravit,
851 2033 908 2083 et
926 2026 1216 2100 palatium
1237 2041 1274 2082 a
1300 2024 1656 2094 Berengario
1681 2025 2052 2082 destructum

391 2121 752 2181 reaediﬁcare
817 2116 1116 2191 praecepit,
1179 2115 1571 2184 Berengarius
1632 2131 1776 2171 vero
1837 2119 1932 2151 “3”
1997 2120 2055 2171 et

398 2213 564 2269 Willa
586 2209 810 2281 ﬁliique
831 2221 1037 2262 eorum
1066 2205 1287 2278 quibus
1316 2209 1593 2277 poterant
1620 2204 2053 2261 munitionibus

395 2304 500 2357 aut
537 2296 790 2353 castellis
836 2295 1315 2365 includebantur,
1348 2300 1406 2351 et
1446 2310 1751 2368 nusquam
1802 2293 2052 2350 forinse-

396 2405 502 2446 cus
551 2389 759 2442 contra
802 2400 1007 2455 regem
1059 2382 1205 2456 quid
1249 2383 1538 2440 audentes
1574 2384 1670 2418 ¹⁶⁶²
1714 2379 2053 2454 progredie-

393 2478 634 2535 bantur.
682 2473 905 2530 Eodem
951 2489 1095 2528 vero
1140 2488 1301 2529 anno
1355 2471 1709 2541 Gotefridus,
1762 2468 2054 2543 Spirensis

396 2566 737 2639 episcopus,
769 2562 935 2631 obiit,
964 2562 1060 2618 cui
1110 2564 1359 2630 Otgerus
1392 2562 1490 2597 “"3
1529 2559 1837 2617 successit.
1872 2559 2056 2631 Eclip-

396 2656 478 2712 sis
523 2653 662 2711 solis
689 2668 785 2709 xvr
814 2651 945 2709 Kal.
972 2650 1150 2707 Junii.
1181 2654 1301 2706 Rex
1330 2650 1669 2721 Hattonem,
1698 2649 2053 2706 Fuldensem

395 2745 699 2811 abbatem,
732 2742 813 2799 ad
842 2739 1248 2798 construenda
1291 2738 1404 2795 sibi
1428 2738 1773 2796 habitacula
1800 2741 2053 2795 Romam

396 2831 709 2908 praemisit.

1038 2917 1418 2975 DCCCCLX“.

467 3023 533 3073 Α.
569 3020 631 3073 D.
666 3020 707 3072 1.
741 3020 845 3072 962
870 3030 974 3071 rex
1020 3013 1283 3070 natalem
1321 3013 1557 3069 Domini
1602 3013 1797 3087 papia:
1829 3015 1927 3049 “‘5
1958 3028 2052 3068 ce-

394 3104 666 3176 lebravit,
697 3104 955 3176 indeque
1002 3102 1395 3176 progrediens
1422 3104 1624 3158 Roma:
1655 3101 2056 3158 favorabiliter

397 3198 729 3267 susceptus,
762 3192 1191 3249 acclamatione
1239 3190 1421 3248 totius
1462 3190 1713 3247 Romani
1760 3190 1967 3264 populi
1998 3194 2057 3246 et

395 3283 538 3340 cleri
587 3282 666 3338 ab
719 3279 1047 3355 apostolico
1100 3280 1392 3350 Iohanne,
1447 3278 1570 3335 ﬁlio
1617 3278 1893 3346 Alberici,
1946 3278 2058 3334 im-

395 3374 635 3444 perator
672 3374 730 3425 et
775 3373 1080 3437 Augustus
1122 3371 1370 3423 vocatur
1411 3370 1469 3423 et
1513 3365 1842 3423 ordinatur.
1894 3369 2056 3438 Papa

395 3475 639 3533 quoque
687 3457 878 3515 multa
922 3456 1091 3513 illum
1148 3471 1350 3513 secum
1401 3456 1641 3514 caritate
1689 3454 1957 3524 detinuit,
1999 3459 2057 3512 et

394 3547 608 3604 diebus
635 3546 767 3603 vitae
814 3561 937 3601 suae
982 3560 1300 3618 nunquam
1346 3560 1409 3600 se
1452 3543 1530 3601 ab
1569 3560 1641 3600 eo
1680 3543 2054 3601 defecturum

394 3636 687 3711 promisit,
717 3651 852 3710 quae
878 3639 1081 3691 tamen
1130 3632 1450 3707 promissio
1483 3633 1661 3704 longe
1703 3632 2053 3689 dissimilem

393 3743 581 3802 quam
608 3724 1091 3800 praetendebatur
1120 3725 1218 3762 ¹⁶⁴⁶
1243 3722 1523 3781 effectum
1555 3722 1829 3781 obtinuit.
1866 3727 2056 3797 Impe-

393 3821 590 3874 ratore
637 3820 904 3888 Augusto
960 3814 1040 3871 ab
1096 3813 1244 3870 urbe
1292 3816 1564 3870 Romana
1615 3815 1709 3850 ¹⁶⁴⁷
1767 3813 2054 3870 redeunte

394 3911 453 3963 et
479 3906 672 3979 Papiae
717 3906 947 3978 pascha
993 3903 1350 3971 celebrante,
1383 3902 1775 3973 Berengarius
1817 3902 1880 3958 in
1908 3918 2055 3975 quo-

394 3994 540 4051 dam
565 3999 789 4064 monte,
810 3992 917 4066 qui
940 3991 1157 4048 dicitur
1174 3991 1254 4048 ad
1286 3993 1574 4048 Sanctum
1602 3994 1858 4048 Leonem
1879 3992 2050 4064 (180),

394 4082 669 4156 plurimis
695 4081 963 4154 undique
991 4095 1197 4137 secum
1222 4079 1410 4153 copiis
1442 4079 1729 4149 attractis,
1763 4095 1829 4137 se
1854 4078 2053 4136 muni-

394 4171 499 4243 vit,
553 4177 611 4229 et
638 4171 822 4228 Willa
868 4171 931 4227 in
981 4170 1119 4227 lacu
1171 4170 1386 4241 Majore
1446 4170 1542 4206 1‘“
1594 4169 1767 4242 (181),
1797 4169 1860 4227 in
1910 4186 2056 4243 qua-

395 4261 541 4319 dam
571 4261 768 4318 insula
808 4276 941 4333 quae
989 4259 1206 4316 dicitur
1252 4260 1330 4316 ad
1368 4260 1654 4316 Sanctum
1688 4260 1784 4295 ¹⁶⁴⁹
1808 4259 2050 4331 Julium,

398 4368 463 4408 se
492 4350 745 4409 inclusit.
777 4349 907 4407 Filii
932 4365 1073 4407 vero
1104 4365 1314 4406 eorum
1348 4350 1465 4421 “55°,
1491 4348 1851 4406 Adalbertus
1877 4351 1972 4387 ¹⁶⁵¹
1998 4354 2055 4406 et

395 4441 563 4498 Wido
582 4443 700 4508 1⁸³³³,
713 4440 831 4497 huc
845 4439 1104 4514 illucque
1118 4439 1324 4497 incerti
1344 4439 2054 4513 vagabantur,quasdam
2078 4450 2082 4455 '

1768 4555 1999 4609 VARIE
2040 4547 2455 4609 LECT-IONES.

2087 4624 2185 4659 ¹⁶³⁸
2217 4622 2411 4678 fuerat
2456 4619 2552 4676 5d.

469 4629 562 4664 1⁸⁸⁷
596 4626 658 4684 in
683 4642 825 4683 eum
851 4626 1000 4683 ﬁsus
1035 4626 1118 4682 10.
1194 4625 1255 4681 in
1286 4640 1428 4681 eum
1470 4624 1634 4680 visus
1676 4629 1728 4680 9.
1761 4628 1845 4679 II.
1885 4625 1968 4679 12.

398 4701 495 4735 ¹⁶¹ι⁰
520 4699 797 4756 ordinato
827 4702 1029 4754 autem
1058 4695 1182 4752 ﬁlio
1210 4703 1261 4753 7.

400 4914 496 4947 ¹⁶³⁹
528 4911 744 4966 dicitur
772 4917 1049 4967 sanctum
1079 4916 1131 4965 7.
1275 4911 1373 4944 ¹⁶δ⁰
1399 4924 1540 4964 vero
1570 4911 1700 4967 eius
1725 4911 1777 4962 5.

400 5053 497 5088 ¹⁶⁵³
528 5051 767 5131 afratre
791 5053 968 5131 deest.
994 5057 1122 5131 Δ7.
1188 5054 1300 5131 ’ξίξξθ
1330 5048 1622 5131 ad‘alpero
1645 5051 1876 5131 7‘._“‘“°

1359 4698 1451 4732 *6“
1480 4698 1741 4751 trentum
1766 4700 1818 4749 7.
1848 4698 1901 4750 9.
1939 4695 2024 4749 11.
2062 4698 2146 4752 12.
2182 4695 2509 4749 terrentum
2543 4696 2594 4746 5.

393 4769 623 4827 dientes
638 4774 833 4827 9—12.
914 4771 1010 4804 1°“
1037 4767 1343 4837 othgerius
1369 4770 1452 4822 IO.
1533 4767 1630 4802 1⁸⁸⁵
1647 4765 1844 4838 papiaa
1869 4767 2030 4822 deest
2052 4770 2103 4821 5.
2128 4771 2182 4821 7.
2208 4767 2538 4838 9—42.qu

397 4843 521 4897 lum
551 4843 724 4896 lineae
752 4834 1205 4910 superscriluﬁz.
1287 4840 1385 4873 ¹⁶³⁶
1409 4834 1822 4910 prretendebat
1845 4843 1898 4892 7.
1980 4838 2073 4872 ¹⁶⁵⁷
2105 4850 2363 4893 romana
2388 4834 2545 4890 deest
2575 4837 2626 4889 5.

400 4914 496 4947 ¹⁶³⁹
528 4911 744 4964 dicitur
772 4917 1049 4964 sanctum
1079 4916 1131 4964 7.
1275 4911 1373 4944 ¹⁶δ⁰
1399 4924 1540 4964 vero
1570 4907 1700 4964 eius
1725 4911 1777 4962 5.
1918 4909 2011 4943 ¹⁶⁵¹
2041 4906 2307 4964 alnertus
2337 4912 2390 4961 7.
2523 4906 2621 4940 “‘5’

401 4922 496 4991 mf”
528 4922 744 4966 dicitur
772 4922 1049 4967 sanctum
1079 4922 1131 4965 7.
1275 4922 1373 4944 ιυου
1399 4924 1540 4964 vero
1570 4923 1700 5014 ejus
1720 4922 1777 4988 5.
1804 4977 1815 4989 υ
1918 4922 2011 4943 ιυυι
2041 4922 2307 4981 mpertus
2337 4922 2390 4961 '1.

401 4983 498 5017 ‘6“
530 4980 849 5036 travallum
896 4981 1157 5037 insulam
1190 4981 1272 5061 ll.
1326 4981 1407 5035 12.
1543 4982 1588 5014 ¹⁶
1618 4979 1640 5014 ⁵
1672 4977 2026 5104 ᾶιωιεειὲἓ...
2058 4979 2166 5052 qui
2195 4983 2225 5033 5
2255 4994 2305 5033 c.
2339 4993 2389 5031 θ.

401 5053 497 5088 ³⁸⁵³
528 5066 565 5104 a
589 5051 767 5104 fratre
791 5053 968 5104 deest.
994 5057 1046 5104 5.
1070 5057 1122 5104 7.
1204 5054 1300 5088 ¹⁶υ⁹
1334 5048 1622 5104 adalnero
1645 5055 1699 5104 7.
1779 5051 1876 5085 ¹⁶⁶⁰
1969 5064 2249 5104 scurrens
2276 5054 2326 5104 5.

1969 5064 2249 5106 scurrens
2276 5064 2326 5104 5.

2159 1668 2366 1739 evasit,
2396 1672 2453 1724 et
2482 1668 2560 1723 ad
2590 1684 2792 1737 regem
2837 1667 3081 1723 veniens
3130 1665 3433 1722 caritative
3473 1667 3824 1739 suscipitur,

2158 1759 2214 1812 et
2242 1773 2279 1812 a
2310 1759 2428 1813 Deo
2454 1756 2697 1812 amabili
2719 1755 3083 1811 Willihelmo
3113 1753 3567 1826 archiepiscopo
3596 1768 3710 1826 pro
3736 1769 3828 1808 re-

2158 1844 2478 1902 tributione
2509 1850 2631 1901 tam
2670 1844 3072 1901 incommodae
3104 1843 3182 1898 ab
3221 1858 3292 1898 eo
3323 1842 3439 1898 sibi
3468 1841 3831 1898 machinatus

2158 1934 2653 2007 peregrinationis
2677 1934 2852 1991 bonis
2880 1932 3168 1990 omnibus
3195 1936 3252 1987 et
3281 1931 3641 2000 commodis,
3673 1946 3832 2003 qua-

2160 2023 2209 2079 si
2236 2024 2416 2079 frater
2455 2040 2492 2079 a
2536 2023 2713 2080 fratre
2760 2024 2879 2092 “'53,
2911 2020 3288 2094 amplectitur
3338 2026 3393 2075 et
3435 2024 3826 2076 sustentatur.

2160 2111 2549 2181 Reginbertus
2581 2112 2772 2183 (181⁵),
2800 2109 2901 2166 Dei
2933 2125 3162 2179 servus,
3194 2108 3341 2164 obiit
3367 2125 3380 2175 ;
3411 2108 3610 2163 missis
3639 2108 3831 2163 etiam

2159 2216 2270 2274 pro
2311 2218 2382 2257 eo
2426 2201 2505 2257 ad
2542 2200 2965 2273 imperatorem
2993 2197 3218 2264 litteris,
3258 2198 3518 2253 reditum
3542 2195 3734 2270 ipsius
3765 2197 3829 2252 in

2160 2289 2382 2363 palatio
2411 2288 2625 2361 operiri
2651 2288 2916 2359 jubetur.
2949 2287 3170 2343 Eodem
3201 2301 3364 2342 anno
3393 2284 3691 2341 Adalbero
3725 2287 3827 2320 “559

2161 2378 2517 2435 venerabilis
2541 2378 2648 2449 vir,
2680 2376 2972 2434 Mettensis
2997 2375 3338 2449 episcopus,
3370 2374 3535 2431 obiit.

2792 2474 3012 2530 DCCCC
3022 2474 3195 2530 LXIII.

2231 2570 2297 2623 Α.
2328 2569 2392 2622 D.
2422 2566 2463 2622 Ι.
2497 2568 2599 2621 963
2627 2579 2731 2620 rex
2754 2563 2972 2619 iterum
3000 2563 3195 2636 Papiae
3216 2561 3749 2619 Natalem'Domini
3766 2568 3831 2618 et

2161 2657 2387 2713 Pascha
2415 2653 2754 2710 celebravit.
2779 2653 3019 2709 Interim
3040 2652 3394 2708 Adalbertus
3420 2652 3537 2707 huc
3559 2651 3831 2724 illucque

2104 2773 2113 2781 -
2160 2744 2506 2800 discursans
2540 2744 2659 2812 ιθθο,
2690 2757 3109 2814 quoscumque
3138 2745 3373 2814 poterat
3411 2741 3525 2796 sibi
3554 2741 3830 2814 undique

2161 2831 2437 2900 adtraxit,
2492 2831 2598 2886 sed
2642 2834 2699 2886 et
2747 2830 3073 2900 Corsicam,
3130 2830 3212 2886 ibi
3265 2832 3360 2867 ¹⁶⁶¹
3423 2846 3487 2887 se
3541 2830 3693 2886 tueri
3738 2831 3832 2886 ni-

2082 2945 2125 2999 ο
2158 2925 2311 2989 tens,
2361 2920 2619 2977 intravit.
2669 2922 3008 2976 Romanum
3057 2919 3236 2975 etiam
3284 2918 3632 2992 pontiﬁcem
3679 2919 3835 2975 mu]-

2159 3009 2433 3084 tipliciter
2478 3009 2540 3065 in
2590 3024 2771 3064 suum
2821 3008 3188 3079 adjutorium
3257 3008 3610 3065 sollicitavit.
3668 3008 3834 3064 Dum

2159 3101 2288 3156 haec
2338 3098 2515 3171 igitur
2562 3103 2844 3169 aguntur,
2884 3099 3209 3171 imperator
3255 3114 3291 3154 a
3340 3097 3520 3171 Papia
3569 3113 3834 3154 movens

2158 3188 2287 3254 iter,
2316 3188 2739 3258 Berengarium
2769 3190 2866 3224 1°"
2887 3188 2949 3244 in
2975 3191 3179 3244 monte
3205 3188 3395 3245 sancti
3418 3187 3629 3244 Leonis
3654 3188 3837 3244 obse-

2159 3278 2263 3346 dit,
2325 3282 2633 3351 totamque
2687 3277 2770 3333 ibi
2824 3282 3092 3334 zestatem
3144 3277 3379 3346 sedens,
3437 3293 3599 3350 saepe
3651 3293 3832 3334 mon-

2158 3371 2280 3424 tem
2305 3366 2574 3440 undique
2617 3365 3027 3435 circumdedit,
3061 3375 3119 3424 et
3146 3383 3221 3423 ne
3249 3367 3630 3440 aliquatenus
3663 3371 3838 3440 pate-

2158 3461 2247 3513 ret
2275 3456 2466 3513 exitus
2495 3455 2589 3512 vel
2612 3455 2887 3512 introitus
2906 3454 3230 3529 prohibuit.
3259 3456 3496 3512 Interim
3520 3455 3836 3512 Iohannes

2159 3559 2341 3618 papa,
2396 3542 2826 3617 promissiones
2876 3543 3224 3617 imperatori
3286 3542 3472 3601 factas
3531 3542 3836 3600 oblivioni

2159 3633 2423 3703 tradens,
2451 3632 2530 3689 ab
2561 3648 2632 3689 eo
2663 3632 2876 3689 defecit
2907 3634 3025 3700 ¹⁶⁶³,
3056 3636 3115 3689 et
3142 3631 3477 3703 Berengarii
3504 3647 3613 3689 seu
3644 3631 3835 3689 Adal-

2159 3722 2311 3781 berti
2363 3722 2633 3797 partibus
2684 3722 2914 3791 favens,
2974 3721 3364 3779 Adalbertum
3422 3725 3683 3779 Romam
3740 3721 3835 3778 in»

2160 3812 2446 3869 tramittit.
2498 3814 2657 3877 Quas
2711 3810 3046 3868 dolositatis
3098 3811 3230 3884 ejus
3282 3811 3523 3868 fraudes
3569 3811 3838 3885 impera-

2158 3906 2252 3959 tor
2310 3900 2584 3971 audiens,
2640 3899 2845 3958 relicta
2913 3900 3071 3958 circa
3139 3904 3408 3957 montem
3481 3900 3830 3968 obsidione,

2160 3993 2415 4047 Romam
2451 4005 2661 4047 versus
2691 4006 2831 4046 cum
2874 3990 3044 4047 hoste
3072 3989 3302 4064 pergit;
3347 3990 3521 4062 cujus
3548 3978 3670 4062 ipsi
3700 4005 3833 4046 me-

2159 4083 2391 4136 tuentes
2420 4078 2767 4150 adventum,
2784 4078 3115 4152 plurimum
3135 4079 3485 4135 thesaurum
3510 4078 3710 4136 sancti
3730 4081 3839 4135 Pe-

2160 4168 2232 4225 tri
2258 4168 2575 4241 rapientes,
2604 4167 2759 4238 fugae
2803 4167 3073 4225 subsidia
3108 4171 3337 4241 petunt.
3369 4169 3531 4224 Tunc
3571 4167 3834 4225 Romani

2159 4257 2221 4314 in
2250 4256 2426 4330 plura
2462 4256 2638 4313 divisi
2670 4258 2790 4326 ίθθδ,
2821 4255 3039 4330 partim
3078 4254 3423 4330 imperatori
3460 4255 3736 4317 faventes
3763 4288 3835 4315 ,—

2159 4345 2362 4403 multis
2393 4345 2555 4403 enim
2584 4347 2678 4382 ¹⁶⁶⁵
2710 4361 2747 4402 a
2769 4344 3055 4419 praedicto
3080 4361 3244 4419 papa
3272 4344 3506 4417 injuriis
3534 4361 3599 4402 se
3628 4345 3837 4420 oppri-

2158 4436 2244 4494 mi
2270 4434 2877 4508 conquerebantur—
2907 4433 3125 4507 partim
3150 4433 3482 4507 apostolico
3512 4432 3836 4491 blandien-

2668 4620 2765 4693 im
2795 4584 3106 4691 indigebat
3131 4634 3349 4693 corpus
3376 4618 3750 4693 instructu!!!
3776 4626 3835 4676 ’⁷-

2695 4692 2791 4725 ³⁸⁵³
2823 4706 2961 4747 vero
2995 4692 3154 4764 deest
3182 4690 3497 4764 5.9—?“3
3522 4690 3693 4764 quod
3720 4707 3843 4764 au-

2543 4763 2689 4818 tium
2717 4766 2911 4818 tamen
2938 4767 3114 4819 vacat
3132 4763 3197 4818 in
3227 4767 3257 4816 7
3289 4762 3430 4819 etin
3461 4762 3843 4819 “Succubu-

2543 4840 2545 4855 ί
2575 4837 2626 4889 5.
2730 4834 2827 4869 ¹⁶⁸⁸
2850 4832 3075 4889 willam
3100 4833 3163 4889 in
3202 4832 3408 4889 lacum
3438 4833 3838 4904 majorem7.

3180 4875 3408 4979 gaias
3438 4875 3838 4979 3:43:45

3002 4977 3100 5011 "‘5"
3132 4974 3416 5032 omnibus
3448 4974 3653 5032 modis
3682 4974 3744 5033 5.
3778 4982 3837 5032 7.

2523 4906 2621 4940 1652

2509 4978 2604 5011 1656

2411 5049 2500 5083 ⁶⁶⁶¹
2528 5046 2824 5103 corsicam
2855 5047 3101 5103 veniens
3131 5047 3213 5103 ibi
3236 5052 3289 5104 9.
3322 5046 3404 5103 ll.
3440 5046 3523 5102 12.
3606 5049 3708 5083 ¹⁶⁶²
3738 5047 3839 5103 ite-

2697 4904 2837 4960 uido
2867 4910 2919 4960 5.

2678 4980 2805 5031 aret
2833 4982 2885 5032 7.

397 5139 537 5179 rum
561 5121 986 5191 berengarium
1021 5123 1096 5178 10.
1184 5124 1282 5159 ¹⁶⁶³
1311 5116 1512 5178 deﬁcit
1676 5121 1773 5156 "5“
1802 5136 2042 5178 roma...
2075 5119 2271 5177 divisa
2302 5124 2353 5174 5.
2437 5119 2532 5153 ³⁸⁸⁵
2566 5116 2738 5173 multi
2766 5118 2927 5174 enim
2960 5123 3012 5173 5.

1992 5224 2223 5282 ΝΟΤΛΕ.

468 5299 615 5381 (180)
655 5302 712 5356 S‘.
749 5301 861 5355 Leo
887 5298 946 5354 in
994 5299 1309 5367 Legatione
1340 5296 1737 5364 Urbinatensi,
1771 5309 1958 5367 prope
1990 5297 2045 5353 S.

398 5374 710 5429 Marinum.

398 5512 407 5514 ν
465 5442 615 5514 (181)
657 5444 714 5499 S.
741 5438 1097 5514 Juliiinsula
1126 5455 1250 5495 non
1277 5437 1504 5514 ir_1_la_cu
1535 5439 1827 5514 Yerbano,
1856 5437 1961 5494 sed
1991 5438 2052 5494 in

392 5512 530 5571 lacu
555 5509 788 5571 O'rtensi
812 5511 891 5568 ad
915 5509 1286 5568 occidentem
1307 5509 1567 5581 Verbani
1596 5510 1708 5567 sita
1731 5513 1835 5581 est,

469 5585 642 5658 (181')
681 5583 897 5653 Garda,
927 5583 990 5640 in
1015 5581 1207 5639 littore
1235 5579 1464 5637 Benaci.
1508 5603 1521 5607 -

2232 5294 2407 5366 (181³)
2447 5292 2798 5350 Muratorius
2839 5295 3006 5351 Valle
3037 5295 3362 5366 Traraglia
3397 5292 3459 5349 in
3488 5292 3842 5360 montibus,

2170 5365 2509 5422 Verbanum
2531 5379 2759 5434 versus,
2793 5379 2922 5420 esse
2952 5365 3213 5437 conjicit.

2235 5437 2414 5506 (181³)
2458 5437 2627 5507 [κίτρον
2642 5437 2707 5507 di
2735 5437 2936 5494 Coma.

2235 5508 2410 5579 (181⁵)
2447 5506 2760 5564 Annalista
2787 5509 2942 5565 Saxo
2972 5506 3151 5563 adiit:
3198 5508 3316 5565 Iste
3358 5508 3707 5566 construxit
3741 5508 3856 5565 ab-

2168 5579 2391 5638 batiam
2417 5580 2613 5637 sancti
2637 5580 2836 5637 Btasii
2870 5580 2931 5635 in
2960 5580 3197 5636 Suevia.
3229 5590 3233 5593 λ
