4044 6196
223 234 311 287 na
699 215 704 218 ’
1059 231 1548 290 communes
1587 227 1918 289 cuneum!
1954 229 2348 287 REGINONIS.
2380 247 2452 270 --
2480 230 2597 285 ΑΝ.
2633 235 2754 286 967.

3523 235 3623 288 174

220 353 536 423 celebravit,
569 359 903 429 cunctaque
934 355 1018 411 ibi
1045 356 1444 412 Lothariensis
1474 356 1644 426 regni
1685 364 1864 424 nego-
1895 356 1941 409 Α
1973 357 2165 409 ctor'es
2187 353 2563 428 expulsionis
2601 356 2698 389 ίτθδ
2729 353 2938 409 domni
2967 354 3210 410 Joannis
3241 371 3416 428 papae
3464 356 3626 411 vide-

219 443 311 512 tia,
338 448 511 516 prout
543 444 658 500 sibi
683 443 1022 514 videbatur,
1055 444 1371 517 disposuit,
1408 445 1862 513 Erchanbertus,

220 531 759 602 Witzenburgensis
786 534 882 567 “‘7
914 533 1170 588 ccenobii
1200 533 1413 602 abbas,
1445 532 1611 602 obiit,
1643 537 1699 588 et
1750 531 1862 587 im-

216 625 440 694 perator
467 621 751 678 electione
782 623 1220 678 monachorum
1246 623 1655 691 Adalbertum,
1685 621 1864 692 Rugis

216 709 548 766 ordinatum
580 711 957 783 episcopum,
983 711 1176 766 eidem
1201 712 1563 767 monasterio
1580 710 1857 784 praefecit.

219 799 614 856 Starchandus
648 802 766 866 '7“,
802 791 1208 856 Rubilocensis
1263 796 1360 836 ""9
1395 801 1567 873 (i825)
1599 800 1861 857 ecclesia?

216 888 544 960 episcopus,
577 887 744 959 obiit,
778 888 873 943 cui
898 887 1262 957 Reginoldus
1293 891 1581 946 successit
1622 891 1684 946 in
1709 889 1864 961 epis-

217 981 442 1049 copatu.
472 977 596 1032 Udo
631 994 852 1044 comes,
881 978 1358 1049 conjurationem
1379 996 1518 1035 cum
1540 979 1863 1035 Adalberto

218 1066 541 1136 Berengarii
568 1067 690 1122 ﬁlio
721 1067 974 1134 habens,
1009 1072 1064 1124 et
1094 1068 1155 1122 in
1200 1068 1428 1124 italiam
1458 1069 1537 1123 ad
1563 1084 1865 1124 excaecan-

218 1155 353 1210 dum
382 1155 757 1222 Waidonem,
793 1159 1130 1213 Cumanum
1156 1156 1531 1228 episcopum,
1563 1156 1645 1211 ire
1670 1156 1869 1227 dispo-

217 1259 355 1299 nens
382 1244 784 1317 imperatoriae
814 1244 1151 1314 majestatis
1191 1260 1331 1298 reus
1384 1261 1512 1300 esse
1569 1244 1869 1300 convinci-

219 1333 328 1400 tur,
360 1335 416 1387 et
466 1336 872 1395 sacramento,
929 1347 1005 1385 ne
1059 1331 1438 1403 aliquatenus
1485 1333 1634 1387 ullas
1671 1337 1868 1406 partes

222 1420 380 1490 regni
406 1424 736 1492 praesumat
754 1420 1003 1490 ingredi,
1035 1436 1218 1489 regno
1271 1421 1601 1494 expellitur.
1647 1422 1864 1478 Witke-

222 1526 318 1565 rus
352 1512 469 1577 "5°,
500 1510 842 1566 Treverensi
869 1510 1122 1565 ccenobii
1148 1510 1364 1578 abbas,
1389 1511 1549 1578 obiit,
1582 1511 1675 1566 cui
1707 1511 1867 1566 Asol-

219 1598 309 1653 ius
340 1599 399 1653 in
431 1598 674 1654 abbatia
699 1598 999 1654 successit.
1033 1602 1380 1669 imperator,
1408 1599 1618 1655 iterum
1650 1600 1710 1654 in
1752 1602 1862 1655 ita-

1971 442 2215 509 bantur,
2249 442 2574 514 suspendio
2605 442 2844 498 interire
2868 443 3216 514 jussit.lnde
3237 443 3627 515 progrediens

1970 532 2078 604 per
2110 531 2440 604 Spoletum,
2465 531 2816 592 Ravennam
2845 531 3011 602 adiit,
3041 531 3241 604 ibique
3272 533 3497 588 Pascha
3530 548 3626 588 ce-

1971 619 2212 675 lebrans
2246 621 2339 654 ¹τ⁶⁵
2372 636 2508 674 cum
2549 620 2776 676 domno
2823 622 3052 675 Joanne
3100 636 3284 692 papa,
3338 620 3627 692 plurimos

1971 707 2050 762 ibi
2073 723 2144 762 ex
2176 707 2339 763 italia
2368 712 2424 763 et
2457 709 2745 764 Romania
2775 709 3094 781 episcopos
3141 708 3520 772 coadunavit,
3573 713 3630 764 et

1968 795 2174 852 habita
2205 796 2462 870 synodo,
2497 796 2683 853 multa
2719 791 2793 854 ad
2826 796 3138 854 utilitatem
3169 801 3390 852 sanctae
3445 796 3630 852 Eccle-

1971 886 2069 941 siae
2102 884 2426 954 adinvenit,
2459 891 2515 942 et
2541 881 2868 959 apostolico
2888 887 3145 943 Johanni
3188 887 3401 942 urbem
3432 891 3488 942 et
3519 893 3630 942 ter-

1969 991 2100 1030 ram
2132 977 2613 1032 Ravennantium
2649 977 2744 1011 ¹τ⁶⁵
2798 977 3031 1050 aliaque
3059 976 3395 1049 complura,
3428 975 3632 1031 multis

1972 1068 2126 1119 retro
2173 1065 2545 1138 temporibus
2602 1065 2885 1121 Romanis
2940 1065 3328 1136 pontiﬁcibus
3404 1063 3625 1129 ablata,

1973 1145 2250 1218 reddidit,
2281 1163 2542 1225 olimque
2573 1153 2710 1209 inde
2736 1157 2985 1210 Romam
3017 1172 3155 1210 cum
3178 1171 3402 1225 magna
3430 1153 3629 1208 laetitia

1975 1240 2240 1307 remisit;
2273 1241 2403 1312 ipse
2436 1258 2571 1298 vero
2608 1243 2668 1297 in
2724 1247 2926 1314 partes
2973 1243 3194 1298 Tuscia:
3252 1249 3309 1298 et
3359 1242 3629 1297 Lucaniae

1977 1326 2077 1363 ¹τ⁶⁶
2129 1329 2385 1386 secessit.
2436 1332 2670 1386 [nterim
2703 1348 2866 1404 papa
2895 1331 3199 1387 Johannes
3225 1337 3281 1386 et
3311 1332 3634 1402 imperator

1974 1418 2098 1489 regi
2130 1420 2325 1475 Ottoni
2361 1422 2456 1455 ιτδτ
2487 1421 2713 1478 litteras
2747 1421 3114 1477 invitatorias
3171 1423 3464 1476 miserunt
3515 1421 3632 1484 17°“,

1973 1513 2048 1574 et,
2077 1513 2282 1564 utcum
2311 1507 2458 1582 ipsis
2491 1513 2586 1545 ¹⁷⁶⁹
2619 1511 2698 1566 ad
2723 1510 2984 1568 natalem
3037 1511 3268 1566 Domini
3320 1513 3522 1565 Romae
3549 1525 3639 1565 ce-

1971 1596 2330 1653 lebrandum
2364 1599 2671 1656 festinaret
2696 1603 2812 1667 “7°,
2841 1601 3169 1670 jusserunt.
3204 1602 3363 1654 Tunc
3391 1615 3494 1654 rex
3525 1613 3635 1670 pro

213 1686 348 1742 liam
375 1686 460 1742 ire
487 1687 834 1760 disponens,
867 1687 1355 1759 Assumptionem
1405 1693 1623 1745 sanctae
1671 1689 1864 1746 Marias
1892 1699 1940 1765 μ
1972 1685 2360 1759 disponendis
2389 1688 2555 1757 regni
2587 1688 2842 1760 negotiis
2873 1691 3008 1742 ante
3050 1704 3228 1743 suum
3283 1687 3344 1742 in
3405 1687 3631 1743 italiam

221 1777 308 1810 1⁷⁵³
345 1774 678 1831 Wormatiae
705 1774 1043 1847 celebravit,
1078 1775 1278 1848 ibique
1305 1776 1510 1833 habito
1559 1795 1694 1833 cum
1741 1794 1867 1834 om-

214 1865 384 1920 nibus
407 1863 576 1934 regni
605 1863 941 1935 majoribus
969 1864 1220 1920 conciiio
1259 1867 1376 1932 “5’,
1407 1866 1545 1921 inde
1571 1884 1677 1939 per
1706 1868 1865 1922 Alsa-

214 1953 353 2010 tiam
377 1957 435 2010 et
455 1952 694 2010 Curiam
715 1953 894 2026 Alpes
925 1954 1360 2010 transcenderis
1395 1956 1760 2024 “53,1taiiam
1781 1956 1866 2012 in-

212 2042 397 2108 travit,
429 2045 486 2097 et
513 2041 802 2111 Sigoit‘um
854 2043 970 2108 ηπ,
1026 2042 1438 2099 Placentinum
1488 2045 1861 2117 episcopum,

212 2129 626 2203 quosdamque
656 2139 728 2184 ex
761 2129 1081 2185 comitibus
1131 2127 1342 2187 italicis
1394 2135 1638 2204 propter
1685 2131 1865 2188 Adal-

212 2215 443 2278 bertum
470 2215 651 2295 priori
675 2235 836 2276 anno
863 2230 898 2277 a
929 2234 990 2276 se
1036 2219 1397 2290 deﬁcientes,
1430 2222 1491 2277 in
1549 2221 1866 2296 transalpi-

213 2327 325 2367 nas
351 2314 548 2384 partes
575 2309 832 2366 Franciae
863 2305 958 2367 vel
998 2309 1292 2379 Saxonica,
1328 2306 1758 2368 custodiendos
1786 2310 1869 2366 di-

213 2401 377 2457 mit.
407 2401 569 2456 Tunc
591 2399 872 2471 Romani,
891 2401 1271 2472 imperatoris
1298 2404 1631 2456 metuentes
1655 2401 1872 2456 adven-

214 2489 359 2557 tum,
391 2486 674 2545 Rotfredo
707 2488 952 2559 ""jam
1001 2489 1264 2557 mortuo,
1327 2505 1363 2544 a
1421 2489 1695 2545 custodia
1751 2502 1874 2561 qua

214 2577 528 2635 tenebatur
579 2576 918 2632 Johannem
973 2573 1371 2648 apostolicum
1426 2575 1770 2646 absolvunt,
1820 2576 1876 2632 et

211 2667 458 2724 veniam
489 2681 601 2738 pro
630 2665 804 2721 malis
856 2681 993 2738 quae
1035 2664 1086 2720 ei
1141 2663 1516 2735 ingesserant
1562 2667 1899 2737 poscentes—

218 2759 336 2819 ﬁ“,
362 2756 424 2811 in
439 2755 644 2810 locum
665 2758 722 2810 et
748 2754 953 2810 sedem
981 2763 1155 2809 suam
1184 2754 1353 2811 illum
1377 2755 1712 2811 restituunt.
1770 2758 1874 2812 Εοε

218 2845 356 2903 dem
385 2855 545 2901 anno
568 2841 771 2900 cernes
802 2840 1180 2900 Eberhardus
1221 2843 1384 2900 obiit.
1449 2843 1671 2901 Eodem
1712 2855 1872 2902 anno

222 2933 315 2978 “‘7
343 2931 752 3003 Berengarius,
780 2931 1091 3006 quondam
1127 2932 1300 2990 Italiae
1324 2949 1447 3004 rex,
1507 2929 1642 2991 eXUl
1694 2933 1872 2991 mori-

1970 1774 2078 1830 iter
2108 1771 2505 1832 Wormatiam
2536 1776 2711 1842 venit,
2745 1775 2948 1848 ibique
2980 1775 3039 1830 in
3073 1777 3269 1848 primo
3301 1792 3411 1831 suo
3443 1775 3629 1849 placi-

1972 1868 2051 1934 to,
2083 1867 2199 1920 Deo
2229 1866 2507 1938 propitio,
2541 1865 2696 1938 pluri
2725 1883 2802 1921 na
2832 1865 3045 1921 futurae
3076 1866 3409 1938 prudentiae
3453 1864 3632 1921 simul

1972 1958 2027 2010 et
2051 1954 2380 2010 clementia;
2413 1971 2533 2010 suae
2567 1956 2658 1989 '7“
2693 1954 2917 2010 indicia
2962 1955 3461 2028 praemonstravit.
3509 1954 3632 2011 Sic-

1971 2059 2090 2116 que
2117 2043 2422 2100 nativitate
2449 2043 2834 2100 Prtecursoris
2864 2039 2921 2100 et
2950 2041 3361 2117 apostolorum
3409 2037 3631 2099 festivi-

1972 2137 2088 2189 tate
2120 2133 2566 2188 Franeonofurd
2597 2133 2917 2203 celebrata,
2948 2133 3056 2189 iter
3108 2150 3288 2189 suum
3343 2133 3636 2189 accelera-

1973 2225 2142 2278 turus
2173 2221 2232 2277 in
2265 2217 2587 2278 Saxoniam
2603 2223 3001 2279 remeavit.Ea
3021 2223 3371 2295 tempestate
3393 2223 3635 2277 Asuli'us

1975 2309 2351 2367 Treverensis
2377 2311 2593 2382 abbas,
2623 2311 2903 2384 praesenti
2927 2310 3062 2366 vita)
3103 2311 3492 2377 subtrahitur,
3542 2309 3638 2364 cui

1977 2397 2330 2455 Thietfridus
2354 2414 2667 2454 successor
2696 2397 2948 2466 eligitur.
2976 2401 3136 2453 Tunc
3168 2395 3346 2452 etiam
3377 2395 3638 2452 domnus

1981 2485 2472 2558 archiepiscOpus
2499 2482 2888 2540 Wiliihelmus
2908 2484 3279 2556 aliquantula
3295 2485 3638 2542 inﬁrmitate

1981 2575 2277 2643 detentus,
2305 2571 2363 2629 in
2390 2571 2571 2642 brevi,
2603 2570 2722 2630 Deo
2751 2572 3096 2644 miserante,
3121 2574 3441 2631 convaluit.
3467 2579 3639 2630 Doms

1981 2682 2061 2721 no
2089 2666 2450 2736 imperatore
2475 2663 2536 2719 in
2573 2661 2738 2719 italia
2769 2664 3202 2731 commorante,
3228 2662 3406 2733 legati
3431 2661 3641 2720 Nichm

1982 2755 2090 2810 fori
2121 2757 2237 2821 ηπ,
2270 2757 2608 2810 Graecorum
2634 2754 3032 2828 imperatoris,
3069 2757 3367 2810 Ravennae
3393 2753 3472 2810 ad
3502 2770 3640 2809 eum

1979 2846 2272 2899 venerunt
2304 2844 2421 2913 "7',
2453 2842 2784 2900 honoriﬁca
2820 2859 3023 2899 secum
3073 2857 3328 2898 munera
3383 2843 3635 2900 ferentes

1979 2938 2035 2990 et
2058 2947 2271 3006 pacem
2302 2933 2381 2989 ab
2413 2949 2483 2989 eo
2513 2931 2606 2989 vel
2638 2931 2962 2989 amicitiam
3001 2933 3316 3006 poscentes
3353 2943 3364 3000 ;
3416 2932 3639 3005 quibus

218 3028 332 3091 tur,
362 3028 418 3079 et
445 3024 508 3080 in
541 3025 638 3058 ¹τ⁵⁸
666 3023 1017 3095 Babenberg
1052 3021 1146 3059 175°
1171 3025 1338 3093 regio
1359 3041 1526 3080 more
1552 3023 1832 3097 sepelitur
1856 3043 1869 3094 ;
1899 3064 1940 3118 Ο
1976 3021 2405 3078 honorabiliter
2427 3019 2722 3095 susceptis
2747 3012 3449 3108 decenquue-remissis,
3469 3015 3639 3076 dom-

219 3112 392 3183 cujus
408 3113 594 3168 vidua
638 3112 838 3180 Wiiia,
861 3116 1190 3185 antequam
1248 3112 1615 3186 sepeliretur,
1672 3113 1877 3172 velum
1908 3111 1934 3118 ⁷
1979 3128 2094 3168 nus
2121 3111 2446 3186 imperator
2465 3113 2742 3168 nuntium
2762 3125 2942 3168 suum
2958 3111 3154 3169 eidem
3171 3113 3512 3166 Gri-acorum
3534 3111 3642 3166 im-

221 3199 336 3256 sibl
359 3199 455 3235 ¹⁷⁶⁰
487 3197 940 3256 sanctimoniale
967 3197 1318 3273 assumpsit.
1350 3195 1478 3257 Udo
1527 3211 1750 3269 eomes,
1783 3213 1872 3258 sa-

221 3287 506 3346 Crementi
519 3285 761 3356 oblitus,
787 3289 1102 3346 Franciam
1127 3285 1475 3360 ingreditur,
1504 3287 1642 3346 inde
1659 3289 1870 3347 iterum

220 3377 454 3450 absque
478 3377 646 3434 omni
669 3376 914 3434 utilitate
943 3379 1270 3435 revertitur.

841 3522 1266 3579 DCCCCLXVII.

291 3644 362 3698 A.
398 3643 462 3700 Ι).
494 3645 537 3700 l.
579 3643 681 3701 967
711 3644 1036 3718 imperator
1075 3648 1274 3702 Romae
1323 3645 1590 3702 natalem
1641 3641 1880 3702 Domini

218 3733 547 3792 celebravit
577 3736 695 3803 ‘7",
722 3740 780 3791 et
801 3740 1050 3808 excepto
1075 3735 1355 3808 praefecto
1384 3733 1554 3791 Urbis
1577 3735 1684 3808 qui
1713 3731 1880 3792 aufu-

215 3827 412 3895 gerat,
436 3828 501 3880 i3
529 3833 603 3880 ex
635 3824 732 3861 ¹⁷⁸²
756 3824 1094 3897 majoribus
1119 3827 1552 3891 Romanorum,
1613 3824 1716 3895 qui
1772 3838 1880 3879 au-

1981 3203 2237 3276 perator‘i
2250 3209 2362 3275 pro
2372 3193 2593 3273 conjun
2602 3201 2799 3273 genda
2815 3202 2875 3257 in
2893 3201 3350 3258 matrimanium
3364 3217 3478 3256 suo
3494 3200 3636 3267 tilio,

1982 3290 2105 3364 regi
2135 3287 2350 3358 Ottoni,
2379 3289 2654 3364 privigne
2684 3287 2870 3364 ipsius
2902 3289 3199 3348 Nichofori
3224 3291 3342 3358 ⁵⁷⁷⁵,
3375 3285 3498 3345 ﬁlia
3529 3288 3641 3345 scit

1982 3371 2115 3438 licet
2132 3381 2383 3438 Romani
2409 3371 2805 3455 imperatoris,
2820 3377 3396 3454 Constantinopolim
3419 3377 3638 3449 dirigit.

1985 3471 2092 3536 Qui
2128 3471 2345 3527 iterum
2372 3471 2584 3529 eodem
2620 3472 2717 3506 m5
2749 3483 2912 3526 anno
2938 3473 3075 3527 ante
3106 3469 3368 3526 natalem
3406 3463 3643 3524 Domini

1986 3559 2064 3616 ad
2089 3559 2512 3633 imperatorem
2544 3559 2874 3614 revertitur.
2903 3559 3130 3614 Eodem
3161 3557 3641 3624 anno,intrante,

1989 3645 2321 3720 Septembri
2351 3647 2445 3680 ’⁷⁷6
2475 3657 2703 3714 mense,
2734 3642 2864 3700 Otto
2890 3657 2994 3699 rex
3023 3647 3279 3698 Romam
3307 3640 3499 3697 iturus
3522 3639 3642 3711 ⁸⁷⁷⁷,

1987 3736 2221 3792 decenti
2246 3751 2310 3789 se
2341 3731 2627 3790 comitatu
2657 3747 2950 3802 egressus,
2983 3727 3341 3787 memoriam
3378 3727 3477 3763 "7'
3505 3738 3644 3784 san-

1991 3823 2067 3879 cti
2095 3821 2392 3880 Michaelis
2417 3821 2480 3876 in
2509 3823 2781 3889 Augusta
2803 3819 3038 3878 civitate
3063 3816 3405 3876 celebravit.

1580 3924 1813 3985 VARLE
1851 3923 2254 3987 LECTIONES.

299 4039 394 4074 '7"
425 4037 903 4110 wirzibur-gensis
923 4043 976 4094 7.
1001 4041 1113 4094 etc.
1195 4035 1720 4110 'mistanchardus
1745 4042 1797 4092 7.
1832 4035 2195 4110 starkandus
2227 4039 2279 4110 li.
2361 4033 2900 4110 ""__ruboloeensis
2927 4031 3326 4110 _ruoloeen_sis
3380 4037 3464 4110 49.
3547 4032 3643 4068 ’πθ

219 4109 478 4180 witgeru

222 4263 396 4324 anno
419 4263 604 4324 usque
630 4251 792 4308 anno
822 4253 980 4324 deest
1018 4256 1100 4308 Η.
1136 4251 1219 4306 i2.

223 4319 697 4380 "‘1ee'iebratar
723 4323 777 4379 7.
857 4323 956 4360 ³⁷⁸⁸
990 4325 1056 4378 te
1080 4332 1152 4378 ex
1181 4329 1234 4378 7.
1315 4319 1414 4358 ³⁷⁸³
1443 4334 1514 4378 ex

226 4396 332 4431 m‘
362 4398 423 4450 et
443 4394 696 4452 lucanus
727 4396 884 4452 deest
911 4400 964 4451 5.
1041 4396 1138 4432 "'7
1167 4393 1376 4449 othoni
1403 4393 1760 4464 aliquotiens
1791 4398 1843 4449 ὕ.
1923 4393 2016 4429 ¹⁷⁶⁶
2044 4393 2337 4449 miserunt
2358 4395 2426 4448 ut
2465 4406 2605 4464 eum
2664 4396 2748 4447 50.

483 4125 510 4164 s
544 4114 626 4164 ii.
653 4103 738 4166 12'.
768 4110 1030 4165 wikerus
1052 4114 1104 4165 ὅ.
1135 4112 1188 4163 7.
1269 4109 1364 4143 '7"
1396 4107 1793 4178 sanctissimas
1818 4108 2024 4165 maria!
2046 4105 2296 4178 virginis
2319 4111 2370 4162 5.
2452 4107 2549 4178 ηεξ
2581 4104 2829 4178 consilio
2874 4105 2968 4162 5d.
3047 4107 3146 4141 "5‘
3187 4105 3352 4178 alpes
3402 4103 3644 4178 descen-

223 4176 382 4238 den's
410 4187 464 4236 7.
545 4182 642 4217 ³⁷⁸⁸
665 4181 942 4252 sigelfum
968 4187 1021 4237 7.
1055 4179 1335 4252 sigaifum
1361 4183 1414 4235 8.
1482 4179 1593 4252 κεῖθεν
1622 4177 1887 4252 ηῃίτθάο
1919 4176 2334 4252 l_l.7rovgifred_o
2364 4176 2744 4252 9._rotbiredo
2770 4180 2854 4252 i9.
2936 4179 3032 4252 ιτῗὲ

3058 4175 3329 4250 Patent-es
3368 4175 3461 4233 δά,
3545 4178 3637 4211 1657

1330 4252 1427 4286 '7"
1450 4251 1607 4306 deest
1631 4250 1727 4305 ῦὸ.
1806 4253 1903 4288 “‘9
1933 4250 2320 4307 babsnbereh
2341 4253 2392 4304 9.
2426 4247 2771 4304 babenbere
2808 4249 2888 4305 lO.
2968 4247 3208 4304 ne°_sibi
3246 4247 3443 4304 velum
3469 4253 3554 4303 5c.
3589 4263 3640 4303 e.

1516 4321 1865 4395 putationum
1894 4328 1946 4378 7.

2027 4325 2125 4358 '7”
2176 4319 2499 4377 celebravit
2534 4326 2586 4376 7.
2666 4321 2764 4355 “‘5
2818 4320 3238 4377 revexi-natium
3278 4326 3329 4376 5.
3373 4324 3568 4376 9—12.

2044 4393 2337 4448 miserunt
2358 4395 2426 4448 ut
2465 4406 2605 4448 eum
2664 4396 2748 4447 10.
2847 4394 3022 4448 “Wet
3053 4408 3192 4448 eum
3218 4391 3361 4448 ipsis
3387 4397 3438 4446 7.
3548 4391 3644 4423 “7°

3053 4408 3192 4448 eum
3218 4407 3361 4462 ipsis
3387 4401 3438 4446 7.
3548 4401 3610 4462 If}

220 4465 588 4538 festinaret
667 4465 761 4538 ‘7“
789 4476 917 4522 sua!
935 4467 1093 4538 deest
1122 4463 1174 4521 Et.
1252 4467 1351 4538 "7"
1380 4457 1686 4538 niee'phori
1713 4468 1764 4520 ὕ.
1798 4464 2222 4538 ηίθορὴοῆυ.
2258 4468 2343 4518 η.
2421 4457 2520 4538 ¹⁷ξ¹⁵
2540 4477 2678 4538 eum
2711 4466 3120 4538 convenerunt
3155 4466 3208 4514 9.
3239 4457 3352 4538 "il.
3381 4464 3469 4538 i2,
3548 4460 3644 4538 Ἦ*

221 4537 538 4611 nieephori
569 4543 620 4611 ξς.
643 4533 956 4611 ιιίοοριιρινί
986 4537 1068 4592 u.
1103 4541 1186 4592 12.
1268 4537 1364 4572 ίττι
1393 4536 1500 4608 qui
1518 4527 1708 4611 igitur
1731 4527 2029 4611 eodem-7.
2111 4537 2210 4570 ηπ
2241 4533 2606 4608 septembrio
2633 4537 2829 4590 9—42.
2907 4535 3000 4568 ιτττ
3029 4531 3220 4588 iturus
3249 4527 3405 4586 deest
3446 4531 3642 4584 9—12.

227 4610 332 4645 ιντο

508 4608 594 4665 uti
612 4612 707 4665 est
729 4605 1014 4666 semitam
1041 4619 1324 4679 egressus
1350 4605 1830 4680 memoriamque
1859 4605 1912 4663 7.

1830 4707 2052 4770 NOTAE.

307 4822 482 4894 (μηδ)
511 4820 967 4879 Eiehstadensis.
