4046 6190
359 177 460 232 187

1474 171 1853 228 REGINONIS
1889 171 2303 230 PBUMIENSIB
2339 174 2654 230 ABBATIS.

3671 172 3768 227 188

348 297 592 376 dobant.
611 298 770 376 _Hatc
799 311 982 376 porro
1008 297 1296 376 Capitula
1325 296 1649 376 ῌὶῃιζνηᾳλθξ
1678 293 1879 376 eadem
1927 300 2239 376 suntcum
2279 297 2370 353 his
2401 311 2533 376 quae
2563 299 2848 376 leguntur
2878 297 2942 350 in
2971 295 3529 376 Inquisitioneigfa.
3559 295 3774 365 Itaque

350 370 446 426 vel
473 370 696 439 Regina
726 366 977 438 accepit,
1006 382 1181 441 eaea:
1206 367 1506 437 Capitulis
1550 367 1875 441 Hinc-mari
1916 366 2309 441 uberioribus,
2345 366 2560 441 adibus
2595 366 2880 441 hactenus
2923 366 3225 441 caremus;
3272 372 3382 423 aut
3402 367 3772 441 ῌίῃσηιανιεξ

351 453 562 497 suaac

564 437 715 510 cepit
749 455 825 496 ex
854 437 1038 496 veleri
1064 440 1335 497 famula
1363 455 1438 497 ex
1465 453 1586 510 qua
1625 443 1682 511 et
1711 438 1936 511 Regina
1975 443 2180 511 postea
2225 437 2538 510 descripsit
2561 453 2582 510 ,'
2629 439 2790 511 quod
2814 439 3068 508 propius
3122 437 3259 496 vero
3301 438 3676 494 crediderim.
3707 437 3777 493 Si

352 511 452 566 cui
480 508 678 568 tamen
703 512 888 568 aliter
914 511 1105 567 visum
1127 512 1342 581 fuerit,
1373 508 1493 582 per
1506 525 1598 566 me
1629 510 1765 565 licet
1794 514 1862 565 ut
1885 509 1934 564 is
1953 508 2190 577 judicio
2221 526 2326 567 suo
2355 508 2629 582 fruatur.

1828 679 2251 708 ψ

349 895 546 952 INCIPIT
599 911 897 961 INQUISlTlO
937 911 1003 953 DE
1059 911 1152 954 HIS
1205 913 1327 962 QUE
1378 913 1673 955 EPISCOPUS
1721 913 1824 953 νει.
1881 910 2001 952 EJUS
2031 899 2078 952 Α

422 1001 664 1041 MINISTRI
715 1001 769 1042 1N
823 1003 925 1044 SUO
979 1004 1264 1045 DISTRICTU
1313 1007 1414 1045 νει.
1459 1003 1786 1044 TERRITORIO
1825 1002 2002 1050 lNQUl-

420 1090 560 1130 RBRE
615 1091 858 1132 DEBEANT
914 1092 1015 1133 PER
1077 1093 1262 1150 VICOS,
1318 1094 1520 1150 PAGOS,
1576 1093 1752 1141 ATQUE
1803 1091 2004 1132 PARCE-

421 1177 592 1220 CBIAS
632 1179 748 1220 SUB
787 1180 1130 1223 ῡιοεεεεεοε.

422 1264 485 1316 In
515 1261 723 1334 primis
749 1261 1177 1337 inquirendum
1207 1270 1293 1322 est
1317 1266 1376 1322 in
1410 1265 1581 1336 cujus
1607 1264 1794 1321 sancti
1822 1263 2010 1320 hono-

351 1365 413 1405 re
441 1354 788 1410 consecrata
833 1353 907 1408 sit
934 1352 1211 1424 basilica,
1242 1354 1338 1410 vel
1366 1371 1403 1411 a
1430 1370 1554 1427 quo
1601 1353 1776 1410 fuerit
1804 1368 2008 1410 conse-

351 1441 532 1494 crata.
570 1441 708 1496 Post
750 1441 879 1496 haec
923 1441 1055 1514 ipsa
1101 1442 1353 1499 ecclesia
1393 1443 1926 1516 circumspiciatur,
1958 1441 2007 1496 si

347 1527 500 1583 bene
533 1527 607 1584 sit
636 1535 917 1601 cooperta
933 1534 1112 1604 atque
1144 1537 1466 1600 camerata,
1499 1535 1554 1588 et
1579 1547 1655 1587 ne
1681 1529 1761 1587 ibi
1785 1529 2010 1587 colum-

347 1615 438 1672 ba
466 1615 562 1673 vel
593 1616 706 1689 22
739 1617 869 1675 aliae
899 1634 1041 1675 aves
1073 1621 1377 1678 nidiﬁcent
1405 1625 1658 1696 propter
1678 1617 2008 1676 immundi-

347 1705 490 1762 tiem
518 1708 792 1765 stercoris
821 1708 940 1764 sive
973 1709 1439 1782 importunitatis
1470 1710 1968 1784 inquietudinem.

418 1797 473 1849 2.
514 1797 640 1860 Quo
665 1795 905 1851 metallo
931 1796 1049 1852 sint
1071 1798 1245 1867 signa
1264 1798 1456 1871 ipsius
1481 1799 1764 1856 ecclesiae.

420 1881 471 1936 3.
516 1879 574 1938 Si
599 1879 825 1950 fenum,
854 1895 1118 1957 annona,
1143 1887 1247 1940 aut
1270 1884 1385 1941 tale
1420 1884 1648 1960 aliquid
1671 1885 1732 1941 in
1761 1881 2010 1940 ecclesia

347 1967 675 2028 mittantur.

417 2062 470 2114 4.
515 2059 735 2116 Deinde
765 2061 840 2118 ad
865 2061 1051 2118 altare
1082 2062 1367 2119 accedere
1395 2067 1647 2135 oportet,
1671 2067 1727 2119 et
1744 2063 2009 2118 contem-

347 2145 500 2219 plari
544 2147 751 2220 qualia
797 2149 914 2207 sint
959 2149 1316 2208 indumenta
1359 2150 1514 2223 ejus,
1552 2151 1702 2224 quot
1734 2165 1914 2221 nova,
1952 2156 2010 2207 et

347 2237 495 2309 quot
519 2238 767 2308 vetusta,
800 2243 856 2294 et
884 2237 1140 2312 qualiter
1163 2236 1371 2296 nitida.

419 2325 470 2380 5.
513 2323 642 2390 Quo
671 2325 913 2382 metallo
944 2326 1063 2384 sint
1105 2341 1303 2400 capsze
1344 2332 1399 2385 et
1449 2344 1658 2385 cruces
1690 2333 2004 2402 coopertaa,

345 2416 450 2470 aut
478 2412 526 2470 si
551 2412 866 2483 diligenter
891 2415 1211 2474 reconditae
1247 2420 1387 2474 sunt
1428 2417 1691 2490 reliquias
1721 2418 1783 2473 in
1812 2417 2004 2486 altari,

347 2505 450 2558 aut
475 2502 527 2557 si
554 2502 682 2576 ipse
708 2513 907 2576 capsas
936 2505 1083 2561 seris
1111 2510 1169 2562 et
1195 2505 1381 2562 clavis
1417 2505 1663 2562 munitae
1689 2512 1850 2564 sunt.

419 2591 470 2647 6.
515 2591 643 2658 Quo
673 2592 914 2650 metallo
947 2593 1022 2650 sit
1048 2591 1200 2651 calix
1229 2599 1285 2651 et
1311 2599 1552 2669 patena,
1579 2596 1635 2653 et
1663 2593 1710 2650 si
1740 2591 2006 2654 mundus

348 2677 422 2740 sit
448 2679 528 2737 ab
553 2679 721 2738 omni
751 2680 946 2752 sorde,
981 2689 1085 2741 aut
1107 2684 1211 2740 ubi
1241 2688 1587 2758 reponatur.

418 2776 470 2828 7.
514 2770 573 2827 Si
623 2771 935 2843 corporale
978 2789 1052 2828 ex
1098 2773 1501 2830 mundissimo
1549 2779 1608 2830 et
1649 2773 2006 2832 nitidissimo

347 2857 529 2915 linteo
557 2859 653 2930 sit,
686 2863 744 2915 et
770 2860 878 2917 ubi
906 2861 1284 2918 recondatur.

420 2949 470 3003 8.
517 2947 572 3004 Si
596 2947 763 3003 locus
792 2948 867 3006 sit
893 2948 953 3004 in
984 2950 1298 3007 secretario
1331 2955 1433 3008 aut
1452 2952 1628 3024 juxta
1649 2953 1832 3009 altare
1861 2967 2008 3028 prte-

349 3039 597 3108 paratus
662 3033 763 3092 ubi
819 3054 981 3111 aqua
1035 3037 1263 3098 effundi
1326 3041 1514 3113 possit
1577 3041 1824 3114 quando
1879 3043 2007 3100 haec

353 3123 701 3195 abluuntur,
726 3130 785 3183 et
825 3128 876 3183 si
914 3144 1018 3186 vas
1064 3126 1146 3186 ibi
1193 3129 1534 3202 dependeat
1581 3132 1683 3188 ubi
1726 3133 2008 3189 sacerdos

351 3227 572 3270 manus
621 3214 776 3271 lavet
801 3221 942 3290 post
988 3219 1434 3292 perceptionem
1477 3221 1745 3294 corporis
1791 3226 1848 3278 et
1877 3235 2010 3278 san—

352 3301 548 3373 guinis
583 3303 836 3375 Domini,
869 3309 926 3363 et
970 3307 1303 3381 presbyter,
1348 3307 1662 3380 diaconus,
1714 3314 1818 3368 aut
1865 3309 2008 3367 sub-

351 3391 644 3450 diaconus
667 3391 752 3452 ibi
780 3393 975 3467 primo
1008 3397 1316 3470 corporale
1341 3397 1520 3455 lavet.
1587 3452 1593 3459 ,

422 3483 474 3536 9.
515 3482 945 3554 lnquirendum
969 3485 1017 3540 si
1043 3486 1218 3558 pyxis
1239 3500 1478 3559 semper
1505 3487 1581 3543 sit
1607 3502 1790 3560 super
1817 3488 2005 3546 altare

352 3585 492 3624 cum
523 3584 694 3626 sacra
719 3570 1022 3628 oblatione
1050 3574 1128 3629 ad
1157 3574 1441 3630 viaticum
1472 3575 1745 3632 inﬁrmis.

426 3662 510 3714 10.
553 3658 610 3716 Si
635 3659 926 3717 Missalem
955 3661 1292 3734 plenarium
1324 3665 1524 3735 [Forte
1550 3665 1917 3734 Psalterium,
1944 3672 2011 3721 ut

350 3747 414 3802 tn
459 3746 759 3818 Capitulis
806 3749 1084 3806 Walters?
1119 3753 1435 3810 Aurelian.
1476 3769 1528 3809 c.
1579 3754 1652 3824 7].
1710 3755 2010 3811 Lectione-

350 3834 508 3891 rium
535 3840 593 3892 et
620 3837 1118 3910 Antiphonarium
1144 3840 1383 3897 habeat.
1419 3845 1568 3897 Nam
1596 3842 1722 3897 sine
1748 3843 1839 3899 his
1866 3843 2009 3899 mis-

352 3939 419 3981 sa
448 3925 704 3997 perfecte
731 3943 856 3982 non
887 3927 1239 3985 celebratur.

427 4019 511 4070 Η.
553 4015 888 4071 Videndum
913 4017 1092 4073 etiam
1112 4019 1279 4090 quod
1301 4018 1399 4075 alii
1425 4018 1556 4074 libri
1588 4011 1671 4075 ibi
1696 4021 1831 4089 sint,
1848 4025 1904 4078 et
1932 4037 2012 4078 an

350 4103 504 4158 bene
537 4103 654 4159 sint
681 4104 868 4161 retiati
895 4105 1118 4177 [Editz‘o
1162 4109 1549 4166 Helmaestad.
1584 4116 1636 4166 et
1667 4112 2006 4179 Hincmar.,

349 4191 620 4262 recitati],
643 4197 791 4266 quot
814 4198 872 4251 et
889 4194 1095 4268 qualia
1123 4195 1473 4256 vestimenta
1505 4199 1899 4258 sacerdotalia
1926 4200 2010 4258 ibi

351 4280 486 4347 sint,
506 4286 564 4337 et
587 4279 634 4350 si
667 4281 785 4339 sint
812 4281 1000 4342 nitida
1022 4289 1126 4342 aut
1154 4286 1214 4345 in
1244 4280 1432 4343 nitido
1463 4286 1596 4346 loco
1623 4289 2006 4348 collocentur.

425 4369 508 4425 12.
552 4372 995 4444 Requirendum
1039 4374 1114 4431 de
1161 4375 1560 4433 luminaribus
1610 4378 1801 4451 ipsius
1831 4379 2008 4436 eccle-

351 4459 476 4529 siae,
508 4464 566 4516 et
594 4466 743 4534 quot
771 4463 1029 4519 cerarios
1059 4463 1298 4521 habeat.

421 4550 534 4621 23
581 4553 664 4606 l3.
709 4551 1200 4621 lnvestigandum
1243 4553 1291 4609 si
1335 4553 1559 4613 habeat
1598 4555 1730 4629 ipsa
1760 4556 2009 4614 ecclesia

345 4653 630 4696 mansum
659 4640 983 4697 habentem
1023 4639 1318 4698 bonvaria
1343 4641 1913 4717 duodecim,praster
1933 4645 2010 4702 ci-

346 4727 663 4798 miterium,
687 4733 744 4785 et
772 4734 1001 4786 curtem
1017 4730 1122 4786 ubi
1150 4731 1402 4788 ecclesia
1429 4737 1484 4788 et
1513 4733 1731 4790 domus
1762 4735 2007 4808 presby-

344 4819 449 4872 teri
479 4818 832 4890 continetur,
864 4824 921 4875 et
949 4819 999 4874 si
1023 4820 1246 4877 habeat
1281 4823 1584 4896 mancipia
1613 4828 1892 4897 quatuor.

423 4907 504 4959 14.
547 4906 701 4985 Quot
727 4923 974 5010 mansos
1003 4908 1225 5010 habeat
1251 4910 1603 5010 ingenuitas,
1627 4917 1685 4968 et
1714 4918 1863 4986 quot
1887 4929 2005 4970 ser—
2031 4952 2080 5010 Β

343 4992 510 5062 viles,
538 4997 640 5048 aut
669 4995 926 5065 accolas,
954 4997 1116 5051 unde
1146 4995 1384 5056 decima
1410 5000 1714 5057 reddatur.

423 5081 502 5136 15.
546 5079 1062 5139 Considerandum
1119 5086 1300 5143 etiam
1350 5089 1398 5144 si
1457 5090 1675 5146 atrium
1741 5091 2001 5148 ecclesias

345 5171 418 5226 sit
465 5185 625 5242 saepe
677 5171 998 5240 munitum,
1056 5191 1130 5231 ne
1187 5176 1392 5250 aliqua
1444 5178 1826 5236 immunditia
1879 5181 2004 5254 pol-

341 5260 560 5316 luatur.

2034 2247 2080 2301 B

583 5350 670 5405 De
698 5349 822 5405 vita
851 5357 906 5407 et
936 5357 1383 5413 conversatione
1404 5357 1761 5429 presbyteri.

2193 898 2276 954 l7.
2320 900 2377 957 Si
2429 900 2794 973 suspiciosus
2849 900 2925 957 de
2985 899 3190 972 aliqua
3243 898 3467 954 femina
3525 899 3620 970 sit,
3674 904 3780 957 aut

2114 987 2177 1042 in
2201 1003 2312 1044 sua
2333 989 2520 1046 domo
2550 991 2816 1063 aliquam
2848 987 3369 1046 subintroductam
3399 987 3619 1046 habeat
3649 1002 3780 1046 mn-

2115 1075 2342 1133 lierem.

2190 1166 2274 1223 18.
2321 1166 2378 1224 Si
2405 1167 2599 1224 visitet
2641 1167 2932 1237 inﬁrmos,
2963 1167 3012 1224 si
3059 1184 3163 1224 eos
3205 1165 3565 1239 reconciliet,
3597 1168 3646 1225 si
3675 1185 3780 1226 eos

2115 1259 2303 1323 ungat
2328 1255 2461 1312 oleo
2491 1261 2698 1313 sancto
2720 1258 2894 1328 juxta
2919 1257 3292 1330 Apostolum,
3327 1257 3374 1312 si
3403 1272 3506 1313 eos
3535 1257 3782 1331 propria

2115 1359 2302 1401 manu
2331 1347 2753 1416 communicet,
2786 1353 2842 1403 et
2889 1363 3011 1403 non
3042 1363 3148 1420 per
3175 1347 3506 1420 quemlibet
3534 1346 3776 1404 laicum.

2118 1433 2176 1491 Si
2207 1434 2400 1491 tradat
2430 1435 2922 1493 communionem
2968 1435 3121 1494 laico
3169 1441 3274 1493 aut
3305 1435 3542 1493 feminae
3574 1437 3652 1494 ad
3683 1433 3783 1493 de-

2115 1522 2432 1591 ferendum
2458 1523 2732 1582 inﬁrmo:
2774 1524 2942 1599 quod
2971 1525 3138 1583 nefas
3168 1531 3274 1584 est.

2194 1612 2274 1668 19.
2316 1613 2373 1668 Si
2422 1629 2532 1686 pro
2576 1614 2956 1688 baptizandis
2995 1615 3345 1685 infantibus,
3377 1619 3482 1670 aut
3525 1614 3779 1671 inﬁrmis

2113 1701 2593 1770 reconciliandis,
2625 1703 2721 1759 vel
2751 1703 3002 1759 mortuis
3051 1703 3427 1776 sepeliendis,
3457 1703 3780 1776 praemium

2115 1789 2209 1845 vel
2241 1804 2462 1846 munus
2489 1789 2708 1861 exigat.

2184 1881 2274 1936 20.
2317 1875 2469 1935 Illud
2517 1896 2696 1953 super
2743 1879 2949 1938 omnia
2997 1881 3520 1954 perscrutandum,
3553 1879 3600 1937 si
3653 1881 3781 1938 sine

2115 1967 2424 2040 baptismo
2452 1986 2560 2042 per
2587 1969 3013 2040 negligentiam
3058 1971 3393 2043 presbyteri
3441 1971 3659 2043 aliquis
3689 1973 3782 2028 in-

2116 2051 2252 2112 fans
2279 2057 2340 2112 in
2369 2057 2677 2132 parcechia
2703 2063 2976 2115 mortuus
2999 2064 3106 2116 est.

2187 2143 2276 2201 21.
2323 2145 2380 2202 Si
2409 2161 2516 2220 per
2544 2147 2760 2204 domos
2789 2149 2953 2206 extra
2991 2148 3306 2205 ecclesiam
3355 2148 3602 2205 missam
3646 2163 3787 2204 can-

2119 2235 2216 2292 tet.

2189 2329 2278 2380 22.
2321 2324 2378 2380 Si
2409 2325 2485 2381 sit
2512 2326 2786 2382 ebriosus
2815 2327 2910 2383 vel
2937 2327 3250 2397 litigiosus.

2192 2410 2309 2486 24
2347 2417 2437 2470 23.
2477 2415 2535 2469 Si
2565 2427 2736 2470 arma
2766 2415 2915 2472 ferat
2942 2417 3002 2472 in
3033 2415 3345 2474 seditione.

2187 2501 2275 2558 2i.
2321 2501 2377 2559 Si
2409 2515 2629 2559 canum
2661 2507 2764 2560 aut
2789 2503 2993 2562 avium
3017 2503 3168 2577 jocis
3207 2503 3522 2562 deserviat.

2187 2593 2276 2646 25.
2318 2591 2376 2647 Si
2401 2592 2462 2648 in
2492 2591 2753 2650 tabernis
2784 2593 2968 2651 bibat.

2187 2683 2275 2734 26.
2321 2680 2379 2737 Si
2405 2680 2685 2738 clericum
2731 2683 2954 2739 habeat
2990 2684 3094 2756 qui
3123 2683 3281 2754 legat
3332 2684 3658 2757 Epistolam
3689 2685 3790 2742 vel

2115 2768 2431 2825 lectionem
2460 2773 2518 2825 et
2545 2769 2650 2842 qui
2675 2771 2754 2827 ad
2775 2772 3024 2828 missam
3052 2772 3432 2846 respondeat,
3461 2778 3518 2829 et
3546 2787 3688 2830 cum
3711 2787 3786 2831 eo

2115 2853 2387 2931 psalmos
2422 2864 2636 2916 cantet.

2188 2953 2275 3002 '27.
2319 2944 2377 3004 Si
2408 2949 2714 3005 nocturnis
2745 2947 2908 3007 horis
2939 2951 3019 3007 ad
3049 2953 3374 3009 matutinas
3403 2952 3616 3009 laudes
3644 2968 3787 3027 per-

2119 3037 2435 3094 solvendas
2465 3039 2631 3095 omni
2667 3045 2843 3097 nocte
2874 3046 3097 3112 surgat.

2187 3130 2275 3182 28.
2319 3127 2373 3181 Si
2415 3127 2696 3200 primam,
2739 3129 2993 3200 tertiam,
3044 3134 3296 3200 sextam,
3347 3146 3575 3186 nonam
3616 3135 3786 3186 certo

2116 3219 2385 3286 tempore
2406 3216 2580 3285 signo
2607 3216 2869 3274 ecclesias
2897 3218 3224 3288 denuntiet,
3253 3223 3309 3274 et
3337 3235 3586 3275 cursum
3617 3219 3792 3274 debi-

2118 3305 2249 3358 tum
2288 3307 2505 3360 cantet.

2189 3393 2277 3448 29.
2321 3393 2377 3450 Si
2407 3392 2738 3452 missarum
2769 3395 3060 3454 solemnia
3101 3409 3222 3453 non
3254 3400 3393 3454 ante
3421 3397 3635 3454 horam
3665 3402 3788 3454 ter-

2117 3480 2263 3536 tiam
2292 3479 2688 3540 celebrentur.

2039 3605 2080 3661 Ο
2190 3573 2278 3624 30.
2324 3569 2381 3625 Si
2409 3571 2743 3643 presbyter,
2775 3572 2940 3644 quod
2988 3572 3162 3642 absit,
3204 3577 3530 3646 postquam
3573 3571 3793 3631 cibum

2119 3661 2222 3714 aut
2273 3661 2482 3730 potum
2533 3661 2872 3734 sumpserit,
2906 3661 3154 3718 missam
3203 3661 3504 3718 celebrare
3550 3678 3793 3735 praesu-

2118 3751 2262 3803 mat.
2696 3787 2698 3789 ›

2190 3836 2276 3891 31.
2322 3836 2378 3892 Si
2407 3836 2780 3894 thuribulum
2805 3839 3046 3910 habeat,
3079 3844 3135 3896 et
3161 3840 3482 3897 incensum
3511 3841 3572 3896 in
3603 3843 3802 3899 sacri-

2117 3924 2253 3982 ﬂcio
2286 3927 2522 3982 Domini
2550 3927 2779 3984 offerat.

2188 4017 2276 4070 32.
2323 4009 2380 4071 Si
2400 4015 2655 4071 verbum
2687 4018 2919 4073 Domini
2947 4019 3171 4092 populo
3203 4023 3534 4077 annuntiet.

2189 4107 2276 4161 33.
2321 4103 2378 4160 Si
2407 4108 2673 4176 tempore
2705 4110 2943 4175 statuto,
2977 4107 3038 4163 id
3067 4111 3156 4164 est
3201 4108 3362 4166 circa
3411 4110 3624 4166 horam
3669 4114 3804 4168 ter-

2115 4191 2262 4247 tiam
2310 4191 2446 4260 diei,
2501 4193 2752 4250 missam
2802 4195 3076 4262 celebret,
3127 4201 3183 4253 et
3231 4203 3370 4270 post
3413 4199 3538 4255 haec
3589 4216 3808 4274 usque

2118 4280 2197 4336 ad
2227 4281 2494 4337 medium
2525 4282 2683 4338 diem
2706 4282 2955 4355 jejunet,
2987 4290 3053 4341 ut
3085 4279 3422 4359 hospitibus
3467 4293 3648 4360 atque
3682 4306 3810 4362 pe-

2116 4383 2285 4436 regre
2315 4369 2711 4440 venientibus,
2745 4367 2791 4426 si
2822 4387 3066 4428 necesse
3093 4373 3285 4440 fuerit,
3313 4375 3502 4448 possit
3531 4376 3812 4435 missam

2117 4461 2382 4515 cantare.
3292 4525 3301 4534 ,

2189 4549 2276 4601 34.
2321 4546 2376 4602 Si
2405 4563 2612 4604 curam
2645 4564 2985 4622 pauperum
3011 4567 3081 4608 ac
3108 4553 3563 4624 peregrinorum
3600 4559 3661 4610 et
3692 4572 3817 4612 or-

2117 4634 2459 4708 phanorum
2515 4636 2758 4708 habeat,
2813 4651 3037 4712 eosque
3093 4641 3263 4712 juxta
3320 4643 3824 4715 possibilitatem

2118 4741 2292 4781 suam
2319 4725 2399 4781 ad
2429 4743 2608 4782 suum
2641 4728 2964 4800 prandium
2993 4730 3216 4787 invitet.

2187 4817 2275 4872 35.
2320 4815 2377 4872 Si
2427 4832 2654 4889 aquam
2701 4817 3078 4875 benedictam
3129 4821 3329 4876 omnie
3368 4820 3463 4878 die
3517 4823 3823 4882 Domini-

2118 4921 2188 4961 co
2218 4911 2354 4963 ante
2398 4907 2725 4964 missarum
2780 4908 3072 4966 solemnia
3125 4911 3304 4968 faciat
3349 4912 3410 4967 in
3457 4929 3600 4970 vase
3651 4917 3829 4973 niti-

2117 4992 2196 5049 do
2241 4999 2297 5049 et
2348 4999 2512 5051 tanto
2563 4995 2892 5053 ministerio
2936 4998 3333 5071 conv‘enienti,
3377 5001 3451 5056 de
3499 5009 3625 5074 qua
3681 5017 3829 5077 po-

2115 5082 2296 5154 pulus
2327 5083 2554 5140 intrans
2584 5085 2894 5143 ecclesiam
2927 5092 2983 5144 et
3017 5093 3181 5145 stans
3211 5090 3270 5145 in
3303 5090 3552 5148 ecclesia
3581 5103 3834 5167 asper-

2116 5176 2314 5242 gatur.

2185 5267 2272 5318 36.
2318 5262 2373 5319 Si
2405 5263 2654 5321 calicem
2685 5269 2789 5322 aut
2818 5269 3103 5339 patenam
3131 5269 3222 5324 vel
3244 5270 3683 5329 vestimentum
3715 5294 3840 5335 sa-

2115 5351 2412 5408 cerdotale
2443 5357 2547 5409 aut
2573 5353 2796 5410 librum
2826 5361 3155 5428 praesumat
3179 5358 3521 5415 tabernario
3547 5361 3679 5434 25
3711 5370 3840 5425 vel

420 5414 500 5494 16.
545 5438 973 5511 inquirendum
1023 5445 1072 5500 si
1125 5414 1443 5518 presbyter
1506 5414 1718 5504 cellam
1778 5447 2005 5506 habeat

2161 5440 2471 5510 egotiatori
2498 5442 2560 5499 in
2594 5414 2848 5500 vadiuni
2871 5446 3034 5502 dare.

337 5527 511 5598 juxta
539 5527 874 5599 ecclesiam,
901 5536 1005 5588 aut
1032 5533 1368 5606 suspiciosa
1405 5533 1466 5590 in
1496 5535 1744 5593 circuitu
1789 5537 2004 5595 ostiola

341 5613 477 5675 sint.

2185 5543 2270 5596 37.
2314 5539 2369 5593 Si
2417 5541 2661 5596 xenium
2705 5542 2802 5597 vel
2843 5543 3252 5618 quodcunque
3300 5545 3845 5615 emolumentum

2114 5627 2460 5703 temporale,
2509 5630 2634 5689 imo
2681 5630 3106 5690 detrimentum
3153 5635 3478 5708 spirituale,
3535 5653 3590 5698 a,
3631 5655 3846 5714 quo-
