4044 6196
307 207 421 268 ice
789 221 794 224 ·
1255 209 1345 263 DE
1382 207 1667 266 nouus.
1708 207 1999 270 DlBGlPL.
2038 210 2220 268 ueni
2257 179 2423 270 uno.
2463 241 2535 254 -
2571 213 2706 270 LIB.
2748 211 2791 266 1.
3627 214 3728 270 ioc

311 347 548 404 cunque
574 330 812 404 publice
834 335 1124 404 peccante
1152 331 1246 390 vel
1290 332 1633 390 incestuoso
1685 331 1960 404 accipiat,
1995 344 2043 398 Α
2147 336 2238 390 60.
2281 336 2349 392 Ut
2375 335 2578 392 nullus
2605 335 2854 394 clericus
2880 335 2959 393 ad
2988 336 3226 409 nuptias
3244 340 3474 409 pergat.

309 423 376 476 ut
397 419 677 492 episcopo
698 419 794 474 vel
822 419 956 490 ejus
984 420 1271 476 ministris
1319 424 1634 496 peccatum
1685 418 1842 474 illius
1877 435 1966 475 re-
2144 424 2233 480 61.
2273 423 2330 478 Si
2355 424 2432 482 de
2460 425 2866 482 oblationibus
2890 439 3026 498 quae
3055 441 3092 484 a
3119 425 3345 498 populo
3395 425 3728 484 oil‘eruntur

308 508 497 566 ticeat.
643 528 655 537 ·
1283 584 1295 592 .
2070 510 2167 568 die
2189 512 2496 572 Dominico
2523 520 2582 572 et
2603 515 2665 572 in
2686 513 2904 570 diebus
2920 513 3100 581 festis,
3128 515 3362 586 expleta
3382 515 3492 586 37
3517 514 3723 583 missa,

375 601 461 654 38.
507 597 563 654 Si
593 597 859 670 aliquem
888 596 1088 654 minus
1110 596 1289 669 digne
1321 598 1710 671 poenitentem
1739 597 1962 655 favoris
2072 599 2340 669 eulogias
2370 601 2527 674 plebi
2558 602 2798 658 tribuat.

303 693 407 746 aut
425 687 846 745 familiaritatis
876 692 980 745 aut
1008 688 1544 758 consanguinitatis
1567 687 1759 760 gratia
1783 687 1860 744 ad
1877 703 1965 743 re-
2141 690 2232 746 62.
2272 690 2331 746 Si
2361 690 2488 748 sine
2512 691 2664 750 stola
2691 691 2786 747 vel
2813 690 3014 749 orario
3045 690 3107 750 in
3135 690 3344 748 itinere
3374 689 3628 748 incedat.

304 776 782 834 conciliationem
815 775 1095 850 adducat,
1123 781 1178 834 et
1198 777 1250 833 ei
1287 776 1697 836 testimonium
1751 792 1963 834 recon-
2143 783 2230 838 63.
2273 779 2332 838 Si
2360 785 2731 854 postponam
2760 779 3054 838 clericalia
3091 781 3466 848 vestimenta,
3510 778 3727 838 laioeli-

303 864 614 923 ciliationis
654 865 819 922 ferat.
2069 867 2185 924 bus
2205 872 2406 925 utatur
2428 869 2816 930 indumentis.

375 959 462 1011 39.
505 954 561 1009 Si
591 955 837 1030 quando
867 956 943 1012 ad
966 955 1438 1012 anniversarium
1493 954 1678 1025 diem,
1733 953 1962 1011 tricesi-
2139 959 2229 1015 64.
2272 958 2330 1016 Si
2357 975 2588 1032 aquam
2635 975 2776 1018 eum
2811 958 2952 1016 vino
3008 958 3279 1026 misceat,
3321 957 3385 1014 in
3436 955 3726 1016 sacriﬁcio

302 1058 493 1112 mum,
550 1043 892 1116 septimum,
943 1042 1037 1098 vel
1079 1043 1316 1101 tertium
1387 1042 1643 1113 alicujus
1696 1040 1963 1097 defuncti
2073 1047 2325 1105 Domini.

298 1134 546 1186 vocatus
572 1129 766 1198 fuerit,
799 1147 862 1186 se
893 1131 1188 1187 inebriare
1238 1136 1574 1206 praesumat
1628 1134 1685 1185 et
1733 1130 1967 1204 precari
2144 1139 2235 1190 65.
2285 1137 2363 1205 Si,
2404 1137 2638 1208 expleta
2663 1137 2866 1205 missa,
2900 1137 3198 1209 reliquum
3225 1135 3493 1208 corporis
3513 1137 3572 1190 et
3591 1147 3728 1190 san—

300 1217 361 1280 in
393 1235 598 1274 amore
620 1222 968 1274 sanctorum
995 1217 1092 1273 vel
1120 1217 1308 1292 ipsius
1353 1218 1570 1273 animae
1628 1215 1855 1286 bibere,
1915 1219 1971 1271 et
2077 1223 2272 1292 guinis
2304 1225 2536 1282 Domini
2561 1225 2692 1298 ipse
2719 1227 3028 1300 presbyter
3053 1241 3194 1282 cum
3220 1225 3429 1282 timore
3473 1228 3531 1279 et
3557 1238 3725 1280 ηγε-

303 1307 454 1364 alios
485 1307 566 1364 ad
589 1306 927 1363 bibendum
953 1321 1187 1376 cogere,
1239 1305 1334 1362 vel
1389 1321 1450 1360 se
1511 1305 1706 1364 aliena
1759 1321 1966 1380 preca-
2075 1313 2265 1371 rentia
2293 1319 2512 1371 sumat.
2559 1317 2625 1372 Et
2661 1316 3062 1373 sidiaeonum
3109 1319 3216 1372 aut
3282 1312 3726 1370 subdiaconum

303 1395 467 1452 tione
496 1396 884 1467 ingurgitare,
916 1399 973 1452 et
1010 1395 1256 1470 plausus
1313 1399 1368 1451 et
1417 1395 1570 1451 risus
1625 1394 1964 1452 inconditos
2074 1416 2197 1456 non
2227 1402 2428 1468 habet,
2460 1403 2586 1475 ipse
2608 1420 2796 1460 manu
2826 1403 3071 1476 propria
3099 1402 3346 1458 calicem
3369 1407 3427 1457 et
3445 1405 3727 1473 patenum

307 1489 366 1540 et
419 1486 616 1558 turpia
646 1486 786 1556 joca
810 1487 866 1539 et
892 1489 1104 1540 cantus
1124 1484 1462 1540 indecentes
1491 1485 1683 1539 facere
1733 1499 1964 1556 praesu-
2072 1490 2280 1555 abluat
2305 1497 2486 1564 atque
2511 1493 2838 1563 abstergat.

308 1577 454 1628 mat.
1631 1625 1639 1631 .
2142 1582 2229 1634 66.
2275 1579 2331 1636 Si
2353 1580 2583 1652 absque
2651 1582 2812 1649 alba,
2861 1586 2966 1638 aut
3013 1595 3151 1635 cum
3203 1579 3305 1636 illa
3347 1578 3632 1649 albaque
3668 1577 3728 1632 in

373 1663 484 1750 40.7
508 1659 564 1750 Si
592 1659 739 1750 nihil
760 1658 1106 1750 patrimonii
1122 1657 1355 1750 habens
1380 1659 1961 1732 quandoprovectus
2003 1697 2040 1750 Β
2072 1682 2215 1724 suos
2245 1682 2389 1726 usus
2407 1668 2673 1739 quotidie
2704 1670 2905 1737 untur,
2935 1668 3186 1728 musam
3214 1672 3457 1726 unum
3507 1680 3730 1738 prmu-

297 1751 387 1804 est
412 1749 490 1805 ad
511 1747 861 1819 dignitatem
878 1747 1358 1816 ecclesiasticam,
1395 1754 1606 1823 postea
1645 1750 1787 1806 emit
1806 1765 1961 1822 prte-
2003 1747 2031 1750 ⁷
2069 1759 2214 1814 mat.

297 1835 418 1906 dia,
453 1839 624 1908 cujus
642 1837 793 1909 juris
819 1837 954 1892 sint.
2137 1849 2224 1901 67.
2271 1845 2328 1902 Si
2355 1845 2431 1901 de
2454 1845 2703 1905 decimis
2721 1852 2982 1920 quatuor
3011 1845 3160 1904 ﬁant
3182 1845 3507 1918 portiones.

369 1927 458 1982 4].
504 1927 561 1983 Si
598 1943 814 1982 usuras
843 1926 1058 1996 exigat,
1089 1930 1146 1982 et
1193 1927 1524 1982 conductor
1562 1927 1652 1982 sui
1710 1927 1962 1984 senioris
2139 1937 2228 1992 68.
2271 1935 2327 1993 Si
2355 1952 2483 1992 rem
2511 1937 2775 1993 ecclesia
2803 1941 2910 1994 aut
2936 1935 3386 2008 passessionem
3413 1937 3521 1991 αιιι
3557 1947 3726 1990 man-

301 2015 534 2072 existat.
2066 2023 2294 2096 cipium
2321 2027 2596 2099 vendere,
2623 2032 3017 2093 commutare,
3049 2031 3157 2084 aut
3172 2038 3542 2096 quocunque
3559 2021 3724 2093 inge-

369 2108 456 2162 42.
501 2105 558 2162 Si
583 2104 834 2162 missam
864 2110 1063 2162 cantat
1089 2110 1145 2161 et
1170 2121 1292 2162 non
1311 2106 1738 2162 communicat.
2063 2114 2167 2172 nio
2191 2114 2451 2172 alienare
2479 2116 2948 2189 prosumpserit.

370 2198 457 2252 43.
502 2195 558 2251 Si
577 2194 862 2250 feminam
894 2195 967 2251 ad
992 2194 1176 2251 altare
1201 2196 1503 2268 permittat
1544 2195 1849 2263 accedere,
1881 2199 1958 2263 et,

2139 2209 2225 2260 69.
2268 2205 2325 2258 Si
2353 2205 2513 2260 diem
2549 2205 2927 2260 Dominicum
2957 2206 3014 2258 et
3035 2203 3184 2260 alias
3227 2201 3566 2260 festivitates
3586 2199 3723 2256 abe-

301 2284 467 2360 quod
493 2300 615 2340 non
652 2284 805 2352 licet,
835 2285 1081 2341 calicem
1114 2285 1352 2364 Domini.
1379 2290 1640 2355 tangere.

2126 2309 2186 2348 ιθ
2207 2307 2386 2363 opere
2413 2292 2612 2349 servili
2639 2309 2677 2352 a
2707 2308 2959 2365 vespera
2975 2292 3037 2347 in
3067 2306 3387 2362 vesperam
3425 2287 3723 2344 celebrare

371 2375 457 2429 44.
505 2373 562 2432 Si
634 2389 742 2447 per
815 2374 1137 2448 pecuniam
1210 2373 1384 2429 fuerit
1456 2373 1790 2442 ordinatus,
1867 2372 1963 2427 vel
2067 2381 2299 2436 doceat.

299 2464 500 2536 ipsam
553 2462 612 2518 in
669 2478 793 2537 qua
848 2465 1048 2518 cantat
1109 2462 1300 2534 pretio
1373 2461 1695 2518 obtinuerit
1775 2460 1962 2516 eccle-
2142 2471 2233 2523 70.
2277 2466 2335 2527 Si
2363 2467 2602 2539 plebem
2623 2467 2947 2524 admoneat
2975 2466 3124 2520 utin
3153 2464 3304 2520 atrio
3327 2462 3591 2520 ecclesias
3623 2477 3726 2517 ne-

300 2553 478 2608 siam.
2070 2570 2386 2628 quaquam
2413 2559 2672 2622 cantent,
2703 2558 2804 2610 aut
2849 2555 3066 2612 choros
3111 2552 3431 2610 mulierum
3478 2551 3722 2620 ducant,

375 2646 464 2697 43.
511 2642 566 2699 Si
650 2641 832 2698 aliam
906 2647 1042 2698 ante
1109 2641 1387 2698 habuerit
1448 2640 1760 2697 ecclesiam
1795 2684 1808 2708 ,
1886 2643 1960 2707 et,
2073 2645 2182 2704 sed
2210 2644 2527 2704 ecclesiam
2554 2643 2957 2713 ingredientes
2980 2641 3238 2702 verbum
3267 2641 3369 2698 Dei
3397 2656 3535 2698 eum
3553 2639 3724 2696 silen-

300 2747 373 2790 ea
432 2730 700 2802 dimissa,
757 2731 834 2788 ad
882 2731 1063 2790 aliam
1120 2734 1386 2805 quaestus
1437 2745 1621 2786 causa
1674 2729 1968 2799 migrave-
2070 2735 2152 2791 tio
2179 2733 2447 2792 audiant.

301 2821 391 2877 rit.
2137 2823 2226 2876 7i.
2273 2823 2330 2878 Si
2358 2821 2626 2878 carmina
2668 2819 2986 2886 diabolica,
3045 2835 3178 2892 quae
3227 2832 3407 2890 super
3457 2819 3726 2874 mortuos

370 2913 458 2968 46.
500 2911 557 2967 Si
588 2911 788 2984 plures
809 2914 1006 2966 teneat
1030 2909 1310 2967 ecclesias
1341 2909 1466 2965 sine
1524 2908 1778 2966 aliorum
1826 2923 1960 2982 pre-
2065 2913 2376 2972 nocturnis
2389 2911 2551 2970 horis
2570 2911 2835 2982 ignobile
2855 2909 3074 2979 vulgus
3090 2914 3334 2965 cantare
3357 2907 3526 2976 solet,
3549 2911 3610 2962 et
3634 2921 3728 2962 ca-

300 3001 676 3074 sbyterorum
707 3001 1024 3083 adiutorio.
1994 3041 2038 3096 ο
2067 3003 2320 3058 chinnos
2349 3017 2503 3073 quos
2524 3005 2816 3067 exercent,
2841 2998 2954 3054 sub
2970 2997 3398 3056 contestatione
3415 2995 3518 3054 Dei
3536 2995 3726 3054 omni-

370 3091 456 3146 47.
502 3091 557 3148 Si
581 3091 639 3146 in
671 3089 908 3147 alterius
934 3090 1244 3166 parmchia
1279 3089 1528 3145 missam
1585 3094 1785 3145 cantat
1841 3091 1955 3162 26
1998 3089 2032 3096 '
2065 3091 2324 3165 potentis
2352 3089 2687 3164 prohibeat.

299 3179 532 3252 absque
558 3179 1022 3253 compresbyteri
1049 3177 1355 3235 voluntate
1379 3176 1469 3233 vel
1504 3183 1736 3247 rogatu.
1851 3236 1854 3240 ,
2135 3183 2225 3237 72.
2271 3181 2328 3236 Si
2399 3179 2711 3236 offerentes
2780 3179 3037 3236 instruat
3111 3182 3177 3234 ut
3243 3174 3562 3234 candelam
3628 3174 3723 3231 vel

370 3269 457 3324 48.
499 3267 555 3323 Si
613 3267 912 3323 decimam
971 3265 1050 3324 ad
1092 3266 1345 3323 alterum
1421 3266 1814 3338 pertinentem
1871 3279 1958 3320 re-
2064 3270 2363 3343 quidquid
2391 3269 2554 3328 aliud
2601 3269 2682 3328 ad
2708 3269 2893 3326 altare
2940 3266 3169 3324 deferre
3224 3264 3533 3338 placuerit,
3586 3268 3721 3321 ante

299 3357 458 3430 cipit.
735 3387 743 3394 -
853 3413 862 3420 ,
2064 3361 2336 3428 missam,
2369 3359 2463 3415 vel
2492 3364 2817 3432 antequam
2856 3356 3243 3428 Evangelium
3296 3354 3549 3424 legatur,
3576 3351 3721 3408 offe-

371 3451 457 3502 49.
503 3447 559 3504 Si
590 3447 977 3520 pcenitentem
1005 3447 1211 3503 invitat
1234 3461 1476 3504 carnem
1505 3445 1873 3501 manducare
1902 3450 1958 3501 et
2063 3455 2218 3508 rant.

296 3538 501 3594 bibere
525 3537 755 3606 vinum,
786 3537 898 3592 nisi
928 3552 1036 3614 pro
1068 3552 1138 3594 eo
1175 3535 1254 3592 ad
1309 3553 1572 3609 praesens
1628 3535 1952 3608 eleemosy-
2140 3539 2258 3609 23
2294 3541 2384 3596 73.
2427 3539 2805 3596 Oblationem
2829 3541 3030 3594 autem
3065 3550 3252 3591 unam
3301 3530 3724 3590 tantummodo

297 3643 442 3682 nam
475 3625 692 3682 fecerit.
2065 3629 2331 3684 oblatam
2362 3628 2442 3684 ad
2470 3627 2838 3682 offertorium
2877 3640 2987 3696 pro
3044 3639 3109 3678 se
3141 3622 3390 3693 suisque
3439 3619 3726 3678 omnibus

371 3719 458 3770 50.
505 3713 563 3771 Si
590 3715 824 3770 chartas
851 3713 1088 3784 scribat,
1122 3713 1216 3769 vel
1235 3713 1326 3769 sui
1354 3713 1605 3794 senioris
1629 3713 1958 3768 conductor
2067 3717 2488 3787 unusquisque
2512 3714 2744 3770 offerat.

296 3807 529 3862 existat.
2417 3857 2426 3867 .
3208 3851 3218 3861 .

374 3895 460 3951 '51.
505 3894 560 3951 Si
590 3892 994 3950 indifferenter
1018 3891 1292 3965 baptizet.
2314 3855 2469 3924 Quid
2498 3861 2573 3913 ειί
2603 3871 2640 3914 α
2666 3852 3016 3926 Ρνεεῦυίενο
3045 3849 3492 3923 requirendum-

371 3989 458 4041 5'2.
502 3985 560 4041 Si
581 4000 702 4040 non
725 3983 908 4040 habet
929 3983 1122 4039 fontes
1138 3980 1432 4054 lapideos,
1455 3979 1552 4035 vel
1577 3977 1738 4036 aliud
1759 3994 1864 4036 vas
1881 3978 1960 4034 ad
2142 3985 2230 4040 74.
2273 3987 2600 4056 Postquam
2625 3984 2754 4038 hinc
2784 3980 2990 4038 omnia
3019 3978 3332 4049 diligenter
3374 3975 3732 4046 investigata

292 4075 412 4130 hoc
442 4078 866 4149 praeparatum,
898 4073 960 4128 in
981 4087 1105 4144 quo
1135 4070 1279 4126 nihil
1307 4069 1469 4126 aliud
1499 4069 1620 4125 ﬁat.
2069 4073 2307 4143 fuerint,
2338 4077 2480 4129 tunc
2509 4072 2640 4146 ipse
2665 4070 2982 4145 presbyter
3009 4069 3089 4126 ab
3122 4068 3410 4142 episcopo
3449 4065 3544 4122 vel
3595 4066 3725 4138 ejus

369 4166 458 4219 53.
502 4162 556 4218 Si
586 4162 918 4219 orationem
949 4159 1323 4216 Dominicam
1352 4162 1410 4214 et
1446 4157 1800 4230 Symbolum
1826 4173 1958 4213 om-
2069 4163 2293 4219 vicario
2320 4159 2808 4235 percunctandus
2824 4164 2929 4216 est.
3176 4195 3178 4198 τ

204 4325 215 4334 ⁸
290 4251 475 4306 nibus
508 4251 631 4306 suis
658 4249 1057 4324 paraechianis
1086 4248 1457 4305 insinuatum
1487 4246 1725 4303 habeat.
2139 4255 2228 4308 75.
2275 4253 2332 4309 Si
2357 4268 2430 4308 ex
2450 4251 2732 4321 ingenuis
2751 4249 3104 4322 parentibus
3155 4248 3231 4304 sit
3275 4254 3473 4313 natus,
3523 4250 3629 4303 aut
3654 4260 3730 4300 ex

370 4342 456 4394 5-1.
500 4342 580 4396 De
610 4339 838 4396 Litania
867 4339 1118 4409 majore.
1993 4391 2036 4409 ,η
2071 4341 2268 4398 servili
2293 4340 2658 4399 conditione.

368 4391 456 4484 55?
499 4391 578 4485 ὖέ
608 4391 1116 4498 ᾗὲᾇξὶἷοᾶἑῖιέῗ

2698 4428 3005 4502 parrochia
3033 4433 3137 4484 aut
3186 4427 3262 4483 de
3301 4426 3422 4482 alia
3449 4425 3522 4480 sit
3549 4427 3730 4480 natus

370 4521 456 4575 56.
501 4518 559 4575 Si
578 4517 876 4592 jejunium
907 4519 1174 4584 Quatuor
1199 4517 1561 4588 Temporum
1604 4515 1747 4570 anni
1799 4513 1960 4589 plebi
2069 4521 2162 4577 vel
2185 4521 2520 4577 ordinatus,

293 4606 663 4664 omnimodis
691 4605 1144 4663 observandum
1173 4604 1505 4661 annuntiat.
2138 4613 2228 4666 τι,
2271 4611 2328 4666 Si
2357 4611 2434 4666 sit
2458 4609 2535 4666 de
2561 4608 2777 4666 udam
2805 4603 3132 4678 parmehia,
3171 4598 3599 4673 inquirendum
3644 4601 3732 4653 est

371 4701 457 4752 57.
502 4697 560 4753 Si
589 4695 738 4752 feria
763 4701 980 4769 quarta
1001 4698 1137 4751 aute
1154 4692 1698 4763 Quadrasesimam
1716 4691 1958 4764 plebem
2067 4715 2104 4756 ι
2133 4715 2260 4772 quo
2275 4699 2563 4771 episcopo
2581 4695 2758 4754 fuerit
2768 4693 3103 4758 ordinatus,
3122 4688 3218 4745 vel
3237 4687 3513 4759 adquam
3527 4685 3730 4741 locum

298 4786 415 4842 sibi
471 4786 863 4842 commissam
921 4785 1001 4840 ad
1053 4783 1490 4840 confessionem
1539 4780 1764 4850 invitet,
1795 4785 1852 4835 et

921 4785 1001 4840 ad
1053 4783 1490 4840 confessionem
1539 4780 1764 4850 invitet,
1795 4785 1852 4835 et
1907 4780 1960 4836 ei
2067 4789 2485 4862 maintains,

290 4877 465 4948 juxta
515 4875 866 4948 qualitatem
934 4873 1133 4930 delicti
1169 4871 1586 4945 pmitentiam
1661 4868 1957 4940 injungat,
2133 4879 2222 4934 78.
2285 4878 2341 4934 Si
2400 4891 2610 4933 servus
2661 4879 2769 4942 est,
2823 4869 3109 4929 ostendat
3169 4867 3445 4924 chartam
3489 4863 3729 4922 liberta-

294 4981 419 5022 non
445 4983 517 5023 ex
548 4965 728 5024 corde
754 4981 887 5034 suo,
925 4964 1032 5021 sed
1056 4963 1208 5020 sicut
1257 4963 1316 5019 in
1369 4959 1762 5018 Poenitentiali
1814 4961 1956 5016 scri-
2066 4969 2138 5024 tis

293 5060 468 5128 Ptum
499 5061 605 5112 est.
2132 5059 2222 5114 79.
2267 5058 2325 5115 Si
2355 5058 2430 5112 (te
2461 5056 2578 5129 alia
2607 5050 2936 5127 parmchie,
2970 5049 3251 5109 ostendat
3295 5047 3519 5134 litteras
3573 5062 3733 5102 com-

368 5150 453 5202 58.
501 5146 556 5203 Si
575 5145 768 5203 tribus
799 5144 1173 5218 temporibus
1205 5143 1368 5212 anni,
1396 5142 1456 5198 id
1486 5145 1591 5210 est,
1627 5141 1827 5198 Natale
1849 5144 1958 5197 Do-
2063 5148 2466 5213 mendatitias,
2497 5161 2654 5219 quas
2683 5144 3012 5198 formatam
3053 5143 3287 5195 vocant.

291 5235 461 5300 mini,
492 5233 718 5292 Pascha
747 5235 1214 5303 etPentecosten,
1231 5247 1441 5288 omnes
1467 5231 1674 5287 ﬁdeles
1698 5230 1776 5286 ad
1794 5247 1955 5286 com-
2135 5239 2223 5294 80,
2265 5237 2320 5292 Si
2341 5236 2465 5292 una
2494 5237 2661 5307 parte
2682 5230 2949 5305 corporis
2973 5233 3062 5286 est
3087 5228 3459 5285 imminutus,
3485 5224 3542 5282 Si
3567 5224 3722 5298 seip-

286 5324 644 5382 munionem
671 5323 938 5397 corporis
969 5327 1025 5380 et
1053 5319 1364 5392 sanguinis
1391 5319 1626 5376 Domini
1670 5317 1952 5376 accedere
2065 5345 2204 5384 sum
2239 5324 2517 5383 abscidit.

290 5413 642 5471 admoneat.

364 5459 732 5563 Elim
756 5502 938 5562 eam
967 5501 1314 5570 admoneat,
1336 5499 1557 5574 quibus
1579 5494 1952 5570 temporibus
2063 5475 2205 5528 Post
2249 5471 2372 5528 haec
2417 5469 2488 5525 de
2519 5466 3014 5574 mz'nistegp‘nsibez;
3059 5464 3364 5522 commisso
3416 5459 3721 5533 inquiren-

287 5593 601 5663 oonjugati
653 5609 718 5649 se
766 5592 1064 5650 abstinere
1108 5591 1332 5658 debent
1410 5605 1450 5646 a
1497 5586 1755 5662 propriis
1808 5600 1953 5642 uxo-
2699 5587 2702 5590 ⁷
2759 5586 2898 5594 ”””’
2931 5586 3072 5666 im“
3153 5664 3160 5666 _
3418 5654 3451 5666 ,.
3547 5651 3557 5662 .

287 5651 515 5738 ribus:
1244 5653 1249 5658 ’
1498 5651 1518 5662 ⁵
1611 5651 1633 5660 ’
2134 5669 2222 5724 81.
2265 5667 2324 5724 Si
2351 5665 2794 5740 expositionem
2807 5662 3078 5738 Symboli
3105 5664 3288 5734 atque
3304 5651 3596 5714 orationis
3616 5651 3728 5705 De-
