  <div class='ocr_page' id='page_1' title='image "/cluster/home/n/w/nwhite01/storage/ocr_20150623/132/hvd.32044054759931/101.png"; bbox 0 0 4044 6196; ppageno 0'>
   <div class='ocr_carea' id='block_1_1' title="bbox 324 191 2609 252">
    <p class='ocr_par' dir='ltr' id='par_1_1' title="bbox 324 191 2609 252">
     <span class='ocr_line' id='line_1_1' title="bbox 324 191 2609 252; baseline -0 -3"><span class='ocrx_word' id='word_1_1' title='bbox 324 193 416 250; x_wconf 82' lang='grc'><strong>191</strong></span> <span class='ocrx_word' id='word_1_2' title='bbox 1456 194 1824 252; x_wconf 76' lang='lat' dir='ltr'>REGINONIS</span> <span class='ocrx_word' id='word_1_3' title='bbox 1861 191 2278 249; x_wconf 72' lang='lat' dir='ltr'>PRUMIENSIS</span> <span class='ocrx_word' id='word_1_4' title='bbox 2315 192 2609 248; x_wconf 82' lang='lat' dir='ltr'>ABBATIS</span> 
     </span>
    </p>
   </div>
   <div class='ocr_carea' id='block_1_2' title="bbox 3642 191 3744 248">
    <p class='ocr_par' dir='ltr' id='par_1_2' title="bbox 3642 191 3744 248">
     <span class='ocr_line' id='line_1_2' title="bbox 3642 191 3744 248; baseline 0.02 -2"><span class='ocrx_word' id='word_1_5' title='bbox 3642 191 3744 248; x_wconf 72' lang='grc'><strong>192</strong></span> 
     </span>
    </p>
   </div>
   <div class='ocr_carea' id='block_1_3' title="bbox 318 311 3745 389">
    <p class='ocr_par' dir='ltr' id='par_1_3' title="bbox 318 311 3745 389">
     <span class='ocr_line' id='line_1_3' title="bbox 318 311 3745 389; baseline -0.002 -14"><span class='ocrx_word' id='word_1_6' title='bbox 318 318 552 376; x_wconf 68' lang='lat' dir='ltr'>minicaa</span> <span class='ocrx_word' id='word_1_7' title='bbox 578 319 750 389; x_wconf 81' lang='lat' dir='ltr'>juxta</span> <span class='ocrx_word' id='word_1_8' title='bbox 773 319 1146 376; x_wconf 78' lang='lat' dir='ltr'>traditionem</span> <span class='ocrx_word' id='word_1_9' title='bbox 1205 319 1678 376; x_wconf 87' lang='lat' dir='ltr'>orthodoxorum</span> <span class='ocrx_word' id='word_1_10' title='bbox 1734 323 1973 374; x_wconf 78' lang='lat' dir='ltr'>Patrum</span> <span class='ocrx_word' id='word_1_11' title='bbox 2001 315 2051 368; x_wconf 81' lang='grc' dir='ltr'><strong>Α</strong></span> <span class='ocrx_word' id='word_1_12' title='bbox 2093 316 2163 371; x_wconf 88' lang='lat' dir='ltr'>Ut</span> <span class='ocrx_word' id='word_1_13' title='bbox 2193 330 2488 389; x_wconf 76' lang='lat' dir='ltr'>canonum</span> <span class='ocrx_word' id='word_1_14' title='bbox 2507 319 2737 389; x_wconf 60' lang='lat' dir='ltr'>statuta</span> <span class='ocrx_word' id='word_1_15' title='bbox 2752 311 3333 389; x_wconf 65' lang='lat' dir='ltr'>sineprzejudicioab</span> <span class='ocrx_word' id='word_1_16' title='bbox 3355 313 3626 389; x_wconf 78' lang='lat' dir='ltr'>omnibus</span> <span class='ocrx_word' id='word_1_17' title='bbox 3639 329 3745 369; x_wconf 85' lang='lat' dir='ltr'>cu-</span> 
     </span>
    </p>
   </div>
   <div class='ocr_carea' id='block_1_4' title="bbox 317 407 1975 483">
    <p class='ocr_par' dir='ltr' id='par_1_4' title="bbox 317 407 1975 483">
     <span class='ocr_line' id='line_1_4' title="bbox 317 407 1975 483; baseline -0.002 -17"><span class='ocrx_word' id='word_1_18' title='bbox 317 425 503 483; x_wconf 90' lang='lat' dir='ltr'>penes</span> <span class='ocrx_word' id='word_1_19' title='bbox 532 425 596 464; x_wconf 88' lang='lat' dir='ltr'>se</span> <span class='ocrx_word' id='word_1_20' title='bbox 624 409 909 481; x_wconf 85' lang='lat' dir='ltr'>scriptam</span> <span class='ocrx_word' id='word_1_21' title='bbox 937 409 1173 476; x_wconf 88' lang='lat' dir='ltr'>habeat,</span> <span class='ocrx_word' id='word_1_22' title='bbox 1197 415 1253 464; x_wconf 90' lang='lat' dir='ltr'>et</span> <span class='ocrx_word' id='word_1_23' title='bbox 1279 425 1412 465; x_wconf 91' lang='lat' dir='ltr'>eam</span> <span class='ocrx_word' id='word_1_24' title='bbox 1462 409 1712 482; x_wconf 90' lang='lat' dir='ltr'>pleniter</span> <span class='ocrx_word' id='word_1_25' title='bbox 1768 407 1975 464; x_wconf 87' lang='lat' dir='ltr'>intelli-</span> 
     </span>
    </p>
   </div>
   <div class='ocr_carea' id='block_1_5' title="bbox 319 497 1975 571">
    <p class='ocr_par' dir='ltr' id='par_1_5' title="bbox 319 497 1975 571">
     <span class='ocr_line' id='line_1_5' title="bbox 319 497 1975 571; baseline -0.002 -18"><span class='ocrx_word' id='word_1_26' title='bbox 319 503 438 570; x_wconf 90' lang='lat' dir='ltr'>gat,</span> <span class='ocrx_word' id='word_1_27' title='bbox 471 501 528 553; x_wconf 91' lang='lat' dir='ltr'>et</span> <span class='ocrx_word' id='word_1_28' title='bbox 552 497 690 553; x_wconf 91' lang='lat' dir='ltr'>inde</span> <span class='ocrx_word' id='word_1_29' title='bbox 711 497 1094 569; x_wconf 69' lang='lat' dir='ltr'>praedicando</span> <span class='ocrx_word' id='word_1_30' title='bbox 1125 497 1420 571; x_wconf 86' lang='lat' dir='ltr'>populum</span> <span class='ocrx_word' id='word_1_31' title='bbox 1443 497 1553 553; x_wconf 88' lang='lat' dir='ltr'>sibi</span> <span class='ocrx_word' id='word_1_32' title='bbox 1580 497 1975 553; x_wconf 89' lang='lat' dir='ltr'>commissum</span> 
     </span>
    </p>
   </div>
   <div class='ocr_carea' id='block_1_6' title="bbox 320 585 836 642">
    <p class='ocr_par' dir='ltr' id='par_1_6' title="bbox 320 585 836 642">
     <span class='ocr_line' id='line_1_6' title="bbox 320 585 836 642; baseline 0 -2"><span class='ocrx_word' id='word_1_33' title='bbox 320 585 529 642; x_wconf 90' lang='lat' dir='ltr'>sedulo</span> <span class='ocrx_word' id='word_1_34' title='bbox 563 585 836 640; x_wconf 81' lang='lat' dir='ltr'>instruat.</span> 
     </span>
    </p>
   </div>
   <div class='ocr_carea' id='block_1_7' title="bbox 391 673 1976 749">
    <p class='ocr_par' dir='ltr' id='par_1_7' title="bbox 391 673 1976 749">
     <span class='ocr_line' id='line_1_7' title="bbox 391 673 1976 749; baseline -0.001 -20"><span class='ocrx_word' id='word_1_35' title='bbox 391 674 476 729; x_wconf 82' lang='lat'>82.</span> <span class='ocrx_word' id='word_1_36' title='bbox 523 673 579 730; x_wconf 91' lang='lat' dir='ltr'>Si</span> <span class='ocrx_word' id='word_1_37' title='bbox 599 673 900 730; x_wconf 88' lang='lat' dir='ltr'>orationes</span> <span class='ocrx_word' id='word_1_38' title='bbox 921 674 1266 746; x_wconf 90' lang='lat' dir='ltr'>missarum,</span> <span class='ocrx_word' id='word_1_39' title='bbox 1291 675 1703 749; x_wconf 59' lang='lat' dir='ltr'>praefationem</span> <span class='ocrx_word' id='word_1_40' title='bbox 1732 689 1976 747; x_wconf 90' lang='lat' dir='ltr'>quoque</span> 
     </span>
    </p>
   </div>
   <div class='ocr_carea' id='block_1_8' title="bbox 320 761 1980 834">
    <p class='ocr_par' dir='ltr' id='par_1_8' title="bbox 320 761 1980 834">
     <span class='ocr_line' id='line_1_8' title="bbox 320 761 1980 834; baseline 0.001 -17"><span class='ocrx_word' id='word_1_41' title='bbox 320 761 588 834; x_wconf 78' lang='lat' dir='ltr'>canonis,</span> <span class='ocrx_word' id='word_1_42' title='bbox 623 766 679 818; x_wconf 90' lang='lat' dir='ltr'>et</span> <span class='ocrx_word' id='word_1_43' title='bbox 717 763 1000 820; x_wconf 86' lang='lat' dir='ltr'>eumdem</span> <span class='ocrx_word' id='word_1_44' title='bbox 1039 780 1335 821; x_wconf 90' lang='lat' dir='ltr'>canonem</span> <span class='ocrx_word' id='word_1_45' title='bbox 1370 764 1524 821; x_wconf 88' lang='lat' dir='ltr'>bene</span> <span class='ocrx_word' id='word_1_46' title='bbox 1571 763 1877 833; x_wconf 85' lang='lat' dir='ltr'>intelligat,</span> <span class='ocrx_word' id='word_1_47' title='bbox 1923 767 1980 819; x_wconf 88' lang='lat' dir='ltr'>et</span> 
     </span>
    </p>
   </div>
   <div class='ocr_carea' id='block_1_9' title="bbox 319 851 1590 926">
    <p class='ocr_par' dir='ltr' id='par_1_9' title="bbox 319 851 1590 926">
     <span class='ocr_line' id='line_1_9' title="bbox 319 851 1590 926; baseline 0.002 -20"><span class='ocrx_word' id='word_1_48' title='bbox 319 851 660 908; x_wconf 84' lang='lat' dir='ltr'>memoriter</span> <span class='ocrx_word' id='word_1_49' title='bbox 689 868 758 908; x_wconf 92' lang='lat' dir='ltr'>ac</span> <span class='ocrx_word' id='word_1_50' title='bbox 789 853 1064 909; x_wconf 85' lang='lat' dir='ltr'>distincte</span> <span class='ocrx_word' id='word_1_51' title='bbox 1092 854 1354 926; x_wconf 83' lang='lat' dir='ltr'>proferre</span> <span class='ocrx_word' id='word_1_52' title='bbox 1373 854 1590 910; x_wconf 84' lang='lat' dir='ltr'>valeat.</span> 
     </span>
    </p>
   </div>
   <div class='ocr_carea' id='block_1_10' title="bbox 393 939 1977 1012">
    <p class='ocr_par' dir='ltr' id='par_1_10' title="bbox 393 939 1977 1012">
     <span class='ocr_line' id='line_1_10' title="bbox 393 939 1977 1012; baseline -0.001 -17"><span class='ocrx_word' id='word_1_53' title='bbox 393 939 511 1010; x_wconf 75' lang='lat'>29</span> <span class='ocrx_word' id='word_1_54' title='bbox 534 943 623 995; x_wconf 89' lang='lat'>83.</span> <span class='ocrx_word' id='word_1_55' title='bbox 668 939 726 996; x_wconf 89' lang='lat' dir='ltr'>Si</span> <span class='ocrx_word' id='word_1_56' title='bbox 757 940 1081 1012; x_wconf 86' lang='lat' dir='ltr'>Epistolam</span> <span class='ocrx_word' id='word_1_57' title='bbox 1104 946 1160 997; x_wconf 88' lang='lat' dir='ltr'>et</span> <span class='ocrx_word' id='word_1_58' title='bbox 1192 941 1578 1011; x_wconf 88' lang='lat' dir='ltr'>Evangelium</span> <span class='ocrx_word' id='word_1_59' title='bbox 1607 941 1761 996; x_wconf 88' lang='lat' dir='ltr'><strong>bene</strong></span> <span class='ocrx_word' id='word_1_60' title='bbox 1782 939 1977 1008; x_wconf 81' lang='lat' dir='ltr'>legere</span> 
     </span>
    </p>
   </div>
   <div class='ocr_carea' id='block_1_11' title="bbox 320 1025 1978 1100">
    <p class='ocr_par' dir='ltr' id='par_1_11' title="bbox 320 1025 1978 1100">
     <span class='ocr_line' id='line_1_11' title="bbox 320 1025 1978 1100; baseline 0.001 -19"><span class='ocrx_word' id='word_1_61' title='bbox 320 1025 508 1099; x_wconf 89' lang='lat' dir='ltr'>possit</span> <span class='ocrx_word' id='word_1_62' title='bbox 529 1031 710 1100; x_wconf 89' lang='lat' dir='ltr'>atque</span> <span class='ocrx_word' id='word_1_63' title='bbox 732 1028 941 1086; x_wconf 84' lang='lat' dir='ltr'>saltem</span> <span class='ocrx_word' id='word_1_64' title='bbox 972 1029 1051 1085; x_wconf 90' lang='lat' dir='ltr'>ad</span> <span class='ocrx_word' id='word_1_65' title='bbox 1081 1029 1333 1086; x_wconf 83' lang='lat' dir='ltr'>litteram</span> <span class='ocrx_word' id='word_1_66' title='bbox 1361 1030 1493 1100; x_wconf 90' lang='lat' dir='ltr'>ejus</span> <span class='ocrx_word' id='word_1_67' title='bbox 1521 1044 1768 1085; x_wconf 89' lang='lat' dir='ltr'>sensum</span> <span class='ocrx_word' id='word_1_68' title='bbox 1790 1027 1978 1083; x_wconf 90' lang='lat' dir='ltr'>mani-</span> 
     </span>
    </p>
   </div>
   <div class='ocr_carea' id='block_1_12' title="bbox 321 1116 561 1172">
    <p class='ocr_par' dir='ltr' id='par_1_12' title="bbox 321 1116 561 1172">
     <span class='ocr_line' id='line_1_12' title="bbox 321 1116 561 1172; baseline 0.008 -2"><span class='ocrx_word' id='word_1_69' title='bbox 321 1116 561 1172; x_wconf 82' lang='lat' dir='ltr'>festare.</span> 
     </span>
    </p>
   </div>
   <div class='ocr_carea' id='block_1_13' title="bbox 394 1205 1977 1278">
    <p class='ocr_par' dir='ltr' id='par_1_13' title="bbox 394 1205 1977 1278">
     <span class='ocr_line' id='line_1_13' title="bbox 394 1205 1977 1278; baseline 0.001 -17"><span class='ocrx_word' id='word_1_70' title='bbox 394 1206 480 1261; x_wconf 80' lang='lat'>84.</span> <span class='ocrx_word' id='word_1_71' title='bbox 525 1205 582 1262; x_wconf 91' lang='lat' dir='ltr'>Si</span> <span class='ocrx_word' id='word_1_72' title='bbox 611 1207 984 1278; x_wconf 82' lang='lat' dir='ltr'>psalmorum</span> <span class='ocrx_word' id='word_1_73' title='bbox 1011 1209 1198 1266; x_wconf 89' lang='lat' dir='ltr'>verba</span> <span class='ocrx_word' id='word_1_74' title='bbox 1228 1213 1284 1264; x_wconf 90' lang='lat' dir='ltr'>et</span> <span class='ocrx_word' id='word_1_75' title='bbox 1313 1207 1717 1264; x_wconf 84' lang='lat' dir='ltr'>distinctiones</span> <span class='ocrx_word' id='word_1_76' title='bbox 1741 1207 1977 1278; x_wconf 88' lang='lat' dir='ltr'>regula-</span> 
     </span>
    </p>
   </div>
   <div class='ocr_carea' id='block_1_14' title="bbox 320 1293 1977 1368">
    <p class='ocr_par' dir='ltr' id='par_1_14' title="bbox 320 1293 1977 1368">
     <span class='ocr_line' id='line_1_14' title="bbox 320 1293 1977 1368; baseline 0.002 -20"><span class='ocrx_word' id='word_1_77' title='bbox 320 1293 460 1348; x_wconf 86' lang='lat' dir='ltr'>riter</span> <span class='ocrx_word' id='word_1_78' title='bbox 489 1309 563 1349; x_wconf 88' lang='lat' dir='ltr'>ex</span> <span class='ocrx_word' id='word_1_79' title='bbox 589 1295 767 1350; x_wconf 90' lang='lat' dir='ltr'>corde</span> <span class='ocrx_word' id='word_1_80' title='bbox 799 1311 937 1351; x_wconf 92' lang='lat' dir='ltr'>cum</span> <span class='ocrx_word' id='word_1_81' title='bbox 965 1298 1208 1353; x_wconf 89' lang='lat' dir='ltr'>canticis</span> <span class='ocrx_word' id='word_1_82' title='bbox 1259 1296 1798 1353; x_wconf 89' lang='lat' dir='ltr'>consuetudinariis</span> <span class='ocrx_word' id='word_1_83' title='bbox 1839 1311 1977 1368; x_wconf 87' lang='lat' dir='ltr'>pro-</span> 
     </span>
    </p>
   </div>
   <div class='ocr_carea' id='block_1_15' title="bbox 322 1381 793 1438">
    <p class='ocr_par' dir='ltr' id='par_1_15' title="bbox 322 1381 793 1438">
     <span class='ocr_line' id='line_1_15' title="bbox 322 1381 793 1438; baseline 0.004 -2"><span class='ocrx_word' id='word_1_84' title='bbox 322 1381 599 1437; x_wconf 86' lang='lat' dir='ltr'>nuntiare</span> <span class='ocrx_word' id='word_1_85' title='bbox 627 1383 793 1438; x_wconf 86' lang='lat' dir='ltr'>sciat.</span> 
     </span>
    </p>
   </div>
   <div class='ocr_carea' id='block_1_16' title="bbox 392 1469 1979 1547">
    <p class='ocr_par' dir='ltr' id='par_1_16' title="bbox 392 1469 1979 1547">
     <span class='ocr_line' id='line_1_16' title="bbox 392 1469 1979 1547; baseline 0.003 -23"><span class='ocrx_word' id='word_1_86' title='bbox 392 1472 478 1525; x_wconf 82' lang='lat'>85.</span> <span class='ocrx_word' id='word_1_87' title='bbox 524 1469 579 1526; x_wconf 91' lang='lat' dir='ltr'>Si</span> <span class='ocrx_word' id='word_1_88' title='bbox 612 1486 955 1528; x_wconf 88' lang='lat' dir='ltr'>sermonem</span> <span class='ocrx_word' id='word_1_89' title='bbox 984 1473 1289 1530; x_wconf 82' lang='lat' dir='ltr'>Athanasii</span> <span class='ocrx_word' id='word_1_90' title='bbox 1311 1475 1577 1547; x_wconf 88' lang='lat' dir='ltr'>episcopi</span> <span class='ocrx_word' id='word_1_91' title='bbox 1600 1474 1674 1530; x_wconf 89' lang='lat' dir='ltr'>de</span> <span class='ocrx_word' id='word_1_92' title='bbox 1703 1474 1822 1528; x_wconf 80' lang='lat' dir='ltr'>fide</span> <span class='ocrx_word' id='word_1_93' title='bbox 1845 1489 1979 1529; x_wconf 88' lang='lat' dir='ltr'>san-</span> 
     </span>
    </p>
   </div>
   <div class='ocr_carea' id='block_1_17' title="bbox 321 1557 1982 1634">
    <p class='ocr_par' dir='ltr' id='par_1_17' title="bbox 321 1557 1982 1634">
     <span class='ocr_line' id='line_1_17' title="bbox 321 1557 1982 1634; baseline 0.002 -20"><span class='ocrx_word' id='word_1_94' title='bbox 321 1561 428 1614; x_wconf 65' lang='lat' dir='ltr'>ctas</span> <span class='ocrx_word' id='word_1_95' title='bbox 459 1557 773 1624; x_wconf 83' lang='lat' dir='ltr'>Trinitatis,</span> <span class='ocrx_word' id='word_1_96' title='bbox 793 1561 964 1631; x_wconf 87' lang='lat' dir='ltr'>cujus</span> <span class='ocrx_word' id='word_1_97' title='bbox 993 1561 1229 1618; x_wconf 88' lang='lat' dir='ltr'>initium</span> <span class='ocrx_word' id='word_1_98' title='bbox 1256 1568 1344 1619; x_wconf 90' lang='lat' dir='ltr'>est</span> <span class='ocrx_word' id='word_1_99' title='bbox 1395 1582 1407 1618; x_wconf 91' lang='lat'>:</span> <span class='ocrx_word' id='word_1_100' title='bbox 1453 1564 1798 1634; x_wconf 79' lang='lat' dir='ltr'>Quicunque</span> <span class='ocrx_word' id='word_1_101' title='bbox 1851 1565 1982 1618; x_wconf 86' lang='lat' dir='ltr'>vult</span> 
     </span>
    </p>
   </div>
   <div class='ocr_carea' id='block_1_18' title="bbox 321 1647 1976 1719">
    <p class='ocr_par' dir='ltr' id='par_1_18' title="bbox 321 1647 1976 1719">
     <span class='ocr_line' id='line_1_18' title="bbox 321 1647 1976 1719; baseline 0.002 -17"><span class='ocrx_word' id='word_1_102' title='bbox 321 1647 524 1702; x_wconf 83' lang='lat' dir='ltr'>salvus</span> <span class='ocrx_word' id='word_1_103' title='bbox 553 1661 694 1717; x_wconf 89' lang='lat' dir='ltr'>esse,</span> <span class='ocrx_word' id='word_1_104' title='bbox 718 1649 1061 1704; x_wconf 91' lang='lat' dir='ltr'>memoriter</span> <span class='ocrx_word' id='word_1_105' title='bbox 1089 1655 1304 1719; x_wconf 88' lang='lat' dir='ltr'>teneat,</span> <span class='ocrx_word' id='word_1_106' title='bbox 1331 1656 1385 1707; x_wconf 90' lang='lat' dir='ltr'>et</span> <span class='ocrx_word' id='word_1_107' title='bbox 1416 1667 1665 1706; x_wconf 88' lang='lat' dir='ltr'>sensum</span> <span class='ocrx_word' id='word_1_108' title='bbox 1703 1649 1858 1705; x_wconf 91' lang='lat' dir='ltr'>illius</span> <span class='ocrx_word' id='word_1_109' title='bbox 1887 1651 1976 1705; x_wconf 90' lang='lat' dir='ltr'>in-</span> 
     </span>
    </p>
   </div>
   <div class='ocr_carea' id='block_1_19' title="bbox 322 1735 1867 1804">
    <p class='ocr_par' dir='ltr' id='par_1_19' title="bbox 322 1735 1867 1804">
     <span class='ocr_line' id='line_1_19' title="bbox 322 1735 1867 1804; baseline 0.003 -14"><span class='ocrx_word' id='word_1_110' title='bbox 322 1735 563 1804; x_wconf 86' lang='lat' dir='ltr'>telligat,</span> <span class='ocrx_word' id='word_1_111' title='bbox 597 1740 655 1791; x_wconf 90' lang='lat' dir='ltr'>et</span> <span class='ocrx_word' id='word_1_112' title='bbox 682 1736 878 1792; x_wconf 86' lang='lat' dir='ltr'>verbis</span> <span class='ocrx_word' id='word_1_113' title='bbox 905 1739 1330 1795; x_wconf 87' lang='lat' dir='ltr'>communibus</span> <span class='ocrx_word' id='word_1_114' title='bbox 1361 1740 1671 1795; x_wconf 88' lang='lat' dir='ltr'>enuntiare</span> <span class='ocrx_word' id='word_1_115' title='bbox 1702 1739 1867 1795; x_wconf 89' lang='lat' dir='ltr'>sciat.</span> 
     </span>
    </p>
   </div>
   <div class='ocr_carea' id='block_1_20' title="bbox 393 1825 1979 1885">
    <p class='ocr_par' dir='ltr' id='par_1_20' title="bbox 393 1825 1979 1885">
     <span class='ocr_line' id='line_1_20' title="bbox 393 1825 1979 1885; baseline 0.003 -5"><span class='ocrx_word' id='word_1_116' title='bbox 393 1828 481 1880; x_wconf 87' lang='lat'>86.</span> <span class='ocrx_word' id='word_1_117' title='bbox 522 1825 582 1881; x_wconf 90' lang='lat' dir='ltr'>Si</span> <span class='ocrx_word' id='word_1_118' title='bbox 601 1825 968 1882; x_wconf 84' lang='lat' dir='ltr'>exorcismos</span> <span class='ocrx_word' id='word_1_119' title='bbox 994 1829 1361 1884; x_wconf 90' lang='lat' dir='ltr'>etorationes</span> <span class='ocrx_word' id='word_1_120' title='bbox 1380 1828 1459 1885; x_wconf 90' lang='lat' dir='ltr'>ad</span> <span class='ocrx_word' id='word_1_121' title='bbox 1481 1829 1979 1885; x_wconf 88' lang='lat' dir='ltr'>catechumenum</span> 
     </span>
    </p>
   </div>
   <div class='ocr_carea' id='block_1_21' title="bbox 322 1913 1982 1990">
    <p class='ocr_par' dir='ltr' id='par_1_21' title="bbox 322 1913 1982 1990">
     <span class='ocr_line' id='line_1_21' title="bbox 322 1913 1982 1990; baseline 0.003 -21"><span class='ocrx_word' id='word_1_122' title='bbox 322 1913 687 1981; x_wconf 89' lang='lat' dir='ltr'>faciendum,</span> <span class='ocrx_word' id='word_1_123' title='bbox 721 1915 800 1971; x_wconf 90' lang='lat' dir='ltr'>ad</span> <span class='ocrx_word' id='word_1_124' title='bbox 828 1916 1051 1973; x_wconf 87' lang='lat' dir='ltr'>fontem</span> <span class='ocrx_word' id='word_1_125' title='bbox 1083 1934 1326 1990; x_wconf 90' lang='lat' dir='ltr'>quoque</span> <span class='ocrx_word' id='word_1_126' title='bbox 1375 1917 1873 1984; x_wconf 89' lang='lat' dir='ltr'>consecrandum,</span> <span class='ocrx_word' id='word_1_127' title='bbox 1925 1922 1982 1974; x_wconf 88' lang='lat' dir='ltr'>et</span> 
     </span>
    </p>
   </div>
   <div class='ocr_carea' id='block_1_22' title="bbox 321 2001 1984 2079">
    <p class='ocr_par' dir='ltr' id='par_1_22' title="bbox 321 2001 1984 2079">
     <span class='ocr_line' id='line_1_22' title="bbox 321 2001 1984 2079; baseline 0.002 -21"><span class='ocrx_word' id='word_1_128' title='bbox 321 2001 583 2074; x_wconf 88' lang='lat' dir='ltr'>reliquas</span> <span class='ocrx_word' id='word_1_129' title='bbox 601 2019 810 2076; x_wconf 87' lang='lat' dir='ltr'>preces</span> <span class='ocrx_word' id='word_1_130' title='bbox 843 2015 1025 2078; x_wconf 81' lang='lat' dir='ltr'>super</span> <span class='ocrx_word' id='word_1_131' title='bbox 1051 2007 1392 2063; x_wconf 89' lang='lat' dir='ltr'>masculum</span> <span class='ocrx_word' id='word_1_132' title='bbox 1416 2011 1473 2063; x_wconf 91' lang='lat' dir='ltr'>et</span> <span class='ocrx_word' id='word_1_133' title='bbox 1518 2007 1805 2062; x_wconf 88' lang='lat' dir='ltr'>feminam</span> <span class='ocrx_word' id='word_1_134' title='bbox 1854 2007 1984 2079; x_wconf 92' lang='lat' dir='ltr'>plu-</span> 
     </span>
    </p>
   </div>
   <div class='ocr_carea' id='block_1_23' title="bbox 321 2089 1981 2163">
    <p class='ocr_par' dir='ltr' id='par_1_23' title="bbox 321 2089 1981 2163">
     <span class='ocr_line' id='line_1_23' title="bbox 321 2089 1981 2163; baseline 0.003 -18"><span class='ocrx_word' id='word_1_135' title='bbox 321 2089 520 2146; x_wconf 85' lang='lat' dir='ltr'>raliter</span> <span class='ocrx_word' id='word_1_136' title='bbox 549 2095 727 2163; x_wconf 91' lang='lat' dir='ltr'>atque</span> <span class='ocrx_word' id='word_1_137' title='bbox 757 2092 1136 2162; x_wconf 80' lang='lat' dir='ltr'>singulariter</span> <span class='ocrx_word' id='word_1_138' title='bbox 1161 2095 1433 2151; x_wconf 90' lang='lat' dir='ltr'>distincte</span> <span class='ocrx_word' id='word_1_139' title='bbox 1457 2100 1515 2151; x_wconf 89' lang='lat' dir='ltr'>et</span> <span class='ocrx_word' id='word_1_140' title='bbox 1553 2095 1981 2150; x_wconf 88' lang='lat' dir='ltr'>rationabiliter</span> 
     </span>
    </p>
   </div>
   <div class='ocr_carea' id='block_1_24' title="bbox 322 2179 828 2252">
    <p class='ocr_par' dir='ltr' id='par_1_24' title="bbox 322 2179 828 2252">
     <span class='ocr_line' id='line_1_24' title="bbox 322 2179 828 2252; baseline 0.004 -18"><span class='ocrx_word' id='word_1_141' title='bbox 322 2179 586 2252; x_wconf 88' lang='lat' dir='ltr'>proferre</span> <span class='ocrx_word' id='word_1_142' title='bbox 610 2180 828 2236; x_wconf 86' lang='lat' dir='ltr'>valeat.</span> 
     </span>
    </p>
   </div>
   <div class='ocr_carea' id='block_1_25' title="bbox 394 2267 1980 2344">
    <p class='ocr_par' dir='ltr' id='par_1_25' title="bbox 394 2267 1980 2344">
     <span class='ocr_line' id='line_1_25' title="bbox 394 2267 1980 2344; baseline 0.002 -21"><span class='ocrx_word' id='word_1_143' title='bbox 394 2268 482 2323; x_wconf 85' lang='grc'>87.</span> <span class='ocrx_word' id='word_1_144' title='bbox 527 2267 800 2325; x_wconf 88' lang='lat' dir='ltr'>Similiter</span> <span class='ocrx_word' id='word_1_145' title='bbox 824 2270 1099 2327; x_wconf 90' lang='lat' dir='ltr'>ordinem</span> <span class='ocrx_word' id='word_1_146' title='bbox 1127 2271 1469 2344; x_wconf 78' lang='lat' dir='ltr'>baptizandi</span> <span class='ocrx_word' id='word_1_147' title='bbox 1515 2272 1595 2328; x_wconf 91' lang='lat' dir='ltr'>ad</span> <span class='ocrx_word' id='word_1_148' title='bbox 1635 2288 1980 2328; x_wconf 88' lang='lat' dir='ltr'>succurren-</span> 
     </span>
    </p>
   </div>
   <div class='ocr_carea' id='block_1_26' title="bbox 323 2355 775 2413">
    <p class='ocr_par' dir='ltr' id='par_1_26' title="bbox 323 2355 775 2413">
     <span class='ocr_line' id='line_1_26' title="bbox 323 2355 775 2413; baseline 0.007 -2"><span class='ocrx_word' id='word_1_149' title='bbox 323 2355 472 2412; x_wconf 89' lang='lat' dir='ltr'>dum</span> <span class='ocrx_word' id='word_1_150' title='bbox 501 2356 775 2413; x_wconf 85' lang='lat' dir='ltr'>inﬁrmis.</span> 
     </span>
    </p>
   </div>
   <div class='ocr_carea' id='block_1_27' title="bbox 395 2445 1980 2522">
    <p class='ocr_par' dir='ltr' id='par_1_27' title="bbox 395 2445 1980 2522">
     <span class='ocr_line' id='line_1_27' title="bbox 395 2445 1980 2522; baseline 0.004 -22"><span class='ocrx_word' id='word_1_151' title='bbox 395 2448 483 2501; x_wconf 94' lang='lat'>88.</span> <span class='ocrx_word' id='word_1_152' title='bbox 526 2445 808 2503; x_wconf 90' lang='lat' dir='ltr'>Ordinem</span> <span class='ocrx_word' id='word_1_153' title='bbox 828 2463 1072 2522; x_wconf 87' lang='lat' dir='ltr'>quoque</span> <span class='ocrx_word' id='word_1_154' title='bbox 1087 2449 1514 2506; x_wconf 87' lang='lat' dir='ltr'>reconciliandi</span> <span class='ocrx_word' id='word_1_155' title='bbox 1535 2450 1707 2521; x_wconf 85' lang='lat' dir='ltr'>juxta</span> <span class='ocrx_word' id='word_1_156' title='bbox 1727 2451 1980 2507; x_wconf 92' lang='lat' dir='ltr'>modum</span> 
     </span>
    </p>
   </div>
   <div class='ocr_carea' id='block_1_28' title="bbox 327 2532 1984 2612">
    <p class='ocr_par' dir='ltr' id='par_1_28' title="bbox 327 2532 1984 2612">
     <span class='ocr_line' id='line_1_28' title="bbox 327 2532 1984 2612; baseline 0.004 -24"><span class='ocrx_word' id='word_1_157' title='bbox 327 2532 438 2588; x_wconf 88' lang='lat' dir='ltr'>sibi</span> <span class='ocrx_word' id='word_1_158' title='bbox 494 2536 778 2592; x_wconf 88' lang='lat' dir='ltr'>canonice</span> <span class='ocrx_word' id='word_1_159' title='bbox 837 2543 1226 2602; x_wconf 89' lang='lat' dir='ltr'>reservatum,</span> <span class='ocrx_word' id='word_1_160' title='bbox 1280 2544 1458 2612; x_wconf 88' lang='lat' dir='ltr'>atque</span> <span class='ocrx_word' id='word_1_161' title='bbox 1511 2540 1774 2611; x_wconf 88' lang='lat' dir='ltr'>ungendi</span> <span class='ocrx_word' id='word_1_162' title='bbox 1825 2540 1984 2595; x_wconf 85' lang='lat' dir='ltr'>inﬁr-</span> 
     </span>
    </p>
   </div>
   <div class='ocr_carea' id='block_1_29' title="bbox 324 2624 1982 2700">
    <p class='ocr_par' dir='ltr' id='par_1_29' title="bbox 324 2624 1982 2700">
     <span class='ocr_line' id='line_1_29' title="bbox 324 2624 1982 2700; baseline 0.004 -22"><span class='ocrx_word' id='word_1_163' title='bbox 324 2638 484 2694; x_wconf 85' lang='lat' dir='ltr'>mos,</span> <span class='ocrx_word' id='word_1_164' title='bbox 537 2624 837 2682; x_wconf 88' lang='lat' dir='ltr'>orationes</span> <span class='ocrx_word' id='word_1_165' title='bbox 889 2643 1133 2700; x_wconf 91' lang='lat' dir='ltr'>quoque</span> <span class='ocrx_word' id='word_1_166' title='bbox 1191 2628 1385 2684; x_wconf 90' lang='lat' dir='ltr'>eidem</span> <span class='ocrx_word' id='word_1_167' title='bbox 1443 2629 1778 2685; x_wconf 87' lang='lat' dir='ltr'>necessitati</span> <span class='ocrx_word' id='word_1_168' title='bbox 1817 2645 1982 2685; x_wconf 94' lang='lat' dir='ltr'>com-</span> 
     </span>
    </p>
   </div>
   <div class='ocr_carea' id='block_1_30' title="bbox 324 2715 1985 2785">
    <p class='ocr_par' dir='ltr' id='par_1_30' title="bbox 324 2715 1985 2785">
     <span class='ocr_line' id='line_1_30' title="bbox 324 2715 1985 2785; baseline 0.004 -18"><span class='ocrx_word' id='word_1_169' title='bbox 324 2716 610 2784; x_wconf 87' lang='lat' dir='ltr'>petentes,</span> <span class='ocrx_word' id='word_1_170' title='bbox 693 2715 739 2770; x_wconf 91' lang='lat' dir='ltr'>si</span> <span class='ocrx_word' id='word_1_171' title='bbox 815 2715 967 2771; x_wconf 87' lang='lat' dir='ltr'>bene</span> <span class='ocrx_word' id='word_1_172' title='bbox 1036 2717 1143 2774; x_wconf 87' lang='lat' dir='ltr'>scit</span> <span class='ocrx_word' id='word_1_173' title='bbox 1211 2717 1405 2785; x_wconf 83' lang='lat' dir='ltr'>legere</span> <span class='ocrx_word' id='word_1_174' title='bbox 1471 2723 1575 2773; x_wconf 89' lang='lat' dir='ltr'>aut</span> <span class='ocrx_word' id='word_1_175' title='bbox 1643 2719 1985 2774; x_wconf 89' lang='lat' dir='ltr'>memoriter</span> 
     </span>
    </p>
   </div>
   <div class='ocr_carea' id='block_1_31' title="bbox 325 2802 656 2860">
    <p class='ocr_par' dir='ltr' id='par_1_31' title="bbox 325 2802 656 2860">
     <span class='ocr_line' id='line_1_31' title="bbox 325 2802 656 2860; baseline 0.009 -3"><span class='ocrx_word' id='word_1_176' title='bbox 325 2802 656 2860; x_wconf 89' lang='lat' dir='ltr'>enuntiare.</span> 
     </span>
    </p>
   </div>
   <div class='ocr_carea' id='block_1_32' title="bbox 396 2892 1984 2969">
    <p class='ocr_par' dir='ltr' id='par_1_32' title="bbox 396 2892 1984 2969">
     <span class='ocr_line' id='line_1_32' title="bbox 396 2892 1984 2969; baseline 0.004 -23"><span class='ocrx_word' id='word_1_177' title='bbox 396 2895 485 2947; x_wconf 89' lang='lat'>89.</span> <span class='ocrx_word' id='word_1_178' title='bbox 529 2892 803 2948; x_wconf 90' lang='lat' dir='ltr'>Similiter</span> <span class='ocrx_word' id='word_1_179' title='bbox 814 2893 1085 2949; x_wconf 90' lang='lat' dir='ltr'>ordinem</span> <span class='ocrx_word' id='word_1_180' title='bbox 1110 2897 1384 2966; x_wconf 90' lang='lat' dir='ltr'>etpreces</span> <span class='ocrx_word' id='word_1_181' title='bbox 1403 2894 1466 2950; x_wconf 89' lang='lat' dir='ltr'>in</span> <span class='ocrx_word' id='word_1_182' title='bbox 1481 2895 1782 2968; x_wconf 83' lang='lat' dir='ltr'>exsequiis</span> <span class='ocrx_word' id='word_1_183' title='bbox 1805 2900 1984 2969; x_wconf 89' lang='lat' dir='ltr'>atque</span> 
     </span>
    </p>
   </div>
   <div class='ocr_carea' id='block_1_33' title="bbox 327 2979 1056 3048">
    <p class='ocr_par' dir='ltr' id='par_1_33' title="bbox 327 2979 1056 3048">
     <span class='ocr_line' id='line_1_33' title="bbox 327 2979 1056 3048; baseline 0.003 -14"><span class='ocrx_word' id='word_1_184' title='bbox 327 2979 577 3048; x_wconf 87' lang='lat' dir='ltr'>agendis</span> <span class='ocrx_word' id='word_1_185' title='bbox 616 2980 1056 3036; x_wconf 86' lang='lat' dir='ltr'>defunctorum.</span> 
     </span>
    </p>
   </div>
   <div class='ocr_carea' id='block_1_34' title="bbox 397 3063 1982 3130">
    <p class='ocr_par' dir='ltr' id='par_1_34' title="bbox 397 3063 1982 3130">
     <span class='ocr_line' id='line_1_34' title="bbox 397 3063 1982 3130; baseline 0.006 -10"><span class='ocrx_word' id='word_1_186' title='bbox 397 3070 484 3123; x_wconf 91' lang='lat'>90.</span> <span class='ocrx_word' id='word_1_187' title='bbox 511 3063 585 3124; x_wconf 55' lang='lat' dir='ltr'>&#39;Si</span> <span class='ocrx_word' id='word_1_188' title='bbox 611 3068 953 3125; x_wconf 89' lang='lat' dir='ltr'>memoriter</span> <span class='ocrx_word' id='word_1_189' title='bbox 980 3074 1175 3127; x_wconf 90' lang='lat' dir='ltr'>teneat</span> <span class='ocrx_word' id='word_1_190' title='bbox 1213 3072 1580 3129; x_wconf 87' lang='lat' dir='ltr'>exorcismos</span> <span class='ocrx_word' id='word_1_191' title='bbox 1619 3078 1678 3129; x_wconf 90' lang='lat' dir='ltr'>et</span> <span class='ocrx_word' id='word_1_192' title='bbox 1705 3073 1982 3130; x_wconf 85' lang='lat' dir='ltr'>benedic-</span> 
     </span>
    </p>
   </div>
   <div class='ocr_carea' id='block_1_35' title="bbox 327 3153 997 3229">
    <p class='ocr_par' dir='ltr' id='par_1_35' title="bbox 327 3153 997 3229">
     <span class='ocr_line' id='line_1_35' title="bbox 327 3153 997 3229; baseline 0.007 -21"><span class='ocrx_word' id='word_1_193' title='bbox 327 3153 520 3209; x_wconf 93' lang='lat' dir='ltr'>tiones</span> <span class='ocrx_word' id='word_1_194' title='bbox 549 3153 688 3210; x_wconf 89' lang='lat' dir='ltr'>salis</span> <span class='ocrx_word' id='word_1_195' title='bbox 721 3160 778 3212; x_wconf 89' lang='lat' dir='ltr'>et</span> <span class='ocrx_word' id='word_1_196' title='bbox 804 3173 997 3229; x_wconf 78' lang='lat' dir='ltr'>aquae.</span> 
     </span>
    </p>
   </div>
   <div class='ocr_carea' id='block_1_36' title="bbox 396 3242 1985 3321">
    <p class='ocr_par' dir='ltr' id='par_1_36' title="bbox 396 3242 1985 3321">
     <span class='ocr_line' id='line_1_36' title="bbox 396 3242 1985 3321; baseline 0.006 -23"><span class='ocrx_word' id='word_1_197' title='bbox 396 3242 484 3298; x_wconf 89' lang='grc'><strong>91.</strong></span> <span class='ocrx_word' id='word_1_198' title='bbox 526 3243 580 3298; x_wconf 91' lang='lat' dir='ltr'>Si</span> <span class='ocrx_word' id='word_1_199' title='bbox 608 3247 850 3301; x_wconf 89' lang='lat' dir='ltr'>cantum</span> <span class='ocrx_word' id='word_1_200' title='bbox 892 3251 1254 3304; x_wconf 90' lang='lat' dir='ltr'>nocturnum</span> <span class='ocrx_word' id='word_1_201' title='bbox 1310 3254 1488 3321; x_wconf 91' lang='lat' dir='ltr'>atque</span> <span class='ocrx_word' id='word_1_202' title='bbox 1541 3249 1825 3306; x_wconf 90' lang='lat' dir='ltr'>diurnum</span> <span class='ocrx_word' id='word_1_203' title='bbox 1881 3267 1985 3307; x_wconf 89' lang='lat' dir='ltr'>no-</span> 
     </span>
    </p>
   </div>
   <div class='ocr_carea' id='block_1_37' title="bbox 325 3331 489 3386">
    <p class='ocr_par' dir='ltr' id='par_1_37' title="bbox 325 3331 489 3386">
     <span class='ocr_line' id='line_1_37' title="bbox 325 3331 489 3386; baseline 0.006 -1"><span class='ocrx_word' id='word_1_204' title='bbox 325 3331 489 3386; x_wconf 91' lang='lat' dir='ltr'>verit.</span> 
     </span>
    </p>
   </div>
   <div class='ocr_carea' id='block_1_38' title="bbox 398 3421 1982 3500">
    <p class='ocr_par' dir='ltr' id='par_1_38' title="bbox 398 3421 1982 3500">
     <span class='ocr_line' id='line_1_38' title="bbox 398 3421 1982 3500; baseline 0.007 -26"><span class='ocrx_word' id='word_1_205' title='bbox 398 3423 487 3476; x_wconf 83' lang='lat'>92.</span> <span class='ocrx_word' id='word_1_206' title='bbox 527 3421 583 3477; x_wconf 92' lang='lat' dir='ltr'>Si</span> <span class='ocrx_word' id='word_1_207' title='bbox 613 3428 966 3494; x_wconf 88' lang='lat' dir='ltr'>computum</span> <span class='ocrx_word' id='word_1_208' title='bbox 1001 3425 1316 3496; x_wconf 88' lang='lat' dir='ltr'>minorem,</span> <span class='ocrx_word' id='word_1_209' title='bbox 1350 3426 1410 3480; x_wconf 89' lang='lat' dir='ltr'>id</span> <span class='ocrx_word' id='word_1_210' title='bbox 1439 3431 1530 3482; x_wconf 87' lang='lat' dir='ltr'>est</span> <span class='ocrx_word' id='word_1_211' title='bbox 1550 3432 1815 3500; x_wconf 90' lang='lat' dir='ltr'>epactas,</span> <span class='ocrx_word' id='word_1_212' title='bbox 1838 3444 1982 3484; x_wconf 90' lang='lat' dir='ltr'>con-</span> 
     </span>
    </p>
   </div>
   <div class='ocr_carea' id='block_1_39' title="bbox 326 3510 1983 3586">
    <p class='ocr_par' dir='ltr' id='par_1_39' title="bbox 326 3510 1983 3586">
     <span class='ocr_line' id='line_1_39' title="bbox 326 3510 1983 3586; baseline 0.007 -24"><span class='ocrx_word' id='word_1_213' title='bbox 326 3511 630 3565; x_wconf 87' lang='lat' dir='ltr'>currentes</span> <span class='ocrx_word' id='word_1_214' title='bbox 660 3510 982 3581; x_wconf 88' lang='lat' dir='ltr'>regulares,</span> <span class='ocrx_word' id='word_1_215' title='bbox 1015 3513 1304 3569; x_wconf 88' lang='lat' dir='ltr'>terminos</span> <span class='ocrx_word' id='word_1_216' title='bbox 1359 3514 1696 3586; x_wconf 82' lang='lat' dir='ltr'>paschales,</span> <span class='ocrx_word' id='word_1_217' title='bbox 1749 3520 1806 3572; x_wconf 91' lang='lat' dir='ltr'>et</span> <span class='ocrx_word' id='word_1_218' title='bbox 1850 3517 1983 3573; x_wconf 92' lang='lat' dir='ltr'>reli-</span> 
     </span>
    </p>
   </div>
   <div class='ocr_carea' id='block_1_40' title="bbox 324 3598 718 3672">
    <p class='ocr_par' dir='ltr' id='par_1_40' title="bbox 324 3598 718 3672">
     <span class='ocr_line' id='line_1_40' title="bbox 324 3598 718 3672; baseline 0.01 -21"><span class='ocrx_word' id='word_1_219' title='bbox 324 3612 479 3669; x_wconf 91' lang='lat' dir='ltr'>quos</span> <span class='ocrx_word' id='word_1_220' title='bbox 508 3598 718 3672; x_wconf 88' lang='lat' dir='ltr'>sapiat.</span> 
     </span>
    </p>
   </div>
   <div class='ocr_carea' id='block_1_41' title="bbox 395 3688 1984 3765">
    <p class='ocr_par' dir='ltr' id='par_1_41' title="bbox 395 3688 1984 3765">
     <span class='ocr_line' id='line_1_41' title="bbox 395 3688 1984 3765; baseline 0.006 -23"><span class='ocrx_word' id='word_1_221' title='bbox 395 3691 483 3742; x_wconf 90' lang='lat'>93.</span> <span class='ocrx_word' id='word_1_222' title='bbox 528 3688 582 3744; x_wconf 94' lang='lat' dir='ltr'>Si</span> <span class='ocrx_word' id='word_1_223' title='bbox 613 3688 834 3746; x_wconf 88' lang='lat' dir='ltr'>habeat</span> <span class='ocrx_word' id='word_1_224' title='bbox 857 3690 1362 3762; x_wconf 83' lang='lat' dir='ltr'>Martyrologium,</span> <span class='ocrx_word' id='word_1_225' title='bbox 1389 3708 1462 3747; x_wconf 88' lang='lat' dir='ltr'>ex</span> <span class='ocrx_word' id='word_1_226' title='bbox 1487 3709 1611 3765; x_wconf 88' lang='lat' dir='ltr'>quo</span> <span class='ocrx_word' id='word_1_227' title='bbox 1641 3694 1813 3750; x_wconf 90' lang='lat' dir='ltr'>certis</span> <span class='ocrx_word' id='word_1_228' title='bbox 1864 3694 1984 3751; x_wconf 88' lang='lat' dir='ltr'>die-</span> 
     </span>
    </p>
   </div>
   <div class='ocr_carea' id='block_1_42' title="bbox 321 3773 1726 3853">
    <p class='ocr_par' dir='ltr' id='par_1_42' title="bbox 321 3773 1726 3853">
     <span class='ocr_line' id='line_1_42' title="bbox 321 3773 1726 3853; baseline 0.006 -24"><span class='ocrx_word' id='word_1_229' title='bbox 321 3773 438 3830; x_wconf 87' lang='lat' dir='ltr'>bus</span> <span class='ocrx_word' id='word_1_230' title='bbox 460 3776 725 3834; x_wconf 86' lang='lat' dir='ltr'>natalitia</span> <span class='ocrx_word' id='word_1_231' title='bbox 755 3785 1100 3834; x_wconf 89' lang='lat' dir='ltr'>sanctorum</span> <span class='ocrx_word' id='word_1_232' title='bbox 1129 3780 1356 3853; x_wconf 91' lang='lat' dir='ltr'>populo</span> <span class='ocrx_word' id='word_1_233' title='bbox 1393 3782 1726 3838; x_wconf 89' lang='lat' dir='ltr'>annuntiet.</span> 
     </span>
    </p>
   </div>
   <div class='ocr_carea' id='block_1_43' title="bbox 396 3865 1981 3940">
    <p class='ocr_par' dir='ltr' id='par_1_43' title="bbox 396 3865 1981 3940">
     <span class='ocr_line' id='line_1_43' title="bbox 396 3865 1981 3940; baseline 0.003 -18"><span class='ocrx_word' id='word_1_234' title='bbox 396 3865 513 3936; x_wconf 82' lang='lat'><strong>30</strong></span> <span class='ocrx_word' id='word_1_235' title='bbox 538 3868 624 3922; x_wconf 78' lang='grc'><strong>94.</strong></span> <span class='ocrx_word' id='word_1_236' title='bbox 655 3867 711 3922; x_wconf 92' lang='lat' dir='ltr'>Si</span> <span class='ocrx_word' id='word_1_237' title='bbox 731 3867 951 3923; x_wconf 86' lang='lat' dir='ltr'>habeat</span> <span class='ocrx_word' id='word_1_238' title='bbox 976 3868 1378 3939; x_wconf 83' lang='lat' dir='ltr'>quadraginta</span> <span class='ocrx_word' id='word_1_239' title='bbox 1399 3869 1676 3926; x_wconf 84' lang='lat' dir='ltr'>homilias</span> <span class='ocrx_word' id='word_1_240' title='bbox 1699 3870 1981 3940; x_wconf 85' lang='lat' dir='ltr'>Gregorii,</span> 
     </span>
    </p>
   </div>
   <div class='ocr_carea' id='block_1_44' title="bbox 323 3955 1982 4028">
    <p class='ocr_par' dir='ltr' id='par_1_44' title="bbox 323 3955 1982 4028">
     <span class='ocr_line' id='line_1_44' title="bbox 323 3955 1982 4028; baseline 0.005 -21"><span class='ocrx_word' id='word_1_241' title='bbox 323 3957 382 4008; x_wconf 91' lang='lat' dir='ltr'>et</span> <span class='ocrx_word' id='word_1_242' title='bbox 409 3968 512 4008; x_wconf 91' lang='lat' dir='ltr'>eas</span> <span class='ocrx_word' id='word_1_243' title='bbox 543 3955 809 4010; x_wconf 87' lang='lat' dir='ltr'>studiose</span> <span class='ocrx_word' id='word_1_244' title='bbox 856 3955 1015 4024; x_wconf 85' lang='lat' dir='ltr'>legat</span> <span class='ocrx_word' id='word_1_245' title='bbox 1061 3960 1239 4028; x_wconf 89' lang='lat' dir='ltr'>atque</span> <span class='ocrx_word' id='word_1_246' title='bbox 1297 3957 1603 4026; x_wconf 90' lang='lat' dir='ltr'>intelligat.</span> <span class='ocrx_word' id='word_1_247' title='bbox 1662 3959 1762 4014; x_wconf 86' lang='lat' dir='ltr'>Vel</span> <span class='ocrx_word' id='word_1_248' title='bbox 1797 3959 1850 4014; x_wconf 91' lang='lat' dir='ltr'>si</span> <span class='ocrx_word' id='word_1_249' title='bbox 1880 3975 1982 4015; x_wconf 91' lang='lat' dir='ltr'>eas</span> 
     </span>
    </p>
   </div>
   <div class='ocr_carea' id='block_1_45' title="bbox 322 4039 1982 4118">
    <p class='ocr_par' dir='ltr' id='par_1_45' title="bbox 322 4039 1982 4118">
     <span class='ocr_line' id='line_1_45' title="bbox 322 4039 1982 4118; baseline 0.005 -23"><span class='ocrx_word' id='word_1_250' title='bbox 322 4039 546 4096; x_wconf 90' lang='lat' dir='ltr'>habere</span> <span class='ocrx_word' id='word_1_251' title='bbox 573 4057 697 4097; x_wconf 90' lang='lat' dir='ltr'>non</span> <span class='ocrx_word' id='word_1_252' title='bbox 721 4046 936 4114; x_wconf 89' lang='lat' dir='ltr'>potest,</span> <span class='ocrx_word' id='word_1_253' title='bbox 966 4043 1059 4099; x_wconf 90' lang='lat' dir='ltr'>vel</span> <span class='ocrx_word' id='word_1_254' title='bbox 1089 4059 1430 4100; x_wconf 90' lang='lat' dir='ltr'>sermonem</span> <span class='ocrx_word' id='word_1_255' title='bbox 1460 4046 1727 4118; x_wconf 73' lang='lat' dir='ltr'>praedicti</span> <span class='ocrx_word' id='word_1_256' title='bbox 1777 4047 1982 4103; x_wconf 89' lang='lat' dir='ltr'>docto-</span> 
     </span>
    </p>
   </div>
   <div class='ocr_carea' id='block_1_46' title="bbox 322 4128 1986 4208">
    <p class='ocr_par' dir='ltr' id='par_1_46' title="bbox 322 4128 1986 4208">
     <span class='ocr_line' id='line_1_46' title="bbox 322 4128 1986 4208; baseline 0.006 -26"><span class='ocrx_word' id='word_1_257' title='bbox 322 4128 404 4184; x_wconf 89' lang='lat' dir='ltr'>ris</span> <span class='ocrx_word' id='word_1_258' title='bbox 431 4128 507 4184; x_wconf 89' lang='lat' dir='ltr'>de</span> <span class='ocrx_word' id='word_1_259' title='bbox 536 4132 914 4202; x_wconf 87' lang='lat' dir='ltr'>septuaginta</span> <span class='ocrx_word' id='word_1_260' title='bbox 943 4132 1252 4205; x_wconf 87' lang='lat' dir='ltr'>discipulis</span> <span class='ocrx_word' id='word_1_261' title='bbox 1284 4150 1320 4188; x_wconf 90' lang='lat' dir='ltr'>a</span> <span class='ocrx_word' id='word_1_262' title='bbox 1353 4135 1606 4190; x_wconf 92' lang='lat' dir='ltr'>Domino</span> <span class='ocrx_word' id='word_1_263' title='bbox 1650 4135 1731 4191; x_wconf 90' lang='lat' dir='ltr'>ad</span> <span class='ocrx_word' id='word_1_264' title='bbox 1772 4135 1986 4208; x_wconf 68' lang='lat' dir='ltr'>praedi-</span> 
     </span>
    </p>
   </div>
   <div class='ocr_carea' id='block_1_47' title="bbox 323 4217 1986 4295">
    <p class='ocr_par' dir='ltr' id='par_1_47' title="bbox 323 4217 1986 4295">
     <span class='ocr_line' id='line_1_47' title="bbox 323 4217 1986 4295; baseline 0.005 -23"><span class='ocrx_word' id='word_1_265' title='bbox 323 4217 590 4274; x_wconf 88' lang='lat' dir='ltr'>candum</span> <span class='ocrx_word' id='word_1_266' title='bbox 618 4219 818 4275; x_wconf 89' lang='lat' dir='ltr'>missis</span> <span class='ocrx_word' id='word_1_267' title='bbox 851 4221 1089 4287; x_wconf 85' lang='lat' dir='ltr'>habeat,</span> <span class='ocrx_word' id='word_1_268' title='bbox 1118 4227 1176 4277; x_wconf 88' lang='lat' dir='ltr'>et</span> <span class='ocrx_word' id='word_1_269' title='bbox 1213 4222 1526 4292; x_wconf 87' lang='lat' dir='ltr'>diligenter</span> <span class='ocrx_word' id='word_1_270' title='bbox 1585 4224 1742 4295; x_wconf 87' lang='lat' dir='ltr'>legat</span> <span class='ocrx_word' id='word_1_271' title='bbox 1797 4229 1854 4280; x_wconf 94' lang='lat' dir='ltr'>et</span> <span class='ocrx_word' id='word_1_272' title='bbox 1901 4225 1986 4280; x_wconf 84' lang='lat' dir='ltr'>in-</span> 
     </span>
    </p>
   </div>
   <div class='ocr_carea' id='block_1_48' title="bbox 324 4306 1982 4387">
    <p class='ocr_par' dir='ltr' id='par_1_48' title="bbox 324 4306 1982 4387">
     <span class='ocr_line' id='line_1_48' title="bbox 324 4306 1982 4387; baseline 0.005 -25"><span class='ocrx_word' id='word_1_273' title='bbox 324 4306 564 4377; x_wconf 89' lang='lat' dir='ltr'>telligat,</span> <span class='ocrx_word' id='word_1_274' title='bbox 592 4312 650 4364; x_wconf 92' lang='lat' dir='ltr'>et</span> <span class='ocrx_word' id='word_1_275' title='bbox 674 4315 998 4379; x_wconf 84' lang='lat' dir='ltr'>cognoscat</span> <span class='ocrx_word' id='word_1_276' title='bbox 1045 4328 1105 4366; x_wconf 92' lang='lat' dir='ltr'>se</span> <span class='ocrx_word' id='word_1_277' title='bbox 1157 4312 1234 4367; x_wconf 89' lang='lat' dir='ltr'>ad</span> <span class='ocrx_word' id='word_1_278' title='bbox 1283 4312 1543 4369; x_wconf 82' lang='lat' dir='ltr'>formam</span> <span class='ocrx_word' id='word_1_279' title='bbox 1602 4314 1982 4387; x_wconf 87' lang='lat' dir='ltr'>septuaginta</span> 
     </span>
    </p>
   </div>
   <div class='ocr_carea' id='block_1_49' title="bbox 321 4397 1982 4478">
    <p class='ocr_par' dir='ltr' id='par_1_49' title="bbox 321 4397 1982 4478">
     <span class='ocr_line' id='line_1_49' title="bbox 321 4397 1982 4478; baseline 0.005 -26"><span class='ocrx_word' id='word_1_280' title='bbox 321 4397 754 4470; x_wconf 85' lang='lat' dir='ltr'>discipulorum</span> <span class='ocrx_word' id='word_1_281' title='bbox 785 4401 845 4456; x_wconf 94' lang='lat' dir='ltr'>in</span> <span class='ocrx_word' id='word_1_282' title='bbox 875 4401 1204 4458; x_wconf 89' lang='lat' dir='ltr'>ministerio</span> <span class='ocrx_word' id='word_1_283' title='bbox 1232 4402 1633 4460; x_wconf 90' lang='lat' dir='ltr'>ecclesiastico</span> <span class='ocrx_word' id='word_1_284' title='bbox 1674 4420 1803 4462; x_wconf 89' lang='lat' dir='ltr'>esse</span> <span class='ocrx_word' id='word_1_285' title='bbox 1850 4421 1982 4478; x_wconf 92' lang='lat' dir='ltr'>pro-</span> 
     </span>
    </p>
   </div>
   <div class='ocr_carea' id='block_1_50' title="bbox 323 4491 578 4543">
    <p class='ocr_par' dir='ltr' id='par_1_50' title="bbox 323 4491 578 4543">
     <span class='ocr_line' id='line_1_50' title="bbox 323 4491 578 4543; baseline 0 0"><span class='ocrx_word' id='word_1_286' title='bbox 323 4491 578 4543; x_wconf 90' lang='lat' dir='ltr'>motum.</span> 
     </span>
    </p>
   </div>
   <div class='ocr_carea' id='block_1_51' title="bbox 390 4577 1982 4648">
    <p class='ocr_par' dir='ltr' id='par_1_51' title="bbox 390 4577 1982 4648">
     <span class='ocr_line' id='line_1_51' title="bbox 390 4577 1982 4648; baseline 0.004 -15"><span class='ocrx_word' id='word_1_287' title='bbox 390 4581 478 4633; x_wconf 84' lang='lat'>95.</span> <span class='ocrx_word' id='word_1_288' title='bbox 522 4577 579 4634; x_wconf 91' lang='lat' dir='ltr'>Si</span> <span class='ocrx_word' id='word_1_289' title='bbox 604 4577 826 4638; x_wconf 89' lang='lat' dir='ltr'>habeat</span> <span class='ocrx_word' id='word_1_290' title='bbox 849 4579 1250 4636; x_wconf 72' lang='lat' dir='ltr'>Pmnitentiale</span> <span class='ocrx_word' id='word_1_291' title='bbox 1269 4583 1626 4648; x_wconf 79' lang='lat' dir='ltr'>Romanum,</span> <span class='ocrx_word' id='word_1_292' title='bbox 1641 4583 1982 4639; x_wconf 85' lang='lat' dir='ltr'>vela&#39;l‘heo-</span> 
     </span>
    </p>
   </div>
   <div class='ocr_carea' id='block_1_52' title="bbox 319 4659 1983 4739">
    <p class='ocr_par' dir='ltr' id='par_1_52' title="bbox 319 4659 1983 4739">
     <span class='ocr_line' id='line_1_52' title="bbox 319 4659 1983 4739; baseline 0.004 -23"><span class='ocrx_word' id='word_1_293' title='bbox 319 4659 470 4718; x_wconf 92' lang='lat' dir='ltr'>doro</span> <span class='ocrx_word' id='word_1_294' title='bbox 503 4661 789 4735; x_wconf 88' lang='lat' dir='ltr'>episcopo</span> <span class='ocrx_word' id='word_1_295' title='bbox 820 4668 923 4719; x_wconf 88' lang='lat' dir='ltr'>aut</span> <span class='ocrx_word' id='word_1_296' title='bbox 952 4680 988 4719; x_wconf 88' lang='lat' dir='ltr'>a</span> <span class='ocrx_word' id='word_1_297' title='bbox 1041 4665 1369 4720; x_wconf 84' lang='lat' dir='ltr'>venerabili</span> <span class='ocrx_word' id='word_1_298' title='bbox 1424 4667 1776 4739; x_wconf 87' lang='lat' dir='ltr'>presbytero</span> <span class='ocrx_word' id='word_1_299' title='bbox 1825 4667 1983 4722; x_wconf 89' lang='lat' dir='ltr'>Beda</span> 
     </span>
    </p>
   </div>
   <div class='ocr_carea' id='block_1_53' title="bbox 319 4749 1982 4827">
    <p class='ocr_par' dir='ltr' id='par_1_53' title="bbox 319 4749 1982 4827">
     <span class='ocr_line' id='line_1_53' title="bbox 319 4749 1982 4827; baseline 0.004 -23"><span class='ocrx_word' id='word_1_300' title='bbox 319 4749 544 4807; x_wconf 89' lang='lat' dir='ltr'>editum</span> <span class='ocrx_word' id='word_1_301' title='bbox 569 4769 582 4817; x_wconf 89' lang='lat'><strong>;</strong></span> <span class='ocrx_word' id='word_1_302' title='bbox 615 4757 680 4808; x_wconf 89' lang='lat' dir='ltr'>ut</span> <span class='ocrx_word' id='word_1_303' title='bbox 711 4752 1047 4808; x_wconf 88' lang='lat' dir='ltr'>secundum</span> <span class='ocrx_word' id='word_1_304' title='bbox 1074 4753 1242 4825; x_wconf 92' lang='lat' dir='ltr'>quod</span> <span class='ocrx_word' id='word_1_305' title='bbox 1268 4754 1352 4809; x_wconf 88' lang='lat' dir='ltr'>ibi</span> <span class='ocrx_word' id='word_1_306' title='bbox 1379 4755 1672 4827; x_wconf 89' lang='lat' dir='ltr'>scriptum</span> <span class='ocrx_word' id='word_1_307' title='bbox 1693 4760 1782 4812; x_wconf 91' lang='lat' dir='ltr'>est</span> <span class='ocrx_word' id='word_1_308' title='bbox 1806 4755 1982 4811; x_wconf 89' lang='lat' dir='ltr'>inter-</span> 
     </span>
    </p>
   </div>
   <div class='ocr_carea' id='block_1_54' title="bbox 319 4840 1984 4917">
    <p class='ocr_par' dir='ltr' id='par_1_54' title="bbox 319 4840 1984 4917">
     <span class='ocr_line' id='line_1_54' title="bbox 319 4840 1984 4917; baseline 0.004 -25"><span class='ocrx_word' id='word_1_309' title='bbox 319 4843 489 4906; x_wconf 89' lang='lat' dir='ltr'>roget</span> <span class='ocrx_word' id='word_1_310' title='bbox 515 4840 918 4910; x_wconf 86' lang='lat' dir='ltr'>conﬁtentem,</span> <span class='ocrx_word' id='word_1_311' title='bbox 943 4846 1046 4898; x_wconf 91' lang='lat' dir='ltr'>aut</span> <span class='ocrx_word' id='word_1_312' title='bbox 1078 4841 1353 4898; x_wconf 80' lang='lat' dir='ltr'>confesso</span> <span class='ocrx_word' id='word_1_313' title='bbox 1395 4844 1646 4900; x_wconf 92' lang='lat' dir='ltr'>modum</span> <span class='ocrx_word' id='word_1_314' title='bbox 1693 4844 1984 4917; x_wconf 74' lang='lat' dir='ltr'>pmniten-</span> 
     </span>
    </p>
   </div>
   <div class='ocr_carea' id='block_1_55' title="bbox 321 4924 736 4997">
    <p class='ocr_par' dir='ltr' id='par_1_55' title="bbox 321 4924 736 4997">
     <span class='ocr_line' id='line_1_55' title="bbox 321 4924 736 4997; baseline 0.012 -19"><span class='ocrx_word' id='word_1_315' title='bbox 321 4924 415 4979; x_wconf 71' lang='lat' dir='ltr'>tiae</span> <span class='ocrx_word' id='word_1_316' title='bbox 445 4926 736 4997; x_wconf 88' lang='lat' dir='ltr'>imponat.</span> 
     </span>
    </p>
   </div>
   <div class='ocr_carea' id='block_1_56' title="bbox 891 5041 1395 5099">
    <p class='ocr_par' dir='ltr' id='par_1_56' title="bbox 891 5041 1395 5099">
     <span class='ocr_line' id='line_1_56' title="bbox 891 5041 1395 5099; baseline 0.004 -10"><span class='ocrx_word' id='word_1_317' title='bbox 891 5041 1038 5091; x_wconf 76' lang='lat' dir='ltr'>rmir</span> <span class='ocrx_word' id='word_1_318' title='bbox 1077 5052 1395 5099; x_wconf 71' lang='lat' dir='ltr'>lNOUISlTIO.</span> 
     </span>
    </p>
   </div>
   <div class='ocr_carea' id='block_1_57' title="bbox 392 5172 1978 5253">
    <p class='ocr_par' dir='ltr' id='par_1_57' title="bbox 392 5172 1978 5253">
     <span class='ocr_line' id='line_1_57' title="bbox 392 5172 1978 5253; baseline 0.007 -27"><span class='ocrx_word' id='word_1_319' title='bbox 392 5172 526 5229; x_wconf 69' lang='lat' dir='ltr'>Haac</span> <span class='ocrx_word' id='word_1_320' title='bbox 555 5189 688 5246; x_wconf 79' lang='lat' dir='ltr'>quae</span> <span class='ocrx_word' id='word_1_321' title='bbox 717 5177 1282 5250; x_wconf 88' lang='lat' dir='ltr'>supracapitulatim</span> <span class='ocrx_word' id='word_1_322' title='bbox 1304 5180 1663 5252; x_wconf 87' lang='lat' dir='ltr'>inquirenda</span> <span class='ocrx_word' id='word_1_323' title='bbox 1687 5183 1978 5253; x_wconf 89' lang='lat' dir='ltr'>expressi-</span> 
     </span>
    </p>
   </div>
   <div class='ocr_carea' id='block_1_58' title="bbox 323 5262 1749 5342">
    <p class='ocr_par' dir='ltr' id='par_1_58' title="bbox 323 5262 1749 5342">
     <span class='ocr_line' id='line_1_58' title="bbox 323 5262 1749 5342; baseline 0.006 -25"><span class='ocrx_word' id='word_1_324' title='bbox 323 5277 478 5327; x_wconf 91' lang='lat' dir='ltr'>mus,</span> <span class='ocrx_word' id='word_1_325' title='bbox 512 5262 857 5320; x_wconf 90' lang='lat' dir='ltr'>auctoritate</span> <span class='ocrx_word' id='word_1_326' title='bbox 887 5265 1178 5322; x_wconf 91' lang='lat' dir='ltr'>canonica</span> <span class='ocrx_word' id='word_1_327' title='bbox 1208 5267 1479 5324; x_wconf 89' lang='lat' dir='ltr'>roborari</span> <span class='ocrx_word' id='word_1_328' title='bbox 1500 5273 1749 5342; x_wconf 92' lang='lat' dir='ltr'>oportet.</span> 
     </span>
    </p>
   </div>
   <div class='ocr_carea' id='block_1_59' title="bbox 391 5491 1974 5571">
    <p class='ocr_par' dir='ltr' id='par_1_59' title="bbox 391 5491 1974 5571">
     <span class='ocr_line' id='line_1_59' title="bbox 391 5491 1974 5571; baseline 0.008 -25"><span class='ocrx_word' id='word_1_329' title='bbox 391 5491 565 5563; x_wconf 71' lang='lat'>(182‘)</span> <span class='ocrx_word' id='word_1_330' title='bbox 593 5496 654 5548; x_wconf 85' lang='lat' dir='ltr'>In</span> <span class='ocrx_word' id='word_1_331' title='bbox 687 5494 1020 5571; x_wconf 60' lang='lat' dir='ltr'>canonibus</span> <span class='ocrx_word' id='word_1_332' title='bbox 1049 5495 1306 5571; x_wconf 72' lang='lat' dir='ltr'>vulgatis</span> <span class='ocrx_word' id='word_1_333' title='bbox 1347 5500 1587 5571; x_wconf 80' lang='lat' dir='ltr'>concilii</span> <span class='ocrx_word' id='word_1_334' title='bbox 1645 5501 1974 5571; x_wconf 88' lang='lat' dir='ltr'>Meldensis,</span> 
     </span>
    </p>
   </div>
   <div class='ocr_carea' id='block_1_60' title="bbox 319 5563 1976 5637">
    <p class='ocr_par' dir='ltr' id='par_1_60' title="bbox 319 5563 1976 5637">
     <span class='ocr_line' id='line_1_60' title="bbox 319 5563 1976 5637; baseline -0.006 0"><span class='ocrx_word' id='word_1_335' title='bbox 319 5579 431 5637; x_wconf 65' lang='grc' dir='ltr'>Ρτο</span> <span class='ocrx_word' id='word_1_336' title='bbox 456 5578 528 5618; x_wconf 78' lang='grc' dir='ltr'>θο</span> <span class='ocrx_word' id='word_1_337' title='bbox 543 5563 710 5636; x_wconf 72' lang='grc' dir='ltr'>Ψιοά</span> <span class='ocrx_word' id='word_1_338' title='bbox 737 5566 958 5634; x_wconf 60' lang='lat' dir='ltr'>Regillo</span> <span class='ocrx_word' id='word_1_339' title='bbox 980 5572 1034 5624; x_wconf 88' lang='lat' dir='ltr'>et</span> <span class='ocrx_word' id='word_1_340' title='bbox 1060 5563 1440 5626; x_wconf 75' lang='lat' dir='ltr'>Burchardus</span> <span class='ocrx_word' id='word_1_341' title='bbox 1479 5571 1705 5629; x_wconf 87' lang='lat' dir='ltr'>habent</span> <span class='ocrx_word' id='word_1_342' title='bbox 1733 5563 1976 5630; x_wconf 62' lang='lat' dir='ltr'>converi</span> 
     </span>
    </p>
   </div>
   <div class='ocr_carea' id='block_1_61' title="bbox 319 5637 1976 5715">
    <p class='ocr_par' dir='ltr' id='par_1_61' title="bbox 319 5637 1976 5715">
     <span class='ocr_line' id='line_1_61' title="bbox 319 5637 1976 5715; baseline 0.004 -23"><span class='ocrx_word' id='word_1_343' title='bbox 319 5637 470 5692; x_wconf 88' lang='lat' dir='ltr'>satio</span> <span class='ocrx_word' id='word_1_344' title='bbox 493 5637 976 5705; x_wconf 80' lang='lat' dir='ltr'>reprehensibilis</span> <span class='ocrx_word' id='word_1_345' title='bbox 988 5641 1490 5711; x_wconf 76' lang='lat' dir='ltr'>contemptibilem</span> <span class='ocrx_word' id='word_1_346' title='bbox 1509 5645 1745 5714; x_wconf 83' lang='lat' dir='ltr'>reddat,</span> <span class='ocrx_word' id='word_1_347' title='bbox 1763 5644 1976 5715; x_wconf 76' lang='lat' dir='ltr'>legitur</span> 
     </span>
    </p>
   </div>
   <div class='ocr_carea' id='block_1_62' title="bbox 2159 383 3744 454">
    <p class='ocr_par' dir='ltr' id='par_1_62' title="bbox 2159 383 3744 454">
     <span class='ocr_line' id='line_1_62' title="bbox 2159 383 3744 454; baseline 0 -13"><span class='ocrx_word' id='word_1_348' title='bbox 2159 387 2524 442; x_wconf 81' lang='lat' dir='ltr'>stodiantur.</span> <span class='ocrx_word' id='word_1_349' title='bbox 2561 387 2659 440; x_wconf 71' lang='lat' dir='ltr'>Ex</span> <span class='ocrx_word' id='word_1_350' title='bbox 2683 386 2935 441; x_wconf 84' lang='lat' dir='ltr'>concilio</span> <span class='ocrx_word' id='word_1_351' title='bbox 2967 383 3279 448; x_wconf 84' lang='lat' dir='ltr'>Meldensi,</span> <span class='ocrx_word' id='word_1_352' title='bbox 3316 384 3476 454; x_wconf 86' lang='lat' dir='ltr'>quod</span> <span class='ocrx_word' id='word_1_353' title='bbox 3507 385 3744 453; x_wconf 86' lang='lat' dir='ltr'>factum</span> 
     </span>
    </p>
   </div>
   <div class='ocr_carea' id='block_1_63' title="bbox 2153 455 3747 526">
    <p class='ocr_par' dir='ltr' id='par_1_63' title="bbox 2153 455 3747 526">
     <span class='ocr_line' id='line_1_63' title="bbox 2153 455 3747 526; baseline 0.001 -15"><span class='ocrx_word' id='word_1_354' title='bbox 2153 458 2276 526; x_wconf 87' lang='lat' dir='ltr'>fuit</span> <span class='ocrx_word' id='word_1_355' title='bbox 2299 458 2656 526; x_wconf 79' lang='lat' dir='ltr'>temporibus</span> <span class='ocrx_word' id='word_1_356' title='bbox 2680 456 2889 512; x_wconf 84' lang='lat' dir='ltr'>Caroli</span> <span class='ocrx_word' id='word_1_357' title='bbox 2905 455 3191 525; x_wconf 82' lang='lat' dir='ltr'>junioris,</span> <span class='ocrx_word' id='word_1_358' title='bbox 3225 470 3385 510; x_wconf 88' lang='lat' dir='ltr'>anno</span> <span class='ocrx_word' id='word_1_359' title='bbox 3417 456 3747 526; x_wconf 68' lang='lat' dir='ltr'>Dominicas</span> 
     </span>
    </p>
   </div>
   <div class='ocr_carea' id='block_1_64' title="bbox 2156 525 3739 595">
    <p class='ocr_par' dir='ltr' id='par_1_64' title="bbox 2156 525 3739 595">
     <span class='ocr_line' id='line_1_64' title="bbox 2156 525 3739 595; baseline -0.001 -12"><span class='ocrx_word' id='word_1_360' title='bbox 2156 525 2592 585; x_wconf 78' lang='lat' dir='ltr'>incarnationis</span> <span class='ocrx_word' id='word_1_361' title='bbox 2620 531 2741 594; x_wconf 78' lang='grc'>845,</span> <span class='ocrx_word' id='word_1_362' title='bbox 2775 543 2805 582; x_wconf 93' lang='lat' dir='ltr'>v</span> <span class='ocrx_word' id='word_1_363' title='bbox 2858 527 3171 582; x_wconf 81' lang='lat' dir='ltr'>Kalendas</span> <span class='ocrx_word' id='word_1_364' title='bbox 3210 527 3386 595; x_wconf 81' lang='lat' dir='ltr'>Julii,</span> <span class='ocrx_word' id='word_1_365' title='bbox 3444 525 3654 583; x_wconf 86' lang='lat' dir='ltr'>indict.</span> <span class='ocrx_word' id='word_1_366' title='bbox 3706 530 3739 582; x_wconf 92' lang='lat'>8</span> 
     </span>
    </p>
   </div>
   <div class='ocr_carea' id='block_1_65' title="bbox 2161 600 2454 655">
    <p class='ocr_par' dir='ltr' id='par_1_65' title="bbox 2161 600 2454 655">
     <span class='ocr_line' id='line_1_65' title="bbox 2161 600 2454 655; baseline 0.003 -1"><span class='ocrx_word' id='word_1_367' title='bbox 2161 601 2336 655; x_wconf 78' lang='lat' dir='ltr'>titulo</span> <span class='ocrx_word' id='word_1_368' title='bbox 2372 600 2454 655; x_wconf 89' lang='lat'>10.</span> 
     </span>
    </p>
   </div>
   <div class='ocr_carea' id='block_1_66' title="bbox 2159 702 3742 778">
    <p class='ocr_par' dir='ltr' id='par_1_66' title="bbox 2159 702 3742 778">
     <span class='ocr_line' id='line_1_66' title="bbox 2159 702 3742 778; baseline -0.002 -14"><span class='ocrx_word' id='word_1_369' title='bbox 2159 711 2198 764; x_wconf 91' lang='grc'>1.</span> <span class='ocrx_word' id='word_1_370' title='bbox 2245 708 2493 778; x_wconf 87' lang='lat' dir='ltr'>(Concil.</span> <span class='ocrx_word' id='word_1_371' title='bbox 2516 707 2696 763; x_wconf 84' lang='lat' dir='ltr'>Meld.</span> <span class='ocrx_word' id='word_1_372' title='bbox 2733 722 2782 761; x_wconf 93' lang='lat' dir='ltr'>c.</span> <span class='ocrx_word' id='word_1_373' title='bbox 2817 707 2922 773; x_wconf 83' lang='lat'>34;</span> <span class='ocrx_word' id='word_1_374' title='bbox 2974 707 3291 760; x_wconf 76' lang='lat' dir='ltr'>BURCHARD.</span> <span class='ocrx_word' id='word_1_375' title='bbox 3348 702 3450 760; x_wconf 92' lang='lat' dir='ltr'>lib.</span> <span class='ocrx_word' id='word_1_376' title='bbox 3481 722 3519 772; x_wconf 92' lang='lat'>1,</span> <span class='ocrx_word' id='word_1_377' title='bbox 3548 722 3599 759; x_wconf 89' lang='lat' dir='ltr'>c.</span> <span class='ocrx_word' id='word_1_378' title='bbox 3629 706 3742 776; x_wconf 90' lang='grc'>61.)</span> 
     </span>
    </p>
   </div>
   <div class='ocr_carea' id='block_1_67' title="bbox 2087 792 3744 867">
    <p class='ocr_par' dir='ltr' id='par_1_67' title="bbox 2087 792 3744 867">
     <span class='ocr_line' id='line_1_67' title="bbox 2087 792 3744 867; baseline 0.001 -17"><span class='ocrx_word' id='word_1_379' title='bbox 2087 797 2289 853; x_wconf 92' lang='lat' dir='ltr'>Canon</span> <span class='ocrx_word' id='word_1_380' title='bbox 2299 813 2398 852; x_wconf 91' lang='lat' dir='ltr'>um</span> <span class='ocrx_word' id='word_1_381' title='bbox 2421 800 2639 852; x_wconf 87' lang='lat' dir='ltr'>statuta</span> <span class='ocrx_word' id='word_1_382' title='bbox 2655 795 2780 851; x_wconf 88' lang='lat' dir='ltr'>sine</span> <span class='ocrx_word' id='word_1_383' title='bbox 2796 793 3142 867; x_wconf 78' lang='lat' dir='ltr'>praejudicio</span> <span class='ocrx_word' id='word_1_384' title='bbox 3162 792 3240 848; x_wconf 92' lang='lat' dir='ltr'>ab</span> <span class='ocrx_word' id='word_1_385' title='bbox 3256 792 3538 849; x_wconf 92' lang='lat' dir='ltr'>omnibus</span> <span class='ocrx_word' id='word_1_386' title='bbox 3551 799 3744 851; x_wconf 89' lang='lat' dir='ltr'>custo-</span> 
     </span>
    </p>
   </div>
   <div class='ocr_carea' id='block_1_68' title="bbox 2087 882 3744 954">
    <p class='ocr_par' dir='ltr' id='par_1_68' title="bbox 2087 882 3744 954">
     <span class='ocr_line' id='line_1_68' title="bbox 2087 882 3744 954; baseline -0.001 -12"><span class='ocrx_word' id='word_1_387' title='bbox 2087 886 2346 954; x_wconf 86' lang='lat' dir='ltr'>diantur,</span> <span class='ocrx_word' id='word_1_388' title='bbox 2375 890 2430 941; x_wconf 92' lang='lat' dir='ltr'>et</span> <span class='ocrx_word' id='word_1_389' title='bbox 2458 901 2637 942; x_wconf 92' lang='lat' dir='ltr'>nemo</span> <span class='ocrx_word' id='word_1_390' title='bbox 2664 885 2724 940; x_wconf 93' lang='lat' dir='ltr'>in</span> <span class='ocrx_word' id='word_1_391' title='bbox 2747 883 3082 940; x_wconf 89' lang='lat' dir='ltr'>actionibus</span> <span class='ocrx_word' id='word_1_392' title='bbox 3104 882 3195 938; x_wconf 86' lang='lat' dir='ltr'>vel</span> <span class='ocrx_word' id='word_1_393' title='bbox 3208 882 3446 954; x_wconf 90' lang='lat' dir='ltr'>judiciis</span> <span class='ocrx_word' id='word_1_394' title='bbox 3468 883 3744 941; x_wconf 85' lang='lat' dir='ltr'>ecclesia-</span> 
     </span>
    </p>
   </div>
   <div class='ocr_carea' id='block_1_69' title="bbox 2089 972 3742 1046">
    <p class='ocr_par' dir='ltr' id='par_1_69' title="bbox 2089 972 3742 1046">
     <span class='ocr_line' id='line_1_69' title="bbox 2089 972 3742 1046; baseline -0.001 -14"><span class='ocrx_word' id='word_1_395' title='bbox 2089 975 2245 1032; x_wconf 90' lang='lat' dir='ltr'>sticis</span> <span class='ocrx_word' id='word_1_396' title='bbox 2277 992 2386 1046; x_wconf 89' lang='lat' dir='ltr'>suo</span> <span class='ocrx_word' id='word_1_397' title='bbox 2400 992 2598 1041; x_wconf 66' lang='lat' dir='ltr'>sensu,</span> <span class='ocrx_word' id='word_1_398' title='bbox 2627 974 2730 1030; x_wconf 92' lang='lat' dir='ltr'>sed</span> <span class='ocrx_word' id='word_1_399' title='bbox 2752 990 2961 1030; x_wconf 91' lang='lat' dir='ltr'>eorum</span> <span class='ocrx_word' id='word_1_400' title='bbox 2985 972 3356 1039; x_wconf 89' lang='lat' dir='ltr'>auctoritate,</span> <span class='ocrx_word' id='word_1_401' title='bbox 3379 972 3651 1030; x_wconf 87' lang='lat' dir='ltr'>ducatur.</span> <span class='ocrx_word' id='word_1_402' title='bbox 3677 978 3742 1030; x_wconf 88' lang='lat' dir='ltr'>In</span> 
     </span>
    </p>
   </div>
   <div class='ocr_carea' id='block_1_70' title="bbox 2087 1051 3744 1138">
    <p class='ocr_par' dir='ltr' id='par_1_70' title="bbox 2087 1051 3744 1138">
     <span class='ocr_line' id='line_1_70' title="bbox 2087 1051 3744 1138; baseline -0.001 -17"><span class='ocrx_word' id='word_1_403' title='bbox 2087 1051 2457 1138; x_wconf 81' lang='lat' dir='ltr'>exponendis</span> <span class='ocrx_word' id='word_1_404' title='bbox 2479 1066 2655 1121; x_wconf 88' lang='lat' dir='ltr'>etiam</span> <span class='ocrx_word' id='word_1_405' title='bbox 2673 1063 2768 1120; x_wconf 88' lang='lat' dir='ltr'>vel</span> <span class='ocrx_word' id='word_1_406' title='bbox 2779 1062 3176 1136; x_wconf 69' lang='lat' dir='ltr'>praedicandis</span> <span class='ocrx_word' id='word_1_407' title='bbox 3189 1061 3406 1117; x_wconf 85' lang='lat' dir='ltr'>divinis</span> <span class='ocrx_word' id='word_1_408' title='bbox 3430 1062 3744 1135; x_wconf 80' lang='lat' dir='ltr'>Scripturis</span> 
     </span>
    </p>
   </div>
   <div class='ocr_carea' id='block_1_71' title="bbox 2088 1150 3746 1224">
    <p class='ocr_par' dir='ltr' id='par_1_71' title="bbox 2088 1150 3746 1224">
     <span class='ocr_line' id='line_1_71' title="bbox 2088 1150 3746 1224; baseline 0 -14"><span class='ocrx_word' id='word_1_409' title='bbox 2088 1159 2431 1210; x_wconf 89' lang='lat' dir='ltr'>sanctorum</span> <span class='ocrx_word' id='word_1_410' title='bbox 2467 1152 2899 1209; x_wconf 89' lang='lat' dir='ltr'>catholicorum</span> <span class='ocrx_word' id='word_1_411' title='bbox 2949 1156 3005 1208; x_wconf 86' lang='lat' dir='ltr'>et</span> <span class='ocrx_word' id='word_1_412' title='bbox 3034 1150 3595 1224; x_wconf 89' lang='lat' dir='ltr'>probatissimorum</span> <span class='ocrx_word' id='word_1_413' title='bbox 3643 1155 3746 1210; x_wconf 88' lang='lat' dir='ltr'>Pa-</span> 
     </span>
    </p>
   </div>
   <div class='ocr_carea' id='block_1_72' title="bbox 2087 1241 3736 1315">
    <p class='ocr_par' dir='ltr' id='par_1_72' title="bbox 2087 1241 3736 1315">
     <span class='ocr_line' id='line_1_72' title="bbox 2087 1241 3736 1315; baseline -0.003 -14"><span class='ocrx_word' id='word_1_414' title='bbox 2087 1249 2243 1301; x_wconf 89' lang='lat' dir='ltr'>trum</span> <span class='ocrx_word' id='word_1_415' title='bbox 2275 1260 2516 1299; x_wconf 91' lang='lat' dir='ltr'>sensum</span> <span class='ocrx_word' id='word_1_416' title='bbox 2542 1243 2796 1315; x_wconf 87' lang='lat' dir='ltr'>quisque</span> <span class='ocrx_word' id='word_1_417' title='bbox 2823 1246 3142 1314; x_wconf 89' lang='lat' dir='ltr'>sequatur;</span> <span class='ocrx_word' id='word_1_418' title='bbox 3201 1241 3263 1296; x_wconf 92' lang='lat' dir='ltr'>in</span> <span class='ocrx_word' id='word_1_419' title='bbox 3309 1257 3570 1314; x_wconf 90' lang='lat' dir='ltr'>quorum</span> <span class='ocrx_word' id='word_1_420' title='bbox 3626 1243 3736 1314; x_wconf 79' lang='lat'><strong>31</strong></span> 
     </span>
    </p>
   </div>
   <div class='ocr_carea' id='block_1_73' title="bbox 2089 1325 3748 1401">
    <p class='ocr_par' dir='ltr' id='par_1_73' title="bbox 2089 1325 3748 1401">
     <span class='ocr_line' id='line_1_73' title="bbox 2089 1325 3748 1401; baseline -0.001 -17"><span class='ocrx_word' id='word_1_421' title='bbox 2089 1328 2339 1401; x_wconf 90' lang='lat' dir='ltr'>scriptis,</span> <span class='ocrx_word' id='word_1_422' title='bbox 2369 1332 2431 1384; x_wconf 90' lang='lat' dir='ltr'>ut</span> <span class='ocrx_word' id='word_1_423' title='bbox 2459 1327 2674 1383; x_wconf 88' lang='lat' dir='ltr'>beatus</span> <span class='ocrx_word' id='word_1_424' title='bbox 2703 1325 2843 1382; x_wconf 91' lang='lat' dir='ltr'>dicit</span> <span class='ocrx_word' id='word_1_425' title='bbox 2896 1325 3296 1398; x_wconf 57' lang='lat' dir='ltr'>Hieronymus</span> <span class='ocrx_word' id='word_1_426' title='bbox 3349 1325 3434 1394; x_wconf 90' lang='lat' dir='ltr'>(in</span> <span class='ocrx_word' id='word_1_427' title='bbox 3465 1328 3631 1397; x_wconf 88' lang='lat' dir='ltr'>epist.</span> <span class='ocrx_word' id='word_1_428' title='bbox 3664 1329 3748 1383; x_wconf 87' lang='lat' dir='ltr'>ad</span> 
     </span>
    </p>
   </div>
   <div class='ocr_carea' id='block_1_74' title="bbox 2087 1414 3198 1487">
    <p class='ocr_par' dir='ltr' id='par_1_74' title="bbox 2087 1414 3198 1487">
     <span class='ocr_line' id='line_1_74' title="bbox 2087 1414 3198 1487; baseline -0.004 -14"><span class='ocrx_word' id='word_1_429' title='bbox 2087 1417 2359 1487; x_wconf 64' lang='lat' dir='ltr'>Lmtam),</span> <span class='ocrx_word' id='word_1_430' title='bbox 2377 1415 2517 1473; x_wconf 89' lang='lat' dir='ltr'>ﬁdei</span> <span class='ocrx_word' id='word_1_431' title='bbox 2547 1415 2766 1472; x_wconf 89' lang='lat' dir='ltr'>veritas</span> <span class='ocrx_word' id='word_1_432' title='bbox 2792 1431 2914 1471; x_wconf 91' lang='lat' dir='ltr'>non</span> <span class='ocrx_word' id='word_1_433' title='bbox 2941 1414 3198 1471; x_wconf 88' lang='lat' dir='ltr'>vacillat.</span> 
     </span>
    </p>
   </div>
   <div class='ocr_carea' id='block_1_75' title="bbox 2162 1503 3750 1594">
    <p class='ocr_par' dir='ltr' id='par_1_75' title="bbox 2162 1503 3750 1594">
     <span class='ocr_line' id='line_1_75' title="bbox 2162 1503 3750 1594; baseline -0.003 -15"><span class='ocrx_word' id='word_1_434' title='bbox 2162 1523 2213 1594; x_wconf 85' lang='lat'><strong>3</strong></span> <span class='ocrx_word' id='word_1_435' title='bbox 2230 1525 2270 1592; x_wconf 83' lang='lat'><strong>1</strong></span> <span class='ocrx_word' id='word_1_436' title='bbox 2307 1503 2557 1594; x_wconf 42' lang='lat' dir='ltr'>IQualem</span> <span class='ocrx_word' id='word_1_437' title='bbox 2582 1523 2920 1594; x_wconf 84' lang='lat' dir='ltr'>ministrum</span> <span class='ocrx_word' id='word_1_438' title='bbox 2943 1521 3245 1594; x_wconf 78' lang='lat' dir='ltr'>eqiscopus</span> <span class='ocrx_word' id='word_1_439' title='bbox 3257 1521 3447 1594; x_wconf 75' lang='lat' dir='ltr'>juxta</span> <span class='ocrx_word' id='word_1_440' title='bbox 3462 1534 3521 1574; x_wconf 91' lang='lat' dir='ltr'>se</span> <span class='ocrx_word' id='word_1_441' title='bbox 3532 1518 3750 1574; x_wconf 86' lang='lat' dir='ltr'>habere</span> 
     </span>
    </p>
   </div>
   <div class='ocr_carea' id='block_1_76' title="bbox 2355 1589 3474 1656">
    <p class='ocr_par' dir='ltr' id='par_1_76' title="bbox 2355 1589 3474 1656">
     <span class='ocr_line' id='line_1_76' title="bbox 2355 1589 3474 1656; baseline -0.004 -10"><span class='ocrx_word' id='word_1_442' title='bbox 2355 1593 2583 1649; x_wconf 84' lang='lat' dir='ltr'>debeat.</span> <span class='ocrx_word' id='word_1_443' title='bbox 2608 1593 2707 1648; x_wconf 75' lang='lat' dir='ltr'>Ex</span> <span class='ocrx_word' id='word_1_444' title='bbox 2736 1593 2935 1648; x_wconf 90' lang='lat' dir='ltr'>eodem</span> <span class='ocrx_word' id='word_1_445' title='bbox 2967 1589 3238 1656; x_wconf 77' lang='lat' dir='ltr'>concilio,</span> <span class='ocrx_word' id='word_1_446' title='bbox 3268 1590 3358 1644; x_wconf 86' lang='lat' dir='ltr'>tit.</span> <span class='ocrx_word' id='word_1_447' title='bbox 3394 1589 3474 1643; x_wconf 91' lang='grc'>11.</span> 
     </span>
    </p>
   </div>
   <div class='ocr_carea' id='block_1_77' title="bbox 2161 1678 3748 1770">
    <p class='ocr_par' dir='ltr' id='par_1_77' title="bbox 2161 1678 3748 1770">
     <span class='ocr_line' id='line_1_77' title="bbox 2161 1678 3748 1770; baseline -0.004 -16"><span class='ocrx_word' id='word_1_448' title='bbox 2161 1704 2225 1754; x_wconf 90' lang='lat' dir='ltr'>ll.</span> <span class='ocrx_word' id='word_1_449' title='bbox 2261 1699 2515 1770; x_wconf 87' lang='lat' dir='ltr'>(Concil.</span> <span class='ocrx_word' id='word_1_450' title='bbox 2545 1699 2729 1755; x_wconf 82' lang='lat' dir='ltr'>Meld.</span> <span class='ocrx_word' id='word_1_451' title='bbox 2763 1715 2814 1753; x_wconf 92' lang='lat' dir='ltr'>c.</span> <span class='ocrx_word' id='word_1_452' title='bbox 2843 1702 2908 1754; x_wconf 84' lang='lat'>35</span> <span class='ocrx_word' id='word_1_453' title='bbox 2935 1699 3288 1764; x_wconf 65' lang='lat' dir='ltr'>;Buacuxno.</span> <span class='ocrx_word' id='word_1_454' title='bbox 3341 1695 3444 1752; x_wconf 91' lang='lat' dir='ltr'>lib.</span> <span class='ocrx_word' id='word_1_455' title='bbox 3479 1713 3516 1766; x_wconf 90' lang='lat'>1,</span> <span class='ocrx_word' id='word_1_456' title='bbox 3547 1712 3596 1752; x_wconf 90' lang='lat' dir='ltr'>c.</span> <span class='ocrx_word' id='word_1_457' title='bbox 3630 1678 3748 1752; x_wconf 84' lang='lat'>83-)</span> 
     </span>
    </p>
   </div>
   <div class='ocr_carea' id='block_1_78' title="bbox 2091 1785 3726 1860">
    <p class='ocr_par' dir='ltr' id='par_1_78' title="bbox 2091 1785 3726 1860">
     <span class='ocr_line' id='line_1_78' title="bbox 2091 1785 3726 1860; baseline -0.003 -16"><span class='ocrx_word' id='word_1_458' title='bbox 2091 1792 2160 1844; x_wconf 89' lang='lat' dir='ltr'>Ut</span> <span class='ocrx_word' id='word_1_459' title='bbox 2187 1789 2443 1860; x_wconf 89' lang='lat' dir='ltr'>quisque</span> <span class='ocrx_word' id='word_1_460' title='bbox 2465 1788 2784 1860; x_wconf 91' lang='lat' dir='ltr'>episcopus</span> <span class='ocrx_word' id='word_1_461' title='bbox 2812 1787 2991 1844; x_wconf 86' lang='lat' dir='ltr'>talem</span> <span class='ocrx_word' id='word_1_462' title='bbox 2998 1787 3170 1857; x_wconf 88' lang='lat' dir='ltr'>juxta</span> <span class='ocrx_word' id='word_1_463' title='bbox 3189 1802 3251 1841; x_wconf 88' lang='lat' dir='ltr'>se</span> <span class='ocrx_word' id='word_1_464' title='bbox 3272 1801 3382 1858; x_wconf 90' lang='lat' dir='ltr'>pro</span> <span class='ocrx_word' id='word_1_465' title='bbox 3404 1785 3631 1841; x_wconf 86' lang='lat' dir='ltr'>viribus</span> <span class='ocrx_word' id='word_1_466' title='bbox 3649 1785 3726 1840; x_wconf 87' lang='lat' dir='ltr'>ha</span> 
     </span>
    </p>
   </div>
   <div class='ocr_carea' id='block_1_79' title="bbox 2089 1873 3749 1948">
    <p class='ocr_par' dir='ltr' id='par_1_79' title="bbox 2089 1873 3749 1948">
     <span class='ocr_line' id='line_1_79' title="bbox 2089 1873 3749 1948; baseline -0.002 -16"><span class='ocrx_word' id='word_1_467' title='bbox 2089 1877 2229 1932; x_wconf 89' lang='lat' dir='ltr'>bere</span> <span class='ocrx_word' id='word_1_468' title='bbox 2250 1876 2509 1932; x_wconf 88' lang='lat' dir='ltr'>decertet</span> <span class='ocrx_word' id='word_1_469' title='bbox 2551 1876 2653 1948; x_wconf 92' lang='lat' dir='ltr'>qui</span> <span class='ocrx_word' id='word_1_470' title='bbox 2688 1877 2860 1947; x_wconf 86' lang='lat' dir='ltr'>juxta</span> <span class='ocrx_word' id='word_1_471' title='bbox 2899 1874 3368 1930; x_wconf 89' lang='lat' dir='ltr'>sincerissimum</span> <span class='ocrx_word' id='word_1_472' title='bbox 3409 1879 3466 1929; x_wconf 91' lang='lat' dir='ltr'>et</span> <span class='ocrx_word' id='word_1_473' title='bbox 3501 1873 3749 1946; x_wconf 87' lang='lat' dir='ltr'>purissi-</span> 
     </span>
    </p>
   </div>
   <div class='ocr_carea' id='block_1_80' title="bbox 2089 1962 3750 2020">
    <p class='ocr_par' dir='ltr' id='par_1_80' title="bbox 2089 1962 3750 2020">
     <span class='ocr_line' id='line_1_80' title="bbox 2089 1962 3750 2020; baseline -0.002 0"><span class='ocrx_word' id='word_1_474' title='bbox 2089 1981 2259 2020; x_wconf 91' lang='lat' dir='ltr'>mum</span> <span class='ocrx_word' id='word_1_475' title='bbox 2281 1981 2524 2020; x_wconf 89' lang='lat' dir='ltr'>sensum</span> <span class='ocrx_word' id='word_1_476' title='bbox 2547 1964 2998 2020; x_wconf 87' lang='lat' dir='ltr'>catholicorum.</span> <span class='ocrx_word' id='word_1_477' title='bbox 3024 1967 3263 2019; x_wconf 89' lang='lat' dir='ltr'>Patrum</span> <span class='ocrx_word' id='word_1_478' title='bbox 3304 1962 3424 2019; x_wconf 85' lang='lat' dir='ltr'>ﬁde</span> <span class='ocrx_word' id='word_1_479' title='bbox 3446 1967 3502 2017; x_wconf 91' lang='lat' dir='ltr'>et</span> <span class='ocrx_word' id='word_1_480' title='bbox 3546 1962 3750 2018; x_wconf 91' lang='lat' dir='ltr'>obser-</span> 
     </span>
    </p>
   </div>
   <div class='ocr_carea' id='block_1_81' title="bbox 2088 2051 3749 2125">
    <p class='ocr_par' dir='ltr' id='par_1_81' title="bbox 2088 2051 3749 2125">
     <span class='ocr_line' id='line_1_81' title="bbox 2088 2051 3749 2125; baseline -0.002 -16"><span class='ocrx_word' id='word_1_481' title='bbox 2088 2055 2326 2109; x_wconf 89' lang='lat' dir='ltr'>vatione</span> <span class='ocrx_word' id='word_1_482' title='bbox 2349 2054 2772 2110; x_wconf 86' lang='lat' dir='ltr'>mandatorum</span> <span class='ocrx_word' id='word_1_483' title='bbox 2791 2053 2886 2109; x_wconf 90' lang='lat' dir='ltr'>dei</span> <span class='ocrx_word' id='word_1_484' title='bbox 2901 2069 3006 2109; x_wconf 92' lang='lat' dir='ltr'>seu</span> <span class='ocrx_word' id='word_1_485' title='bbox 3045 2057 3099 2108; x_wconf 93' lang='lat' dir='ltr'>et</span> <span class='ocrx_word' id='word_1_486' title='bbox 3130 2051 3569 2125; x_wconf 58' lang='lat' dir='ltr'>praedicationis</span> <span class='ocrx_word' id='word_1_487' title='bbox 3601 2051 3749 2107; x_wconf 89' lang='lat' dir='ltr'>doc-</span> 
     </span>
    </p>
   </div>
   <div class='ocr_carea' id='block_1_82' title="bbox 2090 2140 3750 2214">
    <p class='ocr_par' dir='ltr' id='par_1_82' title="bbox 2090 2140 3750 2214">
     <span class='ocr_line' id='line_1_82' title="bbox 2090 2140 3750 2214; baseline -0.001 -17"><span class='ocrx_word' id='word_1_488' title='bbox 2090 2142 2244 2197; x_wconf 88' lang='lat' dir='ltr'>trina</span> <span class='ocrx_word' id='word_1_489' title='bbox 2265 2141 2646 2214; x_wconf 89' lang='lat' dir='ltr'>presbyteros</span> <span class='ocrx_word' id='word_1_490' title='bbox 2665 2141 2930 2214; x_wconf 90' lang='lat' dir='ltr'>plebium</span> <span class='ocrx_word' id='word_1_491' title='bbox 2952 2140 3189 2197; x_wconf 90' lang='lat' dir='ltr'>assidue</span> <span class='ocrx_word' id='word_1_492' title='bbox 3207 2141 3464 2197; x_wconf 89' lang='lat' dir='ltr'>instruat</span> <span class='ocrx_word' id='word_1_493' title='bbox 3481 2145 3538 2196; x_wconf 91' lang='lat' dir='ltr'>et</span> <span class='ocrx_word' id='word_1_494' title='bbox 3560 2140 3750 2196; x_wconf 83' lang='lat' dir='ltr'>infor-</span> 
     </span>
    </p>
   </div>
   <div class='ocr_carea' id='block_1_83' title="bbox 2091 2229 3753 2303">
    <p class='ocr_par' dir='ltr' id='par_1_83' title="bbox 2091 2229 3753 2303">
     <span class='ocr_line' id='line_1_83' title="bbox 2091 2229 3753 2303; baseline -0.001 -17"><span class='ocrx_word' id='word_1_495' title='bbox 2091 2236 2230 2297; x_wconf 89' lang='lat' dir='ltr'>met,</span> <span class='ocrx_word' id='word_1_496' title='bbox 2249 2247 2324 2286; x_wconf 91' lang='lat' dir='ltr'>ne</span> <span class='ocrx_word' id='word_1_497' title='bbox 2347 2231 2566 2286; x_wconf 90' lang='lat' dir='ltr'>domus</span> <span class='ocrx_word' id='word_1_498' title='bbox 2591 2232 2686 2286; x_wconf 92' lang='lat' dir='ltr'>Dei</span> <span class='ocrx_word' id='word_1_499' title='bbox 2705 2229 2846 2299; x_wconf 88' lang='lat' dir='ltr'>vivi,</span> <span class='ocrx_word' id='word_1_500' title='bbox 2861 2235 3096 2303; x_wconf 70' lang='lat' dir='ltr'>quaeest</span> <span class='ocrx_word' id='word_1_501' title='bbox 3117 2229 3394 2299; x_wconf 87' lang='lat' dir='ltr'>Ecclesia,</span> <span class='ocrx_word' id='word_1_502' title='bbox 3419 2230 3542 2286; x_wconf 88' lang='lat' dir='ltr'>sine</span> <span class='ocrx_word' id='word_1_503' title='bbox 3562 2230 3753 2286; x_wconf 85' lang='lat' dir='ltr'>lucer-</span> 
     </span>
    </p>
   </div>
   <div class='ocr_carea' id='block_1_84' title="bbox 2091 2312 3754 2376">
    <p class='ocr_par' dir='ltr' id='par_1_84' title="bbox 2091 2312 3754 2376">
     <span class='ocr_line' id='line_1_84' title="bbox 2091 2312 3754 2376; baseline -0.001 -1"><span class='ocrx_word' id='word_1_504' title='bbox 2091 2335 2170 2375; x_wconf 89' lang='lat' dir='ltr'>na</span> <span class='ocrx_word' id='word_1_505' title='bbox 2185 2319 2347 2376; x_wconf 87' lang='lat' dir='ltr'>verbi</span> <span class='ocrx_word' id='word_1_506' title='bbox 2363 2319 2548 2375; x_wconf 90' lang='lat' dir='ltr'>divini</span> <span class='ocrx_word' id='word_1_507' title='bbox 2570 2323 2895 2375; x_wconf 88' lang='lat' dir='ltr'>remaneat.</span> <span class='ocrx_word' id='word_1_508' title='bbox 2943 2319 3056 2374; x_wconf 92' lang='lat' dir='ltr'>Sed</span> <span class='ocrx_word' id='word_1_509' title='bbox 3096 2322 3152 2374; x_wconf 88' lang='lat' dir='ltr'>et</span> <span class='ocrx_word' id='word_1_510' title='bbox 3179 2312 3370 2374; x_wconf 67' lang='lat' dir='ltr'>isdem</span> <span class='ocrx_word' id='word_1_511' title='bbox 3388 2317 3518 2374; x_wconf 89' lang='lat' dir='ltr'>talis</span> <span class='ocrx_word' id='word_1_512' title='bbox 3539 2317 3754 2374; x_wconf 87' lang='lat' dir='ltr'>existat</span> 
     </span>
    </p>
   </div>
   <div class='ocr_carea' id='block_1_85' title="bbox 2091 2406 3752 2481">
    <p class='ocr_par' dir='ltr' id='par_1_85' title="bbox 2091 2406 3752 2481">
     <span class='ocr_line' id='line_1_85' title="bbox 2091 2406 3752 2481; baseline -0.002 -16"><span class='ocrx_word' id='word_1_513' title='bbox 2091 2425 2271 2481; x_wconf 89' lang='lat' dir='ltr'>quem</span> <span class='ocrx_word' id='word_1_514' title='bbox 2291 2425 2462 2464; x_wconf 88' lang='lat' dir='ltr'>amor</span> <span class='ocrx_word' id='word_1_515' title='bbox 2479 2409 2749 2480; x_wconf 82' lang='lat' dir='ltr'>pecuniae</span> <span class='ocrx_word' id='word_1_516' title='bbox 2774 2424 2899 2464; x_wconf 92' lang='lat' dir='ltr'>non</span> <span class='ocrx_word' id='word_1_517' title='bbox 2918 2411 3111 2475; x_wconf 85' lang='lat' dir='ltr'>vexet,</span> <span class='ocrx_word' id='word_1_518' title='bbox 3135 2411 3239 2463; x_wconf 91' lang='lat' dir='ltr'>aut</span> <span class='ocrx_word' id='word_1_519' title='bbox 3266 2406 3507 2479; x_wconf 91' lang='lat' dir='ltr'>reprobi</span> <span class='ocrx_word' id='word_1_520' title='bbox 3549 2423 3752 2462; x_wconf 90' lang='lat' dir='ltr'>mores</span> 
     </span>
    </p>
   </div>
   <div class='ocr_carea' id='block_1_86' title="bbox 2091 2495 3750 2570">
    <p class='ocr_par' dir='ltr' id='par_1_86' title="bbox 2091 2495 3750 2570">
     <span class='ocr_line' id='line_1_86' title="bbox 2091 2495 3750 2570; baseline -0.001 -16"><span class='ocrx_word' id='word_1_521' title='bbox 2091 2501 2148 2554; x_wconf 91' lang='lat' dir='ltr'>et</span> <span class='ocrx_word' id='word_1_522' title='bbox 2177 2499 2550 2554; x_wconf 88' lang='lat' dir='ltr'>conversatio</span> <span class='ocrx_word' id='word_1_523' title='bbox 2575 2496 3057 2570; x_wconf 87' lang='lat' dir='ltr'>reprehensibilis</span> <span class='ocrx_word' id='word_1_524' title='bbox 3078 2495 3585 2568; x_wconf 89' lang='lat' dir='ltr'>contemptibilem</span> <span class='ocrx_word' id='word_1_525' title='bbox 3614 2496 3750 2552; x_wconf 89' lang='lat' dir='ltr'>red-</span> 
     </span>
    </p>
   </div>
   <div class='ocr_carea' id='block_1_87' title="bbox 2091 2585 3750 2659">
    <p class='ocr_par' dir='ltr' id='par_1_87' title="bbox 2091 2585 3750 2659">
     <span class='ocr_line' id='line_1_87' title="bbox 2091 2585 3750 2659; baseline -0.001 -17"><span class='ocrx_word' id='word_1_526' title='bbox 2091 2587 2195 2643; x_wconf 94' lang='lat' dir='ltr'>dat</span> <span class='ocrx_word' id='word_1_527' title='bbox 2222 2587 2414 2658; x_wconf 73' lang='grc'><strong>(182⁸).</strong></span> <span class='ocrx_word' id='word_1_528' title='bbox 2441 2587 2586 2642; x_wconf 88' lang='lat' dir='ltr'>Hinc</span> <span class='ocrx_word' id='word_1_529' title='bbox 2617 2591 2705 2642; x_wconf 92' lang='lat' dir='ltr'>est</span> <span class='ocrx_word' id='word_1_530' title='bbox 2734 2587 2900 2659; x_wconf 91' lang='lat' dir='ltr'>quod</span> <span class='ocrx_word' id='word_1_531' title='bbox 2931 2603 3068 2641; x_wconf 92' lang='lat' dir='ltr'>cum</span> <span class='ocrx_word' id='word_1_532' title='bbox 3101 2589 3329 2657; x_wconf 83' lang='lat' dir='ltr'>Moyses</span> <span class='ocrx_word' id='word_1_533' title='bbox 3353 2585 3663 2658; x_wconf 87' lang='lat' dir='ltr'>querelam</span> <span class='ocrx_word' id='word_1_534' title='bbox 3686 2586 3750 2641; x_wconf 88' lang='lat' dir='ltr'>in</span> 
     </span>
    </p>
   </div>
   <div class='ocr_carea' id='block_1_88' title="bbox 2092 2675 3750 2748">
    <p class='ocr_par' dir='ltr' id='par_1_88' title="bbox 2092 2675 3750 2748">
     <span class='ocr_line' id='line_1_88' title="bbox 2092 2675 3750 2748; baseline -0.001 -17"><span class='ocrx_word' id='word_1_535' title='bbox 2092 2680 2416 2748; x_wconf 88' lang='lat' dir='ltr'>conspectu</span> <span class='ocrx_word' id='word_1_536' title='bbox 2436 2675 2535 2731; x_wconf 87' lang='lat' dir='ltr'>Dei</span> <span class='ocrx_word' id='word_1_537' title='bbox 2564 2676 2890 2748; x_wconf 89' lang='lat' dir='ltr'>deponeret</span> <span class='ocrx_word' id='word_1_538' title='bbox 2911 2691 2974 2730; x_wconf 92' lang='lat' dir='ltr'>se</span> <span class='ocrx_word' id='word_1_539' title='bbox 2994 2691 3118 2730; x_wconf 91' lang='lat' dir='ltr'>non</span> <span class='ocrx_word' id='word_1_540' title='bbox 3139 2690 3316 2748; x_wconf 90' lang='lat' dir='ltr'>posse</span> <span class='ocrx_word' id='word_1_541' title='bbox 3343 2678 3580 2746; x_wconf 88' lang='lat' dir='ltr'>portare</span> <span class='ocrx_word' id='word_1_542' title='bbox 3617 2679 3750 2730; x_wconf 88' lang='lat' dir='ltr'>tan-</span> 
     </span>
    </p>
   </div>
   <div class='ocr_carea' id='block_1_89' title="bbox 2094 2761 3756 2836">
    <p class='ocr_par' dir='ltr' id='par_1_89' title="bbox 2094 2761 3756 2836">
     <span class='ocr_line' id='line_1_89' title="bbox 2094 2761 3756 2836; baseline -0.001 -17"><span class='ocrx_word' id='word_1_543' title='bbox 2094 2769 2216 2820; x_wconf 90' lang='lat' dir='ltr'>tum</span> <span class='ocrx_word' id='word_1_544' title='bbox 2251 2780 2404 2818; x_wconf 91' lang='lat' dir='ltr'>onus</span> <span class='ocrx_word' id='word_1_545' title='bbox 2434 2764 2602 2836; x_wconf 91' lang='lat' dir='ltr'>quod</span> <span class='ocrx_word' id='word_1_546' title='bbox 2622 2763 2674 2819; x_wconf 92' lang='lat' dir='ltr'>ei</span> <span class='ocrx_word' id='word_1_547' title='bbox 2695 2763 2889 2819; x_wconf 89' lang='lat' dir='ltr'>fuerat</span> <span class='ocrx_word' id='word_1_548' title='bbox 2908 2763 3278 2836; x_wconf 87' lang='lat' dir='ltr'>impositum,</span> <span class='ocrx_word' id='word_1_549' title='bbox 3304 2761 3532 2818; x_wconf 90' lang='lat' dir='ltr'>audivit</span> <span class='ocrx_word' id='word_1_550' title='bbox 3560 2779 3596 2818; x_wconf 91' lang='lat' dir='ltr'>a</span> <span class='ocrx_word' id='word_1_551' title='bbox 3645 2766 3756 2819; x_wconf 83' lang='lat' dir='ltr'>Do-</span> 
     </span>
    </p>
   </div>
   <div class='ocr_carea' id='block_1_90' title="bbox 2092 2852 3754 2924">
    <p class='ocr_par' dir='ltr' id='par_1_90' title="bbox 2092 2852 3754 2924">
     <span class='ocr_line' id='line_1_90' title="bbox 2092 2852 3754 2924; baseline 0.001 -16"><span class='ocrx_word' id='word_1_552' title='bbox 2092 2854 2277 2908; x_wconf 90' lang='lat' dir='ltr'>mino:</span> <span class='ocrx_word' id='word_1_553' title='bbox 2295 2852 2606 2924; x_wconf 84' lang='lat' dir='ltr'>Congrega</span> <span class='ocrx_word' id='word_1_554' title='bbox 2619 2854 2770 2909; x_wconf 84' lang='lat' dir='ltr'>mihi</span> <span class='ocrx_word' id='word_1_555' title='bbox 2778 2855 3161 2923; x_wconf 82' lang='lat' dir='ltr'>septuaginta</span> <span class='ocrx_word' id='word_1_556' title='bbox 3174 2853 3329 2908; x_wconf 84' lang='lat' dir='ltr'>viros</span> <span class='ocrx_word' id='word_1_557' title='bbox 3341 2853 3414 2908; x_wconf 89' lang='lat' dir='ltr'>de</span> <span class='ocrx_word' id='word_1_558' title='bbox 3423 2852 3754 2909; x_wconf 81' lang='lat' dir='ltr'>senioribus</span> 
     </span>
    </p>
   </div>
   <div class='ocr_carea' id='block_1_91' title="bbox 2093 2939 3754 3013">
    <p class='ocr_par' dir='ltr' id='par_1_91' title="bbox 2093 2939 3754 3013">
     <span class='ocr_line' id='line_1_91' title="bbox 2093 2939 3754 3013; baseline 0.001 -16"><span class='ocrx_word' id='word_1_559' title='bbox 2093 2943 2303 3010; x_wconf 85' lang='lat' dir='ltr'>Israel,</span> <span class='ocrx_word' id='word_1_560' title='bbox 2335 2957 2478 3012; x_wconf 89' lang='lat' dir='ltr'>quos</span> <span class='ocrx_word' id='word_1_561' title='bbox 2511 2948 2574 2996; x_wconf 84' lang='lat' dir='ltr'>tu</span> <span class='ocrx_word' id='word_1_562' title='bbox 2600 2945 2757 2998; x_wconf 86' lang='lat' dir='ltr'>nosti</span> <span class='ocrx_word' id='word_1_563' title='bbox 2802 2941 2961 3013; x_wconf 88' lang='lat' dir='ltr'>quod</span> <span class='ocrx_word' id='word_1_564' title='bbox 3001 2942 3258 2998; x_wconf 83' lang='lat' dir='ltr'>seniores</span> <span class='ocrx_word' id='word_1_565' title='bbox 3275 2942 3495 3010; x_wconf 85' lang='lat' dir='ltr'>populi</span> <span class='ocrx_word' id='word_1_566' title='bbox 3539 2939 3657 2996; x_wconf 82' lang='lat' dir='ltr'>sint</span> <span class='ocrx_word' id='word_1_567' title='bbox 3678 2957 3754 2998; x_wconf 82' lang='lat' dir='ltr'>ac</span> 
     </span>
    </p>
   </div>
   <div class='ocr_carea' id='block_1_92' title="bbox 2091 3029 3753 3102">
    <p class='ocr_par' dir='ltr' id='par_1_92' title="bbox 2091 3029 3753 3102">
     <span class='ocr_line' id='line_1_92' title="bbox 2091 3029 3753 3102; baseline -0.001 -15"><span class='ocrx_word' id='word_1_568' title='bbox 2091 3031 2388 3102; x_wconf 81' lang='lat' dir='ltr'>magistri,</span> <span class='ocrx_word' id='word_1_569' title='bbox 2412 3036 2464 3087; x_wconf 91' lang='lat' dir='ltr'>et</span> <span class='ocrx_word' id='word_1_570' title='bbox 2488 3031 2766 3101; x_wconf 86' lang='lat' dir='ltr'>auferam</span> <span class='ocrx_word' id='word_1_571' title='bbox 2784 3031 2858 3086; x_wconf 87' lang='lat' dir='ltr'>de</span> <span class='ocrx_word' id='word_1_572' title='bbox 2876 3031 3096 3100; x_wconf 83' lang='lat' dir='ltr'>spiritu</span> <span class='ocrx_word' id='word_1_573' title='bbox 3119 3035 3241 3102; x_wconf 90' lang='lat' dir='ltr'>tuo,</span> <span class='ocrx_word' id='word_1_574' title='bbox 3267 3029 3623 3102; x_wconf 78' lang='lat' dir='ltr'>tradamgue</span> <span class='ocrx_word' id='word_1_575' title='bbox 3668 3032 3753 3086; x_wconf 83' lang='lat' dir='ltr'>eis</span> 
     </span>
    </p>
   </div>
   <div class='ocr_carea' id='block_1_93' title="bbox 2091 3119 3754 3189">
    <p class='ocr_par' dir='ltr' id='par_1_93' title="bbox 2091 3119 3754 3189">
     <span class='ocr_line' id='line_1_93' title="bbox 2091 3119 3754 3189; baseline -0.001 -13"><span class='ocrx_word' id='word_1_576' title='bbox 2091 3127 2158 3176; x_wconf 89' lang='lat' dir='ltr'>ut</span> <span class='ocrx_word' id='word_1_577' title='bbox 2194 3126 2522 3177; x_wconf 86' lang='lat' dir='ltr'>sustentent</span> <span class='ocrx_word' id='word_1_578' title='bbox 2555 3126 2745 3177; x_wconf 81' lang='lat' dir='ltr'>tecum</span> <span class='ocrx_word' id='word_1_579' title='bbox 2776 3136 2924 3176; x_wconf 86' lang='lat' dir='ltr'>onus</span> <span class='ocrx_word' id='word_1_580' title='bbox 2939 3119 3177 3189; x_wconf 89' lang='lat' dir='ltr'>populi,</span> <span class='ocrx_word' id='word_1_581' title='bbox 3211 3125 3268 3174; x_wconf 88' lang='lat' dir='ltr'>et</span> <span class='ocrx_word' id='word_1_582' title='bbox 3317 3135 3438 3175; x_wconf 87' lang='lat' dir='ltr'>non</span> <span class='ocrx_word' id='word_1_583' title='bbox 3471 3125 3533 3174; x_wconf 88' lang='lat' dir='ltr'>tu</span> <span class='ocrx_word' id='word_1_584' title='bbox 3589 3121 3754 3175; x_wconf 86' lang='lat' dir='ltr'>solus</span> 
     </span>
    </p>
   </div>
   <div class='ocr_carea' id='block_1_94' title="bbox 2090 3208 3755 3281">
    <p class='ocr_par' dir='ltr' id='par_1_94' title="bbox 2090 3208 3755 3281">
     <span class='ocr_line' id='line_1_94' title="bbox 2090 3208 3755 3281; baseline -0.002 -14"><span class='ocrx_word' id='word_1_585' title='bbox 2090 3213 2359 3280; x_wconf 82' lang='lat' dir='ltr'>graveris</span> <span class='ocrx_word' id='word_1_586' title='bbox 2387 3211 2589 3281; x_wconf 90' lang='lat' dir='ltr'>(Num.</span> <span class='ocrx_word' id='word_1_587' title='bbox 2621 3209 2723 3280; x_wconf 87' lang='lat' dir='ltr'>x1).</span> <span class='ocrx_word' id='word_1_588' title='bbox 2758 3208 2912 3275; x_wconf 88' lang='lat' dir='ltr'>Quid</span> <span class='ocrx_word' id='word_1_589' title='bbox 2948 3208 3010 3264; x_wconf 91' lang='lat' dir='ltr'>in</span> <span class='ocrx_word' id='word_1_590' title='bbox 3057 3211 3253 3280; x_wconf 89' lang='lat' dir='ltr'>Moyse</span> <span class='ocrx_word' id='word_1_591' title='bbox 3284 3208 3396 3264; x_wconf 91' lang='lat' dir='ltr'>nisi</span> <span class='ocrx_word' id='word_1_592' title='bbox 3444 3225 3755 3264; x_wconf 90' lang='lat' dir='ltr'>summum</span> 
     </span>
    </p>
   </div>
   <div class='ocr_carea' id='block_1_95' title="bbox 1984 3296 3758 3371">
    <p class='ocr_par' dir='ltr' id='par_1_95' title="bbox 1984 3296 3758 3371">
     <span class='ocr_line' id='line_1_95' title="bbox 1984 3296 3758 3371; baseline -0.002 -16"><span class='ocrx_word' id='word_1_593' title='bbox 1984 3363 1991 3366; x_wconf 24' lang='grc' dir='ltr'><strong>η,</strong></span> <span class='ocrx_word' id='word_1_594' title='bbox 2092 3299 2514 3368; x_wconf 90' lang='lat' dir='ltr'>sacerdotium,</span> <span class='ocrx_word' id='word_1_595' title='bbox 2545 3298 2693 3371; x_wconf 89' lang='lat' dir='ltr'>quid</span> <span class='ocrx_word' id='word_1_596' title='bbox 2721 3299 2785 3354; x_wconf 93' lang='lat' dir='ltr'>in</span> <span class='ocrx_word' id='word_1_597' title='bbox 2816 3298 3195 3371; x_wconf 89' lang='lat' dir='ltr'>septuaginta</span> <span class='ocrx_word' id='word_1_598' title='bbox 3210 3297 3351 3352; x_wconf 86' lang='lat' dir='ltr'>viris</span> <span class='ocrx_word' id='word_1_599' title='bbox 3372 3297 3485 3354; x_wconf 88' lang='lat' dir='ltr'>nisi</span> <span class='ocrx_word' id='word_1_600' title='bbox 3508 3296 3758 3370; x_wconf 84' lang='lat' dir='ltr'>presby-</span> 
     </span>
    </p>
   </div>
   <div class='ocr_carea' id='block_1_96' title="bbox 2091 3385 3757 3460">
    <p class='ocr_par' dir='ltr' id='par_1_96' title="bbox 2091 3385 3757 3460">
     <span class='ocr_line' id='line_1_96' title="bbox 2091 3385 3757 3460; baseline -0.001 -16"><span class='ocrx_word' id='word_1_601' title='bbox 2091 3393 2248 3444; x_wconf 89' lang='lat' dir='ltr'>teros</span> <span class='ocrx_word' id='word_1_602' title='bbox 2277 3388 2608 3460; x_wconf 89' lang='lat' dir='ltr'>accipimus</span> <span class='ocrx_word' id='word_1_603' title='bbox 2632 3388 2660 3443; x_wconf 86' lang='lat'><strong>?</strong></span> <span class='ocrx_word' id='word_1_604' title='bbox 2701 3387 2874 3453; x_wconf 88' lang='lat' dir='ltr'>Quod</span> <span class='ocrx_word' id='word_1_605' title='bbox 2902 3391 3107 3442; x_wconf 89' lang='lat' dir='ltr'>autem</span> <span class='ocrx_word' id='word_1_606' title='bbox 3144 3385 3433 3442; x_wconf 89' lang='lat' dir='ltr'>Dominus</span> <span class='ocrx_word' id='word_1_607' title='bbox 3459 3386 3652 3442; x_wconf 84' lang='lat' dir='ltr'>aufert</span> <span class='ocrx_word' id='word_1_608' title='bbox 3677 3387 3757 3443; x_wconf 91' lang='lat' dir='ltr'>de</span> 
     </span>
    </p>
   </div>
   <div class='ocr_carea' id='block_1_97' title="bbox 2092 3475 3754 3549">
    <p class='ocr_par' dir='ltr' id='par_1_97' title="bbox 2092 3475 3754 3549">
     <span class='ocr_line' id='line_1_97' title="bbox 2092 3475 3754 3549; baseline -0.001 -17"><span class='ocrx_word' id='word_1_609' title='bbox 2092 3477 2299 3549; x_wconf 90' lang='lat' dir='ltr'>spiritu</span> <span class='ocrx_word' id='word_1_610' title='bbox 2329 3477 2512 3549; x_wconf 84' lang='lat' dir='ltr'>Moysi</span> <span class='ocrx_word' id='word_1_611' title='bbox 2543 3476 2843 3548; x_wconf 87' lang='lat' dir='ltr'>traditque</span> <span class='ocrx_word' id='word_1_612' title='bbox 2870 3475 2974 3545; x_wconf 92' lang='lat' dir='ltr'>eis,</span> <span class='ocrx_word' id='word_1_613' title='bbox 3005 3479 3276 3548; x_wconf 84' lang='lat' dir='ltr'>patenter</span> <span class='ocrx_word' id='word_1_614' title='bbox 3304 3475 3564 3531; x_wconf 90' lang='lat' dir='ltr'>ostendit</span> <span class='ocrx_word' id='word_1_615' title='bbox 3587 3477 3754 3548; x_wconf 91' lang='lat' dir='ltr'>quod</span> 
     </span>
    </p>
   </div>
   <div class='ocr_carea' id='block_1_98' title="bbox 2090 3565 3754 3638">
    <p class='ocr_par' dir='ltr' id='par_1_98' title="bbox 2090 3565 3754 3638">
     <span class='ocr_line' id='line_1_98' title="bbox 2090 3565 3754 3638; baseline -0.001 -17"><span class='ocrx_word' id='word_1_616' title='bbox 2090 3566 2149 3621; x_wconf 89' lang='lat' dir='ltr'>hi</span> <span class='ocrx_word' id='word_1_617' title='bbox 2175 3566 2276 3638; x_wconf 90' lang='lat' dir='ltr'>qui</span> <span class='ocrx_word' id='word_1_618' title='bbox 2306 3565 2384 3621; x_wconf 90' lang='lat' dir='ltr'>ab</span> <span class='ocrx_word' id='word_1_619' title='bbox 2415 3565 2699 3638; x_wconf 87' lang='lat' dir='ltr'>episcopo</span> <span class='ocrx_word' id='word_1_620' title='bbox 2752 3565 2813 3621; x_wconf 92' lang='lat' dir='ltr'>in</span> <span class='ocrx_word' id='word_1_621' title='bbox 2843 3565 2942 3620; x_wconf 91' lang='lat' dir='ltr'>Dei</span> <span class='ocrx_word' id='word_1_622' title='bbox 2995 3568 3324 3636; x_wconf 90' lang='lat' dir='ltr'>conspectu</span> <span class='ocrx_word' id='word_1_623' title='bbox 3366 3565 3558 3620; x_wconf 84' lang='lat' dir='ltr'>vocati</span> <span class='ocrx_word' id='word_1_624' title='bbox 3591 3571 3754 3628; x_wconf 88' lang='lat' dir='ltr'>sunt,</span> 
     </span>
    </p>
   </div>
   <div class='ocr_carea' id='block_1_99' title="bbox 2091 3653 3756 3727">
    <p class='ocr_par' dir='ltr' id='par_1_99' title="bbox 2091 3653 3756 3727">
     <span class='ocr_line' id='line_1_99' title="bbox 2091 3653 3756 3727; baseline -0.001 -17"><span class='ocrx_word' id='word_1_625' title='bbox 2091 3659 2156 3710; x_wconf 90' lang='lat' dir='ltr'>ut</span> <span class='ocrx_word' id='word_1_626' title='bbox 2186 3670 2392 3709; x_wconf 91' lang='lat' dir='ltr'>secum</span> <span class='ocrx_word' id='word_1_627' title='bbox 2420 3669 2573 3708; x_wconf 91' lang='lat' dir='ltr'>onus</span> <span class='ocrx_word' id='word_1_628' title='bbox 2602 3653 2812 3727; x_wconf 89' lang='lat' dir='ltr'>populi</span> <span class='ocrx_word' id='word_1_629' title='bbox 2843 3656 3194 3720; x_wconf 86' lang='lat' dir='ltr'>sustentent,</span> <span class='ocrx_word' id='word_1_630' title='bbox 3226 3653 3439 3709; x_wconf 89' lang='lat' dir='ltr'>eadem</span> <span class='ocrx_word' id='word_1_631' title='bbox 3468 3670 3604 3726; x_wconf 69' lang='lat' dir='ltr'>quae</span> <span class='ocrx_word' id='word_1_632' title='bbox 3631 3654 3756 3725; x_wconf 87' lang='lat' dir='ltr'>epi-</span> 
     </span>
    </p>
   </div>
   <div class='ocr_carea' id='block_1_100' title="bbox 2092 3742 3756 3816">
    <p class='ocr_par' dir='ltr' id='par_1_100' title="bbox 2092 3742 3756 3816">
     <span class='ocr_line' id='line_1_100' title="bbox 2092 3742 3756 3816; baseline 0 -18"><span class='ocrx_word' id='word_1_633' title='bbox 2092 3760 2312 3816; x_wconf 92' lang='lat' dir='ltr'>scopus</span> <span class='ocrx_word' id='word_1_634' title='bbox 2343 3743 2556 3798; x_wconf 86' lang='lat' dir='ltr'>sentire</span> <span class='ocrx_word' id='word_1_635' title='bbox 2585 3743 2809 3799; x_wconf 89' lang='lat' dir='ltr'>debent</span> <span class='ocrx_word' id='word_1_636' title='bbox 2836 3742 3171 3816; x_wconf 88' lang='lat' dir='ltr'>eademque</span> <span class='ocrx_word' id='word_1_637' title='bbox 3195 3742 3348 3798; x_wconf 89' lang='lat' dir='ltr'>velle</span> <span class='ocrx_word' id='word_1_638' title='bbox 3368 3747 3425 3798; x_wconf 91' lang='lat' dir='ltr'>et</span> <span class='ocrx_word' id='word_1_639' title='bbox 3448 3743 3507 3798; x_wconf 92' lang='lat' dir='ltr'>in</span> <span class='ocrx_word' id='word_1_640' title='bbox 3537 3743 3756 3814; x_wconf 87' lang='lat' dir='ltr'>partito</span> 
     </span>
    </p>
   </div>
   <div class='ocr_carea' id='block_1_101' title="bbox 2092 3831 3759 3906">
    <p class='ocr_par' dir='ltr' id='par_1_101' title="bbox 2092 3831 3759 3906">
     <span class='ocr_line' id='line_1_101' title="bbox 2092 3831 3759 3906; baseline -0.001 -17"><span class='ocrx_word' id='word_1_641' title='bbox 2092 3833 2204 3889; x_wconf 90' lang='lat' dir='ltr'>sibi</span> <span class='ocrx_word' id='word_1_642' title='bbox 2240 3849 2418 3889; x_wconf 91' lang='lat' dir='ltr'>onere</span> <span class='ocrx_word' id='word_1_643' title='bbox 2450 3831 2586 3889; x_wconf 80' lang='lat' dir='ltr'>totis</span> <span class='ocrx_word' id='word_1_644' title='bbox 2616 3832 2846 3888; x_wconf 90' lang='lat' dir='ltr'>viribus</span> <span class='ocrx_word' id='word_1_645' title='bbox 2877 3832 3210 3906; x_wconf 89' lang='lat' dir='ltr'>cooperari.</span> <span class='ocrx_word' id='word_1_646' title='bbox 3239 3831 3362 3888; x_wconf 87' lang='lat' dir='ltr'>Hoc</span> <span class='ocrx_word' id='word_1_647' title='bbox 3383 3832 3543 3888; x_wconf 90' lang='lat' dir='ltr'>enim</span> <span class='ocrx_word' id='word_1_648' title='bbox 3575 3833 3759 3903; x_wconf 89' lang='lat' dir='ltr'>signi-</span> 
     </span>
    </p>
   </div>
   <div class='ocr_carea' id='block_1_102' title="bbox 2090 3920 3757 3994">
    <p class='ocr_par' dir='ltr' id='par_1_102' title="bbox 2090 3920 3757 3994">
     <span class='ocr_line' id='line_1_102' title="bbox 2090 3920 3757 3994; baseline 0 -16"><span class='ocrx_word' id='word_1_649' title='bbox 2090 3922 2230 3979; x_wconf 86' lang='lat' dir='ltr'>ﬁcat</span> <span class='ocrx_word' id='word_1_650' title='bbox 2257 3920 2425 3994; x_wconf 91' lang='lat' dir='ltr'>quod</span> <span class='ocrx_word' id='word_1_651' title='bbox 2454 3937 2577 3978; x_wconf 90' lang='lat' dir='ltr'>non</span> <span class='ocrx_word' id='word_1_652' title='bbox 2608 3921 2794 3979; x_wconf 89' lang='lat' dir='ltr'>alium</span> <span class='ocrx_word' id='word_1_653' title='bbox 2826 3921 2933 3978; x_wconf 90' lang='lat' dir='ltr'>sed</span> <span class='ocrx_word' id='word_1_654' title='bbox 2963 3921 3236 3992; x_wconf 91' lang='lat' dir='ltr'>ejusdem</span> <span class='ocrx_word' id='word_1_655' title='bbox 3263 3921 3443 3993; x_wconf 80' lang='lat' dir='ltr'>Moysi</span> <span class='ocrx_word' id='word_1_656' title='bbox 3480 3921 3757 3993; x_wconf 90' lang='lat' dir='ltr'>spiritum</span> 
     </span>
    </p>
   </div>
   <div class='ocr_carea' id='block_1_103' title="bbox 2092 4009 2408 4082">
    <p class='ocr_par' dir='ltr' id='par_1_103' title="bbox 2092 4009 2408 4082">
     <span class='ocr_line' id='line_1_103' title="bbox 2092 4009 2408 4082; baseline -0.003 -16"><span class='ocrx_word' id='word_1_657' title='bbox 2092 4009 2408 4082; x_wconf 89' lang='lat' dir='ltr'>accipiant.</span> 
     </span>
    </p>
   </div>
   <div class='ocr_carea' id='block_1_104' title="bbox 2095 4117 3762 4190">
    <p class='ocr_par' dir='ltr' id='par_1_104' title="bbox 2095 4117 3762 4190">
     <span class='ocr_line' id='line_1_104' title="bbox 2095 4117 3762 4190; baseline 0.002 -19"><span class='ocrx_word' id='word_1_658' title='bbox 2095 4119 2209 4190; x_wconf 72' lang='lat'><strong>32</strong></span> <span class='ocrx_word' id='word_1_659' title='bbox 2236 4119 2318 4174; x_wconf 90' lang='lat' dir='ltr'>De</span> <span class='ocrx_word' id='word_1_660' title='bbox 2348 4117 2552 4174; x_wconf 87' lang='lat' dir='ltr'>eadem</span> <span class='ocrx_word' id='word_1_661' title='bbox 2567 4133 2652 4190; x_wconf 82' lang='lat' dir='ltr'>re.</span> <span class='ocrx_word' id='word_1_662' title='bbox 2674 4118 2774 4174; x_wconf 73' lang='lat' dir='ltr'>Ea:</span> <span class='ocrx_word' id='word_1_663' title='bbox 2799 4117 3098 4188; x_wconf 83' lang='lat' dir='ltr'>Capitulis</span> <span class='ocrx_word' id='word_1_664' title='bbox 3119 4117 3509 4188; x_wconf 81' lang='lat' dir='ltr'>synodalibus</span> <span class='ocrx_word' id='word_1_665' title='bbox 3551 4118 3762 4174; x_wconf 68' lang='grc' dir='ltr'>ϐοτοιί</span> 
     </span>
    </p>
   </div>
   <div class='ocr_carea' id='block_1_105' title="bbox 2585 4189 3255 4260">
    <p class='ocr_par' dir='ltr' id='par_1_105' title="bbox 2585 4189 3255 4260">
     <span class='ocr_line' id='line_1_105' title="bbox 2585 4189 3255 4260; baseline 0.001 -16"><span class='ocrx_word' id='word_1_666' title='bbox 2585 4189 2990 4260; x_wconf 86' lang='lat' dir='ltr'>imperatoris,</span> <span class='ocrx_word' id='word_1_667' title='bbox 3013 4190 3103 4245; x_wconf 89' lang='lat' dir='ltr'>tit.</span> <span class='ocrx_word' id='word_1_668' title='bbox 3136 4192 3255 4245; x_wconf 79' lang='grc'><strong>103.</strong></span> 
     </span>
    </p>
   </div>
   <div class='ocr_carea' id='block_1_106' title="bbox 2166 4295 3760 4369">
    <p class='ocr_par' dir='ltr' id='par_1_106' title="bbox 2166 4295 3760 4369">
     <span class='ocr_line' id='line_1_106' title="bbox 2166 4295 3760 4369; baseline 0.001 -18"><span class='ocrx_word' id='word_1_669' title='bbox 2166 4299 2257 4351; x_wconf 83' lang='lat' dir='ltr'>Ill.</span> <span class='ocrx_word' id='word_1_670' title='bbox 2283 4295 2433 4367; x_wconf 84' lang='lat' dir='ltr'>(Lib.</span> <span class='ocrx_word' id='word_1_671' title='bbox 2467 4312 2484 4350; x_wconf 92' lang='lat'>1</span> <span class='ocrx_word' id='word_1_672' title='bbox 2517 4295 2883 4367; x_wconf 83' lang='lat' dir='ltr'>Capitular.,</span> <span class='ocrx_word' id='word_1_673' title='bbox 2915 4311 2966 4352; x_wconf 80' lang='grc' dir='ltr'><strong>ο.</strong></span> <span class='ocrx_word' id='word_1_674' title='bbox 3004 4297 3147 4369; x_wconf 88' lang='grc'>109.)</span> <span class='ocrx_word' id='word_1_675' title='bbox 3208 4295 3532 4369; x_wconf 88' lang='lat' dir='ltr'>Episcopos</span> <span class='ocrx_word' id='word_1_676' title='bbox 3552 4296 3760 4369; x_wconf 88' lang='lat' dir='ltr'>itaque</span> 
     </span>
    </p>
   </div>
   <div class='ocr_carea' id='block_1_107' title="bbox 2096 4385 3759 4460">
    <p class='ocr_par' dir='ltr' id='par_1_107' title="bbox 2096 4385 3759 4460">
     <span class='ocr_line' id='line_1_107' title="bbox 2096 4385 3759 4460; baseline 0.002 -20"><span class='ocrx_word' id='word_1_677' title='bbox 2096 4400 2412 4441; x_wconf 90' lang='lat' dir='ltr'>monemus</span> <span class='ocrx_word' id='word_1_678' title='bbox 2440 4388 2506 4441; x_wconf 93' lang='lat' dir='ltr'>ut</span> <span class='ocrx_word' id='word_1_679' title='bbox 2531 4385 2654 4440; x_wconf 90' lang='lat' dir='ltr'>sive</span> <span class='ocrx_word' id='word_1_680' title='bbox 2676 4401 2783 4458; x_wconf 91' lang='lat' dir='ltr'>per</span> <span class='ocrx_word' id='word_1_681' title='bbox 2813 4403 2878 4443; x_wconf 91' lang='lat' dir='ltr'>se</span> <span class='ocrx_word' id='word_1_682' title='bbox 2909 4386 3031 4442; x_wconf 89' lang='lat' dir='ltr'>sive</span> <span class='ocrx_word' id='word_1_683' title='bbox 3052 4402 3159 4460; x_wconf 89' lang='lat' dir='ltr'>per</span> <span class='ocrx_word' id='word_1_684' title='bbox 3178 4385 3436 4441; x_wconf 87' lang='lat' dir='ltr'>vicarios</span> <span class='ocrx_word' id='word_1_685' title='bbox 3457 4385 3759 4459; x_wconf 86' lang='lat' dir='ltr'>pabulum</span> 
     </span>
    </p>
   </div>
   <div class='ocr_carea' id='block_1_108' title="bbox 2092 4473 3763 4549">
    <p class='ocr_par' dir='ltr' id='par_1_108' title="bbox 2092 4473 3763 4549">
     <span class='ocr_line' id='line_1_108' title="bbox 2092 4473 3763 4549; baseline 0.002 -19"><span class='ocrx_word' id='word_1_686' title='bbox 2092 4473 2258 4530; x_wconf 89' lang='lat' dir='ltr'>verbi</span> <span class='ocrx_word' id='word_1_687' title='bbox 2289 4473 2476 4529; x_wconf 91' lang='lat' dir='ltr'>divini</span> <span class='ocrx_word' id='word_1_688' title='bbox 2507 4473 2718 4530; x_wconf 88' lang='lat' dir='ltr'>sedulo</span> <span class='ocrx_word' id='word_1_689' title='bbox 2748 4475 2989 4549; x_wconf 90' lang='lat' dir='ltr'>populis</span> <span class='ocrx_word' id='word_1_690' title='bbox 3013 4474 3430 4531; x_wconf 88' lang='lat' dir='ltr'>administrent</span> <span class='ocrx_word' id='word_1_691' title='bbox 3455 4494 3467 4541; x_wconf 90' lang='lat'><strong>;</strong></span> <span class='ocrx_word' id='word_1_692' title='bbox 3496 4475 3661 4547; x_wconf 89' lang='lat' dir='ltr'>quia,</span> <span class='ocrx_word' id='word_1_693' title='bbox 3691 4481 3763 4533; x_wconf 83' lang='lat' dir='ltr'>ut</span> 
     </span>
    </p>
   </div>
   <div class='ocr_carea' id='block_1_109' title="bbox 2092 4562 3763 4635">
    <p class='ocr_par' dir='ltr' id='par_1_109' title="bbox 2092 4562 3763 4635">
     <span class='ocr_line' id='line_1_109' title="bbox 2092 4562 3763 4635; baseline 0.001 -17"><span class='ocrx_word' id='word_1_694' title='bbox 2092 4562 2173 4618; x_wconf 85' lang='lat' dir='ltr'>ait</span> <span class='ocrx_word' id='word_1_695' title='bbox 2199 4562 2414 4618; x_wconf 88' lang='lat' dir='ltr'>beatus</span> <span class='ocrx_word' id='word_1_696' title='bbox 2444 4563 2759 4632; x_wconf 88' lang='lat' dir='ltr'>Gregorius</span> <span class='ocrx_word' id='word_1_697' title='bbox 2788 4564 2916 4635; x_wconf 90' lang='lat' dir='ltr'>(lib.</span> <span class='ocrx_word' id='word_1_698' title='bbox 2951 4581 2992 4633; x_wconf 91' lang='lat'>1,</span> <span class='ocrx_word' id='word_1_699' title='bbox 3024 4565 3194 4634; x_wconf 78' lang='lat' dir='ltr'>epist.</span> <span class='ocrx_word' id='word_1_700' title='bbox 3220 4563 3328 4634; x_wconf 75' lang='lat'>24),</span> <span class='ocrx_word' id='word_1_701' title='bbox 3356 4563 3507 4620; x_wconf 90' lang='lat' dir='ltr'>iram</span> <span class='ocrx_word' id='word_1_702' title='bbox 3546 4568 3763 4620; x_wconf 76' lang='lat' dir='ltr'>contra</span> 
     </span>
    </p>
   </div>
   <div class='ocr_carea' id='block_1_110' title="bbox 2092 4650 3763 4725">
    <p class='ocr_par' dir='ltr' id='par_1_110' title="bbox 2092 4650 3763 4725">
     <span class='ocr_line' id='line_1_110' title="bbox 2092 4650 3763 4725; baseline 0.001 -19"><span class='ocrx_word' id='word_1_703' title='bbox 2092 4665 2155 4707; x_wconf 86' lang='lat' dir='ltr'>se</span> <span class='ocrx_word' id='word_1_704' title='bbox 2180 4650 2395 4706; x_wconf 91' lang='lat' dir='ltr'>occulti</span> <span class='ocrx_word' id='word_1_705' title='bbox 2421 4650 2642 4723; x_wconf 87' lang='lat' dir='ltr'>judic1s</span> <span class='ocrx_word' id='word_1_706' title='bbox 2671 4652 2888 4710; x_wconf 85' lang='lat' dir='ltr'>excitat</span> <span class='ocrx_word' id='word_1_707' title='bbox 2913 4651 3192 4708; x_wconf 90' lang='lat' dir='ltr'>sacerdos</span> <span class='ocrx_word' id='word_1_708' title='bbox 3225 4651 3274 4706; x_wconf 91' lang='lat' dir='ltr'>si</span> <span class='ocrx_word' id='word_1_709' title='bbox 3306 4651 3436 4708; x_wconf 90' lang='lat' dir='ltr'>sine</span> <span class='ocrx_word' id='word_1_710' title='bbox 3465 4651 3763 4725; x_wconf 66' lang='lat' dir='ltr'>praedica-</span> 
     </span>
    </p>
   </div>
   <div class='ocr_carea' id='block_1_111' title="bbox 2093 4740 3080 4817">
    <p class='ocr_par' dir='ltr' id='par_1_111' title="bbox 2093 4740 3080 4817">
     <span class='ocr_line' id='line_1_111' title="bbox 2093 4740 3080 4817; baseline 0.002 -21"><span class='ocrx_word' id='word_1_711' title='bbox 2093 4740 2268 4796; x_wconf 89' lang='lat' dir='ltr'>tionis</span> <span class='ocrx_word' id='word_1_712' title='bbox 2295 4740 2492 4796; x_wconf 91' lang='lat' dir='ltr'>sonitu</span> <span class='ocrx_word' id='word_1_713' title='bbox 2518 4740 2756 4798; x_wconf 91' lang='lat' dir='ltr'>incedit.</span> <span class='ocrx_word' id='word_1_714' title='bbox 3072 4813 3080 4817; x_wconf 93' lang='lat'><strong><em>_</em></strong></span> 
     </span>
    </p>
   </div>
   <div class='ocr_carea' id='block_1_112' title="bbox 2093 4846 3767 4917">
    <p class='ocr_par' dir='ltr' id='par_1_112' title="bbox 2093 4846 3767 4917">
     <span class='ocr_line' id='line_1_112' title="bbox 2093 4846 3767 4917; baseline 0.002 -16"><span class='ocrx_word' id='word_1_715' title='bbox 2093 4846 2262 4914; x_wconf 84' lang='lat' dir='ltr'>Quod</span> <span class='ocrx_word' id='word_1_716' title='bbox 2290 4861 2327 4902; x_wconf 91' lang='lat' dir='ltr'>a</span> <span class='ocrx_word' id='word_1_717' title='bbox 2351 4862 2493 4917; x_wconf 84' lang='lat' dir='ltr'>rege</span> <span class='ocrx_word' id='word_1_718' title='bbox 2519 4847 2950 4916; x_wconf 88' lang='lat' dir='ltr'>postulandum</span> <span class='ocrx_word' id='word_1_719' title='bbox 2979 4848 3055 4903; x_wconf 91' lang='lat' dir='ltr'>sit</span> <span class='ocrx_word' id='word_1_720' title='bbox 3105 4853 3174 4902; x_wconf 88' lang='lat' dir='ltr'>ut</span> <span class='ocrx_word' id='word_1_721' title='bbox 3212 4848 3473 4917; x_wconf 79' lang='lat' dir='ltr'>episcopi</span> <span class='ocrx_word' id='word_1_722' title='bbox 3497 4853 3767 4917; x_wconf 80' lang='lat' dir='ltr'>tempore</span> 
     </span>
    </p>
   </div>
   <div class='ocr_carea' id='block_1_113' title="bbox 2161 4918 3766 4987">
    <p class='ocr_par' dir='ltr' id='par_1_113' title="bbox 2161 4918 3766 4987">
     <span class='ocr_line' id='line_1_113' title="bbox 2161 4918 3766 4987; baseline 0.002 -13"><span class='ocrx_word' id='word_1_723' title='bbox 2161 4923 2499 4987; x_wconf 85' lang='lat' dir='ltr'>opportuno</span> <span class='ocrx_word' id='word_1_724' title='bbox 2513 4918 2592 4974; x_wconf 87' lang='lat' dir='ltr'>ad</span> <span class='ocrx_word' id='word_1_725' title='bbox 2601 4920 3004 4975; x_wconf 79' lang='lat' dir='ltr'>ministerium</span> <span class='ocrx_word' id='word_1_726' title='bbox 3022 4919 3138 4974; x_wconf 88' lang='lat' dir='ltr'>sibi</span> <span class='ocrx_word' id='word_1_727' title='bbox 3151 4919 3523 4974; x_wconf 88' lang='lat' dir='ltr'>commissum</span> <span class='ocrx_word' id='word_1_728' title='bbox 3541 4934 3766 4977; x_wconf 79' lang='lat' dir='ltr'>vacare</span> 
     </span>
    </p>
   </div>
   <div class='ocr_carea' id='block_1_114' title="bbox 2154 4989 3424 5059">
    <p class='ocr_par' dir='ltr' id='par_1_114' title="bbox 2154 4989 3424 5059">
     <span class='ocr_line' id='line_1_114' title="bbox 2154 4989 3424 5059; baseline 0 -15"><span class='ocrx_word' id='word_1_729' title='bbox 2154 4989 2405 5058; x_wconf 88' lang='lat' dir='ltr'>possint.</span> <span class='ocrx_word' id='word_1_730' title='bbox 2432 4990 2532 5044; x_wconf 77' lang='lat' dir='ltr'>Ex</span> <span class='ocrx_word' id='word_1_731' title='bbox 2561 4990 2910 5058; x_wconf 84' lang='lat' dir='ltr'>supradicto</span> <span class='ocrx_word' id='word_1_732' title='bbox 2941 4991 3217 5059; x_wconf 85' lang='lat' dir='ltr'>concilio,</span> <span class='ocrx_word' id='word_1_733' title='bbox 3247 4991 3338 5044; x_wconf 89' lang='lat' dir='ltr'>tit.</span> <span class='ocrx_word' id='word_1_734' title='bbox 3369 4992 3424 5045; x_wconf 77' lang='grc'><strong>4.</strong></span> 
     </span>
    </p>
   </div>
   <div class='ocr_carea' id='block_1_115' title="bbox 2165 5094 3764 5165">
    <p class='ocr_par' dir='ltr' id='par_1_115' title="bbox 2165 5094 3764 5165">
     <span class='ocr_line' id='line_1_115' title="bbox 2165 5094 3764 5165; baseline 0.003 -17"><span class='ocrx_word' id='word_1_735' title='bbox 2165 5097 2249 5149; x_wconf 87' lang='lat' dir='ltr'>IV.</span> <span class='ocrx_word' id='word_1_736' title='bbox 2264 5094 2518 5165; x_wconf 86' lang='lat' dir='ltr'>(Concil.</span> <span class='ocrx_word' id='word_1_737' title='bbox 2533 5096 2715 5152; x_wconf 84' lang='lat' dir='ltr'>Meld.</span> <span class='ocrx_word' id='word_1_738' title='bbox 2733 5112 2784 5151; x_wconf 94' lang='lat' dir='ltr'>c.</span> <span class='ocrx_word' id='word_1_739' title='bbox 2809 5100 2898 5157; x_wconf 82' lang='lat'>28.</span> <span class='ocrx_word' id='word_1_740' title='bbox 2919 5099 2977 5152; x_wconf 90' lang='lat' dir='ltr'>et</span> <span class='ocrx_word' id='word_1_741' title='bbox 2995 5096 3056 5151; x_wconf 90' lang='lat' dir='ltr'>in</span> <span class='ocrx_word' id='word_1_742' title='bbox 3075 5096 3375 5165; x_wconf 86' lang='lat' dir='ltr'>Capitulis</span> <span class='ocrx_word' id='word_1_743' title='bbox 3389 5096 3580 5153; x_wconf 85' lang='lat' dir='ltr'>Caroli</span> <span class='ocrx_word' id='word_1_744' title='bbox 3597 5097 3764 5154; x_wconf 81' lang='lat' dir='ltr'>Calvi</span> 
     </span>
    </p>
   </div>
   <div class='ocr_carea' id='block_1_116' title="bbox 2090 5183 3764 5256">
    <p class='ocr_par' dir='ltr' id='par_1_116' title="bbox 2090 5183 3764 5256">
     <span class='ocr_line' id='line_1_116' title="bbox 2090 5183 3764 5256; baseline 0.002 -16"><span class='ocrx_word' id='word_1_745' title='bbox 2090 5183 2172 5240; x_wconf 91' lang='lat' dir='ltr'>tit.</span> <span class='ocrx_word' id='word_1_746' title='bbox 2199 5184 2278 5255; x_wconf 88' lang='grc'><strong>7.)</strong></span> <span class='ocrx_word' id='word_1_747' title='bbox 2311 5186 2379 5239; x_wconf 87' lang='lat' dir='ltr'>Ut</span> <span class='ocrx_word' id='word_1_748' title='bbox 2400 5184 2565 5254; x_wconf 88' lang='lat' dir='ltr'>regia</span> <span class='ocrx_word' id='word_1_749' title='bbox 2592 5184 3038 5256; x_wconf 87' lang='lat' dir='ltr'>magniﬁcentia</span> <span class='ocrx_word' id='word_1_750' title='bbox 3056 5184 3396 5242; x_wconf 89' lang='lat' dir='ltr'>liberiorem</span> <span class='ocrx_word' id='word_1_751' title='bbox 3421 5184 3764 5244; x_wconf 88' lang='lat' dir='ltr'>libertatem</span> 
     </span>
    </p>
   </div>
   <div class='ocr_carea' id='block_1_117' title="bbox 2089 5272 3767 5346">
    <p class='ocr_par' dir='ltr' id='par_1_117' title="bbox 2089 5272 3767 5346">
     <span class='ocr_line' id='line_1_117' title="bbox 2089 5272 3767 5346; baseline 0.002 -18"><span class='ocrx_word' id='word_1_752' title='bbox 2089 5272 2389 5346; x_wconf 87' lang='lat' dir='ltr'>episcopis</span> <span class='ocrx_word' id='word_1_753' title='bbox 2411 5272 2490 5330; x_wconf 88' lang='lat' dir='ltr'>ad</span> <span class='ocrx_word' id='word_1_754' title='bbox 2512 5273 3001 5346; x_wconf 90' lang='lat' dir='ltr'>peragendumin</span> <span class='ocrx_word' id='word_1_755' title='bbox 3011 5290 3223 5331; x_wconf 90' lang='lat' dir='ltr'>eorum</span> <span class='ocrx_word' id='word_1_756' title='bbox 3253 5273 3573 5345; x_wconf 82' lang='lat' dir='ltr'>paroechiis</span> <span class='ocrx_word' id='word_1_757' title='bbox 3590 5276 3767 5332; x_wconf 82' lang='lat' dir='ltr'>mini-</span> 
     </span>
    </p>
   </div>
   <div class='ocr_carea' id='block_1_118' title="bbox 2090 5504 3761 5575">
    <p class='ocr_par' dir='ltr' id='par_1_118' title="bbox 2090 5504 3761 5575">
     <span class='ocr_line' id='line_1_118' title="bbox 2090 5504 3761 5575; baseline 0 -15"><span class='ocrx_word' id='word_1_758' title='bbox 2090 5506 2458 5561; x_wconf 85' lang='lat' dir='ltr'>conversatio</span> <span class='ocrx_word' id='word_1_759' title='bbox 2470 5505 2951 5575; x_wconf 81' lang='lat' dir='ltr'>reprehensibilis</span> <span class='ocrx_word' id='word_1_760' title='bbox 2961 5505 3294 5575; x_wconf 82' lang='lat' dir='ltr'>periculose</span> <span class='ocrx_word' id='word_1_761' title='bbox 3309 5504 3594 5562; x_wconf 82' lang='lat' dir='ltr'>devastet.</span> <span class='ocrx_word' id='word_1_762' title='bbox 3612 5505 3761 5566; x_wconf 67' lang='lat' dir='ltr'>Quae</span> 
     </span>
    </p>
   </div>
   <div class='ocr_carea' id='block_1_119' title="bbox 2089 5575 3765 5649">
    <p class='ocr_par' dir='ltr' id='par_1_119' title="bbox 2089 5575 3765 5649">
     <span class='ocr_line' id='line_1_119' title="bbox 2089 5575 3765 5649; baseline 0.001 -19"><span class='ocrx_word' id='word_1_763' title='bbox 2089 5591 2232 5649; x_wconf 73' lang='lat' dir='ltr'>vero</span> <span class='ocrx_word' id='word_1_764' title='bbox 2259 5575 2398 5632; x_wconf 91' lang='lat' dir='ltr'>dein</span> <span class='ocrx_word' id='word_1_765' title='bbox 2424 5581 2755 5649; x_wconf 86' lang='lat' dir='ltr'>sequuntur</span> <span class='ocrx_word' id='word_1_766' title='bbox 2775 5576 2939 5648; x_wconf 89' lang='lat' dir='ltr'>apud</span> <span class='ocrx_word' id='word_1_767' title='bbox 2982 5576 3358 5649; x_wconf 74' lang='lat' dir='ltr'>Reginonem</span> <span class='ocrx_word' id='word_1_768' title='bbox 3379 5582 3436 5632; x_wconf 85' lang='lat' dir='ltr'>et</span> <span class='ocrx_word' id='word_1_769' title='bbox 3468 5577 3765 5649; x_wconf 71' lang='lat' dir='ltr'>But-char-</span> 
     </span>
    </p>
   </div>
   <div class='ocr_carea' id='block_1_120' title="bbox 2089 5646 3750 5707">
    <p class='ocr_par' dir='ltr' id='par_1_120' title="bbox 2089 5646 3750 5707">
     <span class='ocr_line' id='line_1_120' title="bbox 2089 5646 3750 5707; baseline -0.002 -5"><span class='ocrx_word' id='word_1_770' title='bbox 2089 5647 2238 5703; x_wconf 91' lang='lat' dir='ltr'>dum</span> <span class='ocrx_word' id='word_1_771' title='bbox 2258 5662 2381 5703; x_wconf 90' lang='lat' dir='ltr'>non</span> <span class='ocrx_word' id='word_1_772' title='bbox 2400 5646 2638 5704; x_wconf 82' lang='lat' dir='ltr'>exstant</span> <span class='ocrx_word' id='word_1_773' title='bbox 2663 5648 2724 5703; x_wconf 89' lang='lat' dir='ltr'>in</span> <span class='ocrx_word' id='word_1_774' title='bbox 2744 5646 2976 5703; x_wconf 81' lang='lat' dir='ltr'>canone</span> <span class='ocrx_word' id='word_1_775' title='bbox 3005 5647 3106 5704; x_wconf 88' lang='lat' dir='ltr'>illo</span> <span class='ocrx_word' id='word_1_776' title='bbox 3132 5647 3364 5705; x_wconf 89' lang='lat' dir='ltr'>concilii</span> <span class='ocrx_word' id='word_1_777' title='bbox 3402 5646 3750 5707; x_wconf 84' lang='lat' dir='ltr'>Meldensis.</span> 
     </span>
    </p>
   </div>
  </div>
