4044 6196
283 215 388 268 193

1233 220 1324 273 DE
1363 220 1647 277 ECCLES.
1691 218 1976 276 DISCIPL.
2001 219 2198 276 LIBRI
2238 223 2400 279 DUO.
2442 255 2510 265 —
2552 225 2684 283 LIB.
2727 228 2768 284 Ι.

3603 249 3704 305 194

281 332 524 389 stet-ium
554 338 791 405 prestat
811 351 999 408 quam
1031 337 1326 395 hactenus
1369 344 1614 412 propter
1667 340 1932 397 diversas
1964 346 2012 399 Α
2049 340 2123 396 Ut
2153 343 2463 428 episcopus
2491 360 2624 428 cum
2649 351 2867 428 paucis
2892 369 3059 428 auiam
3087 360 3462 428 pag-acuum
3510 368 3702 426 σίναι-

279 421 753 493 perturbationes
804 424 1182 484 habuissent.
1245 428 1359 500 ipsi
1414 435 1616 486 autem
1668 429 1933 503 episcopi

277 525 627 566 concessum
654 512 768 568 sibi
795 513 986 569 otium
1012 531 1133 572 non
1155 517 1216 572 in
1245 533 1386 574 suas
1416 518 1771 591 voluptates,
1824 518 1930 574 sed

273 596 332 653 in
361 598 653 667 divinum,
704 606 761 657 et
789 600 1128 660 ofﬁciosum
1175 612 1524 664 convertant
1575 607 1879 677 negotium
1915 625 1928 675 ;

272 692 569 759 quatenus
629 689 934 746 studentes
982 693 1529 766 praedicationibus,
1582 695 1930 752 correctioni

273 779 450 848 atque
480 775 942 846 conﬁrmationi,
971 781 1137 853 quod
1154 782 1444 840 hactenus
1465 800 1572 857 per
1586 785 1928 858 parmcbias

271 863 377 919 fuit
400 865 762 937 neglectum,
794 867 1034 924 solerter
1059 869 1132 925 de
1163 875 1373 928 caetero
1401 872 1474 929 sit
1515 873 1923 930 emendatum.

273 969 392 1052 3_3_
415 972 508 1029 Ne
537 975 799 1052 episcopi
812 983 1067 1052 propter
1093 994 1263 1052 suam
1297 982 1562 1052 quietem
1611 983 1927 1052 negligant

266 1043 496 1110 plebem
521 1044 636 1100 sibi
656 1043 1045 1104 commissam.
1079 1050 1179 1106 Ea:
1199 1043 1398 1108 eodem
1425 1043 1710 1121 concilio:
1742 1043 1833 1107 tit.
1871 1057 1924 1106 5.

340 1151 400 1205 V.
433 1150 685 1221 (Concil.
713 1153 878 1231 Meld
906 1170 958 1209 c.
988 1158 1060 1210 28
1090 1175 1106 1221 ;
1135 1159 1456 1228 BURCHARD,
1481 1157 1585 1214 lib.
1619 1175 1658 1229 1,
1703 1174 1754 1213 c.
1814 1161 1931 1224 '28.)

268 1237 713 1295 Providendum
739 1245 832 1296 est
857 1256 932 1296 ne
964 1242 1232 1315 episcopi
1260 1249 1504 1316 propter
1533 1260 1709 1301 suam
1763 1245 1931 1317 quie-

268 1328 390 1380 tem
421 1327 501 1382 ad
539 1327 866 1384 remotiora
892 1328 1028 1386 loca
1056 1331 1421 1400 accedentes,
1450 1338 1506 1388 et
1526 1350 1702 1388 suum
1731 1333 1932 1389 minis-

271 1414 490 1469 terium
513 1416 904 1489 negligentes,
960 1419 1236 1492 proprias
1290 1420 1567 1478 deserant
1613 1422 1924 1490 civitates;

274 1503 384 1559 sed
412 1510 515 1560 aut
537 1507 874 1578 parcechias
904 1524 1044 1563 suas
1071 1526 1208 1564 cum
1247 1510 1424 1566 oﬂ‘icii
1454 1511 1718 1567 efﬁcacia
1744 1527 1926 1567 circu-

267 1596 492 1659 meant,
531 1598 635 1648 aut
663 1610 799 1649 cum
827 1594 1111 1666 religione
1148 1597 1208 1652 in
1236 1598 1360 1652 suis
1390 1599 1727 1655 civitatibus
1747 1615 1926 1655 cano-

261 1677 397 1733 nice
432 1694 568 1734 cum
601 1679 735 1735 ﬁliis
761 1682 885 1737 suis
913 1683 1158 1754 degant.
1183 1685 1562 1758 Presbyteros
1589 1687 1768 1744 etiam
1810 1688 1923 1743 sibi
1960 1693 2006 1747 Β

262 1767 618 1824 commissos
647 1769 939 1842 doctrina,
974 1773 1261 1842 castitate,
1293 1781 1348 1832 et
1375 1776 1710 1846 sobrietate,
1743 1782 1922 1851 atque

259 1851 662 1923 hospitalitate
693 1855 1031 1913 secundum
1063 1874 1241 1916 suum
1272 1860 1668 1918 ministerium
1722 1863 1920 1918 ornari

261 1939 651 2012 compellant.

263 2047 349 2101 De
371 2049 665 2127 episcopis
681 2052 786 2127 qui
801 2068 945 2127 raro
962 2061 1067 2127 aut
1085 2071 1393 2127 nunquam
1407 2060 1610 2127 plebes
1631 2060 1748 2115 sibi
1770 2075 1919 2116 com-

298 2119 506 2189 missas
515 2137 624 2190 per
633 2119 850 2192 seipsos
874 2125 1138 2181 visitant.
1151 2119 1251 2183 Ei'
1267 2119 1461 2185 eodem
1481 2132 1754 2198 concilio,
1775 2133 1843 2186 tit
1861 2138 1912 2188 6.

337 2227 417 2280 Vl.
451 2227 706 2297 (Concil.
738 2230 921 2286 Held.
955 2249 1005 2287 c.
1030 2237 1145 2301 29.)
1189 2236 1257 2290 Ut
1299 2238 1708 2308 quorumdam
1761 2239 1914 2312 epis-

259 2329 555 2387 coporum
579 2319 1085 2390 reprehensibilis,
1108 2322 1231 2378 imo
1253 2323 1637 2395 damnabilis,
1661 2343 1917 2383 consue-

259 2403 408 2458 tudo
430 2405 799 2462 omnimodis
829 2409 1180 2479 corrigatur,
1213 2412 1314 2483 qui
1340 2413 1548 2484 plebes
1579 2414 1690 2470 sibi
1730 2417 1918 2471 credi-

255 2495 351 2547 tas
373 2497 476 2548 aut
499 2509 636 2548 raro
668 2500 772 2550 aut
797 2509 1113 2568 nunquam
1156 2514 1260 2569 per
1314 2499 1548 2571 seipsos
1598 2503 1771 2571 juxta
1824 2519 1920 2558 or-

251 2580 468 2636 dinem
498 2581 914 2652 evangelicum
945 2589 1002 2639 et
1052 2587 1450 2658 apostolicum
1510 2594 1687 2661 atque
1735 2593 1920 2647 eccle-

251 2669 572 2725 siasticum
600 2672 864 2747 visitant,
897 2689 1036 2728 cum
1068 2675 1359 2732 Dominus
1390 2677 1550 2734 dicat
1581 2697 1593 2733 :
1637 2680 1924 2750 Specula-

252 2764 446 2815 torem
477 2760 618 2816 dedi
644 2766 700 2816 te
725 2761 933 2817 domui
959 2765 1174 2836 Israel,
1207 2771 1259 2821 et
1293 2767 1497 2824 audies
1530 2783 1606 2824 ea:
1655 2785 1760 2826 ore
1794 2788 1919 2828 meo

252 2848 522 2918 verbum,
557 2855 610 2904 et
642 2851 1033 2907 annuntiabis
1056 2854 1138 2908 eis
1161 2869 1237 2910 ex
1288 2872 1379 2911 me
1428 2857 1657 2928 (Ezech.
1710 2862 1809 2930 in),
1862 2865 1917 2917 et

251 2941 470 2992 caetera
495 2953 632 3009 quae
661 2937 902 2995 divinus
924 2956 1128 2998 sermo
1155 2944 1583 3017 complectitur.

2309 423 2485 472 meat.
2518 418 2620 474 Ex
2646 423 2900 479 concilio
2934 418 3231 500 Toletano,
3265 418 3422 492 liti—5

2115 520 2249 576 Vill.
2274 522 2527 592 (Concil.
2565 527 2748 582 Tolet.
2787 545 2879 600 vn,
2917 549 2966 586 c.
3002 537 3034 588 4
3070 553 3083 602 ;
3140 539 3454 599 Buncnun.
3505 543 3610 602 lib.
3659 563 3698 612 ι,

2041 624 2092 664 c.
2125 609 2237 680 86.)
2260 612 2405 667 Cum
2422 612 2744 688 episcopus
2775 634 2952 675 suam
2972 621 3277 682 dioecesim
3304 629 3525 704 visitat,
3549 609 3698 692 nulli

2035 882 2139 933 aut
2170 879 2432 951 amplius
2459 897 2648 953 quam
2681 901 2800 942 una
2837 889 2931 945 die
2987 907 3093 963 per
3150 911 3337 953 unam
3389 879 3698 974 quamque

2043 965 2355 1025 basilicam
2376 974 2721 1029 remorandi
2745 975 3041 1037 licentiam
3073 983 3294 1044 habeat
3346 965 3494 1061 (183)

2039 1075 2155 1147 35
2179 1079 2690 1166 νζηβξεριέξςοραξ
2744 1085 2862 1166 [ioc
2906 1093 3146 1166 ert-plere
3171 1098 3526 1166 nequiverit,
3558 1115 3694 1157 suos

2174 1151 2432 1205 vicarios
2461 1152 2706 1224 dirigat.
2729 1157 2830 1214 Ea:
2856 1151 3055 1218 eodem
3086 1151 3372 1236 concilio,
3390 1151 3564 1226 tiu-6.

2220 1273 2470 1363 (Cant-il.
2508 1278 2688 1335 Tolet.
2717 1297 2796 1350 iv,
2820 1300 2870 1340 c.
2900 1289 2968 1340 36
3001 1304 3013 1352 ;
3039 1288 3357 1346 Burmann.
3409 1293 3511 1349 lib.
3538 1311 3576 1363 ι,
3637 1313 3689 1352 c.

2038 1360 2149 1450 8:7.)
2185 1361 2357 1425 Quod
2388 1363 2434 1417 si
2466 1365 2785 1440 episcopus
2809 1378 2913 1428 aut
2940 1373 3228 1444 languore
3258 1360 3571 1450 detentus,
3594 1391 3696 1441 aut

2036 1447 2167 1503 aliis
2197 1453 2696 1523 occupationibus
2727 1460 3088 1533 implicatus,
3121 1465 3180 1520 id
3212 1473 3448 1540 explere
3487 1447 3695 1546 nequi-

2034 1537 2200 1604 verit,
2243 1541 2626 1612 presbyteros
2679 1549 3010 1618 probabilis
3069 1554 3197 1610 vitae
3255 1537 3358 1613 aut
3404 1537 3694 1619 diaconos

2033 1627 2246 1717 mittat,
2277 1629 2384 1700 qui
2413 1631 2678 1689 redditus
2708 1635 3095 1697 basilicarum
3122 1648 3178 1698 et
3205 1648 3612 1717 reparationes
3638 1658 3693 1709 et

2032 1715 2500 1775 ministrantium
2530 1721 2712 1779 vitam
2745 1725 3068 1799 inquirant.

2036 1841 2108 1896 Ut
2139 1843 2407 1934 episcopi
2417 1859 2592 1934 suam
2625 1847 2913 1934 dioecesim
2949 1857 3204 1934 visitent.
3237 1860 3340 1918 Ex
3388 1863 3687 1934 Capitulis

2382 1919 2773 1986 synodalibus
2803 1925 3017 1984 Caroli
3045 1930 3327 2000 Augusti.

2098 2041 2156 2094 X.
2185 2041 2333 2130 (184)
2361 2044 2430 2098 Ut
2458 2045 2721 2120 episcopi
2773 2050 3141 2112 circumeant
3193 2060 3536 2130 partechias
3575 2063 3688 2120 sibi

2026 2129 2406 2198 commissas,
2439 2137 2495 2189 et
2521 2135 2603 2190 ibi
2630 2136 2968 2209 inquirendi
3004 2129 3268 2202 studium
3303 2149 3570 2208 habeant
3612 2153 3687 2208 de

2025 2215 2278 2290 incestu,
2305 2218 2381 2274 de
2409 2224 2763 2295 parricidiis,
2794 2227 3096 2287 adulteriis
3118 2239 3175 2289 et
3195 2235 3327 2290 aliis
3351 2238 3526 2294 malis
3551 2256 3686 2311 quas

2027 2307 2327 2365 contraria
2349 2316 2489 2365 sunt
2517 2315 2655 2379 Deo,
2691 2319 2746 2369 et
2772 2332 2906 2387 quae
2939 2321 3253 2378 Christiani
3299 2307 3688 2383 devitare—de-

2027 2391 2189 2459 bent,
2220 2398 2279 2448 et
2306 2394 2458 2453 infra
2486 2398 2726 2454 illorum
2753 2407 3089 2474 parmchias
3119 2410 3529 2483 ecclesiarum,
3560 2415 3688 2488 qui-

2027 2479 2147 2536 bus
2174 2496 2417 2538 neeesse
2445 2490 2552 2554 est,
2579 2491 2944 2547 emendandi
2976 2510 3183 2551 curam
3203 2498 3484 2557 habeant.
3516 2479 3690 2559 'Siini-

2028 2567 2160 2624 liter
2179 2574 2303 2626 tam
2322 2577 2556 2629 nostras
2588 2591 2625 2630 a
2651 2577 2824 2634 nobis
2847 2581 2908 2635 in
2926 2581 3291 2642 beneﬁcium
3309 2588 3482 2646 datas
3497 2609 3688 2664 quam

2029 2662 2087 2713 et
2111 2658 2366 2715 aliorum
2389 2678 2630 2719 summo
2657 2667 2854 2724 studio
2882 2671 3259 2742 provideant.

2035 2765 2110 2821 Ut
2124 2767 2430 2851 episcopus
2444 2770 2592 2851 duos
2608 2775 2828 2851 solidos
2851 2782 3086 2834 tantum
3103 2782 3364 2851 accipiat
3375 2800 3507 2842 cum
3519 2802 3687 2844 suam

2055 2839 2428 2906 paraec/iiam
2447 2845 2682 2900 circuit.
2698 2846 2798 2901 Ex
2811 2851 3064 2906 concilio
3085 2839 3470 2926 Bracarensi,
3491 2839 3584 2914 tit.
3596 2839 3683 2915 Ῑόί

2093 2947 2178 3000 XI.
2217 2946 2323 3015 (10,
2357 2964 2412 3019 q.
2449 2954 2501 3020 3,
2526 2967 2576 3006 c.
2615 2953 2688 3023 1.)
2744 2955 2970 3013 Placuit
3004 2963 3067 3014 ut
3121 2959 3324 3017 nullus
3374 2964 3685 3039 episcopo-

256 3045 333 3100 [π
364 3046 670 3115 episcopus
695 3048 958 3104 ambulet
977 3065 1092 3118 per
1119 3066 1290 3107 suam
1319 3054 1634 3111 αἱρεθείη.
1656 3057 1758 3114 Ex
1780 3074 1916 3115 σοη,
1943 3042 1990 3106 α
2024 3050 2179 3105 rum,
2212 3053 2351 3092 cum
2383 3055 2523 3095 suas
2554 3041 2841 3099 diceceses
2885 3047 3099 3118 visitat,
3129 3057 3343 3122 praeter
3391 3054 3684 3114 honorem

706 3119 843 3174 cilio
886 3121 1273 3191 Bracarensi,
1306 3126 1396 3180 tit.
1431 3131 1459 3180 7

331 3223 439 3276 VII.
476 3223 724 3294 (Concil.
756 3227 1015 3283 Bracar.
1050 3244 1108 3299 ιι,
1141 3245 1192 3284 c.
1230 3234 1250 3284 1
1285 3249 1298 3299 ;
1352 3233 1690 3302 Eunaeum,
1736 3235 1840 3292 lib.
1874 3255 1911 3305 ι,

251 3326 310 3365 c.
341 3311 450 3381 85.)
477 3311 702 3368 Placuit
721 3315 1006 3370 omnibus
1049 3316 1346 3391 episcopis
1403 3325 1582 3394 atque
1635 3326 1914 3382 convenit

249 3402 324 3452 ut
350 3414 458 3471 per
486 3399 753 3470 singulas
775 3402 1065 3459 Ecclesias
1090 3409 1146 3461 et
1191 3406 1476 3464 dimceses
1529 3412 1911 3470 ambulantes

249 3487 523 3559 primum
553 3488 874 3546 discutiant
899 3491 1162 3562 clericos,
1187 3497 1497 3567 quomodo
1517 3501 1790 3558 ordinem
1815 3503 1922 3559 ba-v

247 3576 457 3649 ptismi
487 3581 726 3634 teneant
751 3578 846 3634 vel
873 3580 1218 3651 missarum,
1245 3583 1362 3656 34
1389 3590 1446 3642 et
1472 3588 1727 3659 qualiter
1754 3607 1914 3664 quaa-

249 3680 498 3737 cunque
528 3664 727 3722 ofﬁcia
754 3666 816 3721 in
843 3668 1104 3726 Ecclesia
1119 3679 1430 3743 peragant.
1455 3677 1522 3730 Et
1543 3676 1591 3732 si
1606 3683 1762 3734 recte
1786 3680 1914 3751 qui-

248 3754 398 3811 dem
426 3754 781 3825 invenerint,
816 3758 936 3813 Deo
965 3760 1190 3828 gratias
1224 3779 1236 3828 ;
1279 3762 1370 3817 sin
1395 3769 1596 3820 autem
1642 3768 1912 3837 minime,

249 3844 473 3900 docere
499 3844 720 3901 debent
742 3845 1007 3918 ignaros,
1029 3853 1088 3904 et
1115 3849 1231 3905 hoc
1283 3853 1649 3909 omnimodis
1706 3858 1915 3928 praeci-

249 3949 418 4005 pere,
453 3938 518 3989 ut
547 3934 698 3990 sicut
721 3935 950 4009 antiqui
1012 3953 1276 3995 canones
1326 3941 1562 4012 jubent,
1607 3948 1744 4000 ante
1791 3945 1917 4002 dies

245 4022 464 4092 viginti
491 4022 775 4096 baptismi
804 4025 883 4081 ad
928 4027 1350 4098 purgationem
1398 4032 1716 4108 exorcismi
1766 4041 1917 4092 cate-

247 4107 540 4162 chumeni
567 4114 807 4165 currant
835 4129 848 4179 ;
875 4110 1032 4167 intra
1057 4127 1210 4184 quos
1232 4113 1465 4184 virginti
1516 4107 1643 4173 dies
1666 4121 1915 4177 omnino

247 4195 670 4252 catechumeni
703 4199 1078 4270 Symbolum,
1098 4202 1264 4274 quod
1291 4209 1378 4261 est
1400 4205 1590 4263 Credo
1613 4210 1674 4264 in
1701 4211 1908 4280 Deum,

247 4285 589 4359 specialiter
614 4287 964 4345 doceantur.

615 4397 771 4464 Quid
791 4399 973 4455 laicos
1006 4399 1214 4458 docere
1260 4410 1550 4472 oporteat.

322 4501 450 4567 (Ea:
477 4502 604 4558 eod.
636 4505 1170 4563 concilioBracar.
1221 4525 1282 4580 ιι,
1338 4525 1388 4564 c.
1450 4512 1520 4582 1.)
1579 4513 1908 4586 Postquam

233 4605 399 4661 ergo
425 4607 568 4646 suos
593 4591 839 4648 clericos
864 4594 1253 4652 discusserint
1289 4599 1383 4654 vel
1429 4599 1742 4660 docuerint
1790 4606 1910 4679 epi-

246 4680 445 4752 scopi,
479 4679 597 4736 alia
628 4681 746 4753 die,
782 4689 1110 4741 convocata
1164 4687 1338 4758 plebe
1377 4689 1569 4761 ipsius
1612 4693 1907 4766 Ecclesiae,

244 4769 513 4826 doceant
536 4770 667 4826 illos
697 4776 763 4827 ut
791 4789 1052 4830 errorem
1082 4774 1314 4844 fugiant
1341 4776 1642 4836 idolorum
1670 4782 1766 4838 vel
1819 4783 1908 4840 di-

233 4874 429 4915 versa
459 4859 731 4928 crimina,
758 4861 822 4917 id
849 4867 938 4918 est
964 4863 1376 4928 homicidium.
1396 4866 1757 4925 adulterium
1777 4888 1909 4944 per-

238 4947 498 5018 jurium,
529 4948 750 5006 falsum
798 4952 1226 5021 testimonium,
1279 4959 1336 5010 et
1381 4955 1611 5030 reliqua
1663 4967 1910 5032 peccata

243 5037 602 5108 mortifera;
634 5045 689 5096 et
713 5041 879 5113 quod
907 5041 1119 5097 nolunt
1160 5042 1271 5098 sibi
1322 5044 1470 5116 fieri,
1518 5063 1641 5104 non
1689 5050 1910 5109 faciant

242 5124 421 5181 alteri
452 5145 464 5194 ;
496 5132 554 5183 et
581 5133 647 5184 ut
670 5129 919 5186 credant
936 5132 1430 5190 resurrectionem
1473 5139 1748 5196 omnium
1801 5143 1907 5199 ho-

240 5215 487 5271 minum
519 5223 576 5272 et
605 5218 763 5273 diem
791 5218 1022 5290 judicii,
1049 5219 1109 5275 in
1168 5238 1291 5293 quo
1352 5229 1767 5303 unusquisque
1815 5249 1906 5289 se-

237 5305 524 5361 cundum
550 5323 734 5379 opera
765 5324 877 5364 sua
897 5314 1243 5382 recepturus
1299 5313 1390 5368 sit.
1443 5318 1507 5370 Et
1561 5318 1643 5374 sic
1700 5328 1908 5392 postea

236 5395 575 5468 episcopus
628 5397 704 5454 de
731 5397 988 5455 Ecclesia
1006 5399 1107 5486 illa
1144 5401 1559 5473 proﬁciscatur
1584 5408 1664 5465 ad
1701 5410 1903 5468 aliam.

503 5574 994 5658 iconciliugn
1025 5578 1403 5658 Valentinum
1433 5601 1516 5652 ιιι,
1546 5601 1679 5658 cap.
1714 5592 1798 5643 t7.

324 5644 470 5716 (184)
503 5646 641 5702 Vide
660 5643 762 5705 lib.
797 5666 852 5705 v.
914 5651 1361 5722 Capitularium,
1415 5643 1590 5728 capp.
1621 5643 1726 5725 ‘93,
1786 5664 1906 5729 109,

2024 3123 2322 3180 cathedrae
2356 3143 2501 3199 sum,
2535 3129 2594 3184 id
2619 3135 2709 3186 est
2738 3131 2891 3188 duos
2933 3135 3180 3205 solidos,
3235 3140 3463 3216 aliquid
3519 3145 3682 3202 aliud

2022 3211 2188 3268 tollat
2215 3230 2323 3286 per
2353 3216 2652 3284 ecclesias,
2685 3236 2878 3294 neque
2913 3225 3145 3282 tertiam
3174 3211 3406 3301 partem
3433 3248 3506 3288 ex
3536 3250 3683 3306 qua-

2023 3315 2261 3373 cunque
2291 3302 2592 3361 oblatione
2623 3309 2829 3380 populi
2850 3310 2911 3366 in
2934 3313 3196 3370 ecclesiis
3216 3302 3683 3389 parcechialibus

2020 3389 2285 3461 requirat
2315 3409 2328 3458 ;
2363 3393 2468 3448 sed
2501 3395 2666 3451 tertia
2687 3397 2785 3453 illa
2809 3415 2949 3471 pars
2979 3418 3090 3474 pro
3139 3404 3539 3464 luminaribus
3591 3425 3682 3465 ec-

2022 3477 2216 3533 clesia:
2249 3480 2341 3535 vel
2365 3485 2740 3554 reparatione
2770 3495 3056 3558 servetur,
3085 3493 3200 3563 36
3235 3501 3291 3550 et
3312 3497 3560 3566 singulis
3583 3515 3683 3554 an-

2021 3565 2114 3622 nis
2173 3569 2461 3642 episcopo
2526 3573 2740 3630 exinde
2806 3579 2956 3633 ratio
3013 3580 3138 3635 ﬁat.
3191 3585 3340 3638 Nam
3372 3565 3432 3640 si
3449 3587 3682 3644 tertiam

2019 3654 2185 3711 illam
2217 3663 2449 3729 partem
2482 3660 2802 3732 episcopus
2825 3664 3010 3733 tollat,
3043 3667 3247 3724 lumen
3278 3676 3335 3725 et
3356 3677 3515 3728 sarta
3534 3679 3683 3731 tecta

2023 3743 2287 3799 ecclesiae
2316 3745 2579 3801 abstulit.

2023 3868 2110 3922 De
2140 3867 2430 3953 opis‘copis
2456 3871 2561 3941 qui
2590 3886 2708 3951 non
2733 3874 2993 3953 Avisitatis
3039 3881 3366 3953 parare/aiis
3422 3885 3681 3953 pretium

2094 3939 2406 4022 servitutis
2427 3939 2763 4022 requirunt:
2797 3946 2901 4022 Ere
2952 3939 3204 4022 concilio
3254 3939 3436 4022 apud.
3477 3939 3683 4014 Τνέόὶῇ

2094 4010 2218 4064 rias
2241 4010 2443 4067 habito
2473 4010 2834 4084 temporibus
2864 4019 3182 4091 Arnulphi
3206 4010 3381 4096 regis,
3441 4010 3532 4084 tit.
3566 4010 3676 4086 ἐξ.

2013 4201 2020 4203 ἓ
2092 4138 2203 4192 XII.
2233 4136 2572 4205 (Eunonen.
2605 4138 2706 4196 lib.
2737 4159 2775 4211 ι,
2809 4159 2861 4200 c.
2895 4147 3047 4218 229.)
3075 4148 3280 4207 Delata
3333 4157 3421 4210 est
3472 4171 3679 4214 coram

2023 4229 2228 4281 sancta
2255 4226 2492 4298 synodo
2515 4230 2894 4300 querimonia
2919 4235 3210 4307 plebium,
3235 4256 3308 4297 eo
3342 4243 3510 4315 quod
3563 4245 3681 4302 sint

2021 4314 2272 4387 quidam
2301 4315 2569 4390 episcopi
2621 4320 2892 4380 nolentes
2940 4326 3020 4382 ad
3075 4314 3534 4401 praedicandum
3588 4335 3679 4392 vel

1946 4390 1992 4444 Ῑ)
2022 4403 2510 4473 conﬁrmandum
2530 4424 2670 4465 suas
2684 4426 2791 4483 per
2811 4428 3041 4471 annum
3057 4420 3396 4488 parcechias
3407 4423 3676 4488 circuire,

2018 4492 2124 4566 qui
2150 4496 2352 4550 tamen
2369 4495 2616 4566 exigunt
2634 4503 2700 4555 ut
2729 4502 3098 4572 mansiones,
3116 4506 3340 4576 quibus
3359 4509 3420 4563 in
3443 4510 3678 4580 profec-

2018 4581 2177 4637 tione
2204 4581 2288 4638 uti
2313 4582 2667 4658 debuerant,
2699 4589 2818 4644 alio
2853 4589 3043 4661 pretio
3072 4592 3372 4650 redimant
3423 4596 3528 4669 qui
3574 4613 3679 4669 pa-

2016 4687 2148 4727 rare
2178 4671 2417 4729 debent.
2453 4677 2596 4742 Quae
2624 4676 2847 4750 duplex
2868 4678 3121 4737 infamia
3143 4686 3202 4738 et
3229 4683 3594 4754 negligentia
3621 4691 3679 4744 et

2017 4760 2263 4817 avaritia
2295 4768 2513 4820 sanctae
2563 4765 2799 4837 synodo
2857 4767 3087 4824 horrori
3136 4769 3245 4826 fuit
3299 4788 3570 4844 magno;
3621 4781 3679 4833 et

2017 4852 2349 4906 statuerunt
2369 4867 2445 4906 ne
2469 4851 2606 4924 quis
2626 4853 2866 4926 penitus
2897 4855 3052 4912 ultra
3080 4864 3350 4916 exerceat
3402 4861 3464 4917 id
3514 4864 3677 4938 cupi-

2016 4935 2215 4992 ditatis
2244 4938 2575 5011 ingenium,
2607 4946 2663 4998 et
2688 4947 2757 5030 ut
2809 4943 3178 5002 sollicitiores
3237 4949 3352 5006 sint
3405 4935 3674 5030 episcopi

2016 5023 2092 5080 de
2124 5025 2250 5080 suis
2283 5028 2566 5098 gregibus
2589 5029 2922 5088 visitandis.

2015 5135 2102 5190 De
2143 5135 2347 5192 eadem
2403 5153 2486 5192 re.
2531 5138 2642 5213 _E.z'
2680 5139 2963 5213 capitulis
3019 5146 3410 5213 synodalibus
3465 5152 3676 5210 Caroli

2517 5209 2916 5280 imperatoris,
2961 5209 3170 5272 πεῖραι.
3605 5209 3608 5210 ί
3637 5209 3666 5210 ⁷“
3711 5246 3717 5251 -

2087 5329 2221 5382 ΧΙΙΙ.
2249 5328 2398 5396 (Lib.
2420 5345 2436 5384 ι
2461 5329 2826 5418 Capitular.,
2854 5349 2903 5392 c.
2945 5339 3086 5410 100.)
3117 5342 3196 5396 Ne
3222 5359 3360 5400 vero
3382 5343 3668 5418 episcopi,

2016 5417 2330 5473 occasione
2356 5417 2727 5489 praedicandi
2753 5428 2856 5481 aut
2877 5427 3277 5488 conﬁrmandi
3292 5433 3458 5490 oneri
3474 5436 3672 5490 essent

2018 5596 2147 5736 22:,
2302 5598 2444 5652 tom.
2504 5599 2547 5653 ll
2604 5602 3000 5663 Conciliorum
3069 5607 3290 5680 Galliae,
3341 5624 3481 5682 pag.
3540 5609 3664 5674 248,
