2023 3095
167 72 218 100 I95

736 58 903 92 REGINOM
921 56 1129 89 ριιιΜιΝειε
1148 59 1305 90 ABBATIS.

1827 60 1876 87 m

165 133 294 169 populis,
309 139 327 160 a
341 131 429 159 nobis
444 128 589 159 admoniti
600 128 692 164 [adm.
710 134 727 154 a
738 127 779 162 n.]
793 124 914 163 polliciti
925 126 993 151 sunt
1009 122 1033 149 Α
1047 123 1091 151 De
1105 124 1269 152 tut-cuncti
1277 122 1513 169 prmeripttone.
1539 123 1586 151 Ec:
1613 122 1740 157 epistola
1767 122 1879 150 cum

166 186 197 204 se
210 177 352 212 deinceps
367 176 424 203 hoc
440 181 543 202 cavere
558 171 632 200 velle
645 174 673 199 et
688 177 723 199 eo
748 173 880 206 tempore
904 176 992 195 suum

166 221 361 249 ministerium
377 219 460 255 [min.
474 219 519 253 5.],
534 218 563 245 in
577 219 725 254 quantum
742 215 866 243 facultas
894 213 992 245 datur,

165 267 298 304 exsequi,
315 267 361 294 his
377 264 469 301 [apud
484 263 554 299 lies]
569 262 679 299 quibus
691 261 833 298 prodesse
857 261 992 304 possunt,

165 320 225 340 non
238 303 298 348 quo
313 318 418 339 eorum
435 309 482 345 [ne
494 309 554 343 cor]
565 307 718 344 profectio.
730 308 877 343 quantum
894 304 923 332 in
940 303 994 331 illis

165 358 218 391 est,
235 356 271 383 sit
285 355 459 391 importuna
473 353 518 381 vel
536 360 663 381 onerosa
679 352 760 387 (183).

166 418 221 453 37
241 419 283 446 De
292 416 481 445 immunitate
496 416 698 444 ecclesiarum.
711 414 758 441 Ex
770 413 866 441 eodem
877 412 993 446 capitu-

470 460 538 495 larz’,
564 460 608 487 tit.
632 462 690 486 I03.

201 525 265 553 XIV.
279 524 437 559 (Capitula
450 521 545 550 Caroli
559 521 649 553 Calvi,
667 521 708 548 tit.
724 522 750 553 9,
765 528 790 547 c.
811 520 851 553 4.)
882 520 996 545 Denun-

167 569 303 597 tiandum
319 571 363 595 est
378 567 530 600 omnibus,
547 568 574 593 et
589 574 606 594 a
622 565 719 592 missis
735 563 843 592 nostris
857 563 997 590 ordinan-

167 614 250 646 dum,
269 615 299 640 ut
315 620 420 640 omnes
436 610 567 639 ecclesias
583 612 611 638 et
625 607 791 646 presbyteri
808 606 863 635 sub
889 607 996 634 immu-

166 657 256 686 nitate
272 660 300 685 et
315 655 468 693 privilegio
490 658 518 683 et
546 654 733 682 ordinatione
758 656 846 689 atque
873 651 997 687 disposiv

167 702 245 730 tione
272 702 483 738 episcoporum
511 699 698 735 singularum
725 695 945 735 paroechiarum
967 695 996 723 in

167 745 277 784 quibus
293 745 469 777 consistunt,
483 743 650 772 secundum
674 742 879 771 auctoritatem
906 748 996 769 cano—

167 791 267 819 nicam
281 791 487 826 permaneant.

170 854 253 889 Quod
281 861 380 882 omnes
411 853 540 881 basilica?
561 852 592 879 in
618 853 765 886 potestate
793 850 996 884 episcoporum

258 900 337 925 sunt.
356 896 407 926 Ea;
421 895 546 925 concilio
560 895 784 926 Aurelianensi,
801 894 845 922 tit.
865 893 906 921 I3.

205 961 257 988 XV.
274 960 392 995 (Concil
405 959 511 987 Aurel.
528 967 546 991 ι,
563 966 589 985 c.
605 958 653 991 I7;
672 958 831 991 Buucnmn,
846 955 897 984 lib.
915 963 954 988 ιιι,
971 963 995 981 c.

170 1005 206 1040 8.)
233 1005 342 1032 Omnes
373 1003 501 1032 basilicae
534 1011 602 1039 quae
634 1010 688 1038 per
715 1001 834 1030 diversa
846 1000 914 1028 loca
928 1007 998 1027 con-

170 1051 287 1077 structa:
300 1051 369 1077 sunt
383 1048 428 1076 vel
442 1047 572 1084 quotidie
590 1047 813 1080 construuntur,
830 1044 941 1081 placuit
954 1052 998 1072 se-

170 1093 304 1121 cundum
315 1093 449 1129 priorum
464 1099 617 1120 canonum
630 1090 766 1126 regulam
777 1091 810 1118 ut
821 1090 851 1118 in
862 1089 927 1125 ejus
939 1089 999 1127 cpi-

170 1137 263 1173 scopi,
292 1138 323 1164 in
348 1138 434 1172 cujus
456 1135 600 1164 territorio
625 1135 731 1171 positae
754 1136 832 1168 sunt,
854 1135 1000 1170 potestate

171 1180 348 1209 consistant.

170 1244 214 1271 De
227 1243 398 1278 partae/liis.
410 1243 460 1272 Ex
474 1243 600 1270 concilio
615 1241 860 1274 Clecedonensi,
893 1241 937 1267 tit.
956 1241 997 1267 I9.

206 1317 270 1344 XVI.
288 1316 415 1351 (Cc/icit.
434 1314 575 1342 Chalced.
594 1322 619 1341 c.
635 1316 664 1340 I7
684 1322 689 1346 ;
709 1314 865 1340 Illincusun.
881 1312 931 1339 lib.
958 1320 997 1347 ιιι,

171 1368 197 1387 c.
217 1361 289 1389 I48.)
305 1358 498 1393 singularum
527 1356 722 1385 ecclesiarum
749 1355 875 1384 rusticas
903 1363 999 1392 para»

172 1405 254 1432 chius
281 1404 324 1432 vel
353 1402 559 1439 possessiones
574 1409 695 1429 manere
719 1401 916 1429 inconcussas
945 1400 999 1427 illis

171 1449 319 1485 episcopis
334 1447 384 1483 qui
401 1456 452 1475 eas
470 1447 593 1474 retinere
608 1448 784 1480 noscuntur,
814 1448 841 1473 et
870 1445 999 1473 maxime

172 1493 195 1521 si
207 1501 260 1529 per
270 1491 447 1520 tricennium
462 1499 513 1518 eas
524 1490 639 1526 absque
648 1490 675 1517 vi
687 1489 854 1517 obtinentes
872 1489 930 1525 38
944 1489 1000 1517 sub

172 1536 395 1574 dispensatione
411 1537 559 1564 rexeruut.
575 1534 659 1567 Quod
676 1535 700 1562 si
720 1535 797 1562 intra
823 1534 1000 1562 tricennium

172 1582 251 1610 facta
266 1581 352 1609 fuerit
362 1580 398 1608 de
412 1580 457 1608 his
472 1580 517 1608 vel
530 1580 583 1607 tiat
598 1578 758 1612 altercatio,
775 1579 861 1607 licere
882 1579 923 1606 eis
950 1578 1001 1615 qui

174 1635 205 1655 se
221 1626 308 1654 laesos
321 1628 458 1654 asserunt
470 1625 554 1662 apud
570 1627 706 1652 sanctam
722 1623 873 1660 synodum
885 1623 1004 1660 provin-

173 1670 225 1699 ciae
241 1673 363 1699 certare.

173 1734 282 1768 Quales
291 1733 443 1762 ministros
460 1732 592 1767 episcopi
602 1733 632 1760 in
650 1732 824 1760 civitatibus
837 1732 899 1760 suis
913 1731 1004 1759 retin-

193 1786 284 1814 quere
291 1779 427 1807 debeant.
440 1779 490 1807 E2:
501 1777 652 1812 Capitulis
663 1777 913 1811 Carolijunioris,
922 1777 1001 1804 “2.5.

209 1851 286 1878 XVII.
301 1850 459 1886 (Capitula
475 1848 677 1883 Carlomanni,
692 1848 733 1876 tit.
747 1850 774 1882 2,
787 1856 813 1876 c.
830 1849 867 1884 7.)
880 1849 913 1876 Et
926 1856 1003 1885 quo—

173 1894 255 1923 niam
266 1894 412 1931 episcopi,
426 1893 479 1930 qui
490 1892 601 1921 nostris
616 1895 644 1921 et
654 1892 716 1920 suis
727 1892 941 1920 communibus
953 1893 1003 1921 Ec-

173 1938 269 1968 clesia!
283 1940 311 1967 et
322 1938 413 1967 totius
425 1937 509 1974 regni
523 1936 749 1965 necessitatibus
768 1937 906 1973 occupati
923 1939 1002 1972 sunt,

173 1991 236 2011 non
251 1983 348 2011 valent
361 1983 469 2011 cuncta
484 1981 537 2010 soli
552 1980 723 2018 prospicere
737 1990 805 2017 qua;
830 1980 908 2009 intra
929 1980 1004 2010 ﬁnes

173 2028 325 2064 parochias
339 2027 458 2055 illorum
472 2028 690 2063 perpetrantur,
708 2026 867 2054 statuimus
885 2029 918 2054 ut
932 2033 1007 2064 quo.

173 2073 347 2109 tiescunque
362 2070 495 2108 episcopi
510 2078 529 2099 a
543 2071 665 2108 propria
690 2070 807 2099 civitate
834 2071 1005 2106 digrediun-

1413 166 1510 194 papa.

1085 221 1174 249 XVIII.
1192 220 1297 256 (Gelas.
1311 223 1331 256 l,
1345 220 1429 257 epist.
1448 221 1491 255 I0,
1508 226 1533 249 c.
1553 220 1563 248 I
1585 228 1591 255 ;
1607 218 1657 248 lib.
1680 224 1728 247 vn.
1755 219 1878 255 Capltu-

1050 265 1120 299 lar.,
1135 271 1160 299 e,
1175 267 1224 293 I75
1242 275 1248 299 ;
1265 266 1423 294 Buncnnn.
1435 265 1486 293 lib.
1501 272 1541 299 ιιι,
1558 271 1583 292 c.
1602 263 1674 299 M9.)
1692 262 1765 292 Illud
1789 262 1879 292 etiam

1050 308 1166 338 annecti
1181 310 1302 347 placuit,
1318 312 1351 339 ut
1363 310 1388 338 si
1401 310 1463 347 qui,
1493 307 1576 346 quod
1604 307 1691 343 absit,
1721 306 1880 337 facultates

1050 353 1184 383 Ecclesiae
1212 362 1330 384 necnon
1357 357 1386 384 et
1409 355 1552 383 diteceses
1579 353 1619 382 ab
1642 350 1718 387 aliis,
1735 359 1752 381 a
1767 352 1881 390 quibus

1050 399 1251 436 possidentur,
1268 399 1416 437 episcopis
1437 400 1504 435 jure
1529 397 1586 427 sibi
1613 395 1774 432 vindicent,
1796 396 1882 434 quod

1050 444 1219 473 tricennclls
1234 445 1281 473 lex
1296 445 1451 478 conclusit,
1467 444 1540 481 quis
1553 445 1582 472 et
1602 442 1733 471 ﬁliorum
1761 445 1882 471 nostro-

1049 494 1117 517 rum
1131 489 1302 525 principum
1319 488 1377 525 39
1405 488 1446 517 ita
1469 487 1621 517 emanavit
1646 486 1819 522 auctoritas,
1849 489 1883 515 ut

1053 533 1128 561 ultra
1142 534 1261 569 triginta
1273 540 1370 562 annos
1384 531 1457 562 nulli
1478 532 1565 561 liceat
1587 537 1643 569 pro
1671 531 1702 560 id
1728 532 1882 569 appellare

1050 577 1133 613 quod
1147 578 1248 614 legum
1259 581 1378 615 tempus
1391 577 1531 606 excludit.

1051 641 1094 668 De
1110 639 1196 669 rebus
1205 649 1262 676 per
1277 638 1407 676 (rigente
1423 649 1517 669 annos
1527 638 1677 676 possessis.
1692 638 1743 667 Ex
1758 630 1883 673 Capitu—

1206 675 1231 704 ἰς
1256 675 1402 705 Ludovici
1430 675 1629 711 imperatoris,
1648 676 1692 703 tit.
1710 676 1736 702 7.

1088 740 1152 767 XIX.
1167 739 1282 773 (Addit.
1299 748 1338 774 iv,
1353 748 1378 768 c.
1393 741 1427 768 34
1443 749 1448 774 ;
1466 740 1628 767 Βυιιοιιιιιιι).
1653 738 1705 766 lib.
1718 746 1757 773 ιιι,
1769 745 1795 765 c.
1807 736 1882 771 I50.)

1011 796 1036 824 Β
1053 785 1088 813 Ut
1101 784 1139 812 de
1150 784 1242 813 rebus
1257 785 1453 814 ecclesiarum
1468 793 1537 821 quin
1552 785 1591 812 ab
1606 783 1648 812 eis
1663 791 1717 820 per
1740 781 1885 817 tringinta

1052 837 1202 858 annorum
1213 830 1342 867 spatium
1358 830 1422 858 sine
1434 829 1495 858 ulla
1506 828 1742 866 interpelIatione
1764 834 1886 864 posses-

1053 882 1094 902 sa)
1108 877 1177 903 sunt
1190 874 1360 903 testimonia
1375 882 1436 903 non
1451 874 1632 911 recipiantur
1646 882 1654 907 δ
1670 872 1724 901 sed
1738 880 1773 900 eo
1788 871 1887 899 modo

1053 919 1261 948 contineantur
1277 920 1352 948 sicut
1366 927 1414 947 res
1428 918 1468 947 ad
1482 918 1591 947 ﬁscum
1606 917 1793 946 dominicum
1812 923 1885 952 pcr-

1053 964 1179 992 tinentes
1191 964 1335 993 contineri
1348 964 1452 992 solent.

1071 1027 1114 1055 De
1128 1028 1323 1063 inscriptione
1338 1030 1514 1063 temporum.
1530 1026 1580 1055 Ex
1599 1025 1709 1060 eodem,
1726 1025 1824 1060 capite
1835 1026 1863 1053 9.

1089 1092 1140 1119 XX.
1157 1091 1219 1120 Lex
1232 1090 1403 1126 Burgund.,
1417 1090 1458 1119 tit.
1470 1090 1515 1124 79,
1531 1099 1557 1118 c.
1574 1090 1601 1126 2,
1622 1090 1661 1126 3.)
1679 1088 1708 1118 Si
1731 1087 1798 1125 quis
1824 1089 1887 1115 ter-

1053 1153 1119 1174 ram
1130 1145 1169 1173 ab
1184 1145 1276 1173 aler
1287 1144 1393 1173 dixerit
1407 1144 1549 1173 violenter
1562 1144 1620 1172 sibi
1634 1151 1698 1172 esse
1718 1141 1889 1175 sublatam,

1053 1191 1082 1219 et
1095 1189 1257 1218 convicerit
1270 1189 1354 1226 prius
1369 1197 1463 1226 quam
1475 1188 1614 1224 tringinta
1629 1195 1779 1216 annorum
1801 1194 1890 1214 com-

1053 1234 1172 1271 pleatur
1185 1242 1330 1262 numerus
1345 1236 1372 1262 ei
1385 1242 1450 1262 rem
1466 1233 1628 1262 constiterit
1643 1234 1834 1269 occupatam,
1855 1233 1891 1259 et

1053 1279 1204 1316 requirere
1232 1278 1370 1315 potuerit,
1397 1277 1555 1315 repetentis
1586 1276 1728 1312 tringinta
1753 1274 1840 1304 annis
1869 1283 1892 1302 a

1054 1331 1238 1360 quocunque
1249 1331 1376 1360 pervasa
1390 1323 1483 1351 fuisse
1511 1322 1638 1356 dicatur,
1658 1324 1687 1349 et
1712 1328 1773 1349 non
1796 1317 1892 1348 fuerit

1054 1370 1123 1396 ante
1131 1368 1265 1404 repetita,
1276 1367 1350 1396 nihil
1361 1367 1418 1395 sibi
1428 1366 1618 1395 reddendum
1637 1373 1701 1394 esse
1710 1365 1891 1400 cognoscat.

1246 1422 1321 1450 Item
1334 1422 1371 1450 de
1385 1422 1485 1450 eadem
1510 1429 1552 1450 re.
1568 1420 1691 1449 Ibidem.

1015 1476 1038 1505 α
1091 1477 1155 1504 XXI.
1171 1475 1268 1511 )Ibid.,
1281 1483 1307 1503 c.
1317 1475 1355 1511 ἥ.)
1372 1476 1405 1503 Et
1418 1474 1492 1511 quia
1505 1473 1659 1503 omniaad
1671 1473 1802 1510 quietem
1817 1480 1893 1500 om-

1054 1519 1139 1547 nium
1154 1519 1330 1556 pertinentia
1344 1526 1382 1547 ex
1396 1519 1462 1554 lege
1475 1518 1615 1547 convenit
1628 1516 1788 1554 provideri,
1804 1524 1892 1552 quas

1055 1564 1180 1593 omnino
1195 1572 1303 1593 causas
1315 1563 1352 1592 de
1368 1563 1602 1600 quibuscunque
1612 1562 1713 1595 rebus,
1726 1569 1795 1598 quas
1805 1561 1895 1589 intra

1055 1609 1177 1644 triginta
1188 1617 1286 1637 annos
1296 1616 1359 1637 non
1372 1608 1481 1638 fuerint
1491 1607 1632 1641 deﬁnitae,
1647 1606 1732 1635 nullo
1744 1613 1796 1634 cu
1805 1608 1897 1642 post-

1054 1654 1182 1682 modum
1194 1653 1295 1682 Iicebit
1308 1653 1414 1682 ordine
1428 1652 1610 1681 commoveri
1626 1660 1632 1679 :
1648 1651 1722 1688 quia
1734 1650 1806 1680 satis
1820 1651 1898 1679 uni-

1055 1698 1165 1735 cuique
1179 1698 1218 1726 ad
1230 1697 1447 1735 requirendum
1460 1699 1490 1726 et
1513 1696 1721 1734 recipiendum
1752 1694 1836 1732 quod
1865 1695 1899 1724 ei

1055 1742 1192 1771 debitum
1206 1742 1295 1771 fuerit
1321 1742 1542 1779 suprascriptus
1562 1748 1714 1770 annorum
1740 1746 1901 1768 numerus

1056 1789 1175 1817 constat
1187 1794 1276 1824 posse
1292 1786 1438 1815 sufﬁcere.

1219 1841 1279 1877 40
1290 1841 1363 1869 Item
1378 1841 1415 1869 de
1428 1840 1530 1869 eadem
1544 1847 1586 1868 re.
1602 1839 1724 1868 Ibidem.

1093 1894 1169 1923 XXII.
1186 1893 1381 1931 (lnterpretat.
1394 1892 1452 1929 leg.
1480 1900 1531 1921 un.
1560 1892 1632 1922 Cod.
1667 1891 1821 1927 Theodos,
1855 1892 1904 1921 de

1056 1938 1155 1975 inquit
1169 1940 1198 1967 et
1211 1937 1346 1974 colonis.)
1358 1938 1386 1967 Si
1398 1937 1467 1974 quis
1482 1937 1624 1966 colonum
1639 1936 1770 1965 alienum
1788 1936 1818 1964 in
1861 1942 1904 1965 re

1059 1990 1114 2011 sua
1127 1982 1245 2018 triginta
1258 1990 1355 2011 annos
1370 1981 1517 2016 habuerit,
1532 1989 1566 2011 ac
1582 1982 1606 2010 si
1629 1988 1718 2010 suum
1745 1979 1903 2010 vindicet.

1060 2028 1114 2061 Qui
1127 2028 1204 2056 infra
1219 2028 1337 2063 triginta
1353 2034 1449 2056 annos
1464 2027 1602 2056 inventus
1615 2027 1711 2062 fuerit,
1725 2035 1744 2055 a
1760 2025 1906 2055 domino

1060 2080 1129 2100 cum
1142 2072 1210 2101 ﬁliis
1223 2072 1278 2100 sibi
1292 2072 1398 2100 debitis
1414 2075 1442 2101 et
1469 2071 1551 2101 omni
1579 2072 1697 2109 peculio
1720 2072 1906 2099 revocetur.

174 2119 231 2151 tur,
243 2117 317 2145 tales
334 2116 487 2152 adjutores
513 2115 720 2152 unusquisque
746 2115 777 2144 in
805 2123 861 2144 sua
889 2116 1005 2145 civitate
1024 2151 1034 2154 Α
1061 2117 1089 2146 Si
1104 2126 1175 2146 vero
1197 2120 1334 2146 mortuus
1357 2117 1454 2154 fuerit,
1482 2115 1633 2154 peculium
1653 2117 1717 2152 ejus
1744 2114 1911 2144 dominus

173 2161 323 2198 relinquat
335 2151 387 2198 qui
398 2160 463 2189 haec
476 2160 580 2189 omnia
591 2151 825 2197 prudentissime
839 2160 869 2188 in
885 2168 939 2190 sua
965 2162 1004 2189 ci-
1020 2151 1044 2182 Β
1058 2163 1190 2199 recipiat.
1206 2162 1318 2191 Colona
1327 2170 1397 2191 vero
1411 2163 1435 2190 si
1445 2151 1552 2197 viginti
1567 2161 1654 2190 annis
1669 2151 1699 2189 in
1712 2161 1810 2189 alieno
1836 2161 1912 2190 do-

172 2206 260 2235 vitate
272 2208 428 2243 peragant,
444 2207 478 2234 ut
497 2212 644 2242 pauperes
676 2205 822 2240 sanguine
842 2205 947 2234 Christi
959 2214 1005 2235 re-

173 2251 287 2288 dempu'
302 2257 422 2288 semper
444 2250 476 2278 in
503 2250 620 2278 civitate
649 2252 828 2287 praesentem
851 2250 1006 2280 inveniant

173 2303 193 2325 a
205 2303 268 2333 quo
281 2302 462 2333 responsum
478 2296 507 2323 et
526 2294 765 2323 consolationem
791 2294 948 2332 accipiant.
975 2297 1006 2324 in

173 2341 248 2370 vicis
270 2343 373 2370 autem
400 2342 430 2369 et
454 2339 565 2368 vinclis
588 2339 678 2375 longe
705 2346 723 2368 α
752 2339 869 2368 civitate
884 2340 1007 2370 remotis

174 2386 334 2414 constituat
346 2384 555 2421 unusquisque
580 2383 742 2421 episcopus
768 2384 950 2413 reverendus
978 2388 1007 2414 et

175 2431 280 2458 cautos
294 2432 386 2466 atque
399 2429 482 2457 omni
493 2428 653 2466 prudentia
678 2435 798 2457 morum
823 2430 1004 2466 temperatos

174 2474 376 2511 presbyteros,
390 2474 441 2510 qui
452 2482 507 2502 sua
530 2474 597 2502 vice
604 2473 742 2510 superius
752 2475 862 2502 statuta
871 2474 1005 2504 modeste

174 2518 341 2555 perﬁciant,
357 2519 387 2546 ct
399 2517 533 2555 adquos
552 2518 603 2547 alii
629 2518 799 2555 presbyteri
820 2518 956 2554 juniorcs
975 2522 1006 2548 et

174 2562 276 2591 minus
292 2562 372 2591 cauti
383 2569 470 2591 suam
485 2569 610 2591 causam
623 2561 762 2591 referant.

197 2653 282 2694 ,(18⁵)
296 2652 486 2694 Perinthus:
496 2654 542 2681 θαι
551 2651 627 2694 etde
637 2652 724 2694 “ius
738 2652 1006 2694 θανίεξβρικὲιιιξ-

175 2686 327 2724 sinonem.
343 2687 539 2717 Exhibuimus
555 2687 608 2724 hic
618 2686 901 2724 lectionem—codicis
924 2689 1004 2724 Pari-

175 2722 397 2753 siensis.Editio
422 2722 692 2752 Heimaastadiensis
717 2731 779 2752 non
804 2725 848 2751 est
875 2723 1005 2753 multum

173 2759 302 2789 diversa.
315 2761 417 2789 Varias
431 2759 574 2787 lectiones
587 2757 696 2786 damus
721 2760 798 2787 inter
823 2766 935 2793 uncos;
951 2760 1004 2788 sed

173 2795 288 2833 integer
299 2796 384 2825 locus
398 2796 442 2824 sic
451 2794 651 2824 restituendus
673 2796 718 2823 est
735 2802 772 2823 ex
785 2794 870 2823 libris
884 2794 1002 2831 Capitu-

1058 2208 1153 2236 minio
1166 2207 1375 2244 permanserit,
1391 2215 1409 2235 a
1424 2207 1517 2244 priori
1530 2207 1657 2235 domino
1670 2211 1733 2234 non
1753 2206 1915 2242 requira-

1059 2254 1116 2281 tur.
1129 2251 1276 2281 Colonum
1288 2252 1357 2280 dum
1385 2254 1485 2289 partes
1513 2251 1684 2287 agnationis
1710 2253 1915 2287 sequam,

1059 2296 1476 2333 colonamverotertiapars.
1505 2298 1580 2325 Nam
1609 2296 1635 2324 si
1662 2295 1784 2331 cgnatio
1810 2295 1920 2326 intra

1057 2341 1162 2377 viginti
1176 2341 1365 2370 amcseditc
1374 2341 1470 2378 fuerit,
1500 2341 1625 2378 quando
1653 2340 1753 2369 adhuc
1778 2339 1923 2370 colona

1058 2386 1185 2415 dominio
1207 2386 1408 2423 conpetebat,
1431 2385 1635 2422 repetentibus
1659 2392 1723 2414 non
1750 2386 1922 2421 nam,

1057 2430 1473 2467 quiainmodernisiegibus
1493 2432 1538 2459 est
1563 2430 1769 2459 consumam.
1799 2429 1924 2466 uno,

1056 2482 1098 2503 nc
1109 2475 1259 2511 separatio
1274 2474 1408 2511 coniugi
1420 2474 1483 2509 ﬁat,
1493 2474 1687 2511 [incipimus
1699 2475 1734 2502 ut
1745 2473 1926 2503 dii-imas

1057 2518 1504 2549 coionivicariamulicrecum
1531 2519 1693 2556 agnationis
1714 2518 1810 2555 portis
1847 2520 1932 2549 Ier-

1058 2563 1105 2592 tiae
1118 2571 1180 2593 non
1192 2566 1328 2600 negem.

1057 2652 1179 2688 larium,
1206 2655 1272 2682 tum
1300 2654 1395 2689 editis,
1419 2656 1485 2683 tum
1499 2653 1722 2690 “ascriptis.
1736 2652 1783 2681 Nc
1806 2660 1935 2690 vero,

1058 2691 1125 2723 etc.,
1142 2692 1169 2718 et
1183 2697 1214 2718 eo
1229 2693 1358 2725 tempore
1372 2698 1459 2718 suum
1474 2689 1683 2721 ministerium,
1700 2689 1940 2725 inquantum

1056 2725 1191 2759 facultas
1202 2724 1344 2761 dabatur,
1373 2727 1496 2761 exsequi
1520 2733 1578 2761 quo
1604 2733 1707 2761 eorum
1728 2724 1923 2759 profectio

1059 2734 1191 2759 Ῑαειιιιαε
1202 2734 1344 2768 cavatur,
1373 2734 1494 2790 εει-δείξω
1520 2734 1578 2767 ιιμο
1604 2734 1707 2754 eorum
1728 2734 1940 2764 pra/eone,

1059 2764 1205 2797 quantum
1219 2761 1250 2789 in
1266 2761 1328 2789 illas
1345 2764 1422 2795 erat,
1458 2768 1482 2789 ιε
1493 2761 1600 2797 quibus
1616 2759 1753 2796 prodesse
1763 2765 1943 2795 possunt

1058 2796 1087 2824 et
1099 2797 1216 2832 debent,
1230 2804 1291 2825 non
1306 2798 1346 2825 sit
1360 2796 1536 2832 importuita
1551 2796 1599 2826 vel
1610 2801 1743 2825 onerosa.
