4046 6190
249 183 340 236 19"!

1201 181 1292 234 DE
1333 179 1609 238 ECCLES.
1649 175 1943 234 DISCIPL.
1983 174 2170 234 LIBRI
2209 179 2376 240 DUO.
2405 214 2475 228 -—
2505 187 2638 246 LIB.
2680 193 2721 247 ἰ.

3572 205 3675 260 198

241 307 322 360 De
338 302 747 361 censet-renda
766 301 1035 358 ecclesia.
1050 301 1156 358 Ea:
1176 305 1430 361 concilio
1463 301 1902 360 Warmatiensi.
1939 300 1988 358 A
2016 299 2168 389 quid
2193 301 2447 375 largitus
2463 309 2641 370 fuerit
2667 313 2952 386 ecclesias,
2982 329 3179 389 neque
3208 316 3284 376 de
3332 319 3580 381 decimis
3614 329 3675 384 et

299 413 477 468 XXI".
510 410 772 480 (Concil.
806 410 1068 467 Bracar.
1093 427 1154 479 ιι,
1185 426 1236 467 c.
1265 416 1333 480 5;
1364 413 1574 470 concil.
1613 413 1901 468 Wormat.

240 519 282 559 c.
313 508 339 556 3
366 519 379 568 ;
416 502 748 556 Bracman.
779 497 884 555 lib.
911 515 991 570 ιιι,
1019 516 1070 556 c.
1106 505 1223 568 37.)
1255 501 1496 573 Placuit,
1537 500 1767 574 quoties
1819 499 1902 555 ab

237 591 425 664 aliquo
457 587 739 646 ﬁdelium
769 588 849 646 ad
873 590 1325 648 consecrandas
1362 592 1642 649 ecclesias
1671 591 1906 664 episco-

235 696 334 753 pus
360 679 673 746 invitatur,
707 695 833 736 non
861 679 1038 752 quasi
1069 696 1142 736 ex
1173 680 1374 738 debito
1402 697 1622 738 munus
1654 678 1900 752 aliquod

236 785 267 825 a
292 767 610 825 fundatore
633 767 886 837 requirit
921 786 934 837 ;
986 767 1096 824 sed
1125 768 1172 824 si
1202 769 1329 842 ipse
1375 770 1620 844 quidem
1668 765 1902 841 aliquid

235 873 297 915 ex
325 873 440 914 suo
469 862 616 914 voto
648 857 958 926 obtulerit,
983 874 1109 914 non
1134 863 1394 933 respuat.
1428 863 1700 918 Attamen
1715 872 1906 914 unus-

233 948 484 1021 quisque
522 949 856 1022 episcopus
905 948 1251 1006 meminerit
1279 953 1346 1008 ut
1369 965 1492 1007 non
1522 950 1686 1023 prius
1735 946 1904 1005 dedi-

235 1042 314 1092 cet
337 1037 681 1103 ecclesiam,
716 1037 830 1094 nisi
859 1042 1042 1095 antea
1069 1038 1274 1095 dotem
1300 1031 1562 1096 basilicae
1610 1044 1668 1096 et
1723 1038 1899 1095 obse-

232 1127 428 1201 quium
460 1127 655 1200 ipsius
683 1143 796 1202 per
823 1127 1219 1185 donationem
1246 1129 1531 1186 chartulae
1576 1129 1898 1186 conﬁrma-

233 1222 344 1273 tum
369 1216 649 1290 accipiat.
686 1221 841 1274 Nam
871 1233 998 1274 non
1026 1217 1212 1274 levior
1239 1223 1327 1274 est
1381 1219 1548 1276 istius
1577 1219 1895 1285 temeritas,

233 1305 278 1361 si
296 1306 416 1361 sine
441 1305 855 1362 luminaribus
887 1306 983 1362 vel
1016 1307 1143 1362 sine
1192 1307 1570 1365 substantiali
1600 1311 1921 1364 sustentor

230 1394 380 1451 tione
408 1411 619 1452 eorum
649 1394 758 1469 qui
791 1395 1021 1452 ibidem
1045 1395 1317 1452 servituri
1349 1402 1486 1454 sunt
1505 1414 1692 1471 quam
1715 1397 1764 1454 si
1793 1397 1898 1454 do—

229 1502 359 1541 mus
384 1485 616 1556 privata
644 1488 1036 1541 consecretur
1067 1483 1178 1557 41
1214 1485 1466 1543 ecclesia
1486 1488 1653 1559 (186).

247 1599 250 1602 ’
318 1594 405 1650 De
426 1592 710 1652 libertate
740 1594 1154 1652 ecclesiarum.
1190 1595 1289 1650 Ex
1316 1595 1794 1667 Capitularibus,

924 1682 1100 1738 titulo
1123 1682 1212 1738 81.

290 1792 464 1847 XXIV.
505 1787 659 1859 (Lib.
691 1803 708 1843 i
742 1787 1122 1859 Capitular.,
1151 1792 1280 1845 c.9t
1315 1790 1888 1859 ;Buncn.mn.1ib.m,

228 1896 274 1934 ο.
301 1883 403 1946 52;
441 1881 712 1936 Weren.
748 1875 1053 1933 Aurelian.
1089 1893 1142 1934 c.
1195 1880 1274 1949 9.)
1321 1879 1630 1936 Sancitum
1687 1885 1774 1936 est
1827 1884 1894 1938 ut

228 1967 544 2040 unicuique
576 1965 848 2024 ecclesiae
876 1981 1034 2023 unus
1082 1982 1338 2024 mansus
1375 1968 1604 2040 integer
1658 1969 1892 2043 absque

226 2057 339 2113 ullo
370 2057 612 2114 servitio
639 2055 1023 2125 attribuatur,
1057 2060 1114 2112 et
1130 2057 1463 2130 presbyteri
1486 2059 1546 2114 in
1571 2059 1655 2116 eis
1677 2061 1891 2116 consti-

227 2146 321 2203 tuti
352 2162 476 2202 non
507 2143 584 2202 de
615 2143 890 2212 decimis,
916 2161 1024 2201 nec
1055 2144 1133 2200 de
1165 2145 1572 2204 oblationibus
1597 2147 1886 2217 ﬁdelium,

225 2252 339 2292 non
364 2235 439 2291 de
462 2233 774 2300 domibus,
808 2249 1003 2305 neque
1035 2232 1111 2288 de
1147 2233 1330 2302 atriis,
1360 2236 1453 2291 vel
1483 2237 1669 2293 hortis
1717 2239 1890 2309 juxta

225 2322 533 2379 ecclesiam
563 2321 799 2395 positis,
828 2336 1025 2393 neque
1055 2321 1133 2378 de
1160 2323 1509 2396 praescripto
1535 2341 1750 2382 maneo
1789 2327 1890 2383 ali-

225 2431 340 2487 quo
362 2412 671 2469 servitium
705 2411 928 2468 faciant
950 2416 1172 2484 praeter
1210 2406 1698 2471 ecclesiasticum.
1747 2419 1812 2472 Et
1842 2417 1891 2473 si

224 2501 445 2574 aliquid
477 2499 746 2573 amplius
790 2498 1132 2566 habuerint,
1191 2499 1329 2556 inde
1386 2503 1722 2560 senioribus
1763 2505 1890 2561 suis

223 2576 490 2648 debitum
521 2589 834 2646 servitium
864 2587 1244 2660 impendant.

273 2702 357 2757 De
383 2699 637 2756 termino
669 2697 1073 2754 ecclesiarum.
1104 2697 1206 2753 Ea:
1236 2698 1455 2767 eodem,
1485 2701 1680 2770 capite
1710 2701 1828 2759 117.

291 2805 439 2874 (Lib.
473 2804 861 2874 ICapilular.
897 2819 948 2875 ο,
987 2803 1136 2876 155.)
1167 2804 1238 2860 Ut
1293 2804 1612 2861 terminum
1670 2807 1889 2866 habeat

224 2910 605 2968 unaquaeque
632 2890 882 2950 ecclesia
909 2889 982 2947 de
1002 2891 1229 2965 quibus
1272 2891 1424 2949 villis
1480 2894 1748 2952 decimas
1803 2914 1892 2954 re-

220 2984 418 3058 cipiat.

607 3073 697 3128 De
719 3071 884 3128 novis
911 3072 1194 3130 ecclesiis.
1233 3071 1379 3142 Cap.
1411 3077 1500 3130 87.

288 3166 441 3220 XXV.
470 3162 615 3230 (Lib.
649 3179 665 3216 ι
697 3163 1062 3232 Capilular.,
1091 3179 1142 3217 c.
1178 3161 1288 3233 93.)
1335 3163 1628 3219 Statutum
1669 3167 1756 3220 est
1814 3163 1889 3223 de

219 3252 375 3309 villis
418 3251 597 3307 novis
628 3255 685 3306 et
712 3250 974 3306 ecclesiis
1003 3249 1180 3306 novis
1207 3248 1430 3306 ibidem
1457 3251 1688 3308 noviter
1717 3251 1777 3307 in
1807 3252 1891 3309 eis

219 3341 560 3400 constitutis
592 3344 655 3396 ut
683 3339 928 3396 decimae
959 3339 1034 3396 de
1066 3339 1214 3412 ipsis
1245 3338 1398 3395 villis
1425 3340 1503 3396 ad
1524 3341 1769 3398 easdem
1799 3359 1891 3399 ec-

218 3433 437 3490 clesias
469 3431 873 3487 conferantur.
924 3499 931 3507 ι

673 3521 816 3576 Item
856 3535 932 3576 ex
959 3520 1184 3590 eodem,
1213 3533 1346 3588 cap.
1381 3523 1432 3574 5.

289 3633 472 3687 XXVI.
507 3629 887 3699 (Capitulare
913 3629 1127 3685 Caroli
1148 3628 1232 3682 M.
1265 3628 1348 3684 ad
1373 3627 1534 3697 Salz,
1566 3645 1616 3685 c.
1651 3634 1714 3698 5;
1748 3633 1890 3687 Bun-

220 3737 428 3776 ςιιΑιιι).
455 3718 560 3774 lib.
593 3735 674 3787 ιιι,
701 3733 754 3773 c.
778 3719 853 3787 7.)
885 3717 1243 3788 Quicunque
1267 3716 1518 3774 voluerit
1543 3717 1605 3774 in
1623 3735 1735 3776 sua
1750 3736 1890 3792 pro-

218 3811 478 3884 prietate
507 3807 820 3866 ecclesiam
845 3805 1165 3872 aediﬁcare,
1201 3822 1344 3862 cum
1375 3819 1673 3864 consensu
1697 3812 1758 3866 et
1783 3826 1891 3867 vo-

217 3899 453 3955 luntate
474 3897 744 3971 episcopi
767 3898 829 3953 in
847 3897 1021 3969 cujus
1043 3895 1356 3970 parcechia
1374 3895 1568 3970 fuerit,
1590 3897 1892 3957 licentiam

218 3987 470 4043 habeat.
497 3987 921 4042 Verumtamen
946 3985 1198 4042 omnino
1227 3983 1670 4057 providendum
1707 3991 1802 4044 est
1827 3991 1895 4044 ut

218 4076 362 4133 alias
383 4075 647 4132 ecclesiae
675 4074 1040 4148 antiquiores
1067 4077 1316 4146 propter
1335 4073 1491 4130 hanc
1512 4076 1892 4135 occasionem

224 4180 410 4220 suam
452 4162 743 4234 justitiam
792 4166 896 4218 aut
939 4161 1242 4217 decimam
1287 4176 1412 4216 non
1467 4162 1742 4234 perdant,
1788 4163 1895 4222 sed

226 4269 476 4326 semper
505 4252 584 4308 ad
614 4251 974 4324 antiquiores
1019 4250 1134 4323 42
1192 4249 1472 4307 ecclesias
1496 4252 1890 4324 persolvatur.

289 4363 451 4418 Item
482 4360 556 4416 de
578 4375 783 4416 mansa
810 4359 1085 4416 ecclesia}.
1126 4358 1228 4416 Ea:
1251 4358 1447 4416 eodem
1479 4361 1830 4429 capitulari.
1923 4361 1969 4415 Β

297 4471 508 4526 XXVII.
543 4465 688 4538 (Lib.
719 4484 772 4522 v.
807 4466 1170 4536 Capitular.,
1202 4482 1253 4522 c.
1283 4465 1400 4537 45.)
1430 4467 1508 4522 De
1534 4482 1656 4524 uno
1680 4483 1893 4526 menso

105 4603 110 4608 .
220 4557 304 4615 ad
341 4555 663 4613 ecclesiam
693 4553 857 4626 dato,
879 4554 954 4611 de
985 4570 1107 4628 quo
1138 4553 1324 4627 aliqui
1353 4554 1628 4612 homines
1685 4562 1893 4614 contra

218 4651 456 4704 statuta
483 4646 598 4702 sibi
623 4644 928 4702 servitium
957 4645 1221 4715 exigunt,
1252 4645 1598 4719 quicunque
1626 4662 1736 4721 pro
1777 4648 1894 4705 hac

217 4753 420 4796 causa
442 4739 762 4793 accusatus
791 4734 982 4806 fuerit,
1008 4751 1210 4792 comes
1236 4734 1328 4792 vel
1352 4735 1517 4792 missi
1561 4736 1676 4792 hoc
1727 4739 1893 4810 quod

212 4827 376 4885 inde
406 4825 782 4882 subtractum
838 4828 925 4881 est
981 4825 1346 4899 presbyteris
1399 4841 1539 4882 cum
1598 4841 1709 4883 sua
1763 4827 1892 4899 lege

213 4917 544 4974 restituere
576 4915 816 4972 faciant.

307 5027 406 5081 De
427 5024 630 5081 eadem
655 5039 738 5079 re.
771 5022 870 5080 Ea:
896 5023 1121 5096 synodo
1149 5023 1459 5096 Meldensi,
1490 5026 1685 5096 capite
1717 5027 1804 5083 63.

293 5134 533 5191 XXVIII.
577 5131 827 5202 (Concil.
860 5132 1179 5205 Meldense,
1211 5147 1261 5188 c.
1282 5135 1397 5201 63.)
1423 5133 1766 5191 Secundum
1792 5150 1891 5190 ca-

208 5221 523 5280 nonicam
548 5221 960 5278 auctoritatem
1016 5225 1072 5278 et
1129 5221 1608 5278 constitutionem
1663 5222 1892 5280 domini

203 5310 618 5386 imperatoris
671 5310 1011 5380 Lodouvici,
1067 5311 1142 5368 de
1199 5326 1344 5381 agro
1374 5311 1778 5370 ecclesiastico
1837 5318 1894 5371 et

197 5417 453 5458 manso
477 5417 546 5456 ac
586 5399 919 5474 mancipiis,
948 5415 1082 5474 quas
1139 5398 1266 5473 ipse
1315 5399 1375 5458 in
1428 5401 1549 5457 suis
1609 5401 1892 5475 Capitulis

197 5491 562 5559 constituit,
586 5488 675 5547 vel
698 5489 747 5546 si
776 5488 1024 5563 quilibet
1051 5505 1160 5562 pro
1215 5488 1348 5546 loco
1407 5490 1726 5564 sepulturae
1784 5492 1892 5549 ali-

298 5669 483 5740 (186)
517 5667 666 5725 Vide
692 5667 856 5724 libm
889 5669 1112 5739 Legum
1144 5665 1441 5741 Longob.,
1475 5667 1560 5724 tit.
1595 5673 1795 5744 t,cap.
1818 5671 1910 5735 45,

2016 387 2426 480 oblationibus
2450 397 2721 458 ﬁdelium
2747 387 3120 476 quemquam
3180 408 3672 480 presbyterorum

2017 476 2284 573 aliquem
2310 500 2559 546 censum
2596 491 2938 564 persolvere
2993 476 3200 564 cogat;
3215 513 3290 554 ne
3346 476 3674 573 quisquam

2017 565 2333 658 cujuslibet
2362 574 2588 630 ordinis
2613 583 2717 633 aut
2744 579 3048 656 dignitatis
3093 583 3308 640 exinde
3335 565 3676 658 quidquam

2017 655 2330 751 subtrahat
2377 667 2435 720 et
2481 655 2941 725 redhibitionem
2995 655 3426 747 quamcunque
3478 655 3680 751 exigat

2014 746 2424 845 temporalem.
2460 755 2631 820 Quod
2659 757 2710 813 si
2739 756 2956 827 fecerit,
2982 746 3413 820 communione
3485 746 3679 845 usque

2013 833 2090 889 ad
2121 837 2586 901 satisfactionem
2620 845 2900 920 privetur,
2933 851 2990 904 et
3017 849 3181 921 regia
3233 857 3537 926 potestate
3565 833 3681 918 hoc

2012 927 2332 985 emendare
2361 930 2628 1002 legaliter
2657 935 3076 1009 compellatur.
3593 943 3602 953 ⁸

2336 1041 2482 1097 Item
2507 1042 2580 1099 de
2598 1044 2918 1115 privilegio
2940 1049 3354 1109 ecclesiarum.

2077 1143 2249 1201 XXIX.
2283 1144 2534 1217 (Concil.
2565 1149 2799 1207 Arelat.
2830 1167 2909 1220 vi,
2930 1158 3067 1211 c.20
3091 1173 3106 1224 ;
3127 1155 3236 1214 lib.
3265 1175 3303 1216 ιι
3330 1162 3683 1234 Capitular.

2008 1243 2058 1329 c.
2089 1234 2158 1288 36
2183 1250 2196 1299 ;
2226 1235 2545 1329 Βιιιιοιιλιιι).
2579 1236 2684 1329 lib.
2715 1255 2800 1329 ιιι,
2826 1255 2878 1329 c.
2908 1242 2985 1312 9.)
3021 1245 3090 1301 Ut
3116 1247 3392 1306 θοοιθοὶω
3423 1255 3685 1329 antiqui-

2007 1320 2104 1412 tus
2126 1326 2459 1381 constitutis
2481 1341 2592 1382 nec
2643 1326 2896 1384 decimis
2940 1347 3052 1390 nec
3108 1335 3242 1396 ulla
3295 1320 3684 1412 possessione

2003 1408 2333 1482 priventur,
2365 1414 2449 1469 ita
2473 1418 2537 1469 ut
2565 1415 2738 1471 novis
2759 1421 3038 1478 oratoriis
3063 1408 3386 1488 tribuatur.

2003 1531 2119 1605 43
2159 1537 2240 1592 De
2267 1539 2531 1594 ecclesiis
2551 1541 2646 1595 vel
2665 1518 2970 1602 altaribus
2995 1549 3314 1622 ambiguis,
3364 1560 3423 1611 et
3472 1561 3541 1610 ut
3579 1571 3680 1612 sw-

1919 1653 1968 1710 Β
2040 1628 2275 1693 perﬂuo
2305 1628 2536 1683 altaria
2565 1628 2639 1684 de
2660 1631 2913 1690 ecclesia
2936 1636 3335 1716 abjiciantur,
3368 1655 3502 1711 cap.
3536 1647 3625 1701 65.

2069 1751 2216 1808 XXX.
2251 1752 2400 1822 (Lib.
2437 1767 2454 1806 1
2489 1753 2859 1826 Capitular.,
2903 1775 2954 1816 c.
2993 1765 3083 1819 151
3117 1782 3130 1834 ;
3181 1767 3504 1822 Bimcnun.
3565 1769 3670 1830 lib.

1999 1853 2080 1926 nr,
2116 1855 2168 1896 c.
2206 1839 2615 1912 10.)Ecclesite
2646 1842 2740 1900 vel
2762 1845 2978 1908 altaria
3007 1868 3142 1926 qua
3174 1854 3468 1926 ambigua
3526 1867 3667 1918 sunt

1997 1925 2073 1983 de
2115 1930 2566 1987 consecratione
2595 1925 3046 2010 consecrentur,
3069 1946 3126 2000 et
3168 1925 3477 2018 superﬂua
3530 1947 3675 2009 alta-

1997 2017 2088 2075 ria
2118 2019 2512 2076 destruantur
2541 2020 2614 2076 de
2645 2024 2920 2087 ecclesia.

2277 2129 2365 2184 De
2395 2123 2618 2187 honore
2642 2135 3063 2212 ecclesiastico,
3096 2158 3229 2214 cap.
3270 2145 3390 2199 142.

2068 2237 2244 2331 XXXl.
2473 2253 2492 2291 ι
2543 2236 2916 2331 capitatam,
2967 2263 3020 2305 c.
3071 2251 3217 2323 148.)
3279 2253 3349 2308 Ut
3406 2253 3673 2331 episcopi

1994 2323 2374 2414 praevideant
2395 2341 2582 2414 quem
2611 2327 2912 2392 honorem
2949 2339 3283 2412 presbyteri
3323 2323 3462 2414 pro_
3490 2323 3674 2406 eccle-

1997 2412 2102 2469 siis
2129 2412 2254 2470 suis
2285 2413 2624 2474 senioribus
2647 2419 2940 2482 tribuant.

1997 2521 2178 2587 Quod
2211 2523 2478 2617 omnium
2512 2527 2922 2617 ecclesiarum
2973 2535 3136 2593 dotes
3191 2539 3275 2595 ad
3329 2542 3670 2617 episcopum

2102 2610 2472 2680 pertineant.
2499 2612 2601 2669 Ea:
2623 2618 2881 2675 concilio
2914 2622 3218 2696 Toletano,
3251 2610 3449 2698 capite
3473 2610 3558 2690 16.

2070 2718 2270 2773 XXXII.
2301 2717 2558 2810 (Concil.
2598 2721 2782 2779 Tolet.
2812 2739 2894 2792 ιιι,
2927 2743 2978 2783 c.
3030 2729 3127 2798 l9;
3160 2731 3264 2789 lib.
3302 2751 3382 2791 vn
3413 2738 3665 2810 Capitu-

1999 2806 2120 2860 lar.
2156 2821 2205 2861 c.
2239 2810 2364 2863 213.
2402 2809 2722 2865 Buncaun.
2754 2811 2859 2869 lib.
2892 2831 2972 2884 ιιι,
3007 2835 3057 2874 c.
3090 2822 3208 2893 20.)
3237 2823 3395 2881 Multi
3455 2806 3666 2888 contra

1995 2908 2307 2952 canonum
2338 2897 2663 2954 constituta
2690 2899 2775 2957 sic
2801 2903 3084 2963 ecclesias
3120 2924 3274 2982 quas
3326 2915 3665 2976 ardiﬁcave-

1927 3006 1968 3064 ς
1994 2987 2142 3040 runt
2159 2984 2466 3057 postulant
2495 2991 2852 3063 consecrari,
2879 2998 2946 3051 ut
2963 2995 3166 3054 dotem
3197 3013 3383 3072 quam
3403 3005 3666 3065 ecclesias

1996 3072 2402 3167 contulerunt,
2434 3073 2512 3131 ad
2541 3075 2812 3167 episcopi
2839 3082 3278 3144 ordinationem
3306 3106 3428 3147 non
3485 3097 3664 3167 perti-

1995 3158 2188 3218 tinere
2217 3165 2699 3230 censeant.Quod
2733 3167 2953 3227 factum
2985 3175 3042 3228 et
3064 3173 3123 3230 in
3155 3158 3521 3248 praeteritum
3549 3183 3667 3240 dis-

1993 3251 2197 3323 plicet,
2229 3254 2366 3309 etin
2396 3253 2598 3312 futuro
2629 3259 3000 3331 prohibetur,
3035 3265 3140 3322 sed
3191 3271 3398 3327 omnia
3455 3289 3663 3332 secun-

1996 3341 2148 3434 dum
2180 3345 2678 3404 consuetudinem
2705 3350 3018 3424 antiquam
3060 3355 3136 3411 ad
3184 3358 3449 3434 episcopi
3501 3365 3662 3422 ordi-

1995 3431 2307 3488 nationem
2335 3437 2394 3489 et
2423 3438 2782 3506 potestatem
2812 3441 3149 3512 pertineant
3175 3447 3347 3519 (187).

2002 3555 2174 3615 Unde
2191 3559 2456 3616 ecclesiae
2477 3559 2680 3618 debeat
2705 3570 3051 3624 restaurari
3087 3577 3143 3626 et
3185 3573 3455 3645 episcopo
3504 3579 3662 3637 obse-

2133 3649 2338 3718 quium
2361 3649 2651 3707 exhiberi.
2682 3654 2782 3710 Ea:
2805 3657 3056 3725 epistola
3083 3661 3308 3718 Gelasii
3321 3680 3519 3735 papae.

2069 3755 2552 3850 Xthl.‘(Decreta
2586 3757 2774 3850 Gelas.
2811 3779 2860 3817 c.
2895 3766 2963 3818 27
2989 3783 3002 3833 ;
3034 3763 3138 3824 lib.
3171 3784 3250 3823 vu
3291 3770 3658 3850 Capitular.,

1999 3859 2050 3939 (Ξ.
2079 3847 2217 3939 230;
2253 3845 2474 3939 RICULF.
2507 3862 2557 3939 cf.
2591 3847 2649 3904 11
2685 3867 2718 3939 ;_
2741 3852 3057 3939 Βυιιςιιιιιιι).
3115 3853 3218 3913 lib.
3270 3875 3351 3931 ιιι,
3403 3878 3454 3919 c.
3513 3845 3656 3939 137.)

1998 3933 2265 3996 Quatuor
2296 3936 2498 3989 autem
2527 3938 2652 3991 tam
2683 3937 2759 3994 de
2779 3938 2973 3996 reditu
3005 3958 3193 4016 quam
3225 3944 3299 4003 de
3355 3933 3658 4010 oblatione

1998 4017 2286 4090 ﬁdelium,
2318 4027 2496 4096 prout
2525 4025 2848 4097 cujuslibet
2872 4030 3134 4089 ecclesias
3163 4034 3413 4098 facultas
3441 4042 3658 4101 admit-

2000 4110 2084 4182 tit,
2118 4110 2270 4202 sicut
2292 4110 2528 4202 dudum
2563 4115 2996 4176 rationabiliter
3024 4127 3111 4179 est
3137 4123 3467 4202 decretum,
3522 4149 3662 4191 con-

1997 4198 2316 4295 venitﬁeri
2342 4199 2686 4295 portiones:
2729 4222 2992 4278 quarum
3046 4226 3168 4268 una
3223 4214 3295 4271 sit
3335 4198 3657 4295 pontiﬁcis,

1999 4288 2185 4345 altera
2216 4287 2589 4359 clericorum,
2614 4309 2954 4367 pauperum
2984 4299 3173 4374 tertia,
3204 4287 3423 4377 quarta
3474 4287 3658 4370 fabri;

1999 4377 2083 4434 cis
2113 4377 2477 4450 applicanda
2511 4399 2524 4448 ;
2556 4378 2673 4453 44
2704 4381 2779 4438 de
2835 4384 3078 4456 quibus,
3127 4390 3278 4449 sicut
3333 4399 3657 4458 sacerdotis

1997 4467 2278 4535 intererit,
2312 4467 2396 4523 sic
2433 4469 2681 4526 clericus
2731 4471 2884 4529 ultra
2930 4475 3268 4548 delegatam
3324 4484 3438 4542 sibi
3491 4505 3656 4546 sum-

1997 4571 2164 4612 mam
2189 4553 2334 4611 nihil
2359 4555 2688 4614 insolenter
2709 4560 2942 4618 noverit
2959 4567 3384 4636 expetendum.
3404 4575 3491 4630 Ea
3512 4591 3655 4634 vero

1997 4662 2134 4719 quas
2185 4645 2596 4703 ecclesiasticis
2634 4647 2904 4706 aediﬁciis
2955 4653 3239 4713 attributa
3296 4665 3453 4731 sunt,
3514 4664 3654 4722 huic

1997 4736 2164 4810 operi
2192 4734 2482 4792 veraciter
2513 4742 2854 4810 prserogeta
2881 4741 3155 4799 locorum
3183 4744 3399 4806 doceat
3427 4749 3653 4810 instau-

1996 4825 2148 4883 ratio
2173 4823 2493 4882 manifesta
2518 4829 2888 4901 sanctorum,
2914 4829 3062 4902 quia
3088 4833 3262 4892 nefas
3287 4841 3383 4896 est
3430 4840 3524 4911 si,
3556 4858 3653 4901 sa-

1998 4915 2114 4972 cris
2153 4915 2388 4972 aedibus
2434 4915 2757 4985 destitutis,
2813 4917 2874 4974 in
2911 4918 3150 4978 lucrum
3200 4941 3382 4986 suum
3431 4934 3654 5005 praeui

1997 5006 2307 5079 impendia
2340 5006 2435 5062 his
2457 5005 2772 5076 designata
2797 5014 3125 5070 convertat.

1996 5115 2084 5170 De
2110 5114 2311 5170 eadem
2340 5129 2424 5171 re.
2454 5113 2556 5170 Ea:
2580 5113 2836 5183 epistola
2859 5117 3163 5187 θηριῶίὶ
3197 5137 3394 5199 papa,
3428 5143 3561 5202 cap.
3593 5138 3650 5192 2.

1987 5251 1992 5256 -
2069 5220 2284 5276 XXXIV.
2308 5220 2583 5291 (Decreta
2614 5219 2918 5294 Simplicii,
2979 5239 3028 5282 c.
3088 5229 3170 5300 2.)
3228 5232 3314 5289 De
3363 5235 3652 5299 reditibus

1998 5308 2268 5401 Ecclesiae
2294 5309 2389 5365 vel
2411 5309 2716 5401 oblatione
2768 5311 3038 5371 ﬁdelium
3085 5317 3215 5377 sola
3265 5324 3548 5401 episcopo
3577 5345 3652 5387 ex

1997 5399 2090 5455 his
2119 5413 2241 5456 una
2270 5399 2465 5472 portio
2488 5399 2840 5470 remittatur,
2863 5402 3002 5462 dum
3028 5407 3448 5472 ecclesiasticis
3469 5399 3652 5476 iahri-

1998 5489 2081 5545 cis
2109 5492 2167 5545 et
2193 5487 2523 5560 erogationi
2551 5491 3005 5564 peregrinorum
3033 5500 3090 5553 et
3125 5513 3470 5576 pauperum
3514 5521 3650 5578 pro-

2073 5670 2228 5744 (187)
2248 5669 2393 5728 Vide
2412 5669 2517 5729 lib.
2557 5685 2617 5729 vi
2647 5672 2922 5748 Capiti!”
2951 5688 3086 5750 cep.
3117 5681 3209 5736 69.
