4046 6190
380 101 481 159 I99

374 219 603 292 futurae,
635 222 847 278 ultima
875 220 1099 278 clericis
1126 235 1236 292 pro
1266 219 1654 294 .singulorum
1686 218 1913 276 meritis
1938 217 2029 273 di-
2064 219 2111 272 A

376 313 632 368 vidatur.

375 421 462 476 De
489 419 710 476 honore
735 417 994 475 ecclesia:
1017 417 1144 472 Dei.
1169 417 1268 472 Ex
1293 417 1593 486 Capitulis
1617 415 2028 487 synodalibus,

1103 508 1192 561 lit.
1217 509 1306 561 69.

446 616 636 670 XXXV.
668 611 810 684 (Lib.
847 627 863 665 ι
897 612 1261 681 Capitular.,
1310 629 1360 668 c.
1418 613 1531 683 71.)
1587 611 1811 667 Placuit
1854 609 2029 666 nobis

373 701 702 758 admonere
739 706 800 756 ut
817 700 1232 774 unusquisque
1255 701 1572 773 episcopus
1626 699 1824 756 videat
1853 715 2032 772 super

375 807 549 847 suam
581 789 950 864 parcechiam
983 794 1045 845 ut
1073 789 1321 845 ecclesia
1349 789 1447 844 Dei
1480 806 1658 845 suum
1687 789 1910 846 habeat
1927 790 2032 844 ho—

373 897 605 945 norem,
639 881 818 937 simul
846 885 903 936 et
933 880 1142 936 altaria
1174 880 1506 936 secundum
1552 896 1729 936 suam
1779 879 2032 950 dignita-

375 975 495 1026 tem
544 974 916 1037 venerentur,
966 975 1020 1025 et
1053 985 1173 1024 non
1205 969 1278 1024 sit
1305 969 1525 1025 domus
1571 969 1670 1024 Dei
1723 972 1779 1023 et
1820 967 2031 1024 altaria

375 1064 610 1116 sacrata
639 1059 846 1132 pervia
867 1058 1141 1127 canibus,
1169 1063 1226 1114 et
1255 1064 1318 1114 ut
1356 1074 1505 1114 vasa
1534 1061 1770 1115 sacrata
1794 1059 1914 1113 Deo
1968 1057 2030 1112 in

373 1165 599 1219 magna
651 1147 1032 1204 veneratione
1094 1147 1452 1216 habeantur,
1521 1150 1579 1202 et
1626 1151 1691 1202 ut
1740 1145 2032 1202 sacriﬁcia

373 1235 742 1292 sanctiﬁcata
767 1251 905 1291 cum
936 1249 1163 1304 magna
1187 1233 1498 1304 diligentia
1527 1233 1607 1290 ab
1637 1233 1721 1291 eis
1745 1233 2030 1305 colligan-

371 1329 468 1380 tur
495 1324 600 1397 qui
626 1324 792 1394 digni
811 1327 977 1382 sunt.

372 1433 522 1488 Item
547 1433 620 1489 de
647 1433 1088 1490 restauratione
1130 1433 1520 1488 ecclesiarum
1567 1431 1696 1488 Dei.
1725 1431 1824 1487 Ea:
1853 1430 2029 1501 Capi-

587 1522 730 1577 tulis
762 1522 1092 1577 Ludouvici
1117 1521 1516 1591 imperatoris,
1559 1536 1693 1591 cap.
1724 1524 1814 1576 40.

445 1631 660 1686 XXXVI.
693 1628 839 1700 (Lib.
875 1646 929 1683 Iv
962 1629 1328 1699 Capitular.,
1357 1645 1408 1684 c.
1441 1630 1557 1700 40.)
1588 1631 1667 1686 De
1706 1643 1885 1702 opere
1936 1627 2032 1684 vel

373 1717 806 1775 restauratione
830 1717 945 1790 45
977 1717 1365 1774 ecclesiarum
1395 1734 1598 1774 comes
1627 1722 1685 1774 et
1709 1718 2031 1790 episcopus

372 1805 496 1862 sive
518 1805 708 1862 abbas
733 1822 853 1862 una
882 1822 1023 1862 cum
1053 1807 1246 1862 misso
1276 1811 1502 1872 nostro,
1530 1821 1712 1878 quem
1751 1805 1867 1878 ipsi
1919 1803 2029 1860 sibi

373 1895 656 1967 elegerint
676 1896 752 1952 ad
772 1897 908 1966 hoc,
935 1895 1476 1952 considerationem
1500 1893 1742 1964 faciant,
1765 1898 1831 1950 ut
1847 1910 2032 1950 unus-

371 1985 596 2057 quique
621 2000 830 2041 eorum
866 1989 1095 2040 tantum
1127 1983 1265 2040 inde
1293 1982 1636 2056 accipiatad
1650 1983 2030 2057 operandum

371 2079 429 2130 et
454 2075 914 2131 restaurandum
945 2079 1241 2148 quantum
1269 2073 1395 2146 ipse
1424 2072 1498 2129 de
1529 2073 1709 2129 rebus
1749 2072 2028 2129 ecclesia-

371 2179 504 2218 rum
532 2163 754 2219 habere
785 2163 1170 2234 dignoscitur.
1208 2162 1482 2219 Similiter
1520 2167 1578 2218 et
1627 2161 1794 2217 vassi
1843 2161 2028 2218 nostri

372 2252 560 2308 autin
613 2268 936 2308 commune
990 2256 1220 2307 tantum
1265 2251 1563 2323 accipiant
1606 2250 1805 2323 operis
1839 2265 2030 2322 quan-

372 2346 499 2396 tum
523 2357 725 2397 rerum
755 2340 1289 2397 ecclesiasticarum
1316 2339 1560 2407 habent,
1584 2339 1677 2395 vel
1706 2339 2026 2412 unusquis-

371 2445 488 2502 que
517 2446 626 2503 per
656 2447 719 2486 se
769 2430 942 2501 juxta
991 2421 1385 2502 quantitatem
1437 2444 1625 2500 quam
1665 2428 1795 2501 ipse
1847 2431 2023 2485 tenet.

373 2520 492 2574 Aut
515 2518 562 2573 si
591 2517 744 2574 inter
762 2533 866 2574 eos
895 2516 1237 2574 convenerit
1267 2521 1330 2572 ut
1355 2531 1466 2588 pro
1513 2531 1694 2588 opere
1749 2515 2026 2573 faciendo

369 2612 685 2677 argentum
705 2607 950 2674 donent,
976 2607 1150 2678 juxta
1205 2604 1656 2660 aestimationem
1708 2604 1907 2677 operis
1963 2604 2027 2660 in

369 2702 616 2766 argento
643 2695 988 2769 persolvant
1020 2713 1034 2762 ;
1067 2710 1204 2751 cum
1227 2711 1350 2767 quo
1377 2695 1566 2766 pretio
1597 2697 1790 2750 rector
1843 2693 2026 2749 eccle-

371 2785 473 2841 siae
504 2785 584 2841 ad
608 2785 959 2858 praedictam
980 2783 1476 2839 restaurationem
1523 2781 1830 2855 operarios
1887 2797 2025 2838 con—

367 2875 585 2930 ducere
616 2879 673 2929 ct
696 2872 1012 2928 materiam
1042 2887 1240 2926 emere
1283 2871 1490 2944 possit.
1521 2874 1588 2926 Et
1615 2870 1718 2944 qui
1749 2886 1942 2926 nonas
1969 2875 2026 2926 et

367 2963 633 3018 decimas
685 2962 828 3016 dare
882 2959 1227 3032 neglexerit,
1282 2959 1547 3032 primum
1601 2959 1848 3033 quidem
1893 2959 2024 3016 illas

367 3067 508 3107 cum
537 3050 668 3120 lege
698 3066 810 3107 sua
838 3049 1126 3121 restituat,
1180 3049 1429 3121 insuper
1475 3053 1532 3105 et
1585 3049 1860 3106 bannum
1913 3065 2022 3106 no-

368 3143 557 3195 strum
584 3139 798 3204 solvat,
854 3144 919 3194 ut
936 3139 1018 3195 ita
1045 3138 1366 3208 castigatus
1417 3143 1627 3195 caveat
1677 3153 1752 3194 ne
1805 3137 2023 3212 saepius

364 3228 636 3285 iterando
659 3227 1022 3284 beneﬁcium
1055 3229 1308 3284 amittat.

529 3339 616 3393 De
644 3337 846 3394 eadem
877 3352 962 3392 re.
995 3337 1140 3392 Item
1171 3351 1247 3392 ex
1278 3335 1596 3404 Capitulis,
1637 3335 1727 3390 tit.
1760 3337 1849 3389 22.

435 3445 674 3500 XXXVII.
708 3441 851 3515 (Lib.
887 3458 923 3496 ιι
958 3443 1324 3513 Capitular.,
1352 3456 1402 3496 c.
1453 3440 1568 3512 22.)
1621 3441 1700 3495 De
1738 3438 2022 3513 operibus

361 3531 423 3588 in
451 3532 882 3588 restauratione
911 3530 1320 3597 ecclesiarum,
1347 3529 1472 3585 sive
1492 3529 1554 3584 in
1580 3527 1876 3594 faciendo,
1901 3527 2021 3584 sive

360 3621 422 3678 in
444 3621 818 3688 redimendo,
865 3618 1223 3692 episcopalis
1247 3617 1446 3692 potius
1477 3623 1762 3691 sequatur
1813 3617 2023 3674 volun-

362 3715 470 3768 tas.
502 3711 847 3768 Nullatenus
877 3713 1080 3765 tamen
1105 3711 1415 3764 remaneat
1443 3707 1613 3780 quin,
1646 3706 1796 3762 sicut
1846 3722 1882 3761 a
1919 3721 2025 3762 no-

359 3800 453 3856 bis
479 3816 632 3872 saepe
652 3800 898 3870 jussum
922 3801 1029 3866 est,
1052 3796 1168 3852 hoc
1192 3800 1294 3852 aut
1325 3795 1473 3851 illud
1502 3794 1775 3868 partibus
1829 3794 2019 3850 eccle-

362 3887 589 3942 siarum
615 3885 1009 3958 persolvatur.
1054 3886 1121 3938 Et
1145 3884 1260 3938 hoc
1313 3882 1597 3938 omnibus
1651 3886 1864 3937 notum
1924 3881 2019 3952 sit,

360 3973 505 4047 quia
525 3974 870 4046 quicunque
891 3971 1260 4042 negligenter
1279 3970 1494 4026 exinde
1510 3970 1714 4041 egerit,
1733 3975 1790 4027 et
1814 3986 2021 4028 coram

361 4063 536 4119 nobis
576 4062 790 4118 exinde
819 4061 1129 4131 negligens
1150 4065 1419 4134 repertus
1440 4059 1634 4127 fuerit,
1660 4059 1810 4116 illud
1856 4060 2021 4117 volu-

359 4169 499 4208 mus
531 4151 781 4208 omnino
813 4155 876 4207 ut
904 4150 1116 4206 subeat
1139 4149 1305 4222 quod
1333 4149 1396 4205 in
1450 4153 1655 4206 nostro
1706 4149 2020 4223 capitulari

359 4230 434 4296 de
459 4241 573 4298 hac
599 4257 660 4297 re
692 4239 1002 4296 communi
1031 4239 1310 4295 consultu
1357 4237 1628 4294 fidelium
1674 4243 2020 4295 nostrorum
2049 4277 2093 4331 Β

359 4331 790 4389 ordinavimus.

359 4437 476 4511 46
507 4441 594 4497 De
623 4439 768 4496 locis
797 4439 1026 4494 dudum
1055 4437 1266 4494 sacris.
1298 4437 1398 4492 Ea:
1423 4437 1620 4493 eodem
1650 4425 2016 4506 Capitulari,

1039 4529 1220 4598 capit.
1246 4529 1335 4582 54.

426 4640 693 4694 XXXVIII.
753 4635 896 4707 (Lib.
929 4652 987 4690 IV
1034 4634 1400 4704 Capitular.,
1455 4649 1506 4689 c.
1561 4636 1676 4701 53.)
1734 4633 1815 4688 De
1867 4631 2015 4688 locis

354 4725 485 4795 jam
508 4725 743 4781 dudum
775 4723 959 4780 sacris
989 4726 1046 4779 et
1066 4737 1228 4778 nunc
1286 4721 1570 4794 spurcitia
1624 4721 1882 4789 foedatis,
1952 4723 2017 4777 ut

353 4813 526 4883 juxta
553 4812 1013 4885 possibilitatem
1038 4811 1100 4867 in
1123 4810 1436 4884 antiquum
1455 4815 1677 4868 statum
1696 4810 2016 4867 reformen-

358 4906 472 4957 tur.

498 5010 586 5065 De
609 5008 871 5064 ecclesiis
899 5008 1236 5066 destructis.
1268 5009 1368 5066 Ea:
1394 5007 1614 5073 eodem,
1646 5020 1779 5076 cap.
1813 5011 1866 5062 3.

427 5119 640 5173 XXXIX.
677 5114 822 5191 (Lib.
856 5132 894 5171 v
925 5117 1292 5187 Capitular.,
1326 5131 1377 5170 c.
1423 5117 1556 5181 144ς
1601 5111 1702 5168 lib.
1759 5129 1820 5168 ιιι
1867 5115 2011 5185 Leg.

353 5205 641 5277 Longob.,
675 5203 758 5261 tit.
796 5209 845 5273 1,
878 5221 929 5262 c.
981 5207 1093 5276 47.)
1133 5207 1214 5260 De
1255 5202 1517 5260 ecclesiis
1562 5201 1895 5270 destructis,
1949 5207 2014 5260 ut

353 5294 623 5370 episcopi
653 5300 710 5352 et
732 5295 900 5352 missi
928 5294 1377 5368 inquisitionem
1399 5292 1622 5349 faciant
1653 5295 1855 5348 utrum
1903 5307 2011 5364 per

351 5383 780 5456 negligentiam
805 5388 912 5442 aut
935 5379 1479 5456 impossibilitatem
1509 5380 1822 5437 destructa:
1853 5379 1969 5436 sint
1992 5398 2005 5448 ;

2066 1571 2108 1626 Β

2064 2922 2104 2979 C

420 5564 565 5637 (188)
593 5567 786 5638 Caput
802 5560 965 5620 istud
985 5575 1110 5623 non
1135 5564 1328 5617 exstat
1346 5559 1407 5617 in
1430 5558 1635 5617 codice
1656 5557 1998 5630 Reginonis.

1501 97 1876 155 REGINONIS
1915 89 2329 152 PHUIHENSIS
2368 96 2664 153 ABBATIS

3693 103 3788 156 200

2141 223 2199 274 et
2227 219 2330 275 ubi
2359 219 2723 290 negligentia
2744 220 2984 275 inventa
3014 218 3206 284 fixerit,
3238 218 3574 292 episcopali
3601 224 3790 275 aucto-

2140 308 2309 365 ritate
2339 310 2662 366 emendare
2683 313 2975 380 cogantur
3007 307 3110 380 qui
3134 323 3268 364 eam
3319 311 3657 365 restaurare
3702 308 3793 365 de-

2139 396 2414 454 buerant.
2446 399 2502 455 Si
2526 415 2668 455 vero
2697 414 2805 472 per
2841 395 3383 470 impossibilitatem
3438 398 3702 467 contigit,
3735 406 3794 454 ut

2142 492 2246 543 aut
2275 487 2478 560 plures
2513 488 2630 545 sint
2659 504 2847 560 quam
2877 503 3122 543 necesse
3156 487 3248 556 sit,
3275 491 3382 543 aut
3407 488 3654 558 majoris
3676 505 3794 544 ma-

2143 577 2468 647 gnitudinis
2496 593 2682 650 quam
2712 583 2775 634 ut
2799 594 2872 633 ex
2896 576 3077 633 rebus
3107 575 3184 632 ad
3215 593 3319 632 eas
3367 577 3794 650 pertinentibus

2139 667 2460 723 restaurari
2516 667 2771 741 possint,
2821 666 3139 739 episcopus
3190 665 3444 721 modum
3513 665 3792 733 inveniat,

2139 755 2394 829 qualiter
2419 772 2685 826 congrue
2717 755 3026 813 emendari
3077 760 3135 811 et
3191 756 3515 812 consistere
3546 757 3791 829 possint.

2140 884 2225 939 De
2280 883 2482 939 eadem
2521 898 2603 939 re.
2663 884 2763 939 Ea:
2811 883 3109 952 Capitulis
3164 883 3552 952 synodalibus
3590 884 3798 939 Caroli

2671 973 2965 1040 Junioris,
2998 985 3131 1040 cap.
3173 974 3262 1027 62.

2209 1096 2312 1149 XL.
2343 1094 2563 1164 (Capit.
2593 1094 2786 1151 Caroli
2816 1094 2995 1162 Calvi,
3030 1095 3113 1150 tit.
3147 1099 3199 1161 6,
3233 1111 3284 1150 c.
3334 1095 3449 1166 66.)
3500 1095 3658 1151 Servi
3709 1111 3798 1152 ec-

2140 1183 2458 1239 clesiarum
2489 1183 2954 1256 quibuscunque
2986 1184 3379 1256 potestatibus
3410 1183 3652 1254 subditi,
3687 1200 3794 1240 un-

2139 1273 2214 1328 de
2236 1271 2444 1328 melior
2479 1273 2853 1328 consuetudo
2893 1273 2989 1329 vel
3045 1271 3317 1329 devotior
3352 1273 3798 1329 commendatio

2140 1379 2212 1419 ex
2243 1367 2508 1434 tempore
2529 1367 2585 1417 et
2609 1361 2883 1433 jussione
2903 1362 3113 1418 domui
3144 1362 3466 1418 Ludouvici
3509 1362 3601 1418 vel
3643 1367 3798 1418 certe

2139 1451 2349 1506 domni
2381 1450 2592 1521 Caroli,
2635 1467 2741 1507 seu
2771 1452 2954 1508 etiam
2985 1451 3235 1525 Pippini,
3266 1467 3387 1507 non
3414 1451 3626 1520 existit,
3684 1452 3795 1532 sal:

2139 1545 2258 1595 tem
2288 1539 2494 1610 viginti
2519 1539 2732 1596 diebus
2779 1540 2840 1596 in
2871 1556 3033 1596 anno
3063 1539 3258 1596 eidem
3287 1540 3554 1596 ecclesiae
3609 1541 3688 1597 ad
3716 1557 3800 1596 re-

2142 1627 2426 1684 ﬁciendas
2449 1628 2640 1700 ipsius
2665 1629 2870 1685 ruinas
2900 1628 3132 1702 absque
3152 1627 3427 1685 molestia
3453 1629 3670 1685 servire
3723 1629 3797 1685 si-

2138 1722 2379 1774 nantur.
2403 1717 2515 1774 Ubi
2536 1724 2737 1774 autem
2767 1723 2824 1774 et
2844 1718 3102 1792 amplior
3131 1718 3575 1775 commendatio
3591 1724 3646 1774 et
3678 1735 3799 1775 me-

2137 1807 2251 1864 lior
2279 1809 2652 1865 consuetudo
2678 1808 2818 1865 inde
2861 1809 3202 1877 haberetur,
3259 1825 3370 1882 pro
3428 1810 3542 1865 hac
3586 1814 3798 1866 nostra

2137 1896 2595 1953 necessitudinis
2621 1897 3100 1955 consideratione
3125 1913 3246 1954 non
3286 1897 3543 1955 decidat.

2248 2019 2358 2094 47
2397 2023 2542 2077 Item
2566 2021 2637 2078 de
2666 2021 2867 2078 eadem
2895 2037 2978 2078 re.
3010 2022 3110 2078 Ex
3140 2023 3336 2092 Capit.
3361 2023 3699 2078 Ludouvici

2833 2113 3014 2180 capit.

2208 2238 2335 2291 XLI.
2367 2239 2446 2291 Ne
2474 2250 2618 2290 vero
2650 2234 2912 2291 ecclesiae
2967 2235 3332 2309 presbyteris
3370 2236 3715 2292 commissae
3741 2237 3798 2293 in

2133 2325 2572 2382 restauratione
2594 2328 2698 2380 aut
2723 2325 2785 2380 in
2825 2324 3225 2381 luminaribus
3250 2326 3424 2397 juxta
3445 2325 3801 2399 possibilitao

2136 2418 2258 2470 tem
2283 2429 2484 2468 rerum
2511 2412 2589 2469 ab
2619 2412 2731 2469 illis
2760 2413 3139 2485 negligantur
3163 2418 3358 2470 vestra
3406 2413 3802 2470 nihilominus

2133 2501 2441 2570 invigilare
2471 2500 2651 2557 debet
2677 2500 2935 2557 solertia.
2965 2503 3032 2556 Et
3069 2501 3220 2556 sicut
3266 2500 3418 2556 alios
3466 2501 3804 2573 prohibetis

2133 2606 2209 2647 ne
2239 2590 2314 2646 de
2345 2590 2572 2646 mansis
2602 2590 2681 2646 ad
2710 2589 2976 2646 ecclesiae
3011 2590 3335 2646 luminaria
3360 2591 3516 2648 datis
3567 2591 3803 2664 aliquid

2132 2680 2452 2753 accipiant,
2485 2679 2567 2734 sic
2599 2684 2655 2735 et
2677 2696 2781 2736 vos
2812 2684 2868 2735 et
2893 2679 3066 2735 vestri
3098 2679 3506 2737 archidiaconi
3560 2681 3638 2736 de
3697 2680 3808 2737 eis-

2131 2769 2272 2825 dem
2330 2768 2558 2824 mansis
2613 2768 2760 2824 nihil
2819 2768 3190 2841 accipiendo,
3248 2769 3379 2825 aliis
3446 2770 3808 2842 exemplum

2131 2857 2467 2931 praebentis.
2497 2857 2609 2913 Sed
2635 2857 2834 2930 potius
2856 2857 2934 2914 ad
2960 2857 3018 2913 id
3041 2857 3208 2930 quod
3239 2858 3381 2913 data
3407 2864 3544 2914 sunt
3573 2859 3812 2918 servire

2131 2945 2538 3002 concedantur
2567 2964 2580 3013 ;
2609 2949 2674 3001 ut
2699 2949 2910 3012 totum,
2943 2946 3092 3001 sicut
3123 2945 3351 3002 dictum
3396 2951 3504 3017 est,
3558 2947 3624 3002 in
3689 2959 3815 3002 res-

2133 3033 2464 3090 tauratione
2494 3032 2883 3089 ecclesiarum
2915 3039 2972 3089 et.
3004 3033 3407 3092 luminaribus
3462 3039 3673 3092 vestra
3703 3052 3815 3092 au-

2130 3121 2396 3178 ctoritate
2419 3125 2475 3177 et
2494 3121 2689 3177 studio
2721 3122 2929 3178 cedere
2955 3121 3167 3195 possit.

2602 3233 2690 3286 De
2718 3231 2979 3287 decimis.
3012 3230 3159 3299 Cap.
3195 3234 3314 3286 162.

2202 3339 2354 3392 XLII.
2389 3334 2537 3406 (Lib.
2570 3352 2587 3390 ι
2617 3335 2984 3405 Capitular.,
3021 3352 3070 3390 c.
3111 3338 3251 3402 149.)
3313 3337 3381 3392 Ut
3437 3335 3700 3392 decimae
3753 3338 3818 3393 in

2129 3429 2453 3497 postestate
2480 3423 2746 3496 episcopi
2775 3423 2909 3490 sint,
2933 3422 3186 3495 qualiter
3216 3439 3252 3478 a
3283 3423 3659 3497 presbyteris
3694 3425 3824 3481 dis-

2131 3514 2433 3586 sipentur.‘

2509 3622 2596 3675 De
2625 3621 2830 3677 eadem
2860 3636 2943 3677 re.
2979 3621 3080 3678 Ea:
3109 3637 3242 3691 cap.
3283 3626 3404 3678 157.

2200 3730 2379 3784 XLIII.
2413 3726 2560 3798 (Lib.
2589 3743 2607 3782 ι
2635 3728 2999 3798 Capitular.,
3029 3745 3080 3783 c.
3114 3730 3259 3799 163.)
3293 3731 3363 3785 Ut
3381 3729 3484 3803 qui
3515 3715 3829 3788 ecclesia-

2128 3833 2266 3874 rum
2294 3815 2590 3873 beneﬁcia
2615 3816 2864 3886 habent,
2895 3831 3122 3874 nonam
3145 3822 3202 3873 et
3243 3816 3542 3875 decimam
3593 3835 3688 3876 ex
3736 3819 3833 3877 eis

2128 3905 2392 3962 ecclesiae
2422 3905 2594 3976 cujus
2624 3920 2721 3960 res
2753 3910 2893 3962 sunt
2920 3905 3185 3974 donent;
3218 3911 3275 3962 et
3298 3906 3404 3981 qui
3451 3907 3564 3965 tale
3621 3908 3835 3968 bene-

2127 3994 2331 4050 ﬁcium
2387 3993 2632 4060 habent,
2691 3993 2770 4049 ad
2813 3994 3198 4052 medietatem
3246 3995 3541 4067 laborent,
3621 4003 3696 4054 et
3748 3997 3834 4056 de

2127 4098 2338 4138 eorum
2387 4081 2660 4154 portione
2715 4083 2959 4155 proprio
3009 4083 3360 4156 presbytero
3405 4084 3664 4143 decima
3709 4085 3836 4142 do-

2127 4173 2290 4226 nent.

2745 4259 2834 4316 De
2860 4259 3065 4317 eadem
3095 4276 3179 4317 re.

2194 4369 2369 4424 XLIV.
2395 4365 2638 4423 Novalia
2658 4381 2820 4433 rura,
2843 4382 2981 4439 quae
3003 4368 3177 4439 juxta
3197 4368 3389 4426 cultos
3416 4383 3608 4439 agros
3627 4369 3842 4438 ﬁunt,

2125 4455 2388 4512 ecclesiae
2412 4455 2672 4528 antiques
2710 4455 3105 4513 decimentur.
3140 4461 3206 4514 Et
3233 4457 3282 4513 si
3311 4458 3462 4514 ultra
3509 4459 3850 4519 milliaria

2123 4547 2383 4617 quatuor
2412 4544 2501 4601 vel
2525 4544 2793 4618 quinque
2824 4545 2884 4600 in
2919 4546 3073 4602 saltu
3102 4547 3386 4619 quaelibet
3411 4548 3616 4618 digna.
3682 4567 3847 4624 per,-

2123 4649 2275 4690 sona
2299 4633 2547 4706 aliquod
2567 4633 2785 4689 novale
2806 4634 3212 4704 collaboravit,
3236 4635 3594 4709 ibidemque
3676 4657 3852 4706 cum

2123 4722 2214 4778 sui
2233 4722 2501 4796 episcopi
2529 4738 2826 4779 consensu
2859 4723 3174 4780 ecclesiam
3205 4726 3652 4794 construxerit,
3686 4734 3857 4802 post

2122 4811 2636 4868 consecrationem
2667 4811 2785 4884 48
2811 4813 3076 4870 ecclesiae
3123 4814 3438 4887 provideat
3466 4818 3858 4891 presbyte-

2120 4915 2278 4966 rum,
2302 4901 2554 4974 ejusque
2583 4901 2888 4958 conductu
2917 4902 2992 4958 de
3017 4902 3232 4960 eodem
3263 4904 3594 4962 elaboratu
3665 4908 3864 4966 deci-

2118 5004 2251 5044 mas
2283 4989 2479 5046 eidem
2510 4989 2776 5046 ecclesiae
2802 4992 3071 5049 conferat
3093 4993 3261 5064 (188).

2208 5097 2357 5154 Item
2387 5097 2461 5153 de
2485 5099 2657 5154 nonis
2683 5104 2737 5169 et
2767 5099 3026 5156 decimis.
3057 5101 3157 5158 Ea;
3177 5101 3397 5168 eodem,
3431 5115 3579 5169 cap.
3629 5109 3752 5162 36.

2190 5206 2338 5259 XLV.
2355 5204 2607 5274 (Concil.
2635 5205 2908 5262 Cabilon.
2929 5222 2988 5274 ιι,
3019 5223 3070 5263 c.
3096 5207 3156 5262 l9
3183 5225 3195 5274 ;
3219 5207 3326 5264 lib.
3354 5224 3389 5262 ιι
3407 5208 3869 5283 Capa‘lular.,

2117 5307 2168 5346 c.
2205 5292 2314 5362 38.)
2344 5293 2454 5358 Qui
2483 5293 2749 5350 decimas
2772 5299 2910 5366 post
2929 5295 3320 5352 creberrimas
3335 5295 3875 5361 admonitiones

2115 5384 2173 5437 et
2228 5381 2682 5453 prtedicationes
2742 5383 3126 5441 sacerdotum
3189 5385 3334 5442 dare
3385 5383 3879 5468 neglexerint,
