4046 6190
231 124 320 181 201
1141 119 1234 172 DE
1274 117 1550 176 ECCLES.
1571 116 1829 174 -DISCIP]

2066 113 2136 178 10
2177 114 2342 170 DUO.
2385 147 2454 156 —-
2493 117 2624 173 LIB.
2668 118 2706 174 Ι.
3561 128 3664 182 202

229 242 819 308 excommunicentur.
851 242 1227 308 Juramento,
1263 257 1402 298 vero
1429 257 1531 298 eos
1553 237 1880 308 constringi
1909 237 1963 291 A
1991 239 2438 297 contemnendo
2490 241 2815 309 dimittunt,
2876 245 3056 315 atque
3092 242 3334 300 clericos
3381 245 3538 302 fame
3601 252 3657 306 et

225 336 506 403 nolumus,
548 337 798 404 propter
827 329 1169 402 periculum
1201 330 1464 401 perjurii.
1991 326 2248 397 penuria
2301 327 2589 398 afﬁciunt,
2642 331 3044 388 ecclesiastica
3099 347 3341 404 quoque
3406 335 3659 393 aediﬁcia

301 425 431 491 Item
459 423 538 478 de
567 420 744 476 nonis
773 424 830 475 et
855 418 1124 474 decimis.
1155 420 1255 475 Ex
1273 420 1494 488 eodem,
1528 433 1660 487 cap.
1693 421 1782 472 21.
1993 414 2385 472 dissolutione
2416 418 2714 476 adnullari
2745 421 3112 493 permittunt,
3144 421 3353 478 tandiu
3369 423 3448 479 ab
3479 424 3660 482 eccle-

286 516 448 570 XLVI.
497 510 649 582 (Lib.
687 526 732 564 ιι
759 508 1108 578 Capitular.
1144 525 1195 562 c.
1227 510 1337 579 21).
1400 511 1478 564 De
1523 506 1697 562 nonis
1749 506 1880 578 qui-
1994 502 2689 564 siasticacommunione
2721 512 3074 580 separentur
3103 525 3294 582 usque
3339 511 3491 567 dum
3533 512 3664 569 dili-

224 603 342 660 dem
368 606 422 658 et
446 597 725 660 decimis.
757 595 918 652 unde
949 599 1009 651 et
1037 595 1269 666 genitor
1297 601 1498 652 noster
1537 599 1592 651 et
1621 611 1732 650 nos
1764 593 1882 648 fre-
1995 593 2194 663 gentia
2225 596 2548 653 emendare
2581 598 2859 654 studeant
2887 599 3055 670 quod
3085 601 3359 656 socordia
3389 603 3668 673 neglexe-

223 696 445 764 quenter
473 693 533 745 et
557 688 621 744 in
651 685 908 742 diversis
959 683 1196 756 placitis
1244 684 1713 740 admonitionem
1742 681 1883 737 feci-
1993 687 2151 738 runt.
2185 684 2356 749 Quod
2387 685 2434 740 si
2465 686 2678 742 iterum
2707 687 3222 760 iteraverint,post
3245 695 3668 752 excommuni-

223 797 358 849 mus,
387 783 443 835 et
465 794 580 850 per
607 774 980 848 Capitularia
1004 778 1211 843 nostra
1229 773 1482 846 qualiter
1511 775 1655 842 haec
1677 772 1883 828 obser-
1995 771 2242 827 cationis
2281 773 2768 845 satisfactionem,
2803 775 2969 844 regia
3008 781 3302 847 potestate
3342 784 3670 856 compulsi,

223 874 410 925 ventur
431 865 884 933 ordinavimus,
917 862 1203 918 volumus
1257 867 1433 935 atque
1480 862 1763 934 jubemus
1814 863 1884 914 ut
1989 859 2161 931 juxta
2189 862 2378 932 legale
2413 868 2469 919 et
2495 864 2812 936 antiquum
2861 865 3125 922 edictum
3180 884 3192 922 :
3255 867 3375 934 Qui
3421 877 3676 948 περιέθει

221 958 284 1013 de
311 956 466 1012 omni
498 953 881 1012 collaboratu
908 958 967 1007 et
987 951 1062 1006 de
1093 951 1233 1006 vino
1263 955 1319 1006 et
1345 951 1482 1007 feno
1529 951 1778 1006 ﬁdeliter
1821 952 1884 1004 et
1991 965 2250 1017 censum,
2280 953 2498 1021 perdat
2528 968 2762 1023 agrum.

222 1047 446 1120 pleniter
470 1046 551 1101 ab
581 1042 879 1100 omnibus
910 1057 1078 1096 nona
1109 1045 1166 1096 et
1213 1040 1446 1096 decima
1483 1041 1877 1114 persolvatur.
2197 1042 2343 1098 Item
2375 1043 2449 1098 de
2473 1043 2735 1098 decimis.
2769 1043 2870 1099 Ex
2897 1044 3202 1115 Capitulis
3233 1048 3470 1108 Caroli.

222 1138 290 1192 De
313 1134 626 1190 nutrimine
657 1147 802 1187 vero
822 1147 936 1204 pro
963 1129 1222 1197 decima,
1243 1128 1392 1200 sicut
1420 1129 1709 1185 hactenus
1739 1144 1881 1184 con-
2062 1133 2170 1187 LII.
2205 1132 2587 1204 (Capitulare
2613 1134 2695 1188 ad
2713 1134 2879 1189 Salz.
2914 1151 2964 1190 c.
2995 1138 3070 1207 2).
3133 1140 3215 1192 De
3269 1139 3522 1200 decimis
3575 1145 3679 1202 ubi

220 1223 448 1280 suetudo
471 1223 599 1286 fuit,
625 1221 709 1277 ab
727 1219 1018 1275 omnibus
1044 1217 1408 1273 observetur.
1439 1217 1492 1274 Si
1515 1218 1651 1290 quis
1676 1222 1880 1274 tamen
1989 1220 2318 1292 antiquitus
2361 1220 2600 1277 fuerunt
2624 1221 2890 1278 ecclesiae
2910 1223 3333 1301 baptismales,
3353 1236 3413 1287 et
3441 1232 3678 1288 devotio

218 1313 618 1385 episcoporum
653 1308 954 1380 fueritqui
982 1311 1299 1375 argentum
1329 1322 1437 1378 pro
1468 1307 1583 1362 hoc
1609 1307 1879 1379 accipere
1987 1308 2144 1365 facta
2177 1310 2304 1381 fuit,
2325 1311 2499 1381 juxta
2537 1311 2702 1382 quod
2734 1311 3058 1386 episcopus
3110 1315 3303 1387 ipsius
3351 1322 3677 1392 parcechia:

217 1403 362 1471 velit,
391 1403 448 1458 in
477 1417 590 1456 sua
608 1402 912 1473 potestate
942 1401 1207 1464 maneat,
1235 1397 1408 1467 juxta
1443 1397 1609 1469 quod
1639 1396 1691 1452 ei
1721 1396 1879 1452 etilli
1987 1398 2370 1467 ordinaverit,
2427 1399 2796 1455 omnimodis
2856 1403 3005 1459 fiant
3061 1405 3325 1463 donatas.
3381 1412 3446 1464 Et
3489 1409 3536 1464 si
3566 1425 3678 1482 per

216 1493 311 1564 qui
337 1493 443 1547 hoc
469 1489 817 1561 persolvere
845 1486 1026 1541 debet
1050 1485 1412 1540 convenerit.
1987 1487 2343 1545 donationes
2369 1503 2584 1556 regum
2611 1493 2713 1544 aut
2743 1496 3100 1550 caeterorum
3116 1495 3308 1551 Deum
3333 1497 3674 1554 timentium

215 1580 347 1637 Item
375 1581 447 1636 de
475 1580 651 1634 nonis
679 1583 736 1633 et
769 1577 1030 1632 decimis.
1065 1575 1164 1629 Ex
1188 1575 1406 1630 eodem.
1443 1589 1574 1644 cap.
1609 1580 1639 1630 5
1682 1575 1782 1630 lib.
1815 1592 1873 1631 v.
1907 1588 1951 1641 Β
1985 1576 2290 1634 bonorum
2318 1576 2640 1633 hominum
2672 1578 2750 1633 ad
2796 1581 3108 1655 episcopia
3155 1601 3261 1640 seu
3303 1587 3675 1642 monasteria

280 1671 465 1726 XLVII.
538 1665 684 1737 (Lib.
722 1682 736 1718 ι
765 1665 1112 1734 Capitular.
1147 1680 1197 1718 c.
1238 1665 1378 1734 145).
1415 1665 1492 1718 De
1523 1663 1614 1717 his
1639 1663 1744 1735 qui
1772 1680 1874 1720 no-
1987 1665 2205 1738 aliquae
2235 1683 2330 1722 res
2355 1664 2646 1733 delegatae
2677 1671 2836 1735 sunt,
2894 1675 2953 1726 et
3008 1687 3079 1726 ex
3129 1671 3276 1744 ipsis
3301 1673 3483 1728 rebus
3518 1674 3673 1730 anti-

216 1775 316 1814 nas
343 1761 397 1813 et
421 1754 697 1812 decimas
722 1753 857 1824 jam
889 1767 996 1823 per
1028 1751 1250 1806 multos
1273 1767 1466 1806 annos
1497 1755 1602 1806 aut
1621 1766 1695 1806 ex
1710 1757 1878 1824 parte
1986 1755 2192 1827 quitus
2220 1756 2299 1812 ad
2319 1755 2486 1828 ipsas
2517 1754 2800 1812 ecclesias
2830 1760 3061 1832 priores
3093 1761 3344 1818 decimae
3367 1761 3524 1818 datae.
3551 1762 3678 1823 fue-

217 1852 309 1903 aut
333 1863 401 1901 ex
433 1849 555 1901 toto
586 1843 737 1898 dare
759 1840 1172 1909 neglexerunt,
1209 1840 1483 1896 volumus
1518 1843 1580 1895 ut
1611 1856 1716 1912 per
1741 1841 1881 1896 mis-
1986 1849 2147 1913 runt,
2180 1845 2317 1917 ipsa
2363 1843 2616 1915 antiqua
2663 1845 2914 1906 donatio
2976 1851 3069 1907 vel
3101 1851 3344 1907 devotio
3395 1849 3572 1908 ﬁrma
3619 1861 3678 1913 et

217 1955 305 1992 sos
337 1936 449 2008 49
481 1939 726 1990 nostros
759 1931 1269 1999 constringantur,
1302 1936 1364 1985 ut
1389 1930 1723 1986 secundum
1741 1948 1880 1987 con-
1989 1934 2219 1989 stabilis
2249 1936 2624 2006 permaneat.
2656 1937 2906 2008 Tamen,
2940 1947 3005 1995 ut
3035 1957 3220 2013 supra
3242 1940 3525 2008 diximus,
3571 1945 3674 2001 de-

216 2025 581 2082 suetudinem
614 2022 882 2094 priorem
915 2019 1154 2074 solvant
1186 2019 1361 2074 unius
1391 2020 1532 2075 anni
1566 2035 1791 2087 nonam
1824 2025 1881 2076 et
1987 2022 2180 2079 cimas
2211 2024 2286 2078 de
2313 2023 2458 2094 ipsis
2490 2025 2686 2090 rebus,
2720 2028 2826 2098 qui
2859 2030 2968 2101 51
3006 2047 3108 2086 eas
3160 2030 3471 2105 possidere
3518 2034 3678 2092 vide-

213 2117 497 2171 decimam
525 2129 666 2168 cum
702 2127 813 2166 sua
858 2110 1005 2178 lege,
1059 2113 1116 2164 et
1163 2108 1408 2180 insuper
1453 2109 1724 2164 bannum
1775 2127 1879 2166 no—
1989 2115 2107 2182 tur,
2141 2112 2466 2184 persolvat.

215 2210 408 2260 strum.
465 2205 528 2256 Et
577 2200 692 2255 hoc
742 2199 828 2253 eis
857 2197 1262 2262 denuntietur,
1308 2197 1471 2268 quod
1529 2198 1877 2270 quicunque
1985 2201 2079 2257 Ne
2100 2202 2313 2270 fenum
2343 2207 2396 2257 et
2426 2217 2670 2259 annona
2695 2211 2749 2261 et
2779 2209 2986 2266 vinum
3013 2212 3296 2268 mittatur
3315 2212 3376 2265 ίη
3404 2215 3670 2274 ecclesia.

215 2294 359 2350 hanc
411 2289 844 2360 negligentiam
906 2285 1224 2351 iteraverit,
1288 2285 1647 2342 beneficium
1714 2288 1876 2343 unde
2479 2291 2578 2346 Ex
2606 2293 2808 2351 eodem
2841 2301 3024 2368 capit.
3072 2301 3189 2356 142.

213 2384 332 2439 haec
361 2397 522 2438 nona
541 2386 599 2436 et
627 2378 868 2435 decima
893 2375 1159 2450 persolvi
1191 2375 1399 2432 debuit
1417 2376 1783 2432 amissurum
1813 2393 1877 2432 se
2065 2383 2202 2436 LIII.
2234 2379 2385 2451 (Lib.
2421 2397 2436 2434 I
2471 2381 2815 2471 Capitular.
2851 2403 2902 2443 c.
2940 2394 3084 2458 150).
3119 2393 3188 2447 Ut
3206 2389 3411 2448 nullus
3431 2396 3676 2471 presby-

215 2474 370 2528 sciat.
1984 2473 2081 2527 ter
2102 2485 2418 2527 annonam
2445 2470 2541 2527 vel
2569 2470 2779 2531 fenum
2809 2481 2913 2533 aut
2943 2479 3153 2536 vinum
3183 2481 3245 2536 in
3272 2481 3522 2542 ecclesia
3546 2470 3676 2546 mit-

614 2559 760 2614 Item
792 2557 866 2612 de
889 2555 1093 2612 eadem
1116 2570 1202 2610 re.
1236 2556 1385 2624 Cap.
1411 2558 1463 2610 6.
1985 2562 2114 2615 tere
2140 2563 2468 2633 praesumat
2493 2560 2660 2630 (189).

280 2650 519 2706 XLVIII.
571 2647 721 2718 (Lib.
750 2662 785 2700 v
814 2645 1160 2735 Capitular.
1199 2659 1264 2735 _c.
1325 2643 1482 2735 hi5);
1526 2645 1745 2735 Addit.
1794 2661 1874 2710 1v,
1987 2649 2080 2704 De
2108 2649 2315 2705 eadem
2342 2664 2426 2705 re.
2459 2650 2559 2705 Ea:
2586 2651 2763 2707 dictis
2787 2657 2986 2712 sancti
3023 2658 3354 2728 Augustini
3389 2663 3668 2735 episcopi.

212 2756 262 2795 c.
293 2740 402 2808 73).
439 2738 795 2808 Quicunque
824 2734 1128 2791 decimam
1157 2733 1450 2789 abstrahit
1505 2733 1579 2789 de
1627 2734 1878 2790 ecclesia
2068 2739 2200 2803 LIV,
2235 2741 2298 2792 In
2328 2737 2588 2794 oratorio
2614 2756 2798 2797 nemo
2823 2743 3053 2816 aliquid
3081 2751 3223 2816 agat
3256 2747 3371 2803 nisi
3401 2749 3480 2806 ad
3504 2733 3673 2822 quod

211 2829 285 2887 ad
309 2844 503 2902 quam
533 2843 642 2900 per
673 2825 956 2896 justitiam
1003 2824 1186 2880 debet
1243 2822 1392 2889 dari,
1444 2827 1502 2880 et
1547 2837 1682 2880 eam
1728 2841 1876 2897 prae-
1987 2829 2083 2880 est
2105 2825 2332 2882 factum
2355 2826 2489 2882 ﬁat:
2511 2827 2672 2884 unde
2700 2835 2757 2885 et
2785 2847 3008 2888 nomen
3033 2835 3280 2907 accepit.
3306 2841 3421 2893 Aut
3451 2839 3497 2894 si
3520 2839 3672 2896 forte

208 2923 561 2990 sumptuose
591 2915 683 2971 vel
708 2918 952 2987 propter
981 2927 1238 2968 munera
1267 2914 1372 2966 aut
1415 2911 1742 2968 amicitiam
1785 2913 1878 2969 vel
1909 2943 1949 2997 ο
1987 2914 2176 2970 etiam
2205 2915 2390 2988 aliqui
2420 2920 2665 2988 propter
2693 2918 2874 2976 horas
2906 2923 3280 2992 constitutas,
3311 2925 3360 2980 si
3389 2927 3474 2984 eis
3495 2935 3675 2986 vacat

207 3009 391 3064 aliam
419 3005 755 3079 quamlibet
783 3000 1262 3060 occasionemad
1293 2999 1543 3058 alteram
1564 3002 1878 3060 ecclesiam
1988 3007 2052 3059 et
2081 3020 2251 3061 orare
2277 3005 2595 3075 voluerint,
2628 3006 2714 3063 eis
2745 3025 2868 3066 non
2919 3011 3033 3068 sint
3084 3012 3517 3087 impedimento
3567 3018 3673 3090 qui

205 3096 459 3166 dederit,
494 3112 531 3152 a
561 3094 775 3150 comite
796 3093 884 3149 vel
915 3109 951 3149 a
981 3092 1169 3148 misso
1219 3094 1427 3146 nostro
1470 3091 1878 3165 distringatur,
1988 3091 2078 3148 ibi
2107 3093 2338 3167 aliquid
2363 3094 2671 3166 agendum
2701 3100 3056 3170 putaverint.
3619 3122 3638 3130 -

205 3193 270 3244 ut
322 3186 601 3258 ejusdem
657 3183 898 3240 decimae
957 3181 1356 3255 quantitatem
1405 3196 1544 3237 cum
1597 3197 1707 3238 sua
1749 3182 1879 3254 lege
2662 3187 2809 3244 Item
2843 3190 3007 3245 alibi.

205 3278 502 3335 restituat.

2067 3272 2321 3343 (Regula
2355 3274 2598 3330 Tornat.
2636 3292 2687 3330 c.
2725 3277 2824 3345 15;
2861 3281 3176 3345 Βυιιοιιιιιιι).
3208 3281 3313 3336 lib.
3343 3287 3422 3349 ιιι,
3471 3299 3521 3338 c.
3551 3285 3661 3356 80).

605 3365 749 3420 Item
778 3364 850 3419 de
879 3363 1082 3419 eadem
1114 3376 1198 3416 re.
1251 3360 1400 3429 Cap.
1433 3367 1485 3415 7.
1995 3363 2060 3416 In
2092 3363 2354 3420 oratorio
2384 3369 2599 3436 praeter
2620 3367 2834 3423 orandi
2859 3373 2914 3423 et
2951 3369 3244 3440 psallendi
3294 3372 3394 3427 Dei
3439 3371 3666 3429 cultum

280 3459 460 3512 XLIX.
496 3453 644 3525 (Lib.
675 3470 711 3506 v
743 3452 1084 3522 Capitular.
1119 3466 1172 3505 c.
1208 3452 1316 3515 46;
1368 3451 1493 3505 Lex
1533 3452 1882 3522 Langobar-
1994 3452 2234 3521 penitus
2260 3453 2408 3508 nihil
2439 3459 2670 3523 agatur,
2706 3461 2769 3512 ut
2793 3457 3020 3512 nomini
3046 3458 3182 3513 huic
3209 3464 3265 3514 et
3293 3476 3477 3532 opera
3511 3463 3666 3534 jugi-

205 3547 340 3600 dor.
370 3544 478 3599 lib.
500 3559 579 3609 ιιι,
600 3541 752 3609 tit.3,
781 3545 908 3608 c.8;
941 3541 1268 3594 Buacmnn.
1301 3537 1404 3592 lib.
1438 3555 1517 3608 ιιι,
1541 3555 1592 3593 c.
1627 3540 1767 3610 154).
1804 3544 1882 3596 De
1995 3536 2083 3597 te}
2114 3542 2392 3614 impensa
2420 3544 2806 3601 concordent.

204 3633 466 3690 decimis
495 3647 649 3704 quas
682 3630 821 3686 dare
853 3627 1116 3701 populus
1147 3642 1271 3682 non
1300 3625 1425 3681 vult
1468 3627 1580 3682 nisi
1617 3629 1885 3700 quolibet
2068 3632 2211 3686 Item
2246 3632 2319 3687 de
2349 3633 2549 3688 eadem
2573 3648 2654 3688 νε.
2706 3634 2806 3688 Ex
2835 3635 3008 3689 dictis
3036 3638 3235 3691 sancti
3261 3638 3589 3694 Benedicti.

203 3721 401 3778 modo
432 3719 514 3775 ab
544 3735 615 3775 eo
640 3717 1029 3783 redimantur,
1081 3713 1162 3770 ab
1210 3713 1513 3786 episcopis
1567 3716 1886 3788 prohiben-
2071 3720 2181 3774 LV.
2218 3721 2469 3790 (Regula
2497 3720 2559 3775 S.
2596 3722 2942 3788 Benedicti,
2977 3739 3026 3778 c.
3062 3728 3128 3779 5'2
3159 3742 3172 3790 ;
3203 3727 3522 3780 BURCHARD.
3555 3727 3658 3783 lib.

204 3810 364 3867 dum
389 3813 486 3866 est
512 3823 588 3865 ne
607 3807 729 3864 ﬁat.
747 3809 812 3862 Et
833 3805 885 3861 si
903 3805 1038 3879 quis
1060 3804 1440 3874 contemptor
1465 3801 1658 3870 fuerit,
1675 3803 1884 3858 inven-
1995 3824 2076 3875 ιιι,
2111 3823 2161 3863 c.
2192 3808 2300 3879 81).
2332 3807 2672 3865 Oratorium
2701 3811 2817 3866 hoc
2849 3810 2921 3865 sit
2942 3811 3109 3882 quod
3139 3811 3374 3886 dicitur,
3421 3829 3530 3870 nec
3580 3815 3663 3872 ibi

203 3903 330 3969 tus,
355 3902 422 3954 ut
441 3914 554 3954 nec
584 3897 935 3971 episcopum
965 3910 1076 3950 nec
1108 3890 1391 3949 comitem
1413 3891 1620 3949 audire
1649 3892 1804 3960 velit,
1838 3893 1888 3949 si
1995 3896 2332 3968 quidquam
2363 3895 2527 3953 aliud
2558 3902 2798 3967 geratur
2825 3903 2928 3954 aut
2953 3901 3266 3957 condatur.

201 3994 419 4046 noster
437 3988 625 4044 homo
655 3986 848 4053 fuerit,
870 3985 950 4042 ad
971 3982 1356 4058 praesentiam
1377 3986 1647 4039 nostram
1686 3982 1887 4040 venire
2001 3987 2075 4042 Ut
2102 3985 2311 4041 nullus
2341 3987 2401 4041 in
2433 3987 2680 4042 ecclesia
2707 3988 3018 4044 convivari
3041 3996 3389 4057 praesumat.
3414 3992 3514 4048 Ex
3528 4006 3664 4048 con-

203 4077 840 4153 compellatur,casteri
859 4092 1003 4133 vero
1033 4073 1488 4144 distringantur,
1519 4077 1585 4130 ut
1603 4073 1770 4130 inviti
1799 4090 1889 4132 ec—
2497 4075 2636 4130 cilio
2674 4075 3160 4146 Carthaginensi.

202 4169 418 4226 clesiae
446 4167 758 4224 restituant
779 4164 946 4238 quod
967 4161 1458 4220 voluntariedare
1478 4161 1884 4234 neglexerunt.
2073 4163 2201 4220 LVI.
2236 4165 2578 4235 (Buncmnn.
2613 4163 2714 4219 lib.
2745 4180 2834 4230 ιιι,
2869 4181 2919 4219 c.
2949 4165 3057 4236 83).
3114 4169 3184 4222 Ut
3230 4167 3378 4224 nulli
3398 4169 3665 4244 episcopi

626 4257 773 4312 Item
798 4255 872 4310 de
900 4254 1105 4310 eadem
1137 4268 1220 4308 re.
1257 4251 1406 4321 Cap.
1432 4253 1482 4306 9.
1912 4290 1961 4346 Β
1998 4253 2092 4310 vel
2121 4252 2316 4310 clerici
2335 4253 2397 4309 in
2425 4252 2672 4309 ecclesia
2701 4254 3110 4326 conviventur,
3139 4256 3252 4312 nisi
3285 4257 3433 4315 forte
3479 4263 3666 4315 trans-

280 4349 351 4402 L.
387 4344 536 4417 (Lib.
566 4341 968 4414 vCapitular.
995 4358 1046 4398 c.
1085 4342 1230 4413 147).
1292 4341 1372 4395 De
1416 4339 1527 4395 illis
1574 4339 1679 4413 qui
1708 4356 1887 4412 agros
1912 4339 1972 4390 ⁷.
2000 4347 2209 4399 euntes
2239 4341 2478 4414 hospitii
2517 4341 2864 4399 necessitate
2913 4343 3028 4399 illic
3085 4345 3405 4402 resideant.
3457 4348 3665 4420 P0puli

201 4434 628 4493 dominicatos
659 4436 977 4506 propterea
1003 4429 1396 4502 neglexerunt
1421 4428 1686 4486 excolere
1709 4432 1889 4484 utno-
1999 4431 2179 4487 etiam
2225 4430 2304 4486 ab
2356 4430 2706 4501 hujusmodi
2751 4431 3057 4499 conviviis,
3109 4438 3407 4504 quantum
3471 4440 3666 4506 potest

199 4542 368 4582 nam
391 4529 452 4580 et
479 4522 780 4580 decimam
801 4521 1014 4578 exinde
1034 4537 1158 4576 non
1186 4518 1549 4593 persolvant,
1579 4523 1637 4574 et
1661 4517 1887 4575 alienas
2000 4519 2149 4590 ﬁeri,
2183 4519 2635 4593 prohibeantur.

200 4619 416 4671 terras
445 4613 528 4669 ad
556 4611 950 4668 excolendum
973 4614 1218 4684 propter
1237 4610 1351 4666 hoc
1375 4607 1695 4680 accipiunt,
1725 4605 1893 4678 volu-
2139 4610 2250 4682 52
2292 4610 2378 4666 De
2403 4610 2604 4665 eadem
2632 4623 2714 4664 re.
2743 4609 2843 4665 Ea:
2871 4610 3122 4666 concilio
3148 4612 3515 4668 Laodicensi.

199 4720 360 4761 mus
412 4707 480 4758 ut
518 4702 593 4758 de
622 4701 810 4757 tribus
839 4701 1014 4758 annis
1055 4700 1252 4773 ipsam
1276 4713 1586 4756 annonam
1614 4715 1754 4755 cum
1784 4715 1895 4755 sua
2074 4701 2228 4756 LVII.
2271 4699 2525 4770 (Concil.
2559 4698 2744 4754 Laod.
2799 4713 2850 4753 c.
2909 4702 3008 4764 28;
3066 4700 3387 4756 BURCHARD.
3435 4700 3540 4756 lib.
3583 4719 3662 4770 ιιι,

197 4791 351 4862 lege
385 4792 502 4863 50
514 4789 872 4863 persolvant.
889 4792 955 4845 Et
974 4789 1024 4844 si
1041 4788 1177 4861 quis
1194 4791 1573 4860 contemptor
1593 4787 1892 4844 autcomi-
2002 4805 2054 4846 c.
2087 4789 2197 4860 82).
2233 4791 2360 4844 Non
2386 4790 2621 4860 oportet
2643 4785 2706 4842 in
2736 4786 3056 4842 domiciliis
3085 4787 3300 4844 divinis
3332 4789 3456 4846 sive
3485 4790 3667 4847 eccle-

199 4883 282 4937 tis
305 4887 427 4938 aut
446 4879 772 4936 missorum
794 4883 1138 4934 nostrorum
1157 4881 1401 4950 propter
1438 4876 1552 4933 hoc
1590 4877 1893 4946 exstiterit,
2004 4878 2107 4934 siis
2135 4893 2372 4950 agapen
2401 4877 2615 4946 facere,
2647 4879 2704 4932 et
2721 4875 2882 4932 intus
2903 4876 3292 4947 manducare,
3313 4879 3402 4936 vel
3431 4880 3669 4937 accubi-

199 4969 335 5024 sub
352 4967 482 5024 ﬁde
499 4966 840 5038 jussoribus
861 4966 938 5023 ad
954 4965 1244 5040 palatium
1264 4965 1462 5022 venire
1480 4965 1891 5039 compellatur.
2004 4970 2098 5023 tus
2125 4971 2407 5023 sternere.

238 5059 414 5114 Item
444 5057 521 5113 de
549 5056 751 5113 eadem
779 5071 862 5113 re.
883 5057 984 5113 Ex
1011 5057 1262 5113 concilio
1290 5055 1584 5113 Meldensi
1601 5071 1732 5126 cap.
1768 5061 1854 5113 62.
2010 5058 2084 5114 Ut
2113 5073 2282 5114 nemo
2303 5060 2632 5127 praesumat
2663 5055 2725 5111 in
2756 5054 3003 5112 ecclesia
3034 5055 3238 5113 vinum
3267 5059 3538 5117 vendere.
3567 5061 3668 5117 Ea:

286 5148 391 5202 [ιι.
432 5144 502 5202 Hi
529 5145 636 5218 qui
661 5161 735 5201 ex
762 5144 942 5201 rebus
972 5144 1382 5201 ecclesiasticis
1425 5159 1618 5201 nonas
1657 5149 1715 5201 et
1742 5145 1896 5202 deci-
2520 5143 2773 5201 concilio
2802 5144 3150 5200 Turonensi.

191 5250 362 5314 mas
397 5232 737 5308 persolvere
769 5237 825 5289 et
849 5237 1007 5290 sarta
1056 5237 1208 5290 tecta
1255 5232 1514 5289 ecclesiae
1563 5233 1896 5290 secundum
2079 5238 2255 5292 LVIII.
2293 5236 2632 5307 (Buncanu.
2656 5232 2761 5291 lib.
2795 5250 2876 5304 ιιι,
2914 5249 2964 5289 c.
2998 5233 3108 5305 84).
3147 5235 3448 5294 Perlatum
3474 5241 3562 5294 est
3591 5239 3671 5294 ad

188 5324 552 5400 antiquam
591 5322 998 5379 auctoritatem
1040 5327 1098 5378 et
1138 5321 1634 5379 consuetudinem
1677 5327 1898 5380 restau-
1997 5330 2281 5382 sanctam
2295 5322 2776 5396 synodumquod
2796 5323 3048 5396 quidam
3063 5324 3396 5397 presbyteri
3411 5327 3472 5382 in
3496 5326 3672 5383 eccle-

187 5429 364 5471 ται-ε
392 5411 639 5488 debent,
667 5417 723 5468 et
750 5412 864 5470 hoc
887 5427 1010 5468 non
1041 5411 1237 5469 solum
1266 5411 1594 5483 negligunt,
1611 5427 1822 5468 verum
1842 5418 1900 5470 et
2007 5413 2108 5468 siis
2132 5413 2243 5468 sibi
2259 5411 2597 5468 commissis
2623 5409 3107 5485 tabernas,quod
3139 5413 3310 5470 nefas
3336 5418 3444 5486 est,
3460 5415 3673 5492 consti_

287 5593 466 5664 (189)
507 5589 648 5647 Vide
677 5587 1089 5661 Theodulfum,
1113 5604 1245 5662 cap.
1279 5593 1310 5646 8
1336 5594 1392 5646 et
1420 5589 1777 5662 Ahytonem,
1811 5605 1944 5664 cap.
1976 5591 2066 5646 21.
2131 5649 2136 5656 ,

750 5680 991 5735 Puncta
1033 5677 1271 5734 CXXXII.
3213 5683 3245 5734 7
