4044 6196
385 164 491 217 203

1504 144 1878 207 REGINONIS
1900 140 2330 207 PIUMIENSIS
2368 147 2684 206 ‘ABBATIS'.

3713 147 3830 207 204

384 286 579 354 tuant,
636 293 834 353 neque
858 288 966 353 per
1007 290 1314 349 caupones
1365 276 1577 332 vinum
1622 274 1891 331 vendant
1950 277 2057 330 aut
2082 275 2133 327 Α
2160 274 2285 330 rius
2313 275 2737 348 paroechianus
2759 274 2821 330 in
2846 273 3098 330 ecclesia
3124 274 3219 341 sit,
3248 272 3354 346 qui
3384 274 3631 347 proprio
3678 286 3829 333 con-

386 372 648 431 vendere
678 369 1042 443 permittant,
1074 369 1132 421 et
1155 366 1260 421 ubi
1291 363 1714 423 tantummodo
1754 363 2053 420 orationes

388 468 447 520 et
473 460 729 518 verbum
753 457 1025 514 divinum
1049 455 1272 529 Deique
1296 455 1429 512 laus
1444 453 1722 512 debuerit
1749 462 2051 523 resonare,

388 550 474 607 ibi
502 546 963 606 comessationes
990 548 1050 601 et
1073 544 1393 602 ebrietates
1442 545 1610 615 iiant,
1661 543 1744 599 ibi
1794 543 1949 598 risus
1994 546 2055 598 et

389 640 641 713 plausus
666 640 730 692 et
756 634 944 691 verba
967 634 1184 707 turpia,
1228 634 1309 690 ibi
1362 634 1504 689 rixa:
1541 637 1600 689 et
1646 630 2053 689 contentiones

385 726 693 785 resultent.
722 723 899 790 Quod
918 736 1107 796 quam
1155 722 1228 779 sit
1255 726 1374 780 Deo
1418 721 1805 793 contrarium,
1854 721 2051 777 Domi-

381 832 497 873 nus
529 818 685 872 Deus
716 813 1123 881 demonstrat;
1155 812 1259 885 qui
1290 827 1430 868 cum
1454 810 1774 867 invenisset
1808 810 1871 865 in
1900 814 2049 865 tem-

382 906 487 979 plo
502 903 829 963 vendentes
856 908 914 958 et
932 905 1197 958 ementes
1215 906 1273 959 et
1292 899 1731 959 nummularios
1753 899 2047 966 sedentes,

384 994 545 1051 facto
570 992 837 1049 funiculo
866 992 941 1047 de
964 990 1275 1059 resticulis,
1306 1006 1517 1047 omnes
1565 989 1737 1060 ejecit
1780 989 1855 1044 de
1898 993 2039 1044 tem-

385 1084 507 1157 plo.
566 1081 624 1137 Si
680 1079 841 1137 enim
884 1095 958 1137 ea
998 1095 1153 1152 quae.
1182 1078 1334 1136 licite
1382 1078 1561 1135 vendi
1603 1078 1964 1133 videbantur
1989 1078 2049 1132 in

384 1171 634 1245 templo,
665 1174 724 1227 et
748 1169 829 1226 ad
857 1169 972 1225 hoc
1002 1169 1358 1226 emebantur
1382 1175 1447 1225 ut
1474 1169 1535 1223 in
1582 1167 1797 1224 eodem
1826 1166 2047 1238 templo

388 1264 741 1319 oiferrentur
770 1260 1043 1330 Domino,
1074 1259 1203 1332 ipse
1232 1260 1393 1316 foras
1428 1258 1618 1330 ejecit,
1672 1258 1821 1330 quid
1866 1260 2047 1329 putas

386 1353 462 1410 de
481 1356 607 1409 tam
636 1348 917 1424 pestifera
946 1350 1417 1423 praesumptione
1460 1354 1517 1404 et
1566 1348 1665 1404 Dei
1702 1350 2050 1419 contemptu

384 1442 488 1499 ﬁet
510 1442 539 1497 ι
570 1443 636 1497 Et
665 1440 715 1496 si
739 1455 863 1496 non
891 1439 1087 1495 solum
1121 1438 1679 1506 sacerdotibus,sed
1706 1438 1885 1492 etiam
1915 1451 2046 1490 om-

382 1531 566 1587 nibus
594 1528 819 1585 clericis
845 1528 1188 1601 praecipitur
1211 1544 1285 1583 ne
1302 1528 1584 1583 tabernas
1614 1525 2043 1595 ingrediantur,

2162 368 2387 437 tempto
2412 365 2761 438 presbytero
2789 363 2870 419 ibi
2900 363 3150 419 missam
3180 362 3319 419 velit
3336 363 3585 432 audire;
3638 376 3831 439 quem

2162 454 2210 509 si
2249 454 2602 523 invenerint,
2658 453 2858 510 statim
2914 453 2992 509 ab
3049 452 3298 509 ecclesia
3340 453 3600 525 ejiciant,
3640 456 3701 510 et
3743 455 3832 512 ad

2156 558 2334 600 suam
2361 544 2733 617 paroecbiam
2760 542 2952 598 redire
2978 534 3360 616 compellant.
3411 542 3691 600 Similiter
3735 544 3831 600 in-

2157 638 2461 704 terrogent
2501 634 2549 689 si
2598 633 2783 706 aliqui
2826 631 3242 688 discordantes
3291 632 3428 702 sint,
3450 633 3561 706 qui
3584 633 3735 689 inter
3756 652 3829 690 se

2156 722 2320 779 litem
2348 722 2792 796 implacabilem
2820 721 3103 777 habeant.
3136 722 3207 776 Et
3228 721 3277 776 si
3305 721 3531 777 inventi
3578 722 3827 789 fuerint,

2158 813 2357 869 statim
2402 811 2873 869 reconcilientur.
2936 811 3109 878 Quod
3174 810 3222 867 si
3268 811 3570 868 noluerint
3606 820 3829 884 pacem

2157 902 2477 976 suscipere,
2538 902 2616 958 ab
2673 901 2934 957 Ecclesia
2989 900 3301 972 ejiciantur
3340 914 3535 974 usque
3580 914 3702 975 quo
3738 903 3829 959 ad

2157 992 2503 1048 charitatem
2541 992 2807 1047 redeant.
2860 992 2986 1045 Non
3037 990 3196 1046 enim
3224 1006 3556 1064 possumus
3594 1006 3827 1048 munus

2154 1079 2247 1136 vel
2268 1081 2636 1137 oblationem
2682 1080 2759 1135 ad
2791 1080 2973 1137 altare
3004 1080 3215 1136 oiierre
3245 1080 3439 1136 donec
3464 1080 3632 1153 prius
3654 1080 3827 1138 fratri

2153 1169 2626 1225 reconciliemur.
2658 1168 2760 1224 His
2788 1168 2870 1224 ita
2897 1167 3180 1241 peractis,
3223 1167 3567 1225 sacerdotes
3608 1170 3825 1225 missa-

2153 1272 2289 1313 rum
2319 1257 2614 1314 solemnia
2637 1257 2744 1313 rite
2778 1262 3089 1329 peragant.

2276 1349 2424 1405 Item
2447 1360 2522 1405 ex
2542 1348 2743 1404 eodem
2775 1348 3045 1404 concilio.
3080 1348 3180 1404 Ea:
3208 1347 3686 1417 Capitulart‘bus.

2228 1436 2476 1509 (Concil.
2507 1439 2772 1494 Nannet.
2804 1454 2856 1494 c.
2886 1441 2917 1492 2
2943 1454 2956 1504 ;
2986 1436 3091 1493 lib.
3125 1454 3142 1492 ι
3188 1437 3532 1507 Capitular,
3577 1452 3628 1494 c.
3665 1440 3765 1493 153
3806 1456 3820 1507 ;

2156 1529 2470 1583 Buucusnn.
2503 1528 2605 1583 lib.
2637 1543 2697 1595 ll,
2722 1544 2772 1583 c.
2801 1528 2912 1597 9i).
2948 1526 3021 1582 Ut
3064 1527 3265 1582 nullus
3314 1526 3627 1600 presbyter
3677 1527 3831 1584 alte-

386 1618 493 1691 qui
521 1616 728 1674 audire
755 1619 952 1689 potest
974 1619 1041 1671 ut
1080 1614 1341 1671 ecclesiae
1394 1614 1495 1670 Dei
1542 1613 1805 1670 tabernae
1854 1612 2003 1668 fiant
2021 1614 2050 1668 ‘l
2072 1636 2115 1693 Β
2152 1616 2275 1671 rius
2303 1616 2780 1688 parcechianum,
2812 1613 2928 1671 nisi
2956 1614 3017 1671 in
3044 1614 3252 1671 itinere
3288 1614 3487 1687 fuerit,
3518 1616 3613 1672 vel
3637 1616 3824 1690 placi-

388 1711 597 1779 Itaque
623 1704 919 1761 interdicit
945 1719 1052 1776 per
1074 1704 1282 1760 omnia
1309 1703 1582 1776 synodus
1605 1717 1682 1758 ne
1712 1703 1826 1758 hoc
1851 1702 2047 1775 impo-

389 1801 616 1854 sterum
638 1794 980 1852 nullotenus
1005 1794 1131 1850 ﬁat.
1156 1793 1333 1859 Quod
1362 1792 1415 1849 si
1442 1793 1666 1849 factum
1692 1792 1885 1860 fuerit,
1912 1807 2047 1865 pre-

390 1886 597 1958 sbyter
651 1884 987 1957 deponatur
1020 1900 1033 1951 ;
1083 1882 1262 1953 laici,
1310 1882 1737 1938 communione
1783 1880 2000 1954 privati
2032 1924 2045 1949 ,

389 1974 470 2032 ab
526 1972 795 2042 ecclesia,
851 1986 1036 2044 quam
1093 1970 1660 2042 dehonestaverunt,
1741 1968 2048 2042 expellan-

388 2062 677 2132 tur(i90).

388 2188 399 2195 ξ
930 2151 1041 2222 53
1083 2150 1170 2205 De
1196 2150 1399 2207 eadem
1430 2165 1513 2205 re.

464 2243 569 2295 LIX
608 2242 950 2307 (BURCHARD.
1006 2238 1108 2293 lib.
1141 2254 1222 2308 ιιι,
1267 2255 1317 2293 c.
1360 2239 1472 2307 85).
1525 2241 1752 2293 Interea
1790 2246 1915 2291 non
1960 2240 2053 2291 est

389 2330 590 2387 leviter
618 2328 1035 2401 accipiendum
1064 2329 1229 2401 quod
1276 2329 1564 2385 Dominus
1610 2328 1752 2384 dicit
1783 2345 1794 2382 :
1828 2329 2050 2383 Domus

389 2434 522 2477 mea
549 2419 756 2474 dorum
784 2418 1076 2474 orationis
1109 2423 1194 2473 est
1224 2418 1366 2487 (Isa.
1401 2418 1573 2486 Lvm).
1627 2415 1684 2472 Si
1733 2415 1893 2473 enim
1939 2414 2049 2469 do-

390 2524 529 2565 mus
558 2506 660 2563 Dei
683 2506 968 2563 orationis
992 2506 1213 2562 domus
1242 2509 1510 2575 vocatur,
1543 2506 1659 2561 hoc
1700 2504 1880 2560 debet
1920 2516 2051 2559 esse

390 2598 557 2671 quod
581 2596 813 2663 dicitur,
845 2612 955 2652 nec
984 2596 1065 2651 ibi
1096 2595 1260 2652 aliud
1284 2596 1463 2652 debet
1488 2595 1617 2663 geri
1639 2599 1745 2651 aut
1778 2592 2047 2652 recondi.

392 2686 501 2742 Ubi
523 2685 687 2742 enim
717 2698 937 2757 corpus
963 2680 1201 2740 Domini
1226 2686 1630 2753 consecratur,
1670 2682 1776 2738 ubi
1805 2681 2049 2750 angelo-

387 2792 525 2832 rum
550 2774 869 2848 prassentia
894 2788 1019 2829 non
1040 2772 1350 2828 dubitatur
1377 2772 1612 2838 adesse,
1654 2771 1757 2826 ubi
1811 2775 2049 2826 sancto-

390 2881 527 2921 rum
550 2864 817 2935 reliquiae
845 2861 1166 2918 reconditae
1194 2866 1578 2931 venerantur,
1610 2874 1685 2915 ne
1713 2859 1861 2932 quid
1883 2859 2051 2915 inho-

386 2957 626 3009 nestum
643 2954 932 3024 appareat
944 2950 1111 3022 quod
1127 2950 1333 3006 oculos
1358 2950 1435 3006 ad
1452 2950 1788 3009 orationem
1808 2948 2049 3005 venien-

386 3042 538 3098 tium
561 3036 850 3110 offendat,
862 3054 938 3096 ne
967 3039 1115 3112 quid
1128 3039 1211 3095 ibi
1236 3040 1508 3118 videatur
1526 3039 1693 3113 quod
1716 3039 1795 3095 ad
1816 3039 2052 3095 lucrum

388 3129 714 3204 temporale
770 3128 1098 3203 pertineat;
1154 3130 1261 3186 sed
1314 3128 1521 3185 omnia
1570 3132 1803 3198 sancta,
1846 3127 2054 3185 omnia

385 3220 638 3288 munda,
670 3222 728 3276 et
752 3218 1173 3276 tantummodo
1203 3219 1282 3277 ad
1301 3219 1764 3276 ecclesiasticum
1786 3218 2051 3275 ministe-

384 3310 544 3367 rium
573 3308 949 3382 pertinentia.

392 3401 462 3458 Ut
491 3400 721 3457 altaria
748 3397 1153 3455 mundissimis
1183 3399 1379 3456 linteis
1409 3399 1833 3468 cooperiantur
1851 3410 1874 3469 ;
1899 3404 1954 3454 et
1984 3402 2052 3452 ut

457 3488 798 3559 presbyteri
808 3488 1054 3558 feminis
1075 3487 1401 3557 praedicent
1433 3491 1497 3543 ut
1525 3488 1878 3544 linteamina
1908 3487 2051 3543 dent

459 3578 619 3634 unde
633 3577 832 3634 altare
842 3578 1152 3634 vestiatur.
1166 3577 1268 3633 Ea:
1282 3576 1535 3633 concilio
1552 3576 1864 3632 Rhemensi
1878 3580 2050 3645 αιρὸ

458 3664 566 3721 LX.
606 3665 949 3737 (Βυιιειιλιιι).
982 3663 1085 3721 lib.
1120 3668 1202 3735 iii,
1230 3678 1281 3720 ιι.
1314 3667 1428 3732 97).
1477 3662 1937 3720 Observandum
1964 3666 2052 3719 est

387 3758 454 3812 ut
480 3768 692 3810 mensa
719 3753 949 3821 Christi,
976 3752 1039 3809 id
1068 3755 1179 3823 est,
1207 3752 1411 3821 altare,
1442 3750 1549 3808 ubi
1585 3766 1806 3825 corpus
1850 3751 2050 3809 Domi-

384 3842 592 3899 nicum
622 3846 1024 3910 consecratur,
1047 3840 1153 3897 ubi
1181 3841 1427 3913 sanguis
1455 3842 1585 3912 ejus
1613 3840 1906 3909 hauritur,
1946 3839 2053 3896 ubi

388 3935 737 3987 sanctorum
783 3930 1049 4002 reliquias
1096 3928 1528 3998 reconduntur,
1579 3929 1684 3985 ubi
1732 3944 1944 4001 preces
1994 3933 2053 3986 et

384 4022 525 4075 vota
549 4017 761 4091 populi
782 4017 846 4074 in
872 4020 1200 4090 conspectu
1245 4018 1348 4074 Dei
1374 4033 1412 4074 θ,
1440 4017 1748 4074 sacerdote
1787 4017 2051 4074 offerun-

385 4110 501 4175 tur,
531 4122 672 4163 cum
701 4106 869 4163 omni
896 4105 1279 4164 veneratione
1302 4104 1649 4175 honoratur,
1689 4110 1747 4163 et
1775 4107 2051 4163 mundis-

388 4195 555 4252 simis
581 4195 776 4253 linteis
806 4198 863 4252 et
902 4195 1100 4269 palliis
1140 4195 1595 4267 diligentissime
1649 4195 2049 4270 cooperiatur,

384 4284 652 4359 nihilque
682 4299 864 4359 super
890 4301 962 4341 eo
991 4288 1255 4358 ponatur
1279 4285 1395 4341 nisi
1420 4300 1622 4359 capsae
1644 4300 1785 4341 eum
1812 4289 2051 4342 sancto-

2152 1708 2282 1760 tum
2306 1704 2388 1760 ibi
2416 1704 2713 1773 habuerit,
2744 1704 2822 1761 ad
2852 1703 3106 1760 missam
3136 1704 3404 1778 recipiat.

2402 1790 2490 1851 De
2514 1794 2912 1850 oblationibus
2938 1792 3208 1862 ﬁdelium
3237 1794 3320 1850 ad
3349 1794 3565 1850 altare.

2226 1886 2379 1939 LXII.
2412 1883 2469 1939 Si
2500 1880 2729 1955 aliquid
2759 1881 2964 1938 fideles
2995 1880 3075 1938 ad
3104 1881 3288 1940 altare
3319 1882 3598 1950 offerunt,
3639 1896 3677 1939 a
3706 1882 3825 1939 mi-

2154 1972 2340 2028 nistro
2369 1977 2674 2044 receptum
2706 1975 2843 2046 post
2872 1971 3058 2029 altare
3084 1977 3367 2045 ponatur.

2160 2062 2273 2134 55
2309 2063 2377 2119 Ut
2408 2062 2563 2117 nihil
2592 2063 2768 2118 aliud
2793 2063 2857 2117 in
2908 2063 3202 2131 sacriﬁcio
3252 2063 3489 2118 Domini
3520 2054 3828 2132 inferatur

2223 2154 2447 2219 praeter
2472 2149 2537 2204 id
2566 2150 2724 2221 quod
2751 2151 3043 2205 Dominus
3070 2152 3308 2206 statuit.
3365 2150 3465 2207 E2:
3494 2151 3826 2207 canonibus

2226 2238 2653 2307 apostolorum,
2682 2240 2774 2294 tit.
2799 2242 2851 2293 3.

2230 2327 2407 2383 LXIII.
2451 2326 2507 2384 Si
2557 2327 2692 2399 quis
2745 2326 3064 2405 episcopus
3112 2330 3217 2384 aut
3256 2327 3572 2401 presbyter
3608 2332 3828 2401 prater

2154 2415 2600 2472 ordinationem
2634 2415 2870 2472 Domini
2918 2415 3035 2472 alia
3085 2417 3368 2490 quaedam
3420 2417 3481 2473 in
3522 2416 3825 2474 sacriﬁcio

2158 2504 2368 2562 offerat
2398 2522 2576 2579 super
2606 2505 2809 2575 altare,
2843 2505 2905 2561 id
2936 2511 3044 2568 est.
3078 2512 3181 2563 aut
3215 2508 3353 2576 me],
3413 2513 3517 2564 aut
3556 2507 3671 2575 lac,
3717 2512 3827 2563 aut

2158 2610 2268 2667 pro
2292 2594 2429 2650 vino
2456 2594 2726 2663 siceram,
2761 2598 2866 2651 aut
2894 2595 3164 2652 contecta
3190 2595 3496 2669 quaedam,
3527 2601 3631 2653 aut
3660 2596 3826 2652 vola-

2160 2683 2413 2755 tilla,aut
2439 2681 2725 2739 animalia
2756 2684 3089 2757 aliqua,aut
3106 2684 3435 2756 lcgumina,
3454 2689 3662 2743 contra
3678 2702 3827 2742 con-

2158 2772 2526 2827 stitutionem
2553 2772 2785 2827 Domini
2826 2772 3077 2840 faciens,
3126 2772 3466 2847 deponatur
3493 2773 3568 2831 de
3594 2775 3814 2846 gradu.

2161 2863 2305 2929 Quae
2332 2862 2550 2930 species
2581 2862 2661 2918 ad
2685 2862 2901 2931 altare,
2928 2874 3051 2919 non
3080 2864 3163 2920 ad
3189 2864 3574 2933 sacriﬁcium,
3608 2866 3713 2921 sed
3742 2866 3830 2921 ad

2233 2952 2689 3008 benedictionem
2719 2954 3045 3022 simplicem
3076 2954 3287 3011 debent
3315 2955 3542 3025 emensi.
3599 2954 3700 3011 Ea:
3726 2971 3831 3012 ca-

2228 3043 2485 3098 nonibus
2508 3044 2936 3111 apostolorum,
2966 3043 3060 3099 tit.
3098 3047 3152 3099 Ii.

2232 3132 2405 3187 LXIV.
2449 3130 2786 3201 (BURCBAIID.
2820 3130 2920 3187 lib.
2952 3148 3031 3199 vr,
3059 3147 3112 3188 c.
3142 3132 3218 3203 8).
3250 3131 3459 3189 Oii‘erri
3498 3148 3623 3189 non
3650 3131 3834 3191 liceat

2159 3219 2386 3293 aliquid
2410 3219 2490 3277 ad
2519 3218 2703 3277 altare
2731 3223 2947 3293 praeter
2990 3234 3179 3278 novas
3228 3221 3427 3295 spicas
3475 3225 3532 3279 et
3577 3238 3731 3280 uvas
3775 3229 3835 3282 et

2158 3309 2358 3365 oleum
2389 3312 2445 3365 et
2470 3308 2824 3381 thymiama,
2852 3310 2912 3365 id
2941 3315 3031 3367 est
3050 3310 3387 3380 incensum,
3412 3316 3681 3385 tempore
3700 3328 3832 3387 quo

2159 3402 2367 3454 sancta
2395 3397 2728 3454 celebratur
2750 3398 2995 3456 oblatio.

2164 3489 2237 3545 Ut
2282 3501 2352 3544 ea
2395 3503 2531 3559 quae
2574 3490 2639 3544 in
2695 3490 2956 3546 ecclesiis
2999 3491 3211 3561 offerri
3252 3498 3372 3546 non
3417 3496 3695 3560 possunt,
3750 3494 3835 3549 ad

2228 3577 2429 3633 dovnos
2458 3578 2833 3635 sacerdotum
2879 3594 2915 3635 a
2958 3572 3235 3649 ﬁdelibus
3284 3579 3664 3649 deferantur.
3717 3578 3831 3638 Ub:

2226 3680 2436 3736 supra,
2465 3668 2554 3722 tit.
2581 3671 2632 3722 ὅ.

2230 3756 2377 3811 LXV.
2407 3754 2654 3827 Reliqua
2681 3770 2867 3828 poma
2899 3756 3104 3813 omnia
3145 3755 3237 3814 vel
3281 3754 3559 3830 primitiae
3606 3757 3688 3816 ad
3716 3758 3833 3817 do—

2157 3858 2329 3900 mum
2354 3842 2621 3917 episcopi
2660 3848 2717 3901 et
2742 3844 3078 3919 presbyteri
3121 3844 3475 3917 dirigantur,
3524 3863 3637 3904 nec
3683 3844 3834 3905 οὔε-

2154 3937 2366 3991 rantur
2387 3933 2450 3990 in
2481 3933 2669 3991 altari.
2698 3937 2935 3992 Certum
2958 3938 3047 3991 est
3076 3938 3277 3992 autem
3316 3935 3482 4011 quod
3518 3934 3831 4013 episcopis

2158 4028 2216 4080 et
2241 4023 2607 4097 presbyteris
2636 4028 2693 4082 et
2715 4024 2987 4081 diaconis
3024 4027 3086 4081 et
3123 4023 3367 4099 reliquis
3412 4025 3639 4084 clericis
3682 4028 3833 4085 divi-

2158 4111 2400 4169 dantur.

2161 4202 2321 4270 οιήὰ
2345 4204 2409 4259 in
2438 4203 2737 4274 sacriﬁcio
2759 4202 3004 4261 Domini
3028 4202 3243 4274 offerri
3269 4203 3496 4262 debeat.
3547 4204 3652 4264 Ex
3691 4223 3831 4265 con-

2535 4293 2673 4349 cilio
2716 4282 3164 4362 Wormaciensi,
3195 4306 3329 4364 cap.
3360 4294 3447 4350 29.

383 4336 854 4449 melius;
885 4336 955 4432 ἐξ
986 4336 1249 4448 ξιῌῶἇὲ
1276 4336 1621 4446 ganges;
1646 4336 2054 4449 aaaag.
2077 4336 2123 4406 Ῐ)
2232 4382 2409 4437 mm.
2440 4336 2697 4453 (σᾶτὲὲῖι.
2732 4336 3164 4455 ’ὲῖάὲῖἕῗὶὲῗ
3181 4336 3336 4451 ἑξῖξ
3362 4336 3592 4440 ἴδηαι.
3653 4382 3831 4441 Wor-

385 4480 477 4533 sa,
518 4464 672 4522 calix
701 4468 761 4521 et
779 4468 1297 4521 sacramentorum
1325 4464 1474 4522 ﬁber
1504 4480 1644 4522 eum
1673 4465 1941 4522 vestibus
1962 4480 2053 4522 sa-

382 4552 787 4611 cerdotalibus
816 4553 877 4610 in
908 4552 1139 4609 mundo
1167 4552 1301 4609 loco
1327 4552 1442 4610 sub
1467 4568 1603 4610 sera
1619 4553 2046 4612 recondantur.

386 4643 503 4717 56.
532 4645 620 4700 De
651 4644 849 4700 linteis
874 4643 1165 4707 altarium
1182 4643 1729 4714 praeparandisﬂz
1746 4643 2053 4714 Capitula-

1126 4733 1313 4790 ribus.

456 4823 604 4892 (Lib.
639 4838 653 4877 ι
687 4822 1028 4891 Capitular.
1058 4836 1110 4877 c.
1147 4823 1290 4893 452).
1324 4821 1655 4894 Presbyteri
1701 4834 1811 4896 per
1851 4838 2048 4897 parce-

382 4907 550 4965 chias
577 4926 718 4966 suas
748 4910 982 4967 feminis
1011 4911 1337 4985 praedicent
1362 4915 1430 4967 ut
1455 4911 1805 4969 linteamina
1824 4913 1883 4969 in
1906 4913 2049 4970 alta-

383 4998 473 5054 ria
494 5004 850 5071 praeparent.

389 5086 463 5143 Ut
486 5089 694 5144 nullus
718 5090 1034 5160 piesbyter
1052 5090 1305 5147 alterius
1317 5088 1779 5177 pawn-Manum
1801 5092 1884 5148 ad
1912 5092 2048 5148 mz‘s-
2096 5172 2103 5177 θ

429 5191 557 5233 sam
589 5179 857 5248 recipiat.
873 5176 975 5235 Ea:
1002 5178 1256 5236 concilio
1279 5172 1655 5235 Nannetensi
1682 5196 1995 5237 ccccxvnu.

454 5267 1301 5338 Lx-I.(Condl.Nannet.-c.i;
1360 5269 1677 5323 Buacunn.
1728 5268 1831 5324 lib.
1882 5285 1942 5341 ιι,
1989 5286 2039 5327 c.

378 5356 488 5426 92).
525 5358 592 5412 Ut
621 5357 946 5413 Dominicis
972 5356 1064 5412 vel
1093 5355 1258 5412 fastis
1286 5355 1502 5412 diebus
1516 5355 1867 5431 presbyteri,
1884 5363 2046 5416 ante-

266 5436 269 5443 ’
377 5460 563 5518 quam
596 5446 815 5503 missas
847 5446 1147 5503 celebrent
1172 5444 1413 5517 plebem
1442 5446 1807 5518 interrogent
1826 5449 1872 5503 si
1905 5450 2044 5506 aite-

2158 4475 2302 4527 ‘mat.
2362 4485 2412 4527 c.
2471 4473 2548 4539 λὶς
2612 4470 2932 4527 Βωιριιλιιι).
2990 4469 3095 4528 lib.
3130 4484 3191 4541 γ,
3243 4488 3294 4527 c.
3354 4471 3431 4542 2).
3488 4474 3551 4528 in
3608 4470 3837 4531 eucha-

2156 4558 2321 4616 ristia
2365 4570 2489 4614 non
2540 4557 2723 4616 debet
2769 4570 2931 4633 aqua
2976 4572 3132 4633 pura
3184 4558 3403 4630 offerri,
3453 4561 3520 4616 ut
3570 4560 3836 4633 quidam

2159 4647 2494 4705 sobrietatis
2549 4663 2734 4704 causa
2784 4646 3087 4721 falluntur,
3146 4647 3260 4722 εδ
3304 4648 3411 4704 sed
3444 4647 3652 4704 vinum
3683 4665 3836 4708 cum

2158 4752 2320 4810 aqua
2373 4737 2643 4807 mistum,
2701 4738 2845 4810 quia
2901 4741 2958 4794 et
3011 4737 3221 4794 vinum
3277 4737 3339 4819 in
3392 4732 3837 4812 redemptionis

2154 4829 2377 4883 nostras
2424 4826 2711 4899 mysterio
2758 4826 2869 4883 fuit
2935 4838 3075 4883 cum
3146 4824 3308 4883 dicat
3351 4841 3366 4881 :
3415 4826 3564 4882 Non
3622 4826 3836 4886 bibam

2154 4916 2230 4971 de
2251 4915 2361 4971 hoc
2389 4918 2685 4986 gemmine
2713 4917 2850 4973 vitis
2878 4914 3119 4985 (Matth.
3152 4917 3354 4985 xm);
3396 4918 3453 4972 et
3481 4928 3645 4989 aqua
3673 4918 3837 4974 mis-

2155 5006 2304 5072 tum,
2336 5004 2504 5077 quod
2549 5008 2685 5078 post
2713 5020 2950 5062 ccenam
2991 5004 3196 5062 dabat.
3255 5004 3370 5063 Sed
3421 5004 3478 5061 et
3515 5004 3592 5060 de
3640 5002 3839 5063 latere

2154 5093 2284 5163 ejus
2315 5108 2476 5166 aqua
2501 5108 2641 5150 cum
2671 5094 2964 5166 sanguine
2994 5109 3254 5165 egressa,
3295 5093 3507 5151 vinum
3552 5093 3631 5149 de
3680 5109 3845 5153 vera

2153 5184 2351 5240 carnis
2374 5184 2507 5255 ejus
2540 5183 2652 5242 vite
2682 5200 2820 5241 cum
2851 5200 3012 5257 aqua
3037 5200 3316 5258 expresse
3345 5182 3624 5241 ostendit.
3673 5186 3839 5242 Cum

2152 5272 2333 5344 igitur
2361 5275 2648 5345 magister
2671 5274 2935 5331 veritatis
2963 5289 3171 5331 verum
3216 5272 3421 5331 salutis
3463 5274 3690 5330 nostra
3738 5286 3845 5331 sa-

2154 5362 2448 5419 crificium
2503 5363 2955 5420 commendaret
3020 5363 3146 5419 suis
3212 5361 3545 5435 discipulis,
3597 5374 3845 5437 panem

2151 5453 2386 5507 tantum
2416 5455 2474 5507 et
2504 5452 2750 5508 calicem
2778 5450 2895 5507 sub
2918 5451 3033 5508 hoc
3071 5455 3450 5509 sacramento
3493 5450 3845 5524 praebuisse

454 5621 603 5693 (190)
649 5622 787 5677 Vide
822 5619 1158 5694 Capitulare
1185 5618 1398 5676 Riculﬁ
1430 5623 1890 5698 Suessionensis,
1920 5642 2054 5699 cap.
2089 5630 2174 5684 i3.
