4044 6196
292 200 399 255 205

1235 202 1325 254 DE
1364 196 1643 255 ECCLES.
1680 191 1971 250 DISCIPL.
2016 188 2192 249 LIBRI
2232 192 2395 252 DUO.
2440 229 2507 236 -—
2547 198 2678 253 LIB.
2720 202 2761 253 l.

3594 204 3709 259 106

296 320 735 393 cognoscimus.
786 320 1046 396 Ideoque
1104 326 1320 396 praeter
1364 338 1588 396 panem
1635 322 1691 376 et
1739 316 1950 373 vinum
1978 314 2022 369 Α
2060 321 2147 373 ter
2177 316 2398 376 habeat
2426 310 2736 394 pyxidem,
2769 324 2874 377 aut
2899 336 3005 378 vas
3034 325 3198 380 tanto
3223 326 3604 382 sacramento
3633 326 3719 382 di-

296 428 430 467 cum
462 427 620 484 aqua
649 410 897 467 mistum
949 409 1114 467 aliud
1157 409 1355 467 oﬂ'erri
1394 428 1517 468 non
1559 408 1754 466 debet.
1786 406 1947 463 Calix

295 499 451 555 enim
483 496 827 555 Dominicus
856 497 1000 556 vino
1030 502 1088 556 et
1116 517 1278 573 aqua
1306 499 1623 573 permistus
1654 494 1830 553 debet
1857 494 1948 551 of-

292 587 425 645 ferri
452 608 463 657 ;
496 588 642 661 quia
666 588 945 645 videmus
992 588 1047 644 in
1083 604 1243 664 aqua
1272 590 1567 663 populum
1590 585 1854 657 intelligi,
1888 585 1949 641 in

293 677 431 732 vino
458 694 597 733 vero
628 676 863 734 ostendi
887 678 1243 749 sanguinem
1271 678 1499 735 Christi.
1528 679 1677 748 Ergo
1702 672 1951 749 quando

291 765 349 821 in
377 764 559 823 calice
592 765 731 822 vino
758 783 918 839 aqua
942 766 1239 833 miscetur,
1266 765 1495 824 Christo
1520 765 1780 841 populus
1798 763 1948 820 adu-

249 842 263 850 ’
293 860 489 925 natur,
520 863 577 913 et
604 858 969 914 credentium
996 858 1167 932 plebs
1197 859 1249 915 ei
1278 859 1337 915 in
1369 876 1552 933 quem
1577 856 1827 916 credidit
1856 873 1954 912 eo-

292 946 536 1019 pulatur
578 950 633 1004 et
653 946 960 1019 jungitur:
994 964 1128 1021 qua:
1176 948 1478 1022 copulatio
1508 952 1564 1006 et
1607 944 1951 1020 conjunctio

293 1051 455 1107 aqua
505 1038 561 1092 et
596 1034 729 1091 vino
783 1035 864 1092 sic
910 1036 1191 1093 miscetur
1243 1035 1305 1093 in
1360 1035 1545 1093 calice
1589 1035 1844 1103 Domini,
1890 1039 1955 1090 ut

293 1124 629 1182 commistio
661 1122 763 1182 illa
791 1142 914 1182 non
944 1126 1139 1200 possit
1166 1124 1452 1199 separari.
1489 1130 1641 1183 Nam
1671 1126 1720 1181 si
1751 1126 1955 1181 vinum

292 1216 526 1270 tantum
555 1212 689 1287 quis
720 1213 950 1281 offerat,
979 1214 1227 1284 sanguis
1252 1213 1465 1272 Christi
1490 1213 1697 1287 incipit
1725 1229 1855 1270 esse
1882 1211 1957 1268 si-

294 1319 370 1358 ne
396 1301 592 1359 nobis.
629 1301 686 1359 Si
716 1320 858 1358 vero
889 1319 1050 1375 aqua
1076 1302 1147 1358 sit
1179 1302 1324 1369 sola,
1352 1302 1526 1377 plebs
1578 1302 1785 1377 incipit
1825 1319 1956 1358 esse

298 1390 427 1446 sine
456 1390 708 1447 Christo.
744 1395 869 1447 Non
914 1395 1107 1465 potest
1150 1390 1307 1448 enim
1352 1393 1505 1449 calix
1552 1392 1782 1451 Demini
1826 1409 1955 1447 esse

300 1496 465 1551 aqua
494 1480 639 1548 sola,
671 1486 774 1536 aut
820 1479 1023 1537 vinum
1073 1480 1290 1549 solum,
1331 1481 1442 1537 nisi
1489 1486 1809 1556 utrumque
1841 1479 1951 1537 sibi

244 1578 247 1581 '
300 1568 638 1624 misceatur.

2062 422 2271 480 gnum,
2306 408 2409 463 ubi
2440 426 2661 483 corpus
2691 408 3067 467 Dominicum
3094 410 3402 483 diligenter
3429 415 3719 471 reconda-

2060 500 2155 552 tur
2181 496 2256 553 ad
2286 498 2565 555 viaticum
2598 498 3015 555 recedentibus
3045 517 3081 557 a
3111 501 3345 559 saeculo.
3366 505 3507 569 Quae
3542 519 3718 560 sacra

2060 584 2285 643 oblatio
2313 587 2557 644 intincta
2608 587 2785 645 debet
2815 605 2945 645 esse
2975 588 3036 645 in
3069 589 3359 663 sanguine
3389 591 3619 661 Christi,
3654 597 3719 649 ut

2062 677 2347 732 veraciter
2370 677 2681 750 presbyter
2707 678 2896 751 possit
2933 676 3130 735 dicere
3160 679 3400 736 inﬁrmo
3427 696 3440 735 :
3488 682 3716 752 Corpus

2060 772 2115 824 et
2140 768 2386 839 sanguis
2405 768 2644 823 Domini
2658 770 2938 838 proﬁciat
2971 769 3100 835 tibi,
3123 772 3234 826 etc.
3263 768 3427 841 (181).
3455 771 3721 844 Semper-

2058 874 2176 932 que
2202 857 2275 913 sit
2318 872 2499 929 super
2536 856 2719 914 altare
2749 857 3135 916 observatum
3166 864 3413 933 propter
3441 876 3643 916 mures
3668 866 3723 917 et

2059 945 2320 1001 nefarios
2348 943 2663 1014 homines;
2720 950 2775 1002 et
2831 947 2904 1004 de
2945 947 3110 1005 tertio
3158 948 3218 1004 in
3268 948 3506 1006 tertium
3559 948 3721 1005 diem

2062 1050 2299 1107 semper
2326 1038 2609 1103 mutetur,
2639 1034 2702 1091 id
2731 1038 2836 1104 est,
2855 1035 2954 1093 illa
2983 1053 3019 1092 a
3048 1036 3403 1111 presbytero
3424 1041 3718 1106 sumatur,

2063 1126 2119 1177 et
2147 1122 2262 1179 alia
2283 1140 2418 1196 quae
2448 1124 2661 1181 eodem
2687 1125 2782 1182 die
2808 1131 3154 1183 consecrata
3182 1126 3270 1183 est
3299 1127 3360 1182 in
3391 1125 3592 1184 locum
3625 1143 3719 1183 su-

2063 1209 2369 1283 brogetur,
2399 1230 2473 1269 ne
2500 1213 2646 1270 forte
2675 1213 2898 1272 diutius
2927 1220 3230 1273 reservata
3257 1216 3519 1286 mucida,
3552 1217 3719 1291 quod

2064 1298 2243 1371 absit,
2283 1299 2404 1358 ﬁat.

2064 1390 2148 1445 De
2174 1388 2409 1458 oblatis,
2443 1396 2506 1445 ut
2536 1391 2613 1448 de
2635 1391 2880 1449 sabbato
2906 1393 2969 1448 in
2998 1392 3313 1449 sabbatum
3341 1393 3719 1449 innoventur.

2716 1482 2819 1537 Ex
2847 1483 3067 1538 eodem.

2134 1567 2304 1621 LXXI.
2359 1567 2700 1636 (BI‘RCHARD.
2735 1568 2837 1626 lib.
2869 1584 2925 1625 v.
2967 1586 3016 1624 c.
3058 1568 3164 1641 l2.)
3196 1568 3340 1626 Illud
3385 1571 3569 1628 etiam
3614 1571 3721 1628 ad-

321 1658 407 1714 De
431 1658 618 1714 calice
639 1660 897 1715 Domini.
930 1656 1029 1715 Ex
1052 1661 1299 1716 consilio
1333 1661 1643 1719 Rhemensi
1662 1662 1838 1718 titulo
1866 1664 1917 1717 8.
1980 1664 2019 1720 Β
2058 1653 2421 1710 ﬂectendum
2451 1655 2704 1727 Videtur,
2730 1659 2794 1714 ut
2818 1655 3151 1714 Oblaliones
3178 1674 3314 1731 qua:
3340 1657 3402 1714 in
3434 1659 3599 1717 altari
3627 1660 3717 1716 0f-

365 1745 559 1802 LXVII.
608 1748 952 1816 (BIIRCHARD.
1001 1747 1102 1805 lib.
1141 1767 1225 1820 ιιι,
1276 1767 1325 1807 c.
1382 1756 1472 1823 96,
1505 1757 1561 1809 et
1608 1752 1742 1808 dist.
1783 1752 1829 1819 I,
1862 1752 1950 1807 De

291 1843 619 1892 consecrat.
648 1853 700 1892 c.
734 1839 849 1909 45.)
884 1840 946 1894 Ut
973 1836 1122 1894 calix
1173 1839 1410 1896 Domini
1456 1858 1595 1897 cum
1626 1845 1867 1914 patena,
1899 1841 1946 1896 si

289 1940 412 1981 non
443 1941 516 1980 ex
546 1942 714 1994 auro,
744 1927 1110 1983 omnimodis
1160 1946 1233 1984 ex
1280 1935 1528 2000 argento
1580 1931 1699 1987 fiat.
1748 1933 1946 2002 Neque

289 2020 611 2071 causentur
656 2016 1010 2089 presbyteri,
1044 2017 1295 2074 avaritia
1340 2018 1645 2087 suadente,
1677 2019 1751 2076 de
1800 2036 1946 2092 pau-

287 2107 514 2174 pertate
538 2104 633 2160 vel
660 2104 1155 2178 impossibilitate,
1174 2123 1313 2163 cum
1346 2124 1467 2165 una
1489 2124 1632 2181 pars
1658 2126 1731 2165 ex
1755 2108 1947 2164 omni-

288 2191 405 2247 bus
435 2209 571 2266 quaa
600 2188 678 2250 ad
705 2193 1015 2251 ecclesiam
1040 2196 1339 2268 pertinent
1372 2197 1478 2269 57
1513 2198 1575 2253 in
1598 2197 1840 2254 fabricis
1863 2198 1950 2272 ip-

292 2280 413 2336 sius
468 2280 728 2339 ecclesiae
774 2282 847 2339 sit
884 2282 1313 2358 impendenda.
1369 2286 1801 2343 Admonendus
1862 2291 1950 2342 est

291 2362 471 2426 etiam
500 2371 764 2444 populus
794 2376 861 2427 ut
893 2370 1121 2444 aliquid
1156 2372 1219 2428 in
1243 2372 1509 2430 donariis
1538 2372 1776 2430 Domini
1805 2374 1949 2429 offe-

291 2464 403 2525 rat,
433 2457 585 2516 sicut
611 2460 739 2532 ipse
769 2458 1051 2533 antiquus
1094 2460 1358 2533 populus
1388 2461 1500 2517 sub
1531 2464 1728 2535 Moyse
1772 2461 1836 2518 in
1864 2466 1951 2518 ta-

288 2546 624 2604 bernaculo
669 2547 903 2604 Domini
956 2548 1162 2604 fecisse
1206 2547 1437 2618 legitur.
1472 2549 1529 2607 Si
1569 2549 1707 2623 quis
1753 2556 1953 2608 autem

292 2641 424 2691 tam
454 2636 877 2709 pauperrimus
924 2642 1031 2706 est,
1062 2637 1258 2694 saltim
1304 2636 1398 2696 vel
1450 2645 1769 2697 stanneum
1819 2639 1956 2697 cali-

291 2743 427 2783 cem
456 2726 695 2784 habeat.
730 2730 809 2783 De
838 2743 953 2784 mre
985 2732 1186 2786 autem
1214 2733 1317 2785 aut
1347 2746 1419 2785 ex
1447 2731 1788 2788 aurichalco
1829 2747 1953 2787 non

291 2815 399 2871 ﬁat
440 2812 629 2884 calix;
680 2815 823 2890 quia
852 2816 932 2874 ob
960 2816 1082 2873 vini
1112 2818 1387 2875 virtutem
1418 2819 1745 2892 aeruginem
1773 2820 1951 2894 parit,

292 2921 429 2977 quae
465 2902 758 2961 vomitum
808 2910 1111 2978 provocat.
1146 2906 1349 2963 Nullus
1399 2913 1601 2965 autem
1656 2910 1715 2965 in
1753 2909 1953 2980 ligneo

296 2988 478 3048 calice
503 3008 647 3065 prae:
670 2998 836 3051 umat
872 3008 982 3051 can
994 2997 1134 3050 tare.

328 3084 417 3139 De
462 3084 768 3152 corporali
790 3084 1119 3141 Dominico.
1151 3085 1253 3143 Ex
1279 3087 1531 3143 concilio
1561 3104 1676 3159 qua
1704 3104 1912 3158 supra.

370 3173 591 3227 LXVIII.
624 3171 964 3244 (Buncumn.
995 3171 1101 3229 lib.
1134 3190 1218 3242 ιιι,
1261 3192 1311 3231 c.
1344 3176 1455 3248 98.)
1498 3174 1815 3249 Corporale
1859 3194 1956 3233 su-

296 3277 405 3334 per
431 3278 554 3335 quo
584 3278 756 3318 sacra
784 3262 1007 3319 oblatio
1051 3263 1418 3335 immolatur,
1450 3281 1522 3322 ex
1553 3266 1952 3323 mundissimo

298 3354 356 3406 et
382 3349 705 3423 purissimo
731 3349 913 3409 linteo
942 3352 1052 3418 sit;
1102 3369 1213 3409 nee
1241 3352 1304 3409 in
1331 3370 1403 3411 eo
1433 3353 1673 3412 aiterius
1714 3355 1951 3427 generis

296 3440 547 3497 materia
572 3440 862 3513 pretiosor
886 3447 989 3499 aut
1004 3440 1171 3498 vilior
1196 3444 1520 3501 misceatur
1544 3462 1555 3509 ;
1586 3444 1733 3518 quia
1760 3445 1959 3501 Domi-

294 3528 502 3585 nicum
532 3544 752 3603 corpus
781 3529 843 3586 in
872 3529 1168 3603 sepulcro,
1198 3548 1321 3588 non
1359 3533 1422 3588 in
1446 3531 1813 3602 holosericis,
1849 3534 1955 3591 sed

300 3621 535 3674 tantum
560 3617 620 3674 in
648 3617 901 3676 sindone
925 3620 1159 3676 munda
1207 3619 1317 3677 fuit
1358 3619 1713 3678 involutum.
1742 3622 1961 3695 Crrpo-

295 3707 422 3764 rale
450 3723 768 3782 nunquam
797 3724 980 3782 super
1013 3708 1197 3766 altare
1241 3713 1583 3778 remaneat;
1630 3708 1737 3766 sed
1764 3715 1868 3766 aut
1896 3710 1960 3765 in

300 3798 825 3854 Saetameutorum
853 3795 1008 3854 libro
1038 3802 1317 3871 ponatur,
1347 3803 1450 3855 aut
1491 3814 1632 3855 cum
1680 3797 1861 3855 calice
1906 3803 1960 3854 et

299 3891 522 3960 patena
549 3886 612 3942 in
653 3886 1057 3944 mundissimo
1093 3886 1227 3944 loco
1266 3888 1642 3944 recondatur.
1676 3890 1745 3943 Et
1770 3904 1964 3961 quan-

298 3975 382 4034 do
412 3973 675 4035 abluitur
702 3993 738 4034 a
768 3974 1094 4046 sacerdote,
1122 3968 1403 4045 diacono,
1432 3975 1528 4032 vel
1566 3975 1958 4047 subdiacono,

300 4065 501 4141 primo
523 4066 586 4123 in
608 4066 858 4125 ecclesia
883 4067 945 4123 in
970 4064 1105 4124 loco
1135 4069 1193 4123 et
1221 4081 1360 4122 vase
1391 4065 1466 4121 ad
1492 4064 1607 4122 hoc
1622 4069 1961 4140 prmparato

300 4153 603 4224 abluatur,
634 4171 706 4212 eo
734 4154 901 4228 quod
925 4172 997 4213 ex
1025 4151 1334 4212 Dominico
1363 4167 1614 4228 corpore
1643 4158 1701 4211 et
1725 4152 1964 4226 sangui-

297 4260 377 4301 ne
410 4242 696 4301 infectum
725 4243 817 4300 sit.
851 4247 986 4301 Post
1010 4242 1135 4301 haec
1188 4259 1226 4300 a
1270 4238 1625 4301 lavandaria
1668 4242 1730 4299 in
1772 4241 1960 4300 nitido

298 4330 438 4391 loco
464 4335 709 4408 paretur
736 4332 962 4405 [Editio
990 4333 1377 4391 Helmwstad.
1409 4335 1779 4406 reponatur].

302 4422 392 4480 De
406 4422 796 4479 eucharistia.
813 4421 913 4478 Ex
930 4421 1226 4490 Capitulis
1245 4418 1659 4493 synodalibus,
1684 4436 1815 4492 cap.
1839 4421 1958 4478 155.

378 4511 549 4567 LXIX.
582 4511 727 4584 (Lib.
762 4527 778 4565 ι
820 4510 1159 4581 Capitular.
1195 4526 1245 4565 c.
1282 4506 1377 4564 161
1409 4526 1424 4578 ;
1478 4509 1767 4581 Capitula
1797 4510 1964 4567 ΨΜ.-

303 4615 451 4657 τειιιι
476 4598 672 4656 Aurel.
703 4616 754 4657 c.
784 4604 815 4655 7
843 4617 860 4669 ;
895 4600 1211 4655 Burmann.
1238 4596 1346 4655 lib.
1377 4615 1436 4669 v,
1470 4614 1521 4654 c.
1567 4598 1677 4671 lO.)
1708 4601 1778 4656 Ut
1802 4616 1967 4674 pres-

284 4686 483 4763 byter
512 4706 748 4765 semper
794 4687 1216 4747 eucharistiam
1261 4686 1483 4747 habeat
1529 4692 1848 4763 paratam;
1904 4693 1970 4747 ut

307 4777 558 4852 quando
586 4778 723 4852 quis
760 4777 1170 4845 inﬁrmaverit,
1202 4780 1309 4834 aut
1354 4776 1646 4853 parvulus
1692 4778 1969 4835 inﬁrmus

306 4862 506 4940 fuerit,
538 4869 735 4926 statim
767 4868 881 4943 58
910 4884 1050 4925 eum
1090 4865 1512 4937 communicet,
1544 4884 1621 4925 ne
1647 4868 1773 4925 sine
1804 4884 1970 4925 com-

310 4954 602 5015 munione
627 4956 935 5015 moriatur.

527 5047 614 5105 De
640 5046 840 5105 eadem
869 5062 953 5103 re.
998 5044 1100 5103 Ex
1127 5044 1379 5104 concilio
1408 5046 1755 5104 Turonensi.

384 5135 532 5193 LXX.
565 5136 904 5209 (Bessum),
928 5132 1034 5191 lib.
1067 5152 1127 5208 v,
1158 5152 1209 5192 c.
1238 5134 1318 5207 9.)
1356 5135 1427 5192 Ut
1475 5136 1673 5193 omnis
1719 5135 1972 5212 presby-

388 5278 534 5351 (191)
572 5277 712 5334 Vide
738 5278 891 5349 Hug.
923 5277 1182 5335 Menard.
1214 5277 1278 5334 in
1306 5277 1462 5334 notis
1507 5277 1587 5335 ad
1635 5278 1739 5335 lib.
1773 5281 1975 5337 Sacra-

313 5353 576 5421 mentor,
606 5364 747 5421 pag.
781 5352 905 5407 378.

415 5419 539 5494 l9?)
558 5418 717 5477 ’Vidé
747 5418 1068 5494 concilium
1089 5422 1354 5494 (Metense
1383 5420 1687 5494 anni_888_,
1719 5435 1852 5494 cap.
1888 5426 1940 5478 6.

417 5490 534 5549 I93)
576 5492 963 5549 Consentiunt
985 5494 1048 5548 in
1087 5492 1203 5548 hoc
1231 5491 1365 5547 loco
1415 5491 1595 5548 editio
1637 5490 1979 5548 Helm'msta-

316 5562 546 5621 diensis
569 5567 629 5619 et
657 5562 845 5620 codex
887 5580 999 5620 ms.
1034 5562 1382 5620 Parisiensis
1430 5579 1553 5621 auo
1600 5580 1712 5620 nos
1758 5564 1853 5619 usi
1884 5581 1982 5620 su-

318 5651 481 5692 mus.
510 5635 751 5692 Variant
791 5640 989 5709 autem
1036 5633 1172 5709 libri
1194 5633 1671 5709 _Capitufarium.
1707 5639 1771 5709 In
1812 5634 1982 5709 editis

322 5721 493 5775 sane,
522 5709 649 5763 tum
694 5705 864 5779 apud
904 5704 1347 5764 Burchardmri.
1377 5710 1434 5758 et
1472 5706 1537 5760 in
1564 5706 1749 5762 veteri
1780 5705 1983 5764 codice

2057 1742 2346 1809 feruntur,
2380 1743 2454 1800 de
2484 1745 2747 1803 Sabbato
2796 1744 2858 1801 in
2887 1744 3221 1803 Sabbatum
3268 1764 3505 1822 semper
3548 1748 3715 1807 inno«

2055 1835 2303 1888 ventur:
2336 1832 2479 1907 quia
2504 1851 2694 1908 panes
2726 1836 3173 1910 propositionis,
3207 1836 3312 1911 qui
3340 1852 3523 1911 super
3548 1850 3718 1893 men-

2054 1938 2183 1979 sam
2216 1921 2450 1979 Domini
2477 1924 2881 1998 ponebantur,
2915 1943 2951 1983 a
2980 1925 3246 1983 Sabbato
3290 1926 3350 1983 in
3379 1925 3713 1983 Sabbatum

2055 2027 2295 2085 semper
2321 2012 2733 2071 mutabantur.

2233 2102 2303 2159 Ut
2334 2103 2594 2160 chrisma
2615 2119 2846 2175 semper
2876 2105 2985 2161 sub
3010 2121 3142 2162 sera
3166 2105 3263 2161 sit.
3298 2104 3539 2161 Ibidem.

2128 2190 2317 2246 LXXII.
2352 2192 2685 2263 (BL’Bt‘HARD.
2716 2191 2821 2249 lib.
2842 2210 2922 2264 1v,
2958 2211 3009 2249 c.
3028 2194 3143 2265 80.)
3174 2193 3462 2250 Praeterea
3485 2197 3543 2249 et
3564 2192 3715 2249 illud

2054 2277 2421 2336 omnimodis
2468 2281 2917 2338 observandum
2949 2287 3055 2351 est,
3088 2286 3153 2338 ut
3187 2298 3426 2338 sacrum
3455 2281 3718 2338 chrisma

2057 2372 2115 2424 et
2143 2367 2342 2423 oleum
2374 2373 2789 2425 consecratum
2819 2384 3057 2441 semper
3086 2368 3199 2425 sub
3230 2384 3362 2425 sera
3390 2368 3465 2425 sit
3494 2388 3506 2437 ;
3549 2385 3625 2426 ne
3655 2367 3718 2425 il-

2058 2455 2165 2512 lud
2192 2455 2352 2512 unde
2380 2455 2608 2513 Christo
2634 2456 3112 2530 incorporamur,
3140 2459 3197 2513 et
3225 2456 3384 2514 unde
3414 2473 3623 2515 omnes
3652 2457 3720 2514 ﬁ-

2059 2542 2225 2599 deles
2246 2545 2713 2626 sanctiﬁcantur,
2726 2546 2886 2603 unde
2912 2562 3081 2618 reges
3106 2550 3164 2604 et
3188 2548 3523 2605 sacerdotes
3545 2549 3718 2605 inun-

2061 2637 2303 2704 guntur,
2335 2632 2550 2708 aliquis
2598 2634 2854 2692 infidelis
2909 2640 3016 2693 aut
3057 2635 3411 2693 immundus
3444 2637 3559 2711 59
3585 2642 3717 2693 tan-

2061 2727 2182 2793 gat,
2200 2727 2301 2779 aut
2316 2723 2531 2797 aliquis
2552 2722 2817 2798 perfidus
2843 2724 2923 2782 ad
2944 2725 3047 2782 Dei
3055 2724 3352 2798 judicium
3379 2725 3721 2783 subverten-

2060 2812 2208 2867 dum
2239 2812 2549 2885 subripiat,
2571 2813 2739 2887 quod
2764 2814 3172 2888 experimento
3200 2812 3521 2871 didicimus
3549 2815 3718 2888 (192).

2059 2903 2132 2958 Si
2154 2903 2469 2973 presbyter
2496 2902 2757 2959 chrisma
2784 2904 3017 2961 dederit
3046 2905 3129 2961 ad
3474 2905 3718 2963 subver-

2311 2992 2574 3048 tcndum.
2618 2993 2720 3050 Ex
2746 2991 3229 3063 Capitularibus,
3252 2994 3347 3050 tit.
3377 2999 3466 3051 55.

2137 3079 2352 3136 LXXIII.
2385 3080 2534 3151 (Lib.
2567 3098 2605 3136 v
2628 3082 2970 3152 Capitular,
3003 3099 3055 3138 c.
3090 3087 3188 3152 55;
3227 3085 3353 3141 Lex
3379 3084 3721 3156 Langobar-

2058 3169 2190 3225 (ιον.
2217 3168 2323 3225 lib.
2352 3184 2438 3240 ιιι,
2469 3170 2535 3226 tit
2580 3174 2669 3238 27,
2700 3188 2752 3228 c.
2791 3171 2860 3243 l.)
2889 3173 2957 3228 Ut
2984 3171 3300 3245 presbyter
3326 3172 3431 3245 qui
3458 3173 3719 3231 chrisma

2056 3258 2375 3315 donaverit
2421 3259 2501 3315 ad
2539 3259 2835 3331 judicium
2865 3260 3364 3332 subvertendum,
3394 3267 3722 3335 postquam

2059 3348 2136 3405 de
2157 3348 2350 3419 gradu
2375 3365 2487 3406 suo
2510 3349 2818 3424 depositus
2842 3350 3039 3419 fuerit,
3065 3367 3321 3409 manum
3344 3351 3594 3409 amittat.

2063 3440 2136 3495 Ut
2155 3436 2365 3495 nullus
2384 3440 2701 3509 presbyter
2722 3456 2839 3510 pm
2869 3441 3194 3498 chrismate
3230 3441 3482 3513 aliquod
3506 3455 3725 3497 munus

2324 3530 2441 3585 det.
2472 3530 2574 3585 Ex
2602 3530 2857 3585 concilio
2881 3529 3174 3585 Meldensi
3202 3544 3334 3598 cap.
3368 3532 3459 3584 45.

2137 3620 2354 3674 LXXIV.
2387 3618 2729 3687 (Bunenmn.
2756 3616 2860 3670 lib.
2904 3632 2963 3686 v,
3008 3632 3059 3672 c.
3093 3616 3210 3686 77.)
3257 3618 3326 3671 Ut
3374 3631 3554 3671 nemo
3602 3615 3729 3688 epi-

2070 3720 2396 3777 scoporum
2420 3703 2515 3759 vel
2535 3702 2785 3775 quilibet
2808 3700 3076 3757 minister
3102 3700 3535 3756 ecclesiasticus
3553 3717 3733 3774 prop-

2070 3797 2157 3850 ter
2185 3807 2427 3849 sacrum
2456 3790 2717 3847 chrisma
2748 3788 2977 3862 aliqm'd
3021 3788 3290 3845 muneris
3323 3786 3595 3862 accipiat,
3628 3804 3732 3846 ne-

2070 3897 2189 3957 que
2227 3880 2529 3948 denarios,
2560 3877 2657 3936 vel
2705 3876 2988 3953 quaelibet
3032 3877 3417 3946 munuscula,
3448 3894 3585 3953 quae
3627 3893 3736 3953 per

2068 3972 2375 4031 ministros
2405 3969 2823 4045 episcoporum
2852 3982 2888 4026 a
2915 3967 3281 4042 presbyteris
3316 3967 3733 4026 inordinabili~

2072 4065 2157 4119 ter
2185 4059 2522 4131 exiguntur.
2557 4060 2733 4115 Decet
2773 4061 2978 4115 tamen
3025 4057 3411 4132 presbyteros
3448 4072 3589 4113 cum
3628 4070 3734 4111 vo-

2071 4149 2346 4206 luntariis
2374 4146 2623 4218 eulogiis
2647 4149 2916 4221 tempore
2964 4163 3233 4220 congruo
3256 4146 3501 4204 visitare
3544 4148 3605 4202 et
3629 4159 3732 4201 ve-

2072 4239 2272 4298 nerari
2300 4254 2442 4296 suos
2475 4237 2815 4312 episcopos.

1974 4358 1979 4367 ε
2078 4330 2149 4388 Ut
2168 4327 2677 4400 omnispresbyter
2696 4327 2847 4387 duas
2866 4329 3174 4399 ampullas
3192 4327 3257 4383 in
3280 4328 3467 4384 Coena
3492 4323 3742 4381 Domini

2180 4421 2262 4476 ad
2288 4419 2586 4476 civitatem
2616 4418 2868 4487 deferat.
2902 4418 2998 4473 Ea:
3027 4416 3345 4486 Capitulis,
3378 4415 3468 4469 tit.
3505 4413 3626 4467 156.

2146 4511 2339 4566 LXXV.
2383 4507 2531 4577 (Lib.
2566 4523 2583 4562 ι
2628 4506 2976 4576 Capitutar.
3008 4521 3062 4560 c.
3099 4504 3230 4569 162;
3279 4502 3599 4557 Buncnsun.
3631 4498 3735 4555 lib.

2073 4615 2154 4669 Π,
2186 4614 2236 4655 c.
2266 4596 2384 4669 '75.)
2408 4597 2482 4653 Ut
2508 4595 2822 4668 presbyter
2848 4591 2913 4646 in
2944 4592 3131 4648 Coena
3156 4585 3397 4645 Domini
3439 4583 3739 4657 ampullas

2075 4691 2228 4747 duas
2255 4703 2460 4745 secum
2490 4685 2735 4754 deferat,
2752 4697 2940 4739 unam
2971 4681 3051 4738 ad
3071 4678 3352 4746 chrisma,
3384 4675 3633 4733 alteram
3663 4673 3743 4730 ad

2077 4779 2278 4836 oleum
2325 4775 2404 4834 ad
2462 4774 2930 4832 catechumenos
2975 4766 3394 4839 inungendum
3442 4762 3539 4820 vel
3584 4762 3745 4819 inﬁr-

2078 4886 2211 4926 mos
2287 4867 2461 4940 juxta
2535 4860 2889 4920 sententiam
2968 4854 3359 4932 apostolicam
3434 4854 3608 4927 (I93),
3678 4857 3746 4910 ut

2080 4954 2328 5034 quando
2375 4954 2511 5030 quis
2552 4952 2912 5021 inﬁrmatur,
2940 4947 3189 5005 inducat
3228 4944 3612 5020 presbyteros
3643 4946 3746 5000 Ec-

2080 5047 2293 5116 clesiae,
2323 5045 2428 5119 qui
2453 5060 2564 5119 pro
2594 5042 2727 5117 ipso
2765 5042 2953 5106 orent,
2980 5038 3102 5110 σο
3132 5050 3395 5110 eumque
3424 5035 3741 5107 inungunt,

2083 5140 2139 5195 et
2167 5139 2381 5192 caetera
2412 5133 2567 5206 (Jac.
2600 5130 2681 5202 v).

2086 5296 2199 5337 ms.
2231 5275 2606 5333 bibliothecae
2637 5267 3009 5336 Colbertinie,
3043 5271 3170 5324 tum
3206 5267 3386 5325 etiam
3420 5267 3482 5323 in
3521 5269 3745 5337 nostro,

2086 5334 2430 5429 rmcipitnr
2454 5348 2519 5400 ut
2543 5341 2857 5423 Presbyter
2878 5334 3003 5396 ms
3027 5339 3329 5413 ampullas
3358 5354 3563 5420 secum
3591 5334 3752 5441 dcte:

2088 5424 2199 5492 Γδῖ·
2231 5417 2345 5492 Sed
2390 5412 2931 5492 1.9_Vetel‘l__9pdlce
2961 5428 3079 5492 ms.
3107 5428 3181 5467 ex
3208 5427 3332 5492 quo
3369 5422 3567 5492 prima
3596 5409 3743 5492 Pari

2091 5490 2301 5547 siensis
2345 5485 2523 5561 editio
2552 5482 2790 5561 prodiit,
2827 5489 2954 5561 tum
3007 5483 3188 5561 etiam
3227 5480 3295 5536 in
3334 5480 3749 5561 antiquissime

2090 5563 2245 5620 libro
2266 5551 2611 5631 monasterii
2637 5555 3074 5631 Rivipullensis,
3104 5554 3187 5631 ita
3215 5551 3464 5608 omnino
3501 5551 3746 5631 legitur“:

2099 5617 2167 5691 ῦέ
2210 5629 2521 5701 presbyter
2545 5644 2610 5687 ιη
2652 5617 2837 5701 Caria
2872 5617 3115 5701 Domini
3143 5624 3294 5701 duas
3333 5617 3751 5701 ampuﬂfliff

2096 5682 2241 5761 cuni
2256 5682 2515 5768 Mei-iii,
2536 5682 2833 5758 illaalii
2851 5682 3137 5763 chrisma,
3168 5682 3527 5748 alteram-ad
3558 5682 3752 5737 oleum
