4044 6196
259 229 367 283 209

402 352 489 406 De
514 348 719 405 eadem
744 363 827 405 re.
855 349 957 405 Ea:
987 351 1315 408 canonibus
1346 351 1772 421 apostolorum.

334 440 589 495 LXXXVI.
623 438 880 505 (Canon.
907 446 1098 508 apOst.
1131 456 1182 496 c.
1216 446 1283 497 25
1317 459 1329 507 ;
1372 442 1691 496 BUIICHABD.
1722 437 1823 493 lib.
1855 453 1915 501 ιι,

1207 228 1297 282 DE
1335 225 1618 284 ECCLES.
1661 221 1948 279 DISCIPL.
1990 219 2171 278 LIBRI
2211 223 2373 280 DUO.
2407 256 2475 265 —
2507 225 2633 280 LIB.
2679 228 2717 280 l.

3580 220 3682 275 210

1948 346 1996 399 A
2027 346 2207 403 etiam
2237 347 2312 404 de
2339 349 2496 422 turpi
2526 350 2685 406 coitu
2716 347 2989 405 sobolem
3017 345 3338 403 didicimus
3377 358 3683 416 procreas-

2026 450 2109 503 se,
2138 440 2196 492 et
2220 437 2445 495 crimen
2485 454 2666 495 suum
2696 439 2809 494 hac
2854 435 3302 510 prascriptione
3335 431 3676 498 defendere,

256 545 306 584 c.
346 530 445 583 189
474 545 488 595 ;
515 525 620 581 lib.
652 543 792 597 xvu,
817 544 867 583 c.
897 529 1013 600 39.)
1042 529 1353 602 Presbyter
1378 533 1481 585 aut
1495 528 1787 584 diaconus
1814 524 1917 598 qui
2024 525 2168 596 quia
2193 526 2254 581 in
2284 528 2478 584 Veteri
2524 531 2902 585 Testamento
2946 524 3355 582 sacerdotibus
3383 539 3452 579 ac
3507 520 3679 577 mini-

253 615 318 672 in
347 615 742 672 fornicatione
768 620 874 673 aut
896 618 1159 690 perjurio
1188 622 1291 675 aut
1318 618 1476 674 furto
1519 619 1622 674 aut
1671 614 1917 672 homici-

252 704 354 761 dio
380 709 594 780 captus
625 709 733 775 est,
763 704 1122 778 deponatur,
1148 723 1273 764 non
1302 711 1508 764 tamen
1537 704 1914 763 communio-

254 794 649 867 ne‘privetur.
694 793 840 850 Dicit
886 795 1046 851 enim
1097 796 1441 869 Scriptura:
1500 796 1637 851 Non
1671 794 1915 865 judicat

253 880 547 941 Dominus
582 884 688 939 bis.

998 956 1169 1012 Item.

325 1046 614 1101 LXXXVII.
646 1042 998 1100 Sacerdotes
1028 1043 1263 1101 Domini
1296 1048 1352 1100 et
1379 1042 1619 1100 diaconi
1658 1043 1752 1100 vel
1780 1043 1915 1117 qui-

251 1149 495 1207 cunque
525 1137 904 1191 sacramenta
940 1136 1327 1202 contrectant,
1370 1133 1671 1208 pudicitia
1722 1136 1916 1190 custo-

249 1222 359 1278 des
383 1223 463 1280 ab
490 1221 783 1279 uxoribus
811 1238 875 1278 se
898 1222 1255 1280 abstineant.

858 1313 946 1370 De
989 1313 1193 1370 eadem
1222 1328 1307 1370 re.

331 1405 639 1459 LXXXVIII.
674 1403 1009 1473 (Buncuann.
1037 1402 1142 1459 lib.
1176 1420 1234 1471 ιι,
1286 1419 1337 1459 c.
1398 1403 1538 1473 118.)
1598 1404 1908 1469 Praterea,

252 1491 423 1564 quod
452 1491 704 1561 dignum
730 1494 786 1547 et
816 1491 1111 1564 pudicum
1143 1496 1200 1548 et
1224 1493 1545 1549 honestum
1575 1495 1682 1559 est,
1711 1494 1909 1546 tenere

254 1578 513 1635 Ecclesia
544 1580 661 1652 65
696 1580 947 1636 omnino
985 1579 1183 1652 debet,
1213 1585 1279 1636 ut
1303 1580 1644 1637 sacerdotes
1686 1584 1743 1635 et
1769 1578 1911 1635 levi-

2022 614 2157 669 stris
2202 617 2531 686 generandi
2584 616 2834 673 facultas
2882 615 3099 684 legitur
3155 612 3457 671 attributa.
3516 610 3679 667 Dicat

2020 703 2168 759 mihi
2220 720 2382 761 nunc
2430 705 2704 779 quisquis
2755 704 2851 760 ille
2906 708 2994 760 est
3045 706 3298 760 sectator
3359 700 3676 758 libidinum

2020 796 2471 867 praceptorque
2538 794 2838 861 vitiorum,
2945 793 2993 848 si
3073 791 3331 847 astimat
3394 789 3539 863 quia
3614 788 3676 843 in

2019 879 2147 950 lege
2190 882 2374 954 Moysi
2427 883 2654 955 passim
2720 881 2903 938 sacris
2954 878 3265 937 ordinibus
3320 895 3354 933 a
3423 877 3676 933 Domino

2019 973 2228 1025 nostro
2256 969 2456 1027 laxata
2485 977 2624 1027 sunt
2649 971 2818 1027 frena
2846 968 3117 1036 luxuria,
3152 983 3259 1023 cur
3292 983 3394 1023 eos
3451 966 3675 1038 quibus

2019 1059 2548 1116 committebantur
2576 1061 2790 1116 Sancta
2820 1062 3166 1114 sanctorum
3206 1057 3537 1128 praemonet
3588 1053 3675 1107 di-

2018 1161 2179 1203 cens.
2212 1149 2425 1205 Sancti
2452 1154 2651 1211 estote,
2681 1148 2822 1219 quia
2839 1153 2893 1203 et
2920 1162 3026 1217 ego
3054 1150 3297 1201 sanctus
3321 1160 3451 1199 sum
3470 1141 3672 1197 Domi-

2018 1251 2133 1292 nus
2151 1238 2304 1293 Deus
2335 1244 2543 1295 vester.
2568 1240 2683 1294 Cur
2712 1238 2892 1294 etiam
2916 1234 3128 1309 procul
3156 1251 3193 1291 a
3224 1233 3349 1288 suis
3388 1231 3673 1287 domibus

2017 1340 2179 1381 anno
2200 1325 2344 1382 vicis
2369 1343 2493 1382 sua
2511 1327 2784 1384 habitare
2806 1326 2866 1382 in
2896 1324 3122 1397 templo
3148 1322 3303 1395 jussi
3330 1321 3449 1377 sint
3486 1335 3678 1376 sacer-

2014 1412 2183 1469 dotes
2203 1415 2231 1469 ?
2261 1415 2383 1471 Hac
2408 1415 2681 1472 videlicet
2704 1416 2956 1485 ratione,
2989 1429 3063 1469 ne
3095 1412 3189 1469 vel
3211 1427 3350 1469 cum
3380 1409 3672 1466 uxoribus

2015 1507 2267 1574 possent
2294 1504 2535 1560 carnale
2578 1519 2850 1561 exercere
2889 1502 3341 1568 commercium,
3388 1503 3453 1556 ut
3508 1513 3678 1555 cons-

2016 1591 2242 1648 cientia
2269 1582 2606 1664 integritate
2640 1594 2935 1663 fulgentes
2983 1590 3348 1664 acceptabile
3379 1591 3499 1644 Deo
3544 1604 3677 1643 mu-

248 1673 323 1723 ίῖθ
350 1685 489 1724 cum
548 1668 898 1725 muneriblis
946 1686 1069 1726 non
1120 1674 1352 1737 ϐοθειῐιΐ,
1401 1670 1546 1742 (ἰιιίει
1600 1667 1912 1725 ministerii
1940 1697 1985 1751 Β
2013 1696 2128 1736 nus
2149 1680 2457 1750 offerrent;
2478 1682 2701 1755 quibus
2716 1680 2949 1754 expleto
2970 1677 3377 1735 deservitionis
3388 1692 3512 1731 sua
3529 1679 3675 1731 tem-

243 1757 577 1830 quotidiani
610 1759 1068 1815 necessitatibus
1100 1763 1495 1833 occupantur,
1527 1764 1585 1816 et
1619 1758 1905 1831 scriptum

246 1851 338 1901 est
366 1863 378 1900 :
408 1848 618 1903 Sancti
638 1853 838 1915 estote,
867 1850 1150 1920 quoniam
1183 1864 1288 1919 ego
1302 1853 1547 1905 sanctus
1568 1864 1696 1904 sum
1720 1848 1908 1904 Domi-

246 1950 364 1991 nus
393 1937 548 1992 Deus
573 1942 782 1993 vester.

863 2027 952 2083 De
979 2027 1181 2084 eadem
1212 2043 1295 2084 re.

325 2117 579 2173 LXXXIX.
617 2117 958 2189 (Buncaun.
986 2117 1088 2174 lib.
1124 2135 1181 2184 ιι,
1222 2134 1271 2174 c.
1334 2118 1475 2191 117.)
1522 2120 1601 2174 De
1651 2116 1906 2190 presby-

240 2203 388 2259 teris
444 2209 500 2261 et
551 2206 911 2263 diaconibus
964 2207 1307 2263 divinarum
1360 2209 1563 2278 legum
1621 2211 1709 2262 est
1736 2206 1909 2261 disci-

234 2293 434 2365 plina,
452 2298 517 2351 ut
534 2296 972 2353 incontinentes
1002 2298 1063 2352 in
1094 2296 1305 2353 ofﬁciis
1336 2297 1553 2353 talibus
1579 2296 1755 2369 positi
1775 2312 1908 2350 om-

228 2382 309 2436 ni
360 2382 587 2439 honore
637 2385 1038 2440 ecclesiastico
1083 2385 1408 2456 priventur,
1444 2401 1554 2440 nec
1594 2384 1911 2440 admittan-

228 2475 344 2525 tur
372 2470 454 2527 ad
470 2471 584 2527 tale
598 2472 1184 2544 ministerium,quod
1202 2472 1333 2528 sola
1361 2471 1724 2529 continentia
1739 2486 1914 2543 opor-

225 2562 332 2615 tet
361 2559 616 2632 impleri.

990 2634 1157 2689 Item.

319 2721 425 2776 XC.
460 2720 715 2788 (Concil.
738 2722 897 2788 Nic.,
931 2738 981 2777 c.
1011 2725 1042 2778 3
1069 2740 1081 2789 ;
1108 2723 1428 2778 Buncmmn.
1463 2721 1562 2777 lib.
1589 2738 1650 2791 ιι,
1678 2737 1728 2777 c.
1759 2722 1906 2793 109.)

224 2808 557 2866 Interdixit
585 2826 694 2883 per
716 2811 930 2866 omnia
962 2827 1186 2880 magna
1215 2811 1487 2885 synodus
1518 2827 1641 2867 non
1673 2811 1904 2884 episco-

224 2912 349 2971 po,
380 2914 501 2954 non
533 2898 903 2972 presbytero,
936 2915 1059 2956 non
1091 2899 1369 2963 diacono,
1406 2900 1501 2956 vel
1551 2899 1725 2956 alicui
1778 2916 1907 2956 om—

221 2987 391 3044 nino
419 2988 524 3061 qui
553 2988 611 3044 in
640 2988 797 3045 clero
827 2994 934 3056 est,
964 2989 1140 3046 licere
1179 2989 1693 3046 subintroductam
1722 2989 1905 3046 babe-

223 3091 309 3132 re
330 3077 663 3145 mulierem,
695 3077 810 3133 nisi
837 3077 984 3134 forte
1009 3084 1265 3135 matrem
1323 3084 1427 3135 aut
1475 3094 1741 3135 sororem
1799 3084 1903 3135 aut

226 3165 517 3236 amitam,
548 3165 645 3221 vel
700 3182 803 3223 eas
846 3170 1082 3223 tantum
1125 3182 1418 3240 personas
1445 3183 1582 3240 qua
1604 3166 1904 3239 suspicio-

226 3269 386 3310 nem
427 3254 781 3326 suffugium.

288 3343 605 3415 Deeadem
632 3359 716 3401 re.
748 3344 850 3400 Ex
874 3345 1137 3401 Decretis
1167 3345 1372 3402 Sin'cii
1398 3360 1596 3416 papa,
1629 3347 1720 3401 tit.
1758 3345 1842 3402 l2.

308 3433 448 3488 XCI.
481 3433 757 3498 (Decreta
782 3434 989 3490 Siricii
1016 3450 1067 3489 c.
1102 3435 1198 3502 l2;
1233 3437 1545 3491 Bonorum).
1598 3434 1699 3491 lib.
1751 3451 1810 3505 ιι,
1843 3450 1895 3490 c.

238 3521 395 3587 110.)
424 3520 699 3578 Feminas
728 3538 868 3578 vero
896 3538 1021 3579 non
1041 3523 1190 3579 alias
1218 3538 1347 3579 esse
1371 3523 1636 3596 patimur
1680 3524 1742 3579 in
1795 3523 1898 3579 do-

232 3609 447 3665 mibus
477 3610 826 3667 clericorum
853 3612 964 3667 nisi
1007 3628 1110 3669 eas
1158 3617 1395 3668 tantum
1448 3628 1602 3685 quas
1658 3612 1899 3685 proprie

235 3699 377 3755 sola
396 3700 852 3756 necessitudinis
881 3717 1065 3759 causa
1082 3701 1355 3758 habitare
1379 3717 1519 3757 cum
1544 3700 1755 3757 iisdem
1806 3718 1901 3773 sy-

232 3787 445 3843 nodus
475 3789 712 3846 Nicana
740 3789 1031 3863 permisit.

232 3879 328 3933 De
362 3878 564 3934 eadem
596 3895 679 3935 re.
717 3880 817 3937 Ea;
846 3882 1102 3937 concilio
1147 3878 1618 3950 Carthaginensi
1641 3894 1775 3949 cap.
1806 3878 1896 3934 25.

308 3966 466 4023 XCII.
502 3968 704 4037 (Conc.
740 3969 1033 4041 Carthag.
1054 3984 1198 4038 v1,c.
1226 3971 1343 4035 25.)
1372 3967 1726 4024 Aurelianus
1758 3968 1901 4039 [Au-

230 4056 446 4128 relius]
475 4059 793 4132 episcopus
818 4059 967 4116 dixit
997 4077 1010 4115 :
1044 4058 1362 4127 Addimus,
1408 4058 1619 4114 fratres
1675 4058 1899 4115 charis-

232 4146 400 4215 simi,
427 4152 735 4219 praterea,
776 4166 914 4205 cum
939 4149 1015 4205 de
1067 4148 1474 4222 quorumdam
1522 4147 1896 4219 clericorum,

232 4235 523 4308 quamvis
544 4236 856 4310 lectorum,
873 4239 991 4310 66
1009 4252 1153 4308 erga
1171 4253 1385 4294 uxores
1404 4238 1680 4311 proprias
1695 4238 1899 4293 incon-

232 4325 488 4381 tinentia
512 4325 845 4395 referretur,
876 4327 1119 4401 placuit,
1149 4327 1317 4400 quod
1346 4332 1403 4383 et
1457 4326 1706 4383 diversis
1755 4342 1898 4383 con-

232 4413 392 4469 ciliis
419 4412 727 4470 ﬁrmatum
759 4419 865 4481 est,
899 4420 962 4472 ut
989 4414 1364 4485 subdiaconi,
1395 4415 1499 4488 qui
1528 4431 1702 4472 sacra
1735 4431 1900 4487 mys-

233 4502 390 4558 teria
417 4507 806 4574 contrectant,
852 4508 908 4559 et
963 4503 1224 4574 diaconi,
1275 4508 1333 4559 et
1384 4503 1737 4577 presbyteri,
1796 4519 1903 4560 seu

230 4590 423 4645 etiam
452 4590 741 4664 episcopi,
773 4592 1108 4648 secundum
1131 4591 1377 4665 propria
1407 4595 1625 4648 statuta
1650 4591 1729 4647 ab
1750 4608 1902 4648 uxo-

232 4678 411 4734 ribus
442 4696 505 4735 se
534 4680 899 4749 abstineant,
924 4686 989 4737 ut
1016 4685 1309 4753 tanquam
1348 4696 1472 4737 non
1498 4680 1789 4736 habentes
1815 4681 1901 4736 vi-

230 4767 497 4824 deantur
524 4785 655 4825 esse
687 4787 700 4824 :
733 4769 901 4843 quod
930 4770 1043 4825 nisi
1072 4769 1341 4837 fecerint,
1367 4768 1446 4825 ab
1499 4768 1900 4827 ecclesiastico

231 4862 666 4915 removeantur
689 4859 886 4917 ofﬁcio
905 4879 918 4927 ;
939 4864 1178 4917 caeteros
1199 4864 1400 4917 autem
1427 4858 1670 4915 clericos
1686 4857 1765 4914 ad
1784 4858 1900 4913 hoc

230 4962 363 5002 non
395 4949 530 5019 cogi
560 4948 675 5005 nisi
706 4949 1031 5006 maturiore
1056 4953 1246 5006 atate.

309 5037 619 5094 Deeadem
649 5053 732 5095 re.
761 5041 860 5096 Ea:
905 5040 1168 5097 Decretis
1200 5039 1408 5095 Sim'cii
1450 5052 1648 5109 papa,
1676 5052 1809 5108 cap.
1841 5043 1895 5094 7.

312 5128 490 5182 XCIII.
516 5128 793 5194 (Decreta
816 5127 1039 5198 Siricii,
1062 5144 1115 5184 c.
1147 5130 1227 5198 7.)
1258 5127 1550 5183 Plurimos
1592 5126 1752 5182 enim
1801 5142 1896 5183 sa-

212 5213 512 5271 ,cerdotes
538 5215 749 5273 Christi
774 5221 954 5289 atque
976 5216 1188 5272 levitas
1216 5221 1357 5289 post
1376 5216 1558 5287 longa
1589 5231 1897 5273 consecra-

227 5303 417 5360 tionis
433 5321 557 5361 sua
578 5309 853 5379 tempora
872 5311 994 5363 tam
1012 5306 1089 5363 de
1105 5305 1402 5378 conjugiis
1424 5305 1681 5379 propriis
1707 5320 1897 5377 quam

307 5463 462 5540 (_196)
494 5467 665 5522 Recte
694 5466 809 5522 hoc
832 5467 1159 5540 capitulum
1186 5466 1402 5540 laudat
1418 5466 1726 5540 Regino,si_
1747 5464 1897 5540 ratio

221 5534 538 5610 habeatur
582 5541 853 5610 veterum
904 5534 1202 5610 codicum.
1246 5537 1473 5610 Etenim
1503 5534 1687 5610 caput
1713 5535 1893 5610 istud,

439 5605 503 5662 in
532 5606 892 5690 editionibus
918 5612 1102 5692 est.9.8
1126 5608 1260 5665 libri
1288 5608 1495 5691 primi,
1516 5605 1773 5690 92'estin
1802 5622 1897 5687 co-

272 5677 479 5733 icibus
505 5677 846 5733 Colbertino
872 5684 931 5733 et
956 5679 1363 5733 Rmnullensi.
1394 5679 1499 5733 ubi
1519 5695 1581 5733 ιιι
1606 5678 1758 5733 hbro
1782 5693 1897 5733 nri-

272 5676 479 5734 icibus
505 5677 846 5738 Colbertino
872 5684 931 5737 et
956 5676 1363 5752 Rivipullensi,
1394 5679 1499 5736 ubi
1519 5678 1581 5735 in
1606 5678 1758 5735 libro
1782 5676 1900 5750 pri-

2014 1785 2160 1842 pore
2190 1770 2394 1826 uxoris
2424 1787 2572 1825 usus
2621 1770 2804 1825 solius
2854 1767 3251 1825 successionis
3273 1781 3458 1821 causa
3479 1764 3674 1820 fuerat

2012 1857 2312 1915 relaxatus
2339 1877 2351 1925 ;
2380 1859 2524 1933 quia
2544 1875 2668 1915 non
2696 1875 2768 1915 ex
2796 1858 2914 1914 alia
2943 1857 3059 1913 nisi
3092 1873 3166 1911 ex
3194 1856 3308 1927 67
3359 1854 3517 1911 tribu
3538 1852 3671 1909 Levi

2011 1948 2340 2022 quisquam
2398 1949 2476 2006 ad
2518 1950 2620 2006 Dei
2671 1948 3070 2005 ministerium
3112 1945 3304 2001 fuerat
3331 1946 3669 2017 praceptus

2012 2037 2239 2095 admitti
2251 2080 2264 2094 .

2438 2128 2526 2185 De
2562 2128 2767 2184 eadem
2798 2143 2883 2184 re.
2917 2128 3117 2197 Capit.
3147 2129 3235 2181 92.

2083 2215 2261 2271 XCIV.
2284 2215 2469 2286 (Lib.1
2503 2217 2846 2286 Capitular.
2880 2232 2932 2271 c.
2966 2218 3068 2282 98;
3114 2217 3433 2269 BURCHARD.
3470 2210 3574 2266 lib.
3608 2227 3667 2277 ιι,

2015 2317 2067 2357 c.
2092 2305 2171 2369 3.)
2206 2304 2501 2360 Statutum
2521 2308 2611 2360 est
2635 2304 2713 2359 ab
2741 2303 3041 2377 episcopis
3092 2302 3169 2356 de
3198 2298 3584 2373 presbyteris,
3606 2302 3673 2353 ut

2016 2389 2122 2461 qui
2150 2389 2405 2447 feminas
2430 2408 2637 2448 secum
2660 2392 2978 2448 indiscrete
3000 2389 3272 2446 habitare
3302 2386 3668 2460 permittunt,

2017 2482 2074 2534 et
2098 2483 2342 2552 propter
2369 2481 2483 2536 hoc
2510 2481 2685 2537 mala
2712 2480 2972 2554 pinionis
2999 2477 3339 2551 suspicione
3376 2476 3670 2532 denotan-

2015 2570 2132 2634 tur,
2162 2568 2209 2623 si
2239 2568 2523 2643 deinceps
2552 2569 2843 2626 admoniti
2872 2584 2995 2624 non
3020 2584 3082 2623 se
3103 2564 3483 2633 correxerint,
3512 2563 3672 2619 velut

2015 2660 2456 2730 contemptores
2489 2674 2801 2715 sacrorum
2831 2672 3135 2714 canonum
3165 2653 3457 2711 canonica
3501 2652 3667 2708 inve-

2014 2745 2207 2801 ctione
2227 2744 2518 2803 feriantur
2547 2748 2719 2818 (196).

1972 2882 1977 2885 .
2011 2836 2100 2891 De
2129 2836 2328 2892 eadem
2371 2851 2456 2893 re.
2507 2838 2607 2893 Ea:
2631 2838 2882 2894 concilio
2941 2834 3379 2900 Wormatie-nsi,
3412 2848 3544 2902 cap.
3576 2834 3663 2887 38.

2080 2925 2232 2982 XCV.
2257 2925 2508 2996 (Concil.
2554 2928 2839 2983 Wormat.
2869 2943 2919 2983 c.
2952 2927 3026 2997 9.)
3052 2924 3273 2981 Placuit
3287 2926 3351 2979 ut
3377 2920 3663 2994 episcopi,

2007 3013 2360 3086 presbyteri,
2387 3015 2647 3087 diaccni,
2680 3015 3039 3071 subdiaconi
3064 3014 3403 3071 abstineant
3455 3029 3491 3067 a
3527 3026 3668 3067 con-

2004 3102 2272 3174 jugibus,
2297 3108 2361 3159 ut
2389 3120 2511 3160 non
2543 3108 2825 3175 generent
2844 3103 3018 3161 ﬁlios.
3050 3104 3229 3170 Quod.
3255 3102 3305 3158 si
3327 3104 3441 3158 hoc
3466 3101 3667 3157 decre-

2006 3194 2135 3247 tum
2159 3191 2530 3263 violaverint,
2562 3192 2640 3249 ab
2658 3192 2886 3249 honore
2916 3192 3225 3249 clericatus
3253 3190 3569 3264 pellantur.

2175 3282 2261 3337 De
2284 3282 2487 3338 eadem
2518 3297 2600 3339 re.
2633 3283 2734 3339 Ea:
2759 3284 3025 3339 Decretis
3049 3296 3225 3351 papa:
3260 3281 3491 3336 Leonis.

2078 3370 2255 3426 XCVI.
2288 3372 2561 3442 (Decreta
2594 3373 2802 3428 Leonis
2832 3372 2881 3439 Ι,
2911 3388 2961 3426 c.
3004 3372 3064 3425 l7
3092 3389 3104 3440 ;
3132 3374 3447 3426 Buncuaun.
3472 3367 3576 3423 lib.
3601 3382 3661 3434 ιι,

2006 3473 2057 3512 c.
2098 3457 2241 3529 114.)
2272 3460 2386 3514 Lex
2407 3458 2787 3516 continentia
2801 3459 3017 3515 eadem
3041 3462 3130 3513 est
3150 3456 3354 3513 altaris
3378 3454 3665 3510 ministris

2005 3560 2142 3617 qua
2172 3544 2471 3618 episcopis
2503 3550 2682 3617 atque
2711 3544 3076 3617 presbyteris
3105 3562 3118 3611 ;
3148 3544 3418 3615 quicum
3467 3544 3667 3596 essent

2004 3632 2139 3688 laici
2167 3632 2291 3688 sive
2318 3632 2593 3699 lectores,
2623 3631 2778 3687 licite
2804 3637 2862 3688 et
2897 3646 3115 3687 uxores
3164 3630 3383 3685 ducere
3412 3633 3471 3684 et
3510 3628 3664 3682 ﬁlios

2006 3736 2324 3794 procreare
2354 3724 2710 3792 potuerunt;
2757 3719 2862 3775 sed
2894 3735 3032 3773 cum
3068 3718 3146 3774 ad
3191 3716 3509 3790 praedictos
3537 3730 3668 3786 per-

2006 3813 2303 3866 venerunt
2330 3807 2582 3879 gradus,
2614 3809 2795 3882 capit
2819 3807 2905 3864 eis
2931 3822 3056 3863 non
3085 3806 3261 3863 licere
3290 3804 3455 3878 quod
3478 3804 3660 3860 licuit.

2011 3898 2176 3955 Unde
2206 3902 2271 3954 ut
2298 3898 2373 3955 de
2404 3897 2628 3955 carnali
2653 3898 2773 3970 68
2815 3898 2920 3954 ﬁat
2972 3895 3236 3969 spiritale
3287 3894 3663 3966 conjugium,

2007 3993 2240 4062 oportet
2268 4005 2372 4045 eos
2401 4003 2511 4044 nec
2540 3987 2835 4045 dimittere
2864 4002 3105 4057 uxores,
3130 3984 3375 4060 etquasi
3404 4000 3527 4041 non
3555 3983 3663 4040 ha-

2006 4079 2188 4135 beant
2217 4078 2300 4134 sic
2320 4077 2565 4147 habere,
2596 4094 2720 4152 quo
2746 4083 2803 4134 et
2835 4077 3000 4134 salva
3025 4076 3099 4134 sit
3127 4076 3385 4133 charitas
3436 4091 3664 4135 connu-

2004 4169 2247 4225 biorum
2273 4172 2330 4224 et
2348 4172 2541 4224 cesset
2568 4167 2840 4240 oper'itio
2866 4166 3235 4240 nuptiarum.

2076 4260 2163 4314 De
2186 4258 2389 4314 eadem
2422 4271 2503 4314 re.
2536 4257 2636 4312 Ea:
2662 4257 2838 4313 dictis
2866 4259 3063 4313 sancti
3090 4257 3364 4327 Gregorii
3385 4269 3585 4325 papa.

2078 4349 2276 4403 XCVII.
2311 4345 2423 4411 Qui
2451 4361 2670 4419 corpus
2695 4363 2874 4403 suum
2904 4345 3158 4403 castitati
3204 4344 3503 4409 dedicant,
3558 4343 3664 4398 ha-

2005 4435 2195 4492 bitare
2222 4450 2429 4490 secum
2453 4433 2707 4491 feminas
2735 4450 2862 4490 non
2892 4434 3255 4505 permittant.
3656 4454 3660 4457 ·

2458 4523 2604 4580 Item
2628 4523 2825 4579 sancti
2852 4520 3199 4591 Augustini.

2053 4599 2303 4668 XCVIII.
2364 4610 2503 4667 Ideo
2548 4611 2690 4667 nolo
2746 4613 2813 4665 ut
2854 4624 3024 4664 soror
3081 4622 3219 4662 mea
3277 4620 3518 4661 mecum
3566 4603 3659 4673 sit,

2005 4700 2148 4771 quia
2173 4715 2309 4772 qua
2338 4715 2473 4754 cum
2503 4714 2705 4755 sorore
2735 4712 2873 4754 mea
2898 4700 3059 4765 sunt,
3094 4709 3330 4749 sorores
3363 4707 3511 4748 mea
3535 4706 3660 4747 non

2006 4793 2165 4845 sunt.

2040 4882 2124 4936 De
2147 4879 2350 4936 eadem
2380 4895 2463 4936 re.
2492 4880 2594 4936 Ea:
2631 4878 2882 4934 concilio
2926 4875 3371 4947 Wormatiensi,
3402 4888 3533 4944 cap.
3567 4877 3622 4929 9.

2077 4968 2247 5025 XCIX.
2282 4968 2535 5039 (Concil.
2582 4970 2868 5024 Wormat.
2903 4982 2953 5022 c.
2988 4968 3067 5037 2.)
3097 4964 3441 5022 Sacerdotes
3482 4964 3660 5035 igitur

2007 5056 2140 5114 siin
2166 5056 2574 5115 fornicationis
2614 5054 2901 5127 laqueum
2942 5053 3279 5122 ceciderint,
3321 5058 3379 5111 et
3432 5053 3659 5110 crimen

2003 5144 2486 5202 manifestissime
2524 5148 2837 5201 ostensum
2864 5142 3058 5213 fuerit,
3080 5142 3371 5199 hactenus
3388 5142 3665 5199 sacerdo-

2002 5234 2065 5290 tii
2090 5248 2215 5290 non
2239 5238 2492 5305 possunt
2515 5231 2738 5288 habere
2760 5232 3073 5301 honorem,
3102 5231 3436 5289 secundum
3479 5246 3658 5288 cano-

2004 5322 2152 5378 nica
2179 5320 2563 5377 institutionis
2594 5320 3032 5378 auctoritatem.

2006 5478 2108 5536 mo
2136 5462 2354 5536 desunt
2382 5478 2486 5536 sex
2514 5462 2712 5536 capita
2737 5480 2872 5536 qua
2900 5469 3136 5522 exstant
3161 5464 3225 5536 in
3270 5460 3653 5519 editionibus.

2005 5535 2083 5618 In.
2096 5533 2278 5615 veteri
2295 5533 2498 5616 codice
2512 5533 2625 5591 ms.
2648 5533 3023 5618 bibliotheca
3048 5534 3261 5605 Regia,
3291 5550 3364 5590 ex
3384 5547 3507 5656 quo
3523 5545 3657 5602 pro-

2005 5606 2113 5656 dnt
2134 5620 2331 5656 prima
2355 5604 2533 5656 editio
2561 5608 2925 5656 Parismnsis-
2954 5612 3045 5656 est
3068 5621 3322 5656 numero
3348 5606 3382 5656 9
3426 5644 3437 5656 .

2004 5606 2113 5663 diit
2134 5604 2331 5678 prima
2355 5604 2533 5663 editio
2561 5607 2926 5677 Parisiensis,
2954 5612 3045 5664 est
3068 5604 3322 5662 numero
3348 5604 3437 5657 91.
