4046 6190
387 198 489 254 211

1505 195 1891 254 REGINONIS
1927 192 2339 252 PRUMIENSIS
2375 193 2695 253 ABBATIS.

3703 199 3812 257 2i2

394 324 538 391 Qum
568 324 846 381 mulieres
876 324 939 380 in
969 321 1240 380 domibus
1268 320 1535 380 habitent
1566 321 2048 381 clericorumEx
2079 321 2128 375 Α
2156 317 2270 373 illis
2302 317 2495 375 scelus
2519 318 2861 395 frequenter
2892 296 3304 393 perpetratum
3355 317 3667 390 reperitur,
3715 325 3815 377 aut

907 412 1159 471 concilio
1181 410 1535 482 Agathensi.

465 504 525 560 C.
561 502 761 576 (Conc.
789 503 972 574 Agat.
1007 515 1057 557 c.
1090 501 1152 556 10
1179 502 1499 559 Buncnsnn.
1545 501 1647 559 lib.
1692 518 1753 573 ιι,
1809 517 1860 560 c.
1904 500 2049 573 112.)

391 591 457 649 Id
484 592 665 650 etiam
696 591 777 649 ad
805 589 1266 647 custodiendam
1294 590 1480 648 vitam
1520 578 1576 648 et
1632 590 1863 648 famam
1920 605 2052 664 spe-

392 681 525 739 ciali
553 679 927 738 ordinatione
956 680 1355 754 praecipimus,
1382 684 1449 737 ut
1467 680 1667 738 nullus
1698 680 2050 739 clericorum

392 776 687 829 extraneae
721 770 798 828 sit
824 769 1059 828 mulieri
1097 770 1365 845 qualibet
1392 770 1799 829 consolatione
1830 775 1933 829 aut
1962 770 2049 828 fa-

390 858 728 921 miliaritate
752 860 887 932 conj
898 862 1207 918 unctus.Et
1226 875 1350 916 non
1372 859 1566 916 solum
1600 860 1662 919 in
1686 856 1871 917 domo
1891 860 2051 919 illius

394 954 681 1007 extranea
709 949 925 1007 mulier
952 964 1076 1006 non
1126 948 1394 1019 accedat,
1446 949 1551 1005 sed
1602 964 1713 1006 nec
1764 949 1891 1023 ipse
1944 950 2053 1006 fre-

394 1038 728 1113 quentandi
757 1038 835 1096 ad
863 1042 1214 1096 extraneam
1240 1036 1553 1093 mulierem
1578 1037 1803 1097 habeat
1857 1041 2050 1110 potes-

393 1132 614 1197 tatem;
643 1128 750 1185 sed
777 1144 915 1184 cum
942 1131 1135 1187 matre
1173 1130 1405 1184 tantum
1436 1131 1494 1183 et
1534 1141 1758 1195 sorore,
1818 1126 1941 1183 ﬁlia
1996 1130 2054 1183 et

394 1221 591 1289 nepte,
620 1218 668 1272 si
692 1215 970 1273 habuerit
1004 1215 1243 1273 vivendi
1284 1215 1539 1273 liberam
1587 1214 1811 1273 habeat
1853 1219 2050 1288 poles-

394 1310 613 1373 tatem;
645 1306 767 1377 ϐο
815 1305 890 1360 de
920 1303 1145 1376 quibus
1192 1304 1555 1363 nominibus
1588 1304 1757 1361 nefas
1778 1308 1866 1361 est
1893 1304 2056 1363 aliud

389 1408 579 1466 quam
602 1396 818 1450 natura
846 1391 1149 1449 constituit
1177 1392 1495 1466 suspicari.

393 1482 482 1538 Ne
509 1481 753 1539 ancitta’
778 1482 871 1539 vel
895 1480 1127 1537 liberta:
1157 1481 1479 1538 cellarium
1521 1487 1758 1539 teneant
1816 1482 2055 1539 clerico-

464 1587 599 1628 rum
632 1572 724 1628 vel
753 1571 1150 1629 ministerium
1199 1577 1490 1628 secretum
1541 1570 1909 1641 impendant.
1957 1571 2058 1627 Ex

466 1661 719 1719 concilio
740 1661 1091 1733 Agathensi.

467 1754 552 1808 Cl.
580 1751 785 1822 (Cone.
818 1751 998 1822 Agat.
1032 1766 1083 1805 c.
1120 1750 1176 1806 ll
1215 1768 1228 1819 ;
1258 1752 1576 1807 Busan/mn.
1610 1749 1713 1807 lib.
1746 1768 1807 1819 ιι,
1833 1767 1883 1808 c.
1914 1751 2058 1822 113.)

398 1839 659 1897 Ancillas
688 1839 784 1897 vel
806 1839 1051 1896 libertas
1079 1855 1115 1899 a
1145 1839 1385 1897 cellario
1415 1839 1511 1896 vel
1548 1856 1583 1897 a
1604 1844 1829 1897 secreto
1882 1841 2058 1902 mini-

398 1930 575 1987 sterio
612 1933 671 1985 et
697 1929 777 1986 ab
807 1928 1022 1985 eadem
1051 1927 1370 1987 mansione
1402 1928 1463 1984 in
1495 1945 1622 2001 qua
1652 1929 1899 1986 clericus
1928 1946 2059 1987 ma-

397 2021 495 2073 net
526 2016 752 2090 placuit
779 2017 1098 2074 removeri.

397 2126 484 2181 De
507 2123 941 2195 familiaritate
971 2129 1400 2183 extraneorum
1426 2126 1768 2183 mulierum.
1800 2126 1900 2182 Ex
1928 2141 2060 2181 con-

969 2215 1108 2271 cilio
1139 2215 1486 2273 Aureliano.

468 2303 579 2360 Cll.
614 2302 872 2372 (Concit.
898 2302 1216 2361 Aurelian.
1248 2316 1329 2373 ιιι,
1363 2320 1413 2359 c.
1446 2304 1523 2375 4.)
1558 2304 1819 2376 Ideoque
1862 2305 2062 2361 statui-

398 2408 536 2450 mus
565 2396 630 2449 ut
649 2392 874 2465 nequis
900 2392 1235 2449 antistitum
1260 2396 1366 2449 aut
1386 2392 1736 2450 clericorum
1761 2392 2061 2451 licentiam

397 2482 621 2538 habeat
649 2481 805 2537 intra
831 2480 1086 2538 domum
1117 2498 1291 2538 suam
1324 2481 1531 2551 ullam,
1561 2482 1793 2555 absque
1814 2482 2060 2555 propiu-

398 2569 536 2644 quis
559 2569 911 2626 mulieribus
937 2586 1093 2643 quas
1116 2570 1345 2642 priores
1378 2583 1644 2628 canones
1673 2571 2059 2643 eloquuntur,

398 2661 622 2718 habere
647 2675 993 2733 personam.
1026 2663 1107 2716 De
1135 2660 1357 2732 quibus
1399 2659 1578 2716 etiam
1638 2660 1697 2715 id
1732 2660 2063 2731 specialiter

400 2751 725 2819 inhibetur,
757 2753 821 2806 ut
850 2750 897 2805 si
928 2749 1063 2822 quis
1093 2748 1445 2807 clericorum
1493 2748 1899 2821 suspicionem
1952 2749 2059 2805 ad-

398 2855 636 2896 versam
695 2843 800 2894 aut
848 2837 1294 2895 oblocutionem
1345 2836 1554 2911 populi
1610 2837 1690 2895 ob
1749 2837 2060 2896 mulierem

398 2942 830 3001 quamcunque
860 2926 1192 2993 incurrerit,
1220 2942 1356 2982 eam
1397 2926 1615 2993 statim,
1650 2926 1698 2984 si
1746 2926 1901 2985 intra
1958 2928 2062 2985 do-

399 3032 569 3072 mum
608 3030 783 3070 suam
830 3013 1032 3086 habet,
1089 3013 1349 3085 abjiciat.
1400 3014 1457 3071 Si
1484 3019 1640 3073 certe
1665 3019 1949 3073 extranea
2004 3021 2061 3074 et
2094 3032 2135 3088 ί]

402 3104 496 3159 sui
545 3103 696 3175 juris
752 3105 862 3169 est,
908 3102 1081 3160 istam
1134 3103 1419 3161 omnibus
1448 3104 1894 3162 conditionibus
1933 3110 2059 3162 stu-

400 3188 539 3245 deat
569 3189 850 3261 abjieere,
882 3194 948 3247 ut
976 3190 1226 3249 infamia
1255 3208 1391 3264 quae
1431 3192 1683 3251 excitate
1701 3198 1791 3251 est
1808 3193 2062 3264 abroge-

401 3283 513 3335 tur.
569 3279 742 3345 Quod
796 3280 845 3336 si
900 3280 1152 3353 quilibet
1202 3280 1532 3339 antistitum
1576 3282 1671 3339 vel
1708 3282 2060 3339 clericorum

400 3367 566 3441 quod
593 3383 781 3433 supra
806 3368 1093 3442 scriptum
1134 3374 1223 3426 est
1251 3370 1437 3427 vitare
1463 3370 1739 3441 noluerit,
1772 3386 1881 3443 pro
1942 3371 2063 3428 ino-

399 3455 701 3513 bedientia
765 3458 1002 3514 triennii
1076 3458 1696 3515 excommunicatione
1724 3458 2058 3516 mulctatur.

402 3543 576 3610 Quod
605 3544 654 3600 si
682 3544 956 3602 adulterii
978 3545 1363 3618 permistione
1391 3546 1566 3603 fuerit
1587 3547 1982 3619 approbatus,
2001 3548 2062 3604 in

398 3633 814 3703 regradatione
842 3635 1164 3701 honorum,
1197 3634 1469 3708 priorum
1501 3650 1817 3692 canonum
1840 3640 2064 3693 statuta

278 3735 289 3742 ·
402 3726 727 3779 serventur.

638 3831 725 3887 De
751 3831 953 3887 eadem
984 3846 1070 3887 re.
1102 3832 1202 3887 Ex
1224 3832 1475 3888 concilio
1507 3834 1821 3888 Turonico.

474 3937 609 3994 ClIl.
640 3937 896 4006 (Concil.
933 3938 1153 3993 Turon.
1182 3953 1220 4006 ι,
1250 3954 1302 3992 c.
1339 3940 1408 4006 4;
1444 3941 1762 3994 Buncnsan.
1782 3937 1884 3994 lib.
1917 3954 1975 4005 ιι,
2009 3955 2059 3994 c.

405 4023 550 4089 116.)
584 4026 651 4079 Ει
678 4024 824 4095 quia
844 4022 1089 4080 diabolo
1114 4022 1348 4080 nullum
1379 4023 1580 4081 locum
1610 4025 1754 4081 dare
1808 4029 2061 4099 oportet,

401 4112 516 4167 hoc
545 4113 842 4186 praecipue
882 4111 1345 4169 custodiendum
1384 4112 1761 4171 decrevimus
1801 4119 1865 4171 ut
1915 4114 2063 4171 nulli

403 4201 596 4257 clerici
626 4219 762 4258 cum
785 4203 1082 4258 extraneis
1110 4202 1346 4259 feminis
1374 4202 1493 4274 7o
1526 4204 1788 4260 habeant
1814 4204 2063 4260 familia-

401 4289 656 4362 ritatem,
690 4306 801 4347 nec
822 4289 1013 4347 ullum
1027 4288 1185 4347 male
1213 4290 1500 4364 loquendi
1523 4291 1615 4347 vel
1633 4291 1928 4348 sentiendi
1956 4293 2061 4349 ho-

402 4378 666 4436 minibus
721 4380 953 4437 aditum
1006 4380 1316 4437 tribuant:
1378 4379 1521 4454 quia
1571 4381 1910 4455 frequenter
1956 4398 2062 4456 per
2095 4385 2139 4439 D

400 4468 556 4525 hanc
580 4469 956 4527 indecentem
987 4470 1370 4527 occasionem
1395 4471 1640 4542 contigit
1668 4474 1733 4528 ut
1760 4471 2058 4542 diabolus,

399 4557 504 4630 qui
523 4558 839 4615 insidiatur
869 4558 1017 4616 sicut
1048 4559 1219 4616 leoin
1251 4558 1433 4616 cubili
1463 4575 1593 4628 suo,
1625 4560 1700 4616 de
1730 4560 1917 4616 ruinis
1938 4576 2060 4616 ser-

397 4662 613 4704 vorum
640 4647 740 4703 Dei
764 4646 1026 4704 insultet.
1072 4647 1130 4705 Si
1160 4647 1295 4719 quis
1327 4663 1467 4703 vero
1495 4646 1742 4703 clericus
1774 4652 1910 4720 post
1971 4646 2061 4703 in-

396 4736 712 4793 terdictum
738 4737 1001 4810 episcopi
1035 4736 1126 4792 sui
1156 4736 1368 4793 illicitis
1410 4735 1916 4792 familiaritatibus
1964 4753 2061 4793 ex-

397 4830 741 4882 tranearum
766 4826 1127 4883 feminarum
1154 4826 1405 4883 voluerit
1444 4826 1753 4895 inhaerere,
1802 4842 1838 4881 a
1890 4842 2057 4883 com-

397 4913 687 4969 munione
721 4913 1015 4971 habeatur
1053 4914 1304 4973 alienus.

397 5020 483 5074 De
510 5021 713 5075 eadem
742 5035 825 5076 re.
860 5023 957 5077 Ex
987 5022 1242 5077 concilio
1271 5020 1666 5090 Nannetensi,
1696 5022 1963 5092 capitulo
2002 5026 2053 5079 6.

469 5124 600 5181 CIV.
634 5125 887 5195 (Concil.
922 5128 1183 5185 Nannet.
1218 5144 1269 5185 c.
1300 5133 1330 5186 3
1358 5146 1371 5197 ;
1400 5127 1502 5187 lib.
1530 5144 1606 5184 vn
1641 5127 2053 5198 Capitutar.c.

395 5213 492 5271 291
521 5232 533 5281 ;
578 5216 893 5271 Βυιιειιλιιι).
925 5214 1028 5273 lib.
1054 5232 1115 5288 ιι,
1138 5233 1187 5274 c.
1222 5217 1369 5286 116.)
1402 5215 1804 5275 inhibendum
1830 5220 1888 5272 et
1930 5232 2056 5273 mo-

395 5300 488 5356 dis
517 5301 800 5356 omnibus
827 5302 1341 5363 interminandum
1371 5308 1460 5363 est
1493 5309 1554 5362 ut
1602 5303 1806 5363 nullus
1865 5320 2056 5362 sacer-

393 5389 506 5445 dos
532 5405 635 5445 eas
657 5406 947 5462 personas
977 5393 1362 5463 feminarum,
1409 5394 1560 5450 sicut
1604 5398 1661 5449 et
1708 5393 1768 5449 in
1822 5408 2055 5450 canone

386 5479 681 5535 insertum
713 5481 1070 5552 continetur,
1096 5481 1172 5536 de
1201 5482 1423 5554 quibus
1467 5482 1732 5555 suspicio
1778 5497 1912 5538 esse
1950 5498 2057 5556 po-

392 5572 523 5637 test,
556 5569 615 5625 in
636 5569 821 5627 domo
850 5587 961 5627 sua
994 5568 1215 5626 habeat
1244 5588 1256 5639 ;
1289 5568 1396 5625 sed
1414 5583 1608 5643 neque
1634 5571 1765 5629 illas
1778 5586 1934 5645 quas
1959 5586 2056 5629 ca-

391 5674 581 5725 nones
613 5661 953 5721 concedunt
976 5657 1139 5731 (quia
1159 5657 1476 5728 instigante
1516 5659 1760 5718 diabolo
1780 5660 1960 5717 etiam
1989 5658 2051 5716 in

2157 409 2336 467 etiam
2358 409 2418 466 in
2438 407 2784 486 pedisequis
2812 406 3098 485 illarum),
3132 404 3351 464 scilicet
3371 408 3646 480 matrem,
3674 412 3816 469 ami-

2156 504 2300 568 tam,
2336 515 2622 559 sororem.
2659 500 2772 557 Sed
2804 500 2851 556 si
2883 499 3024 575 quis
3053 498 3128 555 de
3164 498 3256 555 his
3300 496 3579 555 habuerit
3637 500 3815 559 talem

2154 589 2565 647 necessitatem
2600 588 2929 662 patientem
2962 586 3056 644 cui
3088 587 3163 644 sit
3211 586 3543 644 necessitas
3594 593 3818 647 susten-

2154 678 2296 737 tatio
2329 676 2687 753 presbyteri,
2721 676 2943 736 habeat
2971 675 3031 733 in
3062 676 3197 733 vico
3250 680 3354 734 aut
3404 675 3467 732 in
3514 676 3655 734 villa
3707 677 3815 734 do-

2154 783 2325 826 mum
2348 767 2528 838 longe
2553 783 2589 824 a
2618 767 2949 842 presbyteri
2984 765 3457 833 conversatione,
3503 769 3561 823 et
3596 764 3678 824 ibi
3733 767 3815 827 eis

2156 857 2719 930 subministretqum
2747 858 3085 913 necessaria
3135 856 3290 912 sunt.
3323 854 3437 912 Sed
3490 859 3546 912 et
3586 856 3700 913 hoc
3728 874 3817 915 se~

2156 945 2424 1001 cundum
2452 946 2861 1001 auctoritatem
2894 944 3249 1004 canonicam
3280 941 3481 999 modis
3536 943 3816 1001 omnibus

2157 1035 2627 1108 prohibendum,
2662 1040 2726 1092 ut
2756 1030 2923 1093 nulla
2952 1034 3176 1092 femina
3212 1032 3292 1090 ad
3344 1033 3530 1091 altare
3590 1050 3817 1107 praesu-

2159 1128 2286 1181 mat
2312 1124 2597 1181 accedere
2625 1129 2728 1181 aut
2760 1124 3111 1198 presbytero
3139 1123 3476 1183 ministrare
3506 1127 3609 1181 aut
3662 1124 3821 1183 infra

2162 1212 2463 1268 cancellos
2497 1216 2651 1268 stare
2680 1218 2784 1268 aut
2808 1213 3032 1273 sedere.

2158 1302 2246 1358 De
2276 1302 2591 1358 visitandis
2621 1317 2657 1358 a
2692 1302 3045 1372 presbytero
3082 1302 3359 1371 inﬁrmis.
3420 1301 3583 1357 Unde
3610 1317 3816 1371 supra.

2234 1393 2340 1449 CV.
2374 1391 2629 1462 (Concil.
2661 1392 2926 1448 Nannet.
2969 1407 3022 1446 ο.
3055 1393 3086 1446 4
3114 1408 3128 1460 ;
3160 1391 3485 1447 Buncuann.
3525 1389 3626 1449 lib.
3682 1408 3823 1448 xvui

2162 1481 2227 1536 in
2257 1481 2676 1552 Argumenta.)
2724 1480 2870 1536 Cum
2921 1478 3203 1536 sacerdos
3257 1478 3515 1537 audierit
3563 1479 3821 1554 aliquem

2164 1571 2213 1640 7
2235 1571 2276 1640 1
2313 1568 2607 1627 infirmari
2638 1569 2700 1626 in
2732 1585 2843 1626 sua
2871 1568 3068 1642 plebe,
3099 1584 3284 1641 quam
3342 1569 3515 1625 citius
3560 1569 3634 1629 ad
3683 1586 3825 1627 eum

2094 1676 2138 1729 Β
2163 1662 2395 1733 pergat,
2428 1663 2485 1715 et
2512 1658 2819 1728 ingressus
2872 1657 3241 1726 cubiculum,
3296 1673 3526 1733 aquam
3545 1658 3826 1719 benedic-

2165 1751 2291 1805 tam
2319 1762 2501 1819 super
2524 1762 2662 1803 eum
2690 1750 2748 1802 et
2771 1762 2876 1821 per
2915 1762 3096 1803 omne
3126 1746 3476 1805 cubiculum
3525 1751 3824 1823 aspergat,

2164 1852 2305 1893 cum
2344 1835 2678 1908 antiphona
2729 1837 3024 1907 Asperges
3077 1851 3188 1905 me,
3219 1837 3493 1909 Domine,
3533 1841 3590 1895 et
3644 1852 3822 1895 versu

2166 1925 2476 1995 Exsurgat
2520 1925 2700 1980 Deus.
2750 1924 2971 1980 Deinde
3011 1924 3169 1980 dicat
3221 1925 3593 1985 orationem:
3643 1928 3824 1997 Deus,

2163 2014 2269 2084 qui
2294 2013 2698 2069 sacerdotibus
2730 2014 2845 2071 tuis
2878 2019 3110 2071 tantam
3132 2030 3263 2085 prae
3292 2015 3518 2070 ca’teris
3560 2017 3824 2085 gratiam

2164 2103 2492 2158 contulisti.
2549 2101 2771 2158 Deinde
2832 2107 3032 2163 cantet
3087 2107 3317 2177 septem
3356 2102 3625 2177 psalmos
3683 2120 3824 2160 cum

2163 2190 2445 2263 precibus
2464 2207 2574 2263 pro
2603 2191 3022 2250 inﬁrmis.Post
3050 2192 3178 2248 haec
3198 2208 3411 2253 omnes
3430 2192 3640 2266 jubeat
3657 2197 3828 2253 extra.

2167 2278 2515 2336 cubiculum
2542 2279 2837 2351 secedere,
2871 2284 2928 2336 et
2961 2280 3462 2355 appropinquans
3504 2280 3656 2338 lecto
3704 2297 3828 2357 quo

2164 2368 2442 2427 inﬁrmus
2466 2366 2791 2439 decumbit,
2812 2385 2949 2427 eum
2965 2368 3187 2427 blande
3208 2369 3537 2444 leniterque
3558 2370 3832 2445 alloqua-

2169 2461 2281 2523 tur,
2316 2461 2380 2513 ut
2403 2474 2649 2517 omnem
2680 2475 2851 2531 spem
2879 2474 3055 2517 suam
3084 2459 3145 2515 in
3180 2462 3296 2514 Deo
3313 2463 3596 2533 ponat,ut
3618 2458 3828 2529 flagel-

2166 2546 2294 2601 lum
2328 2546 2425 2602 Dei
2456 2547 2745 2619 patienter
2771 2547 2993 2617 toleret,
3029 2551 3092 2603 ut
3118 2547 3247 2602 haec
3291 2547 3367 2603 ad
3408 2548 3831 2620 purgationem

2166 2639 2223 2689 et
2246 2634 2700 2704 castigationem
2727 2651 2900 2691 suam
2926 2635 3242 2708 provenire
3264 2636 3485 2705 credat,
3503 2641 3565 2691 ut
3583 2642 3831 2709 peccata

2167 2739 2279 2780 sua
2310 2722 2683 2793 conﬁteatur,
2738 2728 2801 2781 ut
2851 2724 3337 2783 emendationem
3391 2725 3725 2798 promittat,
3786 2725 3832 2781 si

2167 2812 2451 2870 dominus
2468 2813 2652 2871 vitam
2683 2815 3060 2881 concesserit,
3081 2815 3490 2887 pamitentiam
3503 2831 3611 2887 pro
3632 2814 3833 2888 culpis

2168 2901 2506 2958 commissis
2539 2902 2850 2975 spondeat,
2886 2907 2951 2959 ut
2980 2902 3381 2961 substantiam
3424 2920 3619 2973 suam,
3683 2903 3833 2961 dum

2168 2988 2367 3046 adhuc
2390 3005 2602 3049 sensus
2633 2995 2689 3047 et
2712 2990 2862 3049 ratio
2890 2991 2952 3048 in
2983 3008 3054 3048 eo
3076 2991 3252 3061 viget,
3284 2992 3583 3065 disponat,
3609 2997 3681 3048 ut
3702 3008 3837 3066 pec-

2168 3083 2301 3137 cata
2328 3096 2438 3137 sua
2474 3080 2870 3153 eleemosynis
2900 3081 3175 3148 redimat.
3208 3086 3272 3139 ut
3290 3081 3384 3138 his
3409 3082 3583 3155 quiin
3608 3098 3677 3139 se
3701 3097 3835 3155 pec-

2171 3174 2456 3227 caverunt
2468 3169 2800 3240 indulgeat.
2815 3176 2880 3227 ut
2894 3174 3119 3231 rectam
3139 3172 3322 3233 fidem
3343 3176 3402 3227 et
3417 3170 3837 3231 credulitatem

2168 3263 2386 3330 teneat,
2415 3265 2479 3315 ut
2498 3259 2573 3315 de
2603 3261 2703 3315 Dei
2736 3260 3143 3316 misericordia
3185 3276 3500 3333 nunquam
3529 3260 3832 3334 desperet.

2170 3352 2319 3407 Cum
2350 3349 2442 3404 his
2468 3354 2525 3406 et
2544 3350 3442 3431 hujtiscemodiallocutionibus
3463 3350 3640 3407 fuerit
3663 3366 3838 3410 mens

2168 3438 2391 3494 inﬁrmi
2418 3438 2697 3508 relevate,
2729 3440 2871 3497 data
2903 3439 3316 3497 benedictione
3356 3439 3641 3498 sacerdos
3688 3455 3843 3501 rece-

2170 3527 2295 3597 dat,
2325 3544 2446 3585 non
2478 3534 2615 3601 post
2645 3529 2903 3587 multum
2931 3546 3300 3598 reversurus,
3360 3530 3579 3603 detque
3629 3529 3843 3587 locum

2168 3619 2235 3673 ut
2252 3621 2514 3685 aegrotus
2542 3617 2618 3674 de
2647 3619 2907 3691 peccatis
2934 3619 3057 3677 suis
3088 3619 3279 3692 possit
3299 3619 3577 3689 cogitare.

2169 3708 2257 3763 De
2284 3708 2542 3777 inﬁrmis
2570 3710 2678 3779 qui
2705 3711 3068 3777 conﬁtentur
3096 3716 3347 3780 peccata
3373 3724 3483 3766 sua
3529 3715 3582 3766 et
3636 3726 3707 3768 se
3760 3724 3850 3766 re-

2403 3798 2723 3853 conciliari
2748 3805 3097 3867 exposcunt.
3127 3800 3224 3857 Ea:
3251 3816 3367 3871 quo
3393 3812 3603 3870 supra.

2241 3887 2373 3943 CVI.
2406 3886 2659 3952 (Concil.
2689 3888 2952 3946 Nannet.
2977 3905 3028 3945 c.
3061 3893 3092 3945 5
3119 3908 3132 3956 ;
3167 3891 3484 3946 Buncnann.
3516 3888 3623 3946 lib.
3668 3904 3839 3956 xviii,

2169 3990 2221 4031 c.
2251 3974 2326 4048 3.)
2361 3974 2657 4048 inﬁrmus,
2685 3976 2817 4049 qui,
2850 3977 3238 4035 necoessitate
3295 3979 3505 4035 mortis
3556 3984 3842 4050 urgente,

2170 4063 2485 4121 conﬁtetur
2504 4068 2752 4137 peccata
2779 4082 2912 4137 sua,
2945 4066 3058 4123 sub
3092 4082 3159 4123 ea
3191 4066 3533 4125 conditione
3562 4083 3603 4123 a
3647 4082 3848 4126 sacer-

2169 4150 2307 4207 dote
2334 4153 2762 4219 reconcilietur,
2800 4159 2861 4211 ut
2886 4156 2935 4211 si
2964 4156 3017 4211 ei
3049 4155 3333 4215 Dominus
3357 4156 3538 4213 vitam
3567 4156 3850 4214 donave'

2167 4240 2240 4297 rit
2266 4241 2707 4314 sanitatemque
2737 4244 3083 4315 reddiderit,
3114 4246 3164 4318 7
3179 4246 3230 4317 α
3255 4246 3592 4303 secundum
3642 4246 3849 4320 quali-

2168 4334 2347 4389 tatem
2379 4331 2577 4389 delicti
2601 4333 2967 4391 omnimodis
2994 4335 3299 4407 pamlteat.

2166 4420 2254 4477 De
2281 4422 2742 4480 reconciliandis
2803 4424 3079 4493 inﬁrmis.
3138 4426 3236 4483 Ex
3277 4426 3529 4483 concilio
3557 4426 3848 4483 Niceno.

2238 4510 2395 4566 CVll.
2422 4510 2673 4580 (Concit.
2703 4513 2932 4569 Nic-am.
2957 4529 3008 4569 c.
3037 4518 3101 4570 l3
3131 4532 3142 4581 ;
3175 4516 3500 4571 Buncnsen.
3524 4514 3634 4571 lib.
3678 4531 3853 4581 xvin,

2165 4612 2217 4653 c.
2243 4599 2321 4669 6.)
2353 4600 2431 4653 De
2461 4598 2554 4655 his
2584 4598 2688 4671 qui
2700 4600 2775 4656 ad
2796 4601 3023 4659 exitum
3046 4602 3309 4665 veniunt.
3344 4604 3521 4663 etiam
3551 4619 3733 4661 nunc
3758 4620 3853 4660 re-

2164 4684 2388 4742 laxatio
2417 4687 2667 4759 antiqua
2691 4688 3101 4761 regularisque
3140 4691 3494 4760 servabitur,
3526 4693 3612 4749 ita
3669 4699 3743 4750 ut
3807 4693 3856 4749 si

2165 4773 2300 4845 quis
2330 4775 2632 4844 egreditur
2660 4792 2692 4832 θ
2724 4792 2994 4848 corpore,
3032 4779 3241 4836 ultimo
3268 4785 3327 4836 et
3355 4782 3709 4839 necessario
3728 4783 3856 4839 via-

2166 4863 2281 4919 tico
2325 4862 2572 4923 minime
2619 4864 2927 4938 privetur;
2985 4883 3110 4939 quo
3135 4867 3184 4923 si
3221 4868 3315 4925 vel
3340 4869 3735 4941 desperat—us,
3800 4876 3861 4927 et

2166 4958 2525 5009 consecutus
2583 4955 3094 5022 communionem,
3150 4956 3596 5029 oblationisque
3666 4959 3860 5032 parti-

2164 5055 2307 5112 ceps
2329 5040 2546 5112 factus,
2574 5042 2789 5100 iterum
2837 5043 3224 5113 convaluerit,
3258 5046 3331 5101 sit
3374 5046 3525 5103 inter
3564 5063 3687 5103 eos
3745 5046 3859 5120 qui

2163 5130 2659 5191 communionem
2689 5131 2976 5191 orationis
3005 5135 3426 5192 tantummodo
3454 5149 3860 5209 consequun-

2164 5222 2274 5274 tur.
2310 5220 2671 5279 Generaliter
2700 5234 2905 5279 autem
2935 5224 3100 5281 omni
3130 5224 3374 5280 cuilibet
3399 5224 3460 5280 in
3481 5223 3659 5282 exitu
3682 5224 3861 5299 posi-

2163 5311 2221 5364 to
2250 5314 2309 5365 et
2343 5312 2613 5381 poscenti
2643 5309 2759 5366 sibi
2814 5313 3259 5371 communionis
3318 5313 3570 5383 gratiam
3636 5315 3858 5383 tribui,

2162 5397 2482 5471 episcopus
2505 5399 2895 5473 probabiliter
2923 5416 2997 5457 ex
3025 5401 3329 5458 oblatione
3358 5406 3502 5458 dare
3556 5402 3860 5462 debebit.

2330 5488 2416 5542 De
2443 5487 2645 5543 eadem
2681 5501 2762 5543 re.
2816 5487 2917 5543 Ex
2941 5488 3194 5556 epistola
3221 5490 3432 5545 Leonis
3450 5502 3667 5558 papas.

2232 5574 2410 5631 CVlll.
2450 5578 2582 5644 (Leo
2615 5578 2654 5645 l,
2683 5591 2773 5649 ep.
2808 5577 2871 5632 91
2904 5592 2918 5644 ;
2948 5578 3266 5637 Buacman.
3298 5576 3400 5633 lib.
3455 5593 3635 5647 xvm,
3671 5594 3737 5637 c.
3774 5581 3863 5653 4.)

2172 5661 2267 5719 His
2298 5664 2499 5720 autem
2526 5663 2627 5739 qui
2658 5664 2715 5731 in
2744 5668 3011 5742 tempore
3032 5666 3401 5727 necessitatis
3422 5665 3554 5722 etin
3576 5668 3863 5741 periculi
