  <div class='ocr_page' id='page_1' title='image "/cluster/home/n/w/nwhite01/storage/ocr_20150623/132/hvd.32044054759931/112.png"; bbox 0 0 4044 6196; ppageno 0'>
   <div class='ocr_carea' id='block_1_1' title="bbox 241 177 343 241">
    <p class='ocr_par' dir='ltr' id='par_1_1' title="bbox 241 177 343 241">
     <span class='ocr_line' id='line_1_1' title="bbox 241 177 343 241; baseline 0.029 -11"><span class='ocrx_word' id='word_1_1' title='bbox 241 177 343 241; x_wconf 56' lang='grc'>29</span> 
     </span>
    </p>
   </div>
   <div class='ocr_carea' id='block_1_2' title="bbox 1193 169 2704 241">
    <p class='ocr_par' dir='ltr' id='par_1_2' title="bbox 1193 169 2704 241">
     <span class='ocr_line' id='line_1_2' title="bbox 1193 169 2704 241; baseline 0 -16"><span class='ocrx_word' id='word_1_2' title='bbox 1193 171 1282 226; x_wconf 77' lang='lat' dir='ltr'>cs</span> <span class='ocrx_word' id='word_1_3' title='bbox 1321 171 1602 241; x_wconf 58' lang='lat' dir='ltr'>access.</span> <span class='ocrx_word' id='word_1_4' title='bbox 1646 169 1939 229; x_wconf 83' lang='lat' dir='ltr'>DISCIPL.</span> <span class='ocrx_word' id='word_1_5' title='bbox 1980 169 2159 237; x_wconf 70' lang='lat' dir='ltr'>ueni</span> <span class='ocrx_word' id='word_1_6' title='bbox 2198 169 2342 227; x_wconf 83' lang='lat' dir='ltr'>nuo</span> <span class='ocrx_word' id='word_1_7' title='bbox 2378 199 2449 210; x_wconf 91' lang='grc'><strong>-</strong></span> <span class='ocrx_word' id='word_1_8' title='bbox 2487 171 2616 235; x_wconf 76' lang='lat' dir='ltr'>Lis.</span> <span class='ocrx_word' id='word_1_9' title='bbox 2660 173 2704 225; x_wconf 84' lang='grc' dir='ltr'><strong>ι.</strong></span> 
     </span>
    </p>
   </div>
   <div class='ocr_carea' id='block_1_3' title="bbox 3531 174 3667 245">
    <p class='ocr_par' dir='ltr' id='par_1_3' title="bbox 3531 174 3667 245">
     <span class='ocr_line' id='line_1_3' title="bbox 3531 174 3667 245; baseline 0.029 -17"><span class='ocrx_word' id='word_1_10' title='bbox 3531 174 3667 245; x_wconf 61' lang='grc' dir='ltr'>ω,</span> 
     </span>
    </p>
   </div>
   <div class='ocr_carea' id='block_1_4' title="bbox 243 293 3641 371">
    <p class='ocr_par' dir='ltr' id='par_1_4' title="bbox 243 293 3641 371">
     <span class='ocr_line' id='line_1_4' title="bbox 243 293 3641 371; baseline 0 -18"><span class='ocrx_word' id='word_1_11' title='bbox 243 295 487 370; x_wconf 69' lang='lat' dir='ltr'>iii-gentis</span> <span class='ocrx_word' id='word_1_12' title='bbox 509 293 803 365; x_wconf 73' lang='lat' dir='ltr'>instantia</span> <span class='ocrx_word' id='word_1_13' title='bbox 825 294 1176 367; x_wconf 69' lang='lat' dir='ltr'>praesidium</span> <span class='ocrx_word' id='word_1_14' title='bbox 1204 295 1587 371; x_wconf 52' lang='lat' dir='ltr'>panitentiaa,</span> <span class='ocrx_word' id='word_1_15' title='bbox 1618 312 1763 357; x_wconf 79' lang='lat' dir='ltr'>mox</span> <span class='ocrx_word' id='word_1_16' title='bbox 1784 310 1875 351; x_wconf 90' lang='lat' dir='ltr'>re-</span> <span class='ocrx_word' id='word_1_17' title='bbox 1910 296 1958 350; x_wconf 82' lang='grc' dir='ltr'><strong>Λ</strong></span> <span class='ocrx_word' id='word_1_18' title='bbox 1989 295 2074 351; x_wconf 88' lang='lat' dir='ltr'>De</span> <span class='ocrx_word' id='word_1_19' title='bbox 2102 296 2526 363; x_wconf 54' lang='lat' dir='ltr'>pernitentibus</span> <span class='ocrx_word' id='word_1_20' title='bbox 2556 296 2750 371; x_wconf 85' lang='lat' dir='ltr'>subito</span> <span class='ocrx_word' id='word_1_21' title='bbox 2786 294 3060 371; x_wconf 71' lang='lat' dir='ltr'>mortuis.</span> <span class='ocrx_word' id='word_1_22' title='bbox 3099 293 3199 350; x_wconf 67' lang='lat' dir='ltr'>Ea:</span> <span class='ocrx_word' id='word_1_23' title='bbox 3229 296 3475 363; x_wconf 76' lang='lat' dir='ltr'>consilio</span> <span class='ocrx_word' id='word_1_24' title='bbox 3524 298 3641 365; x_wconf 83' lang='lat' dir='ltr'>Va-</span> 
     </span>
    </p>
   </div>
   <div class='ocr_carea' id='block_1_5' title="bbox 243 382 1875 456">
    <p class='ocr_par' dir='ltr' id='par_1_5' title="bbox 243 382 1875 456">
     <span class='ocr_line' id='line_1_5' title="bbox 243 382 1875 456; baseline -0.003 -12"><span class='ocrx_word' id='word_1_25' title='bbox 243 382 648 453; x_wconf 81' lang='lat' dir='ltr'>conciliationis</span> <span class='ocrx_word' id='word_1_26' title='bbox 691 382 1036 456; x_wconf 86' lang='lat' dir='ltr'>implorant,</span> <span class='ocrx_word' id='word_1_27' title='bbox 1086 401 1197 447; x_wconf 84' lang='lat' dir='ltr'>nec</span> <span class='ocrx_word' id='word_1_28' title='bbox 1250 385 1577 445; x_wconf 81' lang='lat' dir='ltr'>satisfactio</span> <span class='ocrx_word' id='word_1_29' title='bbox 1631 383 1875 443; x_wconf 87' lang='lat' dir='ltr'>interdi-</span> 
     </span>
    </p>
   </div>
   <div class='ocr_carea' id='block_1_6' title="bbox 239 473 1878 549">
    <p class='ocr_par' dir='ltr' id='par_1_6' title="bbox 239 473 1878 549">
     <span class='ocr_line' id='line_1_6' title="bbox 239 473 1878 549; baseline -0.002 -15"><span class='ocrx_word' id='word_1_30' title='bbox 239 475 415 549; x_wconf 75' lang='lat' dir='ltr'>cenda</span> <span class='ocrx_word' id='word_1_31' title='bbox 430 476 539 543; x_wconf 70' lang='lat' dir='ltr'>est,</span> <span class='ocrx_word' id='word_1_32' title='bbox 552 488 667 531; x_wconf 87' lang='lat' dir='ltr'>nec</span> <span class='ocrx_word' id='word_1_33' title='bbox 684 473 1086 535; x_wconf 79' lang='lat' dir='ltr'>reconciliatio</span> <span class='ocrx_word' id='word_1_34' title='bbox 1113 475 1472 546; x_wconf 80' lang='lat' dir='ltr'>deneganda</span> <span class='ocrx_word' id='word_1_35' title='bbox 1497 495 1513 547; x_wconf 79' lang='grc'><strong>;</strong></span> <span class='ocrx_word' id='word_1_36' title='bbox 1537 475 1683 549; x_wconf 86' lang='lat' dir='ltr'>quia</span> <span class='ocrx_word' id='word_1_37' title='bbox 1700 474 1878 533; x_wconf 89' lang='lat' dir='ltr'>mise-</span> 
     </span>
    </p>
   </div>
   <div class='ocr_carea' id='block_1_7' title="bbox 235 560 1878 638">
    <p class='ocr_par' dir='ltr' id='par_1_7' title="bbox 235 560 1878 638">
     <span class='ocr_line' id='line_1_7' title="bbox 235 560 1878 638; baseline -0.002 -17"><span class='ocrx_word' id='word_1_38' title='bbox 235 561 489 621; x_wconf 79' lang='lat' dir='ltr'>ricordiae</span> <span class='ocrx_word' id='word_1_39' title='bbox 514 560 621 623; x_wconf 83' lang='lat' dir='ltr'>Dei</span> <span class='ocrx_word' id='word_1_40' title='bbox 649 576 763 627; x_wconf 87' lang='lat' dir='ltr'>nec</span> <span class='ocrx_word' id='word_1_41' title='bbox 790 578 1116 629; x_wconf 82' lang='lat' dir='ltr'>mensuras</span> <span class='ocrx_word' id='word_1_42' title='bbox 1143 579 1470 638; x_wconf 87' lang='lat' dir='ltr'>possumus</span> <span class='ocrx_word' id='word_1_43' title='bbox 1499 579 1744 637; x_wconf 87' lang='lat' dir='ltr'>ponere,</span> <span class='ocrx_word' id='word_1_44' title='bbox 1766 578 1878 618; x_wconf 91' lang='lat' dir='ltr'>nec</span> 
     </span>
    </p>
   </div>
   <div class='ocr_carea' id='block_1_8' title="bbox 239 650 1879 726">
    <p class='ocr_par' dir='ltr' id='par_1_8' title="bbox 239 650 1879 726">
     <span class='ocr_line' id='line_1_8' title="bbox 239 650 1879 726; baseline -0.003 -15"><span class='ocrx_word' id='word_1_45' title='bbox 239 659 495 726; x_wconf 71' lang='lat' dir='ltr'>tempora</span> <span class='ocrx_word' id='word_1_46' title='bbox 518 650 795 725; x_wconf 53' lang='lat' dir='ltr'>deﬁnire,</span> <span class='ocrx_word' id='word_1_47' title='bbox 818 652 899 708; x_wconf 87' lang='lat' dir='ltr'>ad</span> <span class='ocrx_word' id='word_1_48' title='bbox 948 668 1136 725; x_wconf 84' lang='lat' dir='ltr'>quem</span> <span class='ocrx_word' id='word_1_49' title='bbox 1184 652 1353 709; x_wconf 85' lang='lat' dir='ltr'>nulla</span> <span class='ocrx_word' id='word_1_50' title='bbox 1396 652 1648 726; x_wconf 76' lang='lat' dir='ltr'>impedit</span> <span class='ocrx_word' id='word_1_51' title='bbox 1674 651 1879 717; x_wconf 84' lang='lat' dir='ltr'>venire</span> 
     </span>
    </p>
   </div>
   <div class='ocr_carea' id='block_1_9' title="bbox 234 740 1876 816">
    <p class='ocr_par' dir='ltr' id='par_1_9' title="bbox 234 740 1876 816">
     <span class='ocr_line' id='line_1_9' title="bbox 234 740 1876 816; baseline -0.001 -19"><span class='ocrx_word' id='word_1_52' title='bbox 234 740 428 811; x_wconf 79' lang='lat' dir='ltr'>mortis</span> <span class='ocrx_word' id='word_1_53' title='bbox 456 740 798 815; x_wconf 70' lang='lat' dir='ltr'>conversio,</span> <span class='ocrx_word' id='word_1_54' title='bbox 825 740 1057 801; x_wconf 82' lang='lat' dir='ltr'>dicente</span> <span class='ocrx_word' id='word_1_55' title='bbox 1088 741 1190 799; x_wconf 85' lang='lat' dir='ltr'>Dei</span> <span class='ocrx_word' id='word_1_56' title='bbox 1220 742 1440 815; x_wconf 86' lang='lat' dir='ltr'>Spiritu</span> <span class='ocrx_word' id='word_1_57' title='bbox 1467 758 1574 816; x_wconf 90' lang='lat' dir='ltr'>per</span> <span class='ocrx_word' id='word_1_58' title='bbox 1614 740 1876 814; x_wconf 86' lang='lat' dir='ltr'>Prophe-</span> 
     </span>
    </p>
   </div>
   <div class='ocr_carea' id='block_1_10' title="bbox 240 829 1872 900">
    <p class='ocr_par' dir='ltr' id='par_1_10' title="bbox 240 829 1872 900">
     <span class='ocr_line' id='line_1_10' title="bbox 240 829 1872 900; baseline -0.002 -13"><span class='ocrx_word' id='word_1_59' title='bbox 240 836 381 887; x_wconf 87' lang='lat' dir='ltr'>tam:</span> <span class='ocrx_word' id='word_1_60' title='bbox 404 829 551 885; x_wconf 85' lang='lat' dir='ltr'>Cum</span> <span class='ocrx_word' id='word_1_61' title='bbox 581 844 899 889; x_wconf 84' lang='lat' dir='ltr'>conversus</span> <span class='ocrx_word' id='word_1_62' title='bbox 924 830 1302 900; x_wconf 84' lang='lat' dir='ltr'>ingemueris,</span> <span class='ocrx_word' id='word_1_63' title='bbox 1332 836 1474 887; x_wconf 87' lang='lat' dir='ltr'>tunc</span> <span class='ocrx_word' id='word_1_64' title='bbox 1505 832 1708 895; x_wconf 81' lang='lat' dir='ltr'>salvus</span> <span class='ocrx_word' id='word_1_65' title='bbox 1736 829 1872 887; x_wconf 81' lang='lat' dir='ltr'>eris.</span> 
     </span>
    </p>
   </div>
   <div class='ocr_carea' id='block_1_11' title="bbox 233 917 1873 991">
    <p class='ocr_par' dir='ltr' id='par_1_11' title="bbox 233 917 1873 991">
     <span class='ocr_line' id='line_1_11' title="bbox 233 917 1873 991; baseline -0.002 -15"><span class='ocrx_word' id='word_1_66' title='bbox 233 920 295 989; x_wconf 79' lang='lat' dir='ltr'>Et</span> <span class='ocrx_word' id='word_1_67' title='bbox 318 917 488 983; x_wconf 81' lang='lat' dir='ltr'>alibi:</span> <span class='ocrx_word' id='word_1_68' title='bbox 517 919 631 979; x_wconf 84' lang='lat' dir='ltr'>Dic</span> <span class='ocrx_word' id='word_1_69' title='bbox 660 919 1003 990; x_wconf 52' lang='lat' dir='ltr'>turbuitates</span> <span class='ocrx_word' id='word_1_70' title='bbox 1031 925 1167 979; x_wconf 83' lang='lat' dir='ltr'>tuas</span> <span class='ocrx_word' id='word_1_71' title='bbox 1194 920 1383 989; x_wconf 85' lang='lat' dir='ltr'>prior,</span> <span class='ocrx_word' id='word_1_72' title='bbox 1418 929 1480 979; x_wconf 84' lang='lat' dir='ltr'>ut</span> <span class='ocrx_word' id='word_1_73' title='bbox 1501 920 1873 991; x_wconf 79' lang='lat' dir='ltr'>justiﬁceris.</span> 
     </span>
    </p>
   </div>
   <div class='ocr_carea' id='block_1_12' title="bbox 236 1008 1878 1079">
    <p class='ocr_par' dir='ltr' id='par_1_12' title="bbox 236 1008 1878 1079">
     <span class='ocr_line' id='line_1_12' title="bbox 236 1008 1878 1079; baseline 0 -14"><span class='ocrx_word' id='word_1_74' title='bbox 236 1015 401 1069; x_wconf 87' lang='lat' dir='ltr'>Item:</span> <span class='ocrx_word' id='word_1_75' title='bbox 454 1008 609 1077; x_wconf 80' lang='lat' dir='ltr'>Quia</span> <span class='ocrx_word' id='word_1_76' title='bbox 640 1008 808 1078; x_wconf 83' lang='lat' dir='ltr'>apud</span> <span class='ocrx_word' id='word_1_77' title='bbox 856 1009 1176 1066; x_wconf 70' lang='lat' dir='ltr'>Dominum</span> <span class='ocrx_word' id='word_1_78' title='bbox 1224 1010 1636 1077; x_wconf 74' lang='lat' dir='ltr'>misericordia</span> <span class='ocrx_word' id='word_1_79' title='bbox 1688 1015 1794 1079; x_wconf 83' lang='lat' dir='ltr'>est,</span> <span class='ocrx_word' id='word_1_80' title='bbox 1826 1018 1878 1065; x_wconf 83' lang='lat' dir='ltr'>et</span> 
     </span>
    </p>
   </div>
   <div class='ocr_carea' id='block_1_13' title="bbox 231 1097 1877 1171">
    <p class='ocr_par' dir='ltr' id='par_1_13' title="bbox 231 1097 1877 1171">
     <span class='ocr_line' id='line_1_13' title="bbox 231 1097 1877 1171; baseline 0.002 -17"><span class='ocrx_word' id='word_1_81' title='bbox 231 1100 456 1170; x_wconf 78' lang='lat' dir='ltr'>copiosa</span> <span class='ocrx_word' id='word_1_82' title='bbox 487 1098 657 1168; x_wconf 82' lang='lat' dir='ltr'>apud</span> <span class='ocrx_word' id='word_1_83' title='bbox 686 1113 817 1157; x_wconf 82' lang='lat' dir='ltr'>eum</span> <span class='ocrx_word' id='word_1_84' title='bbox 836 1098 1182 1171; x_wconf 71' lang='lat' dir='ltr'>redemptio.</span> <span class='ocrx_word' id='word_1_85' title='bbox 1215 1102 1281 1156; x_wconf 91' lang='lat' dir='ltr'><strong>In</strong></span> <span class='ocrx_word' id='word_1_86' title='bbox 1311 1097 1735 1171; x_wconf 86' lang='lat' dir='ltr'>dispensandis</span> <span class='ocrx_word' id='word_1_87' title='bbox 1768 1098 1877 1157; x_wconf 88' lang='lat' dir='ltr'>ita-</span> 
     </span>
    </p>
   </div>
   <div class='ocr_carea' id='block_1_14' title="bbox 228 1186 1881 1267">
    <p class='ocr_par' dir='ltr' id='par_1_14' title="bbox 228 1186 1881 1267">
     <span class='ocr_line' id='line_1_14' title="bbox 228 1186 1881 1267; baseline 0 -22"><span class='ocrx_word' id='word_1_88' title='bbox 228 1204 340 1267; x_wconf 83' lang='lat' dir='ltr'>que</span> <span class='ocrx_word' id='word_1_89' title='bbox 363 1186 541 1255; x_wconf 89' lang='lat' dir='ltr'>donis</span> <span class='ocrx_word' id='word_1_90' title='bbox 576 1187 679 1247; x_wconf 90' lang='lat' dir='ltr'>Dei</span> <span class='ocrx_word' id='word_1_91' title='bbox 708 1202 833 1244; x_wconf 90' lang='lat' dir='ltr'>non</span> <span class='ocrx_word' id='word_1_92' title='bbox 862 1187 1159 1251; x_wconf 85' lang='lat' dir='ltr'>debemus</span> <span class='ocrx_word' id='word_1_93' title='bbox 1190 1204 1322 1245; x_wconf 89' lang='lat' dir='ltr'>esse</span> <span class='ocrx_word' id='word_1_94' title='bbox 1352 1187 1628 1246; x_wconf 76' lang='lat' dir='ltr'>difﬁciles</span> <span class='ocrx_word' id='word_1_95' title='bbox 1677 1203 1787 1249; x_wconf 89' lang='lat' dir='ltr'>nec</span> <span class='ocrx_word' id='word_1_96' title='bbox 1816 1202 1881 1245; x_wconf 87' lang='lat' dir='ltr'>se</span> 
     </span>
    </p>
   </div>
   <div class='ocr_carea' id='block_1_15' title="bbox 227 1275 1880 1349">
    <p class='ocr_par' dir='ltr' id='par_1_15' title="bbox 227 1275 1880 1349">
     <span class='ocr_line' id='line_1_15' title="bbox 227 1275 1880 1349; baseline -0.002 -15"><span class='ocrx_word' id='word_1_97' title='bbox 227 1276 633 1343; x_wconf 66' lang='lat' dir='ltr'>accusantium</span> <span class='ocrx_word' id='word_1_98' title='bbox 662 1275 919 1345; x_wconf 82' lang='lat' dir='ltr'>gemitus</span> <span class='ocrx_word' id='word_1_99' title='bbox 946 1275 1375 1349; x_wconf 88' lang='lat' dir='ltr'>lacrymasque</span> <span class='ocrx_word' id='word_1_100' title='bbox 1404 1276 1880 1347; x_wconf 86' lang='lat' dir='ltr'>negligere,cum</span> 
     </span>
    </p>
   </div>
   <div class='ocr_carea' id='block_1_16' title="bbox 229 1365 1881 1443">
    <p class='ocr_par' dir='ltr' id='par_1_16' title="bbox 229 1365 1881 1443">
     <span class='ocr_line' id='line_1_16' title="bbox 229 1365 1881 1443; baseline 0.001 -22"><span class='ocrx_word' id='word_1_101' title='bbox 229 1367 419 1439; x_wconf 88' lang='lat' dir='ltr'>ipsam</span> <span class='ocrx_word' id='word_1_102' title='bbox 445 1365 776 1438; x_wconf 78' lang='lat' dir='ltr'>pmnitendi</span> <span class='ocrx_word' id='word_1_103' title='bbox 805 1367 922 1443; x_wconf 74' lang='lat'>73</span> <span class='ocrx_word' id='word_1_104' title='bbox 979 1366 1354 1425; x_wconf 83' lang='lat' dir='ltr'>affectionem</span> <span class='ocrx_word' id='word_1_105' title='bbox 1407 1382 1478 1431; x_wconf 73' lang='lat' dir='ltr'>ex</span> <span class='ocrx_word' id='word_1_106' title='bbox 1532 1367 1633 1424; x_wconf 89' lang='lat' dir='ltr'>Dei</span> <span class='ocrx_word' id='word_1_107' title='bbox 1679 1365 1881 1422; x_wconf 87' lang='lat' dir='ltr'>creda-</span> 
     </span>
    </p>
   </div>
   <div class='ocr_carea' id='block_1_17' title="bbox 229 1455 1883 1529">
    <p class='ocr_par' dir='ltr' id='par_1_17' title="bbox 229 1455 1883 1529">
     <span class='ocr_line' id='line_1_17' title="bbox 229 1455 1883 1529; baseline 0 -16"><span class='ocrx_word' id='word_1_108' title='bbox 229 1472 367 1519; x_wconf 79' lang='lat' dir='ltr'>mus</span> <span class='ocrx_word' id='word_1_109' title='bbox 416 1455 805 1529; x_wconf 81' lang='lat' dir='ltr'>inspiratione</span> <span class='ocrx_word' id='word_1_110' title='bbox 868 1460 1246 1527; x_wconf 82' lang='lat' dir='ltr'>conceptam,</span> <span class='ocrx_word' id='word_1_111' title='bbox 1305 1460 1370 1513; x_wconf 89' lang='lat' dir='ltr'>ut</span> <span class='ocrx_word' id='word_1_112' title='bbox 1424 1455 1780 1529; x_wconf 86' lang='lat' dir='ltr'>resipiscant</span> <span class='ocrx_word' id='word_1_113' title='bbox 1844 1471 1883 1513; x_wconf 89' lang='lat' dir='ltr'>a</span> 
     </span>
    </p>
   </div>
   <div class='ocr_carea' id='block_1_18' title="bbox 227 1543 1883 1619">
    <p class='ocr_par' dir='ltr' id='par_1_18' title="bbox 227 1543 1883 1619">
     <span class='ocr_line' id='line_1_18' title="bbox 227 1543 1883 1619; baseline 0 -20"><span class='ocrx_word' id='word_1_114' title='bbox 227 1543 445 1611; x_wconf 64' lang='lat' dir='ltr'>diaboli</span> <span class='ocrx_word' id='word_1_115' title='bbox 480 1544 741 1618; x_wconf 76' lang='lat' dir='ltr'>laqueis,</span> <span class='ocrx_word' id='word_1_116' title='bbox 781 1562 818 1602; x_wconf 90' lang='lat' dir='ltr'>a</span> <span class='ocrx_word' id='word_1_117' title='bbox 842 1562 965 1618; x_wconf 87' lang='lat' dir='ltr'>quo</span> <span class='ocrx_word' id='word_1_118' title='bbox 994 1545 1210 1619; x_wconf 82' lang='lat' dir='ltr'>captivi</span> <span class='ocrx_word' id='word_1_119' title='bbox 1256 1549 1528 1613; x_wconf 84' lang='lat' dir='ltr'>tenentur</span> <span class='ocrx_word' id='word_1_120' title='bbox 1575 1545 1655 1603; x_wconf 86' lang='lat' dir='ltr'>ad</span> <span class='ocrx_word' id='word_1_121' title='bbox 1692 1544 1883 1617; x_wconf 83' lang='lat' dir='ltr'>ipsius</span> 
     </span>
    </p>
   </div>
   <div class='ocr_carea' id='block_1_19' title="bbox 223 1633 611 1705">
    <p class='ocr_par' dir='ltr' id='par_1_19' title="bbox 223 1633 611 1705">
     <span class='ocr_line' id='line_1_19' title="bbox 223 1633 611 1705; baseline 0 -2"><span class='ocrx_word' id='word_1_122' title='bbox 223 1633 611 1705; x_wconf 59' lang='lat' dir='ltr'>voluntatem!-</span> 
     </span>
    </p>
   </div>
   <div class='ocr_carea' id='block_1_20' title="bbox 460 1740 1627 1811">
    <p class='ocr_par' dir='ltr' id='par_1_20' title="bbox 460 1740 1627 1811">
     <span class='ocr_line' id='line_1_20' title="bbox 460 1740 1627 1811; baseline -0.003 -10"><span class='ocrx_word' id='word_1_123' title='bbox 460 1742 557 1801; x_wconf 75' lang='lat' dir='ltr'>Be</span> <span class='ocrx_word' id='word_1_124' title='bbox 574 1740 789 1799; x_wconf 73' lang='lat' dir='ltr'>eadem</span> <span class='ocrx_word' id='word_1_125' title='bbox 808 1756 892 1798; x_wconf 81' lang='lat' dir='ltr'>re.</span> <span class='ocrx_word' id='word_1_126' title='bbox 916 1742 1018 1801; x_wconf 75' lang='lat' dir='ltr'>Ea:</span> <span class='ocrx_word' id='word_1_127' title='bbox 1038 1743 1286 1801; x_wconf 79' lang='lat' dir='ltr'>consilio</span> <span class='ocrx_word' id='word_1_128' title='bbox 1311 1742 1627 1811; x_wconf 81' lang='lat' dir='ltr'>Africano.</span> 
     </span>
    </p>
   </div>
   <div class='ocr_carea' id='block_1_21' title="bbox 287 1829 1881 1903">
    <p class='ocr_par' dir='ltr' id='par_1_21' title="bbox 287 1829 1881 1903">
     <span class='ocr_line' id='line_1_21' title="bbox 287 1829 1881 1903; baseline 0 -15"><span class='ocrx_word' id='word_1_129' title='bbox 287 1832 417 1888; x_wconf 72' lang='grc' dir='ltr'>ω.</span> <span class='ocrx_word' id='word_1_130' title='bbox 448 1830 658 1898; x_wconf 74' lang='lat' dir='ltr'>(Cone.</span> <span class='ocrx_word' id='word_1_131' title='bbox 677 1830 972 1902; x_wconf 73' lang='lat' dir='ltr'>Carthaq.</span> <span class='ocrx_word' id='word_1_132' title='bbox 992 1846 1053 1900; x_wconf 84' lang='grc' dir='ltr'>ιι,</span> <span class='ocrx_word' id='word_1_133' title='bbox 1078 1847 1130 1887; x_wconf 89' lang='lat' dir='ltr'>c.</span> <span class='ocrx_word' id='word_1_134' title='bbox 1158 1834 1193 1888; x_wconf 74' lang='grc'><strong>4</strong></span> <span class='ocrx_word' id='word_1_135' title='bbox 1216 1848 1231 1899; x_wconf 87' lang='grc'>;</span> <span class='ocrx_word' id='word_1_136' title='bbox 1254 1831 1575 1889; x_wconf 68' lang='grc' dir='ltr'>Βυιιειωω.</span> <span class='ocrx_word' id='word_1_137' title='bbox 1602 1829 1881 1903; x_wconf 54' lang='grc' dir='ltr'>Ιὼῂγηι,</span> 
     </span>
    </p>
   </div>
   <div class='ocr_carea' id='block_1_22' title="bbox 218 1918 1883 1992">
    <p class='ocr_par' dir='ltr' id='par_1_22' title="bbox 218 1918 1883 1992">
     <span class='ocr_line' id='line_1_22' title="bbox 218 1918 1883 1992; baseline 0.003 -17"><span class='ocrx_word' id='word_1_138' title='bbox 218 1936 268 1975; x_wconf 86' lang='lat' dir='ltr'>c.</span> <span class='ocrx_word' id='word_1_139' title='bbox 300 1922 407 1987; x_wconf 72' lang='lat' dir='ltr'>t3).</span> <span class='ocrx_word' id='word_1_140' title='bbox 448 1918 726 1979; x_wconf 72' lang='lat' dir='ltr'>Aurelius</span> <span class='ocrx_word' id='word_1_141' title='bbox 769 1919 1095 1992; x_wconf 85' lang='lat' dir='ltr'>episcopus</span> <span class='ocrx_word' id='word_1_142' title='bbox 1122 1919 1271 1977; x_wconf 76' lang='lat' dir='ltr'>dixit</span> <span class='ocrx_word' id='word_1_143' title='bbox 1302 1938 1315 1976; x_wconf 91' lang='lat'>:</span> <span class='ocrx_word' id='word_1_144' title='bbox 1363 1919 1422 1975; x_wconf 88' lang='lat' dir='ltr'>Si</span> <span class='ocrx_word' id='word_1_145' title='bbox 1450 1919 1780 1992; x_wconf 81' lang='lat' dir='ltr'>quisquam</span> <span class='ocrx_word' id='word_1_146' title='bbox 1817 1919 1883 1979; x_wconf 91' lang='lat' dir='ltr'>in</span> 
     </span>
    </p>
   </div>
   <div class='ocr_carea' id='block_1_23' title="bbox 214 2008 1881 2082">
    <p class='ocr_par' dir='ltr' id='par_1_23' title="bbox 214 2008 1881 2082">
     <span class='ocr_line' id='line_1_23' title="bbox 214 2008 1881 2082; baseline -0.003 -13"><span class='ocrx_word' id='word_1_147' title='bbox 214 2008 483 2082; x_wconf 71' lang='lat' dir='ltr'>periculo</span> <span class='ocrx_word' id='word_1_148' title='bbox 506 2009 685 2069; x_wconf 76' lang='lat' dir='ltr'>fuerit</span> <span class='ocrx_word' id='word_1_149' title='bbox 709 2010 1085 2080; x_wconf 85' lang='lat' dir='ltr'>constitutus,</span> <span class='ocrx_word' id='word_1_150' title='bbox 1097 2014 1160 2067; x_wconf 89' lang='lat' dir='ltr'>et</span> <span class='ocrx_word' id='word_1_151' title='bbox 1184 2026 1249 2067; x_wconf 87' lang='lat' dir='ltr'>se</span> <span class='ocrx_word' id='word_1_152' title='bbox 1275 2008 1644 2069; x_wconf 83' lang='lat' dir='ltr'>reconciliari</span> <span class='ocrx_word' id='word_1_153' title='bbox 1658 2008 1881 2069; x_wconf 81' lang='lat' dir='ltr'>divinis</span> 
     </span>
    </p>
   </div>
   <div class='ocr_carea' id='block_1_24' title="bbox 217 2097 1884 2173">
    <p class='ocr_par' dir='ltr' id='par_1_24' title="bbox 217 2097 1884 2173">
     <span class='ocr_line' id='line_1_24' title="bbox 217 2097 1884 2173; baseline -0.002 -15"><span class='ocrx_word' id='word_1_154' title='bbox 217 2097 516 2158; x_wconf 74' lang='lat' dir='ltr'>altaribus</span> <span class='ocrx_word' id='word_1_155' title='bbox 540 2097 789 2170; x_wconf 80' lang='lat' dir='ltr'>petierit,</span> <span class='ocrx_word' id='word_1_156' title='bbox 825 2099 877 2157; x_wconf 83' lang='lat' dir='ltr'>si</span> <span class='ocrx_word' id='word_1_157' title='bbox 903 2098 1228 2173; x_wconf 81' lang='lat' dir='ltr'>episcopus</span> <span class='ocrx_word' id='word_1_158' title='bbox 1256 2098 1479 2157; x_wconf 82' lang='lat' dir='ltr'>absens</span> <span class='ocrx_word' id='word_1_159' title='bbox 1495 2097 1689 2168; x_wconf 78' lang='lat' dir='ltr'>fuerit,</span> <span class='ocrx_word' id='word_1_160' title='bbox 1702 2097 1884 2173; x_wconf 73' lang='lat' dir='ltr'>debet</span> 
     </span>
    </p>
   </div>
   <div class='ocr_carea' id='block_1_25' title="bbox 215 2186 1883 2261">
    <p class='ocr_par' dir='ltr' id='par_1_25' title="bbox 215 2186 1883 2261">
     <span class='ocr_line' id='line_1_25' title="bbox 215 2186 1883 2261; baseline 0.001 -19"><span class='ocrx_word' id='word_1_161' title='bbox 215 2187 421 2260; x_wconf 80' lang='lat' dir='ltr'>utique</span> <span class='ocrx_word' id='word_1_162' title='bbox 447 2187 770 2259; x_wconf 57' lang='lat' dir='ltr'>presbyter</span> <span class='ocrx_word' id='word_1_163' title='bbox 790 2188 1103 2247; x_wconf 79' lang='lat' dir='ltr'>consulere</span> <span class='ocrx_word' id='word_1_164' title='bbox 1126 2188 1505 2261; x_wconf 83' lang='lat' dir='ltr'>episcopum,</span> <span class='ocrx_word' id='word_1_165' title='bbox 1535 2192 1594 2245; x_wconf 85' lang='lat' dir='ltr'>et</span> <span class='ocrx_word' id='word_1_166' title='bbox 1619 2188 1703 2245; x_wconf 87' lang='lat' dir='ltr'>sic</span> <span class='ocrx_word' id='word_1_167' title='bbox 1731 2186 1883 2259; x_wconf 82' lang='lat' dir='ltr'>peri-</span> 
     </span>
    </p>
   </div>
   <div class='ocr_carea' id='block_1_26' title="bbox 212 2276 1884 2350">
    <p class='ocr_par' dir='ltr' id='par_1_26' title="bbox 212 2276 1884 2350">
     <span class='ocr_line' id='line_1_26' title="bbox 212 2276 1884 2350; baseline 0 -17"><span class='ocrx_word' id='word_1_168' title='bbox 212 2276 529 2339; x_wconf 79' lang='lat' dir='ltr'>clitantem</span> <span class='ocrx_word' id='word_1_169' title='bbox 564 2278 701 2348; x_wconf 82' lang='lat' dir='ltr'>ejus</span> <span class='ocrx_word' id='word_1_170' title='bbox 727 2281 1028 2350; x_wconf 62' lang='lat' dir='ltr'>praecepto</span> <span class='ocrx_word' id='word_1_171' title='bbox 1054 2277 1478 2343; x_wconf 81' lang='lat' dir='ltr'>reconciliare;</span> <span class='ocrx_word' id='word_1_172' title='bbox 1538 2292 1729 2348; x_wconf 85' lang='lat' dir='ltr'>quam</span> <span class='ocrx_word' id='word_1_173' title='bbox 1752 2291 1884 2333; x_wconf 83' lang='lat' dir='ltr'>rem</span> 
     </span>
    </p>
   </div>
   <div class='ocr_carea' id='block_1_27' title="bbox 210 2365 1380 2422">
    <p class='ocr_par' dir='ltr' id='par_1_27' title="bbox 210 2365 1380 2422">
     <span class='ocr_line' id='line_1_27' title="bbox 210 2365 1380 2422; baseline 0.002 -3"><span class='ocrx_word' id='word_1_174' title='bbox 210 2365 443 2421; x_wconf 83' lang='lat' dir='ltr'>salubri</span> <span class='ocrx_word' id='word_1_175' title='bbox 476 2366 728 2422; x_wconf 91' lang='lat' dir='ltr'>consilio</span> <span class='ocrx_word' id='word_1_176' title='bbox 758 2366 1053 2422; x_wconf 84' lang='lat' dir='ltr'>debemus</span> <span class='ocrx_word' id='word_1_177' title='bbox 1076 2365 1380 2422; x_wconf 87' lang='lat' dir='ltr'>roborare.</span> 
     </span>
    </p>
   </div>
   <div class='ocr_carea' id='block_1_28' title="bbox 341 2471 1747 2542">
    <p class='ocr_par' dir='ltr' id='par_1_28' title="bbox 341 2471 1747 2542">
     <span class='ocr_line' id='line_1_28' title="bbox 341 2471 1747 2542; baseline -0.001 -15"><span class='ocrx_word' id='word_1_178' title='bbox 341 2472 437 2527; x_wconf 82' lang='lat' dir='ltr'>De</span> <span class='ocrx_word' id='word_1_179' title='bbox 468 2472 676 2530; x_wconf 76' lang='lat' dir='ltr'>eadem</span> <span class='ocrx_word' id='word_1_180' title='bbox 707 2486 792 2528; x_wconf 80' lang='lat' dir='ltr'>re.</span> <span class='ocrx_word' id='word_1_181' title='bbox 825 2471 926 2526; x_wconf 74' lang='lat' dir='ltr'>Ea:</span> <span class='ocrx_word' id='word_1_182' title='bbox 946 2474 1199 2542; x_wconf 70' lang='lat' dir='ltr'>epistola</span> <span class='ocrx_word' id='word_1_183' title='bbox 1224 2472 1531 2528; x_wconf 72' lang='lat' dir='ltr'>Caelestini</span> <span class='ocrx_word' id='word_1_184' title='bbox 1550 2485 1747 2540; x_wconf 72' lang='lat' dir='ltr'>papae.</span> 
     </span>
    </p>
   </div>
   <div class='ocr_carea' id='block_1_29' title="bbox 274 2558 1882 2630">
    <p class='ocr_par' dir='ltr' id='par_1_29' title="bbox 274 2558 1882 2630">
     <span class='ocr_line' id='line_1_29' title="bbox 274 2558 1882 2630; baseline -0.002 -13"><span class='ocrx_word' id='word_1_185' title='bbox 274 2564 389 2617; x_wconf 83' lang='lat' dir='ltr'>CX.</span> <span class='ocrx_word' id='word_1_186' title='bbox 428 2561 712 2628; x_wconf 79' lang='lat' dir='ltr'>(Decreta</span> <span class='ocrx_word' id='word_1_187' title='bbox 757 2560 1022 2617; x_wconf 73' lang='lat' dir='ltr'>Cosusr.</span> <span class='ocrx_word' id='word_1_188' title='bbox 1066 2564 1107 2630; x_wconf 83' lang='grc' dir='ltr'>ι,</span> <span class='ocrx_word' id='word_1_189' title='bbox 1156 2578 1208 2616; x_wconf 93' lang='lat' dir='ltr'>c.</span> <span class='ocrx_word' id='word_1_190' title='bbox 1260 2565 1373 2629; x_wconf 65' lang='lat'>15;</span> <span class='ocrx_word' id='word_1_191' title='bbox 1427 2562 1746 2615; x_wconf 72' lang='lat' dir='ltr'>BURCHARD.</span> <span class='ocrx_word' id='word_1_192' title='bbox 1780 2558 1882 2615; x_wconf 88' lang='lat' dir='ltr'>lib.</span> 
     </span>
    </p>
   </div>
   <div class='ocr_carea' id='block_1_30' title="bbox 199 2648 1885 2720">
    <p class='ocr_par' dir='ltr' id='par_1_30' title="bbox 199 2648 1885 2720">
     <span class='ocr_line' id='line_1_30' title="bbox 199 2648 1885 2720; baseline -0.002 -14"><span class='ocrx_word' id='word_1_193' title='bbox 199 2664 371 2717; x_wconf 68' lang='lat' dir='ltr'>nm,</span> <span class='ocrx_word' id='word_1_194' title='bbox 391 2666 448 2705; x_wconf 89' lang='lat' dir='ltr'>c.</span> <span class='ocrx_word' id='word_1_195' title='bbox 476 2649 548 2720; x_wconf 67' lang='lat' dir='ltr'>i).</span> <span class='ocrx_word' id='word_1_196' title='bbox 570 2651 715 2705; x_wconf 74' lang='lat' dir='ltr'>Vera</span> <span class='ocrx_word' id='word_1_197' title='bbox 742 2662 887 2719; x_wconf 85' lang='lat' dir='ltr'>ergo</span> <span class='ocrx_word' id='word_1_198' title='bbox 916 2649 996 2705; x_wconf 84' lang='lat' dir='ltr'>ad</span> <span class='ocrx_word' id='word_1_199' title='bbox 1028 2652 1212 2705; x_wconf 89' lang='lat' dir='ltr'>Deum</span> <span class='ocrx_word' id='word_1_200' title='bbox 1245 2649 1557 2706; x_wconf 82' lang='lat' dir='ltr'>conversio</span> <span class='ocrx_word' id='word_1_201' title='bbox 1575 2650 1637 2704; x_wconf 87' lang='lat' dir='ltr'>in</span> <span class='ocrx_word' id='word_1_202' title='bbox 1660 2648 1885 2704; x_wconf 84' lang='lat' dir='ltr'>ultimis</span> 
     </span>
    </p>
   </div>
   <div class='ocr_carea' id='block_1_31' title="bbox 202 2738 1888 2812">
    <p class='ocr_par' dir='ltr' id='par_1_31' title="bbox 202 2738 1888 2812">
     <span class='ocr_line' id='line_1_31' title="bbox 202 2738 1888 2812; baseline -0.001 -17"><span class='ocrx_word' id='word_1_203' title='bbox 202 2738 557 2812; x_wconf 83' lang='lat' dir='ltr'>positorum</span> <span class='ocrx_word' id='word_1_204' title='bbox 589 2741 789 2794; x_wconf 89' lang='lat' dir='ltr'>mente</span> <span class='ocrx_word' id='word_1_205' title='bbox 815 2739 1017 2811; x_wconf 85' lang='lat' dir='ltr'>potius</span> <span class='ocrx_word' id='word_1_206' title='bbox 1037 2742 1127 2795; x_wconf 88' lang='lat' dir='ltr'>est</span> <span class='ocrx_word' id='word_1_207' title='bbox 1152 2739 1510 2795; x_wconf 64' lang='lat' dir='ltr'>aestimanda</span> <span class='ocrx_word' id='word_1_208' title='bbox 1530 2753 1716 2811; x_wconf 85' lang='lat' dir='ltr'>quam</span> <span class='ocrx_word' id='word_1_209' title='bbox 1740 2739 1888 2794; x_wconf 86' lang='lat' dir='ltr'>tem-</span> 
     </span>
    </p>
   </div>
   <div class='ocr_carea' id='block_1_32' title="bbox 202 2827 1886 2901">
    <p class='ocr_par' dir='ltr' id='par_1_32' title="bbox 202 2827 1886 2901">
     <span class='ocr_line' id='line_1_32' title="bbox 202 2827 1886 2901; baseline 0 -17"><span class='ocrx_word' id='word_1_210' title='bbox 202 2844 370 2901; x_wconf 86' lang='lat' dir='ltr'>pore,</span> <span class='ocrx_word' id='word_1_211' title='bbox 398 2827 708 2901; x_wconf 85' lang='lat' dir='ltr'>propheta</span> <span class='ocrx_word' id='word_1_212' title='bbox 736 2828 851 2884; x_wconf 88' lang='lat' dir='ltr'>hoc</span> <span class='ocrx_word' id='word_1_213' title='bbox 884 2827 1073 2884; x_wconf 78' lang='lat' dir='ltr'>taliter</span> <span class='ocrx_word' id='word_1_214' title='bbox 1103 2831 1443 2884; x_wconf 75' lang='lat' dir='ltr'>asserente:</span> <span class='ocrx_word' id='word_1_215' title='bbox 1475 2829 1624 2884; x_wconf 77' lang='lat' dir='ltr'>Cum</span> <span class='ocrx_word' id='word_1_216' title='bbox 1646 2843 1886 2884; x_wconf 70' lang='lat' dir='ltr'>conver-</span> 
     </span>
    </p>
   </div>
   <div class='ocr_carea' id='block_1_33' title="bbox 204 2917 1883 2989">
    <p class='ocr_par' dir='ltr' id='par_1_33' title="bbox 204 2917 1883 2989">
     <span class='ocr_line' id='line_1_33' title="bbox 204 2917 1883 2989; baseline 0 -16"><span class='ocrx_word' id='word_1_217' title='bbox 204 2934 323 2989; x_wconf 82' lang='lat' dir='ltr'>sus,</span> <span class='ocrx_word' id='word_1_218' title='bbox 351 2918 727 2989; x_wconf 79' lang='lat' dir='ltr'>ingemueris</span> <span class='ocrx_word' id='word_1_219' title='bbox 757 2923 904 2974; x_wconf 81' lang='lat' dir='ltr'>tunc</span> <span class='ocrx_word' id='word_1_220' title='bbox 928 2919 1135 2975; x_wconf 75' lang='lat' dir='ltr'>salvus</span> <span class='ocrx_word' id='word_1_221' title='bbox 1164 2919 1301 2974; x_wconf 78' lang='lat' dir='ltr'>em&#39;s.</span> <span class='ocrx_word' id='word_1_222' title='bbox 1340 2920 1488 2975; x_wconf 88' lang='lat' dir='ltr'>Cum</span> <span class='ocrx_word' id='word_1_223' title='bbox 1514 2931 1658 2987; x_wconf 82' lang='lat' dir='ltr'>ergo</span> <span class='ocrx_word' id='word_1_224' title='bbox 1682 2917 1883 2973; x_wconf 89' lang='lat' dir='ltr'>Domi-</span> 
     </span>
    </p>
   </div>
   <div class='ocr_carea' id='block_1_34' title="bbox 2591 367 3032 436">
    <p class='ocr_par' dir='ltr' id='par_1_34' title="bbox 2591 367 3032 436">
     <span class='ocr_line' id='line_1_34' title="bbox 2591 367 3032 436; baseline -0.007 -13"><span class='ocrx_word' id='word_1_225' title='bbox 2591 368 2750 423; x_wconf 82' lang='lat' dir='ltr'>sensi</span> <span class='ocrx_word' id='word_1_226' title='bbox 2784 382 2915 436; x_wconf 90' lang='lat' dir='ltr'>cap.</span> <span class='ocrx_word' id='word_1_227' title='bbox 2945 367 3032 420; x_wconf 82' lang='lat'>65.</span> 
     </span>
    </p>
   </div>
   <div class='ocr_carea' id='block_1_35' title="bbox 2059 473 3721 546">
    <p class='ocr_par' dir='ltr' id='par_1_35' title="bbox 2059 473 3721 546">
     <span class='ocr_line' id='line_1_35' title="bbox 2059 473 3721 546; baseline 0.002 -15"><span class='ocrx_word' id='word_1_228' title='bbox 2059 476 2231 544; x_wconf 83' lang='lat' dir='ltr'><strong>CXIV.</strong></span> <span class='ocrx_word' id='word_1_229' title='bbox 2268 475 2494 533; x_wconf 78' lang='lat' dir='ltr'>Concit.</span> <span class='ocrx_word' id='word_1_230' title='bbox 2539 477 2669 533; x_wconf 87' lang='lat' dir='ltr'>Vas.</span> <span class='ocrx_word' id='word_1_231' title='bbox 2716 480 2765 542; x_wconf 82' lang='lat' dir='ltr'>l,</span> <span class='ocrx_word' id='word_1_232' title='bbox 2798 477 2946 542; x_wconf 50' lang='lat' dir='ltr'>c.,2;</span> <span class='ocrx_word' id='word_1_233' title='bbox 2996 473 3445 541; x_wconf 68' lang='lat' dir='ltr'>BURCHARD.</span> <span class='ocrx_word' id='word_1_234' title='bbox 3475 492 3640 546; x_wconf 75' lang='lat' dir='ltr'>xvm,</span> <span class='ocrx_word' id='word_1_235' title='bbox 3718 532 3721 535; x_wconf 74' lang='lat'>.</span> 
     </span>
    </p>
   </div>
   <div class='ocr_carea' id='block_1_36' title="bbox 1986 562 3641 637">
    <p class='ocr_par' dir='ltr' id='par_1_36' title="bbox 1986 562 3641 637">
     <span class='ocr_line' id='line_1_36' title="bbox 1986 562 3641 637; baseline 0.003 -20"><span class='ocrx_word' id='word_1_236' title='bbox 1986 578 2039 617; x_wconf 93' lang='lat' dir='ltr'>c.</span> <span class='ocrx_word' id='word_1_237' title='bbox 2072 562 2181 634; x_wconf 61' lang='lat'>211;}.</span> <span class='ocrx_word' id='word_1_238' title='bbox 2214 565 2436 631; x_wconf 85' lang='lat' dir='ltr'>Eorum</span> <span class='ocrx_word' id='word_1_239' title='bbox 2460 563 2565 637; x_wconf 86' lang='lat' dir='ltr'>qui</span> <span class='ocrx_word' id='word_1_240' title='bbox 2602 563 2664 619; x_wconf 92' lang='lat' dir='ltr'>in</span> <span class='ocrx_word' id='word_1_241' title='bbox 2689 562 3040 636; x_wconf 70' lang='lat' dir='ltr'>prrnitentia</span> <span class='ocrx_word' id='word_1_242' title='bbox 3078 566 3324 636; x_wconf 85' lang='lat' dir='ltr'>accepta</span> <span class='ocrx_word' id='word_1_243' title='bbox 3348 562 3412 621; x_wconf 89' lang='lat' dir='ltr'>in</span> <span class='ocrx_word' id='word_1_244' title='bbox 3464 564 3641 631; x_wconf 61' lang='lat' dir='ltr'>bona.</span> 
     </span>
    </p>
   </div>
   <div class='ocr_carea' id='block_1_37' title="bbox 1986 650 3641 725">
    <p class='ocr_par' dir='ltr' id='par_1_37' title="bbox 1986 650 3641 725">
     <span class='ocr_line' id='line_1_37' title="bbox 1986 650 3641 725; baseline 0.005 -20"><span class='ocrx_word' id='word_1_245' title='bbox 1986 650 2123 709; x_wconf 70' lang='lat' dir='ltr'>vitae</span> <span class='ocrx_word' id='word_1_246' title='bbox 2168 668 2350 709; x_wconf 84' lang='lat' dir='ltr'>cursu</span> <span class='ocrx_word' id='word_1_247' title='bbox 2400 652 2526 711; x_wconf 87' lang='lat' dir='ltr'>sine</span> <span class='ocrx_word' id='word_1_248' title='bbox 2564 651 2991 713; x_wconf 83' lang='lat' dir='ltr'>communione</span> <span class='ocrx_word' id='word_1_249' title='bbox 3032 651 3231 711; x_wconf 88' lang='lat' dir='ltr'>subito</span> <span class='ocrx_word' id='word_1_250' title='bbox 3278 654 3641 725; x_wconf 83' lang='lat' dir='ltr'>moriuntur,</span> 
     </span>
    </p>
   </div>
   <div class='ocr_carea' id='block_1_38' title="bbox 1986 738 3649 813">
    <p class='ocr_par' dir='ltr' id='par_1_38' title="bbox 1986 738 3649 813">
     <span class='ocr_line' id='line_1_38' title="bbox 1986 738 3649 813; baseline 0.006 -18"><span class='ocrx_word' id='word_1_251' title='bbox 1986 738 2356 807; x_wconf 88' lang='lat' dir='ltr'>oblationem</span> <span class='ocrx_word' id='word_1_252' title='bbox 2431 739 2861 813; x_wconf 79' lang='lat' dir='ltr'>recipiendam,</span> <span class='ocrx_word' id='word_1_253' title='bbox 2920 743 2977 799; x_wconf 86' lang='lat' dir='ltr'>et</span> <span class='ocrx_word' id='word_1_254' title='bbox 3039 755 3249 797; x_wconf 83' lang='lat' dir='ltr'>eorum</span> <span class='ocrx_word' id='word_1_255' title='bbox 3301 742 3516 808; x_wconf 77' lang='lat' dir='ltr'>funera</span> <span class='ocrx_word' id='word_1_256' title='bbox 3570 759 3649 805; x_wconf 76' lang='lat' dir='ltr'>eo</span> 
     </span>
    </p>
   </div>
   <div class='ocr_carea' id='block_1_39' title="bbox 1986 828 3642 956">
    <p class='ocr_par' dir='ltr' id='par_1_39' title="bbox 1986 828 3642 956">
     <span class='ocr_line' id='line_1_39' title="bbox 1986 828 3642 956; baseline 0.004 -73"><span class='ocrx_word' id='word_1_257' title='bbox 1986 828 2269 956; x_wconf 56' lang='lat' dir='ltr'>deincgps</span> <span class='ocrx_word' id='word_1_258' title='bbox 2310 829 2671 903; x_wconf 81' lang='lat' dir='ltr'>memoriam</span> <span class='ocrx_word' id='word_1_259' title='bbox 2717 828 3118 899; x_wconf 78' lang='lat' dir='ltr'>ecclesiastico</span> <span class='ocrx_word' id='word_1_260' title='bbox 3164 829 3385 891; x_wconf 64' lang='lat' dir='ltr'>affectu</span> <span class='ocrx_word' id='word_1_261' title='bbox 3430 848 3642 904; x_wconf 86' lang='lat' dir='ltr'>prose-</span> 
     </span>
     <span class='ocr_line' id='line_1_40' title="bbox 1986 915 2314 956; baseline 0.003 -1"><span class='ocrx_word' id='word_1_262' title='bbox 1986 915 2148 956; x_wconf 83' lang='lat' dir='ltr'>auen</span> <span class='ocrx_word' id='word_1_263' title='bbox 2194 916 2314 956; x_wconf 89' lang='lat' dir='ltr'>am.</span> 
     </span>
    </p>
   </div>
   <div class='ocr_carea' id='block_1_40' title="bbox 1986 915 2314 973">
    <p class='ocr_par' dir='ltr' id='par_1_40' title="bbox 1986 915 2314 973">
     <span class='ocr_line' id='line_1_41' title="bbox 1986 915 2314 973; baseline 0.003 -18"><span class='ocrx_word' id='word_1_264' title='bbox 1986 915 2314 973; x_wconf 81' lang='lat' dir='ltr'>quendam.</span> 
     </span>
    </p>
   </div>
   <div class='ocr_carea' id='block_1_41' title="bbox 1987 1009 3645 1080">
    <p class='ocr_par' dir='ltr' id='par_1_41' title="bbox 1987 1009 3645 1080">
     <span class='ocr_line' id='line_1_42' title="bbox 1987 1009 3645 1080; baseline 0.004 -17"><span class='ocrx_word' id='word_1_265' title='bbox 1987 1010 2071 1064; x_wconf 89' lang='lat' dir='ltr'>De</span> <span class='ocrx_word' id='word_1_266' title='bbox 2114 1010 2525 1067; x_wconf 78' lang='lat' dir='ltr'>communione</span> <span class='ocrx_word' id='word_1_267' title='bbox 2566 1009 2825 1080; x_wconf 79' lang='lat' dir='ltr'>privatis</span> <span class='ocrx_word' id='word_1_268' title='bbox 2854 1009 2959 1080; x_wconf 81' lang='lat' dir='ltr'>qui</span> <span class='ocrx_word' id='word_1_269' title='bbox 3014 1011 3138 1064; x_wconf 86' lang='lat' dir='ltr'>vita</span> <span class='ocrx_word' id='word_1_270' title='bbox 3180 1009 3457 1078; x_wconf 73' lang='lat' dir='ltr'>defuncti</span> <span class='ocrx_word' id='word_1_271' title='bbox 3477 1017 3645 1069; x_wconf 71' lang='lat' dir='ltr'>sunt.</span> 
     </span>
    </p>
   </div>
   <div class='ocr_carea' id='block_1_42' title="bbox 2401 1080 3229 1153">
    <p class='ocr_par' dir='ltr' id='par_1_42' title="bbox 2401 1080 3229 1153">
     <span class='ocr_line' id='line_1_43' title="bbox 2401 1080 3229 1153; baseline -0.001 -17"><span class='ocrx_word' id='word_1_272' title='bbox 2401 1080 2501 1143; x_wconf 68' lang='lat' dir='ltr'>Ea:</span> <span class='ocrx_word' id='word_1_273' title='bbox 2529 1081 2780 1151; x_wconf 85' lang='lat' dir='ltr'>epistola</span> <span class='ocrx_word' id='word_1_274' title='bbox 2808 1080 3019 1137; x_wconf 86' lang='lat' dir='ltr'>Leonis</span> <span class='ocrx_word' id='word_1_275' title='bbox 3035 1095 3229 1153; x_wconf 66' lang='lat' dir='ltr'>papae.</span> 
     </span>
    </p>
   </div>
   <div class='ocr_carea' id='block_1_43' title="bbox 2062 1186 3644 1263">
    <p class='ocr_par' dir='ltr' id='par_1_43' title="bbox 2062 1186 3644 1263">
     <span class='ocr_line' id='line_1_44' title="bbox 2062 1186 3644 1263; baseline 0.001 -21"><span class='ocrx_word' id='word_1_276' title='bbox 2062 1189 2211 1255; x_wconf 73' lang='lat' dir='ltr'>CXV.</span> <span class='ocrx_word' id='word_1_277' title='bbox 2243 1188 2516 1259; x_wconf 80' lang='lat' dir='ltr'>(Decreta</span> <span class='ocrx_word' id='word_1_278' title='bbox 2546 1190 2749 1257; x_wconf 71' lang='lat' dir='ltr'>Leoms</span> <span class='ocrx_word' id='word_1_279' title='bbox 2778 1192 2823 1259; x_wconf 69' lang='grc' dir='ltr'>ι,</span> <span class='ocrx_word' id='word_1_280' title='bbox 2851 1204 2903 1255; x_wconf 82' lang='lat' dir='ltr'>c.</span> <span class='ocrx_word' id='word_1_281' title='bbox 2937 1191 3007 1255; x_wconf 77' lang='lat'><strong>20</strong></span> <span class='ocrx_word' id='word_1_282' title='bbox 3035 1206 3050 1255; x_wconf 83' lang='lat'><strong>;</strong></span> <span class='ocrx_word' id='word_1_283' title='bbox 3095 1189 3412 1247; x_wconf 72' lang='lat' dir='ltr'>BURGHARD.</span> <span class='ocrx_word' id='word_1_284' title='bbox 3450 1186 3536 1244; x_wconf 90' lang='lat' dir='ltr'>lib</span> <span class='ocrx_word' id='word_1_285' title='bbox 3561 1205 3644 1263; x_wconf 73' lang='lat' dir='ltr'>xi,</span> 
     </span>
    </p>
   </div>
   <div class='ocr_carea' id='block_1_44' title="bbox 1990 1277 3647 1349">
    <p class='ocr_par' dir='ltr' id='par_1_44' title="bbox 1990 1277 3647 1349">
     <span class='ocr_line' id='line_1_45' title="bbox 1990 1277 3647 1349; baseline 0.003 -18"><span class='ocrx_word' id='word_1_286' title='bbox 1990 1292 2041 1331; x_wconf 83' lang='lat' dir='ltr'>c.</span> <span class='ocrx_word' id='word_1_287' title='bbox 2075 1280 2185 1343; x_wconf 69' lang='lat'>5,2).</span> <span class='ocrx_word' id='word_1_288' title='bbox 2221 1277 2448 1337; x_wconf 85' lang='lat' dir='ltr'>Horum</span> <span class='ocrx_word' id='word_1_289' title='bbox 2480 1294 2666 1335; x_wconf 86' lang='lat' dir='ltr'>causa</span> <span class='ocrx_word' id='word_1_290' title='bbox 2693 1278 2791 1337; x_wconf 90' lang='lat' dir='ltr'>Dei</span> <span class='ocrx_word' id='word_1_291' title='bbox 2831 1277 3063 1349; x_wconf 78' lang='lat' dir='ltr'>judicio</span> <span class='ocrx_word' id='word_1_292' title='bbox 3086 1277 3499 1341; x_wconf 75' lang='lat' dir='ltr'>conservanda</span> <span class='ocrx_word' id='word_1_293' title='bbox 3537 1282 3647 1337; x_wconf 84' lang='lat' dir='ltr'>est.</span> 
     </span>
    </p>
   </div>
   <div class='ocr_carea' id='block_1_45' title="bbox 1991 1365 3652 1439">
    <p class='ocr_par' dir='ltr' id='par_1_45' title="bbox 1991 1365 3652 1439">
     <span class='ocr_line' id='line_1_46' title="bbox 1991 1365 3652 1439; baseline 0.005 -19"><span class='ocrx_word' id='word_1_294' title='bbox 1991 1365 2052 1425; x_wconf 88' lang='lat' dir='ltr'>in</span> <span class='ocrx_word' id='word_1_295' title='bbox 2080 1367 2253 1437; x_wconf 78' lang='lat' dir='ltr'>cujus</span> <span class='ocrx_word' id='word_1_296' title='bbox 2282 1383 2472 1425; x_wconf 87' lang='lat' dir='ltr'>manu</span> <span class='ocrx_word' id='word_1_297' title='bbox 2490 1367 2599 1425; x_wconf 75' lang='lat' dir='ltr'>fuit</span> <span class='ocrx_word' id='word_1_298' title='bbox 2626 1372 2693 1424; x_wconf 90' lang='lat' dir='ltr'>ut</span> <span class='ocrx_word' id='word_1_299' title='bbox 2714 1367 2925 1437; x_wconf 80' lang='lat' dir='ltr'>talium</span> <span class='ocrx_word' id='word_1_300' title='bbox 2945 1367 3148 1433; x_wconf 38' lang='lat' dir='ltr'>obitus,</span> <span class='ocrx_word' id='word_1_301' title='bbox 3168 1383 3366 1439; x_wconf 84' lang='lat' dir='ltr'>usque</span> <span class='ocrx_word' id='word_1_302' title='bbox 3389 1368 3471 1429; x_wconf 85' lang='lat' dir='ltr'>ad</span> <span class='ocrx_word' id='word_1_303' title='bbox 3488 1384 3652 1429; x_wconf 54' lang='lat' dir='ltr'>coms</span> 
     </span>
    </p>
   </div>
   <div class='ocr_carea' id='block_1_46' title="bbox 1990 1454 3653 1526">
    <p class='ocr_par' dir='ltr' id='par_1_46' title="bbox 1990 1454 3653 1526">
     <span class='ocr_line' id='line_1_47' title="bbox 1990 1454 3653 1526; baseline 0.002 -14"><span class='ocrx_word' id='word_1_304' title='bbox 1990 1454 2295 1515; x_wconf 87' lang='lat' dir='ltr'>munionis</span> <span class='ocrx_word' id='word_1_305' title='bbox 2346 1455 2681 1523; x_wconf 78' lang='lat' dir='ltr'>remedium</span> <span class='ocrx_word' id='word_1_306' title='bbox 2731 1456 2910 1526; x_wconf 78' lang='lat' dir='ltr'>[adde</span> <span class='ocrx_word' id='word_1_307' title='bbox 2936 1456 3089 1525; x_wconf 76' lang='lat' dir='ltr'>non]</span> <span class='ocrx_word' id='word_1_308' title='bbox 3116 1455 3473 1519; x_wconf 78' lang='lat' dir='ltr'>uitferretur.</span> <span class='ocrx_word' id='word_1_309' title='bbox 3529 1459 3653 1515; x_wconf 80' lang='lat' dir='ltr'>Nos</span> 
     </span>
    </p>
   </div>
   <div class='ocr_carea' id='block_1_47' title="bbox 1991 1543 3650 1616">
    <p class='ocr_par' dir='ltr' id='par_1_47' title="bbox 1991 1543 3650 1616">
     <span class='ocr_line' id='line_1_48' title="bbox 1991 1543 3650 1616; baseline 0 -14"><span class='ocrx_word' id='word_1_310' title='bbox 1991 1548 2191 1603; x_wconf 84' lang='lat' dir='ltr'>autem</span> <span class='ocrx_word' id='word_1_311' title='bbox 2220 1543 2443 1615; x_wconf 77' lang='lat' dir='ltr'>quibus</span> <span class='ocrx_word' id='word_1_312' title='bbox 2491 1544 2825 1613; x_wconf 76' lang='lat' dir='ltr'>viventibus</span> <span class='ocrx_word' id='word_1_313' title='bbox 2878 1544 3650 1616; x_wconf 66' lang='lat' dir='ltr'>noncommunioavimus,</span> 
     </span>
    </p>
   </div>
   <div class='ocr_carea' id='block_1_48' title="bbox 1922 1633 3254 1723">
    <p class='ocr_par' dir='ltr' id='par_1_48' title="bbox 1922 1633 3254 1723">
     <span class='ocr_line' id='line_1_49' title="bbox 1922 1633 3254 1723; baseline 0 -33"><span class='ocrx_word' id='word_1_314' title='bbox 1922 1653 1972 1723; x_wconf 46' lang='grc' dir='ltr'>ᾖ</span> <span class='ocrx_word' id='word_1_315' title='bbox 1990 1633 2243 1697; x_wconf 80' lang='lat' dir='ltr'>mortuis</span> <span class='ocrx_word' id='word_1_316' title='bbox 2270 1634 2718 1693; x_wconf 88' lang='lat' dir='ltr'>communicare</span> <span class='ocrx_word' id='word_1_317' title='bbox 2746 1648 2874 1693; x_wconf 86' lang='lat' dir='ltr'>non</span> <span class='ocrx_word' id='word_1_318' title='bbox 2902 1648 3254 1706; x_wconf 84' lang='lat' dir='ltr'>possumus.</span> 
     </span>
    </p>
   </div>
   <div class='ocr_carea' id='block_1_49' title="bbox 1991 1740 3647 1813">
    <p class='ocr_par' dir='ltr' id='par_1_49' title="bbox 1991 1740 3647 1813">
     <span class='ocr_line' id='line_1_50' title="bbox 1991 1740 3647 1813; baseline 0.001 -18"><span class='ocrx_word' id='word_1_319' title='bbox 1991 1741 2109 1813; x_wconf 72' lang='lat'>75</span> <span class='ocrx_word' id='word_1_320' title='bbox 2140 1741 2227 1797; x_wconf 90' lang='lat' dir='ltr'>De</span> <span class='ocrx_word' id='word_1_321' title='bbox 2257 1740 2549 1811; x_wconf 77' lang='lat' dir='ltr'>ungendis</span> <span class='ocrx_word' id='word_1_322' title='bbox 2576 1740 2855 1810; x_wconf 79' lang='lat' dir='ltr'>inﬁrmis.</span> <span class='ocrx_word' id='word_1_323' title='bbox 2883 1740 2985 1796; x_wconf 73' lang='lat' dir='ltr'>Ex</span> <span class='ocrx_word' id='word_1_324' title='bbox 3012 1740 3268 1805; x_wconf 78' lang='lat' dir='ltr'>concilio</span> <span class='ocrx_word' id='word_1_325' title='bbox 3297 1740 3647 1797; x_wconf 67' lang='lat' dir='ltr'>Materni.</span> 
     </span>
    </p>
   </div>
   <div class='ocr_carea' id='block_1_50' title="bbox 2063 1845 3651 1920">
    <p class='ocr_par' dir='ltr' id='par_1_50' title="bbox 2063 1845 3651 1920">
     <span class='ocr_line' id='line_1_51' title="bbox 2063 1845 3651 1920; baseline 0.001 -18"><span class='ocrx_word' id='word_1_326' title='bbox 2063 1849 2236 1903; x_wconf 81' lang='lat' dir='ltr'><strong>CXVI.</strong></span> <span class='ocrx_word' id='word_1_327' title='bbox 2284 1850 2606 1920; x_wconf 83' lang='lat' dir='ltr'>Postquam</span> <span class='ocrx_word' id='word_1_328' title='bbox 2637 1845 2915 1902; x_wconf 82' lang='lat' dir='ltr'>inﬁrmus</span> <span class='ocrx_word' id='word_1_329' title='bbox 2947 1845 3025 1902; x_wconf 91' lang='lat' dir='ltr'>ab</span> <span class='ocrx_word' id='word_1_330' title='bbox 3054 1861 3235 1902; x_wconf 89' lang='lat' dir='ltr'>onere</span> <span class='ocrx_word' id='word_1_331' title='bbox 3264 1850 3651 1919; x_wconf 86' lang='lat' dir='ltr'>peccatorum</span> 
     </span>
    </p>
   </div>
   <div class='ocr_carea' id='block_1_51' title="bbox 1989 1934 3653 2010">
    <p class='ocr_par' dir='ltr' id='par_1_51' title="bbox 1989 1934 3653 2010">
     <span class='ocr_line' id='line_1_52' title="bbox 1989 1934 3653 2010; baseline 0 -18"><span class='ocrx_word' id='word_1_332' title='bbox 1989 1952 2098 2010; x_wconf 91' lang='lat' dir='ltr'>per</span> <span class='ocrx_word' id='word_1_333' title='bbox 2127 1936 2565 1992; x_wconf 85' lang='lat' dir='ltr'>confessionem</span> <span class='ocrx_word' id='word_1_334' title='bbox 2614 1935 2908 1992; x_wconf 85' lang='lat' dir='ltr'>relevatus</span> <span class='ocrx_word' id='word_1_335' title='bbox 2958 1934 3133 1991; x_wconf 83' lang='lat' dir='ltr'>fuerit</span> <span class='ocrx_word' id='word_1_336' title='bbox 3170 1939 3229 1991; x_wconf 88' lang='lat' dir='ltr'>et</span> <span class='ocrx_word' id='word_1_337' title='bbox 3275 1951 3311 1991; x_wconf 92' lang='lat' dir='ltr'>a</span> <span class='ocrx_word' id='word_1_338' title='bbox 3340 1935 3653 1992; x_wconf 87' lang='lat' dir='ltr'>sacerdote</span> 
     </span>
    </p>
   </div>
   <div class='ocr_carea' id='block_1_52' title="bbox 1989 2023 3655 2092">
    <p class='ocr_par' dir='ltr' id='par_1_52' title="bbox 1989 2023 3655 2092">
     <span class='ocr_line' id='line_1_53' title="bbox 1989 2023 3655 2092; baseline 0 -12"><span class='ocrx_word' id='word_1_339' title='bbox 1989 2024 2425 2092; x_wconf 82' lang='lat' dir='ltr'>reconciliatus,</span> <span class='ocrx_word' id='word_1_340' title='bbox 2449 2024 2581 2080; x_wconf 92' lang='lat' dir='ltr'>oleo</span> <span class='ocrx_word' id='word_1_341' title='bbox 2605 2023 2981 2082; x_wconf 87' lang='lat' dir='ltr'>sanctiﬁcato</span> <span class='ocrx_word' id='word_1_342' title='bbox 2992 2023 3054 2079; x_wconf 91' lang='lat' dir='ltr'>in</span> <span class='ocrx_word' id='word_1_343' title='bbox 3076 2023 3176 2080; x_wconf 88' lang='lat' dir='ltr'>Dei</span> <span class='ocrx_word' id='word_1_344' title='bbox 3206 2023 3452 2080; x_wconf 86' lang='lat' dir='ltr'>nomine</span> <span class='ocrx_word' id='word_1_345' title='bbox 3480 2024 3655 2081; x_wconf 89' lang='lat' dir='ltr'>inun-</span> 
     </span>
    </p>
   </div>
   <div class='ocr_carea' id='block_1_53' title="bbox 1991 2112 3653 2189">
    <p class='ocr_par' dir='ltr' id='par_1_53' title="bbox 1991 2112 3653 2189">
     <span class='ocr_line' id='line_1_54' title="bbox 1991 2112 3653 2189; baseline -0.001 -20"><span class='ocrx_word' id='word_1_346' title='bbox 1991 2114 2222 2183; x_wconf 86' lang='lat' dir='ltr'>gendus</span> <span class='ocrx_word' id='word_1_347' title='bbox 2244 2119 2351 2184; x_wconf 85' lang='lat' dir='ltr'>est,</span> <span class='ocrx_word' id='word_1_348' title='bbox 2374 2114 2639 2185; x_wconf 88' lang='lat' dir='ltr'>primum</span> <span class='ocrx_word' id='word_1_349' title='bbox 2661 2114 2720 2168; x_wconf 92' lang='lat' dir='ltr'>in</span> <span class='ocrx_word' id='word_1_350' title='bbox 2741 2118 3001 2187; x_wconf 88' lang='lat' dir='ltr'>pectore,</span> <span class='ocrx_word' id='word_1_351' title='bbox 3026 2112 3242 2169; x_wconf 90' lang='lat' dir='ltr'>deinde</span> <span class='ocrx_word' id='word_1_352' title='bbox 3268 2112 3421 2168; x_wconf 90' lang='lat' dir='ltr'>inter</span> <span class='ocrx_word' id='word_1_353' title='bbox 3434 2120 3653 2189; x_wconf 84' lang='lat' dir='ltr'>scapu-</span> 
     </span>
    </p>
   </div>
   <div class='ocr_carea' id='block_1_54' title="bbox 1988 2201 3656 2277">
    <p class='ocr_par' dir='ltr' id='par_1_54' title="bbox 1988 2201 3656 2277">
     <span class='ocr_line' id='line_1_55' title="bbox 1988 2201 3656 2277; baseline -0.002 -18"><span class='ocrx_word' id='word_1_354' title='bbox 1988 2204 2077 2259; x_wconf 90' lang='lat' dir='ltr'>las</span> <span class='ocrx_word' id='word_1_355' title='bbox 2099 2219 2239 2258; x_wconf 90' lang='lat' dir='ltr'>cum</span> <span class='ocrx_word' id='word_1_356' title='bbox 2267 2203 2544 2277; x_wconf 84' lang='lat' dir='ltr'>precibus</span> <span class='ocrx_word' id='word_1_357' title='bbox 2566 2202 2641 2258; x_wconf 85' lang='lat' dir='ltr'>ad</span> <span class='ocrx_word' id='word_1_358' title='bbox 2669 2202 2826 2258; x_wconf 88' lang='lat' dir='ltr'>hanc</span> <span class='ocrx_word' id='word_1_359' title='bbox 2858 2206 3132 2259; x_wconf 86' lang='lat' dir='ltr'>sanctam</span> <span class='ocrx_word' id='word_1_360' title='bbox 3148 2201 3494 2257; x_wconf 86' lang='lat' dir='ltr'>unctionem</span> <span class='ocrx_word' id='word_1_361' title='bbox 3519 2217 3656 2275; x_wconf 85' lang='lat' dir='ltr'>per-</span> 
     </span>
    </p>
   </div>
   <div class='ocr_carea' id='block_1_55' title="bbox 1992 2288 3652 2361">
    <p class='ocr_par' dir='ltr' id='par_1_55' title="bbox 1992 2288 3652 2361">
     <span class='ocr_line' id='line_1_56' title="bbox 1992 2288 3652 2361; baseline -0.001 -15"><span class='ocrx_word' id='word_1_362' title='bbox 1992 2290 2335 2358; x_wconf 86' lang='lat' dir='ltr'>tinentibus,</span> <span class='ocrx_word' id='word_1_363' title='bbox 2368 2295 2434 2345; x_wconf 89' lang='lat' dir='ltr'>ut</span> <span class='ocrx_word' id='word_1_364' title='bbox 2456 2290 2626 2361; x_wconf 82' lang='lat' dir='ltr'>juxta</span> <span class='ocrx_word' id='word_1_365' title='bbox 2664 2289 3018 2361; x_wconf 85' lang='lat' dir='ltr'>Apostolum</span> <span class='ocrx_word' id='word_1_366' title='bbox 3065 2290 3253 2347; x_wconf 86' lang='lat' dir='ltr'>oratio</span> <span class='ocrx_word' id='word_1_367' title='bbox 3295 2289 3435 2346; x_wconf 79' lang='lat' dir='ltr'>fidei</span> <span class='ocrx_word' id='word_1_368' title='bbox 3462 2288 3652 2346; x_wconf 89' lang='lat' dir='ltr'>salvet</span> 
     </span>
    </p>
   </div>
   <div class='ocr_carea' id='block_1_56' title="bbox 1992 2378 2464 2449">
    <p class='ocr_par' dir='ltr' id='par_1_56' title="bbox 1992 2378 2464 2449">
     <span class='ocr_line' id='line_1_57' title="bbox 1992 2378 2464 2449; baseline 0 -16"><span class='ocrx_word' id='word_1_369' title='bbox 1992 2378 2323 2449; x_wconf 84' lang='lat' dir='ltr'>inﬁrmum,</span> <span class='ocrx_word' id='word_1_370' title='bbox 2356 2383 2464 2433; x_wconf 87' lang='lat' dir='ltr'>etc.</span> 
     </span>
    </p>
   </div>
   <div class='ocr_carea' id='block_1_57' title="bbox 1995 2486 3652 2560">
    <p class='ocr_par' dir='ltr' id='par_1_57' title="bbox 1995 2486 3652 2560">
     <span class='ocr_line' id='line_1_58' title="bbox 1995 2486 3652 2560; baseline 0.001 -19"><span class='ocrx_word' id='word_1_371' title='bbox 1995 2488 2081 2543; x_wconf 88' lang='lat' dir='ltr'>De</span> <span class='ocrx_word' id='word_1_372' title='bbox 2096 2487 2301 2560; x_wconf 80' lang='lat' dir='ltr'>eadem</span> <span class='ocrx_word' id='word_1_373' title='bbox 2330 2501 2410 2555; x_wconf 82' lang='lat' dir='ltr'>re.</span> <span class='ocrx_word' id='word_1_374' title='bbox 2430 2486 2529 2543; x_wconf 72' lang='lat' dir='ltr'>Ea:</span> <span class='ocrx_word' id='word_1_375' title='bbox 2547 2486 2799 2555; x_wconf 83' lang='lat' dir='ltr'>epistola</span> <span class='ocrx_word' id='word_1_376' title='bbox 2818 2486 3157 2545; x_wconf 79' lang='lat' dir='ltr'>Innocentii</span> <span class='ocrx_word' id='word_1_377' title='bbox 3177 2500 3377 2559; x_wconf 54' lang='lat' dir='ltr'>papae,</span> <span class='ocrx_word' id='word_1_378' title='bbox 3390 2490 3652 2557; x_wconf 81' lang='lat' dir='ltr'>cap.387.</span> 
     </span>
    </p>
   </div>
   <div class='ocr_carea' id='block_1_58' title="bbox 2069 2594 3659 2666">
    <p class='ocr_par' dir='ltr' id='par_1_58' title="bbox 2069 2594 3659 2666">
     <span class='ocr_line' id='line_1_59' title="bbox 2069 2594 3659 2666; baseline -0.002 -13"><span class='ocrx_word' id='word_1_379' title='bbox 2069 2596 2268 2659; x_wconf 78' lang='lat' dir='ltr'><strong>CXVII.</strong></span> <span class='ocrx_word' id='word_1_380' title='bbox 2304 2595 2577 2666; x_wconf 74' lang='lat' dir='ltr'>(Decreta</span> <span class='ocrx_word' id='word_1_381' title='bbox 2600 2596 2784 2650; x_wconf 65' lang='lat' dir='ltr'>Isson.</span> <span class='ocrx_word' id='word_1_382' title='bbox 2808 2597 2850 2663; x_wconf 84' lang='grc' dir='ltr'>Ι,</span> <span class='ocrx_word' id='word_1_383' title='bbox 2880 2608 2932 2649; x_wconf 93' lang='lat' dir='ltr'>c.</span> <span class='ocrx_word' id='word_1_384' title='bbox 2965 2597 3021 2661; x_wconf 81' lang='lat'>8;</span> <span class='ocrx_word' id='word_1_385' title='bbox 3043 2595 3359 2653; x_wconf 76' lang='lat' dir='ltr'>Buncunn.</span> <span class='ocrx_word' id='word_1_386' title='bbox 3374 2594 3478 2651; x_wconf 87' lang='lat' dir='ltr'>lib.</span> <span class='ocrx_word' id='word_1_387' title='bbox 3498 2610 3659 2661; x_wconf 78' lang='lat' dir='ltr'>xvm,</span> 
     </span>
    </p>
   </div>
   <div class='ocr_carea' id='block_1_59' title="bbox 1997 2682 3661 2756">
    <p class='ocr_par' dir='ltr' id='par_1_59' title="bbox 1997 2682 3661 2756">
     <span class='ocr_line' id='line_1_60' title="bbox 1997 2682 3661 2756; baseline 0 -15"><span class='ocrx_word' id='word_1_388' title='bbox 1997 2701 2047 2741; x_wconf 92' lang='lat' dir='ltr'>c.</span> <span class='ocrx_word' id='word_1_389' title='bbox 2080 2689 2158 2753; x_wconf 83' lang='lat'>2).</span> <span class='ocrx_word' id='word_1_390' title='bbox 2192 2687 2404 2749; x_wconf 82' lang='lat' dir='ltr'>Beatus</span> <span class='ocrx_word' id='word_1_391' title='bbox 2432 2682 2593 2745; x_wconf 85' lang='lat' dir='ltr'>enim</span> <span class='ocrx_word' id='word_1_392' title='bbox 2642 2682 2904 2745; x_wconf 73' lang='lat' dir='ltr'>Iacobus</span> <span class='ocrx_word' id='word_1_393' title='bbox 2951 2682 3265 2755; x_wconf 72' lang='lat' dir='ltr'>apostolus</span> <span class='ocrx_word' id='word_1_394' title='bbox 3307 2682 3370 2741; x_wconf 87' lang='lat' dir='ltr'>in</span> <span class='ocrx_word' id='word_1_395' title='bbox 3400 2682 3661 2756; x_wconf 82' lang='lat' dir='ltr'>Epistola</span> 
     </span>
    </p>
   </div>
   <div class='ocr_carea' id='block_1_60' title="bbox 1996 2772 3663 2847">
    <p class='ocr_par' dir='ltr' id='par_1_60' title="bbox 1996 2772 3663 2847">
     <span class='ocr_line' id='line_1_61' title="bbox 1996 2772 3663 2847; baseline 0 -18"><span class='ocrx_word' id='word_1_396' title='bbox 1996 2790 2105 2829; x_wconf 90' lang='lat' dir='ltr'>sua</span> <span class='ocrx_word' id='word_1_397' title='bbox 2136 2772 2368 2847; x_wconf 79' lang='lat' dir='ltr'>scripsit</span> <span class='ocrx_word' id='word_1_398' title='bbox 2400 2792 2414 2828; x_wconf 93' lang='lat'>:</span> <span class='ocrx_word' id='word_1_399' title='bbox 2457 2774 2816 2841; x_wconf 77' lang='lat' dir='ltr'>Inﬁrmatur</span> <span class='ocrx_word' id='word_1_400' title='bbox 2843 2774 2979 2844; x_wconf 81' lang='lat' dir='ltr'>quis</span> <span class='ocrx_word' id='word_1_401' title='bbox 3034 2774 3096 2847; x_wconf 82' lang='lat' dir='ltr'>in</span> <span class='ocrx_word' id='word_1_402' title='bbox 3127 2774 3289 2831; x_wconf 72' lang='lat' dir='ltr'>vobis</span> <span class='ocrx_word' id='word_1_403' title='bbox 3321 2778 3350 2831; x_wconf 73' lang='grc' dir='ltr'><strong><em>Ῡ</em></strong></span> <span class='ocrx_word' id='word_1_404' title='bbox 3401 2772 3663 2830; x_wconf 70' lang='lat' dir='ltr'>[inducat</span> 
     </span>
    </p>
   </div>
   <div class='ocr_carea' id='block_1_61' title="bbox 1989 2863 3659 2933">
    <p class='ocr_par' dir='ltr' id='par_1_61' title="bbox 1989 2863 3659 2933">
     <span class='ocr_line' id='line_1_62' title="bbox 1989 2863 3659 2933; baseline -0.002 -12"><span class='ocrx_word' id='word_1_405' title='bbox 1989 2863 2369 2933; x_wconf 77' lang='lat' dir='ltr'>presbyteros</span> <span class='ocrx_word' id='word_1_406' title='bbox 2388 2864 2694 2932; x_wconf 58' lang='lat' dir='ltr'>Ecclesia,</span> <span class='ocrx_word' id='word_1_407' title='bbox 2715 2869 2770 2919; x_wconf 88' lang='lat' dir='ltr'>et</span> <span class='ocrx_word' id='word_1_408' title='bbox 2802 2868 2973 2920; x_wconf 84' lang='lat' dir='ltr'>orent</span> <span class='ocrx_word' id='word_1_409' title='bbox 3001 2878 3184 2932; x_wconf 77' lang='lat' dir='ltr'>super</span> <span class='ocrx_word' id='word_1_410' title='bbox 3210 2867 3659 2933; x_wconf 58' lang='lat' dir='ltr'>etmmrgentes</span> 
     </span>
    </p>
   </div>
   <div class='ocr_carea' id='block_1_62' title="bbox 1996 2950 3656 3021">
    <p class='ocr_par' dir='ltr' id='par_1_62' title="bbox 1996 2950 3656 3021">
     <span class='ocr_line' id='line_1_63' title="bbox 1996 2950 3656 3021; baseline -0.001 -12"><span class='ocrx_word' id='word_1_411' title='bbox 1996 2968 2125 3009; x_wconf 80' lang='lat' dir='ltr'>eum</span> <span class='ocrx_word' id='word_1_412' title='bbox 2154 2955 2288 3009; x_wconf 83' lang='lat' dir='ltr'>oleo</span> <span class='ocrx_word' id='word_1_413' title='bbox 2316 2955 2382 3008; x_wconf 88' lang='lat' dir='ltr'>in</span> <span class='ocrx_word' id='word_1_414' title='bbox 2411 2953 2651 3008; x_wconf 79' lang='lat' dir='ltr'>nomine</span> <span class='ocrx_word' id='word_1_415' title='bbox 2671 2950 2959 3009; x_wconf 81' lang='lat' dir='ltr'>Domini:</span> <span class='ocrx_word' id='word_1_416' title='bbox 2988 2957 3045 3008; x_wconf 83' lang='lat' dir='ltr'>et</span> <span class='ocrx_word' id='word_1_417' title='bbox 3068 2953 3263 3009; x_wconf 74' lang='lat' dir='ltr'>oratio</span> <span class='ocrx_word' id='word_1_418' title='bbox 3288 2952 3435 3021; x_wconf 73' lang='lat' dir='ltr'>ﬁdei</span> <span class='ocrx_word' id='word_1_419' title='bbox 3455 2952 3656 3008; x_wconf 80' lang='lat' dir='ltr'>salva-</span> 
     </span>
    </p>
   </div>
   <div class='ocr_carea' id='block_1_63' title="bbox 202 3004 3655 3112">
    <p class='ocr_par' dir='ltr' id='par_1_63' title="bbox 202 3004 3655 3112">
     <span class='ocr_line' id='line_1_64' title="bbox 202 3004 3655 3112; baseline 0.005 -34"><span class='ocrx_word' id='word_1_420' title='bbox 202 3021 317 3112; x_wconf 58' lang='grc' dir='ltr'>ιξιιε</span> <span class='ocrx_word' id='word_1_421' title='bbox 357 3005 438 3061; x_wconf 74' lang='lat' dir='ltr'>sit</span> <span class='ocrx_word' id='word_1_422' title='bbox 472 3004 675 3112; x_wconf 60' lang='grc' dir='ltr'>οεπάὶε</span> <span class='ocrx_word' id='word_1_423' title='bbox 714 3005 1032 3112; x_wconf 45' lang='lat' dir='ltr'>infregi”,</span> <span class='ocrx_word' id='word_1_424' title='bbox 1074 3006 1314 3112; x_wconf 60' lang='grc' dir='ltr'>(ξιιῗνίεῖ,</span> <span class='ocrx_word' id='word_1_425' title='bbox 1336 3008 1620 3112; x_wconf 68' lang='grc' dir='ltr'>ιθωροξζῗ,</span> <span class='ocrx_word' id='word_1_426' title='bbox 1644 3009 1886 3112; x_wconf 56' lang='lat'>“0&quot;,”?</span> <span class='ocrx_word' id='word_1_427' title='bbox 1919 3006 1967 3065; x_wconf 64' lang='grc' dir='ltr'><strong>θ</strong></span> <span class='ocrx_word' id='word_1_428' title='bbox 1998 3004 3655 3112; x_wconf 40' lang='lat' dir='ltr'>éiﬁéiddiiféb»?bb§éiﬁé§?si?in</span> 
     </span>
    </p>
   </div>
   <div class='ocr_carea' id='block_1_64' title="bbox 204 3093 1887 3169">
    <p class='ocr_par' dir='ltr' id='par_1_64' title="bbox 204 3093 1887 3169">
     <span class='ocr_line' id='line_1_65' title="bbox 204 3093 1887 3169; baseline 0.001 -19"><span class='ocrx_word' id='word_1_429' title='bbox 204 3094 581 3165; x_wconf 84' lang='lat' dir='ltr'>deneganda</span> <span class='ocrx_word' id='word_1_430' title='bbox 610 3096 962 3169; x_wconf 61' lang='lat' dir='ltr'>poenitentia</span> <span class='ocrx_word' id='word_1_431' title='bbox 991 3096 1339 3169; x_wconf 86' lang='lat' dir='ltr'>postulanti,</span> <span class='ocrx_word' id='word_1_432' title='bbox 1373 3112 1513 3152; x_wconf 90' lang='lat' dir='ltr'>cum</span> <span class='ocrx_word' id='word_1_433' title='bbox 1540 3094 1624 3151; x_wconf 86' lang='lat' dir='ltr'>illi</span> <span class='ocrx_word' id='word_1_434' title='bbox 1649 3111 1711 3151; x_wconf 88' lang='lat' dir='ltr'>se</span> <span class='ocrx_word' id='word_1_435' title='bbox 1741 3093 1887 3152; x_wconf 87' lang='lat' dir='ltr'>obli-</span> 
     </span>
    </p>
   </div>
   <div class='ocr_carea' id='block_1_65' title="bbox 204 3184 1709 3267">
    <p class='ocr_par' dir='ltr' id='par_1_65' title="bbox 204 3184 1709 3267">
     <span class='ocr_line' id='line_1_66' title="bbox 204 3184 1709 3267; baseline 0 -28"><span class='ocrx_word' id='word_1_436' title='bbox 204 3187 298 3254; x_wconf 83' lang='lat' dir='ltr'>get</span> <span class='ocrx_word' id='word_1_437' title='bbox 314 3184 517 3267; x_wconf 62' lang='lat' dir='ltr'>iudici</span> <span class='ocrx_word' id='word_1_438' title='bbox 551 3184 651 3239; x_wconf 88' lang='lat' dir='ltr'>cui</span> <span class='ocrx_word' id='word_1_439' title='bbox 680 3185 913 3241; x_wconf 84' lang='lat' dir='ltr'>occulta</span> <span class='ocrx_word' id='word_1_440' title='bbox 942 3185 1148 3241; x_wconf 90' lang='lat' dir='ltr'>omnia</span> <span class='ocrx_word' id='word_1_441' title='bbox 1177 3186 1411 3241; x_wconf 84' lang='lat' dir='ltr'>noverit</span> <span class='ocrx_word' id='word_1_442' title='bbox 1439 3184 1709 3241; x_wconf 80' lang='lat' dir='ltr'>revelari.</span> 
     </span>
    </p>
   </div>
   <div class='ocr_carea' id='block_1_66' title="bbox 202 3288 1885 3363">
    <p class='ocr_par' dir='ltr' id='par_1_66' title="bbox 202 3288 1885 3363">
     <span class='ocr_line' id='line_1_67' title="bbox 202 3288 1885 3363; baseline 0.001 -20"><span class='ocrx_word' id='word_1_443' title='bbox 202 3288 287 3344; x_wconf 87' lang='lat' dir='ltr'>De</span> <span class='ocrx_word' id='word_1_444' title='bbox 316 3290 412 3349; x_wconf 80' lang='lat' dir='ltr'>his</span> <span class='ocrx_word' id='word_1_445' title='bbox 445 3291 560 3362; x_wconf 85' lang='lat' dir='ltr'>qui</span> <span class='ocrx_word' id='word_1_446' title='bbox 579 3288 996 3346; x_wconf 81' lang='lat' dir='ltr'>obmutescunt</span> <span class='ocrx_word' id='word_1_447' title='bbox 1024 3297 1345 3363; x_wconf 83' lang='lat' dir='ltr'>antequam</span> <span class='ocrx_word' id='word_1_448' title='bbox 1377 3291 1655 3347; x_wconf 80' lang='lat' dir='ltr'>sacerdos</span> <span class='ocrx_word' id='word_1_449' title='bbox 1683 3291 1885 3345; x_wconf 82' lang='lat' dir='ltr'>veniat</span> 
     </span>
    </p>
   </div>
   <div class='ocr_carea' id='block_1_67' title="bbox 487 3378 1596 3451">
    <p class='ocr_par' dir='ltr' id='par_1_67' title="bbox 487 3378 1596 3451">
     <span class='ocr_line' id='line_1_68' title="bbox 487 3378 1596 3451; baseline -0.002 -15"><span class='ocrx_word' id='word_1_450' title='bbox 487 3378 579 3436; x_wconf 85' lang='lat' dir='ltr'>ad</span> <span class='ocrx_word' id='word_1_451' title='bbox 612 3394 725 3434; x_wconf 86' lang='lat' dir='ltr'>eos.</span> <span class='ocrx_word' id='word_1_452' title='bbox 758 3379 858 3436; x_wconf 79' lang='lat' dir='ltr'>Ea:</span> <span class='ocrx_word' id='word_1_453' title='bbox 884 3380 1136 3450; x_wconf 86' lang='lat' dir='ltr'>epistola</span> <span class='ocrx_word' id='word_1_454' title='bbox 1165 3381 1373 3437; x_wconf 85' lang='lat' dir='ltr'>Leonis</span> <span class='ocrx_word' id='word_1_455' title='bbox 1400 3395 1596 3451; x_wconf 58' lang='lat' dir='ltr'>papa.</span> 
     </span>
    </p>
   </div>
   <div class='ocr_carea' id='block_1_68' title="bbox 270 3462 1880 3545">
    <p class='ocr_par' dir='ltr' id='par_1_68' title="bbox 270 3462 1880 3545">
     <span class='ocr_line' id='line_1_69' title="bbox 270 3462 1880 3545; baseline 0 -22"><span class='ocrx_word' id='word_1_456' title='bbox 270 3468 417 3525; x_wconf 81' lang='lat' dir='ltr'>CXI.</span> <span class='ocrx_word' id='word_1_457' title='bbox 454 3469 543 3539; x_wconf 93' lang='lat' dir='ltr'>(S.</span> <span class='ocrx_word' id='word_1_458' title='bbox 584 3468 718 3531; x_wconf 70' lang='lat' dir='ltr'>Leo,</span> <span class='ocrx_word' id='word_1_459' title='bbox 748 3470 918 3538; x_wconf 81' lang='lat' dir='ltr'>epist.</span> <span class='ocrx_word' id='word_1_460' title='bbox 953 3474 1047 3545; x_wconf 79' lang='grc'>91,¹</span> <span class='ocrx_word' id='word_1_461' title='bbox 1073 3485 1122 3524; x_wconf 92' lang='lat' dir='ltr'>c.</span> <span class='ocrx_word' id='word_1_462' title='bbox 1159 3474 1228 3535; x_wconf 77' lang='lat'>5;</span> <span class='ocrx_word' id='word_1_463' title='bbox 1263 3462 1579 3525; x_wconf 61' lang='lat' dir='ltr'>Bruannic.</span> <span class='ocrx_word' id='word_1_464' title='bbox 1604 3468 1880 3537; x_wconf 85' lang='lat' dir='ltr'>lib.xvm,</span> 
     </span>
    </p>
   </div>
   <div class='ocr_carea' id='block_1_69' title="bbox 200 3556 1886 3629">
    <p class='ocr_par' dir='ltr' id='par_1_69' title="bbox 200 3556 1886 3629">
     <span class='ocr_line' id='line_1_70' title="bbox 200 3556 1886 3629; baseline 0 -18"><span class='ocrx_word' id='word_1_465' title='bbox 200 3572 248 3611; x_wconf 91' lang='lat' dir='ltr'>c.</span> <span class='ocrx_word' id='word_1_466' title='bbox 264 3562 318 3625; x_wconf 85' lang='lat'><strong>9;</strong></span> <span class='ocrx_word' id='word_1_467' title='bbox 344 3560 619 3629; x_wconf 55' lang='lat' dir='ltr'>meum,</span> <span class='ocrx_word' id='word_1_468' title='bbox 642 3573 693 3611; x_wconf 92' lang='lat' dir='ltr'>c.</span> <span class='ocrx_word' id='word_1_469' title='bbox 721 3556 827 3629; x_wconf 87' lang='lat' dir='ltr'>IO).</span> <span class='ocrx_word' id='word_1_470' title='bbox 846 3560 929 3613; x_wconf 90' lang='lat' dir='ltr'>Ita</span> <span class='ocrx_word' id='word_1_471' title='bbox 961 3572 1104 3628; x_wconf 86' lang='lat' dir='ltr'>ergo</span> <span class='ocrx_word' id='word_1_472' title='bbox 1128 3557 1337 3615; x_wconf 91' lang='lat' dir='ltr'>talium</span> <span class='ocrx_word' id='word_1_473' title='bbox 1363 3557 1699 3614; x_wconf 82' lang='lat' dir='ltr'>necessitati</span> <span class='ocrx_word' id='word_1_474' title='bbox 1720 3556 1886 3613; x_wconf 82' lang='lat' dir='ltr'>auxi-</span> 
     </span>
    </p>
   </div>
   <div class='ocr_carea' id='block_1_70' title="bbox 199 3643 1883 3727">
    <p class='ocr_par' dir='ltr' id='par_1_70' title="bbox 199 3643 1883 3727">
     <span class='ocr_line' id='line_1_71' title="bbox 199 3643 1883 3727; baseline 0.001 -29"><span class='ocrx_word' id='word_1_475' title='bbox 199 3643 478 3702; x_wconf 88' lang='lat' dir='ltr'>liandum</span> <span class='ocrx_word' id='word_1_476' title='bbox 507 3648 611 3701; x_wconf 87' lang='lat' dir='ltr'>est</span> <span class='ocrx_word' id='word_1_477' title='bbox 640 3647 706 3700; x_wconf 90' lang='lat' dir='ltr'>ut</span> <span class='ocrx_word' id='word_1_478' title='bbox 733 3660 843 3703; x_wconf 91' lang='lat' dir='ltr'>nec</span> <span class='ocrx_word' id='word_1_479' title='bbox 876 3644 1029 3701; x_wconf 89' lang='lat' dir='ltr'>actio</span> <span class='ocrx_word' id='word_1_480' title='bbox 1049 3644 1161 3701; x_wconf 91' lang='lat' dir='ltr'>illis</span> <span class='ocrx_word' id='word_1_481' title='bbox 1183 3645 1544 3727; x_wconf 82' lang='lat' dir='ltr'>poenitentiae</span> <span class='ocrx_word' id='word_1_482' title='bbox 1577 3660 1687 3700; x_wconf 90' lang='lat' dir='ltr'>nec</span> <span class='ocrx_word' id='word_1_483' title='bbox 1718 3660 1883 3700; x_wconf 88' lang='lat' dir='ltr'>com-</span> 
     </span>
    </p>
   </div>
   <div class='ocr_carea' id='block_1_71' title="bbox 198 3732 1884 3807">
    <p class='ocr_par' dir='ltr' id='par_1_71' title="bbox 198 3732 1884 3807">
     <span class='ocr_line' id='line_1_72' title="bbox 198 3732 1884 3807; baseline 0.001 -20"><span class='ocrx_word' id='word_1_484' title='bbox 198 3732 513 3791; x_wconf 87' lang='lat' dir='ltr'>munionis</span> <span class='ocrx_word' id='word_1_485' title='bbox 558 3734 760 3807; x_wconf 85' lang='lat' dir='ltr'>gratia</span> <span class='ocrx_word' id='word_1_486' title='bbox 784 3733 1133 3806; x_wconf 86' lang='lat' dir='ltr'>denegetur,</span> <span class='ocrx_word' id='word_1_487' title='bbox 1174 3733 1222 3790; x_wconf 89' lang='lat' dir='ltr'>si</span> <span class='ocrx_word' id='word_1_488' title='bbox 1269 3750 1404 3791; x_wconf 88' lang='lat' dir='ltr'>eam</span> <span class='ocrx_word' id='word_1_489' title='bbox 1435 3734 1615 3790; x_wconf 89' lang='lat' dir='ltr'>etiam</span> <span class='ocrx_word' id='word_1_490' title='bbox 1660 3732 1884 3790; x_wconf 88' lang='lat' dir='ltr'>amisso</span> 
     </span>
    </p>
   </div>
   <div class='ocr_carea' id='block_1_72' title="bbox 199 3810 1885 3901">
    <p class='ocr_par' dir='ltr' id='par_1_72' title="bbox 199 3810 1885 3901">
     <span class='ocr_line' id='line_1_73' title="bbox 199 3810 1885 3901; baseline -0.001 -25"><span class='ocrx_word' id='word_1_491' title='bbox 199 3820 364 3878; x_wconf 83' lang='lat' dir='ltr'>vocis</span> <span class='ocrx_word' id='word_1_492' title='bbox 405 3820 623 3879; x_wconf 84' lang='lat' dir='ltr'>oﬂicio</span> <span class='ocrx_word' id='word_1_493' title='bbox 678 3837 787 3895; x_wconf 88' lang='lat' dir='ltr'>per</span> <span class='ocrx_word' id='word_1_494' title='bbox 828 3822 1050 3879; x_wconf 89' lang='lat' dir='ltr'>indicia</span> <span class='ocrx_word' id='word_1_495' title='bbox 1104 3810 1317 3893; x_wconf 77' lang='lat' dir='ltr'>integri</span> <span class='ocrx_word' id='word_1_496' title='bbox 1360 3838 1573 3878; x_wconf 88' lang='lat' dir='ltr'>sensus</span> <span class='ocrx_word' id='word_1_497' title='bbox 1617 3834 1885 3901; x_wconf 73' lang='lat' dir='ltr'>quaerere</span> 
     </span>
    </p>
   </div>
   <div class='ocr_carea' id='block_1_73' title="bbox 200 3909 1885 3986">
    <p class='ocr_par' dir='ltr' id='par_1_73' title="bbox 200 3909 1885 3986">
     <span class='ocr_line' id='line_1_74' title="bbox 200 3909 1885 3986; baseline -0.001 -19"><span class='ocrx_word' id='word_1_498' title='bbox 200 3912 708 3986; x_wconf 88' lang='lat' dir='ltr'>comprobentur.</span> <span class='ocrx_word' id='word_1_499' title='bbox 737 3911 909 3978; x_wconf 87' lang='lat' dir='ltr'>Quod</span> <span class='ocrx_word' id='word_1_500' title='bbox 941 3912 989 3967; x_wconf 92' lang='lat' dir='ltr'>si</span> <span class='ocrx_word' id='word_1_501' title='bbox 1018 3912 1099 3968; x_wconf 89' lang='lat' dir='ltr'>ita</span> <span class='ocrx_word' id='word_1_502' title='bbox 1139 3910 1343 3986; x_wconf 89' lang='lat' dir='ltr'>aliqua</span> <span class='ocrx_word' id='word_1_503' title='bbox 1372 3910 1723 3981; x_wconf 77' lang='lat' dir='ltr'>aegritudine</span> <span class='ocrx_word' id='word_1_504' title='bbox 1762 3909 1885 3965; x_wconf 89' lang='lat' dir='ltr'>fue-</span> 
     </span>
    </p>
   </div>
   <div class='ocr_carea' id='block_1_74' title="bbox 198 3997 1885 4075">
    <p class='ocr_par' dir='ltr' id='par_1_74' title="bbox 198 3997 1885 4075">
     <span class='ocr_line' id='line_1_75' title="bbox 198 3997 1885 4075; baseline 0 -21"><span class='ocrx_word' id='word_1_505' title='bbox 198 3999 314 4056; x_wconf 91' lang='lat' dir='ltr'>rint</span> <span class='ocrx_word' id='word_1_506' title='bbox 342 4000 676 4075; x_wconf 84' lang='lat' dir='ltr'>aggravati</span> <span class='ocrx_word' id='word_1_507' title='bbox 695 4005 758 4057; x_wconf 92' lang='lat' dir='ltr'>ut</span> <span class='ocrx_word' id='word_1_508' title='bbox 773 4000 941 4074; x_wconf 89' lang='lat' dir='ltr'>quod</span> <span class='ocrx_word' id='word_1_509' title='bbox 960 4000 1142 4073; x_wconf 84' lang='lat' dir='ltr'>paulo</span> <span class='ocrx_word' id='word_1_510' title='bbox 1163 4004 1298 4056; x_wconf 88' lang='lat' dir='ltr'>ante</span> <span class='ocrx_word' id='word_1_511' title='bbox 1322 3999 1671 4073; x_wconf 88' lang='lat' dir='ltr'>poscebant,</span> <span class='ocrx_word' id='word_1_512' title='bbox 1694 4003 1751 4054; x_wconf 91' lang='lat' dir='ltr'>et</span> <span class='ocrx_word' id='word_1_513' title='bbox 1772 3997 1885 4054; x_wconf 88' lang='lat' dir='ltr'>sub</span> 
     </span>
    </p>
   </div>
   <div class='ocr_carea' id='block_1_75' title="bbox 199 4086 1885 4160">
    <p class='ocr_par' dir='ltr' id='par_1_75' title="bbox 199 4086 1885 4160">
     <span class='ocr_line' id='line_1_76' title="bbox 199 4086 1885 4160; baseline -0.001 -17"><span class='ocrx_word' id='word_1_514' title='bbox 199 4090 532 4160; x_wconf 71' lang='lat' dir='ltr'>praesentia</span> <span class='ocrx_word' id='word_1_515' title='bbox 551 4087 899 4159; x_wconf 86' lang='lat' dir='ltr'>signiﬁcare</span> <span class='ocrx_word' id='word_1_516' title='bbox 916 4104 1039 4145; x_wconf 92' lang='lat' dir='ltr'>non</span> <span class='ocrx_word' id='word_1_517' title='bbox 1059 4087 1343 4144; x_wconf 89' lang='lat' dir='ltr'>valebant</span> <span class='ocrx_word' id='word_1_518' title='bbox 1357 4088 1527 4158; x_wconf 60' lang='lat'>(497),</span> <span class='ocrx_word' id='word_1_519' title='bbox 1543 4086 1885 4144; x_wconf 89' lang='lat' dir='ltr'>testimonia</span> 
     </span>
    </p>
   </div>
   <div class='ocr_carea' id='block_1_76' title="bbox 200 4176 1881 4250">
    <p class='ocr_par' dir='ltr' id='par_1_76' title="bbox 200 4176 1881 4250">
     <span class='ocr_line' id='line_1_77' title="bbox 200 4176 1881 4250; baseline 0 -18"><span class='ocrx_word' id='word_1_520' title='bbox 200 4176 282 4232; x_wconf 88' lang='lat' dir='ltr'>eis</span> <span class='ocrx_word' id='word_1_521' title='bbox 325 4178 623 4241; x_wconf 86' lang='lat' dir='ltr'>ﬁdelium</span> <span class='ocrx_word' id='word_1_522' title='bbox 652 4176 1169 4235; x_wconf 89' lang='lat' dir='ltr'>circumstantium</span> <span class='ocrx_word' id='word_1_523' title='bbox 1212 4177 1331 4250; x_wconf 72' lang='grc'>74</span> <span class='ocrx_word' id='word_1_524' title='bbox 1384 4176 1670 4250; x_wconf 86' lang='lat' dir='ltr'>prodesse</span> <span class='ocrx_word' id='word_1_525' title='bbox 1698 4176 1881 4232; x_wconf 91' lang='lat' dir='ltr'>debe-</span> 
     </span>
    </p>
   </div>
   <div class='ocr_carea' id='block_1_77' title="bbox 195 4264 1882 4339">
    <p class='ocr_par' dir='ltr' id='par_1_77' title="bbox 195 4264 1882 4339">
     <span class='ocr_line' id='line_1_78' title="bbox 195 4264 1882 4339; baseline -0.001 -18"><span class='ocrx_word' id='word_1_526' title='bbox 195 4265 366 4339; x_wconf 86' lang='lat' dir='ltr'>bunt,</span> <span class='ocrx_word' id='word_1_527' title='bbox 400 4266 599 4324; x_wconf 89' lang='lat' dir='ltr'>simul</span> <span class='ocrx_word' id='word_1_528' title='bbox 620 4272 821 4323; x_wconf 88' lang='lat' dir='ltr'>tamen</span> <span class='ocrx_word' id='word_1_529' title='bbox 843 4271 900 4323; x_wconf 90' lang='lat' dir='ltr'>et</span> <span class='ocrx_word' id='word_1_530' title='bbox 926 4266 1283 4339; x_wconf 68' lang='lat' dir='ltr'>paenitentiae</span> <span class='ocrx_word' id='word_1_531' title='bbox 1304 4269 1362 4324; x_wconf 90' lang='lat' dir='ltr'>et</span> <span class='ocrx_word' id='word_1_532' title='bbox 1387 4264 1882 4322; x_wconf 86' lang='lat' dir='ltr'>reconciliationis</span> 
     </span>
    </p>
   </div>
   <div class='ocr_carea' id='block_1_78' title="bbox 195 4355 1090 4430">
    <p class='ocr_par' dir='ltr' id='par_1_78' title="bbox 195 4355 1090 4430">
     <span class='ocr_line' id='line_1_79' title="bbox 195 4355 1090 4430; baseline 0.001 -19"><span class='ocrx_word' id='word_1_533' title='bbox 195 4355 574 4415; x_wconf 88' lang='lat' dir='ltr'>beneﬁcium</span> <span class='ocrx_word' id='word_1_534' title='bbox 619 4360 1090 4430; x_wconf 82' lang='lat' dir='ltr'>consequantur.</span> 
     </span>
    </p>
   </div>
   <div class='ocr_carea' id='block_1_79' title="bbox 347 4461 1736 4537">
    <p class='ocr_par' dir='ltr' id='par_1_79' title="bbox 347 4461 1736 4537">
     <span class='ocr_line' id='line_1_80' title="bbox 347 4461 1736 4537; baseline -0.002 -17"><span class='ocrx_word' id='word_1_535' title='bbox 347 4467 440 4522; x_wconf 91' lang='lat' dir='ltr'>De</span> <span class='ocrx_word' id='word_1_536' title='bbox 469 4464 689 4537; x_wconf 81' lang='lat' dir='ltr'>eadem</span> <span class='ocrx_word' id='word_1_537' title='bbox 720 4479 804 4535; x_wconf 82' lang='lat' dir='ltr'>re.</span> <span class='ocrx_word' id='word_1_538' title='bbox 837 4464 937 4528; x_wconf 71' lang='lat' dir='ltr'>Ea:</span> <span class='ocrx_word' id='word_1_539' title='bbox 965 4463 1211 4533; x_wconf 84' lang='lat' dir='ltr'>consilio</span> <span class='ocrx_word' id='word_1_540' title='bbox 1245 4461 1736 4535; x_wconf 75' lang='lat' dir='ltr'>Carthaginensi.</span> 
     </span>
    </p>
   </div>
   <div class='ocr_carea' id='block_1_80' title="bbox 265 4549 1875 4628">
    <p class='ocr_par' dir='ltr' id='par_1_80' title="bbox 265 4549 1875 4628">
     <span class='ocr_line' id='line_1_81' title="bbox 265 4549 1875 4628; baseline -0.002 -18"><span class='ocrx_word' id='word_1_541' title='bbox 265 4555 423 4625; x_wconf 73' lang='lat' dir='ltr'><strong>CXII.</strong></span> <span class='ocrx_word' id='word_1_542' title='bbox 463 4554 732 4628; x_wconf 82' lang='lat' dir='ltr'>(Concil.</span> <span class='ocrx_word' id='word_1_543' title='bbox 768 4554 1061 4624; x_wconf 77' lang='lat' dir='ltr'>Carthag.</span> <span class='ocrx_word' id='word_1_544' title='bbox 1092 4568 1166 4622; x_wconf 77' lang='lat' dir='ltr'>Iv,</span> <span class='ocrx_word' id='word_1_545' title='bbox 1199 4568 1250 4608; x_wconf 90' lang='lat' dir='ltr'>c.</span> <span class='ocrx_word' id='word_1_546' title='bbox 1284 4554 1391 4620; x_wconf 79' lang='lat'>78;</span> <span class='ocrx_word' id='word_1_547' title='bbox 1425 4553 1742 4621; x_wconf 69' lang='lat' dir='ltr'>BIIRCHARD.</span> <span class='ocrx_word' id='word_1_548' title='bbox 1771 4549 1875 4608; x_wconf 90' lang='lat' dir='ltr'>lib.</span> 
     </span>
    </p>
   </div>
   <div class='ocr_carea' id='block_1_81' title="bbox 197 4639 1882 4719">
    <p class='ocr_par' dir='ltr' id='par_1_81' title="bbox 197 4639 1882 4719">
     <span class='ocr_line' id='line_1_82' title="bbox 197 4639 1882 4719; baseline -0.001 -22"><span class='ocrx_word' id='word_1_549' title='bbox 197 4658 351 4713; x_wconf 75' lang='lat' dir='ltr'>xvux,</span> <span class='ocrx_word' id='word_1_550' title='bbox 385 4660 439 4700; x_wconf 91' lang='lat' dir='ltr'>c.</span> <span class='ocrx_word' id='word_1_551' title='bbox 475 4644 602 4716; x_wconf 78' lang='lat'>23).</span> <span class='ocrx_word' id='word_1_552' title='bbox 636 4642 987 4699; x_wconf 70' lang='lat' dir='ltr'>Pmnitentes</span> <span class='ocrx_word' id='word_1_553' title='bbox 1016 4639 1120 4714; x_wconf 89' lang='lat' dir='ltr'>qui</span> <span class='ocrx_word' id='word_1_554' title='bbox 1147 4639 1209 4696; x_wconf 92' lang='lat' dir='ltr'>in</span> <span class='ocrx_word' id='word_1_555' title='bbox 1233 4639 1574 4711; x_wconf 85' lang='lat' dir='ltr'>inﬁrmitate</span> <span class='ocrx_word' id='word_1_556' title='bbox 1598 4640 1882 4719; x_wconf 68' lang='lat' dir='ltr'>viaticum</span> 
     </span>
    </p>
   </div>
   <div class='ocr_carea' id='block_1_82' title="bbox 196 4728 1887 4815">
    <p class='ocr_par' dir='ltr' id='par_1_82' title="bbox 196 4728 1887 4815">
     <span class='ocr_line' id='line_1_83' title="bbox 196 4728 1887 4815; baseline 0 -30"><span class='ocrx_word' id='word_1_557' title='bbox 196 4732 586 4803; x_wconf 80' lang='lat' dir='ltr'>eucharistiae</span> <span class='ocrx_word' id='word_1_558' title='bbox 619 4730 975 4815; x_wconf 79' lang='lat' dir='ltr'>acceperint,</span> <span class='ocrx_word' id='word_1_559' title='bbox 1026 4745 1151 4805; x_wconf 81' lang='lat' dir='ltr'>non</span> <span class='ocrx_word' id='word_1_560' title='bbox 1181 4745 1244 4789; x_wconf 90' lang='lat' dir='ltr'>se</span> <span class='ocrx_word' id='word_1_561' title='bbox 1298 4729 1546 4801; x_wconf 80' lang='lat' dir='ltr'>credant</span> <span class='ocrx_word' id='word_1_562' title='bbox 1573 4728 1887 4805; x_wconf 76' lang='lat' dir='ltr'>absolutos</span> 
     </span>
    </p>
   </div>
   <div class='ocr_carea' id='block_1_83' title="bbox 198 4816 1592 4903">
    <p class='ocr_par' dir='ltr' id='par_1_83' title="bbox 198 4816 1592 4903">
     <span class='ocr_line' id='line_1_84' title="bbox 198 4816 1592 4903; baseline -0.001 -29"><span class='ocrx_word' id='word_1_563' title='bbox 198 4822 321 4877; x_wconf 87' lang='lat' dir='ltr'>sine</span> <span class='ocrx_word' id='word_1_564' title='bbox 351 4837 596 4878; x_wconf 89' lang='lat' dir='ltr'>manus</span> <span class='ocrx_word' id='word_1_565' title='bbox 625 4818 1025 4901; x_wconf 76' lang='lat' dir='ltr'>impositique,</span> <span class='ocrx_word' id='word_1_566' title='bbox 1060 4818 1109 4876; x_wconf 89' lang='lat' dir='ltr'>si</span> <span class='ocrx_word' id='word_1_567' title='bbox 1140 4816 1592 4903; x_wconf 83' lang='lat' dir='ltr'>supervixerint.</span> 
     </span>
    </p>
   </div>
   <div class='ocr_carea' id='block_1_84' title="bbox 374 4925 1700 4997">
    <p class='ocr_par' dir='ltr' id='par_1_84' title="bbox 374 4925 1700 4997">
     <span class='ocr_line' id='line_1_85' title="bbox 374 4925 1700 4997; baseline -0.009 -4"><span class='ocrx_word' id='word_1_568' title='bbox 374 4931 470 4993; x_wconf 80' lang='lat' dir='ltr'>De</span> <span class='ocrx_word' id='word_1_569' title='bbox 499 4928 719 4987; x_wconf 83' lang='lat' dir='ltr'>eadem</span> <span class='ocrx_word' id='word_1_570' title='bbox 747 4942 832 4984; x_wconf 81' lang='lat' dir='ltr'>re.</span> <span class='ocrx_word' id='word_1_571' title='bbox 863 4927 964 4983; x_wconf 75' lang='lat' dir='ltr'>Ea:</span> <span class='ocrx_word' id='word_1_572' title='bbox 993 4927 1246 4997; x_wconf 62' lang='lat' dir='ltr'>epistola</span> <span class='ocrx_word' id='word_1_573' title='bbox 1272 4925 1485 4997; x_wconf 73' lang='lat' dir='ltr'>Siricii</span> <span class='ocrx_word' id='word_1_574' title='bbox 1505 4940 1700 4996; x_wconf 72' lang='lat' dir='ltr'>papae.</span> 
     </span>
    </p>
   </div>
   <div class='ocr_carea' id='block_1_85' title="bbox 270 5013 1884 5090">
    <p class='ocr_par' dir='ltr' id='par_1_85' title="bbox 270 5013 1884 5090">
     <span class='ocr_line' id='line_1_86' title="bbox 270 5013 1884 5090; baseline -0.001 -15"><span class='ocrx_word' id='word_1_575' title='bbox 270 5020 460 5075; x_wconf 84' lang='lat' dir='ltr'>CXIII.</span> <span class='ocrx_word' id='word_1_576' title='bbox 494 5019 787 5090; x_wconf 74' lang='lat' dir='ltr'>(Decreta</span> <span class='ocrx_word' id='word_1_577' title='bbox 813 5017 1023 5083; x_wconf 78' lang='lat' dir='ltr'><strong>SIRICII,</strong></span> <span class='ocrx_word' id='word_1_578' title='bbox 1051 5031 1104 5074; x_wconf 88' lang='lat' dir='ltr'>c.</span> <span class='ocrx_word' id='word_1_579' title='bbox 1136 5020 1207 5082; x_wconf 76' lang='lat'>5;</span> <span class='ocrx_word' id='word_1_580' title='bbox 1240 5017 1558 5085; x_wconf 65' lang='lat' dir='ltr'>Eunomus.</span> <span class='ocrx_word' id='word_1_581' title='bbox 1588 5013 1693 5077; x_wconf 89' lang='lat' dir='ltr'>lib.</span> <span class='ocrx_word' id='word_1_582' title='bbox 1720 5030 1884 5088; x_wconf 70' lang='lat' dir='ltr'>xviii,</span> 
     </span>
    </p>
   </div>
   <div class='ocr_carea' id='block_1_86' title="bbox 200 5104 1882 5179">
    <p class='ocr_par' dir='ltr' id='par_1_86' title="bbox 200 5104 1882 5179">
     <span class='ocr_line' id='line_1_87' title="bbox 200 5104 1882 5179; baseline 0 -19"><span class='ocrx_word' id='word_1_583' title='bbox 200 5108 341 5179; x_wconf 90' lang='lat' dir='ltr'>c.8).</span> <span class='ocrx_word' id='word_1_584' title='bbox 376 5108 777 5179; x_wconf 80' lang='lat' dir='ltr'>Quicumque</span> <span class='ocrx_word' id='word_1_585' title='bbox 807 5106 1035 5175; x_wconf 77' lang='lat' dir='ltr'>carnali</span> <span class='ocrx_word' id='word_1_586' title='bbox 1062 5104 1382 5177; x_wconf 69' lang='lat' dir='ltr'>fragilitate</span> <span class='ocrx_word' id='word_1_587' title='bbox 1408 5104 1882 5176; x_wconf 84' lang='lat' dir='ltr'>ceciderunt,his</span> 
     </span>
    </p>
   </div>
   <div class='ocr_carea' id='block_1_87' title="bbox 200 5194 1886 5271">
    <p class='ocr_par' dir='ltr' id='par_1_87' title="bbox 200 5194 1886 5271">
     <span class='ocr_line' id='line_1_88' title="bbox 200 5194 1886 5271; baseline -0.005 -10"><span class='ocrx_word' id='word_1_588' title='bbox 200 5194 420 5261; x_wconf 70' lang='lat' dir='ltr'>viatico</span> <span class='ocrx_word' id='word_1_589' title='bbox 451 5211 742 5264; x_wconf 73' lang='lat' dir='ltr'>munere,</span> <span class='ocrx_word' id='word_1_590' title='bbox 759 5211 900 5259; x_wconf 80' lang='lat' dir='ltr'>cum</span> <span class='ocrx_word' id='word_1_591' title='bbox 931 5195 1011 5263; x_wconf 81' lang='lat' dir='ltr'>ad</span> <span class='ocrx_word' id='word_1_592' title='bbox 1040 5195 1362 5271; x_wconf 70' lang='lat' dir='ltr'>Dominum</span> <span class='ocrx_word' id='word_1_593' title='bbox 1392 5194 1683 5268; x_wconf 69' lang='lat' dir='ltr'>coeperint</span> <span class='ocrx_word' id='word_1_594' title='bbox 1707 5194 1886 5269; x_wconf 84' lang='lat' dir='ltr'>proﬁ-</span> 
     </span>
    </p>
   </div>
   <div class='ocr_carea' id='block_1_88' title="bbox 1989 3131 3655 3204">
    <p class='ocr_par' dir='ltr' id='par_1_88' title="bbox 1989 3131 3655 3204">
     <span class='ocr_line' id='line_1_89' title="bbox 1989 3131 3655 3204; baseline -0.002 -14"><span class='ocrx_word' id='word_1_595' title='bbox 1989 3134 2251 3203; x_wconf 86' lang='lat' dir='ltr'>peccatis</span> <span class='ocrx_word' id='word_1_596' title='bbox 2278 3133 2488 3204; x_wconf 65' lang='lat' dir='ltr'>fuerit,</span> <span class='ocrx_word' id='word_1_597' title='bbox 2517 3134 2901 3188; x_wconf 74' lang='lat' dir='ltr'>remittemur</span> <span class='ocrx_word' id='word_1_598' title='bbox 2936 3132 2993 3187; x_wconf 84' lang='lat' dir='ltr'>ei</span> <span class='ocrx_word' id='word_1_599' title='bbox 3029 3132 3179 3203; x_wconf 81' lang='lat' dir='ltr'>(Jac.</span> <span class='ocrx_word' id='word_1_600' title='bbox 3213 3135 3291 3199; x_wconf 86' lang='lat' dir='ltr'>v).</span> <span class='ocrx_word' id='word_1_601' title='bbox 3326 3131 3499 3197; x_wconf 86' lang='lat' dir='ltr'>Quod</span> <span class='ocrx_word' id='word_1_602' title='bbox 3530 3145 3655 3186; x_wconf 89' lang='lat' dir='ltr'>non</span> 
     </span>
    </p>
   </div>
   <div class='ocr_carea' id='block_1_89' title="bbox 1994 3218 3656 3292">
    <p class='ocr_par' dir='ltr' id='par_1_89' title="bbox 1994 3218 3656 3292">
     <span class='ocr_line' id='line_1_90' title="bbox 1994 3218 3656 3292; baseline -0.002 -15"><span class='ocrx_word' id='word_1_603' title='bbox 1994 3226 2085 3278; x_wconf 82' lang='lat' dir='ltr'>est</span> <span class='ocrx_word' id='word_1_604' title='bbox 2130 3221 2387 3277; x_wconf 87' lang='lat' dir='ltr'>dubium</span> <span class='ocrx_word' id='word_1_605' title='bbox 2434 3221 2509 3276; x_wconf 87' lang='lat' dir='ltr'>de</span> <span class='ocrx_word' id='word_1_606' title='bbox 2552 3220 2833 3278; x_wconf 83' lang='lat' dir='ltr'>ﬁdelibus</span> <span class='ocrx_word' id='word_1_607' title='bbox 2889 3219 3303 3291; x_wconf 85' lang='lat' dir='ltr'>agrotantibus</span> <span class='ocrx_word' id='word_1_608' title='bbox 3332 3219 3524 3292; x_wconf 85' lang='lat' dir='ltr'>accipi</span> <span class='ocrx_word' id='word_1_609' title='bbox 3559 3218 3656 3274; x_wconf 89' lang='lat' dir='ltr'>vel</span> 
     </span>
    </p>
   </div>
   <div class='ocr_carea' id='block_1_90' title="bbox 1994 3309 3654 3384">
    <p class='ocr_par' dir='ltr' id='par_1_90' title="bbox 1994 3309 3654 3384">
     <span class='ocr_line' id='line_1_91' title="bbox 1994 3309 3654 3384; baseline -0.002 -18"><span class='ocrx_word' id='word_1_610' title='bbox 1994 3311 2240 3384; x_wconf 75' lang='lat' dir='ltr'>intelligi</span> <span class='ocrx_word' id='word_1_611' title='bbox 2266 3311 2506 3381; x_wconf 84' lang='lat' dir='ltr'>debere,</span> <span class='ocrx_word' id='word_1_612' title='bbox 2552 3311 2696 3384; x_wconf 85' lang='lat' dir='ltr'>quia</span> <span class='ocrx_word' id='word_1_613' title='bbox 2726 3314 2945 3367; x_wconf 86' lang='lat' dir='ltr'>sancto.</span> <span class='ocrx_word' id='word_1_614' title='bbox 2987 3310 3122 3366; x_wconf 90' lang='lat' dir='ltr'>oleo</span> <span class='ocrx_word' id='word_1_615' title='bbox 3164 3309 3517 3375; x_wconf 30' lang='lat' dir='ltr'>chrismatis,</span> <span class='ocrx_word' id='word_1_616' title='bbox 3546 3324 3654 3382; x_wconf 90' lang='lat' dir='ltr'>pe-</span> 
     </span>
    </p>
   </div>
   <div class='ocr_carea' id='block_1_91' title="bbox 1992 3399 3652 3474">
    <p class='ocr_par' dir='ltr' id='par_1_91' title="bbox 1992 3399 3652 3474">
     <span class='ocr_line' id='line_1_92' title="bbox 1992 3399 3652 3474; baseline -0.001 -18"><span class='ocrx_word' id='word_1_617' title='bbox 1992 3401 2171 3472; x_wconf 89' lang='lat' dir='ltr'>rungi</span> <span class='ocrx_word' id='word_1_618' title='bbox 2198 3405 2471 3474; x_wconf 85' lang='lat' dir='ltr'>possunt,</span> <span class='ocrx_word' id='word_1_619' title='bbox 2512 3401 2679 3473; x_wconf 90' lang='lat' dir='ltr'>quod</span> <span class='ocrx_word' id='word_1_620' title='bbox 2710 3400 2789 3457; x_wconf 86' lang='lat' dir='ltr'>ab</span> <span class='ocrx_word' id='word_1_621' title='bbox 2817 3400 3104 3473; x_wconf 85' lang='lat' dir='ltr'>episcopo</span> <span class='ocrx_word' id='word_1_622' title='bbox 3143 3399 3480 3455; x_wconf 87' lang='lat' dir='ltr'>confectum</span> <span class='ocrx_word' id='word_1_623' title='bbox 3529 3413 3652 3454; x_wconf 90' lang='lat' dir='ltr'>non</span> 
     </span>
    </p>
   </div>
   <div class='ocr_carea' id='block_1_92' title="bbox 1995 3486 3651 3557">
    <p class='ocr_par' dir='ltr' id='par_1_92' title="bbox 1995 3486 3651 3557">
     <span class='ocr_line' id='line_1_93' title="bbox 1995 3486 3651 3557; baseline -0.002 -12"><span class='ocrx_word' id='word_1_624' title='bbox 1995 3491 2191 3549; x_wconf 84' lang='lat' dir='ltr'>solum</span> <span class='ocrx_word' id='word_1_625' title='bbox 2236 3489 2667 3557; x_wconf 83' lang='lat' dir='ltr'>sacerdotibus,</span> <span class='ocrx_word' id='word_1_626' title='bbox 2713 3488 2818 3545; x_wconf 88' lang='lat' dir='ltr'>sed</span> <span class='ocrx_word' id='word_1_627' title='bbox 2859 3488 3145 3545; x_wconf 88' lang='lat' dir='ltr'>omnibus</span> <span class='ocrx_word' id='word_1_628' title='bbox 3190 3489 3275 3543; x_wconf 90' lang='lat' dir='ltr'>uti</span> <span class='ocrx_word' id='word_1_629' title='bbox 3306 3486 3651 3545; x_wconf 88' lang='lat' dir='ltr'>Christianis</span> 
     </span>
    </p>
   </div>
   <div class='ocr_carea' id='block_1_93' title="bbox 1992 3575 3650 3645">
    <p class='ocr_par' dir='ltr' id='par_1_93' title="bbox 1992 3575 3650 3645">
     <span class='ocr_line' id='line_1_94' title="bbox 1992 3575 3650 3645; baseline -0.002 -10"><span class='ocrx_word' id='word_1_630' title='bbox 1992 3579 2128 3637; x_wconf 85' lang='lat' dir='ltr'>licet</span> <span class='ocrx_word' id='word_1_631' title='bbox 2163 3580 2226 3635; x_wconf 91' lang='lat' dir='ltr'>in</span> <span class='ocrx_word' id='word_1_632' title='bbox 2281 3594 2391 3634; x_wconf 83' lang='lat' dir='ltr'>sua</span> <span class='ocrx_word' id='word_1_633' title='bbox 2441 3581 2549 3634; x_wconf 84' lang='lat' dir='ltr'>aut</span> <span class='ocrx_word' id='word_1_634' title='bbox 2576 3591 2826 3633; x_wconf 87' lang='lat' dir='ltr'>suorum</span> <span class='ocrx_word' id='word_1_635' title='bbox 2872 3576 3224 3633; x_wconf 84' lang='lat' dir='ltr'>necessitate</span> <span class='ocrx_word' id='word_1_636' title='bbox 3273 3575 3650 3645; x_wconf 87' lang='lat' dir='ltr'>ungendum.</span> 
     </span>
    </p>
   </div>
   <div class='ocr_carea' id='block_1_94' title="bbox 1995 3662 3657 3737">
    <p class='ocr_par' dir='ltr' id='par_1_94' title="bbox 1995 3662 3657 3737">
     <span class='ocr_line' id='line_1_95' title="bbox 1995 3662 3657 3737; baseline -0.003 -13"><span class='ocrx_word' id='word_1_637' title='bbox 1995 3670 2286 3724; x_wconf 68' lang='lat' dir='ltr'>Caeterum</span> <span class='ocrx_word' id='word_1_638' title='bbox 2322 3666 2470 3723; x_wconf 88' lang='lat' dir='ltr'>illud</span> <span class='ocrx_word' id='word_1_639' title='bbox 2518 3663 2895 3737; x_wconf 80' lang='lat' dir='ltr'>superﬂuum</span> <span class='ocrx_word' id='word_1_640' title='bbox 2919 3663 3195 3719; x_wconf 79' lang='lat' dir='ltr'>videmus</span> <span class='ocrx_word' id='word_1_641' title='bbox 3232 3662 3558 3732; x_wconf 85' lang='lat' dir='ltr'>adjectum,</span> <span class='ocrx_word' id='word_1_642' title='bbox 3588 3665 3657 3719; x_wconf 91' lang='lat' dir='ltr'>ut</span> 
     </span>
    </p>
   </div>
   <div class='ocr_carea' id='block_1_95' title="bbox 1994 3749 3655 3827">
    <p class='ocr_par' dir='ltr' id='par_1_95' title="bbox 1994 3749 3655 3827">
     <span class='ocr_line' id='line_1_96' title="bbox 1994 3749 3655 3827; baseline -0.002 -15"><span class='ocrx_word' id='word_1_643' title='bbox 1994 3755 2073 3812; x_wconf 85' lang='lat' dir='ltr'>de</span> <span class='ocrx_word' id='word_1_644' title='bbox 2095 3755 2381 3827; x_wconf 87' lang='lat' dir='ltr'>episcopo</span> <span class='ocrx_word' id='word_1_645' title='bbox 2411 3753 2755 3824; x_wconf 86' lang='lat' dir='ltr'>ambigatur</span> <span class='ocrx_word' id='word_1_646' title='bbox 2774 3751 2943 3824; x_wconf 90' lang='lat' dir='ltr'>quod</span> <span class='ocrx_word' id='word_1_647' title='bbox 2961 3750 3316 3824; x_wconf 86' lang='lat' dir='ltr'>presbytero</span> <span class='ocrx_word' id='word_1_648' title='bbox 3333 3749 3508 3806; x_wconf 85' lang='lat' dir='ltr'>licere</span> <span class='ocrx_word' id='word_1_649' title='bbox 3529 3766 3655 3808; x_wconf 92' lang='lat' dir='ltr'>non</span> 
     </span>
    </p>
   </div>
   <div class='ocr_carea' id='block_1_96' title="bbox 1994 3839 3652 3915">
    <p class='ocr_par' dir='ltr' id='par_1_96' title="bbox 1994 3839 3652 3915">
     <span class='ocr_line' id='line_1_97' title="bbox 1994 3839 3652 3915; baseline -0.002 -14"><span class='ocrx_word' id='word_1_650' title='bbox 1994 3844 2250 3901; x_wconf 85' lang='lat' dir='ltr'>dubium</span> <span class='ocrx_word' id='word_1_651' title='bbox 2279 3847 2389 3903; x_wconf 88' lang='lat' dir='ltr'>est.</span> <span class='ocrx_word' id='word_1_652' title='bbox 2428 3846 2575 3900; x_wconf 83' lang='lat' dir='ltr'>Nam</span> <span class='ocrx_word' id='word_1_653' title='bbox 2604 3841 2829 3898; x_wconf 90' lang='lat' dir='ltr'>idcirco</span> <span class='ocrx_word' id='word_1_654' title='bbox 2870 3840 3233 3915; x_wconf 81' lang='lat' dir='ltr'>presbyteris</span> <span class='ocrx_word' id='word_1_655' title='bbox 3274 3839 3501 3897; x_wconf 87' lang='lat' dir='ltr'>dictum</span> <span class='ocrx_word' id='word_1_656' title='bbox 3545 3843 3652 3910; x_wconf 89' lang='lat' dir='ltr'>est,</span> 
     </span>
    </p>
   </div>
   <div class='ocr_carea' id='block_1_97' title="bbox 1994 3929 3651 4008">
    <p class='ocr_par' dir='ltr' id='par_1_97' title="bbox 1994 3929 3651 4008">
     <span class='ocr_line' id='line_1_98' title="bbox 1994 3929 3651 4008; baseline -0.003 -18"><span class='ocrx_word' id='word_1_657' title='bbox 1994 3934 2139 4008; x_wconf 87' lang='lat' dir='ltr'>quia</span> <span class='ocrx_word' id='word_1_658' title='bbox 2180 3932 2451 4006; x_wconf 82' lang='lat' dir='ltr'>episcopi</span> <span class='ocrx_word' id='word_1_659' title='bbox 2488 3930 2988 4005; x_wconf 85' lang='lat' dir='ltr'>occupationibus</span> <span class='ocrx_word' id='word_1_660' title='bbox 3016 3929 3287 4004; x_wconf 88' lang='lat' dir='ltr'>impediti</span> <span class='ocrx_word' id='word_1_661' title='bbox 3316 3929 3394 3987; x_wconf 88' lang='lat' dir='ltr'>ad</span> <span class='ocrx_word' id='word_1_662' title='bbox 3438 3946 3651 3986; x_wconf 88' lang='lat' dir='ltr'>omnes</span> 
     </span>
    </p>
   </div>
   <div class='ocr_carea' id='block_1_98' title="bbox 1994 4018 3653 4093">
    <p class='ocr_par' dir='ltr' id='par_1_98' title="bbox 1994 4018 3653 4093">
     <span class='ocr_line' id='line_1_99' title="bbox 1994 4018 3653 4093; baseline -0.003 -13"><span class='ocrx_word' id='word_1_663' title='bbox 1994 4022 2320 4093; x_wconf 79' lang='lat' dir='ltr'>languidos</span> <span class='ocrx_word' id='word_1_664' title='bbox 2344 4022 2426 4077; x_wconf 89' lang='lat' dir='ltr'>ire</span> <span class='ocrx_word' id='word_1_665' title='bbox 2464 4037 2588 4077; x_wconf 89' lang='lat' dir='ltr'>non</span> <span class='ocrx_word' id='word_1_666' title='bbox 2613 4023 2890 4093; x_wconf 88' lang='lat' dir='ltr'>possunt.</span> <span class='ocrx_word' id='word_1_667' title='bbox 2934 4022 3224 4077; x_wconf 80' lang='lat' dir='ltr'>Caeterum</span> <span class='ocrx_word' id='word_1_668' title='bbox 3255 4018 3303 4075; x_wconf 91' lang='lat' dir='ltr'>si</span> <span class='ocrx_word' id='word_1_669' title='bbox 3331 4019 3653 4093; x_wconf 87' lang='lat' dir='ltr'>episcopus</span> 
     </span>
    </p>
   </div>
   <div class='ocr_carea' id='block_1_99' title="bbox 1994 4106 3651 4184">
    <p class='ocr_par' dir='ltr' id='par_1_99' title="bbox 1994 4106 3651 4184">
     <span class='ocr_line' id='line_1_100' title="bbox 1994 4106 3651 4184; baseline -0.003 -16"><span class='ocrx_word' id='word_1_670' title='bbox 1994 4114 2098 4168; x_wconf 90' lang='lat' dir='ltr'>aut</span> <span class='ocrx_word' id='word_1_671' title='bbox 2124 4114 2320 4184; x_wconf 89' lang='lat' dir='ltr'>potest</span> <span class='ocrx_word' id='word_1_672' title='bbox 2342 4112 2445 4165; x_wconf 88' lang='lat' dir='ltr'>aut</span> <span class='ocrx_word' id='word_1_673' title='bbox 2475 4108 2730 4178; x_wconf 86' lang='lat' dir='ltr'>dignum</span> <span class='ocrx_word' id='word_1_674' title='bbox 2760 4107 2927 4165; x_wconf 86' lang='lat' dir='ltr'>ducit</span> <span class='ocrx_word' id='word_1_675' title='bbox 2953 4107 3215 4181; x_wconf 85' lang='lat' dir='ltr'>aliquem</span> <span class='ocrx_word' id='word_1_676' title='bbox 3245 4123 3283 4165; x_wconf 84' lang='lat' dir='ltr'>a</span> <span class='ocrx_word' id='word_1_677' title='bbox 3311 4122 3376 4163; x_wconf 87' lang='lat' dir='ltr'>se</span> <span class='ocrx_word' id='word_1_678' title='bbox 3404 4106 3651 4163; x_wconf 87' lang='lat' dir='ltr'>visitan-</span> 
     </span>
    </p>
   </div>
   <div class='ocr_carea' id='block_1_100' title="bbox 1993 4196 3652 4271">
    <p class='ocr_par' dir='ltr' id='par_1_100' title="bbox 1993 4196 3652 4271">
     <span class='ocr_line' id='line_1_101' title="bbox 1993 4196 3652 4271; baseline -0.003 -15"><span class='ocrx_word' id='word_1_679' title='bbox 1993 4201 2142 4256; x_wconf 85' lang='lat' dir='ltr'>dum</span> <span class='ocrx_word' id='word_1_680' title='bbox 2169 4203 2228 4256; x_wconf 89' lang='lat' dir='ltr'>et</span> <span class='ocrx_word' id='word_1_681' title='bbox 2255 4198 2607 4255; x_wconf 88' lang='lat' dir='ltr'>benedicere</span> <span class='ocrx_word' id='word_1_682' title='bbox 2636 4201 2694 4253; x_wconf 86' lang='lat' dir='ltr'>et</span> <span class='ocrx_word' id='word_1_683' title='bbox 2723 4201 2966 4271; x_wconf 86' lang='lat' dir='ltr'>tangere</span> <span class='ocrx_word' id='word_1_684' title='bbox 2996 4197 3342 4264; x_wconf 83' lang='lat' dir='ltr'>chrismate,</span> <span class='ocrx_word' id='word_1_685' title='bbox 3359 4196 3487 4252; x_wconf 85' lang='lat' dir='ltr'>sine</span> <span class='ocrx_word' id='word_1_686' title='bbox 3505 4212 3652 4252; x_wconf 89' lang='lat' dir='ltr'>cun-</span> 
     </span>
    </p>
   </div>
   <div class='ocr_carea' id='block_1_101' title="bbox 1993 4286 3651 4360">
    <p class='ocr_par' dir='ltr' id='par_1_101' title="bbox 1993 4286 3651 4360">
     <span class='ocr_line' id='line_1_102' title="bbox 1993 4286 3651 4360; baseline -0.003 -15"><span class='ocrx_word' id='word_1_687' title='bbox 1993 4289 2249 4345; x_wconf 89' lang='lat' dir='ltr'>ctatione</span> <span class='ocrx_word' id='word_1_688' title='bbox 2279 4290 2491 4360; x_wconf 90' lang='lat' dir='ltr'>potest,</span> <span class='ocrx_word' id='word_1_689' title='bbox 2525 4288 2698 4358; x_wconf 89' lang='lat' dir='ltr'>cujus</span> <span class='ocrx_word' id='word_1_690' title='bbox 2728 4287 2847 4359; x_wconf 79' lang='lat'><strong>76</strong></span> <span class='ocrx_word' id='word_1_691' title='bbox 2878 4290 2966 4343; x_wconf 89' lang='lat' dir='ltr'>est</span> <span class='ocrx_word' id='word_1_692' title='bbox 2992 4287 3194 4360; x_wconf 88' lang='lat' dir='ltr'>ipsum</span> <span class='ocrx_word' id='word_1_693' title='bbox 3215 4286 3477 4342; x_wconf 88' lang='lat' dir='ltr'>chrisma</span> <span class='ocrx_word' id='word_1_694' title='bbox 3505 4300 3651 4341; x_wconf 92' lang='lat' dir='ltr'>con-</span> 
     </span>
    </p>
   </div>
   <div class='ocr_carea' id='block_1_102' title="bbox 1916 4362 3651 4457">
    <p class='ocr_par' dir='ltr' id='par_1_102' title="bbox 1916 4362 3651 4457">
     <span class='ocr_line' id='line_1_103' title="bbox 1916 4362 3651 4457; baseline -0.003 -22"><span class='ocrx_word' id='word_1_695' title='bbox 1916 4362 1961 4415; x_wconf 76' lang='grc' dir='ltr'>Ῑ)</span> <span class='ocrx_word' id='word_1_696' title='bbox 1991 4379 2187 4435; x_wconf 86' lang='lat' dir='ltr'>ﬁcere.</span> <span class='ocrx_word' id='word_1_697' title='bbox 2220 4381 2370 4433; x_wconf 86' lang='lat' dir='ltr'>Nam</span> <span class='ocrx_word' id='word_1_698' title='bbox 2400 4376 2829 4450; x_wconf 71' lang='lat' dir='ltr'>pmnitentibus</span> <span class='ocrx_word' id='word_1_699' title='bbox 2872 4375 3034 4431; x_wconf 91' lang='lat' dir='ltr'>istud</span> <span class='ocrx_word' id='word_1_700' title='bbox 3064 4375 3237 4431; x_wconf 88' lang='lat' dir='ltr'>fundi</span> <span class='ocrx_word' id='word_1_701' title='bbox 3278 4390 3403 4430; x_wconf 91' lang='lat' dir='ltr'>non</span> <span class='ocrx_word' id='word_1_702' title='bbox 3432 4377 3651 4457; x_wconf 64' lang='lat' dir='ltr'>potest,</span> 
     </span>
    </p>
   </div>
   <div class='ocr_carea' id='block_1_103' title="bbox 1992 4461 3652 4541">
    <p class='ocr_par' dir='ltr' id='par_1_103' title="bbox 1992 4461 3652 4541">
     <span class='ocr_line' id='line_1_104' title="bbox 1992 4461 3652 4541; baseline -0.005 -18"><span class='ocrx_word' id='word_1_703' title='bbox 1992 4468 2136 4541; x_wconf 86' lang='lat' dir='ltr'>quia</span> <span class='ocrx_word' id='word_1_704' title='bbox 2161 4481 2349 4539; x_wconf 79' lang='lat' dir='ltr'>genus</span> <span class='ocrx_word' id='word_1_705' title='bbox 2364 4470 2453 4523; x_wconf 89' lang='lat' dir='ltr'>est</span> <span class='ocrx_word' id='word_1_706' title='bbox 2466 4464 2841 4522; x_wconf 86' lang='lat' dir='ltr'>sacramenti.</span> <span class='ocrx_word' id='word_1_707' title='bbox 2867 4467 3016 4520; x_wconf 89' lang='lat' dir='ltr'>Nam</span> <span class='ocrx_word' id='word_1_708' title='bbox 3041 4463 3267 4536; x_wconf 88' lang='lat' dir='ltr'>quibus</span> <span class='ocrx_word' id='word_1_709' title='bbox 3296 4461 3529 4531; x_wconf 88' lang='lat' dir='ltr'>reliqua</span> <span class='ocrx_word' id='word_1_710' title='bbox 3560 4476 3652 4515; x_wconf 90' lang='lat' dir='ltr'>sa-</span> 
     </span>
    </p>
   </div>
   <div class='ocr_carea' id='block_1_104' title="bbox 1992 4549 3653 4625">
    <p class='ocr_par' dir='ltr' id='par_1_104' title="bbox 1992 4549 3653 4625">
     <span class='ocr_line' id='line_1_105' title="bbox 1992 4549 3653 4625; baseline -0.005 -14"><span class='ocrx_word' id='word_1_711' title='bbox 1992 4558 2301 4612; x_wconf 89' lang='lat' dir='ltr'>cramenta</span> <span class='ocrx_word' id='word_1_712' title='bbox 2320 4559 2638 4625; x_wconf 84' lang='lat' dir='ltr'>negantur,</span> <span class='ocrx_word' id='word_1_713' title='bbox 2651 4551 2963 4625; x_wconf 91' lang='lat' dir='ltr'>quomodo</span> <span class='ocrx_word' id='word_1_714' title='bbox 2978 4565 3170 4607; x_wconf 91' lang='lat' dir='ltr'>unum</span> <span class='ocrx_word' id='word_1_715' title='bbox 3190 4564 3381 4620; x_wconf 87' lang='lat' dir='ltr'>genus</span> <span class='ocrx_word' id='word_1_716' title='bbox 3410 4549 3653 4620; x_wconf 89' lang='lat' dir='ltr'>putatur</span> 
     </span>
    </p>
   </div>
   <div class='ocr_carea' id='block_1_105' title="bbox 1991 4641 2471 4719">
    <p class='ocr_par' dir='ltr' id='par_1_105' title="bbox 1991 4641 2471 4719">
     <span class='ocr_line' id='line_1_106' title="bbox 1991 4641 2471 4719; baseline -0.004 -18"><span class='ocrx_word' id='word_1_717' title='bbox 1991 4661 2172 4719; x_wconf 87' lang='lat' dir='ltr'>posse</span> <span class='ocrx_word' id='word_1_718' title='bbox 2203 4641 2471 4700; x_wconf 89' lang='lat' dir='ltr'>concedi.</span> 
     </span>
    </p>
   </div>
   <div class='ocr_carea' id='block_1_106' title="bbox 2154 4742 3495 4817">
    <p class='ocr_par' dir='ltr' id='par_1_106' title="bbox 2154 4742 3495 4817">
     <span class='ocr_line' id='line_1_107' title="bbox 2154 4742 3495 4817; baseline -0.006 -11"><span class='ocrx_word' id='word_1_719' title='bbox 2154 4752 2240 4806; x_wconf 89' lang='lat' dir='ltr'>De</span> <span class='ocrx_word' id='word_1_720' title='bbox 2268 4750 2467 4807; x_wconf 86' lang='lat' dir='ltr'>eadem</span> <span class='ocrx_word' id='word_1_721' title='bbox 2502 4764 2584 4806; x_wconf 84' lang='lat' dir='ltr'>re.</span> <span class='ocrx_word' id='word_1_722' title='bbox 2616 4748 2716 4805; x_wconf 73' lang='lat' dir='ltr'>Ex</span> <span class='ocrx_word' id='word_1_723' title='bbox 2743 4747 2916 4803; x_wconf 85' lang='lat' dir='ltr'>dictis</span> <span class='ocrx_word' id='word_1_724' title='bbox 2944 4746 3113 4803; x_wconf 61' lang='lat' dir='ltr'>Bedar</span> <span class='ocrx_word' id='word_1_725' title='bbox 3136 4742 3495 4817; x_wconf 79' lang='lat' dir='ltr'>presbyteri.</span> 
     </span>
    </p>
   </div>
   <div class='ocr_carea' id='block_1_107' title="bbox 2066 4831 3654 4911">
    <p class='ocr_par' dir='ltr' id='par_1_107' title="bbox 2066 4831 3654 4911">
     <span class='ocr_line' id='line_1_108' title="bbox 2066 4831 3654 4911; baseline -0.004 -16"><span class='ocrx_word' id='word_1_726' title='bbox 2066 4841 2287 4897; x_wconf 80' lang='lat' dir='ltr'><strong>CXVIII.</strong></span> <span class='ocrx_word' id='word_1_727' title='bbox 2332 4839 2692 4907; x_wconf 84' lang='lat' dir='ltr'>Inﬁrmatur</span> <span class='ocrx_word' id='word_1_728' title='bbox 2721 4836 2851 4909; x_wconf 82' lang='lat' dir='ltr'>quis</span> <span class='ocrx_word' id='word_1_729' title='bbox 2877 4836 2938 4911; x_wconf 84' lang='lat' dir='ltr'>in</span> <span class='ocrx_word' id='word_1_730' title='bbox 2970 4833 3133 4891; x_wconf 85' lang='lat' dir='ltr'>vobis</span> <span class='ocrx_word' id='word_1_731' title='bbox 3154 4837 3182 4889; x_wconf 87' lang='lat'><strong><em>?</em></strong></span> <span class='ocrx_word' id='word_1_732' title='bbox 3209 4831 3468 4901; x_wconf 83' lang='lat' dir='ltr'>Inducat</span> <span class='ocrx_word' id='word_1_733' title='bbox 3481 4847 3654 4904; x_wconf 82' lang='lat' dir='ltr'>pres—</span> 
     </span>
    </p>
   </div>
   <div class='ocr_carea' id='block_1_108' title="bbox 1997 4927 3654 5001">
    <p class='ocr_par' dir='ltr' id='par_1_108' title="bbox 1997 4927 3654 5001">
     <span class='ocr_line' id='line_1_109' title="bbox 1997 4927 3654 5001; baseline -0.004 -17"><span class='ocrx_word' id='word_1_734' title='bbox 1997 4928 2229 5001; x_wconf 80' lang='lat' dir='ltr'>byteros</span> <span class='ocrx_word' id='word_1_735' title='bbox 2288 4928 2593 4995; x_wconf 60' lang='lat' dir='ltr'>Ecclesia,</span> <span class='ocrx_word' id='word_1_736' title='bbox 2649 4931 2704 4982; x_wconf 87' lang='lat' dir='ltr'>et</span> <span class='ocrx_word' id='word_1_737' title='bbox 2734 4929 2905 4980; x_wconf 82' lang='lat' dir='ltr'>orent</span> <span class='ocrx_word' id='word_1_738' title='bbox 2934 4938 3112 4994; x_wconf 80' lang='lat' dir='ltr'>super</span> <span class='ocrx_word' id='word_1_739' title='bbox 3168 4938 3322 4992; x_wconf 85' lang='lat' dir='ltr'>eum,</span> <span class='ocrx_word' id='word_1_740' title='bbox 3368 4927 3654 4994; x_wconf 85' lang='lat' dir='ltr'>ungentes</span> 
     </span>
    </p>
   </div>
   <div class='ocr_carea' id='block_1_109' title="bbox 1995 5008 3655 5087">
    <p class='ocr_par' dir='ltr' id='par_1_109' title="bbox 1995 5008 3655 5087">
     <span class='ocr_line' id='line_1_110' title="bbox 1995 5008 3655 5087; baseline -0.004 -12"><span class='ocrx_word' id='word_1_741' title='bbox 1995 5034 2126 5075; x_wconf 86' lang='lat' dir='ltr'>eum</span> <span class='ocrx_word' id='word_1_742' title='bbox 2157 5008 2284 5074; x_wconf 81' lang='lat' dir='ltr'>oleo</span> <span class='ocrx_word' id='word_1_743' title='bbox 2307 5019 2368 5073; x_wconf 88' lang='lat' dir='ltr'>in</span> <span class='ocrx_word' id='word_1_744' title='bbox 2397 5017 2633 5073; x_wconf 86' lang='lat' dir='ltr'>nomine</span> <span class='ocrx_word' id='word_1_745' title='bbox 2660 5014 2921 5084; x_wconf 86' lang='lat' dir='ltr'>Domini,</span> <span class='ocrx_word' id='word_1_746' title='bbox 2941 5018 2995 5087; x_wconf 77' lang='lat' dir='ltr'>et</span> <span class='ocrx_word' id='word_1_747' title='bbox 3012 5012 3206 5069; x_wconf 78' lang='lat' dir='ltr'>oratio</span> <span class='ocrx_word' id='word_1_748' title='bbox 3228 5013 3373 5082; x_wconf 82' lang='lat' dir='ltr'>ﬁdei</span> <span class='ocrx_word' id='word_1_749' title='bbox 3397 5013 3655 5075; x_wconf 77' lang='lat' dir='ltr'>salvabit</span> 
     </span>
    </p>
   </div>
   <div class='ocr_carea' id='block_1_110' title="bbox 1998 5101 3656 5180">
    <p class='ocr_par' dir='ltr' id='par_1_110' title="bbox 1998 5101 3656 5180">
     <span class='ocr_line' id='line_1_111' title="bbox 1998 5101 3656 5180; baseline -0.004 -16"><span class='ocrx_word' id='word_1_750' title='bbox 1998 5107 2322 5178; x_wconf 84' lang='lat' dir='ltr'>inﬁrmum.</span> <span class='ocrx_word' id='word_1_751' title='bbox 2358 5109 2476 5174; x_wconf 64' lang='lat' dir='ltr'>Ibo</span> <span class='ocrx_word' id='word_1_752' title='bbox 2506 5109 2564 5161; x_wconf 90' lang='lat' dir='ltr'>et</span> <span class='ocrx_word' id='word_1_753' title='bbox 2592 5102 2850 5180; x_wconf 85' lang='lat' dir='ltr'>apostoli</span> <span class='ocrx_word' id='word_1_754' title='bbox 2878 5102 2940 5165; x_wconf 88' lang='lat' dir='ltr'>in</span> <span class='ocrx_word' id='word_1_755' title='bbox 2970 5101 3293 5175; x_wconf 83' lang='lat' dir='ltr'>Evangelio</span> <span class='ocrx_word' id='word_1_756' title='bbox 3323 5102 3534 5171; x_wconf 68' lang='lat' dir='ltr'>fecisse</span> <span class='ocrx_word' id='word_1_757' title='bbox 3571 5102 3656 5160; x_wconf 88' lang='lat' dir='ltr'>le-</span> 
     </span>
    </p>
   </div>
   <div class='ocr_carea' id='block_1_111' title="bbox 1997 5190 3659 5273">
    <p class='ocr_par' dir='ltr' id='par_1_111' title="bbox 1997 5190 3659 5273">
     <span class='ocr_line' id='line_1_112' title="bbox 1997 5190 3659 5273; baseline 0.001 -22"><span class='ocrx_word' id='word_1_758' title='bbox 1997 5201 2238 5273; x_wconf 81' lang='lat' dir='ltr'>guntur,</span> <span class='ocrx_word' id='word_1_759' title='bbox 2293 5198 2351 5250; x_wconf 88' lang='lat' dir='ltr'>et</span> <span class='ocrx_word' id='word_1_760' title='bbox 2405 5209 2568 5253; x_wconf 91' lang='lat' dir='ltr'>nunc</span> <span class='ocrx_word' id='word_1_761' title='bbox 2622 5190 2897 5248; x_wconf 80' lang='lat' dir='ltr'>Ecclesiae</span> <span class='ocrx_word' id='word_1_762' title='bbox 2956 5191 3328 5251; x_wconf 90' lang='lat' dir='ltr'>consuetudo</span> <span class='ocrx_word' id='word_1_763' title='bbox 3377 5194 3551 5261; x_wconf 83' lang='lat' dir='ltr'>tenet,</span> <span class='ocrx_word' id='word_1_764' title='bbox 3590 5194 3659 5253; x_wconf 80' lang='lat' dir='ltr'>ut</span> 
     </span>
    </p>
   </div>
   <div class='ocr_carea' id='block_1_112' title="bbox 198 5276 3663 5357">
    <p class='ocr_par' dir='ltr' id='par_1_112' title="bbox 198 5276 3663 5357">
     <span class='ocr_line' id='line_1_113' title="bbox 198 5276 3663 5357; baseline -0 -17"><span class='ocrx_word' id='word_1_765' title='bbox 198 5283 487 5357; x_wconf 78' lang='lat' dir='ltr'>cisci,per</span> <span class='ocrx_word' id='word_1_766' title='bbox 510 5284 966 5351; x_wconf 65' lang='lat' dir='ltr'>communionis</span> <span class='ocrx_word' id='word_1_767' title='bbox 995 5285 1131 5356; x_wconf 80' lang='lat' dir='ltr'>[cod</span> <span class='ocrx_word' id='word_1_768' title='bbox 1147 5300 1279 5351; x_wconf 60' lang='grc' dir='ltr'>πει,</span> <span class='ocrx_word' id='word_1_769' title='bbox 1297 5283 1889 5354; x_wconf 70' lang='lat' dir='ltr'>communicationis}</span> <span class='ocrx_word' id='word_1_770' title='bbox 1996 5276 2218 5340; x_wconf 86' lang='lat' dir='ltr'>infirmi</span> <span class='ocrx_word' id='word_1_771' title='bbox 2247 5283 2381 5339; x_wconf 92' lang='lat' dir='ltr'>oleo</span> <span class='ocrx_word' id='word_1_772' title='bbox 2406 5285 2754 5339; x_wconf 89' lang='lat' dir='ltr'>consecrato</span> <span class='ocrx_word' id='word_1_773' title='bbox 2786 5285 3092 5351; x_wconf 84' lang='lat' dir='ltr'>ungantur</span> <span class='ocrx_word' id='word_1_774' title='bbox 3124 5298 3160 5337; x_wconf 90' lang='lat' dir='ltr'>a</span> <span class='ocrx_word' id='word_1_775' title='bbox 3187 5280 3571 5355; x_wconf 83' lang='lat' dir='ltr'>presbyteris,</span> <span class='ocrx_word' id='word_1_776' title='bbox 3600 5284 3663 5339; x_wconf 89' lang='lat' dir='ltr'>et</span> 
     </span>
    </p>
   </div>
   <div class='ocr_carea' id='block_1_113' title="bbox 199 5373 1159 5444">
    <p class='ocr_par' dir='ltr' id='par_1_113' title="bbox 199 5373 1159 5444">
     <span class='ocr_line' id='line_1_114' title="bbox 199 5373 1159 5444; baseline -0.003 0"><span class='ocrx_word' id='word_1_777' title='bbox 199 5375 468 5444; x_wconf 68' lang='lat' dir='ltr'>gratiam</span> <span class='ocrx_word' id='word_1_778' title='bbox 493 5374 793 5441; x_wconf 73' lang='lat' dir='ltr'>volumus</span> <span class='ocrx_word' id='word_1_779' title='bbox 818 5373 1159 5441; x_wconf 73' lang='lat' dir='ltr'>subvenire.</span> 
     </span>
    </p>
   </div>
   <div class='ocr_carea' id='block_1_114' title="bbox 1993 5368 3658 5444">
    <p class='ocr_par' dir='ltr' id='par_1_114' title="bbox 1993 5368 3658 5444">
     <span class='ocr_line' id='line_1_115' title="bbox 1993 5368 3658 5444; baseline -0.002 -15"><span class='ocrx_word' id='word_1_780' title='bbox 1993 5372 2263 5429; x_wconf 89' lang='lat' dir='ltr'>oratione</span> <span class='ocrx_word' id='word_1_781' title='bbox 2289 5372 2608 5431; x_wconf 87' lang='lat' dir='ltr'>comitante</span> <span class='ocrx_word' id='word_1_782' title='bbox 2640 5374 2943 5429; x_wconf 89' lang='lat' dir='ltr'>sanentur.</span> <span class='ocrx_word' id='word_1_783' title='bbox 2970 5374 3101 5433; x_wconf 87' lang='lat' dir='ltr'>Non</span> <span class='ocrx_word' id='word_1_784' title='bbox 3129 5369 3327 5427; x_wconf 89' lang='lat' dir='ltr'>solum</span> <span class='ocrx_word' id='word_1_785' title='bbox 3351 5368 3658 5444; x_wconf 84' lang='lat' dir='ltr'>presbyte-</span> 
     </span>
    </p>
   </div>
   <div class='ocr_carea' id='block_1_115' title="bbox 266 5544 3653 5627">
    <p class='ocr_par' dir='ltr' id='par_1_115' title="bbox 266 5544 3653 5627">
     <span class='ocr_line' id='line_1_116' title="bbox 266 5544 3653 5627; baseline -0.002 -19"><span class='ocrx_word' id='word_1_786' title='bbox 266 5552 428 5627; x_wconf 79' lang='lat' dir='ltr'><strong>(I97)</strong></span> <span class='ocrx_word' id='word_1_787' title='bbox 463 5550 877 5627; x_wconf 65' lang='lat' dir='ltr'>Mendosaost</span> <span class='ocrx_word' id='word_1_788' title='bbox 900 5549 1073 5615; x_wconf 76' lang='lat' dir='ltr'>lectio</span> <span class='ocrx_word' id='word_1_789' title='bbox 1098 5549 1271 5627; x_wconf 79' lang='lat' dir='ltr'>istius</span> <span class='ocrx_word' id='word_1_790' title='bbox 1301 5550 1514 5624; x_wconf 87' lang='lat' dir='ltr'>capitis</span> <span class='ocrx_word' id='word_1_791' title='bbox 1554 5550 1722 5625; x_wconf 87' lang='lat' dir='ltr'>apud</span> <span class='ocrx_word' id='word_1_792' title='bbox 1742 5550 2132 5622; x_wconf 85' lang='lat' dir='ltr'>Reginonem.</span> <span class='ocrx_word' id='word_1_793' title='bbox 2166 5549 2520 5621; x_wconf 83' lang='lat' dir='ltr'>Legendum</span> <span class='ocrx_word' id='word_1_794' title='bbox 2546 5550 2773 5627; x_wconf 86' lang='lat' dir='ltr'>itaque,</span> <span class='ocrx_word' id='word_1_795' title='bbox 2808 5550 3162 5622; x_wconf 76' lang='lat' dir='ltr'>poscebant,</span> <span class='ocrx_word' id='word_1_796' title='bbox 3198 5547 3307 5605; x_wconf 77' lang='lat' dir='ltr'>sub</span> <span class='ocrx_word' id='word_1_797' title='bbox 3328 5544 3653 5619; x_wconf 73' lang='lat' dir='ltr'>praesentia</span> 
     </span>
    </p>
   </div>
   <div class='ocr_carea' id='block_1_116' title="bbox 194 5622 1508 5711">
    <p class='ocr_par' dir='ltr' id='par_1_116' title="bbox 194 5622 1508 5711">
     <span class='ocr_line' id='line_1_117' title="bbox 194 5622 1508 5711; baseline -0.002 -31"><span class='ocrx_word' id='word_1_798' title='bbox 194 5622 550 5705; x_wconf 81' lang='lat' dir='ltr'>sacerdotis</span> <span class='ocrx_word' id='word_1_799' title='bbox 585 5622 929 5711; x_wconf 60' lang='lat' dir='ltr'>signiﬁcare</span> <span class='ocrx_word' id='word_1_800' title='bbox 947 5638 1068 5680; x_wconf 87' lang='lat' dir='ltr'>non</span> <span class='ocrx_word' id='word_1_801' title='bbox 1100 5622 1508 5692; x_wconf 47' lang='lat' dir='ltr'>calcaria—etc.</span> 
     </span>
    </p>
   </div>
  </div>
