4044 6196
225 196 347 256 ‘Zl‘l'
769 164 773 168 ἢ
1144 191 1235 246 DE
1274 191 1558 248 ECCLES.
1600 187 1886 246 DISCIPL.
1929 185 2132 240 LIBRO
2173 183 2335 240 DUO.
2379 214 2447 223 -—
2487 185 2614 239 LIB.
2657 180 2698 237 l.

3535 175 3669 232 218"

237 314 700 390 Principiendum,
734 313 1068 371 secundum
1099 331 1404 372 canonum
1433 315 1864 376 auctoritatem,
1899 310 1944 360 A
1984 322 2164 378 super
2193 306 2360 363 illum
2391 308 2499 362 erit
2525 307 2630 379 qui
2656 321 2760 378 per
2789 319 2962 360 suam
2986 298 3410 370 negligentiam
3419 299 3643 369 januas

238 416 296 466 ut
315 409 381 464 de
408 401 691 478 sepulcris
719 408 778 460 et
805 403 1154 460 hominibus
1181 405 1535 478 sepeliendis
1569 403 1711 460 nihil
1736 419 1869 457 mu-

233 499 374 557 neris
400 497 677 566 exigant:
707 495 820 551 nisi
850 494 998 551 forte
1029 494 1132 567 qui
1165 495 1463 568 sepelitur,
1516 495 1721 550 vivens
1745 493 1872 564 jus-

233 589 355 646 serit
376 585 656 652 ecclesiae,
688 584 749 640 in
775 585 946 656 cujus
977 584 1126 641 atrio
1166 585 1462 658 sepelitur,
1509 585 1584 640 de
1630 584 1751 639 suis
1783 598 1871 637 re-

227 679 332 735 bus
363 675 586 748 aliquid
615 674 894 744 tribuere,
927 679 1031 730 aut
1061 675 1239 730 etiam
1260 679 1396 747 post
1422 679 1675 730 mortem
1695 672 1869 738 illius,

229 765 432 839 quibus
462 762 856 820 commissum
887 766 975 818 est
1003 763 1134 834 ejus
1167 762 1614 834 eleemosynam
1656 761 1869 826 facere,

227 857 296 913 de
316 854 491 911 rebus
518 852 676 908 illius
705 853 934 926 aliquid
960 853 1104 909 dare
1144 857 1354 926 sponte
1395 852 1708 909 voluerint.
1757 851 1872 907 Ta-

226 961 356 1002 men
378 942 718 999 nullatenus
741 958 778 998 a
802 942 1167 1014 presbyteris
1198 942 1310 998 illis
1333 941 1561 1014 aliquid
1581 941 1872 1012 exigatur,

227 1035 340 1090 sive
368 1032 444 1088 ab
469 1030 605 1087 illlis
633 1031 737 1104 qui
761 1030 908 1087 locis
937 1035 992 1087 et
1037 1031 1183 1087 vicis
1223 1035 1506 1103 praesunt.
1557 1029 1876 1086 Prohiben-

225 1122 361 1178 dum
389 1120 588 1188 etiam,
640 1119 975 1175 secundum
1016 1120 1320 1191 majorum
1379 1119 1663 1189 instituta,
1711 1121 1775 1174 ut
1817 1117 1876 1172 in

225 1210 458 1269 ecclesia
489 1209 834 1266 nullatenus
859 1208 1246 1282 sepeliantur,
1278 1209 1384 1265 sed
1411 1209 1471 1264 in
1499 1209 1647 1264 atrio
1677 1213 1780 1264 aut
1816 1207 1878 1263 in

219 1300 444 1374 porticu
476 1303 578 1355 aut
606 1297 826 1354 exedra
858 1297 1148 1354 ecclesiae.
1183 1297 1342 1354 Infra
1371 1296 1684 1352 ecclesiam
1711 1311 1874 1362 vero,

224 1393 324 1446 aut
371 1404 555 1460 prope
605 1386 810 1456 altare,
864 1387 970 1442 ubi
1016 1402 1234 1459 corpus
1279 1385 1513 1442 Domini
1543 1390 1600 1442 et
1631 1385 1878 1453 sanguis

221 1474 543 1546 conﬁcitur,
607 1473 948 1531 nullatenus
1018 1473 1282 1531 habeant
1349 1473 1646 1530 licentiam
1709 1487 1876 1544 sepe-

219 1564 414 1620 liendi.

318 1673 427 1742 81
476 1672 566 1727 De
601 1671 804 1728 eadem
843 1686 926 1727 re.
969 1672 1068 1726 Ea:
1095 1672 1348 1726 concilio
1382 1669 1766 1726 Triburiensi.

283 1780 504 1834 CXXVI.
539 1777 791 1846 (Concil.
828 1777 1064 1833 Tribur.
1099 1793 1150 1832 c.
1184 1781 1270 1847 15,
1302 1781 1410 1844 16).
1461 1779 1548 1844 Ut,
1595 1779 1643 1830 si
1691 1774 1879 1848 possit

210 1867 354 1933 ﬁeri,
387 1866 614 1922 mortui
638 1882 760 1922 non
790 1865 932 1922 alibi
959 1865 1320 1939 sepeliantur
1349 1871 1561 1939 praeter
1587 1865 1665 1921 ad
1691 1865 1875 1921 eccle-

213 1955 380 2023 siam,
429 1959 491 2011 et
546 1955 830 2028 deinceps
883 1955 1030 2010 nihil
1083 1956 1354 2025 exigatur
1404 1971 1515 2027 pro
1555 1954 1744 2028 pretio
1783 1971 1873 2009 se-

207 2045 488 2118 pulturaa.

641 2139 727 2193 De
751 2137 952 2193 eadem
985 2151 1068 2192 re.
1108 2137 1208 2192 Ex
1231 2136 1450 2192 eodem.

237 2221 525 2283 "CXXVII.
570 2229 912 2298 (Buacman.
946 2226 1048 2281 lib.
1085 2243 1164 2294 IV,
1197 2243 1246 2282 c.
1301 2229 1441 2298 101).
1509 2227 1738 2282 Dictum
1788 2228 1880 2280 est

201 2315 260 2370 in
319 2316 698 2388 quibusdam
741 2315 886 2371 locis
936 2331 1046 2388 pro
1096 2315 1477 2387 perceptione
1543 2314 1878 2370 chrismatis

199 2421 501 2460 nummos
554 2405 686 2460 dari
739 2404 950 2469 solere,
1002 2419 1114 2475 pro
1165 2403 1470 2476 baptismo
1513 2409 1569 2458 et
1607 2419 1879 2459 commu-

196 2493 410 2548 nione.
442 2496 565 2547 Hoc
596 2491 938 2547 simoniacee
968 2491 1209 2546 haeresis
1247 2507 1452 2546 semen
1481 2491 1768 2546 detestata
1796 2495 1883 2545 est

196 2585 424 2638 sancta
459 2581 733 2652 synodus
762 2585 820 2636 et
841 2579 1453 2648 anathematizavit,et
1481 2584 1545 2635 ut
1573 2580 1648 2635 de
1671 2584 1883 2634 caetero

198 2686 309 2726 nec
338 2686 464 2742 pro
497 2670 872 2726 ordinatione
898 2685 1006 2724 nec
1037 2684 1147 2741 pro
1195 2669 1511 2724 chrismate
1560 2669 1653 2724 vel
1695 2669 1884 2741 bapti-

200 2776 354 2825 smo,
395 2774 516 2814 nec
555 2773 666 2830 pro
715 2757 1021 2830 sepultura
1075 2757 1166 2812 vel
1226 2757 1651 2813 communione
1706 2757 1881 2830 quid-

199 2865 389 2921 quam
423 2847 721 2918 exigatur,
759 2847 860 2902 sed
910 2847 1093 2915 gratis
1149 2847 1311 2902 dona
1367 2847 1580 2901 Christi
1628 2847 1883 2917 gratuita

199 2937 642 3010 dispensentur
696 2936 1089 3008 [Burchard.,
1159 2935 1607 3008 dispensatione
1652 2937 1882 2992 donen-

200 3031 314 3082 tur.

200 3117 287 3172 De
318 3116 679 3187 infantibus
704 3110 957 3171 mortuis
973 3131 1085 3186 per
1104 3115 1529 3185 negligentiam
1551 3130 1670 3169 non
1697 3115 1884 3184 bapti-

533 3207 706 3263 κατέ-ς.
738 3207 838 3261 Ea:
861 3206 1295 3270 Pcenitentiali,
1325 3219 1456 3274 cap.
1476 3209 1559 3260 17.

271 3297 553 3352 CXXVIII.
585 3294 827 3351 Pariens
857 3294 1100 3362 femina,
1133 3295 1307 3364 cujus
1331 3292 1490 3349 ﬁlius
1543 3309 1649 3366 per
1696 3294 1881 3362 negli-

202 3385 472 3455 gentiam
533 3399 663 3439 non
719 3382 1056 3456 baptizatus
1106 3381 1338 3451 obierit,
1397 3397 1624 3436 annum
1692 3398 1883 3438 unum

201 3473 518 3546 paeniteat,
553 3476 615 3529 et
641 3488 956 3544 nunquam
1007 3471 1081 3526 sit
1123 3471 1248 3526 sine
1296 3469 1498 3543 aliqua
1538 3471 1885 3542 pcenitentia

200 3564 369 3634 (198).
419 3563 482 3618 Si
536 3561 843 3627 sacerdos,
900 3561 978 3616 ad
1023 3576 1205 3633 quem
1252 3559 1602 3632 pertinebat,
1636 3565 1886 3616 vocatus

202 3649 378 3706 fuerit
401 3651 486 3706 ad
513 3649 954 3722 baptizandum
994 3648 1304 3716 infantem,
1355 3652 1412 3703 et
1462 3648 1658 3703 venire
1683 3649 1884 3718 negle-

198 3741 368 3805 xerit,
399 3741 541 3813 ipse
574 3739 912 3795 secundum
941 3737 1396 3795 damnationem
1417 3737 1632 3793 animae
1659 3737 1886 3807 judicio

202 3829 472 3901 episcopi
509 3827 610 3884 sui
641 3827 980 3896 castigetur.
1033 3825 1148 3883 Sed
1186 3830 1242 3881 et
1270 3825 1554 3880 omnibus
1605 3825 1885 3880 ﬁdelibus

200 3918 352 3984 licet,
383 3917 498 3974 ubi
529 3917 685 3973 forte
716 3915 1037 3971 morituros
1081 3913 1413 3968 invenerint
1459 3928 1579 3968 non
1618 3912 1885 3985 baptiza-

202 4009 314 4077 tos,
342 4006 474 4061 imo
512 4009 890 4078 praeceptum
919 4005 1026 4069 est,
1059 4017 1272 4058 omnes
1316 4001 1552 4057 animas
1596 4001 1822 4073 eripere
1852 4019 1888 4058 a

201 4093 449 4151 diabolo
473 4110 594 4168 per
625 4093 948 4166 baptisma,
979 4090 1040 4147 id
1067 4095 1156 4147 est
1180 4088 1495 4146 benedicta
1542 4105 1702 4161 aqua
1745 4091 1886 4146 sim-

203 4182 436 4252 pliciter
469 4183 536 4238 in
564 4181 814 4236 nomine
837 4178 1094 4248 Domini,
1127 4182 1185 4234 et
1212 4177 1514 4250 baptizare
1539 4177 1670 4234 illos
1694 4179 1754 4234 in
1786 4195 1889 4233 no-

204 4272 365 4327 mine
395 4271 619 4339 Patris,
646 4273 702 4324 et
727 4268 941 4337 Filii,et
967 4267 1214 4342 Spiritus
1246 4266 1458 4336 sancti,
1484 4266 1762 4323 intinctos
1788 4272 1892 4322 aut

1982 396 2246 469 paradisi
2278 395 2695 452 innocentibus
2729 393 2941 450 clausit
2968 393 2995 448 εἰ
3051 393 3118 446 Et
3144 389 3280 445 ideo
3310 387 3641 460 presbyteri

1982 501 2224 541 summa
2255 485 2558 555 diligentia
2586 487 2838 540 caveant
2867 498 2940 538 ne
2969 483 3222 545 animas,
3263 493 3372 550 pro
3418 475 3641 550 quibus

1981 576 2228 645 sanguis
2258 575 2468 631 Christi
2499 575 2722 631 effusus
2772 577 2878 639 est,
2924 585 3031 645 per
3078 585 3252 625 suam
3282 566 3575 624 incuriam
3604 581 3642 622 a

1980 665 2202 720 caelesti
2251 664 2616 722 beatitudine
2671 665 2967 736 separent.
3019 660 3130 716 Sed
3166 659 3238 728 si,
3265 657 3430 730 quod
3465 655 3638 722 absit,

1981 755 2254 824 evenerit,
2289 755 2456 824 gravi
2490 751 2850 826 paenitentiae
2898 749 3062 804 luctu
3114 747 3329 802 diebus
3359 746 3489 802 vitae
3518 761 3641 800 suae

1983 859 2043 898 se
2075 842 2383 898 submittat
2407 858 2513 914 per
2534 842 2704 912 cujus
2735 838 2994 895 evenerit
3022 835 3381 905 neglectum.
3627 853 3630 856 ι

2373 934 2459 987 De
2489 931 2689 987 eadem
2722 945 2804 985 re.
2848 927 3012 984 Unde
3040 937 3247 994 supra.

2055 1023 2242 1077 CXXX.
2287 1021 2467 1091 Cujus
2493 1017 2780 1092 parvulus
2810 1016 2869 1071 in
2909 1011 3269 1091 negligentia
3319 1009 3446 1064 sine
3498 1009 3644 1078 bap-

1987 1111 2166 1166 tismo
2218 1113 2490 1164 mortuus
2544 1107 2736 1176 fuerit,
2789 1112 2904 1162 tres
2957 1118 3149 1160 annos
3187 1100 3490 1172 paeniteat,
3520 1096 3640 1168 pri-

1985 1217 2155 1256 mum
2185 1215 2258 1255 ex
2277 1199 2369 1254 his
2397 1199 2458 1254 in
2486 1213 2642 1271 pane
2673 1201 2729 1253 et
2761 1211 2941 1268 aqua.
3489 1194 3499 1203 '

1985 1290 2075 1345 Ne
2099 1289 2426 1344 oblationes
2465 1288 2527 1342 in
2560 1286 2896 1341 dominibus
2930 1283 3288 1351 offerantur,
3319 1281 3373 1332 et
3404 1290 3476 1330 ne
3505 1275 3644 1330 mis-

2056 1393 2134 1432 sap
2165 1381 2340 1432 extra
2365 1376 2670 1432 ecclesiam
2704 1377 3042 1430 cantentur.
3084 1369 3184 1423 Ea:
3213 1365 3463 1422 concilio
3493 1364 3645 1419 Lao-

2057 1467 2299 1522 dicensi.

2057 1556 2269 1611 CXXXI.
2305 1554 2555 1624 (Concil.
2589 1552 2831 1607 Laodic.
2858 1566 2907 1604 c.
2941 1553 3006 1603 58
3034 1565 3046 1611 ;
3075 1546 3280 1600 Addit.
3310 1560 3392 1613 ιιι,
3443 1559 3494 1597 c.
3528 1544 3562 1594 4
3591 1544 3650 1594 et

1910 1661 1949 1714 Β
1985 1651 2043 1702 41
2079 1665 2090 1712 ;
2127 1647 2444 1700 ΒυιιειιΑιιυ.
2473 1641 2573 1696 lib.
2608 1658 2686 1705 ιιι,
2731 1657 2781 1695 c.
2825 1637 2931 1707 60).
2993 1634 3163 1700 Quod
3205 1647 3326 1688 non
3377 1631 3648 1702 oporteat

1984 1725 2046 1790 in
2075 1733 2356 1788 domibus
2404 1730 2737 1786 oblationes
2787 1723 3070 1782 celebrari
3118 1723 3196 1776 ab
3225 1718 3522 1792 episcopis
3553 1714 3649 1771 vel

1984 1821 2369 1896 presbyteris.

2615 1907 2779 1963 Unde
2809 1919 3018 1975 supra.

2055 2000 2291 2055 CXXXII.
2338 2000 2674 2070 (BURCHARD.
2731 1995 2833 2050 lib.
2886 2010 2968 2060 ιιι,
3021 2008 3071 2047 c.
3114 1994 3224 2056 61).
3287 1988 3518 2043 Dictum
3557 1987 3648 2041 est

1986 2089 2161 2145 nobis
2189 2089 2354 2161 quod
2376 2087 2628 2161 quidam
2661 2085 2776 2155 83
2804 2083 2938 2139 laici
2968 2081 3029 2136 in
3059 2078 3345 2135 domibus
3390 2074 3648 2148 propriis

1985 2178 2338 2252 praecipiant
2383 2174 2749 2249 presbyteris
2804 2172 3020 2226 missas
3070 2167 3368 2224 celebrare
3407 2168 3464 2218 et
3498 2163 3650 2252 inter

1988 2250 2208 2323 canum
2239 2267 2544 2322 discursus
2574 2268 2630 2318 et
2682 2267 3014 2317 scortorum
3065 2271 3273 2326 greges
3322 2250 3650 2307 sanctitatis

1989 2357 2272 2429 mysteria
2324 2355 2669 2428 polluantur
2727 2350 2920 2419 magis
2966 2363 3153 2420 quam
3205 2345 3649 2400 consecrentur.

1993 2449 2365 2517 Quapropter
2389 2442 2772 2515 prmcipimus
2801 2443 2864 2493 ut
2884 2437 3083 2492 nullus
3126 2432 3438 2506 presbyter
3486 2432 3653 2517 extra

1991 2516 2302 2590 ecclesiam
2333 2534 2659 2604 praesumat
2689 2528 2939 2584 missam
2968 2526 3209 2580 cantare
3239 2519 3349 2576 nisi
3391 2519 3538 2573 forte
3565 2516 3654 2572 iti-

1991 2624 2150 2680 neris
2176 2603 2498 2678 necessitas
2519 2621 2805 2690 exposcat
2829 2634 2840 2670 :
2870 2615 2970 2670 ubi
3001 2614 3060 2668 in
3091 2609 3362 2674 tentorio,
3409 2609 3513 2663 aut
3539 2603 3654 2659 sub

1991 2713 2152 2780 divo,
2185 2711 2245 2767 in
2273 2711 2406 2766 loco
2435 2709 2623 2764 nitido
2673 2711 2729 2762 et
2757 2706 2936 2774 longe
2967 2703 3046 2759 ab
3076 2701 3241 2757 omni
3273 2693 3656 2753 immunditia

1990 2805 2220 2856 remoto
2250 2799 2469 2854 missas
2499 2795 2798 2852 celebrare
2822 2791 3223 2866 permittimus
3254 2805 3265 2842 :
3295 2790 3352 2842 et
3378 2786 3492 2841 hoc
3520 2782 3653 2839 nul-

1991 2890 2226 2947 latenus
2253 2888 2381 2943 sine
2403 2885 2608 2942 tabula
2637 2886 3002 2939 consecrata.

2133 2998 2220 3052 De
2247 2995 2451 3052 eadem
2480 3007 2563 3048 re.
2595 2993 2694 3047 Ea:
2724 2989 2976 3068 epistola
3012 2985 3300 3058 Anacleti,
3316 2999 3510 3053 papae.

2065 3105 2329 3161 CXXXIII.
2375 3101 2716 3171 (Buacaxan.
2767 3095 2869 3150 lib.
2926 3110 3008 3162 ιιι,
3041 3109 3091 3148 c.
3141 3091 3252 3161 71).
3309 3087 3655 3144 Sacerdotes

1992 3192 2240 3266 quando
2271 3190 2624 3253 sacriﬁcant,
2658 3202 2781 3241 non
2817 3183 2926 3240 soli
2953 3183 3070 3237 hoc
3097 3195 3273 3250 agere
3297 3177 3536 3240 debent,
3551 3174 3660 3266 sed

1993 3263 2170 3339 testes
2203 3296 2407 3336 secum
2438 3277 2784 3344 adhibeant,
2814 3278 2880 3329 ut
2906 3275 3025 3328 Deo
3055 3270 3310 3344 perfecte
3335 3268 3393 3323 in
3413 3263 3659 3323 sacratis

1994 3371 2248 3427 Domino
2298 3367 2443 3424 locis
2497 3365 2832 3421 sacriﬁcare
2879 3361 3226 3434 probentur.
3263 3357 3356 3412 Ait
3393 3367 3660 3425 namque

1994 3459 2314 3516 auctoritas
2343 3456 2488 3526 legis
2519 3454 2766 3510 divinae:
2801 3453 2941 3506 Vide
2966 3465 3040 3506 ne
3064 3450 3282 3518 offeras
3310 3447 3659 3501 holocausta

1995 3555 2100 3605 tua
2130 3551 2193 3603 in
2225 3547 2387 3603 omni
2412 3547 2538 3600 loco
2569 3557 2740 3614 quem
2772 3541 3010 3606 videris,
3070 3537 3173 3592 sed
3220 3538 3282 3590 in
3334 3535 3458 3588 loco
3489 3546 3661 3602 quem

1996 3639 2234 3707 elegerit
2270 3634 2548 3690 Dominus
2577 3633 2731 3685 Deus
2759 3635 2894 3681 tuus
2927 3627 3120 3696 (Deut.
3155 3627 3278 3687 xu).
3312 3621 3480 3689 (I99).

2102 3728 2189 3782 De
2216 3723 2456 3780 ebriosis
2488 3719 2739 3776 clericis.
2784 3717 2885 3771 E1:
2914 3713 3166 3769 concilio
3199 3708 3552 3779 Agathensi.

2067 3813 2327 3870 CXXXIV.
2362 3809 2567 3879 (Cone.
2594 3805 2820 3876 Agath.
2854 3819 2904 3857 c.
2938 3804 2997 3857 41
3026 3801 3382 3868 ςΒυιιηιιΑιιι).
3414 3793 3516 3850 lib.
3538 3808 3661 3861 11v,

1995 3921 2047 3960 c.
2078 3905 2152 3974 2).
2188 3906 2387 3972 Itaque
2418 3913 2557 3952 eum
2589 3911 2772 3968 quem
2802 3891 3035 3948 ebrium
3092 3888 3273 3944 fuisse
3317 3881 3661 3951 constiterit,

1997 4001 2062 4050 ut
2089 3993 2238 4050 ordo
2268 3989 2510 4062 patitur,
2542 3990 2645 4041 aut
2675 3983 2911 4054 triginta
2953 3980 3185 4035 dierum
3214 3975 3406 4050 spatio
3436 3989 3472 4028 a
3503 3987 3665 4062 com-

1997 4059 2290 4140 munione
2315 4075 2630 4133 statuimus
2662 4068 3172 4140 submovendum,
3215 4069 3319 4121 aut
3368 4059 3641 4134 corpora!

1999 4170 2271 4228 dandum
2302 4161 2732 4238 [subdendum]
2764 4157 3078 4232 supplicio.

2293 4276 2374 4330 De
2398 4272 2600 4328 eadem
2639 4284 2722 4325 re.
2752 4265 3073 4323 Fructuosi
3100 4261 3375 4332 episcopi.

205 4359 540 4431 superfusa
593 4373 777 4448 aqua:
808 4356 990 4448 _U_nde
1036 4360 1266 4428 oportet
1291 4356 1431 4448 _82
1467 4347 1720 4448 eoshqui
1753 4372 1890 4428 pos'
1924 4366 1970 4418 D
2079 4383 2314 4442 CXXXV.
2348 4381 2689 4448 (Buacaxnn.
2723 4373 2826 4430 lib.
2858 4389 2979 4440 xiv,
3007 4388 3058 4426 c.
3092 4371 3165 4440 9).
3212 4369 3268 4423 Si
3298 4366 3434 4438 quis
3479 4360 3666 4418 eccle-

207 4453 390 4516 sunt,
478 4453 692 4504 tamen
745 4445 952 4500 ﬁdeles
985 4489 999 4513 ,
1068 4444 1400 4500 monachos
1453 4443 1761 4504 maxime.
1841 4448 1896 4499 et

206 4535 531 4592 scientiam
560 4533 789 4590 habere
812 4532 1158 4605 baptizandi
1188 4550 1201 4600 ;
1248 4536 1304 4588 et
1335 4532 1382 4588 si
1409 4530 1627 4587 alicubi
1658 4531 1898 4601 longius

207 4625 504 4692 exierint,
553 4621 1016 4684 ,eucharistiam
1103 4636 1339 4695 semper
1411 4636 1614 4677 secum
1677 4621 1900 4676 habere

208 4711 457 4771 debent.

857 4802 944 4856 De
968 4800 1170 4856 eadem
1202 4814 1286 4854 re.

2009 4472 2245 4530 siastica
2273 4466 2556 4541 praeditus
2587 4461 2981 4527 ordinatione,
3033 4461 3136 4513 aut
3172 4452 3528 4515 monachus,
3552 4463 3666 4541 _re—

2009 4566 2212 4636 pertus
2236 4534 2409 4614 fuerit
2437 4553 2556 4626 84
2586 4551 2874 4614 ebriosus,
2907 4547 2968 4602 in
2995 4559 3151 4618 pane
3189 4545 3245 4598 et
3275 4554 3436 4611 aqua
3480 4534 3669 4591 tribus

2010 4651 2296 4726 pmniteat
2319 4643 2650 4702 mensibus.

2614 4749 2700 4802 De
2736 4744 2939 4802 eadem
2978 4755 3061 4796 re.

2087 4863 2346 4921 CXXXVI.
2391 4861 2732 4926 (Buncumn.
2767 4851 2869 4906 lib.
2901 4865 3022 4914 xiv,
3048 4863 3099 4902 c.
3130 4846 3205 4915 6).
3269 4842 3326 4899 Si
3371 4839 3506 4913 quis
3552 4837 3671 4911 epi-

281 4892 514 4948 CXXIX.
581 4890 922 4960 (Buncuxan.
979 4887 1082 4944 lib.
1135 4903 1210 4954 Iv,
1265 4902 1317 4942 c.
1378 4889 1484 4950 li6;
1551 4885 1907 4955 Capitulare

211 4981 566 5051 Τιιεουυιιτι,
610 4995 661 5035 c.
714 4980 821 5048 17).
880 4976 1257 5049 Perpendant
1309 4974 1644 5048 presbyteri
1695 4971 1906 5046 quanti

210 5068 596 5125 discriminis
653 5067 726 5123 sit
782 5065 1016 5122 animas
1072 5063 1484 5121 innocentium
1530 5079 1637 5136 per
1696 5078 1906 5118 eorum

213 5157 666 5228 negligentiam
713 5171 749 5211 a
803 5171 990 5226 regno
1038 5153 1138 5210 Dei
1187 5152 1442 5210 excludi.
1486 5153 1540 5209 Si
1567 5152 1725 5207 enim
1758 5167 1906 5221 gau-

211 5247 383 5303 dium
417 5247 619 5303 estin
669 5235 820 5301 caelo
868 5259 1052 5317 super
1090 5258 1213 5298 uno
1257 5247 1570 5316 peccatore
1612 5240 1907 5314 paeniten-

213 5334 360 5390 tiam
389 5338 648 5407 agente,
671 5333 820 5407 quid
851 5337 1048 5406 putas,
1081 5336 1311 5405 quanta
1335 5332 1423 5387 ira
1465 5336 1523 5386 et
1576 5328 1908 5399 indignatio

2015 4969 2233 5025 scopus
2287 4954 2389 5005 aut
2442 4943 2656 5016 aliquis
2722 4938 3032 4995 ordinatus
3116 4935 3176 4990 in
3243 4927 3672 4988 consuetudine

2014 5024 2289 5098 ebriosus
2323 5036 2510 5101 fuerit,
2543 5037 2647 5088 aut
2669 5029 2922 5096 desinat,
2954 5029 3057 5081 aut
3083 5024 3439 5095 deponatur.

2621 5139 2706 5193 De
2743 5135 2944 5192 eadem
2983 5148 3067 5189 re.

2089 5255 2373 5311 CXXXVII.
2421 5247 2647 5307 Laicus,
2683 5243 2731 5297 si
2763 5241 3034 5296 ebriosus
3071 5238 3262 5306 fuerit,
3295 5240 3412 5292 tres
3443 5233 3572 5288 dies
3612 5230 3673 5286 in

2015 5359 2174 5417 pane
2203 5346 2258 5397 et
2284 5355 2442 5412 aqua
2470 5334 2775 5409 poeniteat.
3486 5325 3492 5329 ’

2019 5477 2150 5574 cap.
2185 5502 2435 5574 99,312,
2461 5499 2584 5574 s31,
2615 5499 2670 5574 et
2700 5491 2893 5550 milia
2932 5505 3156 5574 11,Acap.
3191 5493 3244 5550 7,
3286 5489 3368 5551 ιο,
3415 5485 3471 5536 ct
3502 5481 3673 5574 Capi-

288 5512 445 5582 (198)
491 5510 644 5582 Vide
667 5511 824 5582 infra
851 5525 987 5582 cap.
1021 5513 1090 5564 60
1129 5512 1187 5565 et
1215 5507 1564 5582 seqq.,lib_ri
1594 5524 1695 5582 u_.__
1740 5507 1768 5582 '_
2019 5517 2150 5582 cap.
2185 5507 2435 5582 εὶεξῂξςιξῆζ
2461 5507 2584 5582 ἱξξΗτ,
2615 5507 2667 5576 et

2021 5565 2208 5631 tul'are
2239 5567 2440 5626 Riculti
2473 5566 2802 5634 Sucssiou.,
2831 5580 2963 5635 cap.
2998 5565 3050 5616 ἓ.

283 5576 448 5654 (I99)
495 5581 593 5637 Cf.
640 5581 792 5638 infra
841 5576 973 5654 cap.
1021 5583 1123 5636 339
1175 5585 1232 5635 et
1272 5576 1375 5636 3ᾎῦ
1422 5580 1602 5654 hujus
1640 5576 1793 5654 libri.
1837 5607 1904 5614 —

211 5647 359 5710 Vide
393 5647 510 5710 lib.
548 5668 610 5708 Vi
636 5647 1084 5726 Capitularium,
1143 5665 1279 5724 cap.
1330 5654 1449 5719 198,
1499 5647 1624 5720 205,
1667 5647 1771 5703 lib.
1804 5662 1906 5714 vn,
