4046 6190
371 122 485 177 219.

452 333 646 395 lentis.
667 334 879 397 Sancti
900 337 1258 407 Hieronymi
1280 338 1619 415 presbyteri
1654 343 1709 394 et
1749 336 2028 409 Ephraem

446 421 596 493 Syri
620 424 877 481 diaconi.

447 512 759 571 CXXXVIII.
787 514 1041 583 (HIEBON.
1091 514 1153 573 in
1202 515 1353 584 epist
1385 516 1466 572 ad
1499 517 1835 584 Eustoch._;
1888 517 2029 571 Bun-

376 614 578 657 ριωω.
737 617 920 669 x1v,c.
958 602 1065 674 l2).
1104 604 1258 674 Fuge
1288 603 1497 669 vinum
1520 604 1678 663 velut
1704 620 2027 673 venenum,

375 703 450 747 ne
475 689 732 749 ebrietas
768 696 1006 764 superet
1033 696 1107 760 te,
1131 694 1655 769 exspoliatumqne
1692 693 2031 761 virtutibus,

376 776 610 833 nudum
639 777 879 843 efﬁciat.
928 781 1145 841 Vinum
1172 782 1358 859 enim,
1385 788 1452 847 ut
1481 787 1688 849 sancta
1728 783 2032 857 Scriptura

376 864 518 920 dicit
544 866 753 937 (Ereti.
780 870 930 942 XIX),
961 875 1301 944 apostatare
1328 871 1468 931 facit
1496 873 1676 931 etiam
1708 872 2027 946 sapientes.

378 956 630 1013 Attende
653 959 796 1029 Noe,
833 960 1031 1019 virum
1077 961 1407 1034 sapientem
1454 966 1510 1021 et
1545 967 1845 1033 sanctum,
1882 978 2031 1036 quo-

378 1043 564 1103 modo
593 1045 673 1105 ad
695 1046 1040 1107 ebrietatem
1080 1051 1343 1107 nudatus
1380 1056 1477 1113 est
1516 1051 1821 1109 dormiens
1862 1051 2027 1123 (Gen.

380 1134 483 1203 1x).
511 1135 759 1191 Attende
792 1140 895 1192 Lot
920 1139 1351 1210 patriarcham,
1377 1142 1480 1215 qui
1529 1157 1637 1215 per
1684 1140 2032 1199 ebrietatem

376 1222 759 1294 impudenter
790 1242 851 1283 se
881 1216 1257 1286 commiscuit
1284 1230 1524 1289 tlliabus
1550 1231 1868 1303 (Gen.x1x).
1890 1230 2033 1289 Hinc

378 1310 590 1366 beatus
619 1313 873 1371 Basilius
899 1315 979 1371 ait
1010 1334 1022 1371 ε
1053 1339 1079 1365 ‹‹
1113 1319 1271 1375 Multi
1301 1335 1407 1391 per
1445 1320 1652 1381 vinum
1678 1337 1715 1378 8.
1751 1319 2034 1377 daemoni-

377 1398 493 1454 bus
522 1402 678 1472 capti
707 1408 881 1471 sunt;
912 1420 1022 1460 nec
1053 1411 1140 1462 est
1170 1407 1335 1463 aliud
1366 1409 1621 1466 ebrietas
1669 1426 1859 1482 quam
1902 1426 2030 1469 ma-

375 1487 799 1547 nifestissimus
822 1491 1082 1555 daemon.
1119 1520 1145 1545 ››
1194 1496 1338 1553 Hinc
1393 1500 1711 1575 propheta
1735 1500 1818 1557 ait
1848 1518 1860 1554 :
1890 1501 2034 1556 For-

1491 120 1870 187 REGINONIS
1902 117 2315 185 PRUHIENSIS
2351 122 2667 186 ABBA'I‘IS.

378 244 696 303 Generates
724 247 1032 307 sententia
1059 245 1132 305 de
1154 247 1425 305 omnibus
1456 249 1700 313 ebriosis
1747 262 1819 313 ac
1868 246 2028 302 vino-
2059 243 2107 296 A

3695 134 3794 201 220

2550 250 2653 305 Ex
2676 251 3110 319 Pcenitentiati,
3143 266 3275 322 cap.
3313 256 3398 307 I9.

2212 335 2406 392 CXLV.
2439 338 2781 409 (BURCHARD.
2814 340 2915 397 lib.
2940 357 3062 408 xxv,
3093 356 3145 395 c.
3185 342 3288 412 I3).
3341 339 3453 415 Qui
3484 358 3591 416 per
3611 342 3796 401 ebrie-

2139 425 2322 479 tatem
2352 427 2643 484 vomitum
2670 428 2825 497 facit,
2879 430 2931 486 si
2979 428 3292 504 presbyter
3348 435 3453 487 aut
3506 422 3796 499 diaconus

2138 516 2247 583 est,
2275 515 2679 589 quadraginta
2707 518 2833 574 dies
2860 518 3163 592 poeniteat.
3215 518 3272 575 Si
3318 520 3652 577 monachus
3699 523 3796 589 tri-

2140 600 2306 671 ginta
2335 602 2496 673 dies;
2531 606 2580 662 si
2606 605 2871 672 clericus,
2899 605 3107 679 viginti
3137 606 3287 663 dies.
3323 607 3381 677 Si
3400 607 3609 681 laicus,
3632 611 3797 697 quin-

2140 691 2335 748 decim
2359 692 2505 750 dies.

2732 785 2832 842 Ex
2861 786 3211 843 renonibus.

2212 869 2431 926 CXLVI.
2476 874 2813 943 (Eunomus.
2840 874 2942 931 lib.
2971 892 3091 946 XIV,
3122 892 3174 932 α.
3205 876 3276 948 6).
3310 875 3366 932 Si
3395 876 3530 961 quis
3569 876 3796 953 episco-

2139 973 2274 1030 pus,
2308 964 2413 1014 aut
2436 960 2651 1033 aliquis
2680 962 3009 1032 ordinatus,
3044 963 3253 1021 vitium
3289 964 3569 1025 habuerit
3609 966 3798 1024 ebrie-

2141 1046 2295 1115 tatis,
2328 1052 2433 1105 aut
2461 1050 2711 1118 desinat,
2746 1058 2850 1108 aut
2878 1053 3235 1127 deponatur.

2622 1159 2716 1219 Ex
2741 1160 2862 1217 alio
2890 1159 3327 1223 Pwnitentiati.

2214 1243 2455 1302 CXLVII.
2485 1245 2825 1317 (Buacusnn.
2858 1247 2961 1305 lib.
2995 1265 3123 1319 xxv,
3151 1266 3202 1311 c.
3243 1250 3351 1322 14).
3384 1251 3591 1315 Laicus
3620 1253 3675 1315 si
3699 1270 3802 1327 per

2142 1331 2489 1395 ebrietatem;
2518 1336 2814 1395 vomitum
2843 1336 3063 1410 fecerit,
3104 1343 3221 1394 tres
3266 1339 3402 1399 dies
3445 1357 3481 1396 a
3526 1357 3703 1409 carne
3751 1348 3813 1407 et

2143 1419 2284 1479 vino
2315 1424 2369 1476 et
2397 1422 2649 1487 cervisia
2678 1423 2993 1491 abstineat.

2215 1512 2481 1567 CXLVIII.
2517 1512 2856 1583 (BURCHABD.
2889 1514 2991 1571 lib.
3026 1532 3146 1587 xw,
3178 1532 3228 1572 c.
3269 1516 3375 1578 l5).
3426 1517 3482 1572 Si
3533 1519 3671 1591 quis
3700 1535 3808 1592 per

376 1579 600 1637 nicatio
630 1586 685 1636 et
731 1581 981 1640 ebrietas
1028 1586 1231 1654 anfert
1276 1603 1380 1645 cor
1438 1588 1554 1658 (0s.
1607 1590 1707 1659 1v).
1750 1587 2032 1685 _Ebrietas
2064 1599 2103 1652 Β
2141 1599 2471 1670 nequitiam
2525 1579 2712 1661 alium
2763 1579 3171 1676 inebriaverit,
3220 1605 3349 1661 dies
3404 1579 3807 1685 quadraginta

378 1666 540 1723 enim
564 1669 1080 1741 perturbationem
1100 1675 1271 1746 parit,
1288 1676 1477 1748 gignit
1499 1677 1714 1737 mentis
1744 1676 2033 1745 furorem,

380 1760 437 1811 et
459 1755 770 1814 ﬂammam
799 1761 1045 1818 suscitat
1070 1750 1351 1833 libidinis,
1383 1766 1665 1838 Apostolo
1703 1771 1847 1831 teste
1876 1786 1887 1822 :
1916 1769 2032 1824 N0-

383 1845 484 1900 tite
508 1847 801 1903 inebriari
822 1851 983 1917 vino,
1026 1853 1088 1909 in
1120 1869 1234 1929 quo
1259 1861 1346 1911 est
1377 1856 1625 1915 luxuria
1675 1856 1915 1926 (Ephes.
1948 1857 2027 1928 v).

380 1931 440 1989 Si
462 1933 598 2007 quis
627 1940 828 1993 autem
858 1943 1066 2001 contra
1093 1940 1219 2003 haec
1251 1948 1603 2005 sanctorum
1626 1942 1828 2001 fecerit
1851 1949 2031 2005 statu-

379 2022 733 2092 ta,dignam
767 2042 838 2085 ac
879 2026 1126 2098 longam
1178 2036 1319 2103 agat
1370 2031 1833 2104 paenitentiam;
1888 2033 2037 2111 quia.

375 2127 567 2171 unum
596 2118 785 2175 estex
814 2116 906 2176 his
928 2119 1187 2191 peccatis
1237 2136 1371 2192 quae
1417 2122 1728 2181 hominem
1779 2138 1815 2181 a
1844 2138 2037 2194 regno,

378 2202 478 2259 Dei
507 2209 815 2275 separant,
842 2205 1075 2265 dicente
1107 2209 1229 2285 85
1253 2210 1528 2283 apostolo
1570 2211 1751 2268 Paulo
1787 2230 1799 2267 :
1831 2213 2033 2285 Neque

373 2292 590 2353 ebriosi
611 2310 861 2369 regnum
891 2299 1001 2355 Dei
1024 2300 1410 2369 possidebunt
1433 2301 1492 2374 (Ι
1516 2302 1650 2360 Cor.
1682 2304 1777 2373 VI).

482 2406 491 2437 ε
528 2404 619 2459 De
637 2404 847 2465 ﬁdem
872 2421 954 2462 re.
983 2408 1083 2469 E8
1102 2409 1276 2469 dictis
1298 2412 1498 2471 sancti
1522 2412 1850 2475 Benedicti.

445 2510 701 2566 CXXXIX.
728 2510 1065 2581 (Romani).
1100 2514 1204 2571 lib.
1236 2530 1358 2585 xxv,
1391 2533 1443 2572 ο.
1483 2517 1554 2587 I).
1596 2517 1747 2575 Nihil
1776 2518 1863 2573 sie
1887 2526 2030 2574 'con—

370 2597 621 2654 mnium
649 2602 741 2656 est
765 2600 997 2658 homini
1026 2604 1361 2661 Christiano
1405 2606 1717 2677 quomodo
1759 2607 2030 2679 crapula,

370 2686 521 2743 sicut
544 2688 627 2743 ait
653 2690 945 2746 Dominus
964 2692 1025 2747 in
1052 2693 1375 2764 Evangelia
1400 2711 1412 2748 :
1447 2695 1651 2750 Vidine
1682 2711 1758 2751 ne
1779 2711 2030 2765 graven-

373 2779 478 2830 tur
499 2776 683 2832 corda
706 2784 907 2834 vestm
925 2780 988 2835 in
1013 2783 1273 2850 amputa
1301 2787 1359 2837 et
1378 2782 1665 2838 ebrietate
1691 2784 1854 2852 (Luc.
1882 2788 2026 2845 xxx).

478 2884 564 2939 De
587 2884 789 2940 eadem
818 2900 901 2941 re.
951 2887 1053 2943 Ea:
1081 2886 1770 2957 Capituiaribas,'tituto
1800 2892 1918 2947 161.

443 2989 590 3044 CXL.
625 2987 766 3058 (Lib.
798 3007 817 3045 ι
850 2991 1191 3062 Capitutar.
1226 3011 1278 3051 c.
1318 2995 1456 3067 107).
1504 2996 1580 3053 De
1635 2997 1937 3072 ebrietate,
1967 3005 2031 3057 ut

371 3076 646 3133 omnium
672 3078 938 3151 primum
968 3082 1237 3139 seniores
1285 3085 1643 3158 semetipsos
1685 3087 1900 3143 exinde
1937 3104 2032 3144 ca-

369 3168 568 3235 veant,
624 3170 683 3224 et
728 3182 938 3251 eorum
990 3172 1333 3242 junioribus
1383 3173 1729 3247 exemplum
1776 3176 2030 3239 modum

373 3253 709 3313 sobrietatis
734 3259 1071 3319 ostendant.

808 3366 957 3422 Item
983 3379 1058 3423 ex
1091 3366 1191 3424 tib.
1226 3382 1307 3440 III,
1339 3384 1468 3441 cap.
1499 3373 1586 3426 38.

440 3464 610 3525 CXLI.
644 3471 785 3545 (Lib.
815 3489 831 3526 I
856 3470 1225 3546 Capitular.,
1258 3492 1308 3531 c.
1340 3477 1450 3549 38).
1506 3479 1575 3534 Ut
1599 3475 1801 3535 nullus
1828 3480 2029 3537 ebrius

368 3573 616 3617 causam
644 3577 817 3619 suam
848 3562 907 3617 in
938 3562 1120 3621 malle
1149 3581 1417 3641 quaerere
1464 3584 1575 3624 nec
1622 3569 2027 3633 testimonium

366 3644 561 3702 dicere
590 3654 952 3724 praesumat;
982 3667 1092 3709 nec
1116 3650 1405 3731 placitum
1437 3672 1640 3713 comes
1665 3657 1887 3715 habeat
1915 3658 2029 3715 nisi

362 3735 627 3811 jejunus.

878 3829 979 3888 Ea:
1001 3830 1221 3905 eodem,
1254 3847 1386 3903 cap.
1418 3838 1507 3889 72.

390 3908 395 3915 ’
439 3915 634 3973 CXLII.
669 3915 813 3987 (Lib.
850 3932 913 3972 III
946 3918 1313 3991 Capitutar.,
1344 3923 1453 3992 72).
1506 3916 1576 3977 Ut
1622 3923 1683 3978 in
1725 3923 1895 3987 hoste
1926 3941 2026 3981 ne-

367 4018 469 4058 mo
498 4018 707 4074 parem
733 4018 909 4060 suum
942 4006 1032 4063 vel
1063 4008 1394 4082 quemlibet
1424 4010 1677 4067 alterum
1714 4012 2023 4071 hominem

365 4089 569 4146 bibere
596 4097 766 4163 roget
799 4094 1017 4164 [cogat
1066 4096 1163 4153 Ex
1200 4114 1308 4167 ms,
1347 4100 1546 4156 codice
1588 4101 1924 4174 Riviputt.].
1960 4106 2025 4169 Et

365 4177 711 4251 quicunque
737 4180 796 4235 in
826 4184 1085 4239 exercitu
1128 4184 1330 4240 ebrius
1382 4188 1659 4244 inventus
1708 4189 1899 4258 fuerit,
1942 4192 2023 4249 ita

2059 2952 2106 3011 α

2141 1688 2444 1760 poeniteat.

2436 1798 2520 1854 De
2547 1799 2638 1853 his
2663 1800 2772 1871 qui
2796 1801 3224 1867 eucharistiam
3252 1811 3520 1862 vomunt.

2214 1886 2428 1942 CXLIX.
2488 1890 2829 1957 (BURCHARD.
2888 1889 2989 1945 lib.
3042 1908 3101 1959 v,
3158 1892 3353 1964 0.46).
3417 1892 3479 1963 Si
3526 1894 3662 1968 quis
3701 1912 3807 1973 per

2140 1972 2487 2030 ebrietatem
2516 1975 2611 2031 vel
2641 1977 3029 2034 voracitatem
3058 1979 3479 2037 eucharistiam
3521 1972 3806 2053 evomue-

2140 2062 2229 2130 rit,
2265 2081 2338 2119 x1.
2370 2064 2494 2119 dies
2525 2067 2827 2137 poeniteat.
2864 2068 3067 2125 Clerici
3095 2069 3189 2127 vel
3230 2070 3515 2139 monachi
3544 2088 3646 2129 seu
3684 2072 3807 2131 dia-

2140 2154 2275 2209 coni
2304 2171 2378 2209 XI.
2408 2155 2537 2212 dies
2572 2156 2917 2227 pmniteant.
2960 2158 3291 2232 Presbyteri
3341 2177 3461 2218 Lxx
3508 2161 3633 2219 dies
3681 2164 3807 2237 epi-

2142 2243 2310 2316 sc0pi
2339 2259 2429 2299 xc.
2467 2244 2521 2300 Si
2550 2254 2667 2317 pro
2704 2245 3066 2304 inﬁrmitatis
3115 2264 3300 2313 causa
3350 2250 3699 2321 evomuerit,
3753 2270 3806 2310 IV

2140 2330 2267 2387 dies
2293 2324 2597 2404 poeniteat.

2140 2438 2252 2515 8,7
2290 2440 2375 2499 De
2404 2440 2635 2507 οιξνὶείε
2664 2442 2824 2512 inter
2851 2444 3063 2515 epulas
3092 2434 3501 2515 cantantibus.
3534 2448 3633 2521 Ea:
3666 2465 3811 2515 cum

2730 2532 2870 2597 Citio
2898 2531 3216 2602 Africano.

2212 2622 2315 2676 CL.
2349 2619 2609 2690 (Concit.
2640 2621 2934 2694 Carthag.
2967 2640 3044 2690 iv,
3079 2641 3132 2681 c.
3162 2628 3271 2694 62;
3328 2628 3650 2698 311me
3702 2629 3811 2699 lib.

2139 2724 2199 2775 ιι,
2225 2724 2276 2765 c.
2310 2710 2449 2778 I70).
2466 2708 2722 2771 Clericos
2741 2710 2896 2771 inter
2921 2713 3135 2786 epulas
3160 2720 3475 2783 cantantes
3500 2717 3583 2788 ab
3605 2716 3815 2785 oﬂkio

2136 2796 2541 2863 detrahendus
2575 2801 2742 2873 (200).

2565 2908 2654 2964 De
2682 2908 2886 2971 eadem
2917 2924 3000 2971 re.
3029 2910 3124 2969 Et:
3151 2912 3372 2969 eodem.

2211 2996 2337 3050 CLI.
2375 2995 2711 3065 (Bunnumn.
2743 2995 2846 3053 lib.
2880 3014 2938 3066 ιι,
2971 3014 3023 3054 c.
3058 2999 3197 3072 171).
3261 3001 3316 3058 Si
3369 3002 3505 3075 quis
3554 3003 3815 3061 clericus

2138 3086 2246 3143 aut
2270 3084 2609 3145 monachus
2634 3084 2820 3151 verba
2846 3087 3141 3159 scurrilia,
3165 3089 3547 3160 joeutatoria,
3574 3090 3809 3153 risum-

2138 3186 2253 3242 que
2282 3172 2587 3233 moventia
2614 3173 2901 3245 loquitur,
2928 3177 3219 3237 acerrime
3246 3179 3621 3253 corripiatur.

2565 3258 2651 3321 De
2679 3264 2884 3323 eadm
2914 3280 2998 3323 re.
3030 3266 3132 3327 Ea;
3158 3268 3381 3327 eodem.

2212 3349 2364 3409 tLLII.
2396 3350 2654 3417 (Concit.
2692 3352 2986 3425 Carthag.
3017 3371 3101 3427 iv,
3128 3372 3180 3417 ο.
3213 3361 3285 3418 6.0
3309 3373 3325 3425 ;
3351 3361 3674 3419 Boeotian.
3707 3357 3817 3417 lib.

2136 3454 2196 3502 ιι,
2228 3454 2280 3495 c.
2317 3439 2460 3510 172).
2496 3440 2753 3507 Clericos
2790 3443 3064 3503 scurriles
3091 3450 3148 3505 et
3170 3446 3372 3507 verbis
3414 3447 3702 3521 turpibus
3726 3449 3815 3519 jo-

2134 3527 2430 3589 culatores
2459 3530 2540 3591 ab
2567 3529 2767 3591 ofﬁcio
2787 3532 3196 3595 detrahendos
3230 3538 3398 3610 (2M).

2622 3638 2709 3694 De
2738 3641 2970 3696 chrias
2998 3644 3326 3700 maledicis.

2207 3723 2387 3783 CLIII.
2421 3725 2676 3795 (Goncit.
2712 3727 3003 3801 Car-May.
3028 3746 3173 3802 IV,O.
3204 3738 3270 3789 57
3300 3751 3313 3803 ;
3348 3737 3669 3792 Memno.
3704 3735 3813 3792 lib.

2131 3830 2192 3881 x,
2224 3814 2408 3883 0.06).
2446 3814 2709 3872 Clericus
2748 3817 3105 3891 maledicus,
3157 3822 3540 3897 maximeque
3590 3823 3659 3882 in
3713 3840 3814 3882 sa-

2131 3903 2496 3973 cerdotibus,
2547 3909 2799 3975 cogatur
2835 3909 2914 3964 ad
2959 3910 3395 3982 postulandum
3442 3912 3715 3970 veniam.
3754 3914 3817 3971 Si

2131 3991 2406 4059 noluerit,
2443 3993 2826 4063 degradetur,
2846 4012 2956 4053 nec
2981 4012 3254 4072 unquam
3284 4000 3366 4058 ad
3392 4000 3664 4058 ofﬁcium
3699 4002 3813 4059 ab-

2132 4097 2281 4154 sque
2303 4081 2706 4140 satisfactione
2736 4091 3064 4144 revocetur.

2589 4192 2676 4247 De
2708 4192 2942 4250 clericis
2962 4197 3340 4273 jurantibus.

365 4267 934 4337 excommunicetur,
962 4271 1027 4326 ut
1050 4271 1109 4327 in
1142 4270 1407 4329 bibendo
1439 4275 1566 4332 sola
1596 4291 1757 4349 aqua
1800 4283 2018 4349 utatur,
2050 4300 2099 4369 η
2204 4280 2381 4335 CLIV.
2424 4277 2680 4335 Clericos
2707 4269 2980 4355 jurantes
3010 4287 3651 4346 excommunicandos.

364 4366 681 4428 quousque
707 4373 769 4413 se
799 4358 955 4415 male
984 4360 1194 4418 fecisse
1225 4369 1574 4434 cognoscat.

645 4463 745 4522 Ea:
775 4464 1222 4536 Capitatarium
1255 4468 1356 4527 tib.
1397 4487 1436 4542 1,
1488 4474 1577 4527 tit.
1615 4475 1733 4529 I38.

431 4548 654 4609 CXLIII.
686 4552 834 4624 (Lib.
892 4573 909 4611 ι
963 4556 1334 4628 Capitutar.,
1385 4561 1615 4633 ο.144).
1673 4562 1743 4618 Ut
1797 4565 2022 4622 nemini

357 4638 530 4697 liceat
558 4640 745 4698 alium
774 4659 986 4714 cogere
1015 4645 1097 4703 ad
1125 4646 1480 4705 bibendum.
1812 4664 1821 4671 '

538 4730 657 4801 86
686 4732 787 4789 Ea:
816 4737 1142 4792 canonibue
1167 4738 1594 4808 apostolorum,
1629 4742 1719 4797 tit.
1751 4744 1840 4797 42.

432 4819 649 4879 CXLIV.
712 4820 1047 4891 (BURCBARD.
1107 4824 1211 4885 lib.
1268 4843 1391 4897 x1v,
1447 4844 1498 4884 ο.
1545 4830 1618 4901 5).
1670 4829 2018 4904 Episcopus,

358 4904 810 4977 presbyter,aut
829 4910 1122 4971 diaconus
1152 4912 1296 4971 aleae
1324 4919 1505 4988 atque
1535 4916 1803 4975 ebrietati
1832 4919 2021 4979 desero

357 4992 521 5047 viens
550 4997 655 5051 aut
677 4995 910 5058 desinat
932 5004 1037 5059 aut
1064 5005 1219 5059 certe
1238 5004 1579 5068 damnetur.
1598 5006 2020 5070 Subdiaoonus

358 5086 462 5138 aut
513 5081 696 5139 lector
751 5090 854 5140 aut
904 5093 1111 5151 cantor
1166 5088 1384 5157 similia
1432 5094 1657 5151 faciens
1711 5101 1815 5152 aut
1859 5097 2017 5154 desi-

356 5173 480 5266 nat,
535 5176 640 5228 aut
690 5177 1117 5235 communione
1170 5182 1455 5255 privetur.
1510 5183 1785 5243 Similiter
1839 5187 2019 5266 etiam

355 5256 562 5316 laicus.
792 5266 795 5269 ’

428 5419 1280 5519 ἔρωμῖἱάξεέίὲἒίξίεξξιρέμιν
1324 5433 1674 5519 ςεδρίειξιειτςι
1689 5451 1855 5519 ,σειρς
1892 5440 1964 5519 .47
2001 5457 2014 5511 ς

355 5490 920 5581 Capitularenﬂicplﬂ
952 5490 1446 5581 Suessionlcap.
1481 5490 2015 5581 liféi’capiimisré

352 5562 643 5636 Ahytonis
676 5566 1045 5638 Basileensis,
1075 5585 1210 5641 cap.
1242 5562 1334 5628 t6.

2515 4370 2604 4426 De
2630 4372 2834 4428 eadem
2865 4389 2947 4430 re.
2991 4375 3165 4433 Unda
3203 4392 3407 4448 supra.

2203 4460 2353 4515 CLV.
2399 4458 2653 4526 (Concit.
2689 4461 2983 4535 Carthag.
3014 4480 3094 4535 1v,
3130 4483 3178 4524 c.
3213 4468 3300 4525 61.
3350 4468 3558 4533 Addit.
3613 4487 3707 4547 1v,
3757 4487 3814 4529 c.

2127 4550 2196 4603 48
2222 4565 2234 4615 ;
2265 4548 2583 4605 BURCHARD.
2618 4548 2720 4607 lib.
2754 4567 2813 4620 η,
2846 4569 2896 4609 c.
2930 4553 3069 4625 I75).
3103 4555 3394 4615 Clericum
3424 4574 3531 4637 per
3559 4565 3815 4617 creatu-

2128 4652 2225 4692 ras
2251 4636 2555 4705 jurantem
2579 4637 2699 4710 88
2731 4640 3019 4699 acerrime
3049 4643 3521 4717 objurgandum.
3573 4648 3633 4704 Si
3667 4665 3817 4738 per.

2129 4725 2336 4781 stiterit
2362 4725 2424 4781 in
2453 4726 2616 4795 vitio,
2649 4731 3324 4791 excommunicandum.

2486 4836 2573 4891 De
2601 4838 2949 4897 conviciosis
2982 4842 3076 4909 vel
3100 4843 3429 4907 maledicis.

2201 4923 2376 4983 CLVI.
2423 4925 2479 4983 Si
2508 4926 2643 5000 quis
2674 4928 2940 4993 convicio
2992 4930 3087 4997 vel
3124 4933 3443 4999 maledicto
3482 4934 3575 4997 vel
3614 4936 3821 5005 etiam

2128 5011 2377 5073 crimine
2407 5014 2677 5104 subjecto
2701 5016 2914 5087 laeserit
2953 5019 3239 5101 aliquem,
3271 5022 3629 5099 dignissima
3662 5041 3823 5104 pur-

2127 5105 2297 5191 getur
2322 5101 2748 5191 satisfactione.
2799 5107 2857 5164 Si
2904 5107 3019 5173 hoc
3063 5109 3274 5171 vitium
3312 5111 3637 5191 iteraverit,
3673 5101 3823 5189 poe-

2126 5187 2374 5275 nitentia
2394 5190 2732 5263 justissima
2770 5197 3104 5265 secundum
3152 5200 3405 5267 modum
3445 5187 3642 5281 culpae
3691 5187 3825 5261 Vex-

2126 5278 2340 5353 pietur.

2200 5440 2345 5521 (29])
2378 5440 2516 5498 Vide
2533 5443 3051 5521 concilium_'l‘_olet.
3074 5450 3155 5521 iv,
3176 5451 3397 5521 cap._23
3423 5468 3437 5520 ;
3469 5448 3830 5521 concilium

2126 5511 2481 5595 agathense,
2502 5528 2642 5595 cap.
2667 5518 2739 5595 7Q
2750 5534 2763 5585 ;
2793 5515 2987 5595 Addit.
3011 5532 3070 5595 Iv
3097 5511 3447 5595 Capitularf,
3472 5511 3601 5593 cap.
3621 5511 3748 5590 4'6;
3766 5527 3832 5580 et

2127 5582 2461 5679 Capitulare
2484 5582 2774 5656 Abitoni's
2805 5588 3073 5675 episcopi
3095 5582 3465 5663 Busilcensis,
3509 5582 3652 5668 cap.
