4044 6196
226 152 333 211 221

850 274 941 333 De
975 275 1179 334 eadem
1209 291 1293 335 re.

309 360 505 425 CLVII.
550 360 897 434 (BURCBARD.
940 361 1042 420 lib.
1091 381 1153 434 x,
1195 381 1246 422 c.
1292 365 1402 438 51.)
1453 363 1771 434 Apostolus
1817 360 1903 418 di-

240 452 357 510 cit:
398 446 607 524 Neque
652 451 938 509 maledici
981 467 1234 524 regnum
1272 454 1385 511 Dei
1409 452 1810 524 possidebunt.
1846 447 1904 508 Si

232 540 371 619 quis
398 540 513 598 hoc
538 543 857 611 peccatum
880 539 1208 613 admiserit,
1229 545 1352 601 tam
1373 541 1600 614 grande
1621 541 1908 617 pcnniteat

234 646 424 705 quam
470 629 700 699 grande
747 630 1113 705 perpetravit
1161 632 1374 705 scelus,
1413 631 1582 705 quod
1632 648 1667 693 a
1714 647 1902 703 regno

237 721 339 778 Dei
364 725 627 793 separat.

788 790 875 848 De
911 792 1366 851 detractoribus.

310 877 535 938 CLVIII.
588 880 931 951 (BITRCHARD.
964 881 1066 938 lib.
1099 899 1158 954 x,
1191 900 1240 939 c.
1270 882 1381 954 63.)
1426 882 1482 939 Si
1510 882 1648 959 quis
1696 896 1900 955 prom-

235 970 376 1041 ptus
419 966 731 1041 facilisque
779 973 872 1024 est
929 966 1005 1026 ad
1054 960 1516 1040 detrahendum,
1575 968 1902 1042 dicensque

237 1051 406 1129 quod
434 1070 648 1112 verum
676 1071 802 1112 non
831 1050 939 1129 est,
972 1064 1203 1131 septem
1232 1059 1358 1116 dies
1384 1059 1445 1115 in
1473 1075 1632 1133 pane
1662 1062 1721 1115 et
1743 1073 1903 1131 aqua

243 1148 655 1220 sequestratus
684 1163 722 1202 a
754 1142 1014 1203 fraterno
1046 1148 1344 1205 consortio
1381 1148 1685 1222 poeniteat.

613 1253 702 1310 De
724 1254 1201 1313 contentionibus
1233 1254 1325 1313 vel
1356 1255 1526 1312 miris.

315 1343 489 1399 CLIX.
522 1342 858 1413 (Bnncnsnn.
890 1340 994 1398 lib.
1028 1361 1084 1416 x,
1129 1361 1179 1400 c.
1213 1347 1327 1412 62.)
1372 1343 1429 1402 Si
1472 1344 1609 1417 quis
1657 1346 1901 1401 conten-

242 1429 437 1486 tiones
466 1430 554 1488 vel
590 1431 759 1513 rixas.
792 1431 1103 1501 amaverit,
1134 1431 1229 1489 vel
1272 1432 1655 1510 manifestum
1701 1433 1900 1489 convi-

244 1518 404 1575 cium
431 1517 590 1576 fratri
622 1517 901 1589 intulerit,
915 1522 1087 1594 juxta
1115 1518 1425 1579 arbitrium
1456 1521 1670 1596 prioris
1694 1520 1902 1579 tandiu

242 1608 531 1681 paeniteat
556 1624 744 1682 quam
769 1606 1052 1667 diuturna
1078 1610 1349 1684 expietur
1376 1609 1741 1685 poenitentia.

873 1717 1042 1776 Unde
1068 1733 1275 1789 supra.

317 1807 464 1861 CLX.
498 1805 842 1875 (BURCHARD.
874 1806 977 1862 lib.
1010 1824 1069 1874 x,
1101 1823 1152 1862 c.
1195 1807 1303 1879 53.)
1350 1806 1462 1873 Qui
1500 1806 1906 1863 contontiosus

243 1896 351 1948 aut
402 1910 791 1953 murmurans
848 1895 1152 1964 exstiterit,
1209 1895 1540 1953 secundum
1594 1893 1904 1951 arbitrium

242 1981 464 2057 prioris
494 1983 707 2045 tandiu
759 1985 1046 2057 poeniteat
1092 1984 1364 2057 quandiu
1410 1983 1597 2057 culpa
1647 1982 1907 2055 qualitas

243 2075 455 2131 exstat.

797 2163 916 2235 αθ
960 2163 1128 2221 Unde
1154 2178 1361 2234 supra.

321 2248 491 2308 CLXI.
526 2249 871 2320 (Bnncusnn.
904 2250 1005 2309 lib.
1048 2269 1108 2323 ιι,
1141 2268 1192 2308 c.
1228 2252 1337 2323 55.)
1389 2250 1446 2307 Si
1495 2248 1631 2323 quis
1682 2249 1912 2306 videtur

243 2337 654 2395 contemiosus
701 2355 859 2410 esse,
912 2340 1145 2399 dicente
1191 2338 1515 2411 Apostolo:
1561 2339 1684 2395 Nos
1730 2340 1911 2396 tatem

242 2428 734 2484 consuetudinem
784 2444 904 2483 non
955 2430 1237 2484 habemus
1269 2444 1457 2499 neque
1508 2427 1776 2483 Ecclesia
1806 2428 1917 2484 Dei

240 2514 308 2583 (Ῑ
330 2514 476 2572 Cor.
505 2516 615 2587 ιιι).
650 2516 705 2573 Si
751 2516 889 2589 quis
934 2517 1049 2573 hoc
1090 2515 1251 2585 facit,
1289 2518 1544 2583 notetur,
1595 2530 1912 2589 usquequo

241 2602 607 2673 corrigatur.
637 2609 651 2623 '

679 2677 769 2733 De
798 2675 1035 2733 lascivis
1066 2674 1162 2734 vel
1195 2676 1485 2746 superbis.

325 2764 520 2823 CLXII.
554 2766 664 2832 Qui
694 2764 962 2823 lascivus
989 2770 1043 2823 et
1074 2766 1373 2840 superbus
1402 2764 1593 2833 fuerit,
1627 2762 1823 2821 triduo
1851 2764 1911 2821 in

249 2866 411 2929 pane
440 2857 495 2913 et
524 2869 687 2928 aqua
715 2854 1016 2929 poeniteat.

870 2964 956 3021 De
987 2963 1186 3021 eadem
1219 2977 1303 3019 re.

1239 151 1331 225 DE
1372 150 1654 217 ECCLES.
1696 147 1989 217 DISCIPL.
2032 146 2221 205 LIBRI
2258 148 2424 211 DUO.
2466 148 2599 207 LIB.
2641 148 2688 204 Ῑ.

1927 275 1975 337 Α
2012 272 2100 329 De
2127 273 2358 330 clericis
2383 274 2447 331 in
2471 280 2744 332 mutuam
2766 274 2980 332 caedem
2999 276 3547 347 prorumpentibus.
3575 278 3672 339 Ex

2548 364 2802 421 concilio
2830 363 3144 424 Ilerdensi.

2085 452 2309 508 CLVIII.
2342 452 2594 525 (Coneil.
2627 453 2811 509 Ilerd.
2858 470 2909 510 c.
2953 458 3008 508 11
3045 472 3058 523 ;
3108 455 3422 525 Bl‘RCHARD,
3454 451 3555 510 lib.
3601 469 3668 525 ιι,

2012 555 2063 596 c.
2096 542 2245 607 216.)
2275 540 2332 596 Si
2361 540 2465 615 qui
2495 539 2689 596 clerici
2716 540 2780 596 in
2818 544 3095 601 mutuam
3126 540 3351 597 easdem
3379 558 3670 616 prorupe-

2010 629 2147 698 rint,
2205 633 2384 702 prout
2435 630 2696 700 dignitas
2763 628 3099 686 otﬁciorum
3156 630 3217 687 in
3275 630 3375 687 tali
3425 647 3673 689 excessu

2012 717 2437 777 contumeliam
2468 718 2794 795 pertulerit,
2823 734 2860 775 a
2887 717 3168 797 pontiﬁce
3199 718 3518 777 districtius
3548 720 3673 781 vin-

2011 807 2261 864 dicetur.

2652 898 2818 959 Unde
2846 914 3055 969 supra.

2084 986 2329 1044 CLXIX.
2359 986 2612 1061 (Regula
2637 987 2698 1046 S.
2724 987 3069 1055 Aureliani,
3102 1003 3154 1045 ο.
3191 992 3253 1043 13
3281 1006 3295 1058 ;
3338 989 3676 1049 Concordia

2016 1078 2300 1149 Regular.
2329 1092 2380 1135 c.
2411 1082 2500 1148 75,
2530 1080 2557 1145 §
2587 1082 2659 1146 2;
2689 1080 3005 1147 Bnncasan,
3031 1077 3132 1137 lib.
3170 1082 3254 1147 11,
3285 1093 3336 1136 c.
3359 1081 3511 1146 217.)
3543 1081 3681 1136 Fra-

2010 1171 2097 1223 ter
2124 1165 2183 1222 in
2207 1166 2451 1223 fratrem
2477 1167 2525 1223 si
2557 1183 2745 1224 ausus
2770 1167 2945 1223 fuerit
2965 1183 3220 1241 manum
3249 1168 3501 1236 mittere,
3531 1167 3675 1240 legi-

2010 1255 2222 1312 timam
2244 1254 2627 1328 disciplinam
2662 1256 2939 1331 accipiat.

2260 1346 2347 1402 De
2374 1345 2579 1403 eadem
2611 1362 2694 1404 re.
2725 1346 2823 1403 Em
2853 1346 3029 1404 dictis
3059 1350 3425 1405 sanctorum.

2084 1432 2303 1493 CLXX.
2338 1434 2592 1506 (Regula
2639 1435 2705 1492 S.
2744 1436 3036 1503 Ferreoli,
3088 1453 3138 1492 c.
3190 1436 3298 1504 21;
3342 1436 3683 1497 Concordia

2012 1525 2300 1596 Regular.
2334 1539 2386 1582 c.
2419 1528 2508 1596 75,
2537 1528 2565 1592 ἕ
2597 1529 2678 1594 2.)
2708 1523 2966 1582 Clericus
2995 1529 3101 1582 aut
3128 1524 3469 1581 monachus
3498 1526 3562 1581 in
3592 1528 3680 1583 al-

1928 1624 1978 1678 Β
2012 1618 2205 1675 terum
2228 1613 2661 1683 inﬂammatus,
2692 1613 2859 1686 quod
2887 1618 2976 1673 est
3002 1613 3438 1687 turpissimum,
3461 1629 3684 1671 manus

2012 1702 2250 1777 iniicere
2281 1717 2405 1758 non
2430 1706 2778 1776 praesumat,
2810 1704 3024 1776 praeter
3047 1701 3178 1759 illos
3206 1701 3286 1758 ad
3317 1716 3472 1774 quos
3504 1701 3679 1775 perti-

2012 1796 2114 1850 net
2141 1791 2451 1865 correptio.
2484 1791 2542 1847 Si
2572 1790 2708 1864 quis
2753 1791 2883 1849 htcc
2922 1794 3335 1860 transgressus
3368 1788 3561 1860 fuerit,
3592 1788 3678 1847 di-

2013 1878 2277 1953 sciplinis
2307 1878 2611 1935 canonicis
2642 1877 2995 1950 subjacebit.

2227 1969 2313 2027 De
2341 1969 2545 2029 eadem
2576 1983 2660 2027 re.
2702 1968 2803 2025 Ex
2831 1968 3084 2025 concilio
3108 1966 3463 2041 Agathensi.

2085 2057 2336 2119 CLXXI.
2358 2058 2614 2126 (Concil.
2637 2057 2931 2130 Carthag.
2950 2074 3024 2126 IV,
3049 2073 3100 2114 c.
3126 2061 3221 2127 67;
3245 2058 3426 2113 Conc.
3453 2054 3679 2126 Agath.

2015 2162 2066 2203 c.
2097 2148 2195 2216 69;
2244 2147 2561 2213 Bnncnaan,
2591 2144 2694 2201 lin.
2730 2162 2801 2216 ιι,
2830 2161 2881 2200 c.
2919 2144 3030 2217 17.)
3072 2143 3496 2202 Seditionarios
3526 2158 3680 2199 nun-

2018 2250 2209 2308 quam
2239 2234 2631 2301 ordinandos,
2660 2234 2772 2306 91
2811 2234 2962 2290 sicut
2992 2249 3101 2293 nec
3133 2232 3442 2291 usurarios
3473 2231 3566 2289 vel
3598 2232 3683 2287 in-

2016 2321 2316 2392 juriarum
2343 2336 2591 2379 suarum
2621 2319 2861 2379 ultores.

2658 2408 2823 2463 Unde
2852 2421 3057 2476 supra.

2092 2497 2362 2555 CLXXII.
2391 2498 2731 2569 (Burmann.
2760 2496 2863 2557 lib.
2898 2513 2956 2565 ιι,
2981 2512 3032 2552 c.
3059 2499 3207 2565 190.)
3238 2496 3295 2552 Si
3325 2494 3459 2571 quis
3488 2494 3547 2553 in
3575 2494 3684 2555 ali-

2020 2603 2143 2661 quo
2172 2584 2571 2642 ecclesiastico
2601 2584 2795 2654 gradu
2834 2588 3106 2643 sacratus
3150 2598 3471 2657 percussor
3512 2582 3688 2639 exsti-

2020 2676 2173 2742 terit,
2229 2674 2583 2750 corripiatur
2635 2673 2940 2733 acerrime.
2986 2672 3043 2731 Si
3088 2688 3211 2732 non
3258 2662 3687 2744 emendaverit,

2023 2765 2210 2822 tribus
2236 2764 2546 2823 mensibus
2590 2764 2875 2838 poeniteat
2897 2763 2960 2821 in
2985 2777 3142 2836 pane
3172 2766 3229 2823 et
3253 2778 3434 2835 aqua.
3600 2752 3601 2755 “

2172 2856 2255 2912 De
2279 2852 2481 2911 eadem
2514 2870 2596 2910 re.
2633 2853 2735 2909 Ed-
2764 2852 3092 2909 canonibus
3117 2853 3545 2921 apostolorum.

2094 2943 2389 3002 CLXXIII.
2449 2943 2620 3016 (Can.
2671 2942 3016 3015 Apostolor.
3071 2957 3122 3001 c.
3159 2942 3277 3013 28.)
3327 2940 3688 3014 Episcopum

327 3052 890 3123 CLXIII.(Bnncuann,
913 3051 1015 3108 lib.
1039 3069 1097 3120 ιι,
1122 3067 1173 3110 c.
1200 3052 1312 3119 56.)
1337 3050 1545 3123 Siquis
1568 3049 1827 3107 lascivus
1850 3048 1908 3106 in

2038 3037 2125 3092 rut
2150 3032 2567 3106 presbyterum
2599 3035 2702 3090 aut
2730 3031 3059 3091 diaconum
3088 3029 3515 3105 pereutientem
3545 3028 3691 3086 ﬁde-

254 3140 462 3210 lingua
491 3139 680 3211 fuerit,
713 3140 990 3197 triduana
1019 3140 1369 3213 pmnitentia
1387 3138 1655 3212 expietur
1679 3140 1845 3209 (202).

752 3249 839 3303 De
875 3247 1412 3304 murmurantibus.

328 3336 543 3390 CLXIV.
579 3335 830 3407 (Regula
852 3336 916 3392 S.
950 3337 1173 3392 Basilii
1199 3352 1249 3391 c.
1284 3340 1342 3390 71
1373 3348 1395 3405 ;
1435 3333 1770 3415 Concordia
1798 3333 1913 3388 Rea

253 3426 456 3495 gular.
489 3440 540 3479 c.
574 3426 628 3496 Θ,
660 3428 767 3492 Q9,
799 3426 1119 3496 Bnncusnn,
1151 3424 1252 3480 lib.
1277 3441 1336 3492 ι,
1368 3440 1418 3479 c.
1444 3426 1558 3487 54.)
1587 3421 1913 3495 Apostolus

257 3604 363 3672 lip.
401 3605 487 3675 ιι).
526 3603 766 3659 Alienus
796 3604 869 3659 sit
898 3620 933 3660 a
960 3604 1209 3659 fratrum
1242 3605 1465 3675 unitate
1506 3601 1611 3675 qui
1641 3615 1914 3656 murmu-

255 3696 367 3764 rat,
395 3699 450 3751 et
480 3710 633 3767 opus
662 3694 791 3766 ejus
822 3694 1155 3752 abiiciatur.

892 3801 1055 3859 Unde
1082 3814 1289 3870 supra.

328 3890 523 3947 CLXV.
558 3888 807 3961 (Regula
854 3890 913 3946 Β.
946 3888 1187 3955 Basilii,
1220 3905 1271 3945 c.
1300 3892 1408 3956 93;
1456 3886 1772 3943 Bnacnmn.
1810 3883 1915 3940 lib.

252 3994 315 4049 ι,
348 3996 401 4035 c.
434 3978 548 4049 52.)
580 3978 637 4036 Si
674 3979 810 4051 quis
853 3990 1242 4034 murmurans
1285 3974 1585 4045 exstiterit,
1616 3974 1815 4030 videat
1843 3982 1919 4029 ne

250 4080 508 4141 paruam
537 4068 1042 4125 murmurantium
1095 4067 1380 4138 incurrat,
1413 4062 1488 4121 de
1518 4080 1640 4139 qua
1672 4064 1919 4137 Aposto-

252 4158 352 4212 lus
382 4156 558 4213 dicit:
592 4158 792 4229 Neque
814 4157 1355 4223 murmuraveritis,
1384 4155 1537 4211 sicut
1566 4152 1809 4226 quidam
1832 4166 1920 4208 eo-

256 4260 397 4303 rum
426 4250 978 4319 murmuraverunt,
1010 4252 1066 4302 et
1108 4247 1424 4317 perierunt
1461 4243 1535 4300 ab
1566 4242 1921 4299 extermina-

259 4344 388 4393 tore
418 4330 480 4405 (Ι
501 4338 640 4393 Cor.
672 4341 752 4397 χ).
784 4338 958 4393 Juxta
986 4348 1334 4391 mensuram
1364 4346 1637 4407 opusque
1667 4329 1916 4404 peccati,
1951 4330 1994 4383 ι)

256 4427 405 4500 quia
429 4427 490 4482 in
520 4424 633 4482 hac
665 4424 958 4482 sententia
992 4423 1259 4498 Apostoli
1284 4422 1534 4496 pleniter
1561 4418 1917 4486 declaratur,

258 4516 587 4573 sacerdotis
612 4514 838 4587 judicio
866 4514 1169 4588 poeniteat.

258 4625 330 4681 Si
348 4624 479 4696 quis
493 4625 758 4694 priorem
778 4621 1131 4681 detraxerit.
1153 4621 1253 4676 Ea:
1273 4620 1449 4675 dictis
1468 4618 1666 4674 sancti
1682 4616 1918 4674 Basilii.

335 4708 829 4786 CLXVI.(Regula
855 4713 916 4768 S.
942 4708 1179 4781 Basilii,
1204 4726 1253 4766 c.
1280 4712 1379 4777 43;
1416 4706 1731 4773 Brrncumn,
1752 4703 1921 4777 1ib.x,

260 4819 311 4857 c.
342 4801 458 4871 67.)
491 4799 544 4857 Si
588 4801 724 4874 quis
754 4798 1071 4857 detraxerit
1101 4815 1241 4855 eum
1269 4796 1373 4872 qui
1416 4795 1535 4869 9o
1562 4795 1761 4867 prmst,
1792 4807 1923 4865 sep-

262 4896 383 4947 tem
425 4889 553 4945 dies
582 4908 619 4947 a
646 4893 945 4947 conventu
993 4886 1255 4945 ecclesiae
1288 4884 1624 4959 separatus,
1656 4886 1721 4937 ut
1750 4879 1924 4938 Maria

266 4996 438 5036 soror
460 4978 730 5049 Aaronis,
762 4995 895 5053 quae
923 4977 1178 5034 detraxit
1206 4974 1410 5048 Moysi,
1440 4970 1742 5049 pceniteat.

384 5090 467 5146 De
487 5088 775 5145 seditiosis
801 5087 1056 5144 clericis.
1092 5085 1190 5141 Ex
1215 5083 1466 5140 concilio
1500 5081 1800 5138 Toletano.

338 5175 598 5235 CLXVII.
631 5176 884 5249 (Concil.
915 5176 1099 5232 Tolet.
1134 5189 1213 5242 IV,
1245 5188 1295 5229 c.
1325 5170 1437 5242 45.)
1471 5173 1549 5227 De
1571 5168 1795 5227 clericis
1819 5164 1926 5241 qui

260 5268 324 5325 in
353 5266 641 5324 seditione
689 5251 861 5322 arma
906 5263 1289 5336 sumpserint,
1323 5259 1548 5319 amisso
1578 5257 1803 5315 ordinis
1834 5255 1926 5311 sui

261 5356 461 5428 gradu
491 5357 551 5415 in
580 5354 1015 5413 monasterium
1045 5366 1199 5426 pene
1224 5348 1655 5406 contrahantur
1681 5345 1850 5419 (203).

352 5570 498 5641 (202)
536 5570 678 5627 Vide
706 5568 997 5640 Regulam
1028 5565 1218 5641 sancti
1252 5560 1575 5641 Fructuosi,
1606 5574 1740 5641 cap,
1758 5560 1857 5641 '15.

2020 3123 2105 3180 les
2156 3121 2569 3196 delinquentes
2618 3122 2721 3179 aut
2763 3119 3035 3181 inﬁdeles
3087 3119 3289 3195 inique
3335 3123 3600 3189 agentes,
3631 3120 3692 3179 et

2019 3228 2128 3287 per
2156 3208 2506 3283 hujusmodi
2551 3208 2848 3279 volentem
2899 3206 3115 3281 timeri,
3145 3206 3321 3280 dejici
3364 3205 3442 3263 ab
3490 3205 3689 3263 ofﬁcio

2021 3318 2132 3358 suo
2157 3299 2557 3374 praecipimus,
2588 3299 2732 3372 quia
2776 3314 3080 3373 nusquam
3110 3312 3222 3354 nos
3250 3296 3366 3353 hoc
3398 3294 3687 3355 Dominus

2021 3406 2144 3448 non
2169 3389 2373 3447 docuit
2401 3408 2413 3459 ;
2446 3405 2478 3445 e
2508 3388 2805 3447 contrario
2833 3403 2974 3445 vero
3002 3386 3153 3459 ipse,
3186 3401 3326 3442 cum
3356 3388 3690 3458 percutere-

2022 3484 2136 3546 tur,
2167 3494 2291 3535 non
2318 3478 2700 3552 repercussit.

2021 3567 2113 3624 Ne
2142 3569 2348 3624 clerici
2385 3581 2558 3623 arma
2581 3566 2808 3634 ferant.
2852 3562 2950 3619 Ex
2981 3558 3467 3633 Capitularibus,
3500 3561 3601 3619 lib.
3638 3564 3690 3627 1,

2750 3652 2840 3707 tit.
2873 3653 2961 3709 72.

2097 3741 2390 3800 CLXXIV.
2420 3740 2569 3813 (Lib.
2597 3756 2616 3799 ι
2643 3739 3011 3810 Capitular.,
3040 3752 3092 3795 c.
3115 3739 3217 3805 70;
3245 3737 3561 3793 Buncnsan.
3586 3732 3689 3793 lib.

2026 3850 2084 3899 ιι,
2125 3849 2178 3890 c.
2211 3832 2364 3904 212.)
2404 3827 2780 3889 Omnimodis
2828 3824 3153 3887 dicendum
3194 3827 3288 3883 est
3327 3822 3695 3898 presbyteris

2025 3928 2082 3983 et
2110 3920 2468 3983 diaconibus
2501 3923 2564 3976 ut
2608 3933 2779 3975 arma
2810 3932 2933 3975 non
2978 3918 3233 3988 portent.
3268 3912 3374 3971 sed
3403 3912 3599 3985 magis
3629 3927 3696 3968 se

2026 4010 2335 4071 conﬁdant
2361 4010 2418 4066 in
2455 4006 2801 4066 defensione
2829 4004 2930 4063 Dei
2959 4020 3146 4077 quam
3177 4002 3240 4061 in
3271 4001 3473 4061 armis.

2266 4100 2351 4157 De
2380 4099 2583 4157 eadem
2611 4112 2694 4155 re.
2725 4096 2825 4153 Ea:
2852 4094 3104 4152 concilio
3132 4092 3445 4151 Meldensi.

2099 4188 2349 4247 CLXXV.
2391 4187 2644 4261 (Concil.
2689 4185 2870 4243 Meld.
2900 4200 2952 4243 c.
2985 4187 3092 4249 37;
3147 4186 3464 4241 Buacnsnn.
3492 4172 3696 4250 libfu,

2029 4297 2079 4335 c.
2112 4278 2262 4349 211.)
2293 4276 2641 4348 Quicunque
2693 4290 2766 4333 ex
2813 4273 2971 4330 clero
3025 4288 3158 4329 esse
3200 4270 3497 4338 videntur,
3526 4284 3700 4329 arma

2030 4365 2308 4425 militaria
2354 4380 2477 4423 non
2526 4366 2788 4432 sumant,
2821 4378 2931 4419 nec
2986 4360 3202 4419 armati
3255 4357 3557 4429 incedant,
3591 4356 3699 4415 sed

2029 4451 2416 4528 professionis
2449 4467 2572 4506 suae
2602 4444 2964 4506 vocabulum
3014 4445 3304 4515 religiosis
3341 4442 3613 4503 moribus
3643 4444 3703 4498 et

2030 4527 2311 4613 religioso
2341 4540 2554 4601 habitu
2583 4538 2911 4613 praebeant.
2939 4534 3113 4603 Quod
3133 4532 3180 4589 si
3211 4527 3697 4603 contempserint,

2031 4639 2330 4705 tanquam
2361 4643 2674 4687 sacrorum
2707 4639 3011 4683 canonum
3050 4622 3492 4705 contemptores
3517 4620 3573 4671 et
3601 4630 3698 4705 ec-

2032 4702 2372 4779 clesiastica:
2404 4715 2730 4777 sanctitatis
2760 4710 3180 4787 profanatores
3225 4704 3450 4781 proprii
3478 4702 3702 4775 gradus

2032 4807 2357 4866 amissione
2411 4803 2793 4875 mulctentur,
2843 4798 2987 4872 quia
3035 4810 3161 4855 non
3216 4796 3471 4868 possunt
3523 4789 3703 4853 simul

2034 4899 2154 4953 Deo
2183 4898 2241 4951 et
2270 4891 2493 4950 saeculo
2532 4886 2806 4949 militare.

2035 4985 2152 5059 92
2184 4984 2273 5041 Ne
2297 4982 2607 5053 episcopus
2634 4979 2729 5036 vel
2751 4973 3073 5047 presbyter
3091 4975 3198 5033 aut
3213 4969 3503 5028 diaconus
3527 4982 3705 5027 canes

2494 5067 2578 5127 ad
2606 5063 2947 5127 venandum
2978 5059 3255 5121 habeant.

2107 5157 2395 5218 CLXXVI.
2429 5158 2631 5232 (Cone.
2663 5152 2888 5227 Agath.
2909 5168 2960 5209 c.
2986 5156 3073 5220 55,
3100 5150 3334 5220 Epaon.
3363 5164 3416 5206 c.
3448 5149 3535 5217 4.;
3562 5146 3705 5202 Bun-

2038 5268 2241 5309 castra.
2266 5247 2369 5303 lib.
2398 5231 2459 5311 ιι.
2482 5260 2532 5303 c.
2552 5231 2702 5316 213.)
2725 5240 3075 5316 Episcopus,
3098 5237 3431 5312 presbyter,
3445 5237 3550 5292 aut
3574 5232 3703 5289 dia-

2042 5354 2235 5396 conus
2283 5350 2463 5393 canes
2504 5330 2583 5390 ad
2612 5329 2959 5389 venandum
3007 5332 3111 5390 aut
3139 5326 3450 5399 accipitres
3482 5322 3705 5381 habere

352 5571 475 5641 (202
536 5571 678 5627 Vide
706 5571 997 5640 Regulam
1028 5571 1218 5622 sancti
1252 5571 1575 5632 Fructuosi,
1606 5574 1737 5633 cap.
1758 5571 1857 5641 '15.
2492 5608 2493 5611 η
2788 5617 2800 5629 θ

342 5571 498 5713 (203i
534 5643 897 5697 Ineditione
928 5640 1153 5695 Loaisae
1184 5636 1425 5707 legitur,
1452 5632 1817 5702 panitentue
1848 5624 2314 5689 contradantur.
2349 5614 2521 5689 Alibi,
2543 5620 2892 5689 perenniter
2917 5613 3267 5671 tradantur.
