4044 6196
389 230 494 303 223

1489 194 1866 288 REGIN’ONIS
1915 190 2335 280 mammis
2379 211 2702 278 ABBATIS.

3709 186 3822 273 222

389 370 514 419 non
532 362 725 420 liceat.
746 362 917 429 Quod
934 362 981 419 si
1000 364 1136 435 quis
1164 361 1372 418 talium
1396 376 1794 437 personarum
1817 361 1932 416 hac
1948 375 2048 416 vo-
2080 346 2128 399 Α
2159 362 2304 420 Dore
2351 350 2568 437 Ποὲίνξθ
2619 342 2914 437 “nimiis
2948 339 3180 437 9m0i3_
3198 337 3826 437 Ρθτεοξνδπξυδηίζξξξθο

390 453 617 510 luntate
665 453 931 509 detectus
980 453 1171 518 fuerit,
1206 454 1255 509 si
1302 454 1658 526 espiscopus
1707 458 1812 521 est,
1860 451 2047 508 tribus

392 543 702 600 mensibus
732 560 793 600 se
823 559 860 600 a
887 543 1356 600 commutatione
1396 544 1749 618 suspendat;
1794 542 2045 617 presby-

392 636 480 690 ter
505 634 743 691 duobus
771 634 1105 706 mensibus,
1134 635 1426 692 diaconus
1450 651 1572 692 uno
1620 635 1699 692 ab
1728 628 1895 692 omni
1924 631 2049 691 ofﬁ-

392 723 483 779 cio
510 723 605 779 vel
635 724 1082 797 communione.

460 814 550 870 Ne
577 814 785 870 clerici
814 814 1094 871 tabernas
1124 814 1568 881 ingrediantur.
1602 814 1702 870 Ezr
1725 813 1976 871 concilio

1050 886 1396 941 Laodiceno.
1824 898 1827 899 '

1095 901 1377 943 aoazceno
1386 931 1396 942 .

465 975 774 1032 CLXXVII.
804 975 1054 1046 (Concil.
1091 975 1380 1055 Carthag.
1407 992 1487 1047 ιιι,
1518 993 1568 1033 c.
1587 980 1699 1048 27;
1726 979 2046 1045 Beneumn,

391 1064 497 1120 lib.
528 1079 596 1134 ιι,
629 1080 679 1120 c.
719 1066 864 1136 130.)
894 1067 964 1122 Ut
992 1065 1187 1121 clerici
1216 1065 1431 1122 edendi
1458 1066 1553 1122 vel
1589 1065 1834 1122 bibendi
1867 1080 2050 1122 causa

394 1152 675 1209 tabernas
728 1168 852 1210 non
909 1153 1339 1225 ingrediantur,
1383 1155 1501 1211 nisi
1556 1154 2049 1228 peregrinationis

394 1242 742 1299 necessitate
774 1243 1090 1316 compulsi.

1024 1332 1192 1390 Unde
1214 1348 1422 1403 supra.
1870 1342 1872 1346 ‘

467 1419 808 1475 CLXXVIII.
839 1420 1088 1492 (Concil.
1132 1421 1473 1488 Laodicen.,
1503 1438 1554 1478 c.
1584 1425 1685 1491 24;
1729 1425 2047 1479 Beacnmn.

394 1506 496 1564 lib.
525 1524 585 1573 ιι.
619 1524 668 1563 c.
706 1512 854 1575 131.)
884 1510 1056 1574 Quod
1097 1525 1219 1565 non
1250 1515 1485 1583 oportet
1514 1527 1683 1567 sacro
1722 1511 2053 1568 ministerio

395 1596 627 1652 deditos
657 1613 692 1652 a
718 1598 1085 1669 presbyteris
1112 1615 1305 1670 usque
1353 1600 1430 1655 ad
1479 1600 1803 1656 diaconum
1834 1605 1890 1657 et
1928 1599 2055 1655 reli-

2159 437 2234 492 de
2280 436 2364 492 eis
2411 436 2558 492 dixit
2602 434 2912 507 Propheta.
2945 435 3096 488 Nam
3144 430 3219 486 de
3257 428 3567 485 nocturnis
3609 429 3825 501 vigiliis

2159 525 2319 581 idem
2349 525 2476 598 ipse
2506 524 2624 582 ait:
2667 524 2867 580 Media
2899 526 3069 578 nocte
3108 519 3446 590 surgebam,
3476 522 3585 575 etc.
3623 519 3824 591 (Ibid.)

2159 618 2312 686 Ergo
2355 614 2450 671 his
2504 613 2878 687 temporibus
2935 608 3266 667 referamus
3309 607 3519 665 laudes
3564 608 3826 665 Creatori

2159 706 2362 760 nostro
2395 717 2577 775 super
2601 700 2831 771 judicia
2848 698 3090 771 justitiee
3119 713 3263 752 suae.

2636 792 2732 847 Ex
2762 790 3015 848 concilio
3056 788 3347 844 Venetico.

2231 883 2484 955 (Concil.
2542 880 2824 947 Venetic.,
2875 881 3067 945 c.14;
3125 877 3450 933 Bvacnmn.
3498 875 3603 933 lib.
3652 892 3716 944 ιι,
3768 892 3825 934 c.

2164 973 2309 1040 153.)
2341 970 2599 1027 Clericus
2649 969 2756 1043 qui
2785 969 2942 1025 intra
2982 968 3191 1023 muros
3227 963 3477 1022 civitatis
3519 970 3744 1035 manet,
3771 971 3833 1023 et

2160 1079 2232 1119 eo
2262 1062 2356 1118 die
2387 1050 2696 1117 matutinis
2727 1059 2970 1133 hymnis
3015 1057 3141 1113 sine
3165 1055 3519 1126 aegritudine
3547 1055 3827 1129 defuerit,

2161 1156 2390 1224 septem
2419 1150 2546 1206 dies
2572 1166 2609 1206 a
2636 1147 3062 1206 communione
3092 1145 3391 1203 habeatur
3420 1149 3759 1202 extraneus.

2167 1243 2243 1299 Ut
2270 1241 2461 1298 missa
2481 1245 2622 1297 ante
2649 1240 2859 1296 horam
2884 1238 3123 1294 tertiam
3153 1252 3274 1292 non
3306 1235 3701 1292 celebrentur.
3728 1236 3833 1294 Ea:

2560 1328 2814 1398 epistola
2851 1325 3198 1396 Telesphori
3221 1339 3415 1395 papae.

2235 1417 2572 1474 CLXXXVI.
2604 1418 2950 1484 (BURCHARD.
2982 1413 3085 1470 lib.
3122 1430 3207 1480 In,
3233 1430 3284 1470 c.
3320 1416 3408 1483 63,
3441 1416 3498 1469 et
3526 1412 3663 1469 dist.
3701 1416 3722 1468 1
3758 1413 3836 1469 de

2163 1524 2412 1576 consec.,
2442 1524 2494 1564 c.
2520 1507 2632 1579 48.)
2656 1505 2965 1563 Missarum
2992 1502 3422 1561 celebrationes
3448 1506 3585 1559 ante
3613 1502 3833 1559 horam

2164 1597 2282 1653 diei
2312 1596 2542 1653 tertiam
2575 1595 2821 1651 minime
2851 1598 2990 1650 sunt
3020 1591 3394 1649 celebrandae
3422 1591 3587 1665 (quia
3617 1592 3833 1648 eadem

395 1686 587 1757 quum
638 1685 1104 1742 ecclesiasticum
1152 1687 1444 1753 ordinem,
1487 1688 1546 1744 id
1597 1693 1685 1744 est
1733 1705 1927 1761 usque
1976 1689 2055 1745 ad
2088 1697 2130 1751 Β
2164 1687 2315 1743 hora
2340 1690 2396 1741 et
2424 1684 2711 1740 Dominus
2737 1681 3058 1738 cruciﬁxus
3091 1686 3198 1750 est,
3226 1684 3285 1736 et
3312 1695 3495 1753 super
3525 1678 3834 1752 apostolos

399 1774 859 1842 subdiaconum,
921 1776 1188 1839 lectores,
1255 1781 1549 1841 cantores,
1611 1779 1935 1835 exorcistas
2000 1782 2056 1835 et

398 1862 690 1929 ostiarios,
723 1867 781 1919 et
807 1880 877 1920 ex
908 1880 1162 1921 numero
1189 1865 1621 1922 continentium
1649 1870 1705 1922 et
1734 1867 2057 1923 monacho-

398 1966 554 2019 rum,
587 1950 817 2020 ingredi
842 1952 1146 2010 tabernas.

611 2041 699 2096 De
726 2042 927 2099 eadem
965 2059 1048 2098 re.
1087 2043 1182 2099 Ex
1212 2042 1467 2100 decretis
1497 2044 1840 2115 Augustini.

468 2129 775 2185 CLXXIX.
812 2129 1121 2187 Tabernas
1154 2132 1355 2187 nullus
1385 2132 1759 2202 clericorum,
1787 2136 1852 2190 ut
1881 2149 2058 2191 cano-

399 2234 546 2274 num
585 2219 905 2291 prohibent
943 2220 1200 2290 decreta,
1237 2237 1421 2277 causa
1468 2223 1744 2279 sumendi
1792 2223 1907 2279 cibi
1956 2228 2060 2280 aut

398 2312 578 2381 potus
630 2308 849 2365 audeat
896 2310 1146 2379 ingredi.
1183 2311 1239 2367 Si
1286 2311 1421 2384 quis
1469 2312 1598 2368 haec
1634 2313 1962 2378 violaverit,
1994 2318 2061 2370 ut

400 2400 745 2454 sanctorum
776 2413 1082 2454 canonum
1115 2403 1509 2473 contemptor,
1541 2402 1843 2458 acerrimis
1882 2403 2059 2459 corri-

400 2486 599 2559 piatur
627 2486 977 2559 disciplinis.

471 2576 587 2647 93
630 2577 717 2633 De
739 2579 941 2634 eadem
964 2594 1049 2635 re.
1090 2579 1191 2635 Ex
1213 2581 1466 2637 concilio
1499 2582 1984 2653 Carthaginensi.

472 2664 749 2730 CLXXX.
787 2667 1034 2744 (Concil.
1071 2669 1367 2740 Carthag.
1404 2686 1484 2735 IV,
1518 2687 1568 2726 c.
1601 2674 1707 2741 li8;
1740 2673 2056 2729 ancnsan.

398 2753 500 2811 lib.
532 2770 596 2823 ιν,
629 2770 678 2811 c.
711 2756 858 2826 210.)
890 2755 1148 2812 Clericus
1195 2758 1300 2830 qui
1347 2773 1468 2814 non
1516 2775 1627 2831 pro
1665 2760 1923 2816 emendo
1953 2761 2059 2817 ali-

400 2843 546 2915 quid
576 2844 637 2899 in
663 2844 950 2900 nundinis
977 2845 1065 2901 vel
1097 2846 1158 2901 in
1185 2846 1315 2903 foro
1348 2847 1720 2916 deambulat,
1754 2847 1833 2904 ab
1863 2848 2061 2906 ofﬁcio

402 2948 511 2987 suo
543 2932 921 3000 degradetur.

2169 1773 2415 1847 Spiritus
2448 1776 2688 1829 sanctus
2719 1770 3102 1827 descendisse
3143 1768 3400 1839 legitur),
3436 1771 3684 1840 excepta
3724 1783 3827 1823 no-

2166 1866 2256 1919 cte
2283 1865 2503 1918 sanctae
2533 1858 2879 1916 Nativitatis.

2241 1953 2313 2008 Ut
2338 1950 2542 2019 ﬁdeles
2571 1954 2711 2005 ante
2736 1949 2947 2004 horam
2976 1947 3215 2003 tertiam
3243 1961 3365 2001 non
3387 1944 3755 2014 prandeant.

2236 2038 2613 2094 CLXXXVII.
2657 2037 2885 2106 (Addit.
2918 2052 2992 2103 ιν,
3026 2052 3077 2091 c.
3108 2039 3177 2092 49
3207 2053 3222 2104 ;
3262 2035 3586 2090 Buncmmn.
3621 2032 3724 2089 lib.
3766 2049 3832 2103 ιι,

2166 2148 2218 2188 e.
2256 2131 2374 2197 185,
2407 2134 2464 2185 et
2491 2129 2627 2185 dist.
2657 2132 2746 2196 44,
2777 2144 2827 2184 c.
2865 2131 2977 2195 12.)
3015 2130 3142 2183 Non
3189 2129 3425 2199 oportet
3460 2124 3706 2181 clericos
3734 2123 3836 2180 vel

2166 2219 2351 2276 laicos
2381 2216 2689 2286 religiosos
2731 2219 2868 2272 ante
2908 2219 3182 2271 sanctam
3210 2214 3423 2271 horam
3455 2212 3573 2269 diei
3596 2213 3835 2287 tertiam

2166 2306 2315 2364 inire
2340 2305 2633 2373 convivia,
2667 2320 2863 2378 neque
2912 2303 3241 2376 aliquando
3271 2302 3537 2370 clericos,
3568 2302 3685 2373 95
3711 2300 3836 2379 nisi

2167 2397 2398 2468 hymno
2427 2394 2608 2464 dicto,
2643 2393 2817 2451 edere
2849 2406 3095 2466 panem,
3123 2395 3178 2448 et
3206 2394 3346 2464 post
3376 2390 3579 2447 cibum
3607 2390 3835 2459 gratias

2169 2482 2396 2541 auctori
2426 2486 2544 2538 Deo
2573 2482 2809 2539 referre.

2201 2574 2276 2630 Ut
2301 2578 2680 2629 sacramenta
2709 2572 2927 2628 altaris
2952 2585 2991 2626 a
3006 2570 3237 2641 jejunis
3280 2568 3676 2654 celebrentur.
3709 2568 3811 2624 Ex

2703 2660 2956 2716 concilio
2985 2659 3302 2729 Africano.
3832 2660 3835 2667 “

2240 2736 2641 2805 CLXXXVIII.
2672 2749 2876 2816 (Cone.
2908 2747 3104 2817 Afric.
3127 2762 3178 2802 c.
3213 2749 3273 2815 8;
3304 2745 3662 2815 Capitulare
3684 2745 3833 2799 Aur-

2170 2856 2351 2911 roms,
2379 2856 2430 2895 c.
2469 2840 2579 2911 10.)
2610 2841 2680 2895 Ut
2705 2841 3084 2894 sacramenta
3113 2836 3314 2893 altaris
3358 2834 3600 2891 nonnisi
3627 2849 3664 2890 a
3680 2834 3833 2905 jeju-

2171 2928 2264 2984 nis
2297 2927 2688 2994 celebrentur,
2718 2929 2966 2998 excepto
2997 2939 3120 2980 uno
3149 2922 3244 2979 die
3273 2921 3683 2980 anniversario
3709 2937 3830 2994 quo

401 3020 488 3076 De
517 3022 737 3088 vigiliis
762 3014 1134 3079 clericorum.
1170 3025 1267 3080 Ex
1283 3027 1537 3082 concilio
1567 3027 2058 3098 Carthaginensi.
2090 3044 2136 3098 ο
2172 3032 2345 3073 ϐωηᾶ
2376 3014 2609 3094 Domini
2636 3014 2989 3071 celebratur-
3018 3015 3164 3069 Nam
3196 3012 3244 3068 Si
3266 3012 3609 3085 aliquorum
3628 3026 3834 3084 Ροωθο

474 3107 779 3165 CLXXXI.
832 3110 1085 3181 (Concil.
1137 3114 1433 3185 Carthag.
1465 3132 1539 3185 ιν,
1570 3133 1621 3171 c.
1654 3117 1764 3189 49.)
1806 3116 2061 3173 Clericus

402 3196 507 3270 qui
560 3197 789 3270 absque
845 3202 1182 3272 corpusculi
1238 3204 1327 3258 sui
1383 3203 1784 3277 inaequalitate
1848 3205 2062 3276 vigiliis

402 3285 586 3351 deest,
615 3286 911 3359 stipendio
940 3289 1210 3361 privatus
1260 3293 1836 3361 excommunicetur,
1866 3309 2061 3366 quou-

404 3390 552 3447 sque
576 3380 885 3448 correptus
912 3377 1204 3435 videatur.

618 3465 705 3520 De
733 3466 937 3522 eadem
958 3482 1041 3523 re.
1074 3468 1174 3524 Ex
1194 3469 1447 3525 concilio
1474 3470 1851 3528 Eliberitano

474 3553 806 3611 CLXXXII.
830 3555 1084 3627 (Concil.
1114 3559 1410 3630 Eliberit.,
1426 3575 1478 3615 c.
1498 3564 1558 3616 21
1585 3579 1598 3628 ;
1630 3577 1794 3618 conc.
1814 3562 2061 3633 Agath.,

402 3656 455 3699 c.
487 3643 599 3714 64.)
629 3643 685 3700 Si
730 3644 865 3717 quis
910 3645 973 3705 in
1005 3646 1239 3704 civitate
1269 3648 1502 3721 positus
1532 3664 1640 3722 per
1666 3654 1784 3707 tres
1811 3650 2064 3708 domini-

402 3747 506 3789 cas
554 3733 632 3789 ad
676 3733 1000 3792 Ecclesiam
1044 3751 1166 3792 non
1210 3738 1548 3806 accesserit,
1588 3741 2065 3798 excommunica-

400 3824 513 3889 tur,
547 3837 864 3896 quousque
892 3828 1200 3898 correptus
1228 3826 1519 3883 videatur.

542 3973 546 3977 ,
642 3911 728 3966 De
755 3912 956 3968 eadem
987 3928 1070 3970 re.
1103 3913 1203 3969 Ex
1228 3916 1481 3971 concilio
1515 3916 1817 3974 Toletano.

475 3997 831 4054 CLXXXIII.
862 3998 1112 4069 (Concil.
1149 4003 1330 4058 Tolet.
1365 4018 1406 4060 ι.
1440 4019 1491 4059 c.
1521 4005 1598 4073 5.)
1648 4006 1717 4060 Ut
1752 4005 2066 4077 presbyter

403 4084 497 4142 vel
523 4084 815 4140 diaconus
844 4084 939 4142 vel
967 4085 1219 4158 quilibet
1247 4089 1510 4145 ecclesiae
1536 4090 1860 4163 deputatus
1902 4093 2065 4149 cleri-

403 4188 530 4243 cus,
558 4171 605 4226 si
629 4171 784 4229 intra
812 4173 1108 4231 civitatem
1139 4174 1332 4243 fuerit,
1364 4177 1460 4233 vel
1484 4177 1547 4234 in
1575 4178 1709 4236 loco
1739 4179 1800 4237 in
1827 4196 1950 4252 quo
1975 4197 2066 4237 ec-

403 4260 583 4317 clesia
629 4264 734 4327 est,
785 4265 889 4317 aut
931 4262 1192 4325 castella,
1235 4268 1340 4321 aut
1392 4265 1583 4337 vicus,
1629 4272 1733 4324 aut
1778 4267 1953 4340 villae,
1985 4270 2063 4326 ad

404 4348 718 4406 ecclesiam
750 4349 828 4405 ad
874 4350 1235 4407 sacriﬁcium
1275 4353 1697 4425 quotidianum
1742 4368 2064 4414 non'vene-

400 4436 494 4503 rit,
526 4435 774 4492 clericus
799 4451 922 4493 non
946 4437 1261 4509 habeatur,
1291 4440 1339 4495 si
1361 4441 1683 4513 castigatus
1713 4458 1837 4501 non
1866 4462 2063 4502 emen-

401 4523 633 4581 daverit
661 4524 824 4596 (204).

614 4613 702 4668 De
726 4613 929 4670 eadem
961 4629 1044 4671 re.
1085 4615 1186 4672 Ex
1210 4619 1464 4674 concilio
1492 4618 1847 4690 Agathensi.
1946 4628 1955 4635 ‘

470 4699 807 4758 CLXXXIV.
835 4701 1040 4774 (Cone.
1068 4704 1292 4774 Agath.
1333 4721 1385 4761 c.
1416 4709 1531 4766 64.)
1580 4707 1786 4765 Clerici
1835 4710 1938 4782 qui
1969 4727 2065 4766 ee-

402 4788 644 4845 clesiam
672 4788 1049 4863 frequentare
1075 4797 1179 4849 aut
1207 4792 1472 4851 ofﬁcium
1495 4812 1674 4853 suum
1695 4797 1945 4872 implere
1965 4814 2066 4861 ne-

404 4877 712 4948 glexerint,
744 4882 1061 4953 peregrina
1089 4882 1174 4939 eis
1202 4886 1551 4942 communio
1581 4886 1892 4945 tribuatur.

439 4966 560 5038 94
598 4968 685 5024 De
712 4970 910 5033 eadem
942 4986 1025 5028 re.
1056 4972 1159 5047 Ex
1187 4973 1440 5030 decretis
1470 4976 1670 5032 sancti
1696 4978 2026 5034 Benedicti.

476 5057 800 5115 CLXXXV.
834 5061 1089 5133 (Regula
1135 5061 1196 5119 S.
1237 5063 1487 5135 Bened.,
1516 5079 1566 5121 c.
1605 5068 1701 5131 16;
1743 5065 2063 5123 Buncmnn.

401 5143 504 5201 lib.
539 5161 610 5214 ιι,
644 5163 695 5203 c.
727 5152 872 5214 105.)
899 5152 967 5207 Ut
994 5150 1076 5207 ait
1100 5151 1433 5224 Propheta:
1467 5153 1696 5224 Septies
1721 5154 1785 5210 in
1813 5155 1909 5211 die
1935 5156 2067 5211 lau-

401 5232 532 5290 dem
571 5235 706 5293 dixi
733 5237 843 5292 tibi
879 5239 1071 5305 (Psai.
1105 5238 1331 5311 cxvm).
1369 5240 1479 5306 Qui
1529 5241 1906 5314 septenarius
1953 5257 2065 5298 nu-

400 5337 604 5380 merus
629 5341 665 5380 a
693 5324 870 5385 nobis
900 5324 984 5381 sic
1012 5325 1379 5398 implebitur,
1414 5328 1463 5384 si
1488 5330 1804 5397 matutino,
1833 5330 2065 5404 primae,

401 5412 605 5482 tertiae,
637 5416 836 5483 sextae,
854 5428 1052 5480 nonae,
1085 5428 1366 5486 vesperae,
1396 5418 1889 5493 completoriique
1914 5424 2066 5476 tem-

470 5551 1011 5644 _(“20_4_)ulg_c.oncilio_
1031 5552 1315 5644 Toletani)
1345 5555 1595 5644 legitur;
1637 5561 1708 5618 Si
1733 5562 2064 5644 castigatus

394 5622 1017 5762 mnigrtgéactionem
1068 5623 1304 5683 veniam
1355 5622 1432 5684 ab
1479 5632 1751 5703 episcopo
1802 5622 2067 5689 noluerit

2171 3106 2406 3162 ridiano
2453 3109 2723 3179 tempore
2764 3103 3186 3160 defunctorum
3241 3101 3665 3176 episcoporum
3712 3100 3835 3156 sive

2174 3199 2524 3251 caeterorum
2554 3192 2999 3250 commendatis
3026 3191 3301 3248 facienda
3321 3196 3428 3263 est,
3451 3189 3593 3246 solis
3619 3189 3839 3246 oratio-

2171 3283 2353 3340 nibus
2396 3282 2519 3351 ﬁat,
2573 3282 2621 3338 si
2669 3281 2749 3337 illi
2803 3281 2907 3354 qui
2953 3280 3180 3341 faciunt
3230 3281 3360 3352 jam
3416 3278 3625 3351 pransi
3676 3278 3840 3333 inve-
3895 3268 3905 3281 “

2172 3374 2436 3429 niuntur.

2179 3462 2252 3518 Ut
2295 3466 2431 3531 post
2478 3461 2900 3517 allocutionem
2954 3460 3216 3529 episcopi
3265 3459 3329 3513 in
3383 3458 3703 3514 missarum
3752 3471 3841 3512 so-

2206 3554 2211 3559 ’
2248 3551 2480 3607 lemniis
2504 3550 2673 3619 plebs
2699 3551 2781 3605 ad
2806 3549 3135 3605 orationem
3165 3548 3473 3604 invitetur.
3515 3546 3614 3602 Ex
3643 3547 3841 3602 conci-

2194 3635 2207 3677 τ
2248 3642 2326 3697 lio
2353 3640 2710 3696 Laodiceno.

2246 3728 2596 3783 CLXXXIX.
2629 3727 2882 3797 (Concil.
2914 3725 3155 3783 Laodic.
3182 3728 3233 3781 'c.
3257 3728 3321 3780 19
3349 3742 3362 3790 ;
3391 3725 3714 3779 Burmann.
3729 3722 3836 3779 lib.

2172 3833 2232 3884 ιι,
2267 3832 2317 3871 c.
2351 3816 2461 3887 69.)
2494 3814 2667 3881 Quod
2694 3818 2967 3887 oporteat
2996 3828 3266 3870 seorsum
3296 3812 3559 3885 primum
3590 3816 3729 3885 post
3758 3811 3841 3867 al-

2172 3905 2502 3963 locutiones
2527 3903 2952 3980 episcoporum
2980 3901 3313 3958 orationem
3341 3916 3524 3975 super
3562 3898 3840 3957 catechu-

2173 4010 2385 4052 menos
2412 3991 2717 4050 celebrari.
2752 3995 2818 4048 Et
2845 3995 3170 4065 postquam
3203 3990 3616 4047 catechumeni
3640 4004 3839 4059 egres-

2175 4084 2225 4140 si
2255 4082 2491 4149 fuerint,
2525 4097 2705 4154 super
2748 4096 2851 4136 eos
2881 4081 2990 4153 qui
3037 4085 3179 4137 sunt
3207 4079 3269 4136 in
3308 4078 3658 4153 paenitentia
3700 4095 3837 4152 pre-

2174 4188 2306 4230 cem
2328 4171 2475 4228 ﬁeri.
2509 4170 2612 4225 His
2643 4170 2823 4226 etiam
2872 4168 3297 4226 accedentibus
3346 4167 3426 4226 ad
3457 4184 3709 4224 manum
3739 4183 3838 4223 sa-

2174 4260 2429 4319 cerdotis
2478 4264 2535 4317 et
2572 4258 3020 4316 discedentibus
3068 4262 3187 4314 tres
3229 4256 3529 4314 orationes
3558 4272 3841 4313 consum-

2177 4349 2328 4408 mari
2350 4348 2641 4419 ﬁdelium,
2671 4347 2753 4405 ita
2797 4352 2863 4403 ut
2895 4346 3095 4421 prima
3131 4345 3379 4420 quidem
3418 4346 3532 4402 sub
3580 4345 3838 4416 silentio,

2177 4438 2446 4496 secunda
2486 4453 2628 4494 vero
2666 4441 2724 4493 et
2767 4436 2938 4493 tertia
2982 4451 3091 4510 per
3132 4434 3596 4492 exclamationes
3633 4433 3839 4491 solitas

2176 4528 2550 4602 expleantur.

2792 4616 2881 4670 De
2910 4613 3113 4671 eadem
3139 4628 3223 4670 re.

2246 4705 2410 4761 CXC.
2443 4705 2787 4773 (Βυιιοιιλιιι).
2837 4702 2941 4759 lib.
2988 4718 3055 4773 ιι,
3087 4718 3139 4758 c.
3172 4705 3288 4770 70.)
3332 4703 3573 4775 Oportet
3599 4701 3754 4772 (205)
3776 4705 3840 4758 ut

2174 4797 2236 4853 in
2260 4795 2475 4852 diebus
2507 4791 2671 4849 festis
2695 4792 2791 4849 vel
2805 4790 3146 4862 dominicis,
3164 4794 3303 4863 post
3323 4805 3666 4846 sermonem
3682 4791 3838 4847 intra

2175 4886 2499 4942 missarum
2526 4881 2818 4940 solemnia
2846 4880 3123 4937 habitum
3153 4878 3233 4937 ad
3260 4879 3520 4954 plebem,
3555 4879 3838 4936 sacerdos

2176 4974 2500 5030 admoneat
2526 4976 2591 5028 ut
2611 4972 2785 5043 juxta
2810 4968 3207 5042 apostolicam
3249 4968 3684 5025 institutionem
3708 4982 3839 5023 ora-

2177 5063 2399 5120 tionem
2414 5078 2626 5119 omnes
2649 5061 2710 5117 in
2734 5075 3057 5116 commune
3078 5074 3190 5131 pro
3210 5058 3460 5114 diversis
3479 5056 3841 5113 necessitati-

2176 5152 2292 5207 bus
2306 5150 2563 5207 fundant
2581 5149 2660 5206 ad
2692 5149 3013 5205 Dominum
3035 5163 3145 5221 pro
3168 5146 3412 5218 regibus
3436 5150 3495 5202 et
3517 5145 3638 5218 96
3654 5149 3842 5202 recto-

2174 5240 2343 5297 ribus
2362 5239 2769 5307 ecclesiarum,
2791 5253 2901 5311 pro
2917 5252 3090 5311 pace,
3115 5251 3227 5309 pro
3246 5239 3433 5309 peste,
3451 5250 3563 5308 pro
3583 5233 3841 5291 inﬁrmis

2176 5328 2280 5403 qui
2308 5329 2369 5385 in
2399 5329 2532 5401 ipsa
2560 5327 2868 5401 parmchia
2895 5327 3047 5383 lecto
3086 5323 3479 5393 decumbunt,
3506 5339 3617 5397 pro
3646 5339 3843 5398 nuper

2176 5418 2503 5487 defunctis;
2532 5419 2594 5474 in
2615 5417 2837 5491 quibus
2862 5414 3209 5486 singillatim
3224 5413 3506 5487 precibus
3517 5411 3694 5486 plebs
3703 5429 3839 5471 ora-

2249 5561 2390 5632 (205)
2433 5558 2513 5632 Cf.
2548 5558 2703 5632 infra
2749 5574 2880 5631 cap.
2911 5559 3017 5614 204
3064 5555 3248 5628 hujus
3275 5554 3414 5612 libri
3441 5574 3453 5624 ;
3487 5554 3623 5612 vide
3653 5560 3840 5613 Amu-

2174 5630 2329 5688 lonis
2357 5630 2671 5704 epistolam
2714 5633 2763 5685 1.
