4044 6196
247 157 357 221 225

1202 158 1292 215 DE
1336 160 1619 218 ECCLES.
1662 158 1943 216 DISCIPL.
1988 160 2171 219 LIBRI
2210 166 2375 223 DUO.
2421 200 2489 209 —
2522 170 2719 227 LlB.l.

3580 193 3686 247 226

250 270 482 334 tionem
516 274 887 333 Dominicam
933 278 1048 334 sub
1109 280 1342 340 silentio
1397 284 1579 357 dicat,
1631 286 1914 343 sacerdos
1942 286 1991 339 A
2021 286 2141 357 98
2167 290 2471 364 percipere
2502 309 2611 351 nec
2643 295 2829 353 laudo
2884 313 2994 356 nec
3046 301 3340 377 vitupero,
3401 312 3687 370 omnibus

250 384 396 424 vero
427 366 726 423 orationes
756 367 834 423 ad
863 369 978 425 hoc
1004 372 1368 442 pertinentes
1397 391 1505 448 per
1520 375 1787 446 singulas
1806 376 1913 431 ad-

248 456 613 512 monitiones
644 456 988 514 solemniter
1044 462 1299 534 expleat.
1350 467 1490 521 Post
1539 466 1688 536 haec,
1745 482 1914 522 sacra

248 543 585 623 celebretur
610 544 854 601 oblatio.
885 547 978 604 Ait
1016 549 1177 606 enim
1233 553 1556 625 Apostolus
1590 572 1603 609 :
1662 555 1912 611 Obsecro

247 620 511 703 primum
573 634 841 690 omnium
882 637 1022 705 ﬁeri
1068 642 1386 712 orationes,
1458 643 1909 711 obsecrationes,

248 725 592 795 gratiarum
622 726 905 796 actiones,
938 732 1027 784 etc
1054 729 1115 799 (Ι
1146 732 1293 788 Tim.
1318 734 1402 803 ιι.)

259 815 331 889 Ut
358 815 569 870 nullus
598 815 915 887 presbyter
944 819 1107 875 solus
1126 829 1458 890 praesumat
1490 825 1725 881 missam
1773 840 1911 881 can-

591 908 739 960 tare.
767 904 869 962 Ea-
897 908 1150 965 concilio
1180 910 1568 969 Nannetensi.

326 990 500 1049 CXCI.
536 991 881 1064 (Bcncnxnn.
914 994 1016 1052 lib.
1054 1014 1135 1068 ιιι,
1177 1014 1228 1055 c.
1288 1002 1403 1073 68.)
1455 1001 1729 1059 Deﬁnivit
1780 1019 1913 1059 san-

251 1084 415 1138 ctum
443 1080 764 1138 concilium
792 1089 859 1140 ut
885 1084 1087 1142 nullus
1116 1088 1433 1161 presbyter
1472 1091 1635 1147 solus
1690 1108 1914 1165 praesu-

250 1174 377 1227 mat
402 1170 651 1227 missam
677 1177 917 1229 cantare
948 1175 1119 1247 (206).
1152 1177 1255 1235 Cui
1273 1178 1434 1234 enim
1459 1179 1601 1235 dicit
1624 1181 1912 1238 Dominus

252 1259 572 1325 vobiscum,
606 1264 707 1317 aut
736 1261 991 1319 Sursum
1027 1265 1231 1332 corda,
1264 1267 1368 1321 aut
1399 1267 1641 1324 Gratias
1662 1283 1912 1339 agamus

248 1350 505 1405 Domino
534 1349 652 1405 Deo
681 1356 906 1421 nostro,
940 1368 1080 1409 cum
1117 1354 1319 1410 nullus
1373 1355 1447 1412 sit
1503 1357 1606 1428 qui
1661 1373 1910 1432 respon-

251 1428 565 1493 deat?Aut
587 1437 645 1493 in
676 1442 937 1509 Canone,
971 1447 1026 1498 et
1059 1445 1319 1500 omnium
1365 1442 1907 1515 circumstantium,

2023 379 2227 434 tamen
2256 381 2580 439 Dominicis
2613 382 2831 442 diebus
2862 392 3439 453 communicandum
3458 384 3682 459 hortor.

2027 464 2081 519 Si
2107 469 2306 523 tamen
2326 486 2498 526 mens
2552 472 2615 527 in
2667 473 2884 532 affectu
2938 482 3228 551 peccandi
3278 489 3386 553 est,
3445 492 3686 558 gravari

2025 554 2218 625 magis
2248 554 2386 613 dico
2417 560 2791 618 eucharistiee
2819 568 3203 640 perceptione
3260 554 3683 649 quam—puriﬁ-

2026 643 2168 699 cari.
2202 647 2267 700 Et
2296 645 2431 703 ideo
2462 650 2740 721 quamvis
2751 653 2887 725 quis
2912 662 3160 727 peccato
3178 643 3685 740 mordeatur,pec-

2025 734 2210 789 candi
2241 735 2318 792 de
2345 742 2557 795 caetero
2596 740 2966 800 voluntatem
2994 761 3120 804 non
3168 750 3410 821 habeat,
3443 760 3501 812 et
3524 734 3683 815 com-

2024 822 2441 881 municaturus
2472 828 2793 886 satisfaciat
2837 831 3122 905 lacrymis
3177 843 3233 894 et
3286 843 3681 918 orationibus,

2022 915 2080 966 et
2109 912 2419 971 conﬁdens
2447 917 2521 972 de
2549 918 2653 974 Dei
2691 920 3122 994 misericordia,
3155 930 3408 987 accedat
3461 934 3541 990 ad
3578 912 3683 993 eu;

2024 998 2367 1059 charistiam
2396 1004 2729 1079 intrepidus
2750 1015 2808 1066 et
2834 1028 3099 1070 securus.
3134 1015 3249 1073 Sed
3299 1017 3416 1075 hoc
3468 1020 3543 1076 de
3581 1022 3682 1080 illo

2022 1086 2159 1145 dico
2187 1107 2369 1163 quem
2395 1094 2673 1153 mortalia
2702 1105 2948 1170 peccata
2978 1118 3102 1159 non
3132 1111 3386 1175 gravant
3409 1110 3578 1181 (207).

2164 1199 2311 1254 Item
2353 1207 2596 1258 sanctus
2640 1205 3016 1277 Augustinus
3046 1212 3128 1267 ad
3149 1214 3535 1273 Januarium.

2098 1286 2358 1378 (areret
2393 1290 2561 1378 epist.
2628 1290 2777 1359 118;
2835 1297 3153 1357 Bnncmnn.
3212 1301 3316 1359 lib.
3377 1321 3433 1373 v,
3484 1307 3676 1378 c.16.)

2096 1374 2312 1432 Dixerit
2339 1377 2645 1453 quispiam
2670 1397 2794 1440 non
2820 1388 3087 1458 quotidie
3130 1391 3545 1465 accipiendam
3580 1374 3681 1452 eu-

2021 1464 2392 1536 charistiam,
2418 1467 2571 1525 alius
2610 1471 2870 1531 afﬁrmet
2916 1478 3204 1548 quotidie.
3260 1464 3455 1541 Faciat
3500 1502 3680 1542 unus-

251 1542 394 1582 cum
414 1543 592 1584 nemo
620 1528 778 1584 adsit
806 1529 834 1584 ?
862 1533 976 1587 Aut
1004 1548 1186 1605 quem
1215 1532 1423 1620 invitat
1446 1534 1525 1591 ad
1555 1536 1908 1608 orationem,
2020 1554 2280 1626 quisque
2310 1528 2475 1628 φίοά
2506 1528 2840 1618 secundum
2879 1528 3062 1623 ﬁgam
3117 1585 3292 1625 suam
3343 1528 3455 1644 pi:
3493 1576 3681 1632 credit

251 1631 386 1644 num
419 1616 556 1644 Ᾱέηξι
588 1618 831 1644 num-.-
891 1636 1019 1644 ---μ
1055 1621 1251 1644 ..--11---
1284 1622 1354 1644 ,ει
1383 1622 1475 1644 ..με
1505 1643 1514 1644 κ
1540 1641 1555 1644 -
1577 1642 1694 1644 -_i,,-
1746 1642 1757 1644 _
1781 1630 1857 1644 ..Αι
1881 1627 1910 1644 n
1946 1639 1986 1644 _
2192 1642 2197 1644 .

246 1631 390 1671 cum
417 1616 558 1672 dicit
587 1618 850 1687 Oremus,
886 1636 1024 1676 cum
1054 1616 1254 1678 nullus
1282 1622 1356 1678 sit
1375 1622 1480 1697 qui
1500 1641 1705 1682 secum
1734 1627 1910 1683 oret?

2019 1658 2147 1699 esse
2177 1642 2541 1703 faciendum.

247 1707 365 1761 Aut
394 1721 537 1777 ergo
566 1706 684 1763 ista
705 1708 944 1781 penitus
972 1710 1277 1768 reticenda
1298 1717 1454 1781 sunt,
1487 1718 1545 1770 et
1567 1730 1689 1772 non
1711 1716 1908 1773 solum

247 1809 373 1850 non
404 1794 514 1852 erit
541 1796 871 1868 perfectum
902 1799 1286 1873 sacriﬁcium,
1332 1818 1544 1859 verum
1582 1804 1763 1861 etiam
1817 1806 1907 1862 in-

248 1891 467 1951 curret,
498 1884 774 1958 quisquis
804 1885 900 1943 ille
931 1892 1037 1957 est,
1071 1889 1395 1947 terribilem
1422 1893 1816 1950 sententiam:
1843 1897 1913 1952 Si

248 1972 384 2043 quis
416 1974 624 2030 tulerit
653 1975 725 2030 de
754 1976 893 2046 hoc;
916 1978 1085 2035 tollet
1107 1981 1266 2036 Deus
1292 1988 1527 2050 partem
1553 1986 1681 2052 ejus
1709 1985 1781 2041 de
1840 1987 1908 2041 li-

228 2060 360 2117 ’ὀνο
390 2064 525 2118 vita:
558 2063 767 2135 (Apoc.
798 2070 963 2135 xxu).
997 2072 1111 2125 Aut
1139 2071 1188 2126 si
1216 2069 1345 2126 haec
1374 2072 1562 2128 muris
1588 2077 1645 2129 et
1674 2075 1909 2146 parieti-

250 2148 371 2206 bus
395 2152 873 2224 insusurraverit,
904 2157 1295 2216 ridiculosum
1352 2161 1477 2218 erit.
1538 2165 1910 2236 Quapropter

244 2234 597 2311 periculosa
623 2245 966 2317 superstitio
994 2248 1257 2304 maxime
1288 2266 1323 2305 a
1353 2234 1728 2308 monasteriis
1780 2270 1907 2309 mo-

241 2328 582 2389 nachorum
628 2332 1084 2393 exterminanda
1130 2340 1236 2392 est.
1292 2338 1666 2401 Pitaavideant
1704 2345 1905 2396 autem

238 2417 476 2488 praelati
502 2424 568 2476 ut
595 2420 930 2494 presbyteri
954 2422 1018 2477 in
1054 2423 1344 2479 ccenobiis
1369 2431 1786 2498 cooperatores
1804 2430 1909 2486 ha-

239 2504 429 2562 beant
454 2507 517 2562 in
535 2508 932 2566 celebratione
948 2511 1293 2569 missarum.
1318 2512 1376 2570 Si
1403 2514 1540 2586 quis
1560 2515 1689 2571 haec
1716 2520 1909 2573 trans-

238 2607 500 2663 gressus
528 2590 729 2661 fuerit,»
754 2597 834 2653 ab
863 2597 1060 2655 ofﬁcio
1086 2600 1509 2673 suspendatur.

238 2684 359 2754 97
390 2686 479 2741 De
501 2687 865 2756 presbyteris
893 2688 1017 2759 qui,
1048 2690 1351 2747 celebrata
1378 2694 1580 2757 missa,
1604 2710 1723 2751 non
1744 2712 1902 2752 com-

422 2776 753 2831 municant.
788 2777 888 2833 Ex
932 2778 1260 2835 canonibus
1288 2784 1719 2850 apostolorum.

318 2862 510 2918 CXCII.
545 2862 800 2935 (Canon.
830 2867 1182 2937 apostolor.,
1215 2883 1265 2922 c.
1295 2870 1363 2937 9;
1415 2870 1736 2929 BURCHARD.
1792 2873 1897 2931 lib.

241 2966 329 3019 IIl,
352 2966 403 3006 c.
428 2952 542 3022 79.)
572 2950 629 3009 Si
659 2951 794 3024 quis
820 2950 1143 3027 episcopus
1171 2961 1277 3012 aut
1299 2957 1613 3030 presbyter
1640 2965 1745 3017 aut
1769 2961 1898 3020 dia-
1931 2987 1997 3041 ομ

242 3054 436 3095 conus
461 3039 557 3096 vel
585 3039 833 3113 quilibet
855 3057 927 3097 ex
982 3043 1336 3101 sacerdotali
1391 3047 1685 3120 catalogo,
1741 3050 1898 3110 facta

242 3126 547 3184 oblatione
572 3144 697 3184 non
728 3127 1281 3202 communicaverit,
1312 3139 1417 3191 aut
1444 3152 1691 3194 causam
1737 3139 1899 3197 dicat

242 3219 303 3271 et
329 3215 379 3270 si
405 3216 774 3273 rationabilis
800 3218 993 3286 fuerit,
1026 3220 1262 3277 veniam
1292 3230 1696 3297 consequatur
1728 3247 1741 3297 ;
1794 3234 1898 3287 aut

241 3303 297 3359 si
320 3320 444 3360 non
490 3304 721 3375 dixerit,
783 3307 1210 3365 communione
1260 3311 1542 3384 privetur,
1606 3319 1896 3390 tanquam

239 3392 346 3465 qui
371 3393 596 3465 populo
626 3410 813 3450 causa
832 3395 1091 3453 laesionis
1121 3398 1421 3456 exstiterit.

240 3497 411 3564 Quod
422 3499 626 3567 ﬁdeles
641 3501 784 3556 laici
792 3492 1231 3561 communicare
1241 3505 1515 3563 debeant.
1529 3508 1696 3566 Unde
1709 3526 1898 3581 supra

310 3588 532 3645 CXCIII.
563 3589 739 3660 (Can.
768 3590 1110 3660 Apostolor.
1158 3610 1209 3649 c.
1251 3595 1357 3663 10;
1418 3598 1738 3655 Burmann.
1788 3600 1895 3658 lib.

241 3692 311 3747 ιι,
346 3692 398 3732 c.
434 3679 548 3749 67.)
579 3680 799 3734 Omnes
830 3679 1038 3736 ﬁdeles
1069 3682 1381 3740 Christiani
1410 3685 1513 3757 qui
1558 3686 1900 3758 ingrediun-

234 3770 334 3823 tur
354 3765 671 3823 ecclesiam
701 3768 798 3824 die
822 3769 1214 3835 Dominico,et
1243 3774 1575 3845 Scripturas
1600 3778 1903 3848 apostolo«

228 3871 376 3911 rum
402 3860 461 3911 et
490 3856 879 3927 Evangelium
908 3858 1184 3927 audiunt,
1215 3876 1340 3917 non
1378 3866 1580 3919 autem
1634 3880 1899 3937 perseve-

229 3946 373 3999 rant
396 3942 458 3999 in
487 3944 755 4001 oratione
781 3961 974 4019 usque
1003 3946 1154 4003 dum
1182 3947 1370 4006 missa
1395 3955 1738 4023 peragatur,
1784 3970 1896 4011 nec

228 4033 512 4088 sanctam
538 4034 1029 4091 communionem
1057 4035 1413 4108 percipiunt,
1448 4039 1609 4096 velut
1660 4041 1893 4115 inquies-

226 4121 474 4177 tndines
502 4122 764 4180 ecclesiae
795 4129 1243 4183 commoventes
1289 4128 1566 4185 convenit
1622 4146 1895 4189 commu-

224 4210 416 4267 nione
446 4211 687 4284 privari.

863 4304 1030 4362 Unde
1055 4321 1264 4377 supra.

2573 1652 2773 1722 Neque
2799 1654 2959 1710 enim
2991 1655 3375 1727 litigaverunt
3400 1661 3551 1718 inter
3589 1680 3673 1728 se,

2017 1737 2121 1788 aut
2144 1733 2473 1806 quisquam
2497 1752 2707 1794 eorum
2736 1757 2801 1796 se
2832 1741 2995 1799 alteri
3020 1749 3367 1818 praeposuit,
3393 1750 3675 1808 Zachaeus

2018 1825 2075 1876 et
2102 1820 2197 1877 ille
2228 1823 2516 1892 centurio,
2549 1842 2689 1882 cum
2720 1828 2867 1886 alter
2894 1847 3105 1888 eorum
3133 1836 3406 1904 gaudens
3450 1837 3514 1894 in
3563 1839 3672 1896 do-

2019 1926 2119 1966 mo
2149 1926 2261 1967 sua
2290 1914 2620 1986 susceperit
2648 1918 2970 1975 Dominum
3000 1922 3163 1991 (Luc.
3204 1926 3344 1996 xu),
3405 1926 3552 1983 alter
3589 1928 3674 1984 di-

2017 1999 2164 2055 xerit
2193 2000 2501 2072 :Domine,
2534 2019 2653 2060 non
2678 2008 3056 2080 sum.dignus
3087 2018 3153 2067 ut
3178 2015 3364 2071 intres
3407 2017 3517 2072 sub
3560 2023 3672 2075 tec-

2019 2096 2144 2145 tum
2172 2106 2363 2148 meum
2389 2092 2631 2162 (Matth.
2666 2096 2823 2167 vui);
2856 2098 3040 2155 ambo
3080 2101 3449 2161 Salvatorem
3488 2106 3673 2164 hono-

2016 2179 2338 2247 riﬁcantes,
2369 2183 2651 2252 quamvis
2683 2200 2803 2241 non
2837 2204 2959 2244 uno
2988 2189 3194 2259 modo,
3226 2194 3410 2251 ambo
3467 2212 3675 2268 pecca-

2018 2267 2090 2322 tis
2120 2266 2343 2332 miseri,
2373 2269 2556 2325 ambo
2587 2270 3063 2332 misericordiam
3083 2282 3409 2337 consecuti.
3442 2266 3526 2338 Ᾰό
3558 2284 3672 2339 hoc

2021 2355 2175 2412 valet
2190 2356 2364 2428 quod
2394 2373 2623 2427 manna
2648 2362 2982 2419 secundum
3040 2368 3348 2439 propriam
3403 2370 3672 2430 volunta-

2016 2448 2137 2499 tem
2167 2443 2227 2499 in
2258 2460 2359 2500 ore
2391 2446 2685 2519 cujusque
2710 2450 2999 2522 sapiebat.

2123 2552 2211 2607 De
2233 2551 2551 2609 eadem‘re.
2595 2554 2696 2611 Ex
2723 2558 2975 2626 epistola
3023 2561 3344 2620 Clementis
3365 2581 3560 2637 papae.

2089 2657 2282 2713 CXCV.
2315 2658 2614 2737 (βιιςιιεκδ,
2648 2662 2816 2731 epist.
2875 2668 2949 2733 2;
3006 2669 3287 2725 [tenemus
3345 2673 3665 2742 Curiensis,

2011 2761 2062 2801 c.
2103 2745 2120 2798 l
2150 2745 2469 2801 Buncmnn.
2496 2746 2600 2803 lib.
2626 2766 2681 2817 v,
2712 2766 2762 2805 c.
2802 2751 2911 2823 ll.)
2942 2753 3107 2811 Certe
3167 2762 3334 2815 tanta
3394 2760 3452 2816 in
3478 2762 3669 2833 altari

2007 2834 2363 2891 holocausta
2390 2836 2720 2895 offerantur
2736 2846 2966 2913 quanta
2991 2845 3222 2918 populo
3253 2849 3525 2907 sufﬁcere
3570 2853 3668 2909 de-

2008 2922 2210 2979 beant.
2244 2924 2417 2989 Quod
2447 2925 2494 2980 si
2522 2929 2940 2998 remanserint,
2972 2931 3031 2988 in
3058 2936 3388 2994 crastinum
3414 2955 3539 2996 non
3579 2957 3667 2998 re-

2009 3017 2339 3081 serventur,
2371 3015 2491 3086 99
2512 3016 2620 3072 sed
2650 3034 2788 3073 cum
2818 3018 3029 3078 timore
3060 3027 3118 3079 et
3144 3029 3400 3083 tremore
3428 3028 3666 3087 clerico-

2008 3116 2143 3156 rum
2172 3100 2479 3171 diligentia
2507 3112 3025 3165 consummantur.
3058 3112 3166 3176 Qui
3195 3120 3396 3171 autem
3426 3117 3666 3175 residua

2008 3189 2277 3262 corporis
2305 3190 2559 3261 Domini,
2591 3209 2727 3267 qute
2752 3195 2812 3251 in
2840 3199 3101 3255 sacrario
3116 3201 3318 3259 relicta
3338 3211 3495 3276 sunt,
3527 3223 3666 3263 con-

2010 3283 2277 3347 sumunt,
2300 3295 2425 3336 non
2454 3281 2649 3338 statim
2682 3283 2760 3339 ad
2803 3301 3157 3345 communes
3206 3294 3534 3351 sumendos
3583 3296 3666 3352 ci-

2007 3368 2120 3424 bos
2152 3370 2531 3437 conveniant,
2566 3387 2674 3427 nec
2701 3379 2913 3445 putent
2941 3382 3160 3433 sancta),
3200 3380 3459 3452 portioni
3498 3399 3663 3441 com-

2008 3456 2255 3511 miscere
2284 3456 2488 3512 cibum
2517 3458 2617 3530 qui
2648 3475 2756 3531 per
2779 3462 3089 3518 cuniculos
3128 3465 3397 3535 digestus
3457 3470 3515 3525 in
3572 3487 3664 3527 se-

2008 3560 2241 3600 cessum
2274 3545 2558 3601 emittitur
2589 3549 2754 3618 (208).
2787 3550 2842 3605 Si
2892 3550 3072 3620 igitur
3124 3571 3302 3611 mane
3356 3558 3667 3615 Dominica

2006 3633 2349 3706 porrigitur,
2378 3650 2573 3705 usque
2600 3635 2680 3689 ad
2710 3641 2939 3692 sextam
2962 3640 3235 3709 jejunent
3258 3644 3525 3700 ministri
3559 3648 3665 3718 qui

2006 3737 2143 3779 eam
2173 3722 2673 3795 consumpserint,
2707 3728 2764 3780 et
2794 3725 2842 3779 si
2884 3728 3054 3783 tertia
3103 3729 3198 3784 vel
3245 3737 3461 3802 quarta
3516 3735 3665 3792 hora

2006 3810 2363 3884 acceperint,
2390 3810 2665 3883 jejunent
2694 3829 2887 3886 usque
2914 3815 3019 3871 ad
3044 3833 3383 3891 vesperam.
3427 3822 3518 3879 Sic
3579 3841 3666 3881 se-

2007 3905 2167 3956 creta
2225 3898 2690 3959 sanctiﬁcatione
2766 3906 2984 3961 aeterna
3055 3908 3447 3973 custodienda
3526 3918 3665 3971 sunt

2006 3992 2401 4047 sacramenta.

2276 4097 2378 4154 Ea:
2410 4097 2886 4169 Capitularibus,
2922 4102 3023 4159 lib.
3062 4120 3265 4176 t,,cap.
3304 4111 3392 4164 32.

2075 4201 2261 4291 (Lib:
2292 4203 2660 4275 Capitular.,
2690 4205 2841 4276 138.)
2872 4212 2940 4266 Ut
2970 4226 3182 4285 omnes
3230 4213 3439 4291 ﬁdeles
3493 4232 3657 4274 com-

2000 4289 2326 4359 municent,
2358 4294 2416 4348 et
2444 4291 2525 4348 ad
2552 4292 2772 4352 missas
2793 4304 3139 4371 exspectent
3164 4289 3411 4359 ﬁnalem
3450 4304 3661 4390 depre-

266 4392 269 4393 ⁷
304 4391 649 4464 (Buacmnn.
673 4392 777 4450 lib.
810 4410 872 4463 ιι,
901 4410 955 4450 c.
974 4396 1444 4470 68.)Omnesqui
1471 4398 1893 4470 ingrediuntur
1929 4378 1972 4399 υ
2001 4378 2295 4436 “tionem
2326 4379 2495 4453 (209)'

227 4479 551 4537 ecclesiam
572 4482 670 4539 Dei
698 4487 753 4538 et
783 4482 1117 4556 Scripturas
1145 4490 1383 4543 sanctas
1405 4488 1678 4558 audiunt,
1693 4507 1890 4565 neque

228 4570 686 4628 communicant
703 4571 765 4628 in
781 4573 1050 4629 oratione
1080 4589 1219 4630 cum
1236 4576 1484 4648 populo,
1504 4578 1607 4634 sed
1619 4595 1730 4653 pro
1744 4597 1893 4655 qua-

225 4659 382 4716 dam
391 4660 855 4735 intemperantia
866 4678 928 4718 se
943 4679 981 4721 a
994 4664 1373 4737 perceptione
1390 4673 1613 4724 sanctm
1625 4676 1821 4727 comm
1829 4687 1894 4727 u-

224 4750 431 4807 nionis
462 4755 757 4820 avertunt,
788 4752 851 4808 hi
880 4752 955 4808 de
985 4752 1234 4809 ecclesia
1261 4762 1684 4814 removeantur
1694 4775 1891 4831 quan-

227 4837 336 4896 din
346 4854 457 4913 per
470 4839 912 4898 confessionem
928 4841 1291 4915 pmnitentiae
1311 4842 1539 4901 fructus
1550 4848 1887 4906 ostendant.

227 4929 317 4985 De
340 4928 661 5000 diligentia
690 4932 958 5001 corporis
986 4931 1249 4988 Domini.
1285 4932 1387 4989 Ea:
1435 4933 1783 5003 deﬁnitione
1804 4953 1894 4997 ec-

622 5039 1090 5096 clesiasticarum
1118 5039 1485 5112 dogmatum.

298 5142 521 5200 CXCIV.
553 5142 896 5214 (Buacmnn.
931 5145 1031 5202 lib.
1065 5162 1119 5214 v,
1151 5160 1202 5202 c.
1235 5145 1321 5215 15,
1353 5150 1410 5204 et
1438 5146 1572 5204 dist.
1602 5153 1633 5204 2
1654 5149 1728 5207 de
1755 5164 1891 5207 con-

223 5245 403 5300 secr.,
432 5247 485 5288 c.
520 5235 635 5302 13.)
662 5234 935 5300 Quotidie
977 5232 1349 5292 eucharistiae
1396 5236 1888 5296 communionem

301 5408 450 5486 (206)
472 5408 616 5486 Yide
643 5408 866 5486 librum
895 5428 927 5467 v
954 5410 1403 5486 Capitularium,
1436 5428 1569 5486 cap.
1598 5417 1686 5469 93.

295 5480 444 5557 (207)
476 5480 619 5557 Vide
650 5480 1129 5557 Hincmarum'in
1152 5480 1564 5557 ﬁne‘epistolie
1588 5487 1679 5557 (ιο.

295 5550 459 5679 (203)3
498 5551 641 5608 Vide
696 5550 1012 5627 epistolam
1058 5553 1297 5612 Rabani
1335 5550 1417 5613 ad
1477 5554 1881 5625 Heribaldum,

218 5638 364 5696 cap.
460 5661 484 5683 .

2528 4491 2631 4547 Ex
2664 4492 2764 4548 lib.
2792 4508 2854 4560 ιι,
2882 4508 3014 4563 cap.
3045 4498 3132 4552 34.

2076 4595 2353 4665 (Concil:
2377 4594 2651 4653 Cabilon.
2682 4613 2743 4667 ιι,
2775 4613 2826 4654 c.
2849 4600 2918 4655 46
2945 4617 2959 4666 ;
2985 4598 3089 4656 lib.
3125 4615 3163 4656 ιι
3195 4600 3558 4671 Capitular.,
3601 4619 3651 4660 c.

2001 4686 2111 4752 40;
2148 4686 2466 4741 Buacnxan.
2494 4684 2597 4741 lib.
2620 4702 2677 4755 v,
2706 4701 2757 4742 c.
2798 4688 2901 4759 14.)
2931 4691 2994 4743 In
3018 4689 3397 4762 perceptione
3448 4706 3655 4766 corpo-

1999 4772 2081 4829 ris
2111 4777 2169 4829 et
2198 4774 2509 4844 sanguinis
2541 4775 2832 4832 Dominici
2874 4792 3100 4848 magna
3154 4778 3431 4836 discretio
3488 4781 3655 4839 adhi-

1996 4861 2199 4918 benda
2227 4866 2333 4918 est.
2361 4863 2706 4920 Cavendum
2729 4864 2890 4921 enim
2920 4870 3007 4922 est
3047 4882 3124 4922 ne
3183 4866 3234 4922 si
3286 4868 3551 4927 nimium‘
3590 4871 3652 4929 in

1992 4949 2245 5021 longum
2266 4949 2592 5020 differatur,
2622 4952 2702 5008 ad
2722 4953 3047 5026 perniciem
3076 4954 3294 5013 animae
3339 4960 3649 5033 pertineat,

1993 5040 2226 5097 dicente
2257 5040 2512 5096 Domino
2542 5060 2555 5097 :
2590 5042 2729 5098 Nisi
2749 5044 3259 5103 manducaveritis
3286 5063 3524 5110 carnem
3544 5052 3651 5109 Fi-

1994 5131 2068 5187 lii
2088 5130 2366 5193 hominis,
2387 5135 2443 5185 et
2475 5130 2739 5187 biberitis
2768 5134 2897 5202 ejus
2925 5137 3301 5208 sanguinem,
3328 5155 3447 5196 non
3474 5142 3649 5199 habe—

1993 5220 2130 5276 bitis
2161 5220 2345 5276 vitam
2380 5219 2443 5274 in
2481 5218 2641 5275 vobis
2674 5222 2868 5301 (Joan.
2897 5223 2998 5295 v1).
3047 5224 3104 5281 Si
3158 5241 3302 5283 vero
3335 5228 3648 5288 indiscrete

1992 5308 2340 5381 accipiatur,
2360 5305 2697 5366 timendum
2723 5313 2811 5366 est
2829 5309 2977 5369 illud
2994 5315 3159 5387 quod
3190 5317 3270 5373 ait
3291 5319 3645 5390 Apostolus:

2064 5485 2218 5565 (209)
2244 5488 2321 5565 ln_
2331 5485 2639 5565 codicibus
2661 5489 3045 5565 Rivipullensi
3073 5493 3646 5565 etColbertino,tum

1993 5555 2486 5637 etiam_'_in_Re_gio,
2522 5576 2595 5616 ex
2648 5555 3020 5637 quo'prima
3058 5564 3255 5629 editio
3302 5555 3645 5625 Parisiénsis

1994 5628 2235 5702 prodiit,
2261 5627 2495 5701 legitur,
2521 5627 2863 5703 exspectent
2891 5636 3018 5691 sine
3045 5637 3171 5693 alia
3209 5638 3638 5708 deprecatione.
