4044 6196
390 182 513 241 ’227

1522 176 1896 237 REGINONIS
1938 174 2357 237 PRUMIENSIS
2393 179 2684 237 ABBATIS

3730 181 3833 237 228

413 306 531 378 Qui
550 308 881 365 manduca!
904 310 957 362 et
982 303 1124 361 bibit
1153 300 1737 376 2ndigne,judicium
1762 302 1879 361 sibi
1898 315 2065 359 man-
2090 306 2146 362 Α
2180 302 2412 361 Domini
2444 304 2737 372 nesciunt,
2780 298 2841 359 id
2896 308 2985 360 est
3034 303 3373 360 discernere
3427 301 3579 360 inter
3630 304 3834 361 cibum

412 392 596 453 ducat
625 396 685 467 (I
710 394 847 451 Cor.
878 390 979 466 xx).
1018 392 1188 449 quta
1218 390 1491 465 ejusdem
1532 387 1806 466 Apostoli
1858 408 2068 448 vocem

414 484 672 559 probare
699 490 761 539 se
790 478 966 540 debet
992 480 1198 552 homo,
1231 484 1289 539 et
1326 478 1408 539 sic
1437 478 1512 539 de
1536 499 1696 556 pane
1745 476 1839 538 ille
1880 478 2020 538 edat
2052 500 2065 550 ;

413 576 479 631 ut
495 566 765 631 videlicet
784 570 1092 630 abstinens
1119 564 1348 648 aliquot
1380 566 1593 629 diebus
1652 570 1731 629 ab
1783 568 2067 645 operibus

413 662 629 733 carnis,
684 666 741 719 et
799 658 1127 735 puriﬁcans
1185 676 1402 736 corpus
1451 661 1840 736 animamque
1897 660 2068 734 100

413 764 586 810 suam
622 772 634 821 ;
666 754 965 826 praeparet
991 761 1052 808 se
1081 751 1160 809 ad
1191 750 1646 826 percipiendum
1699 756 1931 808 tantum
1983 765 2071 804 sa—

412 845 812 909 cramentum,
838 839 1116 914 exemplo
1148 834 1339 897 David
1368 842 1383 902 (
1390 842 1427 896 Ι
1446 840 1590 912 Reg.
1640 839 1750 912 2t),
1806 838 1911 913 qui
1959 836 2071 893 nisi

410 928 721 988 confeSSus
752 926 962 986 fuisset
1012 928 1376 985 abstinuisse
1433 930 1600 1003 [edit
1660 926 2070 996 Helmarstad.,

410 1012 621 1075 fuisset
650 1014 1098 1089 abstinentiam]
1128 1012 1205 1075 ab
1228 1034 1408 1093 opere
1453 1016 1758 1091 conjugali
1810 1014 1889 1072 ab
1939 1013 2069 1072 beri

413 1110 471 1164 et
492 1103 947 1177 nudiustertius,
974 1120 1366 1179 nequaquam
1399 1120 1587 1180 panes
1642 1102 2072 1179 propositionis

413 1212 451 1253 a
481 1195 789 1253 sacerdote
822 1194 1168 1269 accepisset.

965 1285 1066 1341 Er
1091 1280 1291 1341 eodem
1320 1282 1494 1341 libro.

482 1373 631 1444 (Lib.
657 1390 697 1430 ιι
728 1375 1072 1445 Capitular.
1108 1389 1158 1430 c.
1180 1376 1251 1431 45
1278 1390 1291 1441 ;
1327 1375 1646 1431 Buncnnn.
1676 1373 1779 1430 lib.
1808 1389 1866 1439 v,
1886 1388 1938 1428 c.
1963 1371 2071 1443 l7.)

412 1466 484 1520 Ut
503 1463 555 1519 si
583 1478 708 1519 non
739 1464 1128 1537 frequentius,
1157 1461 1248 1519 vel
1268 1466 1355 1519 ter
1382 1460 1517 1519 laici
1541 1461 1888 1520 hominesin
1913 1475 2075 1517 anno

414 1552 887 1622 communicent,
919 1552 1036 1607 nisi
1068 1551 1215 1608 forte
1244 1552 1380 1624 quis
1409 1551 1745 1624 majoribus
1778 1547 2073 1625 quibusli-

2178 392 2502 468 spiritalem
2534 398 2591 450 et
2610 392 2951 451 carnalem:
3012 390 3180 467 quod
3227 396 3525 466 quantum
3559 391 3634 451 sit
3669 396 3836 451 omni

2178 480 2590 540 ecclesiasticae
2617 479 2887 554 religioni
2908 480 3295 551 contrarium,
3330 481 3519 554 pietas
3566 479 3834 539 ﬁdelium

2178 571 2359 628 novit.
2396 570 2560 628 Unde
2591 570 2876 627 omnibus
2908 570 3272 644 presbyteris
3309 558 3724 628 interdicimus
3775 578 3837 629 ut

2178 660 2377 718 nullus
2404 660 2796 734 imposterum
2847 656 3017 732 102
3066 659 3180 716 hoc
3211 660 3405 717 facere
3462 664 3834 735 praesumat;

2180 751 2280 807 sed
2314 755 2415 806 aut
2444 750 2571 823 ipse
2598 766 2735 806 cum
2761 749 3091 806 reverentia
3149 748 3369 821 sumat,
3424 754 3528 807 aut
3576 748 3835 808 diacono

2180 834 2271 895 vel
2289 834 2681 904 subdiacono,
2699 838 2805 912 qui
2823 837 3074 897 ministri
3095 838 3296 895 altaris
3321 844 3479 912 sunt,
3504 838 3841 911 colligenda

2180 929 2393 985 tradat.
2429 927 2576 984 Illud
2602 925 2780 985 etiam
2803 925 3073 985 attendat
3094 932 3158 984 ut
3182 945 3284 985 eos
3347 930 3594 1003 propria
3650 947 3840 988 manu

2181 1022 2318 1074 ante
2348 1019 2768 1075 communicet.
2797 1018 2949 1075 Nulli
2979 1022 3182 1075 autem
3226 1017 3381 1075 laico
3435 1020 3540 1076 aut
3592 1018 3833 1076 feminae

2182 1105 2604 1165 eucharistiam
2633 1107 2693 1163 in
2715 1105 3001 1164 manibus
3028 1105 3348 1181 ponat,sed
3384 1109 3617 1166 tantum
3646 1108 3707 1165 in
3736 1126 3840 1166 ore

2182 1214 2321 1253 cum
2349 1194 2441 1253 his
2469 1195 2667 1253 verbis
2703 1214 2715 1252 :
2751 1196 2981 1268 Corpus
3011 1202 3067 1253 et
3088 1198 3335 1271 sanguis
3360 1196 3603 1255 Domini
3647 1201 3843 1269 prosit

2185 1286 2295 1343 tibi
2321 1285 2403 1343 ad
2431 1286 2831 1344 remissionem
2855 1293 3244 1357 peccatorum
3272 1292 3326 1343 el
3358 1287 3443 1345 ad
3464 1287 3647 1346 vitam
3675 1295 3842 1346 aster-

2186 1390 2346 1432 nam.
2380 1375 2436 1432 Si
2466 1374 2602 1450 quis
2640 1372 2765 1430 haec
2798 1377 3207 1446 transgressus
3239 1373 3430 1443 fuerit,
3464 1375 3610 1449 quia
3651 1378 3841 1433 Deum

2184 1460 2658 1538 omnipotentem
2685 1463 3013 1522 contemnit
3041 1466 3098 1521 et
3126 1468 3427 1538 quantum
3455 1464 3517 1521 in
3568 1464 3702 1540 ipso
3754 1471 3844 1523 est

2183 1548 2527 1622 inhonorat,
2559 1553 2637 1609 ab
2668 1552 2840 1610 altari
2865 1556 3267 1610 removeatur.

414 1641 518 1697 bet
540 1638 892 1697 criminibus
920 1640 1303 1712 impediatur,
1335 1639 1398 1697 id
1422 1645 1510 1698 est
1533 1641 1595 1697 in
1624 1638 1873 1711 Pascha,
1907 1641 2078 1697 Nata-
2103 1632 2153 1717 ’Β
2190 1642 2263 1700 Ui
2288 1644 2477 1700 omnis
2506 1639 2820 1714 presbyter
2844 1643 2949 1716 qui
2975 1642 3285 1700 ecclesiam
3332 1644 3508 1716 regit,
3569 1641 3845 1701 "turibu-

414 1728 461 1785 li
490 1728 727 1786 Domini
754 1732 814 1785 et
842 1732 1246 1786 Pcntecosten.

622 1820 710 1875 De
731 1817 1099 1888 presbyteris
1125 1819 1232 1891 qui
1258 1830 1379 1875 non
1411 1819 1874 1876 communicant.

491 1904 640 1978 (Lib.
674 1924 691 1961 1
722 1908 1073 1976 Capitular.
1106 1918 1156 1962 c.
1188 1908 1222 1961 6
1249 1950 1263 1973 ,
1295 1906 1615 1965 Βιτιιοιιιιιιθ.
1638 1906 1741 1963 lib.
1770 1920 1855 1964 ιιι.
1886 1923 1936 1964 c.
1962 1909 2079 1975 78.)

417 1995 703 2051 Auditum
726 1998 819 2051 est
839 1995 1076 2069 aliquos
1102 1995 1486 2068 presbyteros
1508 1995 1757 2053 missam
1781 1994 2080 2052 celebrare

414 2087 475 2141 ei
500 2096 628 2142 non
654 2083 1136 2152 communicare,
1164 2082 1330 2157 quod
1350 2081 1603 2142 omnino
1634 2085 1697 2140 in
1744 2084 2080 2142 canonibus

414 2172 839 2247 apostolorum
860 2172 1240 2229 interdictum
1259 2184 1389 2229 esse
1408 2171 1748 2245 κείω-,ι’θὶ
1768 2171 2080 2246 quomodo

417 2260 616 2317 dicere
646 2264 803 2316 mete
832 2262 1047 2332 potest,
1075 2260 1129 2316 si
1152 2273 1277 2317 non
1289 2259 1840 2328 communicaverit,
1863 2260 2078 2332 Sump-

414 2346 624 2420 eimus,
655 2350 925 2418 Domine,
947 2354 1350 2420 sacramenta,
1380 2352 1669 2407 etcaetew
1700 2350 1870 2420 (210).

418 2440 507 2495 Ne
528 2440 787 2509 populus
843 2436 1162 2510 antequam
1216 2440 1397 2496 missa
1438 2440 1711 2509 ﬁniatur,
1736 2440 1809 2497 de
1829 2439 2079 2496 ecclesia

654 2529 1022 2599 egrediatur.
1051 2531 1151 2585 Ea:
1176 2530 1434 2587 concilio
1461 2531 1829 2588 Arelatensi.

491 2620 713 2676 CXCVI.
745 2618 1001 2687 (Coucil.
1040 2619 1358 2676 Aurelian.
1392 2633 1432 2688 ι,
1490 2636 1543 2675 c.
1586 2624 1693 2686 26;
1757 2621 2072 2675 Benacus.

414 2705 521 2761 lib.
558 2722 639 2775 ιιι,
673 2721 724 2761 c.
747 2709 864 2775 2ο.)
898 2710 1046 2764 Cum
1061 2706 1142 2763 ad
1164 2707 1590 2765 celebrandam
1614 2706 1870 2764 missam
1893 2708 1956 2765 in
1977 2707 2079 2766 Dei

420 2794 666 2851 nomine
694 2794 1068 2864 convenitur,
1128 2795 1392 2868 populus
1447 2812 1573 2852 non
1622 2800 1762 2853 ante
1812 2796 2081 2853 discedat

418 2900 606 2957 quam
636 2885 837 2940 Missae
869 2884 1219 2941 solemnitas
1249 2885 1623 2958 compleatur
1650 2903 1665 2953 ;
1695 2890 1756 2942 et
1782 2886 1889 2942 ubi
1917 2885 2076 2958 epis-

419 2987 608 3044 copus
626 2971 804 3029 fuerit
831 2972 1001 3044 (211),
1044 2972 1527 3033 benedictionem
1578 2974 1835 3048 accipiat
1880 2991 2080 3033 sam-

421 3059 596 3116 dotis.

428 3150 595 3221 ιοι
628 3150 719 3206 De
769 3150 973 3208 eadem
1022 3152 1257 3279 rec:an
1294 3150 1555 3279 familia
1583 3152 2077 3225 (lactucam,

1078 3237 1259 3293 capit.
1294 3237 1418 3280 147.

494 3305 741 3367 CXCVII.
794 3310 1043 3382 (Concil.
1083 3312 1376 3383 Carthag.
1428 3329 1505 3380 ιν,
1538 3327 1593 3368 c.
1622 3315 1727 3380 24;
1760 3314 2077 3369 Bunannn.

416 3394 520 3454 lib.
548 3414 610 3467 ιι,
629 3414 680 3454 c.
711 3398 825 3470 66.)
849 3399 1165 3456 Sacerdote
1184 3399 1511 3458 inecclesia
1537 3401 1790 3458 verbum
1804 3400 2080 3469 faciente,

417 3486 524 3560 qui
554 3502 834 3558 egressus
857 3487 932 3545 de
964 3487 1260 3546 auditorio
1286 3488 1479 3555 fuerit,
1504 3489 2075 3547 excommunicetur.

422 3572 497 3633 Ut
525 3577 864 3636 sacrarium
889 3579 1169 3636 mulieres
1196 3592 1319 3637 non
1343 3580 1671 3639 introeant.
1702 3580 1802 3637 Ex
1823 3581 2074 3637 concilio

1073 3666 1434 3726 Laodiceae.

384 3825 395 3833 ν
487 3754 752 3813 CXCVIII.
788 3756 1040 3828 (Concil.
1071 3757 1316 3814 Laodic.
1350 3775 1402 3814 c.
1434 3761 1549 3827 44;
1606 3756 1930 3815 Bonorum.
1966 3757 2072 3814 lib.

417 3860 504 3918 ιιι,
532 3860 583 3900 c.
615 3842 759 3917 100.)
788 3838 959 3910 Quod
987 3860 1113 3901 non
1137 3850 1409 3919 oporteat
1435 3846 1717 3903 mulieres
1741 3846 1974 3918 ingredi
1999 3846 2081 3904 ad

384 3928 391 3935 ’
417 3928 626 4002 altare,
658 3936 717 3989 et
744 3948 818 3989 ea
849 3932 1192 4005 contingere
1222 3952 1357 4008 quae
1400 3935 1667 4016 virorum
1720 3935 1932 3994 ofﬁciis
1981 3936 2081 3993 de-

417 4025 629 4094 putata
655 4025 795 4078 sunt
814 4021 984 4094 (212).

830 4104 931 4168 Ea:
958 4110 1212 4183 epistola
1238 4108 1452 4171 Leonis
1466 4129 1664 4186 papa.

490 4199 767 4267 (Decreta
795 4200 997 4259 Geras.
1023 4214 1076 4261 c.
1107 4200 1175 4260 26
1203 4218 1218 4272 ;
1250 4198 1570 4261 Βὶιιιοιυιιιι).
1603 4202 1708 4261 lib.
1741 4216 1832 4275 ιιι,
1865 4202 2073 4276 c.101.)

417 4284 817 4347 Nihilominus
838 4288 1255 4365 impendenter
1283 4288 1628 4350 audivimus
1658 4296 1889 4350 tantum
1936 4290 2077 4348 divi-

2392 1732 2515 1788 lum
2546 1739 2599 1789 et
2631 1735 2936 1789 incensum
2962 1730 3198 1790 habeat.
3231 1730 3398 1789 Unde
3424 1746 3630 1804 supra.

2258 1820 2365 1879 CC.
2395 1824 2734 1891 (BURCHARD.
2768 1821 2870 1879 lib.
2904 1839 2988 1891 ιιι,
3013 1838 3064 1878 c.
3089 1824 3215 1892 227,
3248 1839 3323 1880 ex
3341 1822 3593 1880 concilio
3624 1820 3843 1880 Βουλο-

2186 1928 2369 1984 mag.,
2397 1929 2449 1969 c.
2483 1912 2552 1985 1.)
2586 1912 2654 1969 Ut
2684 1914 2951 1986 tempore
2981 1926 3105 1985 quo
3160 1911 3549 1983 Evangelium
3602 1909 3840 1984 legitur,

2185 2006 2241 2058 et
2270 2001 2437 2058 ﬁnito
2458 2000 2777 2070 oil‘ertorio,
2811 2017 2991 2075 super
3016 1999 3385 2058 oblationem
3414 2002 3753 2072 incensum,
3780 2006 3844 2058 ut

2185 2091 2247 2148 in
2274 2094 2524 2148 mortem
2551 2089 2825 2148 videlicet
2855 2088 3287 2164 Redemptoris,
3310 2094 3589 2164 ponatur.

2184 2201 2273 2256 De
2292 2199 2726 2269 praedicatione
2734 2199 3248 2269 presbyterorum.
3265 2198 3365 2256 Ex
3387 2198 3657 2270 Capitul.
3678 2198 3840 2266 lib.r,

2909 2287 3003 2342 tit.
3035 2291 3124 2343 76.

2255 2397 2386 2453 CCI.
2417 2396 2566 2469 (Lib.
2592 2412 2615 2453 ι
2640 2395 2985 2465 capitulum
3019 2412 3071 2450 c.
3104 2399 3220 2463 82.)
3249 2393 3366 2453 Sed
3407 2398 3466 2453 et
3515 2394 3840 2468 unicuique

2187 2492 2451 2543 vestrum
2478 2484 2809 2542 videndum
2837 2487 2946 2555 est,
2977 2483 3348 2543 dilectissimi
3372 2489 3434 2541 et
3461 2483 3839 2541 venerabiles

2185 2580 2457 2649 pastores
2478 2574 2867 2632 ecclesiarum
2889 2573 3011 2642 Dei,
3040 2577 3108 2630 ut
3131 2572 3465 2647 presbyteri
3490 2588 3649 2646 quos
3694 2590 3844 2646 pro-

2185 2665 2369 2723 mittis
2400 2681 2508 2739 per
2532 2664 2874 2738 parcentes
2900 2667 3129 2721 vestias
3149 2663 3230 2721 ad
3257 2663 3591 2735 regendum
3616 2667 3841 2736 etpra-

2185 2755 2513 2813 dicandum
2544 2770 2651 2827 per
2678 2752 2966 2810 ecclesias
2996 2752 3293 2827 populum
3328 2752 3452 2820 Dei,
3481 2756 3548 2808 ut
3591 2752 3843 2810 honeste

2182 2846 2528 2919 praedicent,
2558 2849 2617 2903 et
2641 2858 2766 2901 non
2794 2843 3006 2900 sinatis
3035 2859 3195 2900 nova
3222 2842 3316 2900 vel
3370 2856 3497 2900 non
3548 2842 3845 2900 canonica

2186 2934 2420 3007 aliquos
2442 2933 2670 3004 [Editie
2693 2932 3108 3029 Hebmcetad._,
3140 2947 3303 2988 nova
3317 2934 3425 2988 aut
3438 2929 3664 3029 inusita
3677 2929 3842 3004 aliq.)

2111 3018 2151 3072 C
2183 3038 2257 3080 ex
2286 3039 2399 3080 suo
2422 3036 2610 3080 sensu
2636 3026 2696 3078 et
2718 3034 2842 3078 non
2870 3019 3210 3078 secundum
3247 3033 3450 3078 cauas
3506 3018 3845 3092 Seriphius

2183 3112 2412 3182 ﬁngere
2436 3114 2498 3168 et
2524 3109 2853 3184 praedicare
2911 3108 3162 3182 populo.
3219 3108 3335 3166 Sed
3382 3112 3445 3165 et
3488 3107 3842 3180 veameﬁpsi

2184 3201 2371 3269 utilia,
2398 3201 2658 3258 honesta
2685 3204 2742 3257 et
2762 3202 2944 3270 recta,
2976 3202 3035 3255 et
3062 3214 3201 3272 quae
3248 3198 3330 3255 ad
3375 3198 3563 3255 vitam
3616 3197 3845 3255 ducant

2182 3296 2490 3359 aeternam,
2512 3290 2883 3365 pradicate;
2924 3288 3079 3346 alios
3133 3302 3379 3362 quoque
3432 3287 3729 3356 instante,
3781 3292 3843 3343 ut

2184 3381 2313 3438 haec
2334 3380 2549 3438 eadem
2578 3380 2923 3455 pradicant.

2298 3471 2471 3542 103
2500 3470 2664 3538 Quid
2690 3470 2765 3527 sit
2795 3484 2836 3526 a
2850 3468 3225 3539 presbyteris
3250 3467 3735 3537 praedicandmn.

2256 3579 2415 3634 CCII.
2456 3577 2603 3650 (Lib.
2646 3595 2661 3631 ι
2700 3578 3048 3648 'Capitular.
3102 3592 3154 3631 u.
3209 3579 3321 3644 82;
3381 3578 3703 3633 Emonam.
3736 3577 3840 3633 lib.

2184 3683 2249 3739 ιι,
2280 3682 2332 3724 c.
2363 3667 2483 3738 59.)
2507 3667 2707 3723 Primo
2734 3665 3011 3723 omium
3040 3663 3499 3738 prmdicandum
3525 3668 3620 3721 est
3644 3666 3842 3723 omni-

2182 3757 2679 3828 busgeneraliter
2706 3760 2773 3812 ut
2800 3755 3047 3813 credant
3091 3758 3346 3825 Patrem,
3403 3758 3463 3811 et
3505 3754 3739 3825 Filhm,
3785 3759 3844 3812 et

2186 3847 2473 3921 Spiritum
2515 3850 2794 3903 sanctum
2820 3859 3014 3902 unum
3065 3847 3251 3900 Deum
3299 3858 3433 3901 esse
3458 3843 3843 3917 omnipotm—

2185 3940 2326 4006 tem,
2348 3935 2455 4009 qui
2482 3935 2690 3992 omnia
2730 3934 2887 4005 fecit,
2944 3937 3005 3990 et
3052 3947 3241 3990 unam
3281 3948 3410 3988 esse
3454 3931 3742 3990 deitatem
3784 3936 3846 3989 et

2184 4025 2584 4082 substantiam
2614 4027 2671 4080 et
2693 4023 3071 4094 majestatem
3100 4021 3164 4077 in
3191 4020 3384 4079 tribus
3412 4019 3691 4094 personis
3740 4022 3840 4075 Pa-

2182 4114 2305 4181 tris,
2340 4112 2482 4183 Filii,
2512 4117 2572 4170 et
2602 4112 2852 4185 Spiritus
2878 4110 3094 4168 sancti.

2254 4205 2594 4273 (BURCHARD.
2627 4201 2730 4258 lib.
2754 4218 2794 4257 ιι
2825 4218 2875 4257 c.
2912 4201 3026 4271 60.)
3074 4203 3217 4257 Item
3246 4197 3707 4273 praedicandlm
3753 4201 3841 4254 est

2182 4292 2493 4365 quomodo
2524 4290 2700 4348 Filius
2727 4290 2827 4347 Dei
2855 4290 3204 4346 incarnatus
3228 4292 3317 4344 est
3341 4287 3417 4344 de
3446 4286 3667 4361 Spiritu
3697 4302 3839 4343 san-

418 4393 636 4434 narum
663 4395 862 4437 rerum
896 4381 1150 4438 subiisse
1172 4382 1546 4455 despectum,
1578 4384 1646 4439 ut
1685 4381 1924 4438 ﬂamina:
1981 4396 2076 4440 sa-
2105 4372 2150 4429 D
2183 4386 2280 4439 etc
2307 4397 2381 4438 ex
2408 4382 2587 4439 Maria
2614 4380 2847 4451 virgine
2875 4392 2988 4452 pro
3037 4380 3228 4435 salute
3280 4376 3536 4434 humani
3581 4375 3840 4447 generis,

417 4467 531 4524 cris
553 4467 845 4526 altaribus
873 4469 1214 4527 ministrare
1234 4469 1569 4540 ﬁrmentur,
1591 4476 1926 4544 cunctaque
1952 4486 2077 4527 non

414 4556 530 4614 nisi
557 4557 822 4616 virorum
862 4558 1180 4616 famulatui
1216 4559 1506 4632 deputata
1543 4574 1757 4618 sexum
1804 4562 1902 4619 om
1950 4575 2077 4618 non

415 4647 701 4721 competit
728 4645 1030 4703 exhibere.

644 4737 732 4791 De
756 4732 960 4791 eadem
989 4748 1075 4790 re.
1096 4734 1202 4791 Em
1228 4737 1482 4792 concilio
1509 4739 1860 4797 Τανοηεκοί.

489 4825 707 4881 CXCIX.
737 4822 1084 4892 (Buncnme.
1115 4822 1220 4883 lib.
1246 4837 1331 4893 ιιι,
1365 4841 1418 4882 c.
1453 4831 1543 4885 76.
1565 4841 1640 4884 ea:
1668 4831 1921 4887 com-ilio
1963 4832 2078 4888 Re-

417 4913 708 4984 thomag.,
738 4928 791 4970 c.
818 4913 900 4985 2.)
955 4913 1191 4972 Dictum
1240 4918 1332 4971 est
1384 4915 1561 4973 nobis
1609 4919 1777 4991 quod
1822 4921 2075 4993 quidam

415 4998 770 5073 presbyteri,
796 5001 1098 5060 celebrata
1116 5003 1327 5073 mssa,
1370 5004 1766 5064 detrectantes
1810 5008 1925 5082 ipsi
1978 5023 2079 5065 su-

415 5102 579 5145 mere
600 5088 808 5148 divina
831 5092 1118 5165 mysteria
1145 5109 1283 5167 quae
1322 5100 1772 5167 consecrarunt,
1824 5097 2074 5155 calicem

414 5176 656 5235 Domini
683 5176 1070 5249 mulierculis,
1102 5196 1236 5254 quae
1267 5182 1349 5239 ad
1374 5183 1591 5242 missas
1624 5183 1904 5256 offerunt,
1960 5190 2075 5244 tra-

415 5262 588 5339 dunt,
619 5267 712 5324 vel
741 5266 1114 5341 quibusdam
1139 5268 1331 5342 laicis,
1360 5272 1469 5346 qui
1491 5272 1824 5345 dijudicare
1852 5289 2074 5348 corpus

486 5372 637 5448 (210)
660 5354 1031 5448 Qaputistud
1059 5390 1183 5431 non
1212 5381 1403 5434 exstat
1431 5378 1493 5434 in
1535 5380 1792 5438 editione
1822 5381 2073 5440 Helmas-

416 5444 719 5514 stadiensi,
744 5444 810 5503 δι
836 5444 1111 5502 additum
1138 5450 1322 5503 estex
1351 5449 1556 5507 codice
1582 5467 1699 5508 ms.
1730 5453 2066 5511 Parisiensi.

486 5514 636 5590 (211)
662 5516 729 5574 In
748 5514 1005 5596 editione
1036 5514 1409 5596 [telmesstad
1440 5518 1690 5596 legitur:
1720 5525 1801 5583 Et
1834 5526 1936 5582 ubi
1955 5527 2073 5596 epi-

412 5587 1008 5671 scOpuj‘noufuertt,
1032 5587 1291 5671 e_tc.Yid_e
1316 5587 1636 5671 concilium
1653 5610 1716 5671 ιιι
1743 5587 2069 5671 Aurelian,

414 5658 549 5735 cap.
580 5660 670 5735 29,
702 5662 759 5720 et
782 5658 891 5718 lib.
919 5675 1013 5721 vn
1041 5658 1385 5734 Capitular.,
1417 5676 1551 5736 cap.
1576 5665 1702 5735 201,
1756 5671 1815 5726 et
1864 5658 2065 5726 Addit:

2182 4486 2420 4545 passus,
2448 4469 2737 4544 sepultus,
2764 4468 2940 4527 tertia
2960 4468 3059 4525 die
3109 4465 3451 4534 resurren't,
3504 4470 3567 4523 at
3618 4465 3840 4522 enim

2184 4559 2472 4630 ascendit,
2498 4559 2564 4616 in
2585 4558 2706 4616 ﬁne
2732 4558 2946 4616 mundi
3000 4557 3252 4615 veniens
3298 4554 3572 4628 judicare
3622 4569 3841 4612 omna

2182 4649 2460 4708 homines
2486 4648 2823 4706 secundum
2852 4662 3039 4721 opera
3065 4644 3312 4720 propria
3343 4642 3705 4717 ;quemodo
3731 4642 3841 4700 im-

2186 4741 2268 4815 pii
2318 4754 2460 4798 cum
2514 4739 2763 4797 diabolo
2817 4738 2880 4795 in
2931 4736 3138 4807 ignem
3165 4739 3457 4792 internum
3510 4732 3839 4803 Irim,
3938 4758 3958 4784 ι

2181 4831 2326 4903 justi
2350 4846 2489 4888 cum
2516 4829 2746 4888 Christo
2772 4828 2834 4885 in
2852 4827 3040 4884 vitam
3064 4830 3355 4883 auream
3378 4826 3574 4881 emt.

2257 4921 2594 4992 mensurae.
2624 4918 2730 4975 lib.
2765 4934 2832 4989 ιι,
2858 4932 2911 4973 c.
2943 4916 3056 4988 61.)
3083 4918 3231 4973 Item
3266 4911 3726 4988 medicandum
3752 4916 3843 4970 est

2183 5007 2349 5079 quod
2376 5022 2588 5063 omnes
2616 5005 2895 5064 homines
2912 5005 2978 5063 in
3000 5003 3253 5078 propria
3272 5017 3461 5073 carne
3500 5002 3839 5071 resurgant.

2256 5095 2705 5165 (BuncnannJib.
2723 5112 2790 5165 ιι,
2807 5095 3128 5168 c.65).1tem
3140 5091 3601 5167 praedicandum
3615 5093 3710 5146 est
3730 5104 3843 5164 pro

2182 5182 2405 5259 quibus
2428 5184 2780 5242 criminibus
2809 5201 2951 5243 cum
2988 5180 3234 5241 diabolo
3263 5180 3670 5257 deponuntur,
3704 5193 3841 5253 quae

2179 5274 2498 5348 Apostolus
2520 5280 2854 5347 enumerat,
2871 5273 3205 5342 fornicatio,
3231 5264 3637 5337 immunditia,
3666 5266 3849 5325 luxu-

2182 5387 2566 5535 ‘l'éiitv‘ii;
2595 5450 2699 5535 np.
2730 5470 2821 5535 νιι
2848 5416 3195 5535 (ξειριιιιιεὲη
3214 5466 3360 5535 οοειρ.
3390 5449 3511 5535 134,
3543 5446 3673 5535 I75,
3714 5446 3848 5535 ιεξι,

2181 5528 2240 5602 et
2261 5520 2596 5602 capitulare
2626 5520 2952 5602 Theodulﬁ'
2960 5520 3226 5602 episcopi
3256 5520 3596 5602 Ahrglian,
3615 5534 3753 5602 οδιξ.
3771 5520 3803 5572 6
3828 5535 3847 5586 ς

2182 5589 2521 5723 Gippitana
2583 5597 2896 5670 Abytonis,
2944 5589 3078 5669 cap.
3145 5589 3227 5667 11,
3260 5599 3318 5680 et
3367 5589 3639 5666 Capitula
3683 5589 3849 5663 ejus,

2182 5685 2212 5723 c
2301 5710 2313 5723 .
2422 5710 2434 5723 .

2180 5684 2313 5741 cap.
2353 5684 2434 5724 iu.
