4046 6190
228 162 342 217 229

1174 155 1270 213 DE
1308 155 1624 221 ECCLES.
1662 148 1948 219 DISCIPL.
1988 160 2178 223 LIBRI
2218 168 2382 233 DUO.
2416 154 2485 221 '—
2524 176 2657 238 LIB.
2704 182 2744 237 ι.

3598 194 3718 258 230

222 282 337 353 ria,
395 278 703 394 idolorum
757 281 1029 394 servitus,
1066 275 1404 394 veneﬁcia:
1447 286 1720 394 ειη-ξριιὶ
1768 282 1910 394 talia
1940 288 1988 341 Α
2017 282 2350 394 hpspitum,
2384 302 2651 362 maxime
2678 314 3013 383 pauperum
3043 314 3224 388 atqtie
3252 310 3590 394 debilium,
3622 332 3723 383 or-

230 374 437 442 agunt,
467 382 731 443 regnum
762 371 862 427 Dei
892 382 1014 429 non
1030 377 1509 443 consequentur.
1536 381 1601 435 Et
1619 376 1753 434 ideo
1780 375 1909 432 haec

229 470 365 517 cum
392 459 565 515 omni
588 458 795 516 studio
823 456 1269 534 prohibeantur.

296 548 651 619 (BURCBARD.
684 545 791 603 lib.
816 562 879 620 ιι,
912 566 964 604 c.
996 549 1113 622 ut.)
1142 554 1285 607 Item
1325 552 1797 622 praedicandum
1824 557 1912 609 est

229 637 302 695 de
330 634 655 694 dilectione
684 634 789 693 Dei
822 639 879 693 et
901 637 1180 710 proximi,
1215 635 1289 693 de
1316 635 1441 696 ﬁde
1464 646 1523 698 et
1550 658 1654 716 spe
1680 642 1737 698 in
1771 642 1907 708 Deo,

230 726 301 784 de
326 724 697 798 humilitate,
727 727 1039 800 patientia,
1070 731 1351 797 castitate,
1379 727 1767 802 benignitate,
1803 718 1910 787 mi-

230 816 573 886 sericordia,
608 816 687 873 de
719 817 1147 891 eleemosynis,
1178 814 1251 875 de
1281 820 1676 894 confessione,
1704 825 1769 878 ut
1794 821 1905 878 fra.

228 910 415 965 tribus
444 918 521 963 ex
553 907 741 964 corde
772 908 1130 965 remittatur.
1179 910 1289 976 Qui
1317 909 1448 968 haec
1478 915 1534 968 et
1557 912 1648 968 his
1693 910 1909 969 similia

230 1000 436 1068 agunt,
462 1010 733 1067 regnum
759 995 865 1051 Dei
896 1002 1359 1070 consequentur.

400 1082 487 1142 De
512 1080 726 1142 eadm
758 1096 845 1141 re.
875 1084 977 1141 Ea:
1000 1087 1201 1143 eodem
1230 1088 1330 1143 lib.
1365 1100 1405 1158 ι,
1438 1103 1570 1159 cap.
1607 1092 1724 1145 154.

292 1172 470 1235 CClll.
500 1173 659 1248 (Lib.
694 1186 716 1230 ι
760 1173 1106 1245 Capitular.
1160 1190 1210 1233 c.
1263 1178 1401 1245 168;
1438 1178 1678 1235 WALren
1722 1181 1905 1235 Aure-

224 1260 390 1327 Iian.,
425 1280 475 1321 c.
511 1266 545 1320 ‘7
574 1283 588 1331 ;
622 1265 950 1320 Britanni).
979 1256 1082 1320 lib.
1118 1280 1240 1335 xm,
1274 1283 1325 1322 c.
1359 1266 1562 1339 99.)Ut
1584 1267 1906 1342 unusquis-

226 1369 344 1428 que
373 1353 701 1427 presbyter
738 1353 1004 1426 ca‘pitula
1056 1350 1232 1428 104
1275 1350 1497 1413 habeat
1542 1355 1617 1413 de
1660 1356 1903 1429 majori-

224 1436 345 1498 bus
374 1439 467 1497 vel
496 1440 844 1496 minoribus
873 1438 1051 1510 vitiis,
1082 1454 1192 1516 per
1233 1458 1366 1516 quae
1398 1460 1758 1515 cognoscere
1804 1456 1904 1502 va-

222 1528 343 1586 leat
371 1528 465 1585 vel
497 1528 837 1602 praedicare
868 1524 1123 1586 subditis
1151 1534 1216 1587 ut
1244 1536 1497 1588 caveant
1543 1528 1621 1589 ad
1672 1532 1903 1590 insidiis

220 1616 469 1676 diaboli.

504 1710 592 1765 De
623 1706 829 1765 eadem
867 1723 950 1765 re.
983 1700 1086 1765 Ea:
1115 1711 1315 1766 eodem
1342 1724 1473 1781 cap.
1506 1713 1626 1766 159.

288 1799 471 1856 CCIV.
504 1796 660 1870 (Lib.
688 1812 710 1852 1
758 1794 1105 1866 Capitular.
1137 1812 1187 1853 c.
1228 1798 1370 1866 l65;
1420 1799 1742 1857 Buncmnn.
1793 1798 1897 1857 lib.

220 1904 276 1955 ιι,
311 1902 363 1943 c.
416 1886 537 1957 ‘72.)
582 1886 1030 1943 Utsacerdotes
1083 1884 1453 1944 admoneant
1500 1888 1796 1961 populum
1838 1895 1901 1946 ut

217 1977 678 2050 eleemosynam
723 1975 870 2032 dent
901 1979 958 2032 et
1005 1976 1339 2032 orationem
1389 1972 1610 2034 faciant
1650 1994 1761 2051 pro
1808 1978 1898 2035 di-

217 2066 408 2123 versis
438 2064 640 2139 plagis
665 2078 817 2139 quas
839 2064 1085 2121 assidue
1112 2080 1222 2138 pro
1248 2066 1506 2138 peccatis
1549 2067 1768 2124 nostris
1798 2082 1902 2142 pa-

219 2156 407 2213 timur
438 2156 615 2228 (213).

622 2242 710 2300 De
734 2245 939 2300 eadem
973 2254 1058 2300 re.
1092 2240 1193 2300 Ex
1221 2258 1350 2314 cap.
1388 2246 1503 2301 160.

293 2336 449 2391 CCV.
478 2332 623 2403 (Lib.
654 2332 1042 2404 ICapitular.
1090 2346 1141 2388 c.
1181 2330 1323 2404 166).
1363 2330 1435 2389 Ut
1453 2332 1568 2405 ipsi
1619 2335 1898 2391 sacerdo-

218 2428 310 2479 tes
338 2420 770 2494 unusquisque
807 2420 1153 2478 secundum
1183 2414 1455 2478 ordinem
1506 2434 1708 2490 suum,
1754 2438 1901 2495 prae-

220 2511 427 2568 dicare
454 2515 512 2567 et
528 2509 745 2567 docere
768 2510 1058 2568 studeant
1078 2509 1318 2583 plebem
1348 2510 1461 2566 sibi
1485 2511 1895 2569 commissam.

351 2600 696 2657 Λαπιοηίἅο
726 2598 806 2656 ad
833 2599 1164 2669 episcopos.
1196 2592 1297 2655 Ea:
1328 2598 1427 2655 lib.
1460 2616 1521 2669 ιι,
1551 2614 1683 2670 cap.
1719 2602 1770 2657 5.

288 2688 470 2746 CCVI.
494 2688 644 2757 (Lib.
692 2704 733 2743 ιι
760 2686 1110 2759 Capitular.
1146 2702 1196 2743 c.
1231 2689 1308 2760 5.)
1356 2691 1433 2744 De
1488 2686 1899 2746 sacerdotibus

224 2779 305 2835 ad
322 2783 591 2835 vestram
614 2790 819 2834 curam
840 2775 1286 2852 pertinentibus
1302 2790 1596 2848 magnum
1621 2774 1899 2834 adhibete

224 2868 499 2926 studium
531 2872 595 2925 ut
623 2867 879 2941 qualiter
924 2868 1130 2924 vivere
1174 2865 1453 2937 debeant,
1487 2868 1543 2925 et
1590 2867 1901 2943 quomodo

221 2956 467 3045 populis
531 2957 611 3013 ad
674 2972 849 3014 suam
912 2956 1214 3045 portionis
1277 2970 1484 3015 curam
1550 2957 1898 3032 pertinenti-
1924 2982 1970 3045 (ι

222 3042 344 3103 bus
366 3046 645 3120 exemplo
670 3050 730 3104 et
754 3045 941 3103 verbo
963 3043 1224 3120 prosint,
1248 3060 1286 3103 a
1312 3046 1481 3103 vobis
1509 3060 1734 3119 magna
1755 3060 1900 3104 cura

224 3136 613 3204 edoceantur,
649 3140 706 3192 et
733 3140 798 3192 ut
822 3135 885 3192 id
914 3135 1116 3192 facere
1149 3135 1445 3205 studeant,
1477 3141 1670 3194 vestra
1688 3141 1899 3195 aucto-

224 3224 399 3281 ritate
428 3224 933 3296 constringuntur.

232 3310 310 3372 Ut
328 3315 575 3387 quisque
589 3314 902 3387 presbyter
930 3313 1044 3385 qui
1063 3310 1373 3370 cccleSiam
1400 3320 1574 3387 tenet,
1616 3317 1898 3373 clericum

538 3402 773 3461 habeat.
802 3405 901 3460 Ex
922 3403 1181 3460 concilio
1210 3400 1593 3461 Nannetensi.

299 3494 502 3549 CCVII.
537 3492 877 3563 (BURC’HARD.
910 3490 1015 3548 lib.
1044 3507 1106 3561 ιι,
1142 3504 1194 3546 c.
1227 3492 1293 3545 56
1320 3507 1333 3557 ;
1366 3490 1690 3563 Capitular
1727 3494 1904 3550 Tusc-

224 3598 408 3653 nuua,
441 3598 490 3637 c.
520 3581 638 3652 20.)
691 3580 1113 3654 Unusquisque
1158 3577 1470 3651 presbyter
1514 3580 1619 3655 qui
1657 3579 1897 3655 plebem

223 3669 405 3740 regit,
436 3668 715 3725 ciet-imm:
744 3667 969 3725 habent
992 3666 1103 3740 qui
1134 3668 1353 3736 cantet,
1396 3671 1457 3724 et
1495 3668 1819 3742 Epistolam
1845 3673 1903 3727 et

222 3756 569 3813 Momm
600 3755 782 3827 legat,
814 3760 871 3812 et
893 3756 1002 3829 qui
1027 3753 1227 3829 possit
1254 3754 1525 3813 scholam
1552 3762 1787 3827 tenere;
1843 3762 1900 3815 et

214 3845 557 3903 admoneat
610 3860 761 3902 suos
826 3845 1251 3919 parmahianos
1292 3849 1359 3900 ut
1420 3843 1579 3902 ﬁlios
1627 3862 1770 3903 suos
1817 3848 1897 3904 ad

219 3933 585 3991 Psalterium
608 3934 969 3992 discendum
993 3934 1240 3990 mittant
1253 3932 1334 3988 ad
1361 3935 1531 4007 105
1558 3935 1896 4008 ecclesiam,

215 4040 357 4097 quo
378 4024 511 4097 ipse
538 4024 603 4081 in
628 4023 801 4080 omni
826 4023 1091 4082 castitate
1121 4018 1379 4079 erudiat.
1746 4064 1747 4067 η

227 4108 309 4171 σι
345 4116 539 4171 omnis
573 4114 892 4184 presbyter
938 4113 1124 4170 horas
1184 4114 1506 4170 canonica:
1554 4114 1899 4174 sollemniter

568 4204 893 4274 persolvat.
925 4204 1026 4260 Ex
1050 4201 1276 4271 eam,
1306 4215 1438 4272 cap.
1474 4207 1559 4260 49.
1806 4204 1809 4211 ‘

300 4292 535 4350 CCVIII.
566 4292 865 4363 (timorum
893 4292 1204 4363 Capitula,
1229 4289 1296 4346 tit
1323 4293 1364 4358 l,
1396 4306 1450 4347 c.
1473 4294 1540 4359 9;
1574 4293 1891 4351 Benene».

217 4343 428 4452 ιίιὶἶι.
462 4343 1300 4453 ἐῗὶἇιζΓΡῖιᾶιξγῖἒὲζὲὲὲιᾷέ
1325 4343 1895 4441 necesse;
1926 4343 1943 4399 ¹

218 4471 492 4546 αριθδο,
520 4483 783 4545 pensum
811 4470 1109 4528 servitum
1140 4484 1267 4526 sum
1312 4471 1586 4529 canendo
1613 4472 1895 4545 primam,

218 4561 495 4633 tertiam,
514 4565 753 4619 sextam
778 4575 1129 4635 nonamque
1159 4560 1479 4633 persolvat,
1509 4560 1593 4620 ita
1618 4565 1822 4620 tamen
1832 4567 1900 4620 ut

214 4655 446 4727 postea
488 4651 657 4709 horis
706 4652 1184 4724 competentibus
1229 4651 1406 4723 juxta
1443 4652 1898 4725 possibilitatem

216 4745 341 4799 aut
358 4757 400 4797 δ
424 4756 499 4797 se
522 4743 637 4798 aut
673 4754 713 4799 ι
736 4739 1114 4798 scholaribus
1163 4738 1402 4813 publica
1447 4741 1895 4814 compleantur;

221 4829 457 4887 deinde
482 4829 743 4904 peractis
763 4828 978 4897 missis,
1006 4833 1064 4886 et
1085 4827 1341 4885 inﬁrmis
1357 4828 1629 4900 visitatis,
1646 4830 1724 4888 ad
1741 4846 1896 4903 opus

217 4918 433 4978 male
462 4922 638 4977 exeat
664 4919 929 4991 jejunus,
961 4922 1028 4976 ut
1051 4918 1270 4976 iterum
1314 4917 1771 4976 necessitatibus
1798 4936 1899 4992 pe-

214 5009 617 5080 regrinorum
665 5012 725 5066 et
767 5007 1095 5082 hospitum,
1144 5008 1267 5066 sive
1313 5007 1692 5066 diversorum
1737 5024 1899 5067 com-

214 5099 595 5166 meantium,
646 5096 1025 5155 inﬁrmorum
1071 5113 1316 5172 quoque
1371 5101 1549 5171 atque
1593 5098 1899 5157 defuncto-

210 5204 367 5246 rum
393 5200 718 5245 succurere
741 5186 955 5260 possit,
984 5202 1176 5261 usque
1223 5186 1303 5243 ad
1356 5190 1639 5245 statutam
1681 5187 1897 5247 horam

207 5293 341 5354 pro
370 5276 667 5351 qualitate
694 5277 979 5351 temporis
1005 5281 1062 5334 et
1087 5275 1572 5352 opportunitatis.

216 5369 307 5426 Ut
324 5367 657 5440 presbyter
682 5368 1210 5441 curamhospitum
1231 5366 1468 5425 habeat.
1499 5362 1664 5425 Unde
1682 5383 1891 5438 supra.

203 5456 419 5515 CCIX.
473 5457 773 5526 (limans.
826 5456 968 5512 ibid.
1004 5472 1053 5513 c.
1092 5456 1201 5529 10.)
1232 5458 1302 5512 Ut
1330 5456 1642 5529 presbyter
1685 5472 1894 5514 curam

295 5564 450 5635 (213)
480 5561 627 5635 Vide
658 5578 840 5635 supra
867 5577 1002 5635 cap.
1040 5567 1141 5621 190
1166 5563 1359 5635 hujus
1377 5562 1532 5619 libri.

295 5565 421 5635 (213
480 5565 627 5619 Vide
658 5579 727 5619 su
769 5580 840 5621 ra
867 5579 941 5621 ca
990 5607 1002 5619 .
1040 5567 1141 5621 190
1166 5565 1213 5619 Ιι·

287 5565 452 5705 (2143
514 5633 664 5690 Vide
727 5577 1065 5708 gapitufare
1116 5636 1213 5692 Rio

2019 380 2368 487 phanoru'n}
2414 408 2659 487 quoque
2712 380 2890 471 atq—ue
2942 380 3418 474 peregrinorum
3464 380 3725 487 habeat,

2017 470 2255 570 trosque
2286 474 2365 534 ad
2394 476 2719 553 prandium
2751 470 2928 546 suum
2944 470 3218 563 quotidie
3243 496 3442 567 juxta
3460 470 3733 569 possibi:

2018 552 2247 620 litatem
2287 576 2611 672 convocet;
2640 575 2846 672 eisque
2895 552 3225 653 hospitium
3243 552 3726 672 tribuebat-Ei.

2557 654 2656 719 Ex
2694 662 2895 723 eodem
2932 672 3147 740 capite.

2096 740 2382 812 Capitula
2413 750 2773 809 CARLOMANN?
2806 756 2893 812 tit.
2929 760 2981 827 2,
3014 768 3067 814 c.
3100 765 3164 815 12
3192 781 3205 829 ;
3238 764 3591 828 Buacuann.
3615 775 3720 834 lib.

2020 833 2075 899 2,
2100 846 2159 933 ὀ.
2198 836 2342 902 167.)
2370 838 2438 892 Ut
2462 842 2663 933 autem
2684 844 2885 899 omnis
2911 848 3151 905 occasio
3174 852 3418 924 rapinae
3442 854 3718 933 inﬂatur,

2020 919 2300 1019 volumus
2350 928 2416 979 ut
2476 928 2831 1019 presbyteri,
2888 933 2998 1007 qui
3052 919 3292 996 bonum
3345 919 3714 1019 exemplum;

2021 1007 2348 1103 charitatis
2378 1014 2662 1071 omnibus
2710 1022 3033 1080 ostendere
3079 1020 3325 1097 debent,
3370 1007 3708 1103 hospitales

2018 1096 2294 1197 existant,
2328 1101 2500 1197 juxta
2548 1108 2934 1197 Dominicum
2980 1117 3037 1170 et
3083 1096 3510 1188 apostolicum
3545 1136 3704 1197 pras-

2018 1190 2281 1282 ceptum,
2310 1190 2826 1282 ethumanitatem
2850 1202 3167 1272 praebeant
3184 1206 3299 1263 iter
3312 1190 3698 1282 tumultus,

2016 1276 2161 1370 quia
2189 1293 2296 1349 per
2321 1279 2794 1370 hospitalitatem
2824 1288 3189 1360 placuerunt
3221 1297 3399 1368 106
3444 1276 3701 1370 quidam

2016 1365 2156 1432 Deo,
2188 1367 2415 1437 angelis
2456 1371 2715 1446 hospitio
2753 1380 3051 1452 receptis;
3103 1388 3160 1440 et
3183 1365 3486 1442 Dominus
3508 1387 3570 1445 in
3599 1391 3700 1447 die

2007 1453 2216 1525 judicii
2245 1456 2513 1516 dicturus
2542 1466 2631 1518 est
2676 1464 2884 1523 electis
2919 1486 2932 1524 :
2982 1472 3211 1544 Hospes
3257 1490 3447 1545 eram,
3478 1480 3553 1535 ’et
3599 1497 3700 1538 su-

2013 1545 2249 1612 cepistis
2287 1563 2379 1604 me
2415 1550 2654 1619 (Matth.
2706 1557 2878 1627 xxv).
2933 1558 2997 1615 Et
3035 1562 3145 1616 Job
3184 1562 3372 1620 dicit:
3417 1567 3697 1628 Hostium

1928 1630 1973 1695 Β
2012 1647 2205 1691 meum
2235 1650 2467 1706 semper
2498 1640 2719 1695 viatori
2737 1646 2949 1710 patuit
2980 1648 3131 1718 (Job.
3164 1655 3358 1719 xxxi).

2009 1739 2098 1796 De
2140 1755 2304 1810 aqua
2349 1743 2676 1801 benedicta.
2708 1746 2819 1804 Ea-
2836 1753 3098 1821 epistola
3118 1756 3476 1816 Alexandri
3494 1778 3694 1835 papas.

2078 1846 2228 1902 CCX.
2278 1848 2586 1919 (Αιειιλκι).
2640 1855 2679 1919 1,
2727 1857 2910 1924 epist.
2954 1874 2996 1930 ι,
3036 1874 3090 1917 c.
3137 1867 3214 1930 6;
3266 1865 3550 1926 REIBDIUS
3590 1876 3698 1931 Cu-

2008 1932 2240 2033 ricnsis,
2270 1953 2323 2033 c.
2366 1941 2472 2006 24;
2524 1942 2851 2001 Buncmtnn.
2899 1947 3004 2006 lib.
3054 1963 3114 2018 ιι,
3173 1968 3227 2006 c.
3287 1955 3402 2026 53.)
3456 1961 3695 2033 Aquam

2004 2022 2171 2079 enim
2202 2024 2322 2081 sale
2347 2039 2746 2100 conspersum
2770 2036 3023 2108 papillis
3052 2022 3495 2112 benedicunus,
3522 2022 3593 2104 ut
3614 2052 3695 2109 ea

2006 2112 2206 2168 cuncti
2262 2114 2491 2187 aspersi
2532 2118 3029 2194 sanctiﬂcentur;
3080 2128 3254 2199 quod
3301 2134 3360 2187 et
3400 2137 3691 2197 omnibus

2009 2202 2422 2259 sacerdotibus
2466 2204 2823 2267 faciendum
2852 2224 2988 2269 esse
3035 2217 3427 2277 mandamus.
3460 2221 3609 2283 Nam
3639 2231 3690 2287 si

2008 2289 2160 2345 cinis
2212 2291 2410 2348 vitula
2447 2308 2734 2366 aspersus
2784 2301 3087 2374 populum
3138 2308 3558 2370 sanctiﬁcabat
3602 2319 3690 2376 at-

2007 2388 2126 2477 que
2152 2380 2703 2477 mundabatuflebr
2730 2388 2835 2457 ix),
2859 2396 3090 2461 quanto
3118 2395 3316 2465 magis
3341 2404 3686 2477 aqua,"qua3

2006 2466 2134 2567 suis
2160 2471 2792 2567 aspersadivinisque
2823 2480 3106 2550 precibus
3154 2466 3537 2559 sacrata—est,
3565 2466 3687 2567 ’ρο-

2008 2559 2583 2653 pulumusanctiﬁcat
2607 2567 2793 2653 atque
2810 2570 3069 2628 mundat
3087 2572 3116 2626 τ
3137 2562 3205 2630 Et
3222 2574 3275 2630 si
3295 2577 3416 2634 sale
3432 2559 3683 2653 asperso

2008 2666 2116 2723 per
2171 2649 2432 2706 Elissam
2485 2652 2853 2724 prophetam
2908 2660 3183 2720 sterilitas
3238 2680 3415 2738 aqua;
3468 2649 3683 2731 sanata

2009 2743 2099 2797 est
2124 2741 2184 2810 (Ι
2208 2741 2349 2810 Reg.
2376 2740 2458 2812 ui,
2490 2746 2722 2813 quanto
2754 2747 2952 2819 magis
2998 2750 3218 2809 divinis
3266 2758 3546 2827 precibus
3585 2779 3681 2818 sa-

2008 2832 2173 2886 crata
2238 2846 2400 2902 aqua
2464 2831 2833 2892 sterilitatem
2889 2854 3090 2897 rerum
3145 2844 3337 2903 aufert
3383 2848 3681 2910 humana-

2010 2933 2169 2990 rum,
2218 2922 2277 3009 et
2321 2919 2742 2992 coinquinatos
2803 2926 3139 2989 sanctiﬁcat
3195 2938 3251 2990 et
3306 2943 3543 3009 purgat,
3618 2947 3681 2999 et

2010 3011 2224 3064 caetera
2251 3007 2414 3065 bona
2443 3009 2819 3083 multiplicat,
2852 3020 2910 3074 et
2948 3018 3203 3077 insidias
3244 3007 3468 3083 diaboli
3509 3044 3680 3087 aver-

2008 3096 2094 3237 ξι,
2109 3100 2214 3240 de:
2244 3113 2280 3154 a
2331 3098 2831 3170 phantasmatum
2882 3109 3159 3166 versutiis
3213 3111 3526 3172 hominem
3572 3117 3677 3176 de-

2030 3198 2106 3239 en
2151 3199 2172 3240 ι

2030 3198 2172 3240 encu

2091 3274 2179 3329 De
2204 3274 2406 3332 eadem
2428 3290 2511 3331 re.
2537 3242 2640 3335 Ea:
2660 3282 3010 3351 supradicto
3041 3290 3317 3357 concilio,
3354 3266 3487 3362 cap.
3521 3294 3573 3348 5.

2081 3362 2254 3418 CCXI.
2288 3365 2585 3452 (limatus.
2616 3365 2785 3437 ibid.,
2817 3386 2869 3427 c.
2897 3376 2969 3443 5;
3005 3376 3325 3434 ΒυιιοιιΑιιι).
3370 3376 3473 3436 lib.
3506 3398 3587 3452 ιιι,
3614 3399 3669 3441 c.

2011 3453 2124 3517 52.)
2158 3452 2229 3506 Ut
2254 3451 2421 3542 omni
2444 3452 2540 3508 die
2578 3455 2891 3514 Dominico
2942 3462 3200 3535 quisque
3252 3451 3577 3542 presbyter
3606 3469 3670 3527 in

2011 3555 2121 3594 sua
2148 3540 2399 3598 ecclesia
2428 3545 2566 3597 ante
2585 3543 2911 3603 missarum
2945 3550 3240 3608 solemnia
3281 3540 3507 3626 aquam
3561 3556 3670 3615 be-

2010 3627 2311 3686 nedictam
2339 3630 2519 3687 faciat
2543 3630 2768 3689 invase
2818 3636 3007 3693 nitido
3054 3644 3111 3695 et
3160 3645 3324 3697 tanto
3384 3646 3667 3716 mysterio

2009 3717 2406 3790 convenienti,
2430 3718 2504 3775 de
2530 3736 2653 3793 qua
2671 3724 2935 3795 populus
2964 3724 3192 3784 intrans
3222 3728 3542 3790 ecclesiam
3571 3752 3666 3791 as-

2006 3812 2290 3881 pergatur
2321 3828 2335 3879 ;
2364 3812 2420 3865 et
2445 3806 2550 3882 qui
2580 3807 2894 3881 voluerint,
2924 3812 2987 3870 in
3038 3814 3298 3873 vasculis
3352 3818 3477 3876 suis
3516 3821 3667 3879 acci-

2006 3897 2177 3972 piant
2204 3914 2277 3955 ex
2304 3896 2457 3973 ipsa,
2491 3902 2550 3956 et
2574 3915 2683 3973 per
2705 3902 3053 3960 mansiones
3080 3910 3136 3962 et
3154 3920 3332 3978 agros
3358 3913 3415 3966 et
3433 3908 3664 3982 vineas,

2009 4004 2187 4063 super
2214 4004 2436 4063 pecora
2464 4005 2709 4063 quoque
2741 4008 2871 4063 sua,
2905 3996 3084 4068 atque
3114 4012 3294 4070 super
3312 3994 3539 4071 pabula
3571 4010 3666 4059 e0-

2006 4094 2165 4151 rum,
2190 4094 2433 4136 nocnon
2462 4094 2643 4152 super
2669 4079 2835 4138 cibos
2865 4085 2922 4139 et
2950 4085 3161 4157 potum
3185 4102 3365 4145 suum
3385 4100 3666 4164 consper-

2008 4172 2171 4239 gant.

2012 4276 2183 4349 107
2219 4278 2307 4333 De
2326 4278 2695 4349 Ρνϐεδνιενίε
2714 4281 2822 4351 qui
2857 4282 3070 4353 culpas
3092 4288 3474 4355 peccantium
3520 4288 3663 4347 reti-

2081 4370 2213 4423 cent
2243 4366 2337 4422 vel
2359 4367 2557 4422 minus
2586 4368 2767 4440 digne
2805 4372 3160 4440 pcenitentes
3189 4374 3272 4432 ad
3319 4379 3665 4436 reconcilia-

2079 4455 2297 4512 tionem
2326 4455 2659 4513 adducunt.
2699 4459 2867 4516 Unde
2890 4475 3099 4531 supra.

2076 4564 2274 4619 CCXII.
2327 4563 2629 4629 (Bruma.
2680 4567 2826 4624 ibid.
2872 4568 3147 4641 «p.13;
3205 4572 3520 4631 Bonum.
3550 4572 3655 4631 lib.

2004 4667 2127 4722 χιιι,
2147 4668 2200 4708 c.
2235 4656 2338 4709 100
2360 4668 2376 4722 ;
2396 4654 2576 4712 Liber
2602 4656 3066 4731 Paenitemialis,
3096 4659 3261 4733 apud
3283 4661 3655 4731 Stevartium,

2004 4758 2144 4816 pag.
2162 4741 2225 4797 71
2240 4742 2313 4814 1.)
2330 4746 2401 4802 Ut
2415 4746 3456 4821 nemopresbyterorumxeniumvel
3468 4752 3660 4826 quod-

2004 4847 2247 4906 cunque
2254 4833 2731 4894 emolumentum
2745 4839 3656 4912 temporehimodetrimcntum

2007 4921 2290 4995 spiritale,
2322 4939 2359 4979 a
2379 4939 2743 4999 quocunque
2773 4928 3011 5001 publice
3032 4935 3319 5003 peccante
3348 4932 3443 4990 vel
3496 4932 3656 4991 ince-

2006 5014 2216 5069 etuoso
2237 5012 2492 5085 accipiat
2506 5018 2572 5070 ut
2594 5016 2878 5091 episeopo
2899 5018 2991 5075 vel
2999 5018 3284 5078 ministris
3299 5022 3429 5094 ejus
3444 5036 3655 5096 pecca-

2006 5105 2135 5158 tum
2156 5101 2315 5158 illius
2345 5103 2605 5173 reticeat,
2628 5121 2740 5162 nec
2765 5124 2877 5181 pro
2904 5113 3182 5183 respectu
3210 5112 3501 5185 cujusque
3528 5128 3660 5185 per-

2006 5207 2170 5248 sonae
2195 5195 2300 5249 aut
2327 5193 2858 5264 consanguinitatis
2873 5196 2965 5253 vel
2982 5198 3418 5271 familiaritatis,
3449 5199 3655 5258 alienis

2006 5280 2462 5337 communicaris
2498 5285 2782 5355 peccatis,
2813 5282 2928 5342 hoc
2967 5285 3250 5361 episcopo
3286 5289 3654 5346 innotescere

2004 5367 2304 5437 detrectet,
2315 5385 2426 5426 nec
2438 5385 2473 5426 a
2484 5386 2795 5444 quoquam
2805 5374 3127 5447 poenitente
3142 5381 3246 5433 aut
3260 5376 3452 5449 gratia
3463 5379 3564 5432 aut
3574 5374 3655 5433 fa-

2006 5472 2148 5513 vore
2176 5460 2280 5514 aut
2309 5474 2532 5514 munus
2554 5460 2854 5533 suscipere
2870 5468 3213 5537 praesumat,
3235 5470 3338 5523 aut
3360 5465 3559 5521 minus
3570 5460 3654 5519 di-

1280 5633 1322 5690 ﬁ
1382 5635 1849 5705 Suessionensis,
1897 5649 2030 5707 cap.
2060 5638 2144 5692 12.
