4044 6196
433 68 529 125 231

1550 54 1924 145 REGINONIS
1961 56 2371 112 PRUMIENSIS
2409 61 2720 118 ABBATIS.

3734 73 3858 127 .232

434 207 547 262 gne
568 190 958 262 panitentem
1003 189 1080 245 ad
1121 187 1665 244 reconciliationem
1713 183 1994 246 adducat,
2035 184 2092 236 et
2120 183 2167 235 A
2205 188 2344 252 post
2371 189 2681 255 peractum
2729 185 3001 242 divinum
3049 187 3446 246 ministerium
3500 195 3560 247 et
3594 207 3859 250 necessa‘

433 269 914 338 ei‘testimonium
945 279 1438 335 reconciliationis
1469 275 1636 345 ferat,
1656 282 1713 333 et
1727 288 2090 349 quocunque

432 373 617 430 livore
647 371 830 428 alium
857 369 1184 442 quemlibet
1209 369 1450 438 dignius
1487 368 1872 435 panitentem
1922 380 1958 420 a
2007 379 2090 419 re-

434 460 844 518 conciliatione
873 463 1198 526 removeat,
1240 459 1384 530 quia
1428 458 1542 513 hoc
1591 453 1985 512 simoniacum
2034 456 2092 507 et

435 555 554 608 Deo
582 555 638 606 et
664 549 1010 606 hominibus
1044 547 1408 604 contrarium
1438 551 1528 604 est
1557 548 1720 617 (215).

540 720 544 725 ,
987 658 1085 712 Ea:
1109 657 1537 713 Panitentiali.

411 809 416 814 ,
501 751 840 818 (Βυιιίιιιιιιιι).
868 746 970 802 lib.
1004 763 1124 815 x1x,
1153 763 1203 801 c.
1243 747 1382 816 121).
1418 745 1528 810 Qui
1558 743 1849 800 reticuerit
1877 759 2086 816 pecca-

430 844 560 895 tum
589 837 786 894 fratris
824 837 990 910 quod
1032 841 1122 892 est
1163 835 1242 892 ad
1295 839 1569 896 mortem,
1602 851 1712 890 nec
1742 850 1881 890 eum
1907 833 2086 888 corri-

429 927 644 1001 puerit,
703 930 805 982 aut
860 925 1130 981 Ecclesiae
1185 925 1280 980 Dei
1333 929 1394 980 ut
1450 924 1800 979 emendetur
1854 923 2085 988 dixerit,

434 1017 708 1090 quandiu
731 1015 1050 1084 consensit,
1087 1015 1292 1072 tandiu
1320 1015 1622 1088 poeniteat.

439 1127 525 1182 De
546 1126 911 1196 presbyteris
939 1125 1042 1195 qui
1070 1140 1105 1180 α
1139 1123 1415 1193 ﬁdelibus
1446 1123 1527 1178 ad
1567 1122 1894 1191 prandium
1942 1123 2089 1178 invi-

775 1221 1005 1270 tantur.
1049 1214 1215 1269 Unde
1241 1228 1448 1282 supra,
1482 1227 1612 1282 cap.
1650 1215 1734 1267 14.

502 1322 726 1378 CCXIII.
776 1319 996 1390 (limem.
1041 1321 1208 1386 ibid,
1236 1336 1285 1374 c.
1325 1323 1386 1374 14
1413 1337 1425 1386 ;
1455 1321 1769 1374 Βιῖιιαιιλιιι).
1811 1316 1913 1373 lib.
1939 1333 1999 1384 ιι,
2031 1333 2079 1372 c.

428 1413 568 1480 16l).
603 1415 672 1467 Ut
700 1410 900 1466 nullus
925 1410 1437 1482 presbyterorum,
1491 1408 1738 1480 quando
1786 1408 1863 1462 ad
1913 1405 2084 1462 anni-

321 1501 334 1512 ”
424 1500 756 1557 versarium
791 1500 970 1564 diem,
1024 1498 1426 1567 tricesimum,
1458 1503 1559 1553 aut
1603 1497 1946 1569 septimum,
1991 1495 2083 1552 vel
2115 1535 2154 1589 Β

425 1590 661 1647 tertium
682 1589 934 1659 alicujus
958 1586 1240 1651 defuncti,
1261 1593 1363 1642 aut
1389 1602 1751 1660 quacunque
1771 1585 2082 1642 vocatione

412 1679 505 1736 ad
532 1678 840 1734 collectam
870 1676 1199 1749 presbyteri
1237 1677 1410 1747 108
1440 1676 1842 1740 convenerint,
1874 1691 1937 1730 se
1963 1674 2082 1730 ine-

421 1769 619 1825 briare
646 1766 987 1823 nullatenus
1015 1771 1359 1837 praesumat,
1391 1781 1500 1821 nec
1530 1765 1756 1829 precari
1785 1764 1849 1820 in
1877 1780 2081 1820 amore

426 1863 770 1914 sanctorum
799 1857 891 1911 vel
922 1855 1109 1927 ipsius
1152 1854 1368 1911 anima
1421 1855 1623 1912 bibere
1663 1860 1766 1910 aut
1809 1854 1956 1911 alios
2003 1853 2081 1910 ad

423 1945 756 2002 bibendum
785 1960 1016 2014 cogere.
1050 1959 1158 1998 nec
1189 1959 1251 1997 se
1281 1943 1476 1999 aliena
1501 1943 1841 2016 precatione
1875 1942 2081 2012 ingur-

424 2033 628 2103 gitare,
679 2047 788 2087 nec
833 2030 1082 2102 plausus
1136 2034 1192 2084 et
1235 2029 1388 2084 risus
1426 2029 1762 2085 inconditos
1793 2034 1850 2085 et
1872 2029 2081 2084 inanes

423 2121 658 2177 fabulas
685 2120 898 2176 referre
941 2124 1043 2174 aut
1085 2123 1323 2174 cantare
1371 2123 1698 2190 prasumat
1742 2119 1836 2174 vel
1884 2119 2080 2190 turpia

405 2210 555 2280 -joca
584 2207 676 2263 vel
697 2224 837 2264 cum
871 2223 1012 2261 urso
1042 2206 1135 2260 vel
1167 2206 1584 2261 tornatricibus
1623 2212 1758 2261 ante
1792 2223 1855 2262 se
1886 2207 2078 2264 facere

420 2297 741 2372 permittat,
767 2312 877 2351 nec
898 2295 1096 2351 larvas
1123 2295 1492 2362 daemonum,
1534 2311 1687 2368 quas
1711 2295 1892 2365 vulgo
1937 2295 2079 2352 tala-

420 2404 657 2445 mascas
683 2386 906 2451 dicunt,
940 2389 1075 2441 ante
1106 2399 1167 2438 se
1197 2383 1333 2440 ferri
1371 2384 1719 2452 consentiat,
1778 2385 1923 2457 quia
1961 2385 2076 2442 hoc

418 2476 784 2534 diabolicum
815 2477 902 2530 est
925 2477 983 2530 et
1011 2489 1047 2529 a
1077 2473 1261 2529 sacris
1277 2481 1287 2516 Γ
1304 2473 1638 2530 canonibus
1685 2473 2071 2547 prohibitum.

747 2585 832 2638 De
859 2585 1011 2638 rixis
1040 2587 1094 2637 et
1109 2596 1321 2651 pugna
1346 2581 1740 2637 sacerdotum.

490 2693 706 2748 CCXIV.
745 2689 1041 2757 (HINCMAR.
1066 2688 1209 2743 ibid.
1238 2705 1250 2754 ;
1287 2690 1602 2742 Buncumn.
1628 2687 1730 2742 lib.
1758 2703 1817 2752 ιι,
1851 2704 1899 2744 c.
1933 2689 2070 2760 103).

418 2771 810 2851 Summopere
840 2777 1018 2833 etiam
1047 2776 1302 2848 quisque
1328 2774 1640 2847 presbyter
1669 2781 1896 2846 caveat,
1925 2777 2076 2834 sicut

415 2871 492 2927 de
522 2873 679 2925 statu
711 2884 822 2923 suo
850 2866 976 2921 vult
1006 2865 1285 2935 gaudere,
1321 2871 1384 2920 ut
1414 2881 1535 2919 non
1565 2881 1926 2938 quacunque
1976 2883 2070 2922 oc-
2104 2881 2146 2935 ο

417 2959 659 3015 casione
690 2972 898 3030 parem
923 2970 1099 3010 suum
1131 2959 1232 3009 aut
1263 2952 1444 3008 alium
1476 2953 1802 3025 quemlibet
1822 2955 1899 3010 ad
1920 2955 2072 3012 iram

394 3047 472 3105 ’et
498 3049 712 3115 rixam,
743 3044 931 3101 multo
963 3043 1162 3099 minus
1186 3043 1263 3098 ad
1295 3058 1566 3114 pugnam
1595 3042 1689 3098 vel
1719 3042 1798 3098 ad
1819 3044 2069 3113 eadem,

414 3137 618 3210 aliquo
646 3134 832 3192 verbo
862 3133 1045 3189 irritet
1074 3148 1180 3188 seu
1209 3136 1511 3204 provocet,
1564 3147 1673 3187 nec
1711 3137 2071 3203 provocatus

413 3227 490 3283 ad
518 3227 634 3282 hoc
660 3223 985 3297 quisquam
1012 3221 1301 3295 prosiliat,
1331 3221 1474 3293 quia
1501 3221 1560 3276 in
1593 3220 1808 3277 talibus
1839 3238 2069 3280 comes-

397 3315 741 3373 ‘sationibus
797 3317 854 3369 et
903 3312 1309 3386 potationibus
1365 3327 1601 3384 semper
1654 3328 1714 3367 se
1778 3312 2072 3370 immiscet

409 3405 707 3463 diabolus.

389 3493 394 3496 ’
788 3497 873 3549 De
904 3493 1172 3549 convivio
1194 3491 1704 3562 presbyterorum.

481 3606 673 3661 CCXV.
719 3604 1014 3674 (HINCMAR.
1049 3599 1189 3655 ibid.
1220 3617 1232 3667 ;
1269 3597 1585 3654 BURCIIARI).
1615 3596 1715 3654 lib.
1739 3615 1800 3664 11,
1834 3613 1883 3654 c.
1924 3600 2064 3668 162).

405 3694 658 3761 Quando
690 3697 890 3750 autem
936 3689 1319 3747 convenerint
1366 3687 1699 3760 presbyteri
1743 3687 1821 3743 ad
1867 3687 2068 3743 convi-

402 3784 592 3850 vium,
625 3781 892 3844 decanus
922 3783 1025 3834 aut
1053 3777 1269 3850 aliquis
1329 3777 1495 3848 prior
1537 3776 1774 3832 illorum
1825 3793 2066 3832 versum

404 3874 542 3925 ante
573 3884 847 3923 mensam
877 3865 1142 3936 incipiat,
1171 3869 1227 3920 et
1251 3863 1453 3919 cibum
1480 3863 1815 3930 benedicat,
1850 3869 1905 3919 et
1926 3869 2066 3920 tunc

406 3957 741 4012 secundum
765 3970 943 4011 suum
973 3953 1246 4008 ordinem
1279 3951 1548 4020 sedeant,
1581 3951 1749 4007 alteri
1774 3953 2066 4010 honorem

401 4047 730 4118 portantes,
744 4049 801 4100 et
828 4059 934 4116 per
962 4043 1120 4097 vices
1141 4041 1343 4097 cibum
1364 4045 1421 4096 et
1446 4044 1657 4112 potum
1677 4040 2062 4110 benedicant;

402 4138 461 4190 et
507 4131 722 4204 aliquis
780 4132 854 4187 de
908 4130 1147 4186 illorum
1195 4129 1419 4186 clericis
1468 4129 1696 4203 aliquid
1742 4130 1817 4186 de
1857 4137 2064 4189 sancta

403 4220 705 4294 Scriptura
777 4219 936 4290 legat
968 4261 981 4285 ,

381 4311 676 4368 sanctum
699 4309 851 4382 [cod.
883 4309 1081 4364 Paris.
1116 4307 1471 4379 secundum]
1518 4308 1817 4380 hymnum
1861 4309 2066 4367 dicant

401 4401 479 4458 ad
509 4399 855 4473 exemplum
881 4397 1137 4468 Domini,
1173 4397 1323 4454 sicut
1346 4397 1407 4454 in
1438 4413 1610 4453 cano
1660 4398 1867 4456 fecisse
1916 4399 2062 4470 legi-

397 4496 528 4560 tur;
562 4494 618 4547 et
649 4489 731 4546 sic
765 4506 826 4546 se
864 4487 1038 4560 109
1071 4488 1413 4545 contineant
1450 4503 1662 4544 omnes
1704 4489 2080 4566 presbyteri,

395 4580 658 4637 maxime
678 4581 740 4636 in
770 4578 989 4636 talibus
1020 4577 1187 4646 locis,
1215 4581 1278 4633 ut
1306 4591 1430 4633 non
1473 4576 1838 4650 vituperetur
1883 4579 2060 4635 mini-

398 4671 645 4727 sterium
677 4675 948 4727 nostrum
979 4667 1421 4739 [Baro/tardus,
1455 4671 1520 4722 ut
1548 4682 1671 4722 non
1698 4666 1883 4739 vitup.
1909 4669 2054 4724 min.

394 4755 667 4828 illorum;
699 4761 886 4817 codex
912 4756 1325 4824 Helmastad.,
1355 4772 1430 4812 ne
1477 4757 1622 4812 min.
1662 4760 1938 4813 nostrum
1975 4758 2059 4814 vi-

397 4850 740 4905 iuberetur).

397 4851 459 4902 tu
540 4854 698 4905 retur
728 4892 740 4904 .

393 4864 536 5010 υἷε
509 4851 1074 5026 Kalen1dis,quando
1101 4954 1437 5025 presbyteri
1462 4954 1644 5008 simul
1673 4954 2052 5011 conveniunt.

887 5045 1050 5100 Unde
1076 5059 1282 5114 supra,
1317 5058 1448 5112 cap.
1489 5046 1571 5098 16.

466 5151 683 5207 CCXVI.
735 5151 1013 5206 HINCIAR.
1048 5151 1214 5223 ibid,
1247 5166 1297 5205 c.
1333 5155 1393 5204 15
1422 5167 1434 5216 ;
1468 5152 1695 5204 Βιαυιιτ.
1721 5164 1772 5202 c.
1807 5151 1910 5216 20;
1945 5149 2054 5205 Ca-

370 5240 658 5316 pitulare
686 5243 990 5306 Anvroms,
1021 5254 1072 5294 c.
1105 5243 1172 5294 29
1200 5257 1212 5306 ;
1248 5240 1569 5294 Buncmnn.
1598 5235 1700 5293 lib.
1733 5253 1792 5305 ιι,
1829 5253 1880 5292 c.
1910 5239 2047 5309 164).

391 5329 645 5395 Quando
674 5325 1002 5401 presbyteri
1022 5342 1128 5398 per
1152 5327 1450 5384 Kalendas
1468 5326 1644 5382 simul
1666 5327 2050 5397 conveniunt,

477 5540 602 5616 216)
651 5545 842 5616 Caput
869 5540 1029 5599 istud
1058 5556 1181 5597 non
1208 5544 1398 5596 exstat
1423 5540 1483 5595 in
1510 5540 1712 5598 codice
1740 5557 1852 5597 ms.

483 5472 586 5529 215
649 5470 790 5528 Vide
823 5468 1157 5542 Capitulare
1190 5468 1397 5528 Riculfi
1425 5469 1890 5536 Suessionensis,
1920 5481 2054 5541 cap.
2083 5475 2144 5534 9.

458 5474 610 5617 E216;
651 5545 842 5616 Caput
869 5540 1029 5599 istud
1058 5556 1181 5597 non
1208 5544 1398 5596 exstat
1423 5540 1483 5595 in
1510 5540 1712 5598 codice
1740 5557 1852 5597 ms.

2201 271 2353 326 riam
2393 273 2799 345 collationem;
2825 291 2947 332 non
2977 277 3152 349 quasi
3196 279 3274 334 ad
3318 281 3640 352 prandium
3692 284 3860 354 [Bur-

2202 361 2484 427 chardus,
2518 378 2640 418 non
2669 364 2844 436 quasi
2875 363 2955 420 ad
2999 365 3248 437 plenam
3307 368 3739 444 refectionem],
3785 371 3862 427 ibi

2201 449 2279 503 ad
2311 449 2546 507 tabulas
2578 452 2896 521 resideant,
2929 458 2986 510 et
3013 470 3120 527 per
3147 455 3284 512 talia
3313 457 3632 516 inhonesta
3661 461 3856 516 convi-

2199 537 2296 594 via
2320 538 2576 596 invicem
2606 547 2947 611 graventur,
2998 544 3144 616 quia
3190 545 3474 604 indecens
3513 553 3602 604 est
3642 555 3702 604 et
3729 566 3860 606 one-

2200 643 2424 684 rosum.
2463 632 2628 702 Sape
2649 631 2828 688 etiam
2855 633 3023 689 tarde
3062 634 3140 691 ad
3193 635 3474 694 ecclesias
3521 638 3854 706 redeuntes,

2200 717 2391 788 magis
2421 718 2711 775 damnum
2739 720 2813 777 de
2842 723 3304 794 reprehensione
3325 726 3690 798 conquirunt
3713 735 3768 784 et
3785 729 3857 784 de

2199 806 2516 876 gravedine
2547 814 2758 865 mutua
2784 813 3146 870 contrahunt
3171 830 3357 886 quam
3386 815 3622 872 lucrum
3661 817 3740 872 ibi
3779 819 3857 873 fa-

2198 893 2376 950 ciant.
2412 900 2556 952 Nam
2589 897 2663 952 de
2693 897 3042 968 hujusmodi
3069 907 3370 958 conventu
3402 904 3619 960 Paulus
3663 907 3856 962 Corin-

2199 985 2352 1040 thios
2381 985 2758 1058 reprehendit
2813 989 2865 1058 (1
2897 989 3033 1044 Cor.
3076 991 3178 1062 in),
3227 992 3332 1064 qui
3372 992 3855 1050 inconvenienter

2196 1089 2434 1129 canam
2466 1074 2838 1131 Dominicam
2869 1078 3236 1135 manducare
3266 1081 3722 1138 conveniebant.
3768 1084 3855 1139 Sic

2196 1167 2254 1218 et
2282 1163 2383 1236 qui
2414 1163 2491 1220 ad
2520 1181 2758 1221 cauam
2791 1167 3185 1237 Dominicam,
3235 1169 3299 1226 id
3350 1176 3438 1227 est
3485 1173 3563 1228 ad
3603 1173 3856 1230 collatio-

2196 1268 2336 1307 nem
2389 1253 2553 1308 verbi
2609 1253 2722 1310 sub
2773 1255 3089 1314 occasione
3149 1259 3532 1327 conveniunt,
3593 1265 3651 1316 et
3693 1264 3854 1318 exuri

2195 1344 2364 1396 atate
2409 1342 2702 1399 ventrisca
2751 1344 2914 1414 [edit.
2946 1346 3360 1418 Helmastad.,
3412 1340 3761 1406 Bu'rchard.
3801 1358 3854 1406 et

2193 1431 2532 1499 Hincmar.,
2555 1447 2626 1486 ex
2651 1433 2893 1489 veritate
2923 1435 3146 1490 ventris
3169 1451 3378 1493 causa.
3421 1469 3488 1478 ——
3559 1439 3700 1495 Vide
3725 1456 3853 1495 con-

2194 1521 2395 1575 cilium
2428 1521 2710 1590 Nannet.,
2742 1539 2793 1578 c.
2827 1523 2913 1593 15]
2969 1525 3440 1596 conjunguntur,
3491 1529 3856 1600 reprehensi-

2193 1608 2339 1664 biles
2369 1625 2572 1664 coram
2628 1614 2744 1667 Deo
2785 1617 2840 1668 et
2869 1612 3216 1669 hominibus
3262 1615 3580 1673 habentur.
3625 1620 3692 1674 Et
3720 1619 3852 1674 ideo

2192 1699 2445 1771 peractis
2477 1699 2782 1768 omnibus,
2815 1701 2920 1773 qui
2949 1701 3220 1774 voluerit,
3252 1720 3476 1776 panem
3497 1721 3638 1761 cum
3668 1707 3854 1763 chari-

2193 1791 2308 1843 tate
2337 1787 2398 1842 in
2425 1787 2608 1844 domo
2629 1788 2824 1844 fratris
2855 1790 2944 1844 sui
2969 1780 3154 1847 'simul
3184 1809 3322 1848 cum
3363 1782 3646 1850 fratribus
3692 1797 3850 1852 fran-

2193 1883 2292 1948 gat
2343 1883 2398 1932 et
2443 1877 2708 1947 singulos
2760 1879 2997 1934 biberes
3047 1881 3362 1954 accipiant,
3407 1873 3667 1940 maxime
3689 1875 3850 1942 ultra

2192 1967 2423 2022 tertiam
2455 1968 2642 2024 vicem
2667 1969 2949 2041 poculum
2975 1986 3095 2026 non
3126 1972 3513 2043 contingant;
3561 1978 3617 2028 et
3666 1973 3747 2029 sic
3775 1975 3848 2028 ad

2191 2056 2473 2112 ecclesias
2502 2057 2766 2113 redeant.

2189 2149 2276 2202 De
2306 2146 2396 2200 his
2437 2148 2541 2217 qui
2585 2148 2657 2203 de
2709 2148 2866 2204 nihil
2907 2149 3263 2205 habentibus
3317 2152 3703 2208 ordinantur.
3756 2155 3852 2208 Ea:

2637 2241 2886 2295 concilio
2916 2231 3402 2311 Carthaginensi.
3746 2304 3752 2310 _

2261 2325 2502 2381 CCXVII.
2531 2327 2754 2398 (Codex
2781 2330 3007 2385 Canon.
3039 2331 3210 2388 Eccl.
3239 2332 3531 2404 Afric.,c.
3563 2337 3632 2388 32
3660 2350 3849 2400 nesse

2187 2413 2488 2484 Ambian.,
2520 2432 2570 2470 c.
2603 2421 2673 2484 6;
2703 2418 3022 2490 Bcacusnn.
3078 2419 3181 2476 lib.
3228 2437 3408 2488 111,0.
3445 2422 3586 2492 120).
3631 2421 3850 2477 Placuit

2188 2507 2252 2557 ut
2280 2503 2563 2577 episcopi,
2592 2506 2946 2579 presbyteri,
2987 2511 3029 2579 1
3049 2511 3160 2581 10
3189 2510 3446 2577 diaconi,
3479 2509 3574 2566 vel
3600 2511 3850 2583 quicun-

2185 2608 2304 2664 que
2332 2592 2544 2664 clerici,
2573 2595 2676 2667 qui
2706 2595 2852 2651 nihil
2882 2598 3175 2654 habentes
3202 2600 3573 2667 ordinantur,
3607 2606 3682 2655 .et
3704 2605 3847 2656 tem-

2185 2697 2329 2752 pore
2359 2682 2742 2755 episcopatus
2766 2685 2857 2740 vel
2887 2686 3196 2743 clericatus
3228 2688 3324 2744 sui
3353 2705 3531 2758 agros
3565 2676 3660 2745 vel
3687 2706 3848 2762 qua-

2187 2787 2424 2845 cunque
2454 2775 2679 2846 praedia
2709 2793 2818 2832 suo
2847 2777 3079 2834 nomini
3117 2784 3492 2852 comparant,
3556 2773 3846 2853 tanquam

2185 2877 2382 2916 rerum
2430 2864 2874 2921 Dominicarum
2926 2866 3254 2924 invasionis
3308 2869 3554 2925 crimine
3600 2874 3845 2925 tenean-

2185 2953 2296 3017 tur,
2330 2950 2440 3006 nisi
2471 2952 2763 3010 admoniti
2789 2955 2851 3010 in
2881 2955 3130 3013 ecclesia
3166 2957 3378 3014 eadem
3407 2958 3540 3032 ipsa
3583 2959 3848 3015 contule-

2183 3039 2316 3096 rint.

2179 3129 2268 3184 De
2294 3131 2495 3186 eadem
2527 3147 2610 3188 re.
2643 3133 2738 3189 Ea:
2769 3134 3209 3203 Capitularium
3249 3136 3402 3192 libro
3430 3154 3470 3206 1,
3531 3152 3664 3207 cap.
3721 3142 3842 3192 150.

2253 3218 2516 3274 CCXVIII.
2542 3218 2691 3290 (Lib.
2726 3237 2744 3275 1
2774 3221 3133 3292 Capitular.,
3190 3240 3240 3279 c.
3297 3228 3436 3291 156;
3493 3224 3844 3295 Baianum,

2177 3305 2260 3361 lib
2311 3323 2392 3376 ιιι,
2421 3325 2552 3381 cap.
2592 3310 2732 3380 121).
2771 3311 3193 3384 Unusquisque
3223 3313 3533 3386 presbyter
3561 3331 3656 3370 res
3685 3330 3842 3388 quas

2177 3401 2317 3468 post
2345 3397 2503 3452 diem
2529 3399 2990 3456 consecrationis
3012 3401 3412 3474 acquisiverit,
3446 3404 3706 3477 propria
3744 3407 3842 3460 Ec-

2179 3485 2371 3541 clesia
2400 3486 2716 3558 relinquat.

2442 3595 2530 3649 De
2554 3594 2754 3650 eadem
2777 3610 2859 3651 re.
2883 3596 2982 3651 Ea:
3010 3599 3262 3653 concilio
3289 3601 3562 3656 remensi.

2251 3684 2464 3740 CCXIX.
2498 3683 2795 3752 (limosum
2825 3684 3085 3754 Capitul.
3113 3685 3196 3741 tit.
3230 3691 3284 3757 2,
3313 3703 3364 3743 c.
3391 3691 3452 3743 18
3478 3707 3490 3755 ;
3515 3691 3838 3745 Buncnuo.

2175 3770 2279 3826 lib.
2306 3776 2387 3837 iu,
2417 3787 2468 3826 c.
2505 3773 2650 3839 118).
2701 3772 3191 3842 Investigandum
3241 3779 3333 3831 est
3385 3775 3437 3830 si
3474 3776 3620 3832 nihil
3657 3779 3842 3849 patri-

2152 3860 2362 3918 .monii
2384 3860 2617 3917 habens
2646 3861 2961 3934 presbyter
2985 3863 3232 3934 quando
3272 3869 3590 3937 provectus
3638 3871 3731 3922 est
3758 3867 3840 3922 ad

2173 3948 2446 4004 ordinem
2475 3949 2964 4021 ecclesiasticum,
2994 3956 3203 4023 postea
3233 3953 3440 4010 emerit
3459 3954 3703 4026 praedia,
3737 3971 3842 4012 cu-

2167 4038 2268 4108 jus
2282 4037 2435 4108 juris
2463 4037 2598 4106 sint,
2627 4039 2919 4111 quoniam
2948 4039 3209 4097 ecclesia
3239 4042 3317 4097 ad
3346 4059 3533 4115 quam
3579 4043 3654 4099 de
3686 4044 3842 4101 nihil

2173 4126 2431 4182 habente
2457 4132 2768 4198 promotus
2794 4133 2905 4197 est,
2936 4145 3067 4186 esse
3111 4129 3332 4188 debent
3365 4133 3540 4203 juxta
3588 4135 3842 4191 canoni-

1067 4222 1124 4274 et
1169 4222 1306 4290 post
1347 4217 1728 4274 refectionem
1797 4219 2064 4278 similiter
2090 4236 2135 4292 ι)
2174 4231 2310 4272 cam
2331 4216 2760 4276 auctoritatem.

2454 4326 2554 4382 Ex
2581 4327 2831 4382 concilio
2860 4327 3260 4397 Arausicano,
3293 4343 3426 4398 cap.
3460 4333 3548 4385 54.

2241 4416 2437 4485 (Cone.
2470 4414 2693 4486 Agath.
2723 4431 2775 4471 c.
2807 4419 2876 4471 54
2904 4434 2916 4484 ;
2947 4419 3262 4472 Buncmnn.
3301 4417 3402 4473 lib.
3453 4435 3533 4488 ιιι,
3585 4436 3635 4476 c.
3683 4423 3837 4491 119).

2241 4503 2574 4576 Presbyter,
2596 4521 2733 4559 cum
2763 4504 3070 4561 dioecesim
3096 4509 3276 4577 tenet,
3296 4507 3370 4563 de
3395 4507 3488 4562 his
3511 4525 3647 4582 qua
3673 4525 3841 4566 eme-

2166 4593 2242 4650 rit
2265 4594 2345 4650 ad
2391 4593 2658 4650 ecclesia
2699 4609 2923 4650 nomen
2963 4595 3320 4668 scripturam
3363 4595 3558 4665 faciat,
3609 4603 3716 4655 aut
3750 4599 3839 4655 ab

2167 4684 2216 4755 ej
2227 4700 2295 4738 us
2311 4698 2497 4756 quam
2514 4685 2670 4739 tenet
2695 4681 2956 4738 ecclesia
2972 4683 3348 4741 ordinatione
3367 4684 3640 4743 discedat
3653 4689 3835 4758 (216).

2354 4793 2440 4846 De
2471 4790 2756 4847 reditibus
2784 4792 2876 4847 vel
2915 4791 3314 4848 oblationibus
3344 4795 3622 4851 ecclesiae.

2236 4883 2425 4937 CCXX.
2461 4879 2761 4950 (HINCMARI
2791 4879 3089 4950 Capitula,
3149 4880 3234 4937 tit.
3284 4883 3340 4952 2,
3385 4898 3436 4939 c.
3478 4882 3581 4953 l9).
3631 4884 3842 4957 Inqui-

2162 4969 2419 5025 rendum
2443 4972 2532 5024 est
2558 4967 2608 5022 si
2637 4969 2950 5025 occasione
2969 4969 3150 5041 hujus
3172 4971 3563 5043 praecedentis
3580 4973 3840 5046 capituli

2163 5054 2375 5128 aliquis
2402 5057 2889 5128 presbyterorum
2923 5057 2997 5114 de
3040 5058 3375 5116 redditibus
3419 5061 3683 5117 ecclesia
3730 5063 3839 5120 vel

2161 5145 2566 5203 oblationibus
2591 5161 2662 5202 ac
2681 5147 2829 5202 votis
2855 5147 3124 5204 ﬁdelium
3147 5148 3264 5205 alio
3284 5150 3529 5206 nomine
3544 5166 3640 5208 res
3664 5168 3842 5209 com-

2159 5235 2476 5310 paraverit,
2499 5237 2542 5306 1
2561 5237 2603 5306 1
2623 5237 2665 5306 1
2704 5240 2761 5292 et
2788 5236 2870 5292 ibi
2899 5242 3226 5296 structuras
3273 5239 3492 5306 fecerit,
3546 5239 3642 5298 vel
3687 5258 3837 5314 qua.

2160 5325 2238 5382 ad
2271 5323 2583 5380 ecclesiam
2613 5324 2907 5397 pertinent
2932 5325 3153 5383 ibidem
3185 5327 3660 5406 collocaverit,et
3693 5347 3840 5387 mu-
