4044 6196
263 112 381 164 «233

1240 111 1329 166 DE
1370 109 1648 169 ECCLES.
1690 102 2197 166 DlSClPL..LIBBI
2238 102 2400 164 DUO.
2437 140 2504 151 -—-
2538 111 2666 168 LIB.
2700 112 2740 169 Ι.

3600 122 3704 184 234

275 230 494 288 lierum
520 229 1055 304 frequentationem
1086 231 1230 289 inibi
1262 233 1388 291 ﬁeri
1416 233 1771 308 permiserit,
1816 232 1930 299 vel,
1967 235 2013 286 A
2043 229 2427 305 quirendum,
2459 241 2563 291 aut
2593 236 2808 308 tilium,
2841 241 2945 294 aut
2970 236 3271 305 libertum,
3326 248 3431 299 aut
3476 212 3700 303 merce-

275 320 446 393 quod
474 320 659 392 turpis
680 324 787 391 est,
850 321 995 378 tales
1053 322 1333 379 mulieres
1383 325 1607 382 ibidem
1663 322 1936 380 habuerit

276 426 414 483 quae
439 408 802 465 beneﬁcium
830 425 1008 466 suum
1040 419 1356 469 exerceant
1378 420 1436 470 et
1464 429 1674 471 curam
1717 413 1935 469 domus

276 503 479 569 agant,
514 503 572 556 et
596 498 660 556 in
687 498 904 557 eodem
933 500 1247 573 presbyter
1299 502 1640 575 frequenter
1693 501 1935 559 veniens

278 585 583 643 manserit.
609 587 827 643 Contra
848 588 1087 645 decreta
1107 605 1414 646 canonum
1426 590 1544 648 hoc
1558 590 1788 648 malum
1813 588 1936 660 agi-

277 678 388 730 tur.
414 674 568 740 Quia
588 674 741 731 sicut
760 692 869 732 nec
896 692 1027 746 suo,
1054 676 1139 733 ita
1157 694 1269 734 nec
1298 678 1495 736 alieno
1509 678 1754 736 nomine
1776 693 1937 750 pres-

272 762 447 835 byter
473 763 647 821 fenus
674 780 949 822 exercere
975 765 1175 832 debet,
1200 767 1391 824 multo
1416 767 1618 825 minus
1661 765 1936 825 fraudem

275 852 469 908 facere
498 852 576 909 de
607 853 989 911 facultatibus
1017 855 1469 913 ecclesiasticis:
1499 856 1792 930 quoniam
1820 855 1935 911 hoc

274 940 657 1012 sacrilegium
688 946 796 1012 est,
827 958 939 1015 par
966 943 1191 1000 crimen
1232 945 1400 1001 Iuda
1457 944 1624 1017 furis,
1678 945 1783 1019 qui
1838 961 1935 1000 sa-

274 1046 408 1086 cras
468 1030 806 1088 oblationes
854 1032 1203 1103 asportabat
1230 1038 1287 1088 et
1320 1033 1648 1091 Iurabatur.

483 1120 572 1174 De
616 1121 835 1175 usuris.
882 1120 981 1175 Ea:
1017 1135 1246 1177 canone
1292 1122 1720 1191 apostolorum.

346 1225 579 1281 CCXXI.
616 1224 845 1281 Conon.
877 1226 1203 1296 apostolor.
1238 1243 1290 1282 c.
1321 1230 1391 1282 44
1424 1244 1438 1295 ;
1473 1227 1795 1284 BURCHARD.
1828 1227 1930 1284 lib.

272 1329 331 1380 ιι,
358 1330 410 1370 c.
470 1313 610 1384 119.)
668 1315 1021 1388 Episcopus,
1071 1315 1409 1388 presbyter,
1468 1322 1573 1372 aut
1641 1317 1934 1373 diaconus

275 1419 490 1461 usuras
537 1418 573 1459 a
637 1402 1012 1461 debitoribus
1059 1404 1323 1475 exigens,
1379 1409 1483 1462 aut
1547 1406 1800 1478 desinat,
1831 1409 1936 1462 aut

278 1497 434 1550 certe
461 1493 801 1553 damnetur.

521 1583 608 1640 De
635 1582 837 1640 eadem
884 1598 968 1639 νε.
1004 1585 1103 1641 Ex
1128 1585 1385 1641 concilio
1412 1586 1677 1642 Nicmnc.

341 1691 583 1747 CCXXII.
617 1690 871 1752 (Concil.
923 1691 1150 1748 Nicaea.
1196 1708 1247 1747 c.
1312 1696 1373 1747 I7
1416 1708 1431 1759 ;
1488 1694 1766 1747 Buncaan.
1822 1690 1925 1747 lib.

270 1794 329 1847 ιι,
352 1795 404 1833 c.
443 1779 590 1849 I20.)
646 1779 943 1844 Quoniam
994 1779 1167 1837 multi
1222 1779 1335 1835 sub
1391 1780 1600 1851 regula
1627 1779 1930 1837 constituti

268 1867 582 1924 avaritiam
608 1872 666 1923 et
700 1868 895 1940 turpia
918 1868 1085 1925 lucra
1111 1874 1434 1940 sectantur,
1466 1869 1753 1943 oblitique
1786 1868 1931 1926 Scri-

268 1962 456 2029 pturae
478 1956 728 2014 dicentis
754 1976 766 2012 :
795 1958 913 2025 Qui
920 1961 1242 2028 pecuniam
1272 1975 1442 2017 suam
1472 1975 1592 2016 non
1635 1959 1797 2016 dedit
1848 1960 1931 2016 ad

268 2060 537 2113 usuram,
571 2049 707 2113 etc.,
731 2050 1011 2102 mutuum
1028 2047 1263 2116 dantes,
1282 2047 1639 2104 centesimas
1659 2049 1924 2118 exigunt,

262 2134 421 2204 juste
448 2134 673 2191 censuit
715 2141 922 2193 sancta
947 2136 1221 2209 synodus
1250 2143 1313 2193 ut
1360 2137 1409 2193 si
1463 2137 1599 2211 quis
1650 2138 1928 2193 inventus

265 2219 443 2278 fuerit
472 2239 687 2279 usuras
715 2224 1015 2298 accipiens
1046 2230 1149 2282 aut
1178 2225 1484 2293 hemiolia,
1515 2225 1577 2281 id
1606 2230 1699 2281 est
1729 2241 1928 2282 sescu-

268 2310 391 2383 pla,
415 2313 679 2383 exigens,
704 2313 798 2369 vel
823 2313 1053 2387 aliquid
1094 2315 1207 2371 tale
1260 2330 1507 2387 prorsus
1557 2314 1926 2386 excogitans,

264 2401 457 2473 turpis
481 2401 628 2458 lucri
656 2403 847 2472 gratia
895 2402 1208 2473 dejiciatur
1267 2420 1303 2459 a
1358 2403 1537 2470 clero,
1592 2408 1649 2459 et
1700 2403 1929 2460 alienus

262 2489 481 2545 existat
510 2505 547 2544 a
575 2489 802 2560 regula.

476 2579 565 2635 De
591 2578 793 2635 eadem
819 2594 903 2635 re.
937 2580 1037 2635 Ex
1065 2579 1316 2635 concilio
1352 2579 1722 2635 Laodicensi.

336 2685 605 2742 CCXXIII.
638 2685 867 2740 Concil.
900 2684 1145 2741 Laodic.
1180 2701 1230 2740 c.
1263 2689 1340 2757 ὅ.)
1374 2685 1545 2751 Quod
1576 2700 1699 2741 non
1752 2692 1927 2758 opor-

264 2777 386 2829 teat
406 2773 745 2830 sacerdotes
777 2778 835 2829 et
858 2772 1102 2830 clericos
1148 2774 1483 2829 fenerantes
1541 2789 1777 2842 usuras,
1834 2774 1927 2829 vel

263 2877 402 2934 quas
440 2864 483 2933 1
502 2863 609 2933 12
642 2861 923 2917 dicuntur
953 2861 1255 2935 sescupla,
1286 2862 1349 2917 id
1372 2867 1462 2918 est
1492 2874 1798 2919 summam
1832 2879 1926 2918 ca-

264 2950 402 3024 pitis
432 2954 487 3006 et
515 2949 834 3006 dimidium
860 2967 1140 3018 summie,
1172 2950 1476 3024 percipere
1503 2952 1671 3023 (217).

536 3040 623 3095 De
650 3040 851 3096 eadem
884 3055 966 3095 re.
1000 3040 1099 3097 Ea?
1140 3041 1391 3109 epistola
1421 3041 1654 3097 Leonis.

338 3130 599 3185 CCXXIV.
635 3130 908 3197 (Decreta
941 3131 1138 3185 Lsoms
1171 3134 1210 3199 l,
1243 3146 1294 3186 c.
1330 3134 1361 3186 3
1396 3148 1409 3198 ;
1444 3132 1763 3186 Βυιιειιιιιιι).
1819 3128 1921 3185 lib.

263 3234 325 3289 ιι,
357 3233 472 3291 cap
504 3218 628 3289 I23)
662 3221 776 3274 Nec
795 3218 910 3274 hoc
954 3234 1198 3291 quoque
1254 3217 1740 3291 praetereundum
1792 3233 1924 3273 esse

252 3306 572 3377 duximus,
603 3308 906 3380 quosdam
937 3308 1126 3381 turpis
1152 3308 1301 3363 lucri
1346 3306 1668 3382 cupiditate
1718 3311 1925 3380 captos

263 3395 604 3452 usurariam
632 3411 907 3453 exercere
933 3412 1177 3470 pcenam
1211 3397 1356 3468 (2I8)
1413 3400 1469 3453 et
1519 3395 1722 3452 fenore
1776 3393 1925 3452 velle

264 3485 554 3541 ditescere
582 3504 595 3541 :
626 3485 791 3559 quod
817 3500 941 3541 non
973 3485 1171 3542 dicam
1196 3485 1256 3542 in
1285 3500 1389 3542 eos
1418 3484 1522 3559 qui
1554 3490 1693 3541 sunt
1722 3484 1780 3540 in
1814 3483 1924 3541 cle-

264 3575 432 3632 ricali
463 3574 662 3633 oﬁicio
687 3575 1006 3643 constituti,
1040 3574 1146 3632 sed
1173 3580 1232 3631 et
1250 3574 1312 3631 in
1342 3574 1527 3631 laicos
1555 3575 1790 3643 cadere,
1821 3573 1925 3647 qui

264 3665 632 3723 Christianos
656 3680 718 3721 se
746 3663 863 3721 dici
886 3664 1156 3738 cupiunt,
1184 3663 1601 3721 condolemus.

377 3775 450 3832 Ut
496 3774 607 3829 sub
635 3772 833 3830 alieno
865 3774 1101 3830 nomine
1137 3775 1313 3832 fenus
1355 3789 1476 3829 non
1503 3778 1819 3830 ea'erceant

657 3845 881 3901 clerici.
914 3844 1015 3900 Ex
1034 3844 1239 3901 eadem
1294 3845 1564 3914 epistola.

332 3951 570 4007 CCXXV.
596 3950 730 4021 (Leo
757 3951 861 4005 lin
891 3950 1180 4030 Decretis,
1207 3965 1259 4005 c.
1292 3952 1326 4004 4
1364 3967 1377 4017 ;
1437 3950 1759 4004 Bursam).
1818 3946 1922 4003 lib.

256 4053 318 4107 ιι,
354 4054 406 4093 c.
442 4038 583 4110 I2I.)
606 4037 755 4093 Illud
783 4036 964 4093 etiam
993 4036 1513 4110 praemonendum,
1537 4040 1601 4091 ut
1628 4034 1780 4091 sicut
1802 4050 1924 4091 non

257 4142 393 4194 suo,
425 4126 508 4183 ita
538 4142 647 4183 nec
675 4125 872 4183 alieno
903 4125 1148 4182 nomine
1173 4123 1389 4197 aliquis
1423 4123 1775 4181 clericorum
1825 4139 1923 4179 ex-

258 4231 462 4273 ercere
496 4216 669 4273 fenus
690 4218 953 4272 attentet.

428 4326 516 4382 De
535 4324 736 4382 eadem
766 4339 851 4380 re.
884 4323 984 4380 Ex
1009 4323 1260 4379 concilio
1289 4323 1746 4379 Tarraconensi.

336 4431 612 4489 CCXXV].
645 4430 894 4499 (Concil.
927 4432 1174 4487 Tarrac.
1219 4445 1270 4485 c.
1320 4432 1397 4497 2;
1451 4431 1767 4487 BUIICIIAIID.
1818 4427 1921 4485 lib.

224 4541 315 4619 οε.
354 4522 499 4594 122.)
529 4520 880 4619 Quicunque
900 4518 962 4575 in
993 4518 1151 4619 clero
1190 4534 1322 4619 esse
1367 4517 1637 4575 voluerit.
1686 4517 1926 4575 emendi

259 4607 442 4669 vilius
462 4610 557 4667 vel
579 4609 878 4668 vendendi
901 4608 1097 4666 carius
1128 4607 1327 4665 studio
1352 4623 1476 4664 non
1523 4611 1744 4664 utatur.

444 4721 531 4777 De
558 4721 764 4778 eadem
816 4734 901 4776 re.
932 4718 1033 4775 Ex
1057 4717 1309 4775 concilio
1348 4717 1744 4773 Eliberitano.

338 4847 629 4903 CCXXVII.
705 4844 954 4917 (Concil.
1014 4843 1291 4899 Eliberit.
1352 4858 1404 4898 c.
1461 4841 1569 4913 18.)
1630 4840 1922 4915 Episcopi,

261 4932 621 5006 presbyteri,
642 4937 701 4990 et
738 4935 782 5004 1
800 4933 908 5005 13
942 4931 1181 4990 diaconi
1201 4931 1277 4987 de
1306 4930 1452 4987 locis
1472 4929 1597 4986 suis
1618 4929 1926 5000 negotian-

263 5023 330 5079 di
364 5038 549 5080 cansa
575 5038 700 5080 non
723 5021 1057 5089 discedant,
1084 5036 1195 5078 nec
1221 5022 1663 5078 circumeuntes
1686 5020 1926 5094 provin-

264 5113 413 5183 cias,
453 5113 758 5170 nundinas
787 5116 1103 5169 sectentur.
1125 5113 1280 5168 Sane
1301 5109 1380 5167 ad
1406 5108 1632 5167 victum
1649 5109 1763 5167 sibi
1782 5127 1924 5168 con-

342 5228 487 5345 (2t?)
563 5271 705 5328 Vide
799 5271 1062 5344 capitula
1166 5268 1458 5341 Ahytonis
1536 5269 1884 5327 Basileensis
1911 5313 1925 5339 ,

264 5348 509 5487 “83.187
520 5386 986 5487 deonendum
1014 5413 1129 5487 hoc
1156 5411 1291 5469 loco
1327 5414 1435 5487 est,
1491 5427 1604 5487 pro
1643 5428 1715 5469 eo
1765 5413 1932 5487 quod

265 5484 589 5543 codex'ms.
608 5485 929 5557 Reginonis
947 5484 1134 5541 habet
1152 5484 1930 5557 usurariam‘exercerépcee

268 5573 436 5625 nam,
470 5557 635 5630 apud
659 5555 915 5615 Leonem
945 5557 1211 5630 primum
1233 5555 1297 5611 in
1319 5555 1578 5628 epistola
1593 5556 1791 5629 prima
1815 5555 1931 5624 legi

747 5645 997 5701 ΡΑτιιοι..
1041 5644 1327 5701 CXXXII.

2043 318 2302 389 narium,
2330 328 2434 379 aut
2461 316 2724 382 amicum
2753 326 3008 384 mittant.
3040 330 3104 384 Et
3128 327 3178 385 si
3206 322 3496 389 voluerint
3520 350 3701 404 nego-

2044 407 2193 475 tiari,
2226 409 2381 495 intra
2402 414 2777 486 provinciam
2804 417 3196 495 negotiantur.

2185 490 2272 556 De
2291 502 2491 558 eadem
2524 519 2605 559 re.
2636 504 2735 560 Ex
2768 490 3022 562 concilio
3065 508 3556 579 Carthaginensi.

2116 590 2424 646 CCXXVIII.
2478 591 2731 661 (Concil.
2792 590 3084 665 Carthag.
3139 612 3217 663 ιιι,
3273 613 3323 653 c.
3390 603 3501 667 I6;
3565 602 3702 656 Βυιι-

2044 691 2243 730 ριιλιιι).
2274 676 2377 734 lib.
2405 694 2464 749 ιι,
2498 696 2550 735 c.
2590 682 2732 751 131.)
2766 679 2990 737 Placuit
3016 688 3079 739 ut
3109 684 3399 758 episcopi,
3449 688 3701 761 presby-

2046 764 2149 820 teri
2170 770 2228 822 et
2250 766 2488 824 diaconi
2507 785 2632 825 non
2655 768 2772 825 sint
2801 769 3217 840 conductores,
3238 779 3342 830 aut
3358 780 3702 847 procurato-

2042 869 2160 921 res,
2189 871 2383 927 neque
2412 856 2532 912 ullo
2564 856 2719 930 turpi
2754 859 2993 928 negotio
3021 864 3078 916 et
3106 860 3427 920 inhonesto
3476 865 3701 922 victum

2043 949 2337 1015 quierant,
2363 945 2508 1016 quia
2533 946 2820 1019 scriptum
2849 953 2941 1005 est
2972 966 2984 1003 :
3018 951 3201 1006 Nemo
3229 952 3501 1009 militans
3557 957 3698 1025 Deo,

2042 1033 2313 1102 implicat
2338 1050 2399 1090 se
2427 1037 2675 1106 negotiis
2700 1039 3093 1095 smnularibus
3125 1040 3218 1107 (II
3242 1041 3389 1097 Tim.
3424 1042 3501 1114 ιι).

2317 1126 2403 1180 De
2431 1125 2633 1182 eadem
2664 1142 2746 1182 re.
2782 1128 2880 1185 Ex
2918 1128 3117 1185 eodem
3147 1131 3419 1186 concilio.

2115 1215 2373 1271 CCXXIX.
2409 1215 2660 1281 (Concit.
2692 1218 2983 1289 Carthag.
3017 1234 3105 1289 ιιι,
3133 1236 3184 1275 c.
3235 1222 3298 1275 16
3333 1238 3347 1288 ;
3380 1224 3697 1281 ΒυιιειιΑιιι).

2042 1302 2143 1357 lib.
2174 1319 2231 1369 ιι,
2264 1320 2316 1359 c.
2354 1305 2498 1375 124.)
2527 1308 2667 1362 Item
2707 1306 2932 1379 placuit
2959 1312 3025 1364 ut
3055 1308 3326 1379 clericus,
3357 1309 3406 1365 si
3435 1327 3703 1368 commo-

2040 1390 2268 1447 daverit
2290 1393 2633 1464 pecuniam,
2658 1396 2980 1467 pecuniam
3001 1396 3256 1469 accipiat
3289 1416 3302 1466 ;
3337 1398 3386 1454 si
3416 1399 3697 1472 speciem,

2040 1479 2319 1537 eamdem
2351 1480 2634 1552 speciem,
2674 1490 2973 1555 quantum
3002 1485 3232 1541 dederit
3280 1487 3555 1560 accipiat.

2315 1571 2413 1625 Ex
2446 1572 2898 1641 Capitularium
2932 1574 3032 1630 tib.
3069 1592 3129 1645 ιι,
3169 1591 3302 1645 cap.
3335 1580 3425 1632 36.

2109 1659 2391 1715 CCXXX.
2427 1660 2575 1728 (Lib.
2608 1677 2646 1716 ιι
2699 1662 3043 1733 Capitutar.
3101 1679 3153 1719 c.
3207 1669 3321 1732 37;
3378 1668 3694 1722 Burmann.

2036 1746 2138 1803 lib.
2167 1764 2226 1818 ιι,
2255 1763 2306 1803 c.
2345 1750 2487 1820 125.)
2522 1752 2589 1805 Ut
2617 1750 2950 1823 presbyteri
2989 1767 3025 1807 a
3081 1751 3357 1826 turpibus
3412 1753 3593 1810 lucris
3642 1760 3699 1813 et

2038 1837 2235 1893 usuris
2262 1852 2387 1893 non
2416 1838 2614 1895 solum
2633 1839 2749 1912 ipsi
2777 1839 3137 1911 abstineant,
3155 1843 3552 1901 verumetiam
3577 1844 3699 1918 ple—

2034 1926 2144 1983 bes
2173 1926 2286 1982 sibi
2316 1927 2592 1985 subditas
2623 1928 2920 1986 abstinere
2949 1930 3263 1988 instruant.

2140 2018 2229 2073 De
2257 2016 2460 2074 eadem
2511 2033 2596 2075 re.
2641 2019 2742 2074 Ex
2777 2020 3030 2076 concilio
3081 2021 3575 2079 Chalcedonensi.

2107 2106 2408 2161 CCXXXI.
2439 2108 2671 2164 Concil.
2707 2109 3069 2166 Chalcedon.
3120 2127 3172 2166 c.
3228 2116 3259 2167 3
3294 2129 3308 2179 ;
3373 2115 3694 2169 Buncmao.

2032 2194 2136 2252 lib.
2167 2211 2226 2261 ιι,
2260 2196 2407 2267 145.)
2438 2197 2707 2253 Pervenit
2737 2198 2813 2253 ad
2844 2202 3115 2255 sanctam
3168 2200 3474 2272 synodum
3530 2200 3700 2273 quod

2035 2283 2285 2357 quidam
2310 2282 2414 2355 qui
2442 2284 2505 2338 in
2526 2283 2684 2339 clero
2710 2283 2987 2341 videntur
3011 2285 3200 2355 electi,
3242 2291 3488 2359 propter
3532 2286 3701 2345 lucra

2036 2372 2236 2445 turpia
2263 2372 2658 2428 conductores
2677 2372 3009 2430 alienarum
3035 2376 3500 2447 possessionum
3527 2376 3697 2446 ﬁant,

2036 2466 2092 2518 et
2123 2460 2433 2517 saecularia
2462 2460 2701 2531 negotia
2732 2461 2848 2517 sub
2877 2478 3023 2520 cura
3042 2480 3154 2520 sua
3196 2464 3548 2538 suscipiant,
3595 2467 3699 2524 Dei

2036 2552 2283 2625 quidem
2315 2551 2710 2609 ministerium
2737 2553 3263 2626 parvipendentes,
3321 2556 3699 2614 saecularium

2037 2657 2180 2698 vero
2201 2640 2599 2698 discurrentes
2621 2641 2863 2710 domos,
2891 2648 2950 2699 et
2977 2649 3220 2716 propter
3249 2645 3562 2702 avaritiam
3587 2662 3699 2719 pa-

2037 2729 2453 2786 trimoniorum
2491 2730 2665 2803 115
2688 2730 3147 2789 sollicitudinem
3207 2738 3533 2791 sumentes.
3597 2737 3701 2792 De-

2034 2819 2218 2875 crevit
2239 2819 2441 2892 itaque
2473 2824 2749 2875 sanctum
2766 2820 3110 2889 concilium,
3136 2821 3369 2878 nullum
3391 2822 3698 2896 deinceps,

1964 2930 2007 2984 ο
2033 2924 2159 2965 non
2186 2908 2559 2981 episcopum,
2591 2924 2715 2974 non
2770 2909 3072 2980 clericum,
3132 2925 3255 2967 non
3305 2912 3696 2980 monachum,

2034 3002 2140 3055 aut
2162 2996 2574 3071 possessiones
2604 2998 2961 3067 conducere,
2996 3002 3101 3056 aut
3146 2999 3399 3071 negotiis
3454 3001 3699 3058 saecula-

2030 3086 2199 3144 ribus
2224 3102 2286 3143 se
2315 3085 2589 3153 miscere,
2638 3091 2851 3159 praeter
2907 3087 3443 3145 ecclesiasticarum
3494 3104 3697 3147 rerum
3758 3140 3763 3145 .

2033 3176 2498 3234 sollicitudinem
2509 3220 2520 3231 .

2131 3267 2219 3323 De
2245 3266 2447 3323 eadem
2471 3281 2554 3322 re.
2592 3266 2688 3321 Ex
2714 3267 2969 3323 concilio
2990 3267 3304 3338 Metdensi,
3332 3282 3464 3337 cap.
3497 3270 3588 3325 49.

2104 3355 2421 3411 CCXXXII.
2448 3355 2702 3427 (Concil.
2733 3356 2916 3413 Meld.
2951 3372 3002 3412 c.
3036 3360 3139 3425 49;
3169 3359 3487 3415 BURCHARD.
3506 3357 3610 3414 lib.
3635 3373 3694 3425 ιι,

2032 3462 2084 3502 c.
2112 3446 2256 3517 146.)
2286 3447 2357 3501 Ut
2376 3460 2555 3501 nemo
2585 3443 2878 3501 laicorum
2898 3444 3286 3517 presbyteros
3301 3446 3694 3503 ecclesiarum

2033 3549 2279 3590 suarum
2313 3533 2472 3606 turpi
2494 3532 2841 3596 villicationi
2867 3538 2943 3602 et,
2974 3533 3312 3591 secundum
3341 3534 3696 3606 Apostolum

2037 3624 2122 3695 (II
2148 3624 2295 3678 Tim.
2326 3623 2406 3693 ιι),
2438 3620 2709 3676 smeulari
2739 3626 2794 3676 et
2820 3621 3149 3677 inhonestae
3175 3621 3564 3691 negotiationi
3590 3622 3698 3677 im-

2034 3711 2256 3784 plicare
2281 3725 2393 3766 nec
2425 3725 2632 3765 secum
2664 3708 2816 3764 alios
2848 3709 3054 3778 [Apud
3079 3710 3491 3778 Sirmondum,
3518 3709 3695 3765 alior-

2035 3814 2215 3871 sum;
2237 3800 2323 3854 sic
2349 3798 2530 3853 etiam
2559 3797 2622 3851 in
2645 3801 2760 3852 vel.
2790 3796 2919 3853 cod.
2954 3796 3202 3867 nostra.)
3234 3799 3442 3853 contra
3488 3800 3696 3855 aucto-

2032 3888 2269 3945 ritatem
2296 3885 2515 3943 ducere
2561 3889 2912 3958 praesumat,
2970 3900 3093 3957 quo
3140 3884 3537 3941 ministerium
3583 3883 3697 3941 sibi

2033 3976 2429 4035 commissum
2454 3978 2747 4051 cogantur
2774 3974 3094 4045 negligere.
3156 3974 3326 4041 Quod
3388 3974 3435 4030 si
3486 3977 3697 4032 contra

2032 4066 2342 4125 interdicta
2369 4064 2840 4139 praesumpserit,
2869 4064 3440 4122 excommunicetur.

2032 4179 2119 4234 De
2149 4176 2241 4233 his
2269 4176 2376 4248 qui
2396 4189 2511 4245 per
2536 4173 2823 4244 pecunias
2850 4174 3086 4248 fuerint
3123 4174 3411 4231 ordinati.
3444 4174 3544 4230 Ea:
3600 4190 3696 4231 ca-

2538 4260 2694 4314 none
2760 4246 3190 4315 apostolorum.

2107 4353 2447 4414 CCXXXIII.
2472 4353 2727 4423 (Canon.
2791 4354 3117 4422 apostolor.
3171 4370 3221 4408 c.
3284 4356 3399 4420 50.)
3461 4351 3517 4409 Si
3559 4352 3696 4425 quis

2032 4444 2354 4519 episcopus
2384 4446 2489 4499 aut
2517 4442 2836 4515 presbyter
2864 4446 2968 4497 aut
3015 4440 3308 4497 diaconus
3363 4455 3471 4512 per
3517 4455 3695 4511 pecu-

2030 4534 2163 4599 nias
2190 4534 2349 4590 hanc
2373 4530 2697 4589 obtinuerit
2721 4529 3095 4599 dignitatem,
3126 4527 3440 4599 dejiciatur
3478 4526 3609 4599 ipse
3638 4532 3697 4582 et

2032 4624 2340 4682 ordinator
2366 4623 2497 4695 ejus
2530 4625 2589 4678 et
2617 4637 2653 4677 a
2682 4618 3108 4675 communione
3162 4616 3360 4673 modis
3405 4615 3692 4671 omnibus

2033 4711 2440 4779 abscindatur,
2471 4710 2624 4766 sicut
2651 4708 2859 4766 Simon
2888 4709 3092 4777 Magus
3123 4721 3159 4761 a
3179 4705 3371 4762 Petro.

2175 4821 2262 4876 De
2284 4818 2488 4877 eadem
2511 4831 2595 4873 re.
2636 4815 2736 4872 Ex
2775 4812 3027 4870 concilio
3056 4810 3550 4868 Chalcedonensi.

2106 4928 2409 4986 CCXXXIV.
2442 4924 2697 4998 (Concil.
2732 4920 3096 4979 Chalcedon.
3143 4935 3194 4976 ο.
3227 4924 3260 4975 2
3303 4937 3317 4988 ;
3377 4921 3693 4977 BUBCIIARD.

2032 5018 2137 5075 lib.
2165 5034 2204 5087 ι,
2243 5017 2386 5089 112.)
2415 5014 2474 5073 Si
2498 5013 2635 5087 quis
2659 5011 2986 5085 episcopus
3013 5024 3121 5082 per
3165 5007 3454 5083 pecunias
3499 5007 3699 5065 fecerit

2033 5106 2480 5167 ordinationem
2490 5108 2548 5160 et
2565 5101 2680 5159 sub
2705 5098 2897 5175 pretio
2918 5098 3213 5170 redegerit
3236 5098 3485 5172 Spiritus
3507 5096 3701 5156 sancti

2038 5284 2314 5327 exercere
2334 5266 2658 5337 pecuniam
2680 5278 2704 5335 ;
2722 5260 2889 5336 quod
2917 5261 3135 5337 rectius
3162 5267 3329 5335 puto.
3359 5260 3549 5316 Editio
3581 5258 3706 5316 Hel-

2038 5332 2476 5397 mmstadiénsis
2505 5332 2701 5408 neque
2720 5332 2966 5408 poenam
3008 5332 3210 5408 habet
3242 5347 3457 5408 neque
3482 5346 3702 5408 percu-

2037 5414 2223 5470 niam.
2256 5413 2354 5482 Ivo
2382 5412 2552 5482 parte
2578 5403 2658 5469 v'l.
2682 5403 2795 5482 cap
2826 5407 2915 5478 655,
2948 5410 3025 5475 et,
3059 5403 3372 5465 Gratianus
3408 5406 3494 5473 14,
3539 5418 3600 5474 q.
3647 5403 3702 5466 4,

2040 5498 2175 5556 cap.
2208 5486 2276 5537 76
2302 5479 2510 5551 legunt
2536 5479 2880 5550 pecuniam.

3463 5634 3495 5684 8
