4044 6196
377 178 482 233 239

1519 164 1892 225 REGINONIS
1930 163 2353 221 PRUMIENSIS
2390 167 2681 224 ABBATIS

3709 169 3814 235 240

379 298 486 365 bit,
535 295 827 372 quoniam
854 294 1053 352 nullus
1080 292 1321 351 alterius
1347 292 1567 364 judicis
1598 290 1715 347 nisi
1766 288 1857 363 sui
1906 303 2037 344 sen-
2067 294 2112 344 A
2149 290 2564 363 unusquisque
2594 290 2842 347 clericus
2872 289 2968 346 vel
3010 289 3201 347 laicus
3249 306 3371 347 non
3411 291 3817 348 communicet

380 388 562 446 tentia
594 385 891 444 tenebitur
916 387 1017 441 aut
1036 382 1443 441 damnabitur.
1472 381 1675 438 Nullus
1696 384 1897 437 autem
1923 377 2039 451 pri-

379 494 515 534 mas
540 476 633 533 vel
662 472 1157 547 metropolitanus
1187 471 1551 529 dioecesanei
1592 468 1917 547 Ecclesiam
1942 466 2036 523 vel

379 566 727 641 parochiam
758 566 1009 636 usurpet
1055 566 1160 620 aut
1189 561 1454 635 aliquem
1484 575 1560 617 ne
1590 560 1720 631 ejus
1748 557 2037 632 parochia

380 653 899 713 excommunicare
958 656 1062 708 aut
1108 650 1378 723 judicare
1426 652 1752 724 praesumat
1805 647 2037 719 absque

380 742 626 800 consilio
672 741 770 799 vel
815 739 1044 813 judicio
1092 739 1363 811 ejusdem
1416 737 1716 812 episcopi;
1770 735 1875 793 sed
1922 736 2037 791 hoc

378 832 653 889 observet
678 829 846 905 quod
876 828 955 886 ab
1000 828 1288 902 apostolis
1331 831 1389 883 et
1417 826 1686 883 Patribus
1716 842 1785 882 ac
1816 823 2042 899 przede-

378 920 719 979 cessoribus
770 918 989 976 nostris
1039 921 1127 975 est
1171 917 1556 975 constitutum
1597 921 1654 972 et
1682 932 1718 972 a
1746 913 1920 971 nobis
1949 918 2040 969 est

380 1009 826 1068 conﬁrmatum.

708 1115 879 1187 123
936 1115 1082 1171 Item
1109 1130 1183 1171 ex
1212 1114 1415 1171 eadem
1442 1114 1714 1183 epistola.

452 1226 702 1297 (CALIXT.
756 1223 924 1289 ibid.;
961 1222 1240 1291 Capitula
1276 1221 1427 1277 Adr.
1463 1237 1508 1292 1,
1558 1237 1609 1277 c.
1642 1220 1756 1291 l13.)
1807 1219 1863 1276 Si
1904 1216 2039 1291 quis

382 1311 878 1385 metropolitanus
901 1310 1243 1384 episcopus,
1272 1308 1387 1365 nisi
1415 1309 1580 1382 quod
1602 1308 1683 1364 ad
1712 1323 1888 1363 suam
1907 1320 2041 1378 pro-

378 1402 573 1477 priam
602 1400 857 1475 pertinet
897 1399 1272 1472 parochiam,
1303 1399 1429 1455 sine
1460 1397 1712 1455 consilio
1750 1400 1807 1453 et
1834 1394 2040 1452 volun-

379 1496 497 1549 tate
522 1489 796 1547 omnium
836 1487 1432 1562 comprovincialium
1476 1487 1900 1560 episcoporum
1939 1499 2039 1539 ex-

379 1583 472 1636 tra
499 1578 727 1652 aliquid
773 1593 950 1649 agere
998 1577 1330 1647 tentaverit,
1364 1578 1590 1648 gradus
1634 1574 1725 1632 sui
1777 1573 2042 1647 pericqu

382 1667 735 1739 subjacebit,
764 1671 823 1723 et
849 1666 1016 1739 quod
1045 1666 1127 1723 ita
1156 1666 1362 1737 egerit,
1390 1665 1621 1723 irritum
1661 1664 1958 1721 habeatur
1986 1680 2018 1719 c

381 1772 639 1815 vacuum
648 1799 660 1812 .

397 1867 495 1930 ,De
517 1864 749 1922 clericis
776 1864 884 1935 qui
902 1864 1326 1935 praeﬁciuntur
1342 1864 1621 1934 ptochiis.
1649 1864 1749 1919 Ex
1769 1862 2021 1919 concilio

962 1935 1457 1991 Chalcedonensi.

454 2025 653 2081 CCLH.
686 2024 936 2096 (Concil.
974 2023 1337 2083 Chalcedon.
1372 2040 1423 2080 c.
1458 2028 1523 2092 8;
1556 2022 1774 2079 lib.v11.
1802 2024 2044 2093 Capitu-

387 2119 502 2173 lar.
535 2131 585 2171 ο.
614 2117 694 2180 2.)
730 2112 933 2169 Clerici
959 2112 1064 2185 qui
1090 2113 1501 2186 prteﬁciuntur
1525 2111 1799 2185 ptochiis,
1826 2111 1918 2167 vel
1938 2112 2043 2185 qui

384 2202 738 2260 ordinantur
778 2201 840 2257 in
884 2200 1260 2257 monasteriis
1308 2206 1365 2258 et
1392 2200 1654 2257 basilicis
1684 2205 2040 2272 martyrum,

382 2292 498 2349 sub
526 2291 949 2364 episcoporum
993 2290 1188 2362 quiin
1218 2306 1586 2364 unaquaque
1635 2288 1867 2345 civitate
1906 2294 2045 2345 sunt

385 2379 715 2439 secundum
746 2383 1095 2435 sanctorum
1112 2380 1357 2435 Patrum
1378 2378 1727 2435 traditiones
1752 2382 2044 2451 potestate

384 2472 801 2544 permaneant,
831 2482 942 2523 nec
991 2482 1100 2540 per
1145 2467 1589 2524 contumaciam
1638 2466 1717 2523 ab
1758 2466 2044 2541 episcopo

386 2577 499 2616 suo
524 2558 838 2615 dissiliant.
869 2560 981 2623 Οιιι
1009 2573 1152 2613 vero
1189 2557 1414 2613 audent
1465 2561 1726 2614 evertere
1769 2558 2043 2629 hujusce-

383 2649 551 2707 modi
580 2648 839 2705 formam
882 2662 994 2704 nec
1031 2646 1277 2720 proprio
1309 2646 1712 2719 subjiciuntur
1736 2646 2040 2721 episcopo,

384 2740 437 2795 si
466 2737 661 2797 clerici
706 2740 864 2806 sunt,
896 2751 1201 2793 canonum
1245 2734 1721 2808 correptionibus
1767 2736 2042 2808 subjace-

382 2828 564 2896 bunt;
592 2827 641 2883 si
669 2825 805 2883 laici
819 2825 916 2882 vel
940 2824 1245 2893 monachi,
1265 2824 1692 2881 communione
1712 2824 2039 2899 priventur.

391 2937 467 2994 Ut
494 2936 755 3005 amplius
778 2934 1243 3005 presbyternon
1272 2932 1697 3005 habeat_quam
1737 2947 1919 2989 unam
1950 2948 2041 2989 ec-

542 3003 804 3063 clesiam.
833 3005 933 3061 Ex
963 3004 1410 3074 Capitularium
1439 3003 1543 3059 tibi
1572 3020 1610 3071 1,
1639 3019 1771 3075 cap.
1800 3008 1888 3060 86.

458 3113 685 3169 CCLIII.
742 3114 1037 3169 Statutum
1097 3114 1188 3168 est
1242 3114 1308 3168 ut
1361 3126 1742 3184 unaquaeque
1794 3110 2044 3168 ecclesia

383 3217 563 3259 suum
610 3200 1033 3275 presbyterum
1077 3199 1318 3267 habeat,
1370 3199 1473 3255 ubi
1503 3199 1565 3255 id
1613 3199 1741 3256 ﬁeri
1792 3199 2042 3256 facultas

380 3291 731 3365 providente
778 3289 1064 3365 episcopo
1094 3288 1445 3363 permiserit.
1482 3288 1626 3360 (Lib.
1657 3290 2036 3360 icapitular.

382 3398 433 3438 e.
462 3386 529 3440 92
554 3382 921 3451 ,BURCHARI).
950 3378 1053 3435 lib.
1090 3395 1170 3447 111,
1204 3395 1255 3435 c.
1290 3379 1406 3450 46.)

577 3493 665 3548 De
688 3491 892 3547 eadem
924 3506 1007 3545 re.
1039 3489 1139 3545 Ea:
1165 3488 1417 3545 concilio
1449 3490 1840 3545 Nannetensi.

453 3600 675 3655 CCLIV.
710 3599 933 3656 Concil.
964 3598 1227 3655 Nannet.
1262 3612 1313 3653 c.
1347 3601 1418 3662 8;
1460 3598 1783 3665 Fuscum),
1814 3596 1916 3663 lib,
1950 3614 2034 3667 ιιι,

378 3703 430 3743 c.
461 3688 578 3760 47.)
604 3686 765 3743 Sicut
784 3685 947 3743 enim
976 3685 1296 3760 cpiscopus
1324 3700 1448 3742 non
1472 3685 1610 3760 plus
1643 3689 1840 3758 potest
1858 3685 2040 3743 habe-

377 3792 441 3834 re
471 3792 658 3851 quam
686 3792 874 3833 unam
906 3775 1206 3832 civitatem
1237 3779 1294 3831 et
1319 3775 1409 3832 vir
1440 3791 1628 3832 unam
1657 3791 1924 3845 uxorem,
1956 3776 2039 3832 ita

376 3865 688 3939 presbyter
712 3881 896 3921 unam
926 3869 1159 3935 tantum
1197 3864 1371 3937 124
1404 3864 1718 3921 ecclesiam
1741 3867 1909 3938 (225).
1930 3866 2038 3923 Ita-

375 3972 495 4027 que
523 3954 724 4011 nullus
752 3954 1063 4026 presbyter
1093 3953 1295 4025 plures
1335 3958 1669 4025 praesumat
1694 3954 1916 4012 habere
1945 3971 2039 4011 ec-

376 4042 606 4119 clesias,
643 4041 755 4097 nisi
784 4041 932 4097 forte
962 4040 1111 4097 alios
1147 4041 1529 4115 presbyteros
1558 4041 1671 4098 sub
1702 4058 1764 4099 se
1793 4043 1854 4098 in
1886 4059 2036 4100 una-

376 4146 618 4204 quaque
647 4129 883 4186 illarum
909 4129 1131 4186 habeat
1158 4130 1263 4202 qui
1301 4136 1665 4187 nocturnum
1695 4135 1874 4204 atque
1902 4131 2036 4189 diu-

376 4234 523 4274 num
566 4216 831 4273 ofﬁcium
862 4217 1207 4274 solemniter
1231 4218 1602 4291 adimpleant
1629 4223 1687 4276 et
1714 4219 2035 4278 missarum

374 4305 804 4375 celebrationes
834 4304 1202 4379 quotidianis
1229 4306 1508 4379 expleant
1533 4308 1924 4366 caeremoniis.

380 4417 454 4473 Ut
470 4416 678 4471 nullus
690 4414 1009 4485 presbyter
1022 4415 1275 4474 alterius
1290 4416 1738 4486 parochianum
1758 4419 2030 4489 recipiat.

444 4522 643 4577 CCLV.
679 4522 922 4593 (Concil.
959 4521 1225 4579 Nannet.
1254 4538 1305 4579 c.
1333 4526 1396 4589 2;
1422 4522 1524 4579 lib.
1558 4539 1574 4577 1
1608 4524 1943 4594 Capitular.
1976 4543 2028 4582 c.

376 4618 506 4682 I53;
539 4615 858 4669 ΒυιιοιιΑιιι).
889 4610 992 4667 lib.
1019 4625 1084 4683 11,
1127 4627 1177 4668 c.
1211 4613 1328 4683 91.)
1368 4612 1443 4668 Ut
1482 4612 1686 4669 nullus
1721 4613 2035 4687 presbyter

371 4702 613 4760 alterius
659 4700 1121 4776 parochianum,
1162 4700 1277 4758 nisi
1324 4700 1386 4758 in
1441 4702 1647 4759 itinere
1701 4702 1894 4769 fuerit,
1937 4704 2032 4761 vel

368 4792 659 4866 placitum
682 4790 763 4847 ibi
795 4789 1092 4859 habuerit,
1123 4789 1204 4847 ad
1230 4790 1487 4847 missam
1514 4790 1762 4865 recipiat
1788 4793 1956 4865 (226).

450 4924 459 4933 -
668 4887 681 4901 ’
746 4895 848 4952 Ea:
876 4896 1130 4952 concilio
1165 4895 1645 4967 Carthaginiensi.

440 4985 693 5055 (Concil.
744 4984 1036 5057 Carthag.
1072 5001 1164 5042 1c.
1199 4990 1267 5041 7:
1302 4986 1511 5042 Addit.
1547 5003 1625 5055 1v,
1655 5002 1705 5043 c.
1739 4988 1850 5061 22.)
1882 4990 2025 5047 Cas-

369 5072 575 5130 sianus
599 5072 920 5147 episcopus
950 5073 1137 5131 dixit:
1169 5076 1399 5134 Statuat
1442 5076 1706 5147 gravitas
1738 5080 1935 5136 vestra
1966 5084 2031 5137 ut

622 5213 763 5302 Vide
925 5232 984 5271 v1
1010 5217 1459 5302 Capitularium,
1493 5233 1628 5302 cap.
1661 5224 1748 5302 7:}.

437 5277 588 5367 (225)
625 5288 817 5360 Caput
988 5277 1111 5367 noti
1139 5293 1330 5367 exstat
1356 5291 1418 5367 in
1446 5277 1654 5348 codice
1683 5290 2027 5367 Helmagsta-

365 5356 579 5431 diensi,
606 5356 804 5431 neque
830 5356 893 5431 in
922 5357 1257 5431 Parisiensi.
1288 5356 1439 5426 Quia
1469 5366 1672 5419 tamen
1696 5378 1769 5419 ex
1798 5364 2028 5422 indicu-

363 5429 424 5503 Io
450 5427 724 5503 capitum
739 5428 842 5501 qui
875 5427 1266 5503 prmﬁxusest
1293 5431 1458 5503 initio
1489 5432 1711 5489 codicis
1742 5435 2027 5493 Parisien-

365 5501 445 5558 sis
471 5499 783 5575 constabat
813 5499 1173 5575 caputistud
1207 5500 1320 5575 hoc
1350 5502 1483 5559 loco
1511 5505 1742 5575 deesse,
1765 5522 1879 5563 nos
1906 5508 2026 5564 huc

363 5570 778 5630 transtulimus
829 5570 908 5627 ex'
950 5570 1101 5628 libro
1152 5571 1347 5645 primo
1394 5570 1840 5648 Capitularium.
1876 5578 2015 5637 Vide

364 5661 550 5718 supra
573 5648 831 5716 capxﬁt.

2145 377 2207 433 in
2238 376 2357 436 alia
2384 378 2560 452 plebe
2591 379 2718 436 sine
2748 378 2953 436 litteris
2984 379 3253 454 episcopi
3282 379 3394 436 sui.

2215 467 2303 523 De
2333 468 2535 524 eadem
2558 484 2641 525 re.
2673 469 2773 525 Ea:
2803 468 3257 539 Capitutarium
3287 468 3389 524 lib.
3424 485 3463 539 1,
3488 469 3579 524 tit.
3616 474 3736 526 187.

2215 556 2436 613 CCLVI.
2471 556 2665 628 (I-ib.1
2703 556 3045 627 Capitular.
3079 573 3130 612 c.
3167 557 3309 628 154.)
3336 555 3543 612 Nullus
3564 556 3815 631 presby-

2147 648 2234 701 ter
2256 644 2317 701 in
2344 644 2586 701 alterius
2601 645 2889 719 parochia
2914 646 3167 702 missam
3193 650 3435 702 cantare
3462 652 3811 719 praesumat,

2146 733 2259 790 nisi
2288 734 2350 790 in
2380 734 2587 791 itinere
2619 734 2811 803 fuerit,
2837 750 2947 791 nec
2969 734 3269 792 decimam
3297 734 3376 792 ad
3405 734 3661 792 alterum
3685 753 3814 809 per-

2147 823 2434 880 tinentem
2462 824 2685 881 audeat
2706 823 2988 897 recipere.

2527 932 2775 989 CCLVII.
2818 933 2904 988 De
2927 932 3129 989 eadem
3156 947 3221 989 re
3250 934 3420 1004 (227).

2155 1039 2329 1111 125
2374 1039 2449 1095 Ut
2478 1040 2782 1109 episcopus
2829 1039 2891 1095 in
2922 1039 3172 1095 alterius
3217 1040 3487 1111 episcopi
3515 1039 3813 1109 parochia

2218 1110 2654 1167 ordinationem
2710 1125 2831 1166 non

2219 1181 2427 1237 cheno.

2876 1110 3093 1180 faciat.
3152 1110 3248 1166 Ex
3298 1110 3551 1167 concilio
3607 1111 3814 1168 Antio-
3860 1124 3863 1127 λ

2219 1268 2492 1326 CCLVIII.
2528 1270 2780 1340 (Concil.
2812 1270 3093 1327 Antioch.
3125 1286 3177 1325 c.
3205 1274 3309 1338 22;
3344 1271 3666 1341 8011an111),
3705 1269 3810 1327 lib.

2149 1374 2188 1428 1,
2218 1373 2269 1413 c.
2302 1357 2413 1428 71.)
2465 1356 2794 1431 Episcopus
2847 1357 3107 1414 alienam
3151 1357 3475 1424 civitatem,
3514 1374 3651 1431 quae
3688 1374 3813 1416 non

2149 1452 2238 1504 est
2262 1446 2344 1503 illi
2393 1446 2681 1518 subjecta,
2709 1463 2833 1505 non
2863 1447 3058 1516 adeat,
3091 1464 3201 1505 nec
3241 1448 3321 1504 ad
3366 1447 3813 1522 possessionem

2152 1536 2401 1593 accedat
2427 1552 2563 1610 qua:
2602 1536 2682 1593 ad
2716 1552 2856 1593 eum
2903 1552 3027 1593 non
3052 1535 3327 1610 pertinet,
3358 1553 3467 1594 nec
3494 1536 3817 1594 ordinatio-

2024 1623 2044 1719 ὲ
2075 1643 2119 1696 Β
2151 1640 2293 1719 nem
2319 1623 2404 1719 ibi
2432 1623 2630 1719 faciat,
2658 1624 2767 1719 nisi
2794 1624 2942 1682 forte
2973 1641 3113 1681 cum
3143 1624 3394 1681 consilio
3425 1629 3480 1682 et
3506 1625 3814 1682 voluntate

2148 1713 2408 1784 regionis
2439 1712 2727 1787 episcopi.

2153 1822 2223 1878 Ut
2254 1821 2460 1883 nullus
2502 1819 2815 1890 presbyter
2842 1827 2947 1877 aut
2976 1821 3166 1877 laicus
3190 1821 3569 1889 pmitentem
3599 1820 3816 1877 invitet

2220 1892 2425 1948 vinum
2458 1891 2656 1963 bibere
2682 1897 2787 1947 aut
2816 1906 3059 1949 carnem
3102 1892 3491 1949 manducare.
3515 1893 3616 1948 Ea:
3636 1892 3816 1963 Capi-

2222 1963 2409 2019 tular.
2447 1961 2544 2019 lib.
2582 1978 2620 2031 1,
2649 1964 2740 2018 tit.
2779 1967 2898 2019 151.

2212 2050 2453 2141 CCLIX.
2486 2049 2635 2141 (Lib.
2665 2068 2681 2106 1
2714 2052 3057 2141 Capitular.
3086 2068 3139 2108 c.
3178 2052 3316 2123 157).
3354 2053 3428 2141 Ut
3455 2050 3814 2141 nullusdpre-

2152 2139 2362 2211 sbyter'
2383 2145 2486 2196 aut
2512 2140 2703 2196 laicus
2734 2140 3123 2212 pcenitentem
3153 2141 3357 2197 invitet
3376 2140 3585 2196 vinum
3606 2139 3813 2197 bibere

2150 2233 2255 2286 aut
2281 2245 2527 2286 carnem
2557 2229 2947 2298 manducare,
2974 2229 3092 2286 nisi
3120 2230 3200 2287 ad
3244 2245 3507 2303 praesens
3538 2245 3651 2303 pro
3682 2230 3815 2303 ipso

2151 2335 2343 2375 unum
2386 2319 2480 2376 vel
2522 2318 2677 2376 duos
2714 2318 2994 2376 denarios
3037 2319 3210 2392 juxta
3246 2320 3596 2393 qualitatem
3625 2320 3818 2395 poeni-

2152 2407 2348 2464 tentiae
2372 2407 2621 2464 dederit.

2193 2516 2264 2572 Ut
2291 2516 2500 2572 nullus
2518 2516 2837 2587 presbyter
2875 2517 3122 2573 chartas
3151 2517 3394 2573 scribat.
3429 2518 3528 2574 Ex
3553 2517 3774 2574 eodem.

2223 2604 2433 2660 CCLX.
2468 2604 2611 2676 (Lib.
2644 2621 2661 2659 1
2695 2604 3039 2675 Capitular.
3073 2622 3124 2661 c.
3166 2606 3302 2672 I58;
3352 2609 3576 2661 meum.
3611 2623 3662 2661 c.
3702 2605 3814 2677 15.)

2153 2693 2356 2751 Nullus
2397 2693 2713 2768 presbyter
2754 2695 2992 2752 chartas
3041 2694 3279 2763 scribat,
3332 2700 3437 2752 aut
3483 2695 3817 2751 conductor

2152 2782 2244 2839 sui
2273 2782 2523 2839 senioris
2554 2783 2784 2840 existat.

2156 2872 2229 2929 Ut
2252 2873 2478 2939 nullus,
2502 2877 2845 2943 contempta
2873 2874 3104 2930 minore
3121 2874 3391 2941 ecclesia,
3415 2874 3497 2931 ad
3520 2880 3815 2944 potiorem

2491 2944 2736 3014 aspiret.
2769 2946 2869 3002 Ea:
2895 2944 3125 3014 synodo
3152 2945 3463 3002 Metdensi.

2074 2998 2114 3053 C
2222 3032 2460 3089 CCLXI.
2493 2998 2721 3089 basi.
2773 2998 2957 3090 rei;
3100 2998 3563 3102 sanguine
3590 3034 3695 3090 lib.
3726 3051 3813 3106 111,

2150 3137 2201 3177 c.
2234 3123 2350 3194 48.)
2401 3122 2457 3179 Si
2508 3121 2645 3196 quis
2688 3121 2763 3179 de
2807 3123 3017 3179 ordine
3061 3123 3434 3191 sacerdotali,
3465 3128 3818 3197 contemptu

2150 3210 2399 3268 minoris
2430 3211 2714 3282 ecclesiae,
2749 3212 3063 3270 ambitiose
3105 3217 3164 3270 et
3200 3213 3476 3286 improbe
3514 3214 3688 3285 126
3732 3212 3815 3269 ad

2148 3300 2443 3374 potiorem
2472 3300 2839 3374 aspiraverit,
2874 3302 3167 3360 canonica
3194 3305 3338 3373 erga
3370 3319 3511 3358 eum
3539 3302 3813 3359 deﬁnitio

2149 3406 2259 3447 oon
2270 3396 2560 3447 servetur.

2147 3482 2233 3536 De
2263 3480 2572 3551 baptismo,
2604 3486 2659 3537 et
2687 3497 2803 3551 quo
2843 3487 3104 3551 tempore
3150 3481 3542 3539 celebrandas
3581 3483 3680 3538 sit.
3714 3484 3815 3539 Ea:

2632 3567 2861 3609 canone
2889 3554 3317 3622 apostolorum.

2216 3639 2468 3696 CCLXII.
2504 3640 2680 3710 (Can.
2723 3642 3047 3710 apostolor.
3105 3657 3156 3697 e.
3209 3644 3298 3698 49.
3350 3642 3672 3699 Βυιιοιιλιιυ.
3705 3642 3809 3698 lib.

2146 3744 2222 3796 ιν,
2254 3744 2305 3783 c.
2338 3729 2454 3799 22.)
2494 3727 2551 3784 Si
2595 3727 2732 3800 quis
2773 3727 3097 3802 episcopus
3137 3734 3240 3785 aut
3285 3730 3598 3803 presbyter
3636 3730 3817 3801 juxta

2145 3821 2509 3890 praceptum
2535 3816 2771 3873 Domini
2792 3833 2917 3874 non
2941 3817 3335 3892 baptizaverit
3358 3818 3418 3875 in
3438 3818 3685 3877 nomine
3707 3820 3818 3901 Pa.

2146 3905 2269 3976 tris,
2302 3905 2445 3977 Filii,
2476 3910 2534 3962 et
2565 3905 2814 3980 Spiritus
2845 3906 3052 3975 sancti,
3083 3907 3190 3963 sed
3226 3907 3289 3963 in
3333 3907 3520 3963 tribus
3547 3906 3676 3965 sine
3706 3907 3816 3964 ini-

2151 3992 2231 4049 tio
2260 3994 2586 4068 principiis,
2620 3999 2726 4051 aut
2748 3994 2809 4050 in
2832 3994 3022 4051 tribus
3053 3995 3379 4068 paraclitis,
3407 3995 3746 4067 abjiciatur.

2574 4102 2661 4157 De
2682 4101 2884 4157 eadem
2910 4118 2995 4159 re.
3027 4102 3127 4158 Ex
3155 4101 3373 4159 eodem.

2215 4188 2498 4245 CCLXIII.
2531 4189 2704 4261 (Can.
2742 4192 3067 4262 apostolor.
3107 4206 3160 4247 c.
3194 4179 3300 4259 50';
3343 4192 3669 4249 BURCHARD.
3702 4192 3811 4250 lib.

2145 4294 2223 4345 ιιι,
2256 4293 2306 4333 c.
2338 4279 2456 4351 23.)
2481 4278 2539 4334 Si
2564 4278 2701 4351 quis
2729 4279 3050 4353 episcopus
3081 4284 3185 4337 aut
3219 4280 3535 4355 presbyter
3563 4297 3689 4339 non
3718 4282 3816 4339 tri-

2062 4349 2120 4428 D.
2142 4382 2288 4424 nam
2323 4349 2685 4425 mersionem
2734 4349 2914 4425 unius
2937 4349 3241 4443 —mysterii-
3278 4349 3553 4440 celebret,
3587 4373 3695 4428 sed
3725 4388 3815 4428 se-

2143 4455 2263 4512 mel
2300 4461 2533 4528 mergat
2572 4456 2633 4513 in
2680 4456 3042 4530 baptismate
3084 4458 3252 4532 quod
3300 4458 3431 4514 dari
3471 4459 3710 4518 videtur
3746 4461 3811 4517 in

2142 4544 2380 4602 Domini
2411 4550 2621 4614 morte,
2656 4545 3015 4620 deponatur.
3049 4550 3177 4604 Non
3220 4548 3382 4604 enim
3428 4548 3577 4607 dixit
3614 4551 3816 4608 Domi-

2138 4650 2275 4691 nus.
2306 4634 2370 4690 In
2398 4638 2589 4691 morte
2634 4651 2770 4692 mea
2804 4634 3132 4709 baptizate;
3169 4636 3307 4693 sed:
3347 4637 3576 4694 Euntes
3606 4639 3815 4697 docete

2139 4741 2339 4783 omnes
2380 4731 2603 4798 gentes,
2638 4726 3008 4797 baptzzantes
3046 4742 3140 4784 eos
3184 4729 3247 4783 in
3298 4729 3537 4785 nomine
3573 4730 3810 4800 Patris;

2139 4820 2194 4873 et
2222 4816 2387 4886 Filii,
2418 4821 2473 4873 et
2502 4815 2764 4886 Spiritus
2793 4817 2992 4873 sancti
3015 4816 3253 4888 (Matth.
3287 4819 3512 4890 xxvnr).

2212 4923 2381 4991 Quod
2403 4922 2644 4980 Pascha
2673 4929 2729 4980 et
2758 4923 3148 4980 Pentecosten
3173 4924 3250 4979 sit
3282 4923 3729 4994 baptizandum.

2547 4996 2648 5050 Ex
2675 4994 2928 5065 epistola
2956 4995 3168 5051 Leonis
3189 5010 3390 5065 papae.

2209 5082 2492 5139 CCLXIV.
2526 5083 2802 5154 (Decreta
2833 5084 3034 5140 Leoms
3062 5083 3105 5155 l,
3136 5099 3189 5139 c.
3227 5083 3321 5152 Il;
3352 5085 3674 5141 Buncuann.
3697 5084 3808 5142 lib.

2208 5226 2359 5297 (227)
2397 5224 2572 5297 Deest
2611 5223 2949 5297 hocpcaput
2998 5224 3057 5281 in
3103 5224 3412 5297 codicibus
3457 5225 3813 5286 Helmaasta-

2136 5294 2331 5352 diensi
2357 5299 2416 5352 et
2443 5294 2780 5352 Parisiensi.
2816 5294 2951 5365 Nos,
2983 5312 3123 5352 cum
3147 5295 3297 5352 nihil
3324 5297 3464 5354 certi
3496 5298 3675 5367 nobis
3705 5314 3813 5354 oc-

2137 5372 2397 5440 curreret
2435 5366 2601 5439 quod
2645 5381 3095 5440 reponeremus,
3131 5367 3277 5424 nihil
3322 5372 3545 5440 temere
3576 5366 3811 5440 pransu-

2137 5439 2428 5511 mendum
2455 5437 2821 5511 censuimus.
2853 5438 2908 5493 Si
2949 5439 3083 5511 quis
3129 5443 3330 5496 tamen
3376 5439 3537 5495 hunc
3566 5437 3809 5511 hiatum

2139 5510 2405 5583 suppleri
2451 5508 2769 5578 desiderat,
2801 5508 3001 5565 utatur
3046 5512 3239 5583 capite
3282 5514 3348 5567 33
3395 5510 3631 5568 concilii
3663 5511 3810 5568 Car-

2139 5580 2509 5652 thaginensis
2538 5580 2754 5653 quarti.

2183 5597 2509 5638 iamnens1s
2538 5597 2754 5638 auaru.
