4044 6196
257 191 344 244 241
815 185 819 187 ’
914 193 920 204 “
1190 193 1278 247 DE
1319 194 1597 251 ECCLES.
1643 195 1928 251 DISCIPL.
1973 195 2154 252 LIBRI
2196 200 2355 256 DUO.
2399 234 2466 242 —
2521 202 2643 260 LIB.
2687 208 2728 260 I.

255 328 326 378 ιν,
356 325 400 365 c.
428 310 607 380 2,12).
643 311 806 368 Unde
834 313 979 385 quia
1028 315 1512 375 manifestissime
1566 323 1728 388 patet
1780 318 1887 374 ba-
1917 320 1963 370 A

253 397 525 472 ptizandis
549 397 609 453 in
642 399 899 458 Ecclesia
927 401 1124 459 electis
1153 405 1279 462 haec
1327 407 1450 464 duo
1489 413 1781 482 tempora,
1830 407 1890 462 id

251 492 328 543 est
356 487 576 543 Pascha
606 492 663 544 et
692 492 1097 564 Pentecosten,
1131 510 1258 551 esse
1289 495 1572 566 legitima,
1626 497 1891 554 dilectio—

246 593 374 634 nem
400 581 661 634 vestram
703 595 1023 637 monemus
1056 588 1119 639 ut
1147 583 1343 641 nullos
1392 586 1540 643 alios
1578 587 1706 643 dies
1753 586 1892 642 huic

247 665 624 722 observantiae
656 668 960 726 misceatis
992 690 1004 727 :
1038 671 1181 744 quia
1213 673 1365 732 sicut
1394 681 1532 732 sunt
1580 676 1696 733 alia
1737 692 1890 749 quo-

243 770 350 828 que
379 753 546 823 festa,
571 756 794 828 quibus
821 759 1009 816 multa
1029 759 1089 816 in
1115 762 1407 820 honorem
1435 765 1534 821 Dei
1560 764 1892 821 reverentia

243 843 537 913 debeatur,
567 845 916 919 principalis
943 853 1143 905 tamen
1165 856 1222 907 et
1250 853 1497 909 maximi
1531 853 1891 910 sacramenti

241 932 621 990 custodienda
649 935 826 992 nobis
861 941 947 993 est
977 940 1242 1011 mysticae
1288 942 1534 998 rationis
1565 943 1889 1016 excerptio,

240 1037 352 1078 non
377 1021 691 1080 interdicta
709 1023 964 1093 licentia,
999 1043 1120 1100 qua
1150 1029 1210 1084 in
1232 1029 1536 1103 baptismo
1573 1031 1888 1088 tribuendo

238 1111 495 1185 quolibet
520 1116 787 1186 tempore
817 1116 1288 1188 periclitantibus
1319 1120 1688 1177 subvenitur.
1715 1122 1881 1192 127

238 1205 314 1257 Ita
337 1201 492 1256 enim
525 1201 604 1257 ad
633 1203 742 1258 has
773 1203 926 1261 duas
958 1206 1300 1265 festivitates
1321 1225 1624 1267 connexas
1655 1210 1892 1267 sibimet

234 1296 404 1364 atque
431 1297 724 1362 cognatas
754 1295 1149 1354 incolumium
1177 1302 1234 1354 et
1271 1299 1331 1354 in
1365 1301 1534 1372 pacis
1579 1300 1888 1356 securitate

234 1381 572 1449 degentium
601 1386 741 1439 vota
769 1383 960 1441 libera
983 1385 1335 1456 differimus,
1366 1393 1428 1444 ut
1457 1389 1518 1444 in
1546 1389 1751 1445 mortis
1782 1405 1886 1461 pe-

234 1468 432 1531 riculo,
463 1469 522 1523 in
552 1469 887 1527 obsidionis
931 1473 1293 1546 discriminc,
1346 1476 1404 1531 in
1456 1477 1885 1549 persecutionis

231 1557 534 1625 angustiis,
566 1559 624 1614 in
659 1559 868 1617 timore
905 1562 1223 1632 naufragii.
1256 1564 1421 1621 nullo
1453 1571 1718 1638 tempore
1770 1565 1885 1622 hoc

227 1662 372 1701 verte
425 1646 634 1704 salutis
688 1649 986 1720 singulare
1041 1654 1388 1725 praesidium
1448 1655 1733 1729 cuiquam
1783 1656 1884 1712 de-
1915 1669 1954 1722 Β

221 1751 532 1801 negemus.

219 1863 301 1918 De
313 1864 590 1933 gravidis
604 1865 1000 1934 baptizandis.
1013 1870 1114 1926 Ea:
1129 1871 1381 1926 concilio
1397 1872 1878 1929 Neocaesariensi.

286 1971 533 2028 CCLXV.
569 1973 818 2042 (Coneit.
853 1976 1190 2034 Neoctesar.
1224 1993 1274 2034 c.
1306 1982 1375 2045 6;
1412 1981 1731 2036 Burmann.
1775 1979 1878 2037 lib.

215 2075 287 2126 iv,
318 2074 372 2114 c.
406 2061 524 2129 31).
554 2059 870 2118 Gravidam
897 2068 1130 2136 oportet
1155 2065 1447 2138 baptizari
1482 2067 1728 2139 quando
1776 2085 1879 2124 vo-

213 2144 402 2201 luerit.
439 2147 593 2204 Nihil
620 2149 780 2205 enim
812 2150 873 2206 in
902 2151 1017 2207 hoc
1047 2169 1183 2225 qua;
1215 2154 1369 2226 parit
1396 2156 1680 2211 nescienti
1720 2173 1882 2212 com-

211 2235 507 2305 municat,
567 2243 885 2311 propterea
939 2242 1107 2313 quod
1165 2244 1643 2316 uniuscujusque
1702 2262 1880 2301 suum

208 2325 594 2396 propositum
625 2327 686 2383 in
715 2329 1092 2386 confessione
1129 2331 1484 2388 declaratur.

205 2432 618 2502 Baptizentur
641 2435 715 2490 de
741 2436 956 2506 quibus
974 2438 1298 2506 ignoratur
1327 2454 1407 2494 an
1433 2445 1554 2495 sint
1572 2440 1879 2509 baptizati.

608 2524 707 2578 Ex
736 2525 988 2580 concilio
1018 2525 1504 2596 Carthaginensi.

269 2627 552 2683 CCLXVI.
587 2629 835 2700 (Concit.
871 2631 1163 2703 Carthag.
1197 2650 1253 2699 v,
1288 2649 1337 2688 c.
1373 2638 1442 2702 5;
1471 2634 1574 2691 lib.
1596 2651 1673 2689 vn
1697 2636 1880 2707 Capi-

200 2716 393 2771 tular.
433 2731 491 2770 c.
525 2720 661 2784 307;
693 2720 1008 2776 BURCIIARD.
1039 2719 1142 2777 lib.
1169 2738 1313 2790 1v,c.
1348 2723 1457 2792 45).
1489 2726 1632 2779 Item
1658 2723 1882 2796 placuit

199 2803 272 2860 de
304 2803 676 2877 infantibus,
707 2807 940 2879 quoties
969 2825 1091 2864 non
1132 2809 1518 2867 inveniuntur
1567 2813 1880 2869 certissimi

199 2896 379 2950 testes
411 2894 526 2966 qui
557 2911 661 2951 eos
691 2895 1025 2968 baptizatos
1047 2914 1179 2954 esse
1219 2899 1346 2955 sine
1377 2900 1746 2958 dubitatione
1768 2907 1880 2959 tes-

3557 216 3662 270 242

2336 343 2434 400 Ex
2463 348 2714 402 concilio
2743 348 3049 417 Metdensi,
3079 364 3212 419 cap.
3236 350 3324 406 48.

2074 449 2308 506 CCLXX.
2345 452 2599 522 (Concit.
2632 456 2816 511 Metd.
2851 474 2902 512 c.
2935 461 3037 526 48;
3082 461 3396 516 Buncusno.
3449 460 3552 518 lib.
3582 480 3658 529 iv,

2001 550 2052 590 c.
2086 538 2192 608 14).
2228 541 2410 595 Nemo
2442 542 2934 615 presbyterorum
2983 545 3285 618 baptizare
3332 555 3660 621 praesumat

2000 622 2115 678 nisi
2170 625 2230 680 in
2271 627 2414 683 vicis
2465 633 2522 684 et
2579 629 2841 686 ecclesiis
2910 633 3396 708 baptismalibus,
3479 642 3658 710 atque

1999 714 2370 785 temporibus
2399 718 2751 787 constitutis,
2785 720 2898 776 nisi
2938 737 3122 778 causa
3153 724 3523 794 aegritudinis
3565 726 3660 782 vel

1998 806 2170 858 certae
2201 806 2566 863 necessitatis
2601 825 2612 863 :
2647 811 2704 864 et
2733 809 2845 865 vici
2874 811 3294 869 auctoritatem
3325 818 3382 870 et
3423 815 3658 886 privile-

1998 891 2095 961 gia
2123 891 2324 951 debita
2350 895 2657 952 retineant.

2295 1003 2380 1058 De
2404 1004 2676 1072 fontibus
2701 1009 2908 1063 sacris.
2948 1008 3110 1065 Unde
3139 1025 3347 1078 supra.

2069 1110 2330 1166 CCLXXI.
2366 1112 2700 1179 (Buncmno.
2734 1113 2836 1169 lib.
2867 1131 2944 1182 iv,
2997 1131 3046 1170 c.
3097 1121 3178 1183 t3,
3230 1121 3285 1172 et
3312 1117 3476 1189 apud
3506 1120 3655 1173 GRA-

1997 1212 2145 1250 TIAN.
2169 1197 2304 1254 dist.
2337 1202 2391 1267 4,
2419 1201 2491 1256 de
2515 1217 2776 1258 consecr.
2808 1218 2858 1258 c.
2901 1204 3041 1274 106).
3096 1205 3301 1261 Omnis
3345 1205 3657 1278 presbyter

1996 1285 2100 1356 qui
2128 1285 2319 1343 fontes
2351 1287 2622 1361 lapideos
2649 1291 2872 1348 habere
2901 1293 3252 1366 nequiverit,
3304 1311 3406 1350 vas
3437 1310 3654 1350 conve-

1996 1374 2166 1430 niens
2191 1377 2269 1432 ad
2295 1377 2407 1433 hoc
2444 1379 2827 1436 solummodo
2858 1382 3200 1455 baptizandi
3243 1383 3507 1439 officium
3547 1385 3655 1441 ha-

1995 1463 2150 1519 beat.
2185 1466 2459 1523 Similiter
2489 1469 2565 1524 ad
2599 1471 2906 1543 corporale
2934 1471 3261 1528 lavandum
3285 1473 3433 1529 etad
3465 1474 3656 1545 pallas

1994 1551 2195 1607 altaris
2251 1555 2493 1627 propria
2541 1573 2688 1613 vasa
2737 1559 3092 1626 habeantur,
3140 1561 3199 1616 in
3247 1560 3469 1632 quibus
3509 1561 3655 1617 nihil

1992 1639 2156 1696 aliud
2186 1641 2292 1698 ﬁat
2323 1643 2486 1716 (228).

2000 1748 2173 1819 129
2203 1751 2273 1805 Ut
2301 1753 2491 1808 omnis
2521 1752 2833 1823 presbyter
2861 1755 2982 1810 suis
3011 1755 3402 1825 parochianis
3427 1755 3654 1826 symbo-

2074 1839 2196 1893 lum
2224 1847 2278 1896 et
2304 1843 2631 1898 orationem
2669 1841 3041 1900 Dominicam
3074 1845 3354 1900 insinuet.
3386 1845 3487 1900 Ex
3519 1861 3652 1902 con-

2061 1933 2198 1988 cilio
2225 1930 2561 1997 Rhemensi,
2591 1932 2680 1986 tit.
2711 1933 2799 1986 20.

2061 2040 2344 2097 CCLXXII.
2387 2041 2757 2112 (Eunaeum,
2813 2039 2915 2096 lib.
2958 2055 3017 2110 ll,
3076 2057 3125 2095 ρ.
3185 2043 3295 2112 62).
3347 2044 3411 2097 Ut
3455 2042 3651 2097 omnis

1987 2130 2301 2204 presbyter
2328 2128 2613 2184 omnibus
2643 2128 3025 2200 parochianis
3053 2129 3176 2184 suis
3206 2130 3554 2202 symbolum
3594 2135 3651 2186 et

1989 2218 2322 2275 orationem
2355 2217 2733 2272 Dominicam
2782 2221 2885 2273 aut
2933 2217 3185 2288 ipsemet
3239 2217 3500 2274 insinuet
3547 2222 3651 2273 aut

1990 2308 2120 2364 aliis
2144 2305 2580 2363 insinuandum
2610 2306 2689 2376 inj
2702 2312 2887 2375 ungat
2919 2307 3081 2376 (229).
3143 2309 3208 2362 Et
3233 2322 3373 2362 cum
3403 2307 3480 2362 ad
3511 2322 3650 2362 con-

1992 2397 2312 2452 fessionem
2338 2400 2606 2466 tempore
2654 2393 3163 2466 quadragesimali
3207 2395 3474 2461 veniunt,
3520 2395 3650 2451 haec

1991 2485 2069 2542 ab
2098 2499 2467 2556 unoquoque
2494 2482 2834 2538 memoriter
2864 2482 2976 2538 sibi
3002 2481 3308 2540 decantari
3335 2483 3513 2540 faciat
3541 2501 3649 2540 nec

1991 2580 2126 2632 ante
2157 2577 2428 2629 sanctam
2456 2571 2946 2628 communionem
2975 2571 3149 2628 alicui
3184 2573 3377 2629 tradat
3392 2573 3502 2629 nisi
3517 2573 3645 2629 haec

1990 2679 2059 2718 ex
2092 2661 2270 2718 corde
2299 2660 2688 2733 pronuntiare
2720 2661 2988 2728 noverit;
3031 2661 3329 2734 siquidem
3374 2661 3499 2717 sine
3541 2662 3649 2718 ho-

1988 2767 2124 2806 rum
2181 2749 2424 2806 scientia
2477 2749 2674 2804 nullus
2730 2749 2932 2805 salvus
2973 2765 3103 2805 esse
3145 2749 3379 2823 poterit.
3430 2754 3493 2806 ln
3522 2766 3645 2806 uno

1989 2841 2149 2896 enim
2180 2838 2332 2894 fides
2361 2842 2418 2894 et
2448 2837 2764 2894 credulitas
2803 2838 3134 2895 Christiana
3185 2838 3538 2910 continetur,
3583 2839 3645 2895 in

1988 2930 2105 2986 alio
2134 2928 2280 3001 quid
2309 2943 2479 2983 orare
2509 2931 2566 2983 et
2589 2931 2786 3000 petere
2835 2944 2871 2982 a
2911 2930 3030 2983 Deo
3077 2927 3409 2984 debeamus
3454 2929 3645 3002 expri-

199 2985 420 3052 ίθηωνν
450 2998 653 3090 negl“?
675 2983 793 3090 ἐρεῖ
819 2991 958 3086 ῗυηί
988 2991 1351 3090 perflat”?
1391 2989 1465 3045 de
1499 2991 1728 3090 “agitis
1762 2991 1878 3048 Sibi
1907 3021 1948 3076 C
2219 3017 2390 3084 Quod
2431 3033 2572 3072 vero
2592 2983 2898 3073 |sinetide
2929 3032 3108 3073 nemo
3147 2983 3642 3090 possitessei

198 3073 605 3128 sacramentis
636 3073 833 3129 idonei
865 3076 1246 3148 respondere,
1279 3078 1511 3151 absque
1555 3079 1679 3135 ullo
1713 3096 1877 3137 scru-

198 3158 339 3230 pulo
373 3174 484 3215 eos
517 3176 650 3216 esse
682 3160 1099 3234 baptizandos.

198 3267 279 3322 De
306 3267 640 3338 baptizatis
673 3271 777 3341 qui
805 3287 925 3326 non
984 3274 1326 3342 conﬁrmati
1369 3277 1734 3332 moriuntur.
1775 3278 1876 3334 Ex

703 3360 954 3416 concilio
981 3361 1378 3418 Etiberitano.
1492 3383 1502 3390 ·

263 3465 582 3521 CCLXVII.
628 3465 1132 3534 (ConciLEIiber.
1175 3485 1227 3525 c.
1259 3475 1348 3538 77,
1402 3473 1716 3527 Busan/mn.
1771 3472 1874 3528 lib.

191 3567 270 3619 1v,
302 3569 355 3609 c.
391 3555 511 3625 92).
583 3554 641 3610 Si
686 3554 821 3627 quis
873 3556 1166 3613 diaconus
1215 3574 1428 3627 regens
1469 3559 1709 3632 plebem
1749 3560 1875 3616 sine

192 3641 485 3715 episcopo
520 3642 616 3698 vel
638 3643 989 3716 presbytero
1020 3645 1258 3719 aliquos
1301 3647 1708 3720 baptizaverit,
1756 3649 1878 3722 epi-

193 3744 419 3802 scopus
475 3746 589 3787 eos
633 3748 742 3804 per
784 3733 1262 3792 benedictionem
1294 3736 1580 3808 perﬁcere
1609 3737 1872 3793 debebit.

192 3816 363 3878 Quod
397 3819 450 3874 si
484 3823 634 3876 ante
664 3819 739 3875 de
778 3821 998 3878 saeculo
1024 3824 1394 3889 recesserint,
1450 3825 1564 3880 sub
1605 3824 1721 3881 ﬁde
1752 3840 1876 3897 qua

190 3907 452 3981 quisque
482 3909 745 3966 credidit
769 3912 986 3983 poterit
1012 3928 1142 3968 esse
1166 3913 1386 3984 justus.

266 4035 448 4105 128
479 4037 576 4092 De
607 4035 1010 4106 rebaptizatis.
1035 4039 1134 4094 Ex
1156 4039 1408 4094 concilio
1433 4039 1796 4096 Hiterdensi.

257 4140 591 4196 CCLXVIII.
631 4141 887 4212 (Concil.
922 4145 1161 4200 Hiterd.
1214 4161 1264 4201 c.
1312 4147 1384 4216 9).
1433 4148 1511 4202 De
1559 4145 1650 4201 his
1681 4145 1784 4220 qui
1814 4146 1875 4202 in

189 4229 697 4297 praevaricatione
728 4231 1075 4304 rebaptizati
1105 4238 1246 4289 sunt
1275 4233 1400 4290 sine
1432 4233 1634 4306 aliqua
1665 4249 1870 4290 neces-

189 4314 358 4374 sitate
388 4318 491 4374 vel
523 4323 849 4387 tormento,
877 4320 1102 4394 placuit
1153 4327 1218 4378 ut
1265 4323 1422 4380 circa
1467 4339 1570 4378 eos
1620 4323 1872 4380 Nicasna:

188 4405 406 4474 synodi
438 4410 676 4464 statuta
701 4414 1029 4477 serventur,
1077 4410 1137 4466 id
1170 4415 1276 4478 est,
1327 4416 1390 4467 ut
1421 4415 1647 4484 septem
1679 4428 1872 4468 annos

185 4491 334 4550 inter
363 4497 850 4554 catechumenos
876 4503 1063 4565 orent,
1083 4504 1140 4556 et
1159 4499 1312 4556 duos
1341 4500 1492 4557 inter
1521 4500 1871 4570 catholicos,

188 4586 239 4636 et
266 4589 488 4654 postea
520 4585 807 4642 ﬁdelibus
826 4587 886 4643 in
908 4587 1211 4645 oblatione
1242 4593 1296 4645 et
1327 4589 1683 4646 eucharistia
1713 4605 1874 4646 com-

189 4671 532 4730 municent.

189 4775 356 4841 Quod
384 4781 646 4836 nonnisi
669 4781 732 4836 in
759 4781 999 4838 Pascha
1047 4790 1100 4839 et
1151 4785 1498 4840 Pentecoste
1545 4785 1618 4838 sit
1675 4784 1870 4854 bapti-

441 4867 737 4924 zandum.
769 4869 868 4925 Ea:
899 4871 1151 4926 concilio
1192 4871 1628 4927 Wormatiensi.

256 4972 531 5030 CCLXIX.
570 4973 824 5043 (Concit.
868 4977 1156 5034 Wormat.
1191 4994 1242 5033 c.
1281 4983 1298 5032 ί
1334 4996 1346 5044 ;
1402 4982 1717 5035 Βυιιριιλιιιι.
1749 4978 1854 5035 lib.

186 5072 261 5128 iv,
292 5076 345 5116 c.
380 5064 464 5134 7).
504 5063 888 5120 Sacrosancti
915 5064 1199 5137 baptismi
1238 5071 1684 5123 sacramentum
1712 5083 1865 5123 non-

187 5146 300 5204 nisi
329 5149 393 5206 in
420 5151 706 5224 paschali
734 5152 1047 5211 festivitate
1078 5159 1135 5211 et
1164 5157 1547 5212 Pentecosten
1579 5157 1870 5229 unusqui-

186 5252 333 5308 sque
378 5239 669 5296 ﬁdelium
695 5242 926 5298 noverit
973 5259 1103 5300 esse
1142 5243 1561 5316 praebendum,
1611 5245 1871 5318 exceptis

185 5323 276 5378 his
307 5328 556 5398 quibus
589 5330 796 5386 mortis
841 5337 1088 5402 urgente
1136 5332 1424 5404 periculo,
1486 5350 1559 5389 ne
1609 5335 1668 5390 in
1712 5339 1870 5390 aeter-

183 5428 331 5472 num
365 5423 652 5488 pereant,
704 5418 924 5475 talibus
955 5424 1189 5492 oportet
1217 5421 1495 5478 remediis
1527 5423 1868 5479 subvenire.

251 5647 413 5718 (228)
457 5647 611 5704 Vide
642 5666 824 5724 supra
855 5667 988 5724 cap.
1017 5654 1086 5708 79
1111 5651 1293 5724 hujus
1320 5651 1474 5710 libri.

1986 3122 2115 3174 vus,
2150 3105 2436 3162 Dominus
2466 3105 2740 3173 ostendit,
2775 3123 2912 3162 cum
2944 3105 3086 3162 dicit
3119 3123 3130 3160 :
3181 3107 3294 3173 Qui
3322 3107 3640 3164 crediderit

1986 3201 2040 3250 et
2063 3195 2398 3264 baptizatus
2421 3195 2632 3266 fuerit,
2663 3197 2868 3250 salvus
2897 3196 3010 3250 erit
3031 3195 3243 3264 (Μαι-ε.
3267 3196 3407 3265 1m).
3438 3193 3642 3251 Nullus

1985 3289 2186 3342 autem
2213 3285 2452 3342 credere
2477 3289 2672 3357 potest
2697 3285 2863 3358 quod
2893 3283 3079 3340 nescit
3107 3299 3216 3340 nec
3257 3284 3505 3340 audivit.
3550 3283 3644 3339 Ait

1984 3374 2143 3430 enim
2175 3374 2390 3429 Paulus
2425 3391 2437 3428 :
2469 3373 2768 3441 Quomodo
2799 3373 3041 3430 credent
3082 3375 3137 3430 ei
3181 3388 3351 3445 quem
3381 3390 3501 3430 non
3531 3387 3641 3429 au—

1983 3464 2225 3520 dierunt
2255 3467 2282 3517 ?
2312 3464 2496 3533 (Rom.
2526 3464 2607 3533 x).
2644 3465 2756 3518 Nec
2787 3461 2914 3517 sola
2941 3461 3321 3517 sufﬁcitﬁdes
3350 3461 3409 3516 in
3438 3460 3638 3527 corde,

1982 3552 2099 3608 nisi
2129 3552 2307 3608 etiam
2338 3551 2535 3607 verbis
2586 3552 2954 3620 enuncietur,
3002 3555 3065 3606 ut
3109 3549 3270 3606 idem
3320 3549 3642 3621 Apostolus

1985 3642 2148 3697 testis
2173 3647 2262 3697 est
2294 3659 2306 3696 :
2343 3641 2555 3708 Corde,
2587 3639 2800 3712 inquit,
2820 3640 3086 3695 creditur
3112 3639 3194 3695 ad
3209 3640 3643 3707 justitiam,ore

1983 3735 2180 3784 autem
2210 3728 2500 3796 confessio
2527 3729 2596 3795 ﬁt
2637 3727 2719 3782 ad
2766 3727 3023 3782 salutem
3072 3727 3262 3796 (Rom.
3311 3726 3390 3795 ιι).
3439 3722 3642 3780 Nullus

1982 3821 2185 3880 autem
2214 3815 2289 3870 de
2321 3813 2640 3870 stoliditate
2695 3830 2906 3870 sensus
2956 3799 3048 3870 vel
3103 3812 3382 3870 tenuitate
3419 3810 3642 3881 ingenii

1981 3909 2260 3963 causatur
2291 3923 2302 3960 :
2331 3903 2474 3976 quia
2499 3903 2627 3960 haec
2661 3908 2784 3960 tam
2814 3920 3000 3978 parva
3025 3908 3164 3960 sunt
3197 3907 3257 3959 ut
3295 3917 3476 3958 nemo
3519 3905 3641 3957 tam

1981 3995 2164 4051 hebes
2216 3998 2274 4050 et
2334 3993 2629 4049 barbarus
2689 3993 2764 4050 sit
2810 3993 2915 4067 qui
2957 3994 3072 4050 hoc
3098 3993 3325 4049 discere
3363 3996 3420 4048 et
3443 3989 3640 4046 verbis

1981 4083 2406 4142 communibus
2436 4083 2826 4156 pronuntiare
2855 4099 2976 4138 non
3005 4082 3226 4156 possit;
3247 4085 3370 4138 tam
3393 4096 3636 4152 magna,

1982 4179 2047 4230 ut
2072 4173 2178 4246 qui
2207 4174 2425 4228 horum
2465 4171 2774 4229 scientiam
2820 4172 3070 4246 plenitcr
3102 4186 3316 4245 capere
3360 4170 3636 4244 potuerit,

1984 4261 2254 4317 srtﬁcere
2297 4277 2367 4317 ea
2393 4260 2505 4316 sibi
2535 4259 2812 4316 credatur
2859 4261 2936 4316 ad
2969 4260 3222 4317 salutem
3260 4262 3636 4332 perpetuam.

1901 4373 1944 4428 ι)
1987 4352 2340 4421 Capitulare
2367 4353 2718 4405 Τιιιιοιηῖιιηιι
2766 4366 2820 4406 c.
2844 4355 2932 4418 22,
2967 4355 3022 4405 et
3050 4349 3152 4404 lib.
3185 4365 3240 4403 v1
3291 4348 3633 4416 Capitular.

1984 4458 2034 4495 c.
2063 4442 2206 4511 172).
2240 4439 2389 4495 Illud
2413 4439 2592 4496 etiam
2617 4439 3087 4504 observandum,
3121 4442 3184 4492 ut
3223 4435 3400 4491 nullis
3448 4435 3636 4489 susci-

1982 4529 2108 4601 piat
2131 4527 2420 4583 infantem
2452 4527 2512 4582 in
2537 4527 2839 4600 baptismo
2870 4542 2906 4580 a
2935 4540 3107 4580 sacro
3128 4523 3287 4580 fonte
3309 4525 3637 4593 antequam

1980 4617 2260 4674 eumdem
2295 4617 2643 4689 symbolum
2672 4620 2730 4672 et
2775 4614 3109 4671 orationem
3160 4613 3332 4683 130
3376 4609 3636 4666 domini-

1981 4725 2114 4764 cam
2149 4723 2354 4763 coram
2384 4705 2736 4780 presbytero
2764 4704 3075 4769 decantet;
3125 4706 3182 4757 et
3220 4705 3302 4756 ut
3323 4698 3639 4773 presbyter

1979 4798 2262 4853 omnibus
2313 4795 2563 4869 patrinis
2605 4793 2917 4850 annuntiet
2961 4789 3128 4863 quod
3175 4788 3476 4845 debitores
3520 4788 3638 4845 sint

1981 4885 2104 4940 suis
2127 4884 2342 4952 ﬁliolis,
2363 4901 2501 4940 cum
2531 4882 2611 4938 ad
2634 4879 3063 4949 intelligibilem
3087 4882 3318 4934 aetatem
3345 4878 3632 4949 venerint,

1979 4975 2106 5031 haec
2138 4973 2352 5031 eadem
2381 4973 2704 5030 insinuare.

2406 5081 2506 5135 Ex
2533 5077 2983 5148 Capitularium
3015 5076 3114 5132 tib.
3148 5092 3205 5131 ιι.

2051 5190 2361 5244 CCLXXIII.
2405 5185 2658 5257 (Concil.
2688 5185 2957 5254 Mogunt.
2990 5183 3100 5238 sub
3131 5183 3274 5239 Car.
3305 5183 3388 5238 Μ.
3432 5198 3482 5238 c.
3524 5185 3590 5237 47
3619 5201 3631 5249 ;

1978 5278 2080 5334 lib.
2112 5294 2147 5332 ιι
2182 5276 2522 5346 Capitular.
2566 5289 2617 5330 c.
2652 5277 2764 5339 39).
2816 5273 3193 5346 Praecipimus
3235 5277 3300 5328 ut
3349 5272 3636 5344 unusqui-

2052 5509 2192 5580 (229)
2233 5507 2373 5563 Vide
2399 5505 2732 5580 Capitulare
2751 5505 3066 5580 i’I‘heodulﬁ
3099 5521 3149 5560 c.
3169 5509 3268 5569 22;
3300 5503 3632 5580 Capitulare

1982 5574 2295 5652 Ahytonis,
2331 5595 2380 5634 c.
2405 5574 2507 5646 97';
2531 5577 2634 5636 lib.
2670 5582 2707 5634 v
2735 5577 3057 5652 Capitular.
3101 5593 3151 5631 c.
3190 5580 3310 5646 t03,
3359 5574 3417 5631 e't
3444 5574 3545 5630 lib.
3577 5589 3634 5628 vr
3728 5583 3734 5587 '

1979 5668 2030 5707 c.
2069 5655 2188 5707 172.
