4046 6190
183 165 283 217 245

1144 166 1237 220 DE
1280 167 1564 223 ECCLES.
1609 162 1900 221 DISCIPL.
1940 159 2119 215 LIBRI
2164 161 2323 218 DUO.
2368 195 2437 203 —
2465 166 2598 221 LIB.
2639 171 2675 222 I.

3524 176 3628 251 eis

182 300 294 356 que
324 284 481 341 dum
512 283 896 343 venundetur
926 284 1196 342 denariis
1246 293 1530 362 quatuor,
1579 292 1682 345 aut
1734 301 1858 351 sex,
1891 285 1937 338 A
1969 282 2200 341 nuntiet
2237 287 2404 356 quod
2433 288 2584 345 sicut
2616 290 2810 347 Adam
2841 291 3143 365 projectus
3168 295 3255 348 est
3276 292 3350 349 de
3389 296 3628 369 paradi-

182 377 278 427 aut
305 372 597 445 amplius,
627 373 742 428 hoc
768 377 940 449 turpe
963 373 1205 432 lucrum
1233 376 1510 433 dicimus.

427 461 608 536 134
648 463 737 517 De
766 464 1140 532 confessione
1170 471 1224 522 et
1249 467 1628 536 pcenitentz‘a.

248 552 659 611 CCLXXXVIII.
689 552 1034 623 (Ituncuxnn.
1076 552 1183 610 lib.
1214 572 1335 623 XIX,
1386 573 1437 612 c.
1493 561 1570 619 2.)
1611 553 1858 626 Presby-

183 640 285 695 teri
312 639 549 697 debent
573 640 911 699 admonere
941 640 1186 714 plebem
1246 642 1359 699 sibi
1417 644 1751 716 subjectam
1796 646 1861 701 ut

182 730 378 785 omnis
409 729 517 803 qui
544 746 608 785 se
634 729 815 785 sentit
841 730 1153 787 mortifero
1192 733 1421 804 peccati
1453 732 1691 790 vulnere
1721 747 1857 787 sau-

183 818 430 887 ciatum,
462 818 612 874 feria
658 816 880 895 quarta
934 822 1073 875 ante
1128 812 1669 891 Quadragesimam
1720 836 1856 876 cum

182 906 346 963 omni
379 906 767 964 festinatione
822 914 1092 967 recurrat
1142 908 1222 966 ad
1268 909 1669 968 viviﬁcantem
1730 926 1856 965 ma-

184 1002 331 1055 trem
390 998 746 1068 Ecclesiam,
800 997 907 1054 ubi
962 998 1130 1072 quod
1186 999 1343 1059 male
1369 1000 1669 1056 commisit
1719 1016 1856 1057 cum

181 1089 343 1145 omni
374 1087 716 1145 humilitate
748 1091 808 1145 et
852 1090 1209 1146 contritione
1261 1089 1459 1146 cordis
1514 1088 1859 1163 simpliciter

179 1174 492 1234 confessus
516 1178 811 1251 suscipiat
834 1178 1105 1235 remedia
1138 1178 1500 1255 poenitentiae
1524 1178 1858 1237 secundum

179 1266 437 1323 modum
467 1265 782 1324 canonicis
809 1267 1268 1323 auctoritatibus
1296 1267 1632 1341 prreﬁxum,
1666 1267 1858 1324 trada-

180 1360 399 1429 turque
439 1358 676 1412 Satanae
706 1354 769 1413 in
800 1354 1043 1411 interitu
1074 1355 1295 1426 carnis,
1320 1361 1383 1415 ut
1399 1357 1641 1428 spiritus
1656 1356 1855 1413 salvus

178 1444 251 1499 sit
278 1445 344 1499 in
373 1444 468 1499 die
498 1443 760 1500 Domini.
794 1447 924 1500 Non
959 1442 1157 1499 solum
1192 1449 1391 1500 autem
1419 1444 1513 1500 ille
1543 1445 1644 1518 qui
1703 1461 1859 1501 mor-

179 1532 293 1588 tale
321 1532 572 1606 aliquod
594 1532 924 1599 commisit,
954 1533 1062 1589 sed
1091 1533 1273 1592 etiam
1305 1533 1500 1591 omnis
1525 1535 1709 1593 homo
1730 1534 1856 1608 qui-

1970 387 2057 440 so,
2088 371 2171 430 ita
2201 380 2258 429 et
2281 374 2394 448 ipsi
2422 377 2499 432 ab
2550 379 2806 435 Ecclesia
2873 379 2952 435 ob
2999 384 3247 452 peccata
3295 382 3625 455 ejiciantur.

1968 462 2106 517 Post
2129 461 2257 518 haec
2281 464 2492 536 jubeat
2522 467 2822 525 ministros
2856 474 2917 523 ut
2946 485 3047 525 eos
3078 474 3243 525 extra
3280 471 3500 545 ianuas
3540 489 3633 535 ec-

1968 548 2165 605 clesia:
2196 553 2511 625 expellant.
2544 556 2746 613 Clerus
2781 573 2919 614 vero
2944 564 3347 631 prosequatur
3375 577 3630 623 eoscum

1967 641 2351 712 responsorio
2387 660 2399 697 :
2430 646 2503 700 In
2532 647 2749 702 sudore
2774 648 2979 703 vultus
3039 649 3132 702 tui
3176 650 3427 710 vesceris
3466 667 3632 723 pane

1970 730 2092 796 tuo,
2118 732 2226 783 etc.
2264 729 2428 797 (Gen.
2464 733 2565 803 ιιι),
2601 739 2662 789 ut
2692 734 2962 790 videntes
2984 734 3257 791 Sanctam
3280 736 3631 809 Ecclesiam,

1968 813 2047 869 ob
2060 814 2330 874 facinora
2342 821 2384 890 1
2398 819 2513 892 36
2529 837 2637 877 sua
2649 825 3030 879 temefactam
3043 827 3099 879 et
3109 830 3632 892 commotam,non

1966 904 2854 981 parvipeudantpaenitentiam.
2884 914 2948 966 In
2970 926 3143 968 sacra
3172 918 3373 971 autem
3395 916 3631 972 Domini

1967 1007 2140 1048 omna
2165 1010 2372 1052 rursus
2403 996 2668 1053 ecclesia}
2697 998 3011 1055 liminibus
3043 1015 3105 1055 se
3135 1009 3520 1075 preesentent.

1966 1081 2055 1137 De
2078 1082 2282 1140 danda
2295 1087 2675 1155 paenitentia.
2708 1090 2809 1145 Em
2839 1090 3093 1146 concilio
3123 1090 3629 1164 Moguntiacensi.

2039 1170 2553 1244 CCXCII.(Concil.
2602 1176 2878 1247 Mogunt.
2935 1178 3042 1232 sub
3098 1180 3352 1239 Rabano
3402 1200 3453 1239 c.
3510 1185 3571 1240 31
3616 1202 3630 1251 ;

1965 1258 2286 1347 Buncusan.
2321 1261 2423 1317 lib.
2456 1279 2579 1335 xm,
2614 1280 2665 1320 c.
2692 1265 2805 1336 28.)
2840 1266 3050 1322 Modus
3097 1272 3458 1347 tempusque
3510 1288 3635 1344 pae-

1965 1346 2224 1403 nitentiae
2257 1355 2502 1422 peccata
2529 1368 2641 1410 sua
2657 1352 3087 1411 conﬁtentibus
3112 1346 3341 1433 autper
3360 1359 3637 1437 antiquo-

1964 1450 2101 1490 rum
2128 1452 2429 1493 canonum
2475 1439 2915 1517 institutonem,
2971 1448 3075 1499 aut
3130 1462 3236 1521 per
3287 1451 3635 1505 sanctarum

1968 1523 2403 1596 Scripturarum
2439 1527 2882 1598 auctoritatem,
2915 1538 3018 1590 aut
3045 1550 3151 1607 per
3168 1534 3636 1593 ecclesiasticam

178 1639 422 1697 cunque
453 1640 515 1679 se
545 1621 928 1694 recognoscit
957 1622 1414 1681 immaculatam
1446 1623 1658 1683 Christi
1701 1624 1854 1682 tuni-
1886 1632 1931 1687 Β
1965 1615 2462 1672 consuetudinem
2492 1616 2725 1692 imponi
2750 1617 2937 1678 debet
2964 1640 3000 1677 a
3023 1622 3463 1687 sacerdotibus.
3487 1628 3637 1685 Nam

178 1728 341 1781 eam,
370 1727 559 1784 quam
590 1712 653 1768 in
683 1711 993 1784 baptismo
1024 1710 1278 1783 accepit,
1328 1712 1555 1784 peccati
1616 1712 1854 1771 macula

178 1799 492 1873 polluisse,
511 1800 597 1856 ad
628 1800 946 1873 proprium
979 1800 1356 1857 sacerdotem
1376 1800 1578 1856 venire
1599 1800 1853 1865 festinet,

180 1895 398 1947 etcum
428 1888 851 1965 purificatione
907 1888 1309 1960 [Burchard.,
1365 1890 1639 1963 puritate]
1693 1905 1856 1947 men-

181 1980 253 2035 tis
309 1994 522 2059 omnes
604 1978 1116 2051 transgressiones
1190 1977 1515 2051 omniaque
1586 1983 1852 2052 peccata,

179 2068 407 2142 quibus
441 2060 543 2124 Dei
568 2066 865 2124 offensam
899 2084 964 2124 se
992 2066 1315 2123 incurrisse
1338 2067 1635 2137 meminit,
1655 2067 1854 2123 humi-

178 2158 311 2214 liter
332 2156 709 2222 conﬁteatur,
737 2161 795 2214 et
822 2156 1128 2235 quidquid
1158 2156 1209 2212 ei
1238 2172 1273 2212 a
1326 2156 1634 2213 sacerdote
1684 2156 1856 2217 fuerit

182 2248 546 2323 injunctum,
563 2262 635 2304 ac
666 2246 717 2302 si
743 2246 822 2303 ab
844 2246 979 2319 ipso
1001 2244 1426 2318 omnipotentis
1450 2246 1552 2302 Dei
1572 2261 1673 2303 ore
1702 2251 1856 2304 esset

178 2338 507 2411 prolatum,
536 2338 618 2395 ita
645 2337 965 2409 diligenter
992 2335 1262 2393 intendat
1281 2341 1336 2395 et
1374 2336 1720 2397 cautissime
1749 2337 1853 2393 ob-

180 2433 392 2484 servet.

362 2518 454 2574 De
469 2517 924 2587 pcenitentibus.
958 2517 1059 2574 Ex
1079 2516 1330 2574 concilio
1354 2517 1401 2572 Α
1407 2517 1687 2588 fricano..

250 2608 603 2664 CCLXXXIX.
633 2607 886 2680 (Concil.
926 2607 1219 2677 Carthag.
1267 2622 1358 2676 ιιι,
1417 2624 1468 2662 c.
1519 2610 1627 2673 32;
1683 2604 1786 2662 lib.
1821 2624 1855 2662 v

181 2698 527 2768 Capitutar.
560 2713 612 2754 c.
647 2701 712 2753 53
744 2715 758 2765 ;
786 2697 1112 2757 Buucusnn.
1136 2695 1238 2753 lib.
1267 2713 1387 2765 xxx,
1421 2713 1471 2752 c.
1505 2696 1617 2769 40.)
1643 2696 1852 2769 Cujus-

179 2802 428 2861 cunque
456 2785 793 2863 paenitentis
818 2784 1135 2863 publicum
1165 2790 1218 2851 et
1266 2784 1581 2857 vulgatum
1628 2784 1853 2841 crimen

180 2881 297 2943 est,
329 2873 497 2948 quod
530 2873 875 2930 universam
909 2872 1231 2930 Ecclesiam
1281 2873 1695 2944 commoverit,
1718 2877 1854 2931 ante

178 2963 469 3020 absidam
498 2979 718 3021 manus
749 2962 802 3018 ei
827 2963 1196 3039 imponatur.

402 3074 491 3131 De
519 3072 724 3135 eadem
755 3086 840 3133 re.
872 3072 973 3134 Ea:
1002 3072 1253 3135 concilio
1282 3071 1637 3143 Agathensi.
1736 3108 1743 3113 -

248 3180 453 3236 CCXC.
486 3178 690 3249 (Oonc.
718 3179 946 3249 Agath.
972 3194 1025 3234 c.
1059 3178 1159 3247 15;
1189 3179 1510 3235 Buucusnn.
1561 3176 1668 3234 lib.
1730 3192 1851 3246 xxx,

171 3288 226 3327 c.
262 3270 390 3340 Ἡ.)
417 3268 795 3333 Pmnltentes,
828 3272 1095 3340 tempore
1128 3282 1251 3341 quo
1284 3268 1701 3342 paenitentiam
1755 3283 1855 3340 pe-

171 3363 342 3430 tunt,
371 3358 828 3432 impositionem
884 3372 1179 3413 manuum
1232 3362 1289 3417 et
1363 3359 1534 3431 135
1593 3356 1853 3413 cilicium

170 3463 373 3521 super
400 3447 603 3520 capita
633 3463 670 3504 a
691 3445 1181 3514 sacerdote,sicut
1204 3446 1425 3519 ubique
1457 3446 1854 3503 constitutum

170 3542 291 3608 est,
326 3541 796 3609 consequantur.
834 3534 892 3592 Si
912 3538 1115 3591 autem
1145 3551 1352 3597 comas
1401 3551 1524 3592 non
1554 3536 1853 3609 deposue-

169 3629 299 3685 rint
332 3632 437 3684 aut
486 3626 840 3683 vestimenta
886 3641 1009 3682 non
1057 3626 1437 3695 mutaverint,
1496 3626 1856 3697 abjioiantur

174 3719 360 3789 [edit
391 3715 785 3773 Hetmsestad.
822 3715 879 3772 Si
910 3719 1111 3771 autem
1139 3731 1346 3773 comas
1395 3715 1698 3788 deponere
1751 3719 1855 3771 aut

172 3806 550 3862 vestimenta
579 3808 815 3861 mutare
842 3804 1161 3873 noluerint,
1192 3804 1593 3877 abjieiantur].

402 3913 552 3968 Item
576 3911 739 3968 unde
760 3926 967 3981 supra.
1015 3912 1115 3968 Ex
1136 3912 1335 3969 eodem
1362 3912 1634 3968 concilio.

249 4018 487 4074 CCXCI.
523 4019 862 4086 (Bcncuxuo.
896 4017 998 4073 lib.
1040 4035 1165 4087 xxx,
1210 4036 1260 4075 c.
1320 4023 1412 4090 26,
1464 4022 1521 4074 et
1562 4017 1698 4074 dist.
1757 4016 1846 4085 50,

169 4126 229 4165 c.
266 4108 391 4177 64.)
423 4111 485 4161 In
514 4107 709 4180 capite
732 4106 1217 4177 Quadragesimte
1258 4124 1469 4164 omnes
1496 4106 1850 4181 pmnitentes

166 4198 289 4271 qui
312 4195 626 4269 publicam
664 4195 993 4269 suscipiunt
1017 4201 1121 4253 aut
1135 4199 1526 4271 susceperunt
1555 4196 1848 4269 poeniten-

167 4287 354 4355 tiam,
384 4288 526 4340 ante
558 4283 709 4340 fores
738 4285 1000 4341 ecclesiae
1031 4302 1092 4341 se
1138 4287 1569 4358 repraesentem
1618 4284 1847 4357 episco-

163 4391 259 4448 po
286 4342 566 4444 civitatis,
598 4389 775 4430 sacco
798 4373 1013 4442 induti,
1046 4342 1227 4431 nudis
1253 4373 1530 4448 pedibus,
1584 4342 1848 4430 vultibus
1882 4342 1926 4397 D

162 4465 234 4519 in
270 4468 499 4519 terram
530 4464 859 4535 prostratis,
911 4480 1044 4520 reos
1092 4479 1153 4520 se
1197 4480 1329 4519 esse
1368 4462 1501 4536 ipso
1541 4462 1749 4519 habitu
1792 4467 1849 4521 et

161 4551 353 4607 vultu
400 4550 887 4625 proclamantes;
937 4551 1040 4608 ubi
1093 4552 1303 4609 adesse
1345 4551 1568 4608 debent
1610 4550 1843 4623 decani,

160 4642 234 4697 id
264 4644 358 4697 est
387 4639 890 4715 archipresbyteri
918 4640 1364 4716 parochiarum,
1389 4657 1530 4697 cum
1576 4640 1842 4710 testibus,

159 4730 233 4786 id
262 4733 355 4786 est
384 4728 722 4805 presbyteri
752 4728 1192 4804 pcenitentium,
1219 4731 1325 4805 qui
1355 4745 1567 4786 eorum
1603 4744 1846 4785 conver-

163 4819 485 4876 sationem
514 4816 828 4891 diligenter
864 4819 1156 4893 inspicere
1207 4818 1468 4887 debent;
1525 4823 1580 4876 et
1629 4832 1842 4891 secun-

160 4911 329 4966 dum
385 4908 642 4965 modum
700 4908 890 4984 culpae
942 4909 1354 4983 paenitentiam
1411 4925 1519 4982 per
1565 4907 1844 4981 praeﬁxos

159 4999 416 5072 gradus
443 4998 739 5070 injungat.
772 5000 907 5055 Post
932 4999 1061 5055 haec
1088 4999 1149 5055 in
1181 4997 1496 5055 ecclesiam
1528 5014 1630 5055 eos
1659 4997 1841 5055 intro-

155 5089 384 5151 ducat,
415 5092 634 5144 etcum
660 5088 825 5144 omni
848 5087 1006 5145 clero
1037 5091 1262 5164 septem
1293 5087 1657 5162 paenitentia:
1685 5086 1843 5160 psal-

152 5195 317 5235 mos
338 5178 400 5233 in
436 5180 654 5233 terram
678 5180 1012 5251 prostratus
1034 5194 1173 5233 cum
1201 5175 1486 5251 lacrymis
1510 5192 1621 5252 pro
1633 5193 1843 5234 eorum

149 5264 570 5324 absolutione
612 5264 905 5321 decantet.
965 5268 1113 5321 Tum
1170 5281 1543 5337 consurgens
1590 5264 1668 5322 ab
1716 5282 1845 5324 ora-

146 5358 365 5421 tione,
394 5354 572 5423 juxta
598 5352 660 5411 id
687 5352 857 5425 quod
894 5368 1158 5415 canones
1200 5353 1435 5425 jubent,
1493 5368 1713 5411 manus
1759 5357 1843 5411 eis

140 5446 484 5519 imponat,
512 5456 737 5514 aquam
772 5441 1155 5500 benedictam
1185 5458 1365 5516 super
1419 5459 1524 5500 eos
1577 5449 1840 5517 spargat,

137 5537 450 5593 cinerem
478 5533 647 5605 prius
666 5528 880 5604 mittat,
902 5532 1041 5589 dein
1070 5531 1259 5589 cilicio
1272 5532 1468 5606 capita
1479 5546 1690 5589 eorum
1711 5548 1845 5590 coo-

136 5624 396 5701 periat,
421 5626 480 5681 et
508 5636 648 5678 cum
677 5622 905 5701 gemitu
936 5638 1004 5680 ac
1028 5621 1253 5679 crebris
1306 5622 1573 5699 suspiriis
1604 5621 1690 5680 eis
1746 5621 1844 5679 de-

1962 1701 2068 1773 qui
2093 1703 2352 1775 peccatis
2382 1706 2670 1776 gravibus
2701 1704 2864 1763 leves
2892 1712 3197 1785 quosdam
3233 1717 3293 1769 et
3321 1712 3639 1773 inusitatos

1962 1789 2283 1885 imponunt
2312 1793 2674 1885 poenitentiae
2716 1797 2958 1868 modos,
2994 1806 3296 1858 consuunt
3334 1802 3637 1885 pulvillos,

1965 1880 2299 1936 secundum
2329 1884 2749 1959 propheticum
2778 1902 3147 1963 sermonem,
3179 1891 3297 1947 sub
3328 1880 3496 1952 omni
3542 1880 3643 1959 cu;

1961 1966 2086 2022 bito
2115 1983 2359 2040 manus,
2389 1977 2445 2028 et
2474 1971 2701 2029 faciunt
2733 1976 3053 2035 cervicalia
3088 1978 3203 2036 sub
3261 1979 3459 2054 capite
3512 1985 3640 2043 uni-

1962 2071 2148 2111 Versm
2176 2058 2364 2114 aetatis
2396 2060 2475 2116 ad
2506 2060 2836 2134 capiendas
2867 2065 3130 2124 animas.
3184 2067 3303 2124 Sed
3361 2069 3637 2131 discretio

1965 2145 2259 2203 servanda
2283 2153 2372 2204 est
2400 2150 2552 2205 inter
2579 2150 2942 2221 poenitentes
2973 2156 3215 2228 publice
3248 2157 3635 2222 etabsconse.

1964 2236 2113 2291 Nam
2141 2235 2246 2307 qui
2271 2232 2510 2309 publice
2537 2245 2767 2312 peccat,
2797 2249 3036 2317 oportet
3067 2250 3129 2301 ut
3153 2245 3397 2318 publica
3426 2253 3637 2308 multe-

1965 2327 2059 2380 tur
2101 2324 2452 2398 poenitentia
2500 2331 2557 2383 et
2603 2330 2944 2387 secundum
3004 2333 3283 2393 ordinem
3329 2352 3634 2403 canonum

1962 2429 2075 2487 pro
2157 2414 2371 2472 merito
2421 2433 2531 2472 suo
2578 2420 3143 2478 excommunicetur
3229 2428 3286 2489 et
3371 2431 3636 2495 reconci-

1963 2502 2155 2558 lietur.

1966 2590 2238 2658 Qualiter
2267 2595 2566 2667 suscipere
2592 2595 2801 2651 debent
2833 2600 3220 2667 paenitentem
3250 2604 3513 2681 episcopi
3540 2610 3633 2667 vel

2170 2682 2339 2753 pres!
2354 2686 2527 2755 yteri.
2561 2685 2660 2741 Ex
2681 2686 3099 2745 Paenitentiali
3121 2692 3410 2751 Romano.

2037 2769 2308 2827 CCXCIII.
2339 2772 2682 2846 (Buncuxun.
2709 2774 2811 2831 lib.
2848 2793 2977 2849 xxx,
3006 2795 3056 2833 c.
3092 2781 3209 2853 33.)
3240 2782 3634 2846 Quotiescun-

1965 2876 2082 2933 que
2113 2860 2432 2917 Christiani
2462 2862 2539 2918 ad
2571 2864 2987 2935 paenitentiam
3028 2868 3345 2941 accedunt,
3401 2874 3632 2945 jejunia

1885 2987 1927 3041 ο
1966 2949 2360 3023 injungimus,
2398 2955 2455 3006 et
2484 2966 2595 3007 nos
2627 2955 3078 3013 communicare
3125 2974 3267 3018 cum
3311 2960 3395 3017 eis
3451 2962 3631 3035 debel-

1965 3055 2102 3094 mus
2118 3038 2177 3094 in
2187 3038 2265 3111 jej
2278 3038 2416 3096 unio
2428 3056 2613 3096 unam
2628 3042 2895 3100 autduas
2905 3044 3326 3111 hebdomadas
3339 3049 3632 3127 velquan-

1965 3131 2093 3183 tum
2116 3144 2463 3201 possumus,
2496 3133 2562 3185 ut
2590 3146 2713 3187 non
2744 3131 2979 3190 dicatur
3007 3136 3175 3207 quod
3213 3138 3631 3201 sacerdotibus

1962 3217 2305 3274 Judaeorum
2335 3234 2370 3274 a
2388 3218 2641 3275 Domino
2657 3219 2873 3278 dicitur
2897 3242 2909 3279 :
2951 3225 3051 3281 Vce
3066 3225 3228 3282 vobis
3248 3228 3625 3302 legisperitis,

1963 3305 2070 3376 qui
2096 3307 2447 3377 aggravatis
2476 3305 2763 3379 homines,
2793 3310 3161 3382 imponentes
3187 3329 3371 3389 super
3426 3314 3629 3377 hume—

1964 3410 2061 3451 ros
2088 3410 2291 3451 eorum
2339 3411 2523 3452 onera
2579 3399 2798 3469 gravia
2849 3404 2908 3455 et
2963 3401 3398 3477 importabilia,
3451 3406 3618 3483 137

1962 3485 2080 3553 ipsi
2106 3490 2303 3540 autem
2335 3500 2454 3541 uno
2480 3484 2667 3561 digito
2696 3493 2889 3544 vestro
2920 3505 3040 3552 non
3072 3492 3320 3567 tangitis
3349 3496 3623 3557 sarcinas

1963 3575 2124 3643 ipsas
2153 3575 2315 3645 (Luc.
2350 3573 2451 3644 x1).

2522 3664 2670 3718 Item
2686 3670 2821 3733 post
2847 3679 3069 3739 pauca.

2033 3750 2293 3807 CCXCIV.
2330 3752 2666 3823 (Buacuxun.
2701 3751 2870 3825 ibid.)
2898 3753 3381 3830 Quotiescunque
3437 3744 3641 3817 dede:

1961 3840 2041 3896 ris
2067 3838 2381 3896 consilium
2406 3840 2699 3914 peccanti,
2728 3841 3027 3917 simulque
3052 3843 3131 3903 da
3161 3844 3241 3901 illi
3273 3846 3476 3909 statim
3504 3865 3623 3923 pae-

1961 3927 2293 3996 nitentiam,
2320 3934 2620 4004 quantum
2652 3930 2870 3989 debeat
2888 3933 3184 4007 jejunare,
3208 3939 3314 3996 aut
3359 3937 3618 3997 eleemo-

1962 4017 2127 4091 synis
2154 4018 2446 4075 redimere
2468 4008 2715 4093 peccata
2743 4036 2855 4077 sua
2885 4040 2898 4090 ;
2921 4037 2997 4078 ne
3050 4021 3197 4079 forte
3249 4024 3621 4085 obliviscaris

1959 4123 2096 4181 quae
2123 4106 2228 4165 tibi
2254 4106 2383 4180 jam
2406 4106 2575 4176 dixit,
2601 4112 2658 4165 et
2685 4108 2902 4165 iterum
2925 4110 3030 4167 tibi
3051 4127 3299 4173 necesse
3327 4112 3403 4173 sit
3448 4115 3621 4177 intar-

1958 4212 2192 4268 rogare,
2226 4200 2281 4253 et
2313 4195 2561 4254 forsitan
2592 4198 2907 4256 erubescat
2957 4200 3171 4263 iterum
3224 4202 3513 4270 conﬁteri,
3564 4208 3621 4265 et

1958 4286 2298 4345 inveniatur
2321 4287 2448 4358 jaiu
2482 4287 2745 4362 amplius
2766 4289 3046 4361 judicari.

1966 4376 2041 4433 Ut
2068 4377 2277 4432 nullus
2304 4375 2461 4432 alius
2484 4384 2816 4446 praesumat
2836 4379 3257 4455 paenitentiam
3315 4379 3467 4437 dare
3522 4380 3617 4436 vet

2028 4466 2453 4535 confessionem
2479 4466 2695 4525 audire
2724 4467 2839 4522 nisi
2864 4467 3173 4545 episcopus
3203 4471 3312 4527 aut
3361 4467 3614 4539 presby-

2028 4560 2137 4613 ter.
2168 4555 2269 4612 Ex
2297 4555 2516 4612 eodem.

2028 4646 2266 4703 CCXCV.
2300 4647 2563 4716 Exsurge
2589 4643 2693 4718 qui
2718 4643 2966 4713 dormis,
2994 4658 3250 4715 exsurge
3276 4660 3314 4705 a
3341 4644 3609 4712 mortuis,

1955 4736 2012 4789 et
2038 4732 2397 4792 illuminabit
2426 4737 2480 4790 te
2511 4732 2795 4792 Christus.
2828 4733 3050 4800 Frater,
3102 4732 3389 4792 Dominus
3439 4737 3611 4799 lesus

1955 4818 2246 4891 Christus,
2278 4819 2384 4893 qui
2415 4814 2563 4877 dixit
2592 4818 2903 4894 discipulis
2930 4817 3054 4881 suis
3085 4837 3098 4877 :
3135 4818 3512 4901 Quaecunque
3542 4821 3610 4879 ti-

1952 4910 2241 4979 gaveritis
2267 4924 2448 4980 super
2478 4915 2725 4975 terram,
2759 4914 2935 4965 erunt
2969 4908 3159 4985 ligata
3174 4914 3230 4967 et
3250 4910 3313 4967 in
3344 4911 3529 4981 caelo;
3554 4916 3607 4969 et

1955 5013 2321 5071 quaecunque
2371 4999 2669 5065 solveritis
2703 5013 2880 5068 super
2911 5003 3155 5066 terram,
3187 5005 3363 5056 erunt
3412 5001 3610 5061 soluta

1953 5092 2009 5144 et
2065 5088 2128 5143 in
2186 5088 2331 5144 caelo
2384 5085 2620 5158 (Matth.
2679 5086 2873 5160 xvui),
2922 5085 2997 5149 de
3044 5102 3308 5159 quorum
3353 5104 3609 5152 numero

1951 5176 2235 5250 quamvis
2262 5176 2543 5252 indignos
2570 5192 2683 5232 nos
2714 5176 2849 5235 esse
2871 5174 3077 5243 voluit.
3104 5176 3232 5253 ipse
3257 5181 3312 5236 te
3332 5177 3610 5243 absolvat

1952 5278 2060 5340 per
2088 5266 2485 5323 ministerium
2539 5269 2819 5323 nostrum
2870 5266 2951 5324 ab
3006 5267 3292 5324 omnibus
3343 5270 3605 5342 peccatis

1953 5356 2089 5427 tuis,
2111 5372 2490 5430 quaecunque
2515 5356 2894 5428 cogitatione,
2925 5356 3244 5428 locutione,
3266 5363 3446 5433 atque
3460 5374 3603 5435 ope-

1951 5445 2181 5503 ratione
2208 5444 2578 5515 negligenter
2604 5445 2793 5516 egisti,
2831 5450 2897 5503 ut
2953 5461 2989 5503 a
3032 5446 3286 5504 nexibus
3331 5452 3634 5522 peccato--

1951 5550 2086 5590 rum
2117 5532 2461 5590 absolutum
2483 5534 2810 5608 perducere
2854 5540 2911 5599 te
2966 5536 3242 5607 dignetur
3295 5534 3375 5593 ad
3414 5549 3602 5609 regna
3680 5590 3685 5591 ,

1954 5622 2233 5681 cmlestia.
2286 5626 2494 5681 Amen.
2546 5626 2662 5682 Nos
2710 5624 2914 5696 etiam,
2984 5624 3164 5683 frater
3228 5621 3595 5691 charissime,
