4046 6190
365 234 469 290 247

1490 225 1861 291 REGINONIS
1901 222 2311 280 i’BUMlENSlS
2348 228 2655 283 ABBATIS.

3676 216 3793 282 248‘

367 357 703 414 secundum
730 356 1138 413 auctoritatem
1171 355 1346 409 nobis
1398 352 1662 423 indignis
1700 366 1735 405 a
1768 346 2021 404 Domino
2054 349 2099 400 Α
2133 352 2189 402 et
2216 348 2509 423 Filium,et
2541 336 2821 426 Spiritum
2840 351 3145 407 sanctum!
3178 349 3782 421 Resp.Credo.Credis

366 448 760 504 commissam
781 444 1151 502 absolvimus
1169 448 1223 500 te
1243 444 1321 501 ab
1340 445 1505 501 omni
1531 439 1765 499 vinculo
1782 436 2024 493 delicto-

364 554 523 609 rum,
557 541 622 593 ut
650 534 934 592 merearis
963 534 1185 590 habere
1218 534 1400 590 vitam
1433 538 1716 590 aeternam
1749 545 1855 602 per
1884 542 2021 583 eum

365 626 471 699 qui
502 623 667 692 vivit,
700 629 810 680 etc.
838 623 990 694 (234)

439 715 780 785 (Βιῖιιειιλιιι).
813 712 916 768 lib.
941 729 1064 781 χιχ,
1096 729 1148 770 c.
1186 714 1330 783 153.)
1381 713 1541 769 Sicut
1585 710 1744 766 enim
1804 705 2024 763 sacriﬁ—

366 802 528 858 cium
559 801 772 860 oﬂ‘erre
825 818 949 858 non
997 800 1219 859 debent
1277 801 1450 874 138
1495 801 1610 857 nisi
1662 797 1925 872 episc0pi
1968 801 2026 852 et

366 889 949 963 presbyteri,quibus
961 890 1160 947 claves
1172 890 1337 961 regni
1356 889 1605 946 ccelestis
1621 888 1850 953 traditae
1864 903 1974 943 sun
1983 892 2019 948 t,

366 982 452 1036 sic
484 996 594 1037 nec
626 979 1041 1054 poenitentium
1069 979 1293 1052 judicia
1321 978 1415 1035 alii
1448 994 1738 1054 usurpare
1781 977 2019 1033 debent.

371 1070 443 1126 Ut
470 1071 781 1140 diaconus,
808 1071 863 1124 si
878 1085 1110 1125 necesse
1136 1071 1232 1137 sit,
1255 1069 1541 1138 suscipiat
1572 1068 2018 1137 confessionem.

436 1159 699 1215 CCXCVI.
728 1157 1068 1227 (HALITGAR.
1102 1158 1165 1213 in
1179 1159 1428 1227 pra'fat.
1453 1156 1611 1212 tib.vl
1640 1174 1652 1224 ;
1694 1158 2019 1211 Buncuxan.

367 1246 469 1302 lib.
499 1262 618 1316 x1x,
652 1263 702 1301 c.
740 1246 961 1318 154.)Ξὶ
1003 1250 1206 1303 autem
1265 1246 1587 1302 necessitas
1635 1246 1910 1314 evenerit,
1969 1248 2026 1299 et

367 1334 683 1406 presbyter
707 1349 829 1390 non
856 1334 1029 1390 fuerit
1058 1351 1342 1408 praesens,
1394 1334 1685 1391 diaconus
1741 1333 2025 1406 suscipiat

367 1422 752 1493 paenitentem
780 1422 858 1479 ad
889 1428 1159 1479 sanctam
1190 1425 1699 1481 communionem.

369 1512 515 1568 Item
544 1512 616 1568 de
644 1513 1023 1582 susapienda
1060 1515 1443 1583 confessione.
1477 1516 1578 1571 Ex
1610 1512 1902 1570 Theodori
1929 1528 2025 1567 ar-

441 1600 803 1670 chiepiscopi
827 1601 919 1656 vel
947 1601 1129 1658 Bedte
1150 1602 1491 1672 presbyteri
1519 1601 1948 1658 Pcenitentiali.

438 1689 729 1759 CCXCVII,
752 1690 1087 1760 (Humum.
1115 1693 1254 1748 ibid.
1293 1696 1608 1749 BlTRCHARI).
1641 1692 1741 1750 lib.
1794 1709 1913 1761 xxx,
1969 1709 2020 1747 c.
2053 1698 2092 1751 Β

367 1778 444 1849 2.)
477 1778 751 1851 Episcopi
777 1780 873 1835 vel
905 1780 1257 1853 presbyteri,
1286 1784 1532 1855 quando
1563 1783 1831 1840 ﬁdelium
1874 1782 2020 1837 reci-

365 1864 540 1937 piunt
568 1865 1332 1935 confessiones,humiliare
1365 1887 1425 1926 se
1476 1870 1716 1939 debent,
1778 1873 1833 1926 et
1882 1886 2020 1926 cum

366 1953 608 2011 tristitite
632 1956 857 2026 gemitu
884 1956 1286 2032 lacrymisque
1317 1976 1508 2030 orare,
1543 1976 1664 2017 non
1688 1958 1881 2016 solum
1913 1975 2022 2033 pro

366 2042 487 2097 suis
513 2042 763 2115 delictis,
798 2044 903 2101 sed
924 2046 1103 2102 etiam
1134 2063 1246 2120 pro
1276 2047 1471 2104 fratris
1502 2065 1645 2105 casu
1727 2050 1817 2106 Ait
1860 2048 2020 2104 enim

368 2132 729 2203 Apostolus:
765 2135 906 2203 Quis
936 2136 1302 2206 inﬁrmatur,
1334 2146 1385 2194 et
1414 2154 1519 2210 ego
1553 2154 1671 2195 non
1696 2140 1971 2208 inﬁrmor
1998 2143 2026 2194 ε)

366 2221 463 2286 (ΙΙ
487 2220 623 2277 Cor.
654 2223 764 2294 χι.)
1734 2218 1738 2222 “

997 2314 1161 2369 Unde
1188 2330 1395 2384 supra.

438 2400 753 2456 CCXCVIII.
815 2401 1149 2472 (HALITCAR.
1202 2404 1368 2473 ibid;
1425 2406 1738 2460 BITRCHARD.
1768 2405 1869 2461 lib.
1901 2421 2018 2474 XIX,

364 2502 416 2542 c.
448 2488 524 2559 2.)
560 2489 709 2544 Dum
732 2503 875 2560 ergo
901 2490 1128 2547 venerit
1142 2491 1356 2565 aliquis
1374 2492 1451 2548 ad
1484 2493 1858 2551 sacerdotem
1886 2512 2021 2552 con-

363 2576 515 2632 ﬁteri
544 2582 791 2651 peccata
815 2596 946 2648 sua,
978 2581 1226 2637 mandet
1255 2582 1305 2638 ei
1330 2583 1609 2639 sacerdos
1640 2588 1703 2640 ut
1723 2589 2022 2658 exspectet

363 2665 696 2737 modicum,
729 2667 922 2725 donec
948 2669 1122 2725 intret
1159 2669 1477 2726 ecclesiam
1520 2677 1624 2728 aut
1675 2672 2017 2730 cubiculum

363 2769 542 2810 suum
568 2754 647 2810 ad
678 2755 1029 2813 orationem.
1075 2758 1130 2813 Si
1162 2762 1363 2815 autem
1392 2775 1511 2815 non
1541 2760 1814 2817 estlocus
1843 2767 2021 2836 aptus

368 2841 447 2898 ad
471 2842 609 2914 hoc,
637 2844 798 2901 dicat
822 2846 979 2901 hanc
1005 2845 1337 2903 orationem
1373 2848 1430 2904 in
1452 2848 1631 2906 corde
1662 2866 1790 2907 suo.

1076 2935 1222 2991 Orat
1229 2938 1281 2991 in
1291 2979 1302 2990 .

2131 438 2298 509 quod
2316 439 2441 495 istae
2474 444 2589 497 tres
2618 457 2890 514 personae
2918 456 3074 497 unus
3105 443 3261 497 Deus
3294 440 3411 496 sit?
3440 440 3614 509 Resp.
3648 440 3789 494 Cre-

2131 527 2230 583 do.
2262 529 2464 586 Credis
2493 530 2740 604 quodin
2770 531 2903 605 ipsa
2932 530 3046 587 ista
3064 546 3265 599 carne,
3285 530 3344 586 in
3371 545 3495 603 qua
3512 545 3674 586 nunc
3700 546 3789 600 es,

2131 617 2191 673 in
2222 617 2353 691 ipsa
2384 635 2689 691 resurgere
2719 620 2905 677 habes
2931 620 2990 676 in
3020 619 3115 676 die
3154 619 3363 691 judicii
3418 624 3474 675 et
3524 619 3792 692 recipere

2131 707 2257 764 sive
2286 708 2518 766 bonum
2541 710 2663 766 sive
2691 709 2920 766 malnm
2945 709 3111 783 quod
3142 709 3377 781 gessisti
3400 710 3429 765 ‘?
3457 708 3668 765 Credo.
3692 709 3794 764 Vis

2130 796 2422 855 dimittere
2450 798 2564 855 illis
2586 804 2831 872 peccata
2856 799 2957 873 qui
2987 800 3048 855 in
3082 803 3135 856 te
3155 804 3568 871 peccaverunt,
3594 798 3794 855 Domi-

2130 902 2211 942 no
2236 885 2468 945 dicente
2494 905 2506 943 :
2540 888 2611 943 Si
2636 904 2755 944 non
2785 889 3130 946 remiseritis
3158 887 3493 944 hominibus
3536 892 3793 958 peccata

2132 989 2355 1045 eorum,
2384 992 2492 1033 nec
2547 977 2734 1033 Pater
2786 983 2977 1034 vester
3028 977 3282 1033 dimittet
3337 976 3496 1032 vobis
3533 982 3793 1046 peccata

2134 1070 2331 1121 vestra
2359 1066 2599 1135 (Matth.
2627 1066 2735 1137 vi).
2767 1066 2939 1136 Resp.
2966 1063 3129 1121 Volo.
3182 1067 3247 1121 Et
3302 1063 3538 1137 require
3587 1064 3667 1120 ab
3716 1077 3794 1119 eo

2132 1151 2443 1221 diligenter
2460 1154 2509 1209 si
2541 1159 2629 1210 est
2653 1154 3050 1221 incestuosus,
3078 1159 3179 1211 aut
3207 1169 3318 1210 suo
3351 1152 3795 1210 senioriinﬁde-

2132 1240 2222 1298 lis.
2257 1242 2323 1297 Et
2353 1242 2398 1297 si
2434 1259 2557 1297 non
2588 1243 2711 1299 vult
2746 1243 3038 1300 incestum
3096 1243 3409 1310 dimittere,
3464 1259 3585 1299 non
3616 1247 3796 1317 potes

2133 1329 2184 1386 ei
2224 1330 2367 1387 dare
2405 1332 2837 1405 paenitentiam.
2893 1333 2945 1389 Si
2998 1336 3199 1389 autem
3256 1331 3396 1399 vult,
3454 1337 3644 1405 potes.
3689 1331 3795 1386 His

2133 1420 2478 1492 praemissis,
2520 1422 2906 1493 pmnitentem
2966 1421 3189 1493 alloqui
3230 1420 3552 1477 affectuose
3609 1421 3796 1476 debet

2134 1508 2417 1565 sacerdos
2445 1509 2538 1566 his
2572 1509 2767 1566 verbis
2800 1527 2811 1565 :

2206 1600 2419 1667 Frater,
2472 1598 2593 1655 noli
2658 1599 3006 1657 erubescere
3060 1605 3306 1673 peccata
3354 1605 3455 1656 tua
3496 1599 3789 1656 confiteri.

2134 1689 2280 1742 Nam
2310 1691 2367 1743 et
2387 1702 2499 1757 ego
2528 1692 2809 1760 peccator
2837 1704 2993 1759 sum,
3013 1692 3068 1744 et
3096 1687 3361 1745 fortassis
3382 1689 3795 1761 pejoraqnam

2134 1780 2195 1830 tu
2216 1773 2420 1830 feceris
2448 1775 2644 1831 habeo
2666 1774 2843 1832 facta.
2872 1773 3007 1831 Haec
3038 1774 3259 1833 idcirco
3283 1774 3604 1843 admoneo,
3642 1774 3796 1849 quia

2130 1864 2415 1919 usitatum
2450 1864 2681 1936 generis
2737 1865 2988 1922 humani
3039 1865 3243 1922 vitium
3297 1873 3405 1935 est,
3466 1870 3528 1921 ut
3575 1864 3796 1921 beatus

2131 1953 2445 2024 Gregorius
2475 1954 2618 2009 dicit
2645 1953 2772 2024 (lib.
2797 1970 2910 2009 χχιι
2943 1955 3161 2011 Moral.
3189 1971 3243 2012 c.
3285 1958 3364 2023 9),
3414 1959 3471 2010 et
3523 1953 3795 2010 labendo

2130 2047 2446 2115 peccatum
2477 2043 2866 2107 committere,
2913 2048 2967 2099 et
3016 2043 3413 2099 commissum
3439 2042 3794 2099 confitendo

2130 2146 2250 2186 non
2273 2130 2549 2203 prodere,
2578 2130 2682 2186 sed
2714 2130 2994 2201 negando
3024 2130 3364 2199 defendere,
3416 2134 3595 2204 atque
3643 2146 3792 2187 con-

2130 2218 2354 2275 victum
2384 2217 2765 2275 defendendo
2812 2219 3229 2293 multiplicare.
3262 2223 3327 2276 Et
3381 2221 3483 2293 qui
3543 2219 3797 2277 diabolo

2130 2309 2449 2381 instigante
2480 2310 2744 2366 nefanda
2776 2310 3025 2367 crimina
3056 2316 3396 2385 perpetrare
3423 2327 3545 2368 non
3579 2312 3795 2367 metui-

2134 2413 2288 2471 mus,
2320 2399 2448 2455 haec
2478 2399 2690 2455 eadem
2721 2416 2853 2473 quae
2881 2415 3060 2474 opere
3088 2400 3320 2474 absque
3352 2401 3471 2457 ulla
3509 2415 3798 2457 verecun-

2130 2487 2231 2544 dia
2260 2488 2641 2562 perfecimus,
2678 2489 2891 2545 eodcm
2914 2490 3203 2546 suadente
3217 2490 3411 2547 saltim
3429 2490 3622 2546 verbis
3644 2506 3792 2547 con-

2128 2576 2280 2633 ﬁteri
2306 2576 2736 2644 erubescimus,
2762 2581 2818 2633 et
2848 2593 3051 2634 coram
3104 2577 3370 2647 homine,
3428 2578 3533 2650 qui
3580 2576 3793 2632 similis

2130 2668 2317 2723 nostri
2344 2671 2450 2737 est,
2484 2667 2833 2741 eisdemque
2874 2668 3122 2724 fortasse
3170 2668 3556 2742 passionibus
3586 2667 3793 2738 subja-

2130 2762 2241 2826 cet,
2273 2757 2702 2815 confundimur
2726 2758 2920 2816 dicere
2958 2759 3123 2833 quod
3155 2775 3363 2816 coram
3396 2757 3791 2831 Domino,qui

2128 2846 2603 2920 omniainspicit,
2622 2846 2853 2921 absque
2884 2847 3006 2904 ullo
3029 2848 3243 2905 mentis
3273 2847 3495 2905 rubore
3512 2847 3791 2904 commit-

2132 2940 2251 2991 tere
2279 2952 2403 2992 non
2429 2936 2886 2993 formidavimus
2917 2937 3267 2994 detestanda
3284 2938 3535 2994 actione.
3567 2939 3794 3010 Sponte

433 3020 693 3076 CCXCIX.
729 3021 1058 3093 (fixuram.
1092 3024 1232 3080 ibid.
1254 3041 1278 3094 ,'
1323 3027 1637 3084 BL'RCHARD.
1671 3029 1810 3085 ibid.
1854 3047 1904 3088 c.
1938 3035 2017 3099 3.)
2054 3050 2094 3103 ο
2128 3041 2271 3096 ergo
2302 3025 2594 3081 fateamur
2627 3026 2791 3099 quod
2841 3025 3006 3082 nullo
3058 3031 3307 3097 cogente
3352 3026 3791 3083 commisimus.

362 3107 612 3163 Domine
641 3109 797 3165 Deus
826 3111 1528 3186 omnipotens,propitius
1556 3121 1682 3173 esto
1703 3118 1846 3174 mihi
1879 3135 2016 3193 pec-

360 3195 567 3263 calori,
600 3200 666 3252 ut
690 3198 986 3268 condigne
1020 3200 1121 3256 tibi
1150 3202 1381 3273 possim
1411 3204 1632 3272 gratias
1662 3220 1859 3275 agere,
1912 3209 2016 3282 qui

360 3300 459 3339 me
484 3283 802 3355 indignum
841 3293 1085 3361 propter
1110 3293 1274 3345 tuam
1309 3290 1777 3351 misericordiam
1813 3295 2018 3353 minis-

360 3377 521 3429 trum
552 3373 741 3432 fecisti
771 3375 947 3433 ofﬁcii
986 3378 1160 3451 139
1188 3380 1594 3451 sacerdotalis,
1640 3387 1696 3439 et
1749 3401 1845 3441 me
1892 3387 2015 3443 exi-

359 3476 548 3532 guum
598 3463 1009 3538 humilemque
1067 3466 1459 3526 mediatorem
1516 3472 1872 3531 constituisti
1935 3476 2011 3532 ad

357 3551 658 3608 orandum
689 3557 747 3609 et
765 3553 1254 3614 intercedendum
1283 3559 1360 3614 ad
1393 3560 1711 3618 Dominum
1738 3568 2013 3622 nostrum

354 3641 557 3696 Jesum
583 3641 881 3699 Christum
912 3643 1122 3700 Filium
1162 3651 1332 3703 tuum
1376 3664 1484 3721 pro
1516 3650 1904 3722 peccantibus
1961 3657 2018 3710 et

357 3727 437 3784 ad
467 3729 882 3802 paenitentiam
918 3736 1370 3792 revertentibus.
1406 3738 1684 3813 Ideoque,
1735 3741 2013 3801 domina-

355 3815 448 3873 tor
472 3819 743 3889 Domine,
775 3821 881 3893 qui
905 3838 1118 3879 omnes
1142 3825 1420 3882 homines
1452 3828 1537 3883 vis
1566 3830 1766 3887 salvos
1801 3832 1927 3890 fieri
1958 3839 2017 3891 et

356 3905 436 3961 ad
466 3906 836 3976 agnitionem
867 3910 1126 3968 veritatis
1160 3914 1379 3985 venire,
1411 3917 1516 3988 qui
1546 3933 1668 3975 non
1699 3920 1789 3975 vis
1852 3939 2011 3980 mor-

356 3997 476 4048 tem
499 3999 908 4067 peccatorum,
952 3998 1057 4054 sed
1110 4004 1176 4056 ut
1218 4008 1638 4062 convertantur
1683 4012 1740 4062 et
1786 4009 2011 4082 vivant,

357 4082 592 4156 suscipe
623 4084 957 4141 orationem
986 4103 1211 4156 meam,
1243 4106 1430 4163 quam
1457 4093 1645 4151 fundo
1676 4102 1813 4153 ante
1844 4115 2015 4156 cons-

355 4173 600 4243 pectum
628 4171 959 4230 clementia:
988 4180 1103 4232 tua:
1143 4193 1253 4250 pro
1298 4179 1537 4237 famulis
1568 4188 1624 4239 et
1673 4183 2015 4245 famulabus

356 4259 472 4351 tuis
500 4260 606 4333 qui
625 4260 704 4317 ad
737 4262 1148 4335 paenitentiam
1176 4274 1489 4340 venerunt,
1520 4278 1585 4329 ut
1622 4273 1728 4330 des
1757 4275 1869 4333 illis
1901 4278 2017 4351 spi-

355 4347 552 4456 ritum.
589 4352 1206 4456 compuncti‘onis,nut
1262 4359 1618 4432 resipiscant
1674 4380 1711 4420 a
1792 4347 2015 4425 diaboli
2047 4400 2090 4456 υ

354 4436 611 4526 laqueis,
648 4454 685 4496 a
711 4455 835 4513 quo
866 4440 1127 4500 adstricti
1157 4446 1450 4516 tenentur,
1480 4453 1537 4505 et
1566 4451 1643 4507 ad
1669 4456 1721 4508 te
1739 4469 1844 4526 per
1869 4472 2013 4512 con-

353 4524 605 4597 dignam
649 4528 1115 4588 satisfactionem
1165 4540 1536 4594 revertantur
1571 4556 1679 4615 per
1730 4524 2011 4603 eumdem

354 4615 700 4672 Dominum.

425 4703 645 4760 Videns
679 4710 878 4762 autem
901 4706 995 4765 ille
1023 4710 1128 4783 qui
1160 4711 1238 4768 ad
1267 4714 1680 4787 paenitentiam
1706 4716 1864 4779 venit
1914 4739 2013 4779 sa-

350 4792 652 4851 cerdotem
686 4795 913 4852 tristem
939 4801 998 4854 et
1021 4798 1459 4873 lacrymantem
1490 4821 1601 4878 pro
1629 4808 1753 4865 suis
1784 4810 2013 4868 facino-

349 4880 536 4951 ribus,
560 4883 757 4953 magis
777 4883 1144 4973 ipsetimore
1193 4891 1291 4946 Dci
1352 4894 1687 4966 perculsus,
1749 4899 2011 4973 amplius

352 4970 612 5026 tristetur
640 4974 697 5027 et
722 4972 1105 5033 exhorrescat
1134 4985 1384 5051 peccata
1416 4998 1527 5040 sua
1553 4986 1726 5055 (235).

459 5058 729 5149 Cadent!
757 5060 1022 5120 dandam
1046 5070 1480 5136 paenitentiam.
1509 5074 1674 5132 Unde
1694 5092 1899 5149 supra.

423 5146 574 5237 CCC.
605 5146 954 5237 (Britanno.
979 5153 1149 5227 ibid.)
1180 5159 1315 5215 Post
1361 5160 1489 5216 hac
1542 5146 1844 5237 interroga
1873 5185 2012 5228 eum

350 5229 574 5288 blande
604 5233 954 5310 leniterque.
995 5239 1169 5314 14,0
1200 5244 1402 5303 Credis
1434 5248 1497 5305 in
1538 5252 1723 5309 Deum
1751 5229 2009 5329 Patrem,

421 5372 565 5515 E234;
594 5375 784 5458 Caput
811 5378 975 5436 istud
1004 5397 1129 5463 non
1158 5392 1351 5446 exstat
1378 5391 1439 5448 in
1469 5409 1582 5450 ms.

439 5446 541 5499 235
620 5448 722 5503 Hic
776 5448 947 5507 locus
1005 5469 1088 5510 Sic
1115 5454 1298 5514 habet
1346 5461 1407 5515 in
1451 5470 1580 5515 veta

439 5446 586 5528 235)¹
620 5446 761 5528 Ηοξο-
775 5448 976 5528 locus“
1005 5453 1298 5528 sichabet
1346 5446 1631 5523 ini—veniri
1662 5470 1867 5527 codice
1890 5488 2002 5528 ms.

348 5518 697 5605 mpna_sterii
724 5519 1142 5605 Rivipullensis
1174 5544 1188 5581 ε
1215 5549 1241 5574 ‹‹
1269 5518 1866 5605 γίειθιιέθεὶῐῐεὶιῐῖῑιῖ
1886 5518 2004 5599 ἧῖεῖὶ

348 5587 589 5670 ίθιῗεηίίἓιί
606 5589 683 5645 ad
706 5587 1119 5670 paenitentiam
1145 5600 1325 5670 venit,
1358 5587 1862 5668 Haacsab'éifaaii‘s
1886 5587 2003 5669 liii-

347 5650 675 5733 militatem,
698 5650 894 5734 magis
924 5650 1173 5739 peccata
1191 5650 1328 5730 ’ἐῖιᾶ
1358 5650 2001 5757 'éEBBFEBEB‘iEUYSzﬁEs

2131 3114 2187 3171 Si
2212 3130 2353 3170 vero
2384 3129 2494 3170 nos
2520 3119 2727 3171 nostra
2756 3114 2979 3171 scelera
3010 3114 3427 3184 celaverimus,
3473 3114 3638 3188 ιιι
3708 3114 3794 3170 ab

2129 3203 2227 3260 illo
2258 3202 2805 3261 manifestabuntur
2834 3205 2936 3278 qui
2968 3209 3025 3261 ct
3057 3210 3374 3262 accusator
3420 3206 3572 3276 [cod.
3626 3206 3791 3261 Rivi-

2106 3290 2307 3369 putL,
2342 3292 2573 3361 auctor]
2607 3296 2695 3347 est
2722 3293 2947 3365 peccati
2993 3298 3050 3349 et
3100 3293 3369 3351 incentor
3422 3296 3584 3361 (236).
3654 3296 3793 3365 Ipse

2128 3378 2289 3435 enim
2327 3379 2423 3437 hic
2481 3396 2592 3436 nos
2640 3385 2705 3437 ut
2759 3396 3079 3455 peccemus
3108 3382 3399 3454 instigat;
3448 3382 3597 3455 ipse,
3646 3397 3792 3437 cum

2125 3468 2597 3540 peccaverimus,
2628 3474 2891 3527 accusat.
2927 3472 2982 3528 Si
3011 3487 3153 3542 ergo
3178 3472 3241 3528 in
3280 3473 3396 3529 hac
3452 3473 3576 3528 vita
3628 3486 3792 3544 pras-

2126 3556 2442 3613 veniamus
2470 3573 2610 3614 eum
2635 3563 2693 3614 et
2736 3559 2849 3632 ipsi
2893 3559 3130 3616 sceleris
3160 3561 3347 3617 nostri
3403 3564 3795 3617 accusatores

2128 3644 2335 3716 simus,
2378 3647 2678 3720 nequitias
2738 3648 2963 3705 diaboli
3020 3649 3242 3707 inimici
3295 3649 3482 3707 nostri
3529 3665 3792 3706 accusa-

2127 3734 2269 3792 toris
2328 3735 2709 3807 effugiemus,
2766 3737 2947 3795 Paulo
3006 3744 3168 3807 teste,
3216 3739 3322 3812 qui
3373 3739 3497 3797 ait:
3548 3740 3620 3795 Si
3658 3754 3797 3795 nos‘

2125 3826 2399 3895 metipsos
2414 3826 2853 3896 judicaremus,
2887 3844 3003 3885 non
3044 3830 3248 3901 utique
3303 3829 3797 3899 diiudicaremus-

2125 3912 2185 3985 (Ι
2208 3914 2345 3970 Cor.
2377 3915 2469 3986 Vl).

2196 4001 2413 4059 Videns
2462 4008 2662 4061 autem
2718 4021 2856 4061 eum
2916 4006 3198 4062 sacerdos
3252 4006 3793 4073 verecundantem,

2124 4106 2370 4147 rursum
2401 4099 2845 4166 prosequatur:
2901 4097 3184 4163 Fortasse,
3228 4095 3610 4153 charissimé.
3666 4110 3793 4150 non

2124 4180 2328 4238 omnia
2356 4198 2490 4254 quae
2521 4182 2747 4253 gessisti
2778 4184 2855 4239 ad
2890 4185 3240 4240 memoriam
3275 4184 3455 4240 modo
3514 4185 3794 4241 veniunt.

2127 4272 2247 4340 Ego
2275 4275 2327 4328 te
2357 4271 2759 4343 interrogabo.
2784 4276 2864 4329 Tu
2898 4290 3043 4329 cave
3066 4290 3141 4329 ne
3199 4274 3440 4329 diabolo
3489 4274 3797 4329 suadente

2124 4359 2350 4433 aliquid
2381 4361 2571 4418 celare
2596 4378 2955 4436 praesumus.
2992 4366 3058 4419 Et
3085 4370 3222 4420 tunc
3251 4380 3389 4421 eum
3422 4364 3502 4420 ita
3534 4380 3647 4437 per
3693 4366 3794 4417 Or-

2124 4448 2328 4505 dinem
2356 4450 2694 4521 interroget.

2194 4537 2402 4594 Fecisti
2424 4538 2815 4596 homicidium
2837 4545 2939 4597 aut
2968 4556 3112 4597 casu
3143 4546 3246 4597 aut
3271 4541 3495 4609 volens,
3520 4544 3627 4597 aut
3657 4557 3794 4614 pro-

2122 4625 2385 4685 vindicta
2414 4632 2755 4700 parentum,
2787 4629 3151 4701 autjubente
3177 4630 3424 4686 domino
3445 4635 3572 4698 tuo,
3595 4637 3702 4686 aut
3731 4631 3790 4685 in

2123 4716 2365 4789 publico
2393 4716 2570 4774 bello.
2598 4715 2655 4776 Si
2684 4717 3012 4776 voluntarie
3044 4719 3249 4787 fecisti,
3309 4724 3539 4793 septem
3590 4736 3790 4776 annos

2125 4805 2410 4879 paenitere
2429 4806 2614 4863 debes
2636 4825 2648 4875 ;
2675 4807 2721 4862 si
2734 4808 2945 4863 nolens
2972 4814 3075 4865 aut
3090 4824 3258 4877 casn,
3274 4808 3548 4881 quinque
3565 4823 3787 4865 annos.

2128 4895 2181 4952 Si
2200 4911 2311 4969 pro
2330 4895 2594 4952 vindicta
2611 4897 2894 4969 parentis,
2915 4913 3101 4953 unum
3118 4914 3368 4962 annum,
3388 4902 3446 4953 et
3476 4898 3787 4971 sequenti-

2124 4985 2239 5040 bus
2268 4984 2509 5041 duobus
2531 4986 2707 5041 annis
2732 4990 2846 5041 tres
2871 4986 3371 5059 quadragesimus
3401 4990 3457 5040 et
3487 4985 3793 5055 legitimas

2124 5073 2317 5130 ferias.
2351 5073 2407 5131 Si
2437 5073 2498 5130 in
2527 5074 3275 5148 bello,quadragintadies.
3295 5074 3789 5146 Siliberes,etju-

2122 5163 2300 5220 bente
2315 5162 2563 5221 domino
2575 5180 2819 5221 servum
2842 5166 3223 5221 innocentem
3249 5163 3784 5230 occidisti,annum

2122 5269 2336 5327 unum,
2354 5253 2414 5325 in
2436 5253 2677 5311 duobus
2708 5254 2838 5310 aliis
2870 5254 3045 5311 annis
3068 5258 3183 5309 tres
3207 5253 3719 5328 quadragesimas
3734 5259 3793 5310 et

2121 5399 2344 5458 scelera
2372 5414 2487 5455 sua
2514 5398 2897 5472 pertimescit.
2914 5401 3056 5472 Post
3069 5399 3198 5454 haec
3227 5397 3793 5472 charitativesacer-

2119 5472 2231 5529 dos
2253 5487 2395 5527 eum
2426 5468 2732 5540 suscipiat,
2756 5468 3062 5540 humiliter
3088 5485 3229 5525 eum
3250 5468 3456 5540 sedere
3482 5468 3667 5525 faciat
3697 5485 3790 5524 se-

2121 5560 2282 5615 cum,
2308 5541 2527 5599 blande
2550 5538 2687 5615 cum
2719 5539 3069 5615 hujusmodi
3096 5538 3480 5615 sermonibus
3495 5541 3783 5597 attrahat.

2122 5610 2336 5678 Frater,
2366 5628 2488 5684 non
2519 5610 2837 5684 erubescas
2860 5610 3123 5684 confiteri
3156 5613 3402 5684 peccata
3446 5615 3578 5677 tua,
3612 5636 3638 5661 »ι
3670 5616 3791 5667 εἰς.

2190 5686 2339 5755 (236)
2368 5683 2510 5741 Vide
2533 5683 2861 5753 Ruricium,
2888 5682 2993 5739 lib.
3027 5698 3095 5750 ιι,Δ
3113 5681 3287 5755 epist.
3319 5681 3401 5736 l2.
