4044 6196
262 151 361 203 Ἃθ

1199 147 1289 202 DE
1332 149 1614 206 seems.
1657 147 1947 204 DISCIPL.
1994 107 2174 201 ueni
2214 145 2375 203 ouo.
2420 180 2487 188 -
2526 149 2660 205 ua.
2704 150 2743 205 1.

3570 159 3677 213 250

275 266 549 335 legitimas
578 263 772 321 ferias.
807 265 864 322 Si
895 282 1099 322 servus
1128 266 1348 338 dignus
1368 273 1457 327 est
1498 274 1706 339 morte,
1756 285 1906 343 qua-
1950 269 1997 321 A
2100 267 2301 323 Dixisti
2325 267 2544 325 falsum
2585 270 2992 328 testimonium
3042 287 3154 344 pro
3205 273 3527 345 cupiditate
3574 279 3677 331 aut

273 355 530 425 draginta
554 353 684 410 dies
715 356 1020 428 pteniteat.

340 443 528 500 Fecisti
542 445 947 505 truncationes
974 461 1264 502 manuum
1280 452 1382 505 aut
1401 450 1755 522 pedum,aut
1773 465 1913 505 ocu-

270 533 351 589 los
377 532 632 589 hominis
662 534 884 600 eruisti,
919 538 1022 591 aut
1048 531 1375 593 vulnerasti
1428 538 1757 595 hominem.
1801 541 1911 595 Pro

269 624 625 679 truncatione
682 639 910 687 annum
971 640 1161 681 unum
1205 625 1491 698 pix-nitere
1535 628 1757 695 debes;
1799 643 1909 701 pro

265 711 517 780 vulnere,
547 711 952 785 quadraginta
978 713 1103 769 dies
1130 715 1432 787 poeniteat.

330 800 530 857 Fecisti
561 801 891 874 perjurium
927 806 1029 859 aut
1056 819 1169 877 pro
1200 804 1523 878 cupiditate
1552 806 1772 876 saeculi,
1805 812 1908 864 aut

261 894 487 947 coactus
517 895 574 946 et
602 906 714 963 pro
730 892 1084 949 necessitate
1111 897 1215 949 aut
1243 894 1581 968 pervicacia
1619 895 1789 968 142
1805 902 1909 954 aut

260 983 588 1053 parentum,
621 984 724 1036 aut
743 981 1013 1037 nesciens
1042 984 1147 1037 aut
1179 982 1328 1038 alios
1373 984 1434 1039 in
1464 984 1794 1056 perjurium
1823 984 1908 1041 in-

258 1067 464 1125 duxisti
485 1067 757 1124 scienter.
794 1068 851 1125 Si
882 1068 1076 1125 sciens
1097 1070 1399 1143 pejerasti,
1442 1075 1500 1126 et
1524 1070 1673 1127 alios
1700 1072 1761 1127 in
1776 1089 1906 1146 per-

252 1156 466 1228 jurium
489 1156 796 1226 induxisti,
828 1162 1056 1231 septem
1088 1174 1281 1215 annos
1304 1154 1589 1232 paenitere
1618 1160 1821 1218 debes.
1850 1163 1904 1220 Si

254 1246 537 1317 nesciens,
565 1260 797 1301 annum
826 1262 1021 1303 unum
1042 1250 1099 1303 et
1118 1252 1236 1303 tres
1276 1248 1794 1321 quadragesimas.
1848 1251 1905 1308 Si

254 1349 360 1406 pro
383 1334 502 1391 vita
524 1332 615 1390 vel
645 1333 955 1403 membris,
987 1336 1107 1391 tres
1136 1336 1634 1408 quadragesimas
1670 1356 1684 1393 :

323 1423 523 1479 Fecisti
559 1422 784 1480 furtum
828 1428 933 1480 aut
973 1423 1355 1495 sacrilegium
1394 1431 1499 1483 aut
1547 1426 1905 1484 infracturas

260 1511 345 1568 vel
369 1512 669 1585 rapinam,
695 1512 909 1569 tollens
936 1514 1101 1587 quod
1116 1519 1286 1571 tuum
1301 1531 1424 1571 non
1450 1522 1594 1574 erat.
1618 1517 1674 1573 Si
1686 1516 1903 1573 domos

2022 358 2319 429 nesciens,
2346 374 2574 416 annum
2603 376 2792 417 unum
2816 362 3126 433 pceniteas.

2090 448 2396 504 Truncasti
2442 448 2630 505 ullum
2687 451 3052 519 membrum,
3132 455 3247 508 tres
3303 468 3496 509 annos
3553 469 3677 526 pce-

2020 535 2227 592 niteas.
2285 535 2289 540 ’

2091 625 2275 683 Odisti
2296 626 2533 684 fratrem
2567 632 2759 683 tuum.
2792 630 3072 695 Quandiu
3095 630 3154 686 in
3179 631 3312 704 ipso
3332 632 3471 688 odio
3492 632 3672 703 fuisti,

2017 716 2227 772 tandiu
2248 717 2540 790 pmniteas
2571 717 2630 774 in
2662 733 2817 791 pane
2843 724 2901 775 et
2929 735 3109 793 aqua.

2090 805 2401 862 Detraxisti
2428 806 2615 862 ullum
2633 806 2942 864 hominem
2954 808 3034 864 ad
3050 808 3347 866 seniorem
3363 811 3455 866 vel
3472 812 3551 867 ad
3563 828 3676 885 pa-

2014 909 2108 951 res
2136 899 2380 968 propter
2407 895 2717 964 invidiam,
2741 896 3142 969 quadraginta
3185 897 3312 953 dies
3356 900 3671 971 poeniteas.

2091 983 2330 1040 Violasti
2358 984 2419 1040 in
2467 984 2626 1041 furto
2683 985 3047 1059 sepulcrum,
3107 999 3301 1042 annos
3341 987 3497 1043 duos
3547 1004 3676 1060 paen

2015 1071 2224 1130 niteas.

2088 1160 2342 1233 Contigit
2365 1162 2470 1220 tibi
2499 1162 2623 1219 ulla
2651 1164 3015 1235 negligentia
3040 1164 3117 1221 de
3143 1164 3435 1221 sacriﬁcio
3467 1164 3666 1221 Domi-

2013 1248 2095 1321 ni,
2128 1254 2369 1307 centum
2398 1251 2800 1324 quadraginta
2819 1253 2947 1309 dies
2975 1255 3288 1327 pmniteas.

2085 1339 2441 1396 Consuluisti
2471 1357 2684 1414 magos
2714 1348 2818 1399 aut
2846 1344 3170 1416 aruspices,
3217 1347 3321 1399 aut
3342 1343 3668 1399 incantato-

2010 1442 2104 1482 res
2135 1433 2238 1484 aut
2270 1429 2600 1500 sortilegos,
2631 1431 2724 1486 vel
2752 1437 2894 1488 vota
2922 1448 3058 1504 quae
3089 1431 3169 1488 ad
3192 1431 3437 1489 arbores
3466 1431 3559 1487 vel
3588 1430 3687 1486 ad.

2010 1515 2202 1571 fontes
2231 1516 2382 1573 fiunt
2411 1519 2641 1587 vovisti,
2669 1534 2862 1574 annos
2888 1525 3004 1575 tres
3029 1520 3340 1592 pmniteas.

223 1615 347 1673 per
398 1604 638 1658 noctem
688 1600 975 1675 infregisti
1027 1607 1084 1659 et
1121 1603 1540 1677 quadrupedia
1584 1605 1766 1662 tulisti
1810 1606 1901 1662 vel
1941 1616 1981 1670 Β
2089 1605 2262 1678 144
2288 1605 2496 1663 Tulisti
2518 1606 2743 1681 aliquid
2771 1609 3039 1681 pecuniae
3070 1609 3146 1663 de
3164 1607 3442 1664 Ecclesia.
3475 1607 3663 1662 Autin

244 1690 544 1748 fortiorem
577 1707 824 1748 causam
857 1692 1155 1749 valentem
1210 1686 1412 1749 solidis
1469 1693 1897 1769 quadraginta,

240 1795 461 1838 annum
492 1796 687 1859 unum
718 1780 1001 1855 ptrnitere
1030 1781 1216 1838 debes
1242 1786 1299 1839 et
1321 1784 1579 1856 pretium
1627 1784 1895 1843 reddere.

243 1868 294 1925 Si
322 1884 443 1925 non
475 1869 704 1941 reddis,
732 1885 924 1927 annos
948 1870 1104 1927 duos
1152 1870 1464 1943 pumileas.
1520 1872 1576 1929 Si
1602 1873 1897 1945 majorem

238 1956 416 2015 fecisti
446 1959 698 2030 furtum,
728 1963 845 2016 tres
894 1975 1089 2016 annos
1138 1960 1427 2033 paenitere
1485 1960 1692 2018 debes.
1752 1966 1818 2019 Et
1849 1963 1897 2019 si

241 2061 392 2114 saepe
418 2046 631 2116 fecisti,
661 2062 854 2103 annos
885 2051 1134 2120 septem.
1172 2050 1281 2104 Pro
1311 2049 1551 2105 modico
1606 2050 1763 2107 furto
1811 2051 1896 2108 vi-

235 2134 373 2205 ginti
394 2134 547 2204 dies,
581 2123 750 2209 pueri
779 2135 991 2197 decem
1023 2135 1171 2192 dies.
1200 2137 1257 2194 Si
1285 2137 1361 2193 de
1386 2138 1637 2194 ecclesia
1667 2140 1896 2213 aliquid

235 2223 429 2293 tulisti,
460 2224 630 2298 quod
654 2229 743 2281 est
774 2225 1176 2296 sacrilegium,
1234 2233 1466 2299 septem
1521 2243 1717 2284 annos
1767 2245 1894 2302 poe-

234 2313 438 2371 niteas.

298 2402 510 2458 Fecisti
541 2402 902 2458 adulterium
924 2418 1064 2458 cum
1088 2419 1275 2458 uxore
1301 2403 1499 2459 aliena
1518 2403 1609 2460 vel
1633 2405 1897 2478 despon-

230 2494 379 2560 sata,
414 2490 515 2546 vel
544 2491 831 2560 virginem
856 2491 1190 2564 corrupisti,
1224 2492 1344 2547 sive
1374 2508 1512 2573 cum
1571 2495 1896 2551 sanctimo-

229 2581 366 2636 niali
398 2580 499 2636 vel
533 2582 650 2635 Deo
676 2580 895 2648 dicata,
927 2579 1022 2636 vel
1052 2597 1191 2637 cum
1222 2581 1501 2639 absoluta
1549 2583 1800 2652 femina,
1834 2585 1897 2642 id

230 2672 328 2731 est.
364 2668 502 2724 sine
528 2667 763 2734 marito,
797 2668 891 2724 vel
915 2684 1055 2725 cum
1084 2668 1303 2725 ancilla
1328 2671 1592 2742 propria.
1631 2670 1687 2726 Si
1748 2687 1895 2726 mas-

231 2756 437 2812 chatus
469 2772 535 2812 es
567 2772 707 2811 cum
734 2756 975 2812 alterius
1006 2772 1191 2812 uxore
1218 2760 1320 2813 aut
1368 2773 1508 2813 cum
1569 2758 1894 2815 sanctimo-

232 2844 388 2915 niali,
446 2848 680 2917 septem
737 2859 931 2901 annos
985 2844 1323 2918 poeniteas;
1372 2845 1418 2900 si
1472 2862 1611 2902 cum
1641 2846 1889 2917 virgine,

2007 1693 2418 1767 quadruplum
2447 1695 2705 1763 restitue,
2733 1700 2837 1752 aut
2866 1700 2982 1752 tres
3009 1711 3204 1752 annos
3234 1694 3547 1769 poeniteas.

2080 1782 2391 1839 Perdidisti
2416 1783 2680 1857 aliquem
2714 1800 2822 1858 per
2851 1784 3136 1856 injustam
3155 1783 3514 1853 delaturam,
3547 1786 3665 1838 tres

2006 1888 2200 1929 annos
2219 1873 2533 1945 poeniteas.

2077 1960 2303 2017 Duxisti
2332 1965 2437 2018 aut
2460 1962 2840 2018 transmisisti
2869 1961 3131 2035 aliquem
3156 1962 3217 2017 in
3239 1961 3662 2035 captivitatem,

2008 2056 2122 2107 tres
2152 2067 2345 2108 annos
2374 2052 2666 2125 poeniteas
2695 2052 2862 2123 (237).

2078 2141 2367 2197 Cremasti
2394 2140 2649 2197 domum
2678 2145 2782 2197 aut
2807 2155 3008 2197 aream
3044 2139 3306 2207 alterius,
3330 2144 3448 2195 tres
3467 2153 3662 2194 annos

2003 2228 2315 2301 pceniteas.

2079 2315 2281 2370 Fecisti
2308 2315 2603 2371 vomitum
2627 2331 2736 2388 per
2763 2314 3130 2384 ebrietatem,
3157 2312 3503 2386 quindecim
3534 2311 3662 2367 dies

2005 2403 2316 2477 pmniteas.
2350 2403 2406 2459 Si
2444 2419 2553 2477 per
2607 2403 3069 2469 contentionem,
3125 2401 3544 2474 quadraginta.
3602 2400 3659 2455 Si

2003 2492 2295 2558 nesciens,
2320 2508 2423 2548 sex
2447 2492 2575 2547 dies
2598 2492 2890 2565 poeniteas
2917 2493 3068 2564 (238)

2075 2581 2439 2653 manducasti
2469 2581 2784 2637 morticina
2823 2586 2928 2638 aut
2970 2580 3295 2636 dilacerata
3337 2596 3374 2634 a
3428 2578 3656 2647 bestiis,

2002 2670 2405 2743 quadraginta
2434 2668 2562 2724 dies
2591 2669 2905 2742 pmniteas.
2931 2668 3210 2725 Similiter
3229 2668 3277 2724 si
3299 2667 3659 2738 sanguinem

2001 2758 2355 2816 comederis.

2075 2847 2278 2904 Bibisti
2298 2847 2373 2903 de
2398 2846 2635 2920 liquore
2656 2846 2717 2903 in
2765 2863 2890 2919 quo
2922 2861 3060 2902 mus
3090 2846 3184 2903 vel
3212 2846 3467 2902 mustela
3493 2859 3661 2902 mor-

232 2932 378 2988 duos
401 2949 601 2990 annos
633 2952 647 3002 ;
677 2933 725 2988 si
755 2949 895 3013 cum
919 2933 1122 3001 vidua,
1151 2936 1382 2990 annum
1408 2948 1616 2991 unum.
1644 2935 1701 2991 Si
1723 2939 1890 2992 tuam
1934 2965 1976 3021 ο
2001 2940 2105 2993 tua
2133 2936 2377 2992 inventa
2404 2935 2600 3005 fuerit,
2625 2935 3028 3008 quadraginta
3052 2934 3180 2991 dies
3205 2934 3520 3007 pceniteas.

235 3038 473 3078 uxorem
505 3012 799 3078 dimisisti
819 3028 877 3079 et
896 3022 1137 3078 alterius
1148 3022 1421 3095 junxisti,
1441 3028 1673 3097 septem
1695 3040 1891 3081 annos

234 3112 513 3183 pmniteas
541 3129 554 3179 ;
592 3112 644 3166 si
674 3128 813 3168 cum
842 3112 1095 3168 vacante
1124 3111 1371 3183 femina,
1399 3117 1530 3169 tres
1548 3112 1888 3186 quadrage-

234 3199 407 3256 simas
429 3204 489 3256 et
514 3192 815 3270 legitimas
840 3200 1051 3268 ferias;
1107 3200 1156 3256 si
1183 3216 1323 3256 cum
1354 3200 1600 3274 propria
1649 3202 1883 3259 ancilla.

180 3332 181 3335 η
232 3289 634 3362 quadraginta
658 3289 786 3346 dies
811 3290 1101 3364 pcenitere
1123 3290 1333 3346 debes.

295 3379 553 3453 Nupsisti
588 3394 728 3435 cum
758 3393 943 3435 uxore
975 3383 1078 3436 tua
1107 3377 1449 3451 velancilla
1492 3383 1669 3434 retro.
1728 3378 1786 3435 Si
1806 3377 1887 3433 fe-

234 3465 371 3539 cisti,
396 3462 808 3542 quadraginta
826 3464 954 3525 dies
973 3467 1160 3525 debes
1189 3468 1498 3545 poenitere.

297 3558 553 3632 Nupsisti
586 3573 726 3614 cum
757 3574 941 3615 uxore
968 3563 1070 3615 tua
1103 3556 1507 3632 quadraginta
1562 3557 1690 3613 dies
1751 3562 1887 3614 ante

234 3651 479 3717 partum,
506 3647 919 3722 quadraginta
939 3647 1065 3704 dies
1090 3647 1276 3704 debes
1304 3647 1611 3721 paenitere.

304 3736 469 3810 163
501 3737 771 3811 Nupsisti
783 3738 845 3793 in
871 3737 966 3794 die
996 3737 1324 3805 Dominico,
1357 3742 1474 3793 tres
1517 3736 1645 3792 dies
1694 3737 1887 3808 pumi-

236 3829 341 3881 tere
364 3827 573 3884 debes.
1738 3828 1741 3831 l

300 3915 493 3973 Fecisti
518 3920 769 3988 raptum
791 3916 867 3971 de
895 3914 1123 3984 virgine
1152 3915 1246 3971 vel
1267 3913 1470 3981 vidua,
1546 3918 1661 3970 tres
1692 3929 1886 3970 annos

238 4004 506 4073 pmnitere
538 4004 749 4060 debes.

302 4093 495 4153 Fecisti
519 4093 1004 4162 fornicationem,
1029 4092 1183 4149 sicut
1213 4092 1530 4153 Sodomita:
1594 4091 1881 4160 fecerunt,

238 4192 362 4235 cum
388 4181 714 4253 pecoribus
745 4185 1012 4236 autcum
1041 4186 1231 4237 matre
1256 4180 1349 4237 vel
1378 4196 1598 4247 sorore,
1626 4180 1880 4253 quinde-

238 4265 342 4334 cim
365 4285 560 4326 annos
591 4269 685 4325 vel
712 4269 1032 4326 duodecim
1058 4270 1344 4342 pmnitere
1364 4269 1568 4325 debes.

301 4358 729 4432 Coinquinatus
761 4375 834 4414 ex
871 4374 1057 4415 uxore
1106 4365 1209 4414 tua
1265 4358 1327 4414 in
1384 4357 1880 4428 Quadragesima.

241 4443 291 4500 Si
336 4446 444 4514 hoc
502 4447 715 4513 fecisti,
801 4463 1031 4503 annum
1088 4462 1280 4503 unum
1333 4446 1620 4520 pcenitere
1699 4446 1885 4503 debes

240 4538 333 4589 aut
383 4536 595 4608 viginti
650 4552 754 4592 sex
798 4535 1022 4593 solidos
1104 4536 1164 4592 in
1217 4537 1666 4608 eleemosynam
1717 4536 1881 4593 dare.

244 4620 313 4693 Si.
342 4640 445 4696 per
490 4626 841 4682 ebrietatem
887 4625 1102 4693 evenit,
1162 4624 1565 4698 quadraginta
1601 4624 1729 4681 dies
1759 4640 1886 4697 pce-

242 4710 432 4769 niteas.

304 4800 418 4858 Hoc
441 4804 622 4861 etiam
655 4804 853 4860 caveri
876 4803 1074 4868 debet,
1106 4808 1171 4859 ut
1191 4801 1400 4872 viginti
1425 4801 1552 4858 dies
1584 4809 1720 4858 ante
1775 4806 1885 4858 Na-

247 4887 344 4942 tale
373 4892 607 4948 Domini
629 4898 684 4949 et
706 4895 1090 4948 Pentecosten
1113 4897 1170 4947 et
1192 4890 1355 4947 omni
1380 4890 1476 4945 die
1502 4891 1809 4946 Dominica
1831 4897 1887 4946 et

245 4983 364 5046 post
388 4981 842 5055 conceptionem
874 4980 1322 5038 manifestatam
1347 4979 1438 5036 vir
1468 4980 1768 5037 contineat
1822 4997 1885 5036 se

246 5062 314 5119 ab
340 5081 547 5127 uxore.

311 5244 446 5321 (237)
487 5248 676 5321 Editio
706 5246 1351 5321 Helmasstadiensisita
1375 5248 1583 5321 habet:
1604 5269 1631 5298 ‹‹
1660 5247 1886 5321 Duxisti

246 5319 337 5369 aut
362 5318 736 5376 transmisisti
777 5319 969 5375 ullum
998 5319 1309 5376 hominem
1368 5319 1766 5375 Christianum
1825 5318 1885 5373 in

246 5388 650 5459 captivitatem,
670 5395 787 5447 tres
820 5406 1080 5446 annos.»
1110 5389 1486 5447 Burchardus
1515 5390 1576 5445 in
1600 5388 1754 5445 libro
1783 5406 1881 5445 XIX

245 5455 414 5522 paulo
441 5455 651 5529 fusius,
684 5465 741 5518 et
765 5477 905 5518 cum
934 5460 1138 5529 aliquo
1168 5462 1530 5518 discrimine.
1595 5481 1624 5514 ‹
1656 5460 1884 5516 Duxisti

246 5478 414 5522 paulo
441 5478 651 5529 11181118,
684 5478 741 5518 et
765 5478 905 5518 cum
934 5478 1010 5518 au
1058 5478 1138 5518 uo
1168 5478 1530 5518 discrimine.
1595 5481 1624 5514 ‹
1656 5478 1884 5516 uuxnsu

246 5528 731 5613 alittransmisisti
779 5478 1217 5613 velvengidisli
1256 5532 1530 5613 aliquem
1575 5531 1885 5613 hominem

244 5608 299 5649 In
327 5601 741 5671 captivitatem,
775 5604 893 5660 nisi
918 5619 1030 5677 pro
1050 5619 1198 5677 pace
1225 5601 1554 5661 communi.
1583 5603 1638 5660 Si
1660 5601 1882 5669 fecisti;

1920 4314 1966 4369 D

2070 3024 2489 3096 Contempsisti
2516 3022 2827 3079 inductum
2848 3022 3148 3093 jejunium
3180 3022 3242 3078 in
3273 3021 3532 3077 Ecclenia
3560 3021 3654 3076 vel

1999 3112 2231 3169 decreta
2266 3113 2592 3177 seniorum,
2624 3112 3029 3185 quadraginta
3056 3110 3184 3167 dies
3220 3110 3536 3183 paenitens.
3598 3111 3653 3166 Si

1997 3201 2057 3257 in
2090 3201 2584 3272 Quadragesima,
2612 3216 2804 3257 unum
2834 3216 3085 3258 annum.

2074 3292 2118 3361 1
2131 3289 2247 3363 ‘5
2280 3290 2641 3364 Oppressisti
2651 3290 2942 3347 infantem
2960 3294 3153 3357 tuum,
3168 3288 3447 3361 quinque
3460 3302 3654 3344 annos

1994 3382 2099 3434 aut
2124 3383 2241 3434 tres
2265 3379 2553 3452 paenitere
2576 3379 2781 3435 debes.

2064 3467 2271 3523 Bibisti
2291 3468 2480 3524 ullum
2502 3468 2886 3534 maleﬁcium,
2910 3466 2971 3523 id
2996 3471 3104 3534 est,
3135 3465 3355 3522 herbas
3384 3465 3481 3520 vel
3505 3464 3654 3520 alias

1994 3573 2229 3623 causas,
2264 3562 2327 3612 ut
2354 3573 2479 3613 non
2505 3555 2804 3629 potuisses
2834 3555 3090 3610 infantes
3118 3553 3365 3623 habere,
3392 3557 3498 3609 aut
3537 3553 3654 3609 alio

1993 3645 2253 3714 donasti,
2283 3649 2388 3700 aut
2413 3643 2724 3699 hominem
2767 3658 2874 3715 per
2926 3641 3293 3697 mortiferam
3346 3641 3654 3713 potionem

1992 3732 2264 3790 occidere
2292 3731 2552 3797 voluisti,
2576 3734 2680 3786 aut
2703 3730 2889 3786 alium
2917 3730 3033 3784 hoe
3049 3728 3243 3785 facere
3262 3728 3535 3795 docuisti,
3551 3732 3657 3783 aut

1993 3822 2069 3877 de
2095 3820 2321 3876 semine
2340 3819 2452 3875 viri
2468 3819 2717 3891 gustasti
2747 3823 2812 3875 ut
2839 3818 2901 3874 in
2927 3832 3200 3873 amorem
3222 3820 3394 3872 tuum
3414 3814 3656 3872 exarde-

1995 3915 2203 3979 sceret,
2237 3915 2341 3967 aut
2360 3910 2626 3967 chrisma
2654 3908 2854 3965 bibisti
2897 3911 3002 3964 aut
3056 3906 3134 3963 ad
3181 3906 3653 3963 subvertendum

1998 4000 2096 4057 Dei
2117 4000 2413 4072 judicium
2444 3998 2608 4055 alteri
2638 3998 2875 4069 dedisti,
2902 4000 3012 4054 etc.
3048 3997 3105 4054 Si
3134 3996 3281 4070 quid
3303 3995 3651 4067 hujusmodi

1994 4095 2276 4163 operatus
2305 4106 2391 4155 es,
2427 4092 2656 4162 septem
2686 4102 2880 4143 annos
2902 4086 3214 4159 pmniteas.

2065 4180 2294 4237 Necasti
2323 4178 2657 4235 voluntarie
2677 4182 2886 4251 partus
2913 4176 3292 4244 tuos,decem
3315 4192 3509 4233 annos
3525 4191 3652 4248 pce-

1992 4268 2201 4325 niteas.
2231 4271 2296 4324 Et
2326 4268 2376 4323 si
2400 4267 2571 4324 ﬁlum
2602 4267 2693 4323 vel
2720 4266 2906 4323 ﬁliam
2963 4264 3255 4332 occidisti,
3307 4264 3649 4321 duodecim.

1998 4361 2061 4414 Et
2083 4359 2130 4412 si
2159 4358 2221 4413 in
2252 4363 2419 4413 utero
2449 4361 2584 4412 ante
2614 4360 2995 4428 conceptum,
3039 4370 3229 4409 unum
3286 4369 3538 4409 annum.
3596 4351 3652 4407 Si

1993 4449 2131 4518 post
2150 4451 2530 4518 conceptum,
2554 4450 2671 4500 tres
2694 4460 2906 4500 annos.
2928 4443 2986 4499 Si
3000 4446 3137 4497 tuus
3157 4439 3355 4495 infans
3367 4456 3475 4512 per
3486 4445 3651 4494 tuam

1994 4534 2418 4605 negligentiam
2447 4533 2574 4590 sine
2600 4533 2904 4606 baptismo
2928 4534 3201 4586 mortuus
3255 4530 3362 4595 εει,
3422 4540 3652 4583 annum

1992 4637 2183 4677 unum
2208 4621 2520 4694 paenitens,
2549 4624 2607 4675 et
2626 4632 2929 4690 nusquam
2962 4616 3046 4671 sis
3077 4615 3205 4670 sine
3233 4612 3437 4685 aliqua
3464 4611 3653 4683 paeni-

1993 4710 2195 4766 tentia.

2067 4798 2268 4854 Fecisti
2301 4797 2548 4870 aliquid,
2577 4795 2742 4869 quod
2772 4792 2996 4868 pagani
3025 4791 3251 4848 faciunt
3277 4790 3335 4846 in
3371 4788 3650 4846 Kalendis

1991 4889 2279 4956 Januarii,
2308 4888 2366 4943 in
2400 4886 2638 4943 cervulo
2664 4885 2758 4940 vel
2788 4884 2847 4940 in
2870 4882 3108 4953 vegula,
3138 4886 3254 4936 tres
3291 4896 3485 4936 annos
3530 4896 3653 4953 pce-

1991 4979 2201 5036 niteas.
3434 5008 3439 5011 ·

2066 5069 2271 5125 Fecisti
2297 5064 2524 5140 aliquid
2567 5064 2662 5120 vel
2691 5062 2890 5119 dixisti
2940 5062 3002 5118 in
3053 5075 3420 5135 quocunque
3468 5075 3650 5134 opere

1994 5245 2175 5301 reduc
2202 5261 2362 5315 eum,
2396 5244 2443 5298 si
2472 5241 2711 5315 poteris.
2744 5242 2844 5299 Sin
2867 5248 3099 5307 autem,
3120 5241 3277 5297 duos
3306 5256 3500 5298 annos
3543 5253 3652 5312 per

1992 5313 2505 5391 legitimasfsriaé
2521 5313 2835 5391 ewniteas:
2868 5336 2894 5362 υ
2957 5386 2967 5391 -
3129 5387 3166 5391 __
3504 5381 3515 5391 .

2067 5382 2212 5458 (238)
2244 5385 2433 5442 Editio
2460 5382 3004 5458 Hélmaastadiensis
3033 5402 3046 5440 :
3074 5407 3100 5434 ‹‹
3129 5382 3335 5458 Fecisti
3353 5382 3650 5458 vomitum

1991 5454 2098 5532 per
2126 5454 2494 5532 ebrietatem,
2544 5472 2626 5532 xv
2674 5456 2801 5512 dies
2830 5457 3144 5532 pmniteas.
3182 5456 3238 5532 _Si
3269 5454 3648 5532 per_conten-

1991 5521 2237 5597 tionem,
2259 5545 2352 5601 δι..
2388 5528 2441 5584 Si
2464 5521 2761 5601 nesciens,
2789 5521 2867 5583 vii
2891 5529 3018 5585 dies
3040 5521 3349 5601 paeniteas.
3377 5521 3649 5579 Similiter

1995 5601 2045 5656 si
2077 5599 2435 5672 sanguinem
2464 5599 2815 5656 comederis.
2848 5618 2877 5650 ›
3041 5599 3056 5601 ⁷
3304 5606 3307 5611 '
