4046 6190
344 162 455 219 251

1486 152 1861 208 REGINONIS
1898 151 2312 209 PRUMIENSIS
2351 153 2651 208 ABBATIS

3674 150 3783 204 252

344 284 511 359 quod
532 281 784 340 inchoas
813 295 920 353 per
952 277 1297 348 sortilegam
1321 275 1416 332 vel
1442 275 1742 347 magicam
1791 278 2002 345 artem,
2042 284 2088 339 Α
2118 291 2265 346 gum
2288 281 2345 333 te
2370 292 2500 333 esse
2529 279 2781 348 oportet.
2804 274 2861 329 Si
2885 274 2975 329 ira
3008 278 3061 329 te
3088 276 3286 340 vexat,
3319 286 3458 345 quas
3488 271 3550 327 in
3575 270 3788 328 stulto-

344 389 576 431 annum
600 386 790 427 unum
820 367 1128 441 paenitens.

415 461 616 521 Misisti
634 458 833 515 ﬁlium.
848 461 1020 512 tuum
1050 469 1231 528 super
1258 457 1478 510 tectum
1509 458 1613 509 aut
1660 467 1840 525 super
1892 452 2008 508 for-

342 566 558 609 nacem
582 563 693 621 pro
713 544 917 617 aliqua
939 543 1214 612 sanitate,
1240 542 1334 598 vel
1354 542 1669 599 incendisti
1689 556 1880 612 grana
1902 540 2007 597 ubi

344 644 619 700 mortuus
642 637 832 692 homo
856 633 1069 701 fuerat,
1099 632 1369 706 quinque
1397 647 1593 693 annos
1615 631 1929 706 pceniteas.

416 724 677 786 Cantasti
706 723 978 781 carmina
1005 721 1307 780 diabolica
1347 736 1528 795 super
1574 724 1868 788 mortuos,
1918 720 2006 776 vi-

345 818 491 891 ginti
520 816 651 874 dies
680 814 991 889 pmniteas.

413 904 672 964 Junxisti
695 909 753 961 te
772 902 1007 961 mulieri
1033 905 1301 974 tempore
1344 904 1679 971 menstruo,
1737 899 2005 972 quadra-

345 995 509 1066 ginta
533 994 667 1051 dies
686 992 998 1066 pceniteas.

416 1082 676 1157 Nupsisti
708 1098 848 1139 cum
871 1095 1057 1136 uxore
1087 1083 1210 1147 tua,
1242 1081 1569 1150 postquam
1594 1075 1845 1149 peperit,
1903 1090 2007 1130 an-

342 1179 589 1248 tequam
645 1170 1050 1246 quadraginta
1101 1169 1228 1225 dies
1281 1168 1772 1241 adimplerentur,
1832 1164 2006 1238 146

344 1264 587 1334 triginta
612 1262 739 1319 dies
764 1259 1075 1335 pamiteas.

416 1349 887 1411 Communieasti
907 1348 982 1404 de
1012 1346 1303 1404 sacriﬁcio
1330 1346 1587 1413 Domini,
1610 1351 1669 1402 et
1693 1360 1817 1400 non
1839 1343 2007 1418 prius

343 1439 681 1500 abstinuisti
699 1438 784 1499 ab
803 1436 1009 1495 uxoris
1026 1435 1316 1509 amplexu
1345 1434 1614 1507 quinque
1632 1437 1735 1490 aut
1776 1436 2008 1505 septem

342 1529 576 1596 diebus,
599 1528 731 1584 dies
758 1526 968 1598 viginti
994 1525 1306 1598 poeniteas.

2117 381 2252 421 rum
2285 365 2422 421 sinu
2450 362 2792 437 requiescit,
2824 361 3125 417 dominari
3179 360 3367 417 debes
3395 358 3601 416 animo
3654 364 3783 425 tuo,

2116 457 2174 509 et
2197 453 2352 509 hanc
2385 470 2420 509 a
2448 457 2505 510 te
2536 451 2753 509 mentis
2780 448 3205 522 tranquillitate
3232 448 3399 517 fuga.
3453 448 3508 505 Si
3561 447 3787 503 ventris

2115 542 2407 613 ingluvies
2436 541 2515 598 ad
2540 539 2882 598 vorandum
2906 538 3214 612 pertrahit,
3247 536 3631 594 sobrietatem
3653 552 3791 592 sec-

2114 636 2259 689 tare.
2288 631 2345 686 Si
2370 630 2635 699 luxuria,
2656 630 2991 686 castitatem
3017 642 3184 683 vove.

2186 723 2345 777 Tunc
2368 722 2706 793 prosternat
2735 734 2801 775 se
2829 715 3125 790 paenitens
3156 715 3218 771 in
3247 720 3488 782 terram,
3531 718 3587 771 et
3639 731 3788 770 cum

2114 808 2397 881 lacrymis
2427 809 2589 866 dicat
2622 825 2634 863 :
2669 810 2735 863 Et
2763 807 2824 863 in
2854 805 2946 862 his
2976 809 3033 861 et
3058 804 3119 860 in
3150 802 3281 861 aliis
3312 802 3787 877 quibuscumque

2114 901 2386 958 humana
2414 897 2702 969 fragilitas
2729 900 2937 954 contra
2962 897 3152 951 Deum
3173 897 3231 949 et
3247 896 3576 950 creatorem
3598 907 3788 947 suum

2117 993 2221 1046 aut
2248 988 2591 1059 cogitando,
2621 991 2725 1044 aut
2773 983 3101 1059 loquendo.
3158 987 3262 1040 aut
3287 982 3619 1055 operando,
3676 983 3791 1036 aut

2116 1078 2493 1145 delectando,
2525 1080 2629 1133 aut
2654 1073 3139 1148 concupiscendo
3168 1088 3419 1146 peccare
3450 1075 3665 1145 potest,
3722 1070 3789 1126 in

2116 1165 2401 1224 omnibus
2422 1182 2520 1222 me
2550 1181 2830 1240 peccasse
2861 1169 2917 1219 et
2971 1178 3143 1219 reum
3198 1162 3259 1217 in
3307 1164 3633 1234 conspectu
3677 1159 3789 1215 Dei

2117 1272 2298 1329 super
2326 1270 2534 1312 omnes
2562 1252 2836 1311 homines
2867 1268 3000 1309 esse
3030 1266 3334 1321 cognosco
3365 1254 3425 1306 et
3470 1248 3787 1306 conﬁteor.

2119 1344 2426 1401 Humiliter
2450 1343 2630 1401 etiam
2660 1347 2736 1410 te,
2767 1340 3049 1399 sacerdos
3077 1340 3481 1412 Dei,exposco
3511 1342 3579 1395 ut
3608 1337 3794 1394 inter-

2119 1433 2299 1491 cedas
2328 1449 2437 1508 pro
2469 1449 2568 1490 me
2595 1436 2652 1488 et
2675 1446 2784 1507 pro
2816 1428 3073 1504 peccatis
3116 1428 3267 1486 meis
3322 1428 3400 1484 ad
3458 1428 3790 1485 Dominum

2119 1527 2176 1581 et
2200 1526 2528 1579 creatorem
2548 1525 2843 1587 nostrum,
2867 1523 3166 1592 quatenus
3186 1517 3367 1575 dehis
3391 1521 3448 1574 et
3485 1516 3559 1573 de
3591 1516 3794 1572 omni-

416 1620 710 1690 Operatus
726 1630 791 1673 es
811 1613 1038 1687 aliquid
1068 1613 1130 1669 in
1154 1611 1461 1669 Dominica
1488 1611 1606 1681 die,
1632 1614 1861 1685 septem
1881 1609 2010 1665 dies
2047 1635 2091 1689 Β
2118 1611 2234 1669 bus
2271 1610 2447 1684 148
2482 1609 2807 1667 sceleribus
2833 1606 2982 1664 meis
3011 1607 3253 1665 veniam
3268 1610 3323 1664 et
3342 1604 3789 1675 indulgentiam

393 1706 666 1763 ceniteas.

348 1722 727 1853 Ρῗῗέθὲἒέιὶ
744 1792 835 1849 vel
849 1790 1213 1848 maledixisti
1238 1789 1503 1862 aliquem
1533 1804 1723 1846 causa
1744 1786 2007 1856 invidiae,

347 1887 577 1957 septem
606 1882 734 1938 dies
765 1880 1079 1953 pceniteas.

420 1972 755 2044 (BURCBARD.
786 1968 892 2026 lib.
925 1985 1049 2038 xxx,
1080 1984 1132 2022 c.
1160 1970 1190 2021 6
1222 1985 1235 2035 ;
1290 1966 1646 2037 Capitulare
1672 1968 2009 2032 THEODULFI,

346 2077 398 2117 c.
429 2065 541 2127 3t.)
578 2061 746 2114 Nunc
774 2057 881 2114 tibi
901 2061 1035 2113 octo
1064 2055 1424 2130 principalia
1477 2055 1621 2112 vitia
1673 2053 2013 2129 explicabo,

344 2151 409 2207 id
432 2154 543 2218 est,
569 2148 1176 2222 superbiam,vanam
1192 2145 1468 2218 gloriam,
1490 2143 1806 2213 invidiam,
1836 2146 2008 2213 iram,

346 2234 660 2305 tristitiam,
692 2235 1021 2302 avaritiam,
1060 2233 1274 2290 ventris
1303 2232 1653 2302 ingluviem,
1685 2231 2007 2292 luxuriam.

346 2327 430 2383 Ex
452 2324 677 2397 quibus
704 2324 753 2381 si
784 2329 839 2385 te
868 2323 1232 2397 culpabilem
1259 2321 1667 2392 recognoscis,
1722 2321 2013 2394 poeniten-

346 2412 492 2471 tiam
519 2413 781 2486 suscipe.
814 2416 962 2471 Nam
989 2428 1062 2471 ex
1112 2412 1207 2470 his
1261 2411 1466 2469 omnia
1522 2410 1667 2467 vitia
1711 2409 2005 2467 oriuntur.

346 2502 492 2574 (239)
515 2502 618 2571 [De
648 2501 954 2574 superbia,
984 2517 1119 2574 quae
1150 2500 1389 2559 initium
1416 2497 1615 2559 omnis
1640 2499 1869 2574 peccati
1922 2502 2013 2554 est

346 2593 406 2647 et
428 2590 638 2660 regina
663 2590 939 2648 omnium
969 2590 1291 2657 malorum,
1345 2589 1610 2647 nascitur
1666 2588 1865 2645 omnis
1924 2588 2010 2645 in-

345 2678 710 2748 obedientia,
734 2680 936 2737 omnis
964 2679 1381 2752 prmsumptio,
1426 2682 1485 2734 et
1511 2678 1717 2735 omnis
1748 2676 2009 2751 pertina-

348 2768 461 2838 cia,
495 2769 926 2840 contentiones,
959 2769 1235 2831 haereses,
1284 2768 1670 2839 arrogantia.]
1720 2770 1800 2824 De
1850 2782 2011 2825 vana

339 2856 529 2928 gloria
556 2856 826 2917 oriuntur
853 2856 1279 2925 inobedientia,
1302 2856 1613 2927 iactantia,
1640 2855 1998 2929 hypocrisis,

348 2946 783 3014 contentiones,
841 2945 1193 3017 pertinacia,
1261 2944 1596 3013 discordiae,
1675 2944 2009 3005 novitatum

346 3012 865 3107 praesumptiones:
902 3035 982 3090 De
1010 3032 1235 3090 invidia
1261 3033 1526 3093 nascitur
1553 3032 1785 3101 odium,
1811 3049 2008 3090 susur-
2050 3012 2094 3067 ο

346 3121 523 3189 ratio,
551 3119 862 3187 detractio,
884 3120 1205 3179 ersultatio
1232 3121 1296 3179 in
1324 3121 1597 3178 adversis
1615 3120 1895 3194 proximi,
1926 3121 2011 3179 af-

346 3210 528 3266 ﬂictio
565 3211 628 3265 in
658 3211 980 3283 prosperis.
1010 3210 1213 3268 Deira
1264 3210 1537 3267 oriuntur
1592 3212 1757 3283 rixae,
1812 3216 2012 3267 tumor

347 3299 585 3368 mentis,
608 3298 1001 3369 contumeliae,
1033 3298 1284 3368 clamor,
1337 3298 1690 3371 indignatio,
1729 3299 2009 3377 blasphe-

346 3387 503 3443 miae.
531 3390 608 3444 De
630 3387 860 3444 tristitia
878 3388 1144 3444 nascitur
1172 3388 1420 3455 malitia,
1483 3404 1721 3456 rancor,
1772 3388 2016 3462 pusilla-

346 3476 613 3546 nimitas,
664 3476 1026 3549 desperatio,
1077 3481 1303 3549 torpor,
1357 3477 1598 3548 vagatio
1657 3478 1895 3535 mentis.
1937 3481 2015 3535 De

347 3564 598 3625 avaritia
622 3566 897 3625 oriuntur
918 3563 1204 3639 proditio,
1235 3564 1423 3636 fraus,
1447 3565 1709 3637 fallacia,
1728 3567 2015 3640 periuria,

345 3654 718 3728 inquietmio;
753 3660 814 3714 et
839 3659 1048 3712 contra
1071 3654 1549 3713 misericordiam
1569 3655 1910 3714 obduratio.
1935 3658 2015 3714 De

344 3743 566 3803 ventris
594 3744 860 3814 ingluvie
880 3748 1252 3817 propagatur
1281 3744 1485 3817 inepta
1513 3743 1736 3813 laetitia,
1763 3744 2016 3803 scurrili-

345 3837 458 3904 tas,
486 3833 891 3901 immunditia,
913 3832 1384 3906 multiloquium,
1428 3833 1735 3891 hebetudo
1777 3850 2010 3891 sensus.

346 3925 428 3980 De
454 3922 693 3981 luxuria
723 3922 1305 3991 generaturcaacitas
1326 3922 1564 3991 mentis,
1609 3922 2012 3980 inconsidera-

345 4009 447 4076 tio,
478 4008 901 4076 inconstantia,
960 4008 1373 4082 prmcipitatio,
1440 4008 1606 4082 147
1668 4025 1840 4066 amor
1896 4012 2008 4075 sui,

345 4098 555 4154 odium
585 4098 708 4168 Dei,
732 4096 982 4155 affectus
1003 4098 1313 4170 praesentis
1334 4098 1558 4166 steculi,
1591 4098 1807 4155 horror
1838 4104 1896 4157 et
1913 4100 2014 4159 de—

292 4242 311 4257 ,
346 4186 608 4260 speratio
634 4185 836 4243 futuri.

968 4273 1386 4331 ALLOJUTIO.

2120 1700 2409 1772 consequi
2436 1714 2688 1755 merear.

2191 1788 2413 1845 Deinde
2444 1786 2725 1844 sacerdos
2757 1789 2963 1857 surgat
2992 1789 3049 1842 et
3075 1783 3387 1858 psalmum
3424 1798 3624 1838 xxxvu
3683 1782 3792 1838 de-

2120 1881 2334 1936 cantet.
2371 1877 2591 1933 Deinde
2614 1894 2646 1933 L
2684 1880 2741 1931 et
2767 1891 2881 1944 Lllt,
2905 1879 2962 1930 et
2985 1877 3319 1951 prosternat
3350 1888 3415 1929 se
3440 1872 3501 1927 in
3532 1877 3789 1941 terram,

2119 1973 2175 2023 et
2204 1967 2364 2025 dicat
2382 1966 2543 2023 hunc
2573 1964 2908 2023 orationem
2942 1983 2955 2020 ε

2842 2068 3046 2109 ORATIO

2191 2147 2423 2214 Precor,
2452 2143 2719 2210 Domine,
2748 2142 3076 2199 clementiae
3107 2145 3163 2197 et
3196 2140 3632 2215 misericordiae
3664 2146 3790 2199 tute

2119 2233 2499 2305 majestatem
2528 2236 2593 2288 ut
2613 2231 2839 2289 famulo
2872 2235 2974 2287 tuo
3004 2229 3083 2287 illi
3109 2244 3269 2287 nunc
3291 2234 3538 2303 peccata
3560 2235 3621 2286 et
3645 2228 3793 2286 faci-

2118 2336 2269 2377 nora
2299 2337 2409 2378 sua
2439 2320 2743 2377 conﬁtenti
2798 2319 3040 2375 veniam
3097 2318 3364 2375 relaxare
3423 2318 3692 2390 digneris
3730 2324 3794 2374 et

2117 2410 2550 2484 praeteritorum
2580 2409 2790 2485 culpas
2810 2408 3147 2481 indulgeas.
3187 2409 3296 2475 Qui
3350 2409 3620 2466 humeris
3671 2409 3793 2464 tuis

2118 2516 2297 2557 ovem
2325 2499 2622 2575 perditam
2650 2497 2962 2565 reduxisti,
2994 2497 3098 2571 qui
3142 2497 3451 2571 publicani
3500 2497 3793 2572 precibus

2118 2592 2177 2645 et
2206 2588 2595 2648 cont’essione‘
2608 2587 2882 2662 placatus
2908 2603 2995 2657 es,
3026 2591 3093 2643 tu
3114 2586 3318 2658 etiam,
3347 2587 3619 2655 Domine,
3646 2587 3791 2643 huic

2119 2678 2347 2737 famulo
2367 2682 2471 2735 tuo
2495 2677 2577 2734 illi
2625 2677 2899 2750 placatus
2957 2693 3085 2733 esse
3127 2675 3412 2747 digneris.
3466 2680 3551 2734 Tu
3602 2677 3793 2748 hujus

2118 2767 2399 2842 precibus
2428 2767 2728 2839 benignus
2751 2765 2975 2839 aspira,
3007 2765 3149 2824 utin
3178 2765 3555 2824 confessione
3578 2765 3790 2843 placa-

2124 2856 2258 2913 bilis
2287 2860 2658 2930 permaneat.
2694 2855 2891 2913 Fletus
2919 2855 3051 2926 ejus
3075 2858 3132 2911 et
3176 2855 3379 2927 petitio
3425 2860 3793 2931 perpetuam

2121 2945 2503 3004 clementiam
2523 2951 2691 3002 tuam
2722 2944 2989 3003 celeriter
3013 2949 3215 3003 exoret
3243 2945 3587 3021 sanctisque
3633 2944 3790 3003 alta-

2120 3034 2288 3092 ribus
2316 3034 2620 3093 restitutus
2643 3050 2881 3091 rursum
2914 3038 3146 3091 aeternae
3171 3050 3243 3092 ac
3301 3034 3522 3092 cmlesti
3579 3034 3791 3104 gloriae

2121 3126 2519 3199 mancipatur,
2543 3124 2647 3197 qui
2677 3124 2851 3193 vivis,
2882 3129 2991 3181 etc.

2602 3214 2831 3270 Deinde
2859 3214 2966 3284 adj
2970 3220 3239 3285 ungatur
3272 3231 3293 3270 .·

2192 3309 2345 3362 Deus
2376 3307 2759 3379 omnipotens
2788 3304 2861 3361 sit
2886 3305 3126 3378 adjutor
3156 3310 3214 3362 et
3231 3310 3534 3379 protector
3550 3310 3718 3378 tuus,
3734 3312 3797 3364 et

2120 3398 2365 3467 praestet
2392 3393 2833 3465 indulgentiam
2855 3393 2930 3451 de
2973 3393 3234 3467 peccatis
3277 3396 3397 3451 tuis
3447 3396 3789 3469 praeteritis,

2118 3483 2515 3556 praesentibus
2545 3485 2603 3539 et
2631 3481 2843 3539 futuris
2873 3482 3211 3555 (BURCHARD.
3233 3482 3340 3541 lib.
3376 3499 3497 3555 xxx,
3530 3500 3583 3541 c.
3610 3487 3689 3555 7).

2190 3574 2486 3643 Praefatio
2514 3572 2686 3628 Bson.
2711 3571 2784 3628 de
2808 3572 3083 3647 remediis
3105 3572 3542 3645 peccatorum.)
3560 3575 3700 3630 Hart:
3714 3574 3794 3630 de

2118 3661 2399 3718 remediis
2422 3665 2810 3734 peccatorum
2842 3676 2916 3718 ex
2943 3659 3215 3733 priorum
3233 3661 3651 3727 monumentis
3686 3678 3795 3721 ex-

2118 3751 2451 3824 cerpsimus
2485 3768 2497 3805 :
2529 3750 2591 3807 in
2619 3748 2842 3823 quibus
2874 3753 3078 3807 tamen
3097 3749 3406 3821 omnibus,
3427 3766 3555 3807 non
3584 3757 3795 3819 eum

2117 3838 2286 3894 ritate
2319 3838 2606 3905 censoris,
2626 3838 2731 3894 sed
2759 3837 3004 3894 consilio
3029 3838 3229 3910 potius
3246 3836 3672 3912 eompatientis
3698 3840 3792 3899 usi

2119 3944 2353 3996 sumus,
2379 3927 2624 3985 solerter
2640 3927 3037 3985 admonentes
3066 3927 3315 3985 doctum
3354 3944 3666 4004 quemque
3697 3947 3793 3987 sa-

2119 4016 2423 4072 cerdotem
2453 4016 2663 4073 Christi
2695 4021 2759 4072 ut
2787 4017 2848 4072 in
2870 4016 3163 4072 universis
3186 4033 3322 4089 quae
3355 4016 3453 4075 hic
3495 4018 3795 4079 adnotata

2119 4106 2419 4179 repererit,
2453 4122 2686 4176 sexum,
2720 4110 2985 4191 tetatem,
3043 4105 3468 4177 conditionem,
3534 4113 3788 4176 statum,

2117 4210 2463 4269 personam,
2486 4194 2872 4264 intellectum,
2906 4194 3107 4269 ipsum
3146 4211 3391 4268 quoque
3441 4211 3548 4256 cor
3611 4195 3790 4273 ιω

2117 4284 2457 4358 paenitentis
2483 4283 2716 4345 curiose
2745 4284 3065 4356 discernat,
3097 4288 3157 4342 et
3180 4284 3518 4347 secundum
3547 4286 3701 4357 haec,
3726 4289 3794 4344 ut

420 4362 763 4432 (Buncusnn.
792 4360 897 4418 lib.
914 4378 1036 4432 nx,
1061 4378 1113 4419 c.
1143 4364 1218 4434 7.)
1251 4365 1404 4433 Ergo
1426 4362 1476 4418 si
1502 4364 1802 4437 superbus
1819 4382 2012 4440 usque
2047 4364 2092 4429 D
2119 4374 2233 4430 sibi
2254 4373 2447 4430 visum
2472 4373 2667 4440 fuerit,
2701 4372 2939 4444 singula
2976 4389 3232 4447 quasque
3279 4373 3587 4446 diiudicat.
3655 4376 3791 4443 Qui-

345 4451 531 4511 modo
556 4450 739 4522 fuisti,
765 4448 1018 4511 humilia
1048 4455 1101 4508 te
1140 4450 1341 4524 ipsum
1397 4451 1458 4507 in
1507 4458 1832 4527 conspectu
1889 4455 2010 4513 Dei.

347 4540 405 4600 Si
457 4556 680 4601 vanam
731 4539 989 4612 gloriam
1035 4540 1311 4604 dilexisti,
1383 4541 1579 4613 cogita
1637 4558 1713 4599 ne
1768 4550 2014 4618 propter

344 4631 747 4691 transitoriam
770 4629 1016 4691 laudem
1045 4634 1333 4691 aeternam
1376 4631 1599 4703 perdas
1646 4634 2008 4693 mercedem.

347 4721 403 4778 Si
431 4720 671 4777 invidiae
701 4719 919 4791 rubigo
946 4724 1003 4776 te
1033 4719 1151 4775 huc
1179 4735 1373 4792 usque
1416 4722 1813 4794 consumpsit,
1846 4724 2013 4796 quod

344 4814 433 4868 est
457 4810 795 4871 maximum
813 4813 1131 4883 peccatum
1151 4814 1208 4867 et
1225 4824 1405 4883 super
1421 4811 1627 4867 omnia
1642 4810 2009 4883 detestabile,

344 4901 489 4973 quia
512 4900 757 4961 diabolo
783 4903 1170 4973 comparatur
1197 4899 1463 4968 invidus,
1495 4900 1599 4973 qui
1648 4901 1847 4973 primo
1906 4903 2010 4960 ho-

343 4989 492 5045 mini
521 4989 733 5045 invidit
759 4988 971 5043 datum
1001 4988 1168 5059 quod
1187 4988 1315 5060 ipse
1373 5002 1480 5060 per
1524 5004 1714 5044 suam
1768 4990 2010 5064 culpam

342 5077 705 5151 perdiderat,
732 5091 845 5146 age
872 5075 1303 5147 pcenitentiam,
1355 5080 1414 5133 et
1468 5076 1804 5149 profectum
1862 5079 2010 5136 alio-

343 5182 501 5237 rum,
536 5171 707 5220 tuum
737 5163 981 5235 deputa.
1018 5164 1073 5220 Si
1107 5165 1342 5221 tristitia
1381 5169 1444 5221 te.
1467 5170 1730 5238 superat,
1787 5168 2010 5239 patien-

344 5242 490 5311 tiam
543 5257 601 5310 et
647 5251 1167 5322 longanimitatem
1226 5253 1535 5313 meditare.
1629 5255 1683 5312 Si
1746 5256 2009 5313 avaritiae

344 5341 596 5397 morbus
654 5344 880 5409 gravat,
942 5341 1137 5410 cogita
1188 5342 1334 5414 quia
1384 5343 1556 5399 radix
1601 5349 1691 5402 est
1733 5345 2009 5403 omnium

347 5429 648 5487 malorum
677 5433 735 5485 et
761 5427 1112 5484 idololatriae
1134 5436 1539 5504 comparatur,
1600 5436 1655 5490 et
1707 5432 1843 5491 ideo
1891 5434 2008 5491 lar-

2116 4462 2380 4521 busdam
2410 4477 2674 4536 namque
2704 4478 2740 4518 a
2770 4461 2917 4519 cibis
2943 4461 3323 4531 abstinendo,
3356 4461 3489 4523 aliis
3522 4463 3787 4521 eleemo-

2118 4568 2305 4625 synas
2340 4551 2565 4619 dando,
2596 4551 2901 4610 nonnullis
2960 4566 3161 4622 genua
3198 4552 3495 4610 ﬂectendo
3539 4554 3787 4627 sapius,

2118 4640 2241 4697 sive
2271 4644 2332 4697 in
2354 4656 2529 4697 cruce
2559 4640 2796 4709 stando,
2818 4646 2921 4699 aut
2950 4640 3181 4713 aliquid
3210 4640 3373 4700 aliud
3402 4642 3787 4715 huiusmodi,

2116 4728 2285 4802 quod
2315 4728 2393 4785 ad
2421 4728 2842 4801 purgationem
2877 4732 3262 4801 peccatorum
3318 4730 3640 4802 pertineat,
3696 4731 3787 4788 fa-

2116 4818 2352 4883 ciendo.
2412 4817 2692 4876 universa
2739 4833 2987 4875 necesse
3037 4822 3128 4874 est
3179 4825 3370 4877 errata
3432 4821 3785 4893 corrigere;

2114 4922 2252 4979 quae
2283 4906 2565 4963 universa
2588 4906 2651 4963 in
2680 4905 2957 4963 examine
2986 4905 3230 4967 discreti
3258 4906 3485 4965 debent
3516 4909 3787 4985 pendere

2112 4994 2354 5065 judicis.
2438 5038 2451 5043 η

2291 5084 2379 5139 De
2407 5084 2845 5153 paenitentibus.
2882 5084 2980 5139 Ex
3001 5085 3253 5141 concilio
3273 5084 3599 5154 Africano.

2184 5171 2360 5229 CCCI.
2407 5172 2740 5243 (HALITGAR.
2774 5171 2878 5228 lib.
2915 5189 2993 5243 Ill,
3026 5189 3076 5228 c.
3118 5174 3164 5242 l,
3223 5174 3277 5229 ll
3316 5192 3330 5243 ;
3380 5178 3581 5232 concil
3637 5177 3789 5232 Car-

2114 5260 2282 5333 thag.
2315 5277 2396 5331 ιιι,
2424 5278 2478 5319 c.
2511 5262 2623 5334 31.)
2655 5261 3086 5320 Pmnitentibus
3116 5262 3455 5320 secundum
3499 5264 3788 5321 differen-

2114 5349 2257 5405 tiam
2284 5355 2671 5422 peccatorum
2695 5350 2965 5425 episcopi
2979 5352 3223 5410 arbitrio
3238 5354 3608 5426 paenitentia:
3629 5362 3786 5414 tem—

2111 5453 2263 5511 pora
2291 5439 2706 5496 decernantur.

420 5606 571 5678 (239)
602 5610 718 5663 Ista
755 5605 973 5664 desunt
1000 5604 1063 5661 in
1092 5605 1231 5663 edit.
1264 5606 1647 5667 Helmaestad.
1676 5616 1734 5669 et
1759 5612 1821 5668 in
1850 5613 1984 5671 cod.
2013 5630 2128 5671 ms.
2165 5632 2178 5681 ;
2213 5615 2419 5675 addita
2443 5620 2643 5674 autem
2669 5621 2903 5678 suntex
2935 5617 3279 5676 Burchardo
3307 5621 3365 5678 et
3386 5576 3544 5677 aliis.
