4044 6196
376 106 480 164 255

1504 109 1879 167 REGINONIS
1916 106 2330 167 PRUHIENSIS
2370 109 2666 166 ABBATIS

3689 118 3793 173 256

375 233 435 283 et
458 227 536 284 ad
564 228 864 284 omissum
896 229 1167 287 ordinem
1198 236 1586 301 revertantur,
1617 232 2033 290 excommuni-
2065 235 2112 288 A
2142 233 2337 290 centia
2363 249 2579 291 uxores
2607 233 2865 290 ducendi
2906 247 3027 296 non
3058 239 3173 303 est,
3204 235 3540 293 alienarum
3562 236 3793 309 nuptia-

376 317 491 374 cati
522 322 581 374 et
608 318 930 375 anathema
957 319 1341 377 condemnati
1370 321 1728 378 habeantur.

555 407 642 463 De
670 406 872 463 eadem
900 423 983 464 re.
1011 409 1112 464 Ex
1135 410 1311 466 dictis
1338 412 1538 467 sancti
1559 412 1852 483 Gregorii.

446 494 766 551 CCCXVIII.
796 498 1137 563 (BURCEARD.
1166 497 1270 556 lib.
1291 515 1412 567 XIX,
1445 515 1496 556 c.
1530 501 1638 572 65).
1683 501 1794 567 Qui
1826 516 1892 557 se
1922 500 2032 555 illi-

373 583 491 641 cita
537 583 807 639 meminit
847 586 1246 659 commisisse,
1287 603 1324 644 a
1351 587 1523 645 licitis
1573 589 1753 646 etiam
1799 589 2036 646 studeat

374 672 673 729 abstinere
699 691 711 741 ;
741 678 1041 747 quatenus
1060 692 1168 748 per
1194 677 1310 733 hoc
1339 677 1633 735 conditori
1662 695 1774 736 suo
1804 679 2033 736 satisfa-

371 761 514 829 ciat;
540 766 605 819 ut
631 763 735 836 qui
759 764 1063 821 commisit
1108 766 1429 840 prohibita,
1470 768 1709 826 sibimet
1724 769 2033 826 abscidere

372 849 590 907 debeat
617 850 799 908 etiam
829 868 1138 911 concessa.
1174 892 1179 897 ι

648 942 736 997 De
760 942 960 999 eadem
995 959 1077 1001 re.
1114 946 1214 1001 Ex
1240 948 1492 1017 epistola
1531 949 1758 1005 Leonis.

445 1028 734 1086 CCCXIX.
765 1032 1039 1100 (Decreta
1068 1036 1270 1092 Lamus
1300 1036 1342 1105 I,
1375 1053 1426 1092 c.
1449 1040 1519 1094 22
1544 1056 1557 1105 ;
1590 1040 1895 1117 HALITGAB.
1926 1037 2026 1094 lib.

372 1131 453 1183 ιιι,
477 1132 528 1173 c.
558 1122 589 1171 5
616 1136 629 1185 ;
679 1117 785 1184 lib,
817 1136 891 1174 vn
923 1120 1292 1193 Capitulur.,
1324 1141 1374 1180 c.
1408 1127 1520 1198 43).
1558 1125 1898 1183 Illicitorum
1927 1144 2029 1184 ve-

373 1205 541 1260 niam
571 1207 974 1278 postulantem
997 1216 1230 1284 oportet
1254 1213 1431 1270 etiam
1462 1215 1682 1272 alicitis
1708 1216 2028 1287 abstinere,

369 1291 602 1349 dicente
630 1296 951 1367 Apostolo:
989 1299 1201 1356 Omnia
1251 1303 1451 1369 licent,
1498 1305 1603 1359 sed
1652 1319 1773 1360 non
1830 1306 2030 1363 omnia

369 1383 694 1451 expediunt
723 1388 867 1458 (241)
893 1389 951 1459 [I
976 1389 1112 1446 Cor.
1143 1392 1240 1463 v1).

618 1476 704 1531 De
730 1477 930 1534 eadem
952 1494 1036 1534 re.
1061 1480 1161 1535 Ea:
1181 1483 1433 1537 concilio
1477 1483 1777 1539 Toletano.

2141 337 2277 378 rum
2298 323 2519 381 evitent
2549 323 2843 381 convivia.
2907 362 2914 368 ο
3539 364 3545 370 .

2154 412 2264 467 -De
2291 413 2493 469 eadem
2524 429 2606 470 re.
2648 414 2748 469 Ex
2776 414 3029 470 decretis
3058 416 3257 470 sancti
3262 416 3542 473 -Martini
3570 431 3765 486 papae.

2212 501 2566 558 CCCXXVII.
2602 502 2911 573 (Mammas
2945 505 3191 561 Busan.
3234 519 3287 561 c.
3320 509 3428 572 59;
3474 506 3801 561 Bonnam).

2091 592 2099 603 '
2141 588 2243 644 lib.
2278 606 2335 657 ιι,
2365 606 2417 647 c.
2456 594 2598 657 t35).
2634 594 2762 648 Non
2803 591 2939 649 licet
2981 592 3395 649 sacerdotibus
3444 593 3539 650 vel
3575 592 3804 649 clericis

2141 677 2345 751 aliqua
2376 679 2721 752 spectacula
2747 680 2810 736 in
2850 681 3072 753 nuptiis
3116 680 3211 738 vel
3238 681 3525 738 conviviis
3572 685 3803 754 specta-

2139 783 2231 835 re;
2264 768 2370 825 sed
2398 774 2651 842 oportet,
2683 774 3012 844 antequam
3055 771 3468 842 ingrediantur
3503 772 3639 846 ipsa
3669 787 3802 845 spe-

2140 858 2393 931 ctacula,
2424 874 2666 930 surgere
2688 864 2746 917 et
2776 860 2972 916 redire
2997 861 3136 918 inde
3170 862 3334 935 (242).

2139 968 2225 1022 De
2252 968 2613 1041 temporibus
2643 969 2856 1041 quibus
2885 985 2946 1026 se
2972 972 3287 1029 continere
3329 971 3540 1028 debent
3588 973 3797 1041 conju-

2244 1040 2377 1108 gati
2404 1038 2478 1094 ab
2508 1038 2819 1096 uxoribus.
2851 1041 2950 1097 Ex
2980 1043 3232 1099 concilio
3259 1038 3699 1099 Helibernensi.

2211 1127 2608 1184 CCCXXVIII.
2636 1131 2981 1201 (Huacumn.
3000 1129 3104 1188 lib.
3122 1147 3242 1199 XIX,
3275 1147 3326 1188 c.
3365 1131 3797 1204 t55).Synodus

2140 1214 2650 1274 Helibernensium
2718 1218 2903 1275 dicit:
2960 1219 3026 1276 In
3080 1219 3276 1276 tribus
3317 1228 3438 1293 qua
3444 1219 3796 1290 angam-mis

2139 1305 2378 1374 anni,et~
2400 1305 2462 1363 in
2490 1306 2586 1363 die
2608 1307 2938 1376 Dominico,
2957 1313 3015 1365 et
3041 1308 3105 1364 in
3119 1313 3338 1384 quarta
3367 1308 3515 1367 feria
3541 1313 3602 1365 et
3629 1313 3795 1366 sexta

2139 1393 2285 1450 feria
2327 1395 2680 1467 conjugales
2710 1397 3014 1453 continere
3055 1413 3119 1454 se
3148 1397 3373 1455 debent
3399 1399 3567 1455 .Item
3596 1413 3706 1456 nec
3734 1399 3797 1455 in

2140 1483 2251 1539 illis
2280 1484 2493 1541 diebus
2534 1486 2804 1558 copulari
2828 1487 3104 1560 quandiu
3133 1494 3384 1559 gravata
3420 1487 3596 1545 fuerit
3625 1504 3798 1555 uxor,

442 1561 706 1619 CCCXX.
740 1564 1083 1635 (BURCHARD.
1112 1568 1216 1623 lib.
1240 1586 1432 1637 xux,c.
1468 1572 1613 1642 158).
1648 1574 1728 1627 Ea
1757 1588 1891 1645 quae
1921 1572 2030 1628 t‘re-
2063 1585 2101 1638 Β
2139 1571 2197 1627 id
2226 1580 2337 1640 est,
2398 1590 2435 1629 a
2475 1589 2599 1646 quo
2642 1573 2742 1630 die
2793 1574 2952 1631 ﬁlius
2988 1575 3049 1631 in
3104 1575 3294 1633 ultero
3333 1580 3569 1633 motum
3599 1575 3799 1632 fecerit

370 1649 580 1720 quenti
626 1653 1115 1722 praevaricatione
1150 1656 1456 1725 iterantur,
1511 1658 1806 1733 frequenti
1847 1662 2026 1718 etiam

371 1740 663 1796 sententia
688 1741 1186 1802 condemnantur.

430 1827 602 1908 154
631 1830 721 1885 De
746 1831 950 1888 eadem
980 1848 1061 1889 re.
1094 1834 1193 1890 Ea:
1218 1835 1393 1891 dictis
1436 1838 1652 1894 Basilii
1678 1840 1958 1908 episcopi.

440 1906 733 1974 CCCXXI.
766 1919 1017 1990 (Regula
1037 1924 1099 1979 S.
1129 1924 1351 1980 Basilii
1377 1942 1429 1981 c.
1453 1930 1556 1993 27;
1589 1906 2024 1984 BuncusnnJib.

367 2019 489 2074 XIX,
522 2021 572 2061 c.
609 2009 719 2078 39).
740 2009 1125 2067 Poenitentem
1156 2028 1229 2068 ex
1258 2013 1437 2069 corde
1467 2015 1546 2071 ita
1574 2020 1806 2088 oportet
1836 2017 2029 2072 susci-

370 2103 511 2159 pere
538 2089 689 2146 sicut
720 2093 1005 2149 Dominus
1026 2096 1303 2164 ostendit,
1332 2114 1471 2154 cum
1496 2099 1637 2155 dicit
1661 2118 1673 2154 :
1715 2101 1865 2168 Quia
1894 2116 2030 2158 con-

368 2179 600 2232 vocavit
624 2182 846 2236 amicos
869 2197 1005 2238 suos
1031 2192 1083 2240 et
1107 2187 1330 2242 vicinos
1355 2188 1556 2244 dicens
1581 2204 1603 2244 :
1626 2188 2027 2260 Congratula‘.

364 2265 518 2320 mini
542 2268 711 2335 mihi,
743 2272 885 2340 quia
912 2273 1114 2329 inveni
1143 2290 1304 2331 ovem
1329 2291 1519 2332 meam
1542 2292 1719 2348 quam
1744 2280 2023 2348 perdide-

366 2369 497 2410 ram
528 2357 694 2427 (Luc.
729 2362 851 2429 xv).
1070 2402 1073 2405 ρ
1682 2404 1687 2408 -

386 2480 387 2483 η
860 2484 867 2489 -
1000 2452 1165 2509 Unde
1189 2469 1397 2524 supra.
1716 2494 1721 2497 -
1876 2493 1882 2499 -

435 2533 1024 2610 CCCXXII.(Regula
1051 2543 1110 2596 S.
1146 2542 1386 2613 Basilii,
1411 2561 1463 2602 c.
1498 2546 1603 2613 l8).
1638 2546 1939 2603 At’fectum
1960 2548 2023 2603 il-

363 2621 489 2677 lum
520 2622 581 2678 in
610 2640 671 2679 se
698 2626 945 2700 recipiat
972 2630 1269 2701 pmnitens
1296 2647 1481 2704 quem
1512 2634 1757 2703 gerebat
1793 2636 1887 2691 ille
1916 2637 2022 2708 qui

363 2709 636 2769 dicebat:
697 2715 1083 2786 Iniquitatem
1132 2719 1266 2774 odio
1307 2721 1495 2777 habui
1539 2728 1593 2778 et
1640 2723 2021 2781 abominatus

362 2815 488 2856 sum
526 2803 713 2868 (Psal.
750 2806 961 2875 nxvm).

435 2890 642 2955 Qualis
689 2894 762 2947 sit
792 2908 935 2949 vera
986 2897 1361 2984 paenitentia:
1414 2899 1513 2954 Ex
1549 2900 1724 2956 dictis
1754 2904 1950 2958 sancti
2053 2935 2095 2984 (ε

1019 2967 1363 3037 Augustini.

429 3045 765 3105 CCCXXIII.
824 3052 1234 3111 Paenitentiam
1275 3060 1500 3113 certam
1547 3073 1671 3115 non
1726 3059 1867 3117 facit
1905 3061 2019 3118 nisi

361 3134 569 3192 odium
598 3141 829 3210 peccati
859 3146 916 3197 et
946 3158 1118 3199 amor
1150 3144 1540 3211 Dei.0uando
1571 3148 1654 3203 sic
1684 3149 1936 3221 pmnites
1956 3156 2022 3207 ut

359 3223 465 3281 tibi
487 3240 764 3285 amarum
792 3231 983 3302 sapiat
1009 3231 1067 3287 in
1100 3232 1305 3301 animo
1326 3235 1492 3307 quod
1516 3240 1692 3293 antea
1720 3238 1893 3294 dulce
1912 3238 2021 3296 fuit

355 3311 419 3368 in
447 3312 601 3385 vita,
623 3320 680 3372 et
733 3319 897 3390 quod
950 3324 1004 3376 te
1049 3320 1213 3393 prius
1271 3321 1612 3382 oblectabat
1651 3325 1713 3381 in
1742 3342 2016 3400 corpore,

354 3401 553 3473 ipsum
585 3408 637 3460 te
665 3408 882 3463 cruciet
911 3408 973 3465 in
1005 3409 1205 3480 corde,
1239 3416 1380 3468 tunc
1409 3427 1543 3469 vere
1571 3414 1843 3485 pamites.

358 3498 575 3565 Quales
593 3505 1000 3562 essedebemus
1019 3497 1164 3578 erga
1180 3509 1634 3579 impwnitentes.
1649 3513 1815 3570 Unde
1828 3530 2016 3585 supra

426 3597 766 3657 CCCXXIV.
816 3603 1070 3674 (Regula
1097 3607 1161 3662 S.
1192 3607 1416 3664 Basilii
1437 3624 1490 3665 c.
1521 3611 1591 3664 28
1618 3627 1631 3677 ;
1686 3612 2010 3668 Bonorum).

350 3684 454 3775 lib.
486 3703 608 3756 xxx,
635 3705 685 3745 e.
716 3692 827 3761 64).
849 3694 1001 3762 Erga
1024 3709 1164 3750 eum
1193 3696 1297 3768 qui
1326 3712 1438 3770 pro
1467 3703 1714 3771 peccato
1740 3714 1864 3757 non
1885 3717 2013 3775 pue-

351 3774 496 3864 nitet
522 3777 666 3833 tales
695 3795 829 3836 esse
857 3781 1152 3838 debemus
1209 3783 1363 3841 sicut
1392 3787 1681 3843 Dominus
1728 3791 2014 3864 praecepit

351 3862 588 3921 dicens:
614 3867 708 3923 Sit
740 3870 850 3923 tibi
862 3871 1017 3925 sicut
1034 3873 1278 3941 gentilis
1304 3879 1357 3929 et
1376 3874 1743 3943 publicanus
1763 3862 2009 3948 (Matth.

351 3954 541 4042 πυτιιικΔ
564 3958 621 4009 et
651 3954 800 4011 sicut
826 3958 1145 4029 Apostolus
1171 3960 1373 4030 jubet:
1399 3962 1769 4034 Subtrahite,
1795 3967 2008 4042 inquit,

351 4052 452 4093 vos
477 4039 553 4094 ab
581 4043 746 4098 omni
787 4045 989 4113 fratre
1040 4047 1384 4105 inordinate
1412 4051 1760 4109 ambulante
1790 4060 1843 4110 et
1889 4039 2010 4113 non

348 4128 673 4184 secundum
731 4131 1111 4189 traditionem
1166 4150 1346 4205 quam
1404 4139 1637 4195 tradidi
1690 4142 1852 4197 vobis
1920 4145 2015 4214 (ΙΙ

358 4215 555 4272 Thess.
587 4217 690 4288 in).

653 4306 725 4362 Ut
753 4307 962 4363 clerici
986 4323 1105 4364 non
1132 4310 1411 4368 intersint
1449 4316 1694 4383 nuptiis.

415 4391 734 4450 CCCXXV.
767 4394 1022 4466 (Concil.
1066 4398 1318 4456 Venetic.
1353 4416 1404 4458 c.
1449 4406 1505 4458 tt
1538 4419 1743 4470 ;conc.
1778 4407 2002 4478 Agath.

345 4497 479 4556 cap.
507 4486 576 4540 39
603 4487 968 4573 ;VBURCI1ARD.
995 4485 1098 4542 lib.
1124 4504 1184 4554 ιι,
1212 4504 1263 4545 c.
1297 4493 1440 4563 134).
1472 4493 1821 4573 Presbyteri,
1873 4498 2005 4555 dia-

344 4570 502 4638 coni,
550 4572 928 4643 subdiaconi,
969 4575 1142 4648 155
1184 4576 1280 4632 vel
1328 4577 1613 4652 deinceps
1636 4570 1864 4654 quibus
1891 4586 2004 4645 du-

343 4658 517 4716 cendi
555 4677 773 4718 uxores
823 4678 946 4719 non
997 4668 1085 4720 est
1136 4664 1392 4737 licentia,
1441 4668 1624 4726 etiam
1671 4670 2002 4732 alienarum

342 4749 689 4821 nuptiarum
745 4752 965 4808 evitent
1013 4754 1310 4824 convivia,
1359 4772 1556 4830 neque
1607 4758 1700 4816 his
1751 4764 2003 4821 coetibus

342 4835 786 4924 admisceantur
812 4840 915 4898 ubi
946 4844 1241 4900 amatoria
1261 4849 1579 4902 cantantur
1593 4853 1650 4905 et
1678 4851 2005 4924 turpia,aut

342 4921 589 4981 obsceni
635 4932 837 4985 motus
886 4946 1208 5004 corporum
1240 4934 1439 4991 choris
1481 4940 1538 4992 et
1585 4921 2003 5000 saltationibus

342 5010 705 5102 efferuntur;
740 5033 815 5075 ne
843 5021 1085 5078 auditus
1121 5027 1177 5079 et
1197 5022 1442 5081 obtutus
1472 5027 1658 5083 sacris
1704 5034 2002 5102 mysteriis

341 5100 662 5175 deputatus
688 5108 951 5180 turpium
979 5112 1460 5183 spectaculorum
1479 5120 1660 5189 atque
1675 5100 2000 5179 verborum

340 5190 698 5261 contagione
728 5194 1093 5266 polluantur.

338 5280 427 5336 De
448 5280 652 5337 eadem
682 5297 765 5339 re.
807 5284 908 5340 Ex
938 5289 1191 5345 concilio
1230 5291 1711 5361 Moguntiacensi
1736 5313 1768 5354 c
1804 5314 1870 5369 ρ.
1904 5305 1994 5358 39.

409 5370 752 5428 CCCXXVI.
787 5373 1126 5445 (BURCHARD.
1161 5377 1261 5434 lib.
1308 5384 1368 5445 ii,
1399 5398 1450 5438 c.
1498 5387 1641 5456 132).
1675 5387 1902 5452 Quibus
1931 5389 1997 5446 li-

2142 1676 2329 1733 usque
2360 1661 2439 1718 ad
2466 1667 2729 1735 partum.
2760 1664 2907 1720 Item
2939 1680 2977 1721 a
3004 1668 3185 1737 partu
3207 1669 3348 1738 post
3385 1665 3626 1735 triginta
3675 1669 3794 1721 tres

2137 1749 2288 1821 dies,
2318 1740 2371 1807 si
2385 1750 2565 1817 ﬁlius,
2597 1752 2647 1808 si
2663 1757 2866 1810 autem
2887 1752 3032 1822 ﬁlia,
3052 1757 3189 1826 post
3202 1754 3647 1828 quinquaginta
3668 1770 3793 1810 sex.

2376 1842 2419 1911 1
2435 1842 2548 1914 56
2576 1843 2660 1897 De
2679 1843 2881 1899 eadem
2905 1859 2990 1900 re.
3013 1844 3114 1899 Ea:
3126 1844 3556 1913 paenitentiali.

2207 1930 2557 1987 CCCXXIX.
2593 1933 2884 1988 Uxoratus
2934 1932 3237 1990 contineat
3280 1949 3347 1988 se
3390 1932 3794 2006 quadraginta

2135 2018 2263 2074 dies
2317 2022 2457 2074 ante
2506 2020 2735 2077 Pascha
2763 2025 2822 2077 et
2851 2022 3240 2078 Pentecosten
3270 2038 3378 2078 seu
3404 2026 3545 2078 ante
3591 2021 3794 2079 Natale

2135 2106 2391 2174 Domini,
2410 2112 2469 2163 et
2497 2124 2744 2165 omnem
2775 2108 3146 2167 Dominicam
3175 2114 3498 2180 noctem,et
3514 2114 3796 2183 quartam

2134 2198 2191 2251 et
2241 2200 2473 2252 sextam
2513 2196 2745 2268 feriam,
2792 2202 2851 2254 et
2898 2214 2935 2255 a
2983 2199 3373 2272 conceptione
3418 2198 3799 2256 manifestata

2134 2299 2327 2357 usque
2352 2289 2490 2358 post
2517 2289 2724 2343 natam
2754 2286 3044 2345 sobolem.
3088 2290 3246 2345 Uxor
3271 2292 3411 2362 post
3454 2292 3662 2345 natam
3693 2304 3796 2345 so-

2133 2372 2333 2430 bolem
2364 2374 2661 2432 abstineat
2701 2392 2763 2432 se
2807 2377 2887 2433 ab
2916 2377 3184 2447 ecclesia,
3234 2378 3282 2433 si
3326 2377 3487 2434 ﬁlius
3513 2382 3626 2448 est,
3664 2379 3795 2435 dies

2132 2463 2371 2532 triginta
2395 2481 2408 2519 :
2445 2464 2492 2520 si
2521 2464 2662 2531 tilia,
2689 2465 2819 2522 dies
2848 2466 3271 2539 quadraginta.
3297 2466 3500 2525 Mulier
3513 2483 3579 2523 se
3608 2467 3795 2525 absti-

2134 2556 2271 2608 neat
2299 2567 2335 2609 a
2360 2552 2487 2608 viro
2519 2558 2632 2610 tres
2676 2569 2915 2610 menses
2940 2559 3080 2613 ante
3108 2560 3372 2630 partum,
3403 2562 3461 2613 et
3488 2561 3627 2630 post
3655 2573 3793 2630 par-

2135 2647 2260 2697 tum
2305 2643 2711 2715 quadraginta
2766 2644 2912 2702 dies.
2967 2646 3078 2713 Qui
3129 2650 3332 2704 autem
3379 2648 3650 2721 nupserit
3694 2648 3792 2704 bis

2130 2730 2366 2799 diebus,
2396 2732 2603 2803 viginti
2633 2733 2762 2790 dies
2785 2734 3093 2809 paeniteat.

2734 2825 2823 2880 De
2855 2826 3059 2881 eadem
3097 2839 3180 2882 re.

2203 2911 2479 2966 CCCXXX.
2512 2912 2863 2979 (Βυιιοιυιιω.
2889 2912 2993 2974 lib.
3027 2930 3146 2987 XIX,
3177 2930 3232 2971 c.
3264 2916 3376 2988 76).
3404 2917 3515 2982 Qui
3546 2917 3607 2972 in
3635 2933 3789 2989 qua-

2128 2996 2471 3067 dragesima
2509 3004 2646 3057 ante
2677 3002 2907 3058 Pascha
2946 3004 3291 3073 cognoverit
3315 3021 3567 3062 uxorem
3611 3022 3788 3063 suam

2129 3090 2185 3145 et
2223 3085 2474 3144 noluerit
2530 3088 2828 3146 abstinere
2873 3091 2952 3148 ab
3010 3107 3100 3161 ea,
3135 3104 3267 3149 uno-
3311 3093 3497 3165 [EdiL
3530 3096 3788 3152 Helmae-

2126 3177 2307 3240 stad.,
2336 3192 2529 3233 annos
2557 3195 2596 3233 v
2624 3180 2814 3251 pcen.]
2845 3195 3009 3237 anno
3047 3181 3484 3265 paniteataaut
3527 3185 3786 3257 pretium

2129 3281 2330 3334 suum,
2361 3265 2631 3323 videlicet
2679 3269 2889 3339 viginti
2939 3285 3043 3326 sex
3073 3270 3318 3343 solidos,
3362 3272 3441 3328 ad
3470 3272 3787 3330 ecclesiam

2127 3352 2364 3420 tribuat,
2399 3359 2503 3410 aut
2526 3357 2895 3428 pauperibus
2923 3357 3174 3416 dividat.
3208 3360 3267 3417 Si
3294 3375 3403 3434 per
3438 3361 3788 3419 ebrietatem

2125 3445 2181 3496 et
2228 3441 2353 3497 sine
2384 3444 2817 3501 consuetudine
2871 3446 3170 3519 acciderit,
3201 3449 3605 3522 quadraginta
3657 3451 3789 3507 dies

2123 3529 2425 3601 poeniteat.

2197 3636 2365 3704 Quod
2414 3645 2555 3696 ante
2605 3643 3073 3727 commuuionem
3113 3643 3413 3702 abstinere
3456 3646 3625 3703 debet
3674 3662 3711 3702 α

2815 3729 3087 3785 conjuge.

2194 3800 2496 3855 CCCXXXI.
2532 3800 2876 3871 (Buncuann.
2908 3801 3013 3859 lib.
3044 3820 3103 3871 v,
3126 3821 3177 3861 c.
3205 3807 3316 3878 22).
3351 3806 3560 3863 Omnis
3594 3806 3785 3863 homo

2119 3890 2257 3941 ante
2283 3902 2518 3943 sacram
2540 3890 3030 3947 communionem
3058 3908 3095 3948 a
3123 3894 3369 3967 propria
3389 3910 3575 3951 uxore
3604 3895 3788 3951 absti-

2118 3990 2259 4029 nere
2289 3974 2466 4032 debet
2492 3992 2585 4040 vn,
2614 3982 2716 4033 aut
2742 3995 2795 4047 v,
2829 3984 3014 4036 autin
3040 3979 3187 4038 dies.

2117 4082 2204 4138 De
2223 4083 2474 4153 eulogiis
2497 4086 2719 4155 populo
2740 4087 3148 4215 (Itvpresbtyterp
3168 4090 3510 4148 dandis.E:c
3526 4094 3786 4149 concilio

2807 4173 2968 4215 anne
2995 4175 3140 4215 ensi.

2807 4173 3140 4216 αηηθῑθηδῑ.

2190 4241 2518 4298 CCCXXXII.
2552 4244 2782 4315 (Concil
2808 4248 3070 4305 Nannet.
3103 4266 3154 4306 c.
3188 4253 3258 4319 9;
3294 4252 3618 4308 BUBCBARD.
3668 4252 3782 4308 lib.

2117 4346 2170 4398 v,
2200 4346 2252 4385 c.
2287 4332 2395 4402 27).
2447 4333 2517 4387 Ut
2552 4331 2627 4387 de
2656 4332 3063 4393 oblationibus
3087 4353 3223 4411 quae
3255 4338 3587 4396 offeruntur
3614 4356 3786 4413 apo-

2114 4417 2280 4489 pulo,
2334 4422 2392 4474 et
2441 4422 2875 4479 consecrationi
2921 4431 3260 4498 supersunt,
3293 4427 3385 4484 vel
3412 4427 3488 4484 de
3511 4427 3781 4502 panibus

2113 4520 2269 4578 quos
2297 4504 2558 4564 offerunt
2578 4508 2786 4566 ﬁdeles
2816 4511 2895 4568 ad
2929 4513 3096 4586 157
3132 4514 3468 4586 ecclesiam,
3492 4516 3589 4573 vel
3616 4522 3781 4574 certe

2113 4593 2188 4651 de
2221 4594 2344 4651 suis
2387 4596 2703 4670 presbyter
2730 4601 3149 4661 convenienter
3185 4609 3386 4677 partes
3413 4605 3636 4663 incisas
3662 4606 3779 4661 ha-

2110 4682 2251 4740 beat
2275 4683 2337 4740 in
2384 4700 2522 4743 vase
2567 4687 2774 4758 nitido,
2820 4694 2888 4746 ut
2930 4695 3067 4763 post
3092 4693 3418 4751 missarum
3454 4695 3778 4765 solemnia,

2111 4771 2211 4844 qui
2273 4774 2719 4832 communicare
2774 4791 2897 4834 non
2951 4778 3189 4838 fuerunt
3233 4782 3447 4856 parati,
3501 4783 3781 4852 eulogias

2111 4860 2278 4916 omni
2301 4862 2397 4917 die
2428 4863 2738 4921 Dominico
2770 4868 2829 4922 et
2858 4865 2919 4922 in
2943 4866 3159 4925 diebus
3183 4869 3355 4927 festis
3373 4871 3589 4928 exinde
3613 4871 3780 4927 acci-

2111 4947 2280 5020 piant
2310 4967 2324 5017 ;
2356 4955 2413 5006 et
2439 4950 2543 5009 illa
2570 4952 2733 5010 unde
2762 4953 3032 5027 eulogias
3064 4958 3380 5033 presbyter
3398 4959 3653 5018 daturus
3678 4965 3791 5016 est»

2110 5042 2247 5094 ante
2270 5037 2331 5094 in
2362 5038 2491 5096 haec
2519 5042 2706 5099 verba
2734 5042 3051 5125 benedicat
3080 5064 3095 5103 :

2820 5148 3052 5192 ORATIO.

2181 5217 2530 5287 (BURCHARD.
2562 5218 2667 5275 lib.
2700 5237 2756 5292 v,
2789 5237 2840 5277 c.
2885 5224 2997 5296 28).
3029 5226 3278 5295 Domine
3317 5231 3545 5297 sancte,
3600 5230 3789 5285 Pater
3872 5264 3879 5265 ί

2107 5304 2511 5378 omnipotens,
2527 5312 2742 5365 aeterne
2764 5312 2938 5381 Deus,
2952 5312 3305 5373 benedicere
3320 5316 3585 5387 digneris
3604 5317 3797 5375 hunc

2105 5408 2328 5466 panem
2358 5398 2461 5452 tua
2490 5401 2699 5453 sancta
2724 5402 2781 5455 et
2809 5401 3101 5472 spirituali
3129 5404 3567 5474 benedictione,
3602 5409 3664 5462 ut
3696 5407 3787 5463 sit

407 5474 558 5621 per)
584 5476 728 5560 Vide
759 5476 991 5535 Rabani
1021 5479 1340 5552 epistolam
1372 5486 1450 5543 ad
1476 5490 1862 5550 Heribaldum
1890 5497 2498 5567 Antissiodorensem,
2529 5516 2668 5573 cap.
2708 5496 2790 5559 l5.
3270 5504 3271 5507 “

430 5549 534 5605 242
590 5547 731 5607 Vide
761 5565 949 5621 supra
977 5566 1112 5621 cap.
1145 5552 1281 5610 213.
1358 5578 1361 5581 λ
1844 5602 1851 5610 .
2788 5604 2797 5612 .

430 5547 558 5619 242)
590 5547 731 5607 Vide
761 5565 949 5623 supra
977 5547 1112 5624 cap.
1145 5552 1281 5610 213.
1358 5578 1361 5581 λ
