4044 6196
224 178 322 231 257
870 198 875 202 ο
1144 128 1147 131 δ
1224 173 1313 227 DE
1353 174 1635 230 ECCI.ES.
1678 172 1965 230 mscan.
2011 170 2191 227 nam
2232 172 2393 229 DUO.
2438 174 2564 228 LIB.
2607 176 2647 228 ι.

3534 185 3640 246 258

226 291 493 352 omnibus
518 290 682 348 salus
737 290 953 348 mentis
1002 297 1061 349 et
1106 294 1394 367 corporis,
1439 300 1620 369 atque
1664 300 1873 353 contra
1901 297 1946 349 Α
1983 293 2110 349 loco
2139 309 2312 365 quem
2346 295 2592 363 videris,
2617 296 2720 352 sed
2763 297 2826 351 in
2855 296 2981 352 loco
3009 312 3180 368 quem
3236 300 3413 370 elegit
3444 305 3645 361 Domi-

223 397 419 440 omnes
462 379 712 436 morbos
754 384 811 436 et
855 380 1168 437 universas
1211 382 1593 440 inimicorum
1622 382 1872 441 insidias
1980 398 2093 438 nus
2122 385 2281 440 Deus
2313 390 2472 441 tuus.
2506 386 2702 453 (Deut.
2736 390 2863 451 xu.)

224 474 630 529 tutamentum.
681 473 791 527 Per
822 470 1143 528 Dominum
1168 476 1443 531 nostrum
1472 476 1674 530 Jesum
1711 473 1871 530 Chri-

224 566 366 619 stum
396 558 609 616 Filium
641 562 834 633 tuum,
858 575 1083 633 panem
1108 560 1264 624 vitae,
1306 561 1411 634 qui
1453 562 1529 618 de
1573 562 1725 619 caelo
1765 562 1869 618 de-

225 648 457 718 scendit,
489 651 548 705 et
574 647 683 704 dat
706 648 888 706 vitam
910 653 969 706 et
996 649 1251 706 salutem
1276 650 1532 718 mundo,
1578 656 1637 709 et
1675 656 1870 708 tecum

223 738 351 796 vivit
371 742 430 795 et
457 741 693 809 regnat.

287 826 725 885 Providendum
771 832 860 885 est
895 832 1098 886 autem
1142 844 1218 885 ne
1266 829 1436 886 micae
1485 830 1721 888 incaute
1763 830 1868 887 de-

225 919 419 975 ﬂuant.

289 1010 355 1066 Ut
377 1007 720 1077 presbyteri
753 1022 887 1064 cum
916 1010 1072 1066 stola
1110 1010 1410 1067 incedant.
1443 1011 1541 1067 Ea:
1570 1012 1797 1081 synodo

843 1095 1232 1154 Triburiensi.

286 1185 634 1242 CCCXXXIII.
665 1186 734 1239 Ut
760 1183 1092 1256 presbyteri
1139 1200 1265 1242 non
1302 1185 1526 1243 vadant
1571 1186 1685 1243 nisi
1714 1188 1872 1245 stola

221 1273 306 1329 vel
332 1273 529 1329 orario
572 1270 783 1328 induti.
814 1274 882 1329 Et
910 1273 959 1329 si
988 1272 1196 1330 itinere
1222 1274 1560 1347 presbyteri
1605 1275 1867 1349 spolian-

218 1365 308 1418 tur
332 1360 426 1417 vel
448 1359 838 1417 vulnerantur
866 1364 972 1418 aut
1016 1360 1373 1417 occiduntur
1418 1377 1541 1417 non
1584 1361 1739 1419 stola
1767 1377 1868 1417 ve-

221 1448 349 1517 stiti,
377 1446 627 1520 simplici
670 1447 1092 1506 emendatione
1135 1464 1247 1505 sua
1290 1447 1612 1505 solvantur.
1662 1450 1719 1506 Si
1759 1465 1866 1505 au-

220 1542 330 1594 tem
362 1553 500 1593 cum
530 1536 702 1608 stola,
733 1535 1054 1611 tripliciter.

345 1629 431 1683 De
458 1627 663 1684 eadem
692 1641 774 1685 re.
806 1627 908 1684 Ea:
938 1627 1190 1684 concilio
1213 1628 1710 1699 Moguntiacensi.

279 1719 630 1774 CCCXXXIV.
664 1718 887 1775 Concil.
919 1717 1194 1788 Moyunt.
1225 1717 1354 1773 sub.
1384 1721 1523 1774 Car.
1558 1716 1640 1772 Μ.
1672 1733 1723 1773 c.
1755 1720 1862 1785 28;

211 1805 305 1867 lito,
334 1823 367 1859 v
395 1806 734 1875 Capitular.
761 1821 814 1861 c.
842 1805 937 1874 81,
961 1808 1020 1862 et
1042 1804 1146 1862 lib.
1180 1821 1255 1873 vr,
1288 1822 1340 1861 c.
1378 1810 1510 1872 169;
1549 1808 1864 1862 BURCIIARD.

207 1894 305 1951 lib.
334 1912 395 1964 ιι,
425 1912 480 1952 c.
517 1896 664 1967 101.)
694 1894 1030 1968 Presbyteri
1054 1894 1181 1951 sine
1210 1893 1652 1951 intermissione
1692 1897 1864 1949 utan-

209 1988 297 2039 tur
310 1984 546 2052 orariis,
575 1988 818 2057 propter
841 1983 1240 2041 differentiam
1270 1982 1652 2041 sarerdotalis
1679 1981 1871 2053 digni-

209 2071 357 2129 tatis.
794 2118 799 2123 .

212 2162 383 2234 158
411 2164 504 2220 Ne
527 2162 735 2221 clerici
755 2162 1073 2221 laicalibus
1104 2162 1441 2218 induantur
1468 2161 1741 2218 vestibus.
1768 2161 1870 2217 Ex

692 2253 941 2309 concilio
974 2267 1091 2323 quo
1121 2266 1327 2321 supra.

270 2343 605 2399 CCCXXXV.
649 2341 995 2411 (Buucusnn.
1026 2339 1131 2395 lib.
1164 2356 1223 2408 ιι,
1256 2356 1308 2395 c.
1340 2338 1491 2409 208.)
1539 2341 1605 2394 Ut
1650 2338 1868 2395 laicali-

196 2427 308 2484 bus
336 2427 670 2486 vesmentis
697 2426 899 2501 clerici
922 2441 1048 2483 non
1073 2429 1336 2494 utantur,
1376 2425 1434 2480 id
1460 2428 1570 2492 est,
1618 2425 1867 2481 mantel-

195 2517 319 2574 lum
352 2517 453 2573 vel
495 2519 716 2572 cottam
747 2509 873 2571 sine
904 2530 1119 2588 cappa,
1169 2530 1280 2570 nec
1323 2513 1597 2586 pretiosis
1643 2520 1702 2570 et
1742 2514 1868 2570 ine-

194 2606 309 2679 ptis
342 2603 760 2663 calciamentis
805 2607 864 2660 et
910 2602 1040 2681 aliis
1084 2602 1422 2660 novitatum
1479 2602 1869 2669 vanitatibus,

195 2695 297 2752 sed
317 2693 610 2763 religioso
639 2696 698 2749 et
724 2692 958 2749 decenti
982 2691 1192 2749 habitu
1214 2691 1499 2748 incedant
1526 2691 1697 2764 (243).

196 2786 278 2842 De
303 2783 522 2842 eadem
546 2798 628 2840 re.
654 2784 754 2839 Ex
782 2783 1035 2839 concilio
1056 2781 1442 2852 Adrisphach
1460 2783 1517 2838 in
1550 2783 1866 2852 Bajoaria,

906 2886 1041 2941 cap.
1069 2873 1159 2927 41.

263 2962 625 3020 CCCXXXVI.
662 2962 729 3016 Ut
755 2959 959 3016 nullus
1001 2958 1251 3016 clericus
1296 2957 1655 3016 vestimenta
1684 2957 1866 3015 laica-
1897 3001 1935 3020 η

194 3048 270 3107 lia
297 3054 542 3123 portet;
569 3063 680 3106 nec
710 3064 904 3119 arma,
935 3046 1049 3104 nisi
1078 3051 1312 3104 tantum
1349 3045 1514 3120 quod
1543 3046 1734 3119 ipsius
1778 3061 1868 3101 re-

194 3138 397 3211 ligioni
428 3140 667 3210 deceat,
697 3138 946 3196 induere
974 3142 1325 3211 praesumat.

228 3269 232 3274 .
344 3231 437 3287 De
466 3228 675 3286 eadem
696 3242 781 3284 re.
810 3228 909 3283 Ex
937 3227 1188 3283 concilio
1220 3224 1700 3296 Carthaginensi.

260 3319 647 3377 CCCXXXVll.
701 3316 948 3388 (Concil.
1000 3316 1284 3387 Carthag.
1333 3331 1413 3387 ιγ,
1468 3331 1520 3371 c.
1570 3318 1678 3383 45;
1729 3317 1865 3371 Βυιι-

193 3422 392 3463 cnsan.
425 3406 536 3462 lib.
566 3422 624 3472 ιι,
657 3421 708 3462 c.
742 3406 887 3478 209.)
918 3404 1175 3462 Clericus
1212 3403 1644 3477 professionem
1688 3418 1864 3459 suam

193 3494 366 3552 etiam
393 3494 619 3552 habitu
647 3497 706 3550 et
730 3492 970 3549 incessu
998 3492 1229 3565 probet.
1262 3494 1331 3548 Et
1378 3490 1514 3548 ideo
1561 3507 1672 3547 nec
1694 3491 1867 3547 vesti-

191 3583 301 3640 bus
332 3600 447 3640 nec
478 3581 892 3640 calciamentis
923 3581 1205 3638 decorem
1227 3584 1478 3653 quierat.

190 3673 275 3729 Ne
290 3673 650 3746 presbyteri
671 3688 782 3742 per
800 3672 1067 3742 pretium
1095 3671 1375 3727 ecclesias
1412 3669 1740 3726 obtineant.
1769 3670 1870 3726 Em

648 3762 900 3818 concilio
919 3759 1418 3831 Moguntiacensi.

256 3851 671 3910 CCCXXXVIII.
703 3852 885 3922 (Rea,
916 3851 1084 3919 epist.
1126 3849 1209 3905 ad
1234 3848 1444 3904 Herib.
1490 3847 1598 3916 id.,
1645 3864 1696 3903 c.
1753 3851 1816 3904 19
1851 3865 1864 3915 ;

194 3941 513 4001 ΒυιιειιΑιω.
552 3939 657 3996 lib.
711 3956 792 4010 ιιι,
824 3958 876 3995 ιε.
925 3943 1071 3999 110.)
1114 3937 1508 4009 Quincunque
1552 3935 1866 4008 presbyter

192 4044 292 4100 per
326 4032 603 4104 pretium
626 4029 942 4087 ecclesiam
968 4027 1142 4084 fuerit
1179 4027 1460 4100 adeptus,
1499 4025 1866 4082 omnimodis

189 4117 535 4195 deponatur
571 4137 585 4174 :
615 4119 907 4194 quoniam
951 4123 1157 4176 contra
1203 4115 1619 4174 ecclesiasticae
1648 4115 1865 4187 regulae

190 4206 584 4283 disciplinam
649 4202 825 4279 agere
877 4206 1264 4279 degnoscitur
1327 4205 1434 4279 qui
1500 4196 1686 4261 alium
1738 4221 1869 4278 pre—

190 4296 498 4370 sbyterum
567 4297 828 4368 legitime
876 4296 956 4354 ad
998 4296 1313 4354 ecclesiam
1361 4293 1706 4352 ordinatum
1758 4310 1867 4368 per

190 4389 509 4457 pecuniam
548 4386 866 4460 expulerit,
914 4402 1170 4459 eamque
1212 4384 1326 4442 sibi
1373 4383 1565 4442 taliter
1606 4383 1866 4441 vindica-

191 4476 329 4533 verit
355 4478 539 4549 (244).
1840 4522 1846 4527 .

198 4565 239 4634 ι
252 4564 364 4638 59
392 4564 578 4634 Quod
588 4580 737 4625 non
758 4564 973 4635 ubique
990 4564 1351 4632 sacriﬁcium
1380 4563 1459 4618 sit
1477 4561 1867 4632 oﬂ’erendum.

578 4654 680 4711 Ex
706 4655 960 4724 epistola
984 4653 1271 4709 Anacleti
1294 4666 1492 4722 papam

256 4744 617 4801 CCCXXXIX.
653 4742 1181 4815 (245)-Sacerdotes
1221 4739 1471 4814 quando
1510 4737 1866 4805 sacriﬁcant,

199 4841 314 4887 non
348 4832 463 4890 soli
492 4833 617 4890 hoc
644 4847 821 4904 agere
846 4831 1086 4901 debent,
1115 4831 1224 4887 sed
1261 4833 1440 4887 testes
1466 4843 1672 4884 secum
1702 4825 1869 4883 adhi-

195 4915 387 4988 beant,
414 4927 483 4978 ut
510 4924 639 4978 Deo
664 4921 922 4995 perfecte
945 4922 1005 4977 in
1038 4919 1284 4977 sacratis
1309 4916 1564 4975 Domino
1592 4914 1738 4972 locis
1773 4932 1867 4971 sa-

195 5007 451 5067 criﬁcare
512 5010 869 5084 probentur.
905 5010 996 5066 Ait
1036 5024 1301 5082 namque
1350 5005 1672 5063 auctoritas
1720 5004 1867 5076 legis

196 5094 445 5156 divinae:
489 5100 641 5157 Vide
668 5115 743 5157 ne
783 5100 1001 5169 offeras
1039 5100 1390 5155 holocausta
1442 5102 1549 5153 tua
1597 5096 1662 5153 in
1706 5095 1871 5152 omni

259 5276 403 5350 (243)
460 5278 613 5336 Vide
666 5277 1003 5352 Capitulare
1031 5277 1348 5350 .Ahytonis
1395 5274 1661 5349 episcopi
1706 5274 1865 5331 Basi-

196 5342 425 5400 leensis-
454 5366 579 5400 can
609 5356 693 5400 ιδ-

247 5362 426 5415 θηειε,
454 5367 531 5407 ca
609 5361 693 5407 ιδ.
1306 5402 1309 5407 .

262 5421 411 5495 (244)
446 5366 835 5495 νιὲθέιιριδ,
866 5438 998 5495 cap.
1032 5424 1158 5495 240.

262 5490 411 5563 (245)
434 5493 590 5548 Vide
624 5490 805 5576 supra
836 5490 1015 5621 capp.
1055 5492 1240 5574 132.et
1264 5495 1384 5573 191.

262 5566 409 5621 (246)
441 5564 643 5621 Caput
667 5564 827 5621 istud
873 5564 952 5620 ha
997 5568 1128 5621 etur
1159 5580 1220 5620 in
1250 5561 1384 5621 emlt

261 5561 409 5643 (246)
441 5564 643 5643 caput
667 5561 1128 5643 i§tud_habetur
1159 5564 1220 5620 in
1243 5561 1488 5643 epilogo
1536 5576 1720 5643 quem
1758 5575 1863 5643 vo-

195 5631 587 5691 cantconcitii
610 5636 881 5705 Romani,
913 5635 1028 5692 sub
1050 5650 1213 5707 papa
1239 5631 1516 5692 Silvestro
1559 5631 1861 5699 celebrati,

2082 472 2196 529 Ubi
2211 474 2288 529 sit
2316 475 2496 530 missa
2526 474 2909 532 celebranda.
2942 476 3042 532 Ex
3071 477 3324 534 concilio
3348 482 3545 537 sancti

2653 564 2952 620 Sitvestri.

2051 652 2302 708 CCCXL.
2338 651 2463 708 Lib.
2486 667 2540 706 v1
2571 652 2906 721 (Iapitular.
2936 668 2988 708 c.
3012 654 3156 725 198.)
3191 657 3260 712 Ut
3287 656 3488 714 nullus
3514 675 3642 732 pre-

1979 739 2183 811 sbyter
2211 740 2462 796 missam
2496 740 2797 797 celebrare
2830 748 3160 814 praesumat
3186 744 3302 801 nisi
3345 745 3407 802 in
3446 756 3641 806 sacra.

1979 827 2051 883 tis
2080 827 2158 884 ab
2188 827 2474 900 episcopo
2519 828 2686 892 locis.
2734 829 2841 902 qui
2870 830 2963 885 sui
2992 830 3291 905 particeps
3314 833 3390 891 de
3428 840 3642 894 caetero

1984 916 2237 973 voluerit
2259 932 2391 973 esse
2422 917 2737 975 sacerdotii
2765 921 2938 987 (246).
3240 974 3245 979 .

1990 1006 2062 1063 Ut
2092 1007 2166 1063 de
2202 1007 2443 1062 decimis
2467 1012 2730 1078 quatuor
2755 1009 2908 1076 ﬁant
2928 1010 3254 1078 portiones.
3283 1011 3384 1067 Ex
3402 1014 3634 1082 synodo

2607 1097 2998 1155 Nannetensi.

2049 1183 2325 1242 CCCXLI.
2369 1185 2608 1255 (Concil.
2638 1186 2903 1243 Nannet.
2934 1202 2987 1243 c.
3018 1191 3084 1242 10
3108 1204 3121 1242 :
3149 1186 3252 1244 lib.
3287 1204 3366 1245 vn
3396 1190 3640 1260 Capitu-

1979 1275 2095 1330 lar.
2130 1290 2182 1328 c.
2216 1274 2352 1341 290;
2403 1276 2719 1331 BURCIIARD.
2752 1274 2854 1331 lib.
2888 1292 2970 1341 ιιι,
3007 1292 3057 1331 c.
3115 1278 3258 1347 138.)
3305 1279 3641 1337 lnstruendi

1977 1366 2117 1418 sunt
2164 1361 2495 1433 presbyteri
2535 1362 2876 1436 pariterque
2925 1364 3297 1422 admonendi
3345 1371 3642 1439 quatenus

1974 1450 2252 1506 noverint
2276 1449 2542 1508 decimas
2567 1456 2625 1508 et
2647 1451 2981 1509 oblationes
3011 1468 3168 1525 quas
3194 1454 3524 1512 atidelibus
3546 1471 3641 1513 ac-

1976 1538 2223 1610 cipiunt,
2257 1553 2597 1611 pauperum
2639 1545 2699 1595 et
2744 1540 3053 1613 hospitum
3082 1546 3141 1597 et
3186 1543 3641 1615 peregrinorum

1894 1646 1938 1700 B
1976 1642 2107 1683 esse
2142 1626 2460 1699 stipendia,
2491 1631 2548 1683 et
2574 1642 2697 1683 non
2739 1629 2917 1700 quasi
2957 1629 3080 1684 suis
3108 1630 3216 1685 sed
3263 1632 3439 1703 quasi
3481 1649 3642 1690 com-

1975 1716 2240 1773 mendati
2272 1716 2376 1783 uti,
2408 1715 2485 1772 de
2523 1715 2748 1790 quibus
2796 1716 3087 1773 omnibus
3126 1718 3320 1775 sciant
3349 1736 3413 1776 se
3457 1721 3639 1779 ratio-

1972 1821 2116 1862 nem
2155 1806 2331 1877 160
2357 1804 2657 1878 posituros
2685 1805 2747 1861 in
2787 1811 3111 1878 conspectu
3146 1806 3269 1879 Dei,
3296 1812 3355 1865 et
3393 1808 3508 1865 nisi
3537 1826 3641 1868 eas

1974 1886 2227 1950 ﬁdeliter
2254 1892 2624 1967 pauperibus
2652 1900 2711 1950 et
2733 1893 2825 1949 his
2873 1894 2979 1967 qui
3022 1894 3321 1967 praemissi
3350 1902 3492 1954 sunt
3536 1898 3641 1955 ad-

1974 1982 2462 2054 ministraverint,
2493 1982 2723 2039 damna
2748 1982 3067 2055 patiendus
3091 1984 3239 2055 (cod.
3274 1998 3406 2056 ms.,
3425 1985 3643 2044 facien-

1973 2072 2124 2139 dos;
2158 2071 2337 2128 editio
2364 2072 2694 2140 Sirmondi,
2727 2073 3062 2144 passuros].
3096 2073 3360 2139 Qualiter
3384 2091 3529 2132 vero
3557 2075 3641 2132 di-

1975 2160 2245 2234 spensari
2273 2159 2553 2228 debeant,
2602 2176 2868 2218 canones
2912 2164 3103 2217 sancti
3135 2161 3487 2231 instituunt;
3534 2164 3643 2220 sci-

1973 2248 2110 2305 licet
2139 2253 2203 2305 ut
2229 2253 2493 2322 quatuor
2516 2254 2717 2322 partes
2736 2250 2875 2306 inde
2893 2249 3063 2314 ﬁant,
3092 2266 3215 2307 una
3240 2251 3321 2308 ad
3345 2252 3640 2309 fabricam

1974 2337 2240 2394 ecclesias
2309 2336 2714 2405 relevandam,
2774 2336 2962 2393 altera
3016 2338 3390 2410 pauperibus
3449 2339 3642 2396 dith

1974 2424 2240 2490 buenda,
2286 2425 2456 2481 tertia
2510 2425 2864 2497 presbytero
2912 2441 3053 2482 cum
3101 2426 3228 2482 suis
3272 2426 3499 2483 clericis
3536 2428 3641 2486 ha-

1973 2513 2197 2582 benda,
2227 2517 2445 2587 quarta
2481 2513 2766 2587 episcopo
2806 2514 3192 2584 reservanda,
3239 2518 3303 2573 ut
3341 2515 3641 2589 quidquid

1975 2602 2190 2659 exinde
2210 2602 2478 2675 jusserit,
2510 2602 2789 2675 prudenti
2821 2603 3072 2660 consilio
3096 2604 3218 2662 ﬂat.

1973 2690 2042 2747 Si
2062 2692 2369 2761 episcopus
2397 2697 2507 2748 aut
2550 2691 2868 2761 presbyter
2912 2707 3037 2748 rem
3077 2693 3337 2750 ecclesiae
3382 2710 3643 2765 quocun-

2046 2795 2161 2852 que
2186 2781 2427 2851 ingenio
2450 2782 2725 2837 alienare
2746 2783 3221 2852 praesumpserit.
3251 2783 3354 2841 Ea;
3390 2784 3643 2841 concilio

2046 2870 2434 2927 Bracarensi.
3624 2916 3629 2921 .

2046 2960 2350 3017 CCCXL“.
2399 2960 2643 3031 (Concit.
2684 2961 2943 3018 Bracar.
2994 2977 3054 3029 ιι,
3086 2977 3136 3017 c.
3177 2961 3274 3031 l7;
3320 2965 3639 3020 Buucnsun.

1972 3047 2075 3104 lib.
2100 3065 2179 3115 ιιι,
2216 3064 2269 3105 c.
2308 3048 2449 3119 179.)
2480 3047 2538 3106 Si
2562 3047 2701 3121 quis
2729 3048 3043 3122 presbyter
3072 3054 3177 3107 aut
3219 3050 3513 3108 diaconus
3552 3053 3641 3109 in-

1973 3142 2189 3195 ventus
2217 3136 2391 3194 fuerit
2418 3136 2493 3193 de
2519 3137 2861 3194 ministeriis
2879 3138 3146 3195 ecclesiae
3168 3139 3398 3213 aliquid
3414 3156 3641 3198 venun-

1972 3227 2171 3297 dasse,
2204 3226 2347 3299 quia
2377 3226 2756 3298 sacrilegium
2785 3228 3104 3296 commisit,
3144 3228 3370 3301 placuit
3406 3246 3545 3286 eum
3577 3230 3640 3287 in

1972 3316 2348 3373 ordinatione
2378 3316 2640 3373 ecclesiae
2672 3332 2792 3373 non
2821 3316 3051 3374 haberi.
3092 3317 3154 3373 ln
3179 3318 3408 3390 judicio
3437 3324 3639 3376 tamen

1972 3405 2238 3479 episcopi
2267 3405 2690 3463 dimittendum
2720 3411 2808 3462 est
2822 3406 2957 3463 sive
2986 3406 3208 3477 dignus
3241 3408 3316 3464 sit
3342 3407 3462 3464 sive
3490 3409 3641 3465 indi-

1973 3510 2129 3565 gnus
2152 3495 2215 3551 in
2246 3511 2359 3551 suo
2388 3494 2573 3568 recipi
2599 3495 2814 3565 gradu.
3088 3514 3103 3524 λ

1980 3585 2051 3641 Ut
2084 3585 2246 3640 nulli
2262 3584 2517 3653 przwli
2544 3584 2969 3652 possessionem
3018 3599 3302 3654 magnam
3354 3587 3447 3641 vel
3486 3600 3636 3655 par;

2045 3687 2181 3728 vam
2211 3671 2470 3727 ecclesia:
2511 3671 2687 3726 liceat
2715 3670 2778 3725 in
2801 3677 3164 3739 perpetuum
3210 3673 3501 3729 alienare.
3544 3674 3642 3729 Ea:

1974 3760 2226 3817 decretis
2250 3758 2599 3828 Symmachi
2616 3773 2814 3828 papa.

2046 3847 2369 3906 CCCXLlll.
2420 3846 2665 3918 (Concil.
2697 3848 2948 3904 Roman.
2988 3863 3071 3919 ιιι,
3118 3848 3228 3904 sub
3257 3849 3639 3919 Symmacho,

1975 3954 2025 3995 c.
2056 3938 2137 4009 4.)
2164 3938 2233 3993 Ut
2257 3934 2405 3992 nulli
2436 3934 2780 4009 apostolicae
2813 3935 2971 3992 sedis
3000 3936 3245 4009 praesuli
3288 3936 3465 3995 liceat
3490 3953 3643 4012 prm-

1973 4027 2142 4084 dium
2170 4025 2483 4093 rusticum,
2513 4028 2998 4099 quantaecunque
3027 4025 3206 4083 fuerit
3224 4026 3317 4084 vel
3344 4027 3647 4099 magnitu-

1974 4116 2132 4173 dinis
2156 4115 2254 4171 vel
2280 4113 2635 4185 exiguitatis,
2668 4114 2783 4171 sub
2809 4119 3103 4189 perpetua
3148 4115 3506 4175 alienatione
3547 4117 3641 4175 vel

1974 4204 2445 4262 commutatione
2459 4203 2540 4260 ad
2559 4202 2881 4275 cujuslibet
2895 4203 3035 4275 jura
3048 4205 3369 4263 transferre
3394 4207 3564 4278 (247).

2394 4293 2496 4350 Ex
2523 4293 2729 4350 eadem
2758 4309 2841 4351 re.
2873 4294 2974 4351 Ea:
3000 4294 3221 4351 eodem.

2048 4382 2370 4439 CCCXLIV.
2395 4382 2518 4453 (Ex
2543 4382 2666 4439 eod.
2710 4397 2874 4439 conc.
2907 4385 3099 4452 Rom.,
3130 4400 3182 4439 ο.
3223 4384 3296 4454 l.)
3339 4383 3494 4440 Sane
3538 4384 3641 4440 do-

1975 4488 2113 4527 mus
2134 4471 2204 4541 in
2231 4471 2600 4544 quibuslibet
2636 4472 2802 4542 ιθ]
2832 4471 3088 4527 urbibus
3116 4470 3643 4544 constitutaa,-qua-

1974 4576 2113 4617 rum
2139 4564 2360 4617 statum
2386 4575 2631 4618 necesse
2661 4563 2751 4615 est
2780 4573 3045 4628 expensa
3069 4573 3192 4615 non
3235 4557 3480 4614 modica
3508 4574 3641 4615 sus-

1977 4648 2235 4718 tentari,~
2269 4649 2530 4722 acceptis
2579 4647 2627 4703 si
2678 4645 2876 4703 oﬁ'erri
2933 4645 3263 4717 contigerit,
3314 4646 3428 4703 sub
3476 4647 3643 4718 justa

1977 4738 2391 4795 aestimatione
2429 4736 2762 4795 redditibus
2811 4741 2870 4793 et
2934 4734 3117 4792 divini
3156 4734 3379 4792 timore
3432 4734 3643 4807 judieii

1976 4832 2442 4885 commutentur.
3626 4844 3637 4865 ι

2262 4929 2287 4953 ι
2400 4918 2489 4973 De
2516 4916 2721 4973 eadem
2752 4931 2835 4972 re.
2864 4916 2967 4971 Ex
2988 4914 3207 4971 eodem.
3546 4946 3559 4957 ο
3628 4944 3633 4949 τ

2049 5006 2345 5062 CCCLXV.
2380 5007 2502 5073 (Ex
2530 5005 2656 5061 ead.
2690 5020 2853 5061 conc.
2903 5005 3071 5060 Rom.
3117 5020 3168 5059 c.
3201 5008 3267 5071 6;
3314 5005 3636 5060 Buucnsnu.

1974 5095 2077 5153 lib.
2111 5113 2193 5165 ιιι,
2224 5112 2276 5152 c.
2315 5099 2462 5162 180.)
2497 5093 2850 5166 Quicunque
2877 5093 3195 5167 presbyter
3226 5093 3301 5150 de
3328 5094 3462 5166 jure
3481 5094 3641 5151 tituli

1975 5279 2034 5330 et
2053 5271 2374 5344 indeiapud
2399 5270 2751 5344 Gratianum
2772 5270 2936 5344 dist.
2957 5275 2999 5343 l,
3041 5272 3115 5329 de
3144 5277 3470 5344 consecrat.
3503 5286 3637 5344 cap.

1983 5345 2065 5401 15.
2098 5341 2608 5415 Virlefcapitulare
2637 5341 2947 5415 Theodulﬁ
2982 5341 3453 5415 Aurelianensis,
3502 5341 3637 5415 cap.

1984 5417 2037 5470 ll
2070 5434 2084 5483 ;
2116 5413 2417 5489 Capitular
2446 5413 2737 5489 Anytonis
2783 5414 3047 5489 episcopi
3089 5413 3639 5489 Basileensis,_cap.

1977 5489 2020 5567 8
2037 5504 2050 5554 ;
2083 5489 2143 5567 et
2168 5483 2441 5567 Qapitula
2465 5483 2741 5567 ejusdem
2762 5483 2897 5560 cap.
2918 5483 3009 5543 ’14ἶ
3041 5486 3183 5543 Vide
3205 5486 3383 5543 etiam
3404 5483 3600 5540 Addit:
3623 5499 3640 5538 ι

1981 5555 2327 5629 Capitular.,
2355 5555 2502 5630 cap.
2531 5556 2612 5613 lO.
2841 5555 2852 5560 ⁷
3384 5626 3388 5631 ι
3490 5626 3495 5629 η

2050 5631 2199 5699 (247)
2231 5626 2373 5683 Vide
2403 5627 2723 5685 concilium
2759 5629 3113 5697 Parisiense,
3143 5628 3247 5685 lib.
3283 5644 3337 5697 ι,.
3370 5640 3502 5697 cap.
3553 5628 3635 5679 17.
