4046 6190
386 143 490 197 259

1514 142 1886 199 REGINONIS
1928 143 2340 200 PRUMIENSIS
2381 147 2690 202 ABBATIS.

3719 157 3825 207 260

386 261 480 319 sui
507 264 773 336 quolibet
797 265 999 330 modo,
1029 269 1241 335 praeter
1287 280 1524 327 aurum,
1571 269 1906 333 argentum,
1953 264 2047 319 vel
2078 270 2124 321 A
2159 273 2566 338 compescant,
2622 274 2724 324 aut
2765 270 2906 326 talia
2953 271 3238 343 episcopo
3286 271 3380 326 vel
3416 272 3606 342 judiei
3651 277 3831 330 corri-

387 367 679 421 gemmas,
709 358 895 408 vestes
925 368 1188 424 quoque,
1220 353 1268 408 si
1300 358 1458 422 sunt,
1494 353 1586 410 vel
1613 353 1662 408 si
1693 353 2051 410 accesserint

387 439 591 512 aliqua
615 440 860 496 mobilia
889 440 966 495 ad
997 446 1354 497 ornamenta
1383 440 1585 496 divina
1627 442 1873 497 minime
1921 458 2049 515 per-

385 529 652 594 tinentia,
687 527 914 600 aliquid
944 528 1001 582 in
1029 535 1384 601 perpetuum
1418 530 1676 586 alienare
1719 531 2044 599 tentaverit,

384 619 660 685 donator,
691 618 1083 674 alienatorac
1134 620 1406 678 venditor
1449 621 1692 677 honoris
1741 621 1834 676 sui
1864 621 2045 676 amis-

384 707 555 764 sione
584 707 964 764 mulctentur.

1018 799 1166 854 Item
1183 814 1329 868 cap.
1361 805 1428 856 6.-

456 886 778 941 CCCXLVI.
815 887 932 956 (Ex
962 889 1087 942 eod.
1122 903 1286 944 conc.
1335 890 1500 944 Rom.
1534 906 1586 945 c.
1639 891 1713 959 7.)
1767 893 2048 946 Prieterea

380 973 488 1044 qui
514 989 642 1030 rem
671 974 934 1030 ecclesiae
961 975 1191 1046 petierit
1218 981 1276 1032 et
1319 979 1635 1050 acceperit,
1663 979 1756 1033 vel
1793 979 1899 1051 qui
1916 995 2047 1052 pre-

389 1061 766 1134 sbyterorum
798 1068 900 1119 aut
932 1063 1330 1120 diaconorum
1351 1083 1459 1120 seu
1479 1065 1862 1122 defensorum
1882 1067 2050 1122 danti

382 1149 823 1221 subscripserit,
853 1166 978 1222 quo
1000 1151 1184 1208 iratus
1209 1155 1360 1208 Deus
1377 1153 1612 1209 animas
1627 1155 1880 1226 percutit
1903 1171 2048 1211 ana-

380 1238 641 1293 themate
671 1237 934 1294 feriatur.

384 1325 460 1379 Ut
490 1326 830 1395 presbyteri
865 1343 988 1382 non
1019 1329 1283 1384 vendant
1315 1345 1439 1385 rem
1481 1331 1741 1387 ecclesiae
1768 1332 1871 1386 ubi
1905 1337 2045 1386 sunt

583 1416 913 1470 constituti.
945 1417 1046 1472 Ex
1073 1419 1327 1473 concilio
1357 1419 1837 1489 Carthaginensz’.

447 1501 797 1558 CCCXLVII.
852 1504 1094 1573 (Concit.
1145 1505 1434 1576 Cao‘thag.
1468 1523 1520 1561 c.
1569 1511 1671 1574 33;
1720 1509 2041 1564 Eumene.

2158 355 2356 422 genda
2383 355 2754 413 denuntient.
2788 359 2960 424 Quod
3002 359 3051 414 si
3087 359 3228 415 talia
3277 360 3598 434 episcopus
3621 380 3829 433 .agere

2159 449 2362 513 tentat,
2403 446 2862 518 metropolitano
2905 449 3034 518 ejus
3075 447 3202 504 haec
3249 450 3555 506 insinuare
3605 467 3829 523 procu-

2159 535 2305 586 rent.
2338 533 2393 588 Si
2443 538 2647 589 autem
2691 535 3184 607 metropolitanus
3237 536 3378 592 talia
3418 539 3623 606 egerit,
3668 541 3832 610 regis

2158 621 2285 676 haec
2317 623 2564 678 auribus
2581 623 2858 679 intimare
2877 641 2996 681 non
3013 624 3308 681 differant.
3332 627 3479 699 Ipsis
3491 632 3692 686 tamen
3710 631 3833 685 hae-

2155 710 2398 766 redibus
2411 712 2468 767 in
2482 712 2709 768 eisdem
2720 713 2900 769 rebus
2916 730 3038 770 non
3050 714 3224 770 liceat
3239 716 3412 787 quasi
3421 717 3574 787 juris
3595 721 3832 792 proprii

2157 804 2511 871 potestatem
2577 802 2875 874 praeferre,
2931 818 3058 860 non
3107 804 3405 876 rapinam,
3466 822 3589 862 non
3659 808 3831 864 frau-

2156 887 2294 942 dem
2377 889 2676 959 ingerere,
2764 907 2886 946 non
2968 892 3310 948 violentiam
3392 911 3833 969 quamcunque

2157 992 2542 1046 praesumere.
2603 979 2658 1034 Si
2700 979 2838 1051 quis
2875 980 3003 1036 huic
3051 980 3279 1036 monita
3329 987 3618 1040 temerare
3668 1002 3830 1057 pree-

2159 1065 2500 1136 sumpserit,
2546 1071 2600 1122 et
2649 1068 2804 1123 male
2851 1073 3027 1141 rapta
3069 1085 3206 1125 cum
3261 1071 3607 1128 confusione
3656 1075 3833 1130 resti-

2156 1157 2298 1221 tuet,
2331 1158 2388 1209 et
2412 1157 3051 1213 excommunicationis
3079 1174 3297 1214 annuas
3328 1163 3687 1218 sententiam
3724 1181 3828 1218 su-

2157 1241 2413 1298 stinebit.

2155 1331 2243 1386 De
2290 1334 2538 1388 ter-rutis
2584 1340 2639 1390 et
2689 1336 2922 1406 exiguis
2967 1337 3171 1393 vineis.
3218 1339 3317 1394 Ex
3363 1341 3617 1396 concilio
3666 1343 3833 1412 Aga-

2879 1425 3095 1481 thenet'.

2229 1511 2444 1565 CCCLI.
2479 1513 2671 1580 (Conc.
2701 1513 2925 1582 Agath.
2956 1532 3006 1570 ο.
3041 1517 3156 1586 ιιῦ.)
3183 1515 3454 1572 'l’errulas
3484 1523 3589 1572 aut
3613 1519 3831 1575 vineas

377 1589 481 1645 lib.
503 1606 583 1656 ιιι,
615 1607 668 1646 c.
705 1594 852 1661 t78’.)
878 1596 1022 1647 item
1049 1592 1274 1664 placuit
1303 1599 1364 1649 ut
1389 1595 1725 1666 presbyteri
1749 1611 1873 1652 non
1905 1613 2044 1652 ven-
2075 1618 2118 1671 Β
2155 1599 2403 1667 exiguas
2426 1605 2485 1656 et
2509 1601 2772 1663 ecclesiae
2803 1603 3006 1659 minus
3036 1604 3208 1660 utiles
3253 1611 3361 1661 aut
3387 1606 3562 1678 longe
3593 1610 3829 1680 positas

373 1677 527 1733 dant
563 1695 689 1734 rem
715 1680 982 1736 ecclesiae
1033 1683 1136 1736 ubi
1180 1689 1321 1737 sunt
1365 1684 1686 1751 constituti,
1736 1686 2043 1741 nescienti.-

378 1765 494 1821 bus
531 1767 840 1839 episcopis
895 1769 1058 1834 suis;
1115 1771 1430 1841 quomodo
1479 1774 1540 1826 et
1581 1773 1868 1844 αριθμορο
1919 1789 2042 1830 non

375 1854 511 1910 licet
541 1856 798 1911 vendere
846 1858 1076 1928 praedia
1121 1859 1386 1914 ecclesiae
1433 1860 1749 1929 ignorante
1793 1862 2043 1919 concilio

373 1947 435 1998 et
463 1944 831 2016 presbyteris
861 1945 975 2000 sui.
1008 1949 1136 2001 Non
1169 1947 1495 2003 habentem
1545 1955 1744 2005 autem
1795 1952 2044 2007 necessi—

377 2035 558 2087 tatem
587 2048 698 2088 nec
723 2033 1013 2104 episcopo
1040 2034 1216 2090 liceat
1240 2036 1506 2092 ecclesiae
1555 2038 1871 2107 ignorante
1906 2055 2044 2095 con-

373 2119 509 2175 cilio
527 2127 586 2176 et
611 2121 976 2192 presbyteris
1003 2123 1148 2178 suis.
1184 2128 1310 2180 Non
1340 2126 1662 2182 habentem
1693 2132 1894 2184 autem
1938 2145 2042 2186 ns.-

371 2207 720 2264 cessitatem
750 2224 862 2264 nec
887 2211 1181 2283 episeopo
1210 2212 1383 2269 liceat
1410 2215 1676 2270 ecclesiae
1714 2232 1842 2271 rem
1894 2217 2042 2273 tituli

374 2295 464 2352 sui
509 2313 803 2369 usurpare
846 2298 1235 2370 (agendum,
1265 2301 1437 2359 liceat
1464 2304 1726 2361 metricis
1775 2307 2041 2362 ecclesiae

374 2400 485 2441 nec
513 2385 870 2457 μηώῄπο
901 2403 1054 2454 rem,
1083 2391 1222 2461 etc.)

695 2478 864 2548 162
895 2479 987 2534 De
1008 2479 1209 2536 eadem
1249 2496 1332 2536 re.
1365 2483 1464 2539 Ea:
1501 2485 1722 2541 eodem.

444 2563 812 2620 CCCXLVIIL
847 2565 1093 2635 (Coucit.
1125 2568 1413 2639 Carthag.
1453 2587 1507 2627 c.
1555 2574 1671 2642 26.)
1709 2573 1936 2632 Placuit
1975 2579 2042 2630 ut

369 2666 500 2708 rem
527 2653 803 2711 Ecclesiae
829 2670 1013 2710 nemo
1044 2656 1285 2712 vendat.
1319 2659 1492 2723 Quod
1518 2660 1569 2714 si
1597 2660 1868 2717 redditus
1915 2678 2039 2718 non

370 2739 575 2808 habet,
603 2745 664 2797 et
687 2742 897 2814 aliqua
925 2743 1115 2800 nimia
1141 2745 1467 2807 necessitas
1493 2754 1696 2818 cogat,
1727 2751 1844 2806 hoc
1899 2750 2040 2812 insi-

369 2828 688 2884 nuandum
728 2835 815 2884 est
858 2831 1096 2902 primati
1131 2833 1452 2904 provincia:
1504 2835 1737 2907 ipsius;
1791 2844 1853 2893 ut
1897 2856 2038 2896 cum

369 2920 598 2974 statuto
622 2933 880 2975 numero
907 2919 1356 2992 episcoporum,
1405 2928 1605 2980 utrum
1653 2925 1920 2984 ﬂendum
1968 2930 2040 2986 sit

367 3003 706 3060 arbitretur.
733 3006 907 3070 Qund
933 3007 1024 3063 sin
1057 3023 1136 3062 on
1156 3008 1375 3077 fecerit,
1395 3027 1530 3067 reus
1560 3014 1681 3069 Deo
1712 3019 1768 3070 et
1787 3016 2039 3072 concilia

367 3091 643 3149 venditor
924 3095 1154 3152 honore
1177 3102 1468 3155 teneatur.

647 3182 751 3239 E2:
771 3184 1024 3243 decretis
1049 3188 1249 3242 sancti
1271 3188 1532 3245 Martini
1545 3206 1744 3261 paper.

441 3269 749 3328 CCCXLIX.
801 3275 1060 3339 (Maris.
1126 3277 1370 3332 BRALAR.
1441 3294 1494 3332 c.
1547 3284 1650 3348 lt;
1707 3284 2031 3339 BIIRCHARD.

365 3357 468 3414 lib.
501 3375 546 3427 ι,
578 3376 628 3416 c.
663 3361 788 3427 215,
821 3367 880 3417 et
902 3362 1008 3418 lib.
1043 3380 1124 3431 Ill,
1149 3380 1202 3420 c.
1234 3368 1386 3436 481.)
1415 3367 1473 3424 Si
1510 3369 1647 3440 quis
1687 3372 2031 3446 episcopus,

367 3446 533 3502 nulla
564 3448 975 3506 ecclesiasticae
1005 3451 1249 3509 rationis
1279 3457 1630 3514 necessitate
1657 3461 2028 3533 com-pulsus,

363 3533 425 3590 in
455 3552 567 3592 suo
591 3537 756 3597 clero
795 3539 1008 3608 {inscio
1045 3540 1250 3614 clero},
1292 3549 1399 3600 aut
1443 3546 1549 3602 ubi
1583 3547 1735 3605 forte
1782 3566 1907 3606 non
1947 3557 2034 3608 est

363 3624 705 3698 presbyter,
730 3627 805 3684 de
823 3628 1016 3686 rebus
1039 3629 1462 3690 caclasiasticis
1485 3634 1715 3708 aliquid
1743 3654 2032 3710 presum-

363 3719 546 3783 pserlt
576 3716 851 3784 vendere,
879 3733 974 3773 res
1001 3717 1167 3791 ipsas
1197 3720 1458 3778 ecclesiae
1504 3725 1762 3797 propriae
1807 3733 2032 3784 restau-

361 3817 494 3864 rare
522 3810 794 3877 cogatur,
823 3810 884 3862 et
911 3806 974 3864 in
995 3807 1223 3878 judicio
1243 3810 1679 3884 episcopum
1711 3816 2031 3887 dejiciatur

361 3891 624 3962 auditus,
651 3899 713 3952 et
744 3898 1036 3967 tanquam
1062 3896 1204 3953 furti
1250 3903 1357 3954 aut
1397 3899 1694 3958 latrocinii
1735 3920 1874 3960 reus
1919 3922 2029 3962 suo

361 3979 590 4038 honore
613 3981 900 4052 privetur.

361 4067 520 4134 Quid
535 4085 716 4140 agerc
733 4077 1004 4139 oporteat
1027 4075 1398 4146 propinquos
1415 4079 1584 4134 illius
1595 4082 1708 4150 qui
1719 4084 2027 4140 ecclesiam

433 4158 742 4216 αααυααε
753 4161 931 4217 rebus
937 4163 1064 4218 suis
1072 4164 1144 4230 ,εἰ
1155 4167 1560 4232 praevalerent
1573 4173 1901 4229 excutiatis
1913 4176 2028 4231 ali-

430 4246 577 4316 quid
596 4247 1026 4316 defraudatum
1038 4253 1315 4309 ecclesiae.
1331 4256 1698 4314 Excutit-ilio
1719 4262 2020 4318 Toletano.

2155 1705 2371 1760 parvas
2401 1691 2723 1764 episcopus
2754 1693 2879 1748 sine
2909 1693 3159 1750 consilio
3189 1694 3461 1764 fratrum,
3481 1697 3533 1751 si
3564 1699 3831 1754 necessi-

2154 1782 2242 1832 tas
2274 1779 2464 1847 tuerit,
2498 1780 2870 1837 distrahendi
2903 1783 3124 1838 habeat
3151 1788 3527 1856 potestatem.

2155 1886 2324 1952 Quod
2350 1887 2599 1957 fugitivi
2620 1890 2778 1944 servi
2796 1891 3055 1946 ecclesiae
3068 1893 3511 1964 permittuntur
3533 1894 3823 1949 distrahi.

2668 1978 2766 2032 Ern
2789 1979 2986 2034 eodem
3020 1981 3290 2035 concilio.

2223 2063 2461 2117 CCCLII.
2499 2065 2737 2134 (Concil.
2771 2067 2992 2136 Agath.
3029 2083 3079 2123 c.
3113 2071 3181 2123 46
3209 2087 3219 2135 ;
3253 2071 3574 2125 BURCHARD.
3609 2071 3714 2125 lib.
3745 2089 3826 2137 ιιι,

2153 2166 2203 2204 c.
2238 2151 2380 2220 l88).
2429 2152 2730 2222 Fugitivos
2781 2155 2961 2210 etiam
2997 2169 3232 2225 servos,"
3271 2157 3487 2213 domos
3531 2175 3679 2214 suas
3719 2165 3831 2215 aut

2154 2239 2407 2294 familias
2437 2241 2796 2313 deserentes,
2829 2244 2932 2316 qui
2958 2245 3137 2300 etiam
3183 2246 3230 2301 si
3269 2248 3526 2302 revocati
3577 2250 3824 2314 fuerint,

2155 2329 2337 2383 teneri
2401 2346 2529 2386 non
2573 2338 2845 2404 possunt,
2897 2334 3072 2390 simili
3114 2335 3340 2392 ratione
3380 2336 3457 2392 ab
3505 2338 3826 2411 episcopo,

2153 2417 2200 2472 si
2251 2417 2534 2488 voluerit,
2608 2427 2710 2477 aut
2784 2423 2831 2477 si
2893 2423 2975 2480 ita
3040 2423 3122 2479 illi
3178 2427 3535 2495 meruerint,
3602 2427 3826 2483 distra-

2150 2507 2267 2561 han
2277 2511 2388 2562 tur.

2157 2594 2329 2668 164
2360 2597 2426 2651 St
2450 2599 2581 2667 quis
2612 2600 2857 2656 chartas
2883 2603 2978 2658 vel
3001 2608 3308 2671 praecepta
3359 2605 3525 2674 regia
3573 2609 3823 2676 suppri-

2219 2701 2378 2741 mere
2405 2693 2509 2741 aut
2550 2689 2912 2746 adversariis
2955 2693 3195 2748 tradere
3236 2709 3420 2749 ausus
3463 2697 3678 2765 fuerit.
3723 2699 3826 2752 Er

2221 2777 2472 2832 concilio
2499 2778 2850 2848 Agathensi.

2221 2867 2486 2921 CCCLIII.
2518 2871 2706 2934 (Conc
2735 2869 2960 2940 Agam.
2994 2887 3043 2926 c.
3078 2875 3179 2938 26;
3215 2873 3538 2928 BLTRtZHARD.
3583 2873 3688 2929 lib.
3739 2893 3822 2943 ιιι,

2073 2972 2117 3024 (3
2149 2970 2200 3007 c.
2237 2957 2380 3016 l83.)
2417 2954 2472 3011 Si
2499 2956 2634 3026 quis
2665 2973 2806 3013 vero
2832 2959 2907 3013 de
2938 2959 3163 3015 clericis
3196 2961 3561 3018 documenta
3591 2965 3825 3035 quibus

2148 3042 2411 3097 ecclesiae
2461 3045 2760 3116 possessio
2807 3046 3084 3104 ﬁrmatur
3132 3055 3234 3104 aut
3293 3050 3668 3126 supprimere
3719 3059 3824 3107 aut

2147 3146 2368 3201 negare
2399 3137 2501 3189 aut
2527 3133 2887 3192 adversariis
2914 3137 3162 3194 fortasse
3203 3139 3435 3196 tradere
3479 3140 3825 3197 damnabili

2146 3224 2201 3274 et
2225 3221 2535 3293 punienda
2571 3223 2973 3282 obstinatione
3002 3228 3467 3301 praesumpserit,
3514 3229 3821 3305 quidquid

2144 3324 2249 3381 per
2293 3310 2718 3367 abstinentiam
2784 3313 2950 3384 [edit
3000 3317 3408 3385 Helmaestad.,
3467 3317 3825 3375 abstractio-

2142 3413 2317 3465 nem;
2377 3399 2578 3468 Simia,
2638 3401 2998 3476 absentiam]
3042 3404 3548 3463 documentorum
3600 3407 3820 3464 damni

2143 3486 2410 3542 Ecclesiae
2457 3487 2686 3544 illatum
2737 3495 2846 3559 est,
2897 3498 2952 3549 et
2993 3494 3070 3550 de
3120 3494 3378 3568 propriis
3423 3495 3823 3553 facultatibus

2140 3575 2411 3642 reddant,
2437 3579 2864 3635 communione
2896 3581 3220 3653 priventur.
3257 3583 3321 3638 Hi
3352 3587 3552 3640 autem
3597 3583 3708 3656 qui
3756 3586 3823 3640 in

2139 3663 2364 3719 damno
2396 3665 2654 3721 ecclesiae
2683 3668 3084 3727 instrumenta
3115 3676 3335 3728 sancta:
3374 3673 3657 3730 Ecclesia;
3711 3673 3823 3730 im-

2139 3751 2234 3822 pie
2256 3752 2543 3810 sollicitati
2564 3771 2600 3810 a
2619 3756 3005 3813 traditoribus
3027 3759 3248 3829 [Sirm.,
3276 3760 3603 3818 sollicitatis
3625 3763 3822 3834 trad.)

2137 3845 2554 3911 susceperunt,
2586 3844 2716 3915 pari
2747 3846 3041 3902 sententia
3071 3846 3375 3904 feriantur.

2137 3947 2224 4001 De
2255 3952 2604 4004 testamento
2634 3951 2896 4020 episcopi
2938 3953 3200 4024 qualiter
3225 3955 3444 4010 valeat.
3476 3955 3579 4012 Ex
3608 3957 3818 4012 eodem

2830 4040 3100 4095 concilio.

2207 4121 2466 4178 CCCLIV.
2503 4125 2694 4194 (Conc.
2727 4127 2950 4198 Agath.
2987 4146 3036 4184 c.
3071 4133 3129 4184 5t
3167 4148 3179 4197 ;
3231 4133 3561 4188 Buncumn.
3610 4132 3718 4190 lib.
3772 4150 3811 4200 ι,

2137 4223 2186 4262 c.
2220 4214 2367 4277 212.)
2401 4211 2458 4265 Si
2489 4212 2624 4284 quis
2664 4215 2987 4289 episcopus
3037 4217 3279 4275 condito
3314 4223 3675 4278 testamento
3705 4222 3816 4278 ali-

427 4298 1292 4408 ecaritate-7.7.3271:
1301 4298 2020 4411 '3‘."I;’"§L:;:.:.;T.f“i;;:
2056 4326 2097 4380 ι)
2133 4298 2276 4411 αξξξά
2302 4300 2376 4356 αθ
2401 4301 2784 4411 sariri“.
2815 4306 3366 4411 reservarat?
3415 4309 3810 4411 delegare?"

353 4439 438 4491 ni,
466 4440 522 4480 c.
561 4423 701 4497 182).
745 4426 951 4484 Omnis
993 4428 1198 4501 itaque
1240 4431 1323 4488 rei
1371 4433 1782 4493 ecclesiasticae
1825 4455 2023 4512 quan-

357 4512 512 4582 titas,
537 4515 697 4574 sicut
722 4516 1060 4575 remedium
1091 4519 1278 4575 veniae
1305 4521 1511 4580 tribuit
1547 4527 1894 4598 conferenti,
1939 4532 2023 4586 ita

355 4601 651 4662 damnum
669 4604 784 4662 rite
811 4613 1115 4679 praeparat
1145 4608 1496 4667 fraudatori.
1531 4617 1599 4670 Et
1633 4615 1769 4672 ideo
1821 4618 2022 4675 nullus

355 4693 738 4780 sacerdotum
782 4694 878 4750 vel
916 4696 1337 4756 ministrorum
1377 4716 1452 4757 ex
1493 4704 1676 4760 rebus
1730 4707 2019 4780 ecclesiae,

355 4792 488 4850 quae
510 4779 573 4836 in
601 4782 1067 4858 quibuscunque
1096 4787 1242 4844 locis
1273 4805 1310 4844 a
1336 4789 1616 4848 ﬁdelibus
1661 4779 2016 4866 largiuntur,

355 4866 584 4958 aliquid
613 4871 865 4940 auferat,
893 4874 983 4930 vel
1006 4875 1130 4945 juri
1159 4893 1270 4934 suo
1298 4884 1404 4935 aut
1427 4881 1729 4938 cathedrae
1760 4887 2017 4958 propriae

353 4957 563 5018 unitati
585 4965 926 5018 connectat.
961 4965 1174 5022 Verum
1209 4973 1280 5023 .ut
1303 4968 1484 5040 hujus
1519 4971 1604 5026 rei
1644 4973 1842 5044 potior
1880 4957 2016 5031 soli-

350 5045 506 5102 ditas
531 5046 849 5120 habeatur,
881 5053 1236 5128 propinquis
1263 5057 1395 5128 ejus
1423 5059 1525 5132 qui
1565 5063 1896 5120 construxit
1925 5068 2020 5124 vel

353 5133 563 5190 ditavit
589 5137 903 5195 ecclesiam
933 5141 1158 5201 licitum
1190 5146 1264 5202 sit
1292 5148 1447 5204 hanc
1472 5149 1649 5206 bonae
1675 5151 2017 5210 intentionis

351 5223 575 5282 habere
613 5227 783 5299 163
817 5229 1138 5305 solertiam,
1172 5240 1238 5292 ut
1262 5235 1318 5291 si
1341 5239 1717 5296 sacerdotem
1757 5257 1870 5298 seu
1903 5244 2015 5299 mi-

352 5312 610 5402 nistrum
636 5315 863 5390 ahquid
892 5336 964 5375 ex
993 5323 1254 5380 collectis
1291 5327 1472 5383 rebus
1501 5329 1880 5402 praeviderint
1909 5333 2012 5390 de-

349 5400 650 5478 fraudare,
673 5412 775 5464 aut
796 5411 1280 5468 commonitionis
1319 5400 1571 5474 honesta
1619 5421 2010 5480 conventione

421 5582 562 5656 (248)
596 5585 735 5644 Vide
763 5585 1058 5657 Regulam
1086 5588 1279 5646 sancti
1308 5592 1580 5662 Ferreoli,
1613 5612 1745 5668 cap.
1777 5602 1864 5654 36.

2133 4387 2301 4443 aliter
2326 4405 2449 4445 non
2480 4390 2699 4448 valebit
2726 4393 2843 4450 nisi
2867 4399 3104 4452 tantum
3146 4397 3219 4452 de
3249 4398 3268 4469 ί
3281 4398 3399 4453 uris
3448 4399 3681 4475 proprii
3727 4399 3812 4455 fa-

2132 4477 2457 4534 cultatibus
2493 4481 2873 4554 suppleverit.

2228 4587 2314 4641 De
2341 4590 2902 4652 manumissionibus
2938 4592 2998 4650 in
3028 4595 3319 4652 Ecclesia.
3349 4595 3450 4660 Ex
3479 4596 3708 4652 eodem.

2201 4691 2439 4748 CCCLV.
2467 4692 2672 4764 (Cone.
2709 4698 2939 4768 Agam.
2982 4715 3039 4758 .c.
3093 4705 3206 4768 56.)
3257 4701 3550 4775 Mancipia
3588 4719 3812 4760 mona-

2130 4779 2255 4837 chis
2271 4781 2502 4848 donata
2531 4783 2610 4840 ab
2633 4784 2854 4848 abbate
2882 4803 3006 4846 non
3050 4789 3187 4846 licet
3209 4791 3574 4856 manumitti.
3599 4792 3808 4865 Inius-

2129 4873 2257 4926 tum
2293 4875 2388 4926 est
2434 4871 2716 4940 enimut,
2759 4877 3077 4940 monachis
3124 4879 3550 4952 quotidianum
3602 4882 3809 4946 rurale

2127 4974 2284 5030 opus
2315 4960 2691 5033 facientibus,
2741 4966 2899 5023 servi
2945 4983 3157 5024 eorum
3203 4969 3489 5028 libertatis
3529 4971 3657 5027 otio
3698 4987 3811 5043 po-

2125 5047 2348 5105 tiantur
2373 5053 2548 5120 (24-8).
3859 5057 3864 5060 ’

2365 5141 2452 5198 De
2480 5141 2682 5198 eadem
2714 5159 2797 5199 re.
2831 5145 2932 5200 Ex
2960 5148 3212 5203 concilio
3242 5147 3549 5202 Toletano.

2191 5248 2467 5306 CCCLVI.
2495 5250 2745 5321 (Concil.
2779 5255 2961 5310 Totet.
2995 5271 3071 5323 ιν,
3101 5273 3156 5311 c.
3188 5259 3292 5324 67;
3323 5256 3659 5312 ΒωιιεηΑιω.
3691 5255 3806 5313 lib.

2123 5351 2203 5405 Ill,
2237 5353 2287 5392 c.
2315 5337 2453 5409 189.)
2480 5339 2751 5412 Episcopi
2785 5341 2891 5414 qui
2911 5342 3058 5398 nihil
3093 5361 3162 5400 ex
3185 5341 3428 5416 proprio
3455 5359 3568 5398 suo
3603 5345 3812 5401 Eccle-

2123 5424 2224 5480 siae
2277 5427 2485 5484 Christi
2541 5429 2856 5488 conferunt
2900 5431 3148 5489 libertos
3190 5449 3262 5489 ex
3325 5431 3498 5506 165
3553 5432 3812 5491 familiis
