4046 6190
408 191 511 244 263

409 315 617 368 contra
640 303 1050 364 auctoritatem
1095 302 1462 372 praeceptum
1505 294 1741 366 regium
1769 305 1880 363 pro
1917 300 2062 360 qua-
2093 287 2139 340 Α

406 408 649 470 ‘cunque
679 391 1078 453 assentatione
1121 386 1250 444 ﬁeri
1302 390 1500 459 petat:
1561 382 1667 457 qui
1697 381 1805 470 etsi
1843 374 2062 470 fecerit,

408 503 533 544 non
550 465 855 548 audiatur,
888 478 940 534 si
965 480 1167 533 autem
1194 480 1252 532 et
1279 472 1627 539 obtinuerit,
1661 468 1824 540 regia
1849 465 2065 521 discre-

406 575 570 632 tione
599 577 657 629 et
683 566 1008 644 episcopali
1033 565 1261 637 judicio
1290 564 1450 621 idem
1467 559 1944 644 rescendatur,et
1969 568 2068 625 pe-

410 664 546 721 titor
599 643 859 732 injustus
912 672 1022 730 pro
1078 654 1365 729 principis
1419 652 1644 724 injusta
1684 643 2065 717 suggestione

401 751 588 822 digne
624 746 996 820 corripiatur.

503 858 509 864 ’
765 856 851 911 De
874 854 1078 910 eadem
1108 867 1189 909 re.
1222 853 1322 907 Ex
1351 849 1549 906 eodem
1573 861 1707 916 cap.

481 945 837 1003 CCCLXVIII.
888 942 1197 1015 (Capitula
1243 941 1453 995 Cmam
1498 939 1669 993 Cum
1700 933 1785 990 tit.
1826 934 1879 998 9,
1920 947 1971 985 c.
2009 933 2063 997 7,

410 1040 439 1103 ἓ
472 1036 555 1102 ll,
590 1034 653 1091 in
680 1031 929 1089 concilio
961 1029 1125 1104 apud
1158 1032 1345 1085 sanet.
1380 1024 1660 1093 Medard).
1697 1023 1895 1080 Sciant
1917 1019 2067 1074 iide-

409 1124 497 1181 les
525 1122 714 1180 nostri
741 1121 885 1194 quia
914 1118 1322 1176 concessimus
1347 1117 1407 1173 in
1450 1115 1685 1188 synodo
1716 1107 2067 1168 venerabili-

410 1213 525 1269 bus
551 1210 847 1283 episcopis
894 1224 967 1264 ne
999 1223 1179 1281 super
1202 1206 1496 1263 beneﬁcia
1542 1201 1945 1261 ecclesiastica
1975 1198 2069 1254 vel

411 1299 735 1372 precarias,
766 1296 997 1354 etiamsi
1025 1295 1276 1369 quilibet
1321 1291 1751 1351 monasterium
1791 1287 2069 1362 praelatus

410 1386 889 1445 irrationabiliter
926 1386 1191 1459 petierit,
1259 1387 1559 1457 praecepta
1599 1376 2068 1438 conﬁrmationis

411 1481 629 1534 nostrae
660 1475 783 1533 ullo
811 1475 995 1532 modo
1025 1475 1337 1531 faciamus.
1365 1474 1540 1545 169
1572 1474 1638 1527 Et
1657 1471 1793 1527 ideo
1822 1468 1901 1525 ab
1927 1467 2069 1523 irra-

411 1564 679 1622 tionabili
708 1563 990 1637 petitione
1020 1578 1083 1618 se
1107 1577 1386 1634 unusque
1414 1563 1778 1633 compescat.

484 1775 770 1817 consensu
800 1760 976 1830 regis.
1003 1760 1079 1814 Et
1109 1764 1175 1813 ut
1205 1758 1511 1828 mancipia
1531 1756 1931 1813 ecclesiastica
1954 1753 2075 1808 nisi

483 1850 565 1906 ad
590 1851 924 1905 libertatem
955 1852 1412 1904 committentur.
1442 1848 1542 1901 Ex
1566 1846 1784 1911 eodem,
1812 1859 1945 1913 cap.
1986 1843 2067 1897 l2.

484 1957 786 2014 CCCLXIX.
846 1955 1133 2026 Capitula
1191 1954 1400 2009 Cnou
1460 1955 1631 2010 CALVI
1656 1951 1822 2018 ibid.,
1875 1957 1910 2016 ἓ
1962 1954 2066 2017 I2;

417 2049 732 2102 Brucusnn.
764 2044 977 2110 lib.,1u,
1011 2060 1061 2099 c.
1100 2043 1240 2113 172).
1278 2045 1345 2098 Ut
1374 2041 1538 2097 missi
1568 2040 1755 2097 nostri
1786 2040 2070 2096 omnibus

412 2150 518 2207 per
538 2133 777 2189 illorum
803 2131 1176 2189 missaticum
1193 2130 1546 2187 denuntient
1560 2146 1634 2187 ne
1647 2127 2066 2187 commutatio-

414 2238 521 2278 nes
547 2239 747 2278 rerum
780 2222 867 2277 vel
910 2220 1347 2293 mancipiorum
1376 2218 1912 2275 ecclesiasticorum
1937 2218 2071 2291 qui-

412 2310 555 2366 libet
585 2310 866 2383 praelatus
897 2310 1023 2365 sine
1044 2308 1280 2365 licentia
1303 2312 1361 2364 et
1380 2323 1681 2364 consensu
1702 2314 1906 2363 nostro
1927 2321 2072 2378 prae-

415 2403 611 2454 Sumat
644 2398 856 2455 facere.

1162 2486 1327 2543 Alia.

490 2597 775 2667 Capitula
802 2597 1013 2653 ΟΑιιοιι
1047 2597 1217 2651 ΟΑινι
1247 2594 1414 2663 ibid.;
1446 2595 1759 2651 BURCHARD.
1779 2593 1881 2651 lib.
1908 2610 1985 2661 ιιι,
2019 2611 2071 2650 c.

424 2685 562 2758 173).
592 2688 791 2758 Neque
822 2685 1123 2759 mancipia
1160 2683 1558 2741 ecclesiastica
1605 2683 1932 2757 quisquam
1963 2681 2074 2738 nisi

415 2775 495 2832 ad
522 2774 857 2832 libertatem
914 2778 1279 2841 commutet;
1330 2772 1607 2829 videlicet
1661 2776 1728 2828 ut
1767 2773 2072 2845 mancipia

416 2880 553 2937 quae
582 2879 690 2935 pro
719 2862 1118 2919 ecclesiastico
1142 2862 1467 2929 dabuntur,
1496 2861 1557 2917 in
1588 2860 1859 2918 Ecclesiae
1891 2861 2073 2917 servi-

418 2956 540 3008 tute
569 2956 984 3024 permaneant,
1024 2954 1081 3006 et
1108 2949 1541 3006 ecclesiasticus
1570 2950 1755 3005 homo
1784 2950 1888 3022 qui
1919 2966 2078 3006 com-

317 3102 321 3107 .
416 3042 683 3097 mutatur
712 3043 1003 3111 perpetua
1032 3037 1300 3094 libertate
1330 3037 1668 3110 perfruatur
1706 3038 1869 3109 (253).
1904 3037 2075 3104 Quod

418 3124 579 3199 enim
607 3124 794 3183 semel
815 3125 1069 3182 Domino
1093 3129 1511 3182 consecratum
1536 3130 1646 3196 est,
1674 3125 1753 3181 ad
1774 3126 2077 3182 humanos

418 3230 570 3275 usus
641 3215 765 3287 jam
824 3214 1127 3272 transferri
1156 3230 1278 3271 non
1334 3218 1546 3287 potest.
1578 3216 1669 3271 Ait
1719 3214 1879 3271 enim
1930 3215 2024 3271 lex
2062 3233 2074 3271 :

417 3304 490 3360 Si
514 3305 645 3376 quis
670 3305 1014 3375 mutaverit,
1061 3309 1114 3361 et
1153 3304 1313 3375 quod
1357 3309 1570 3369 mutat,
1602 3310 1656 3360 et
1699 3306 1860 3376 quod
1886 3312 2079 3363 muta-

420 3416 546 3467 tum
566 3416 673 3481 est,
698 3410 1145 3479 sacriﬁcabitur
1169 3409 1423 3465 Domino
1450 3408 1669 3481 (Levit.
1707 3410 1930 3481 (xxvu).

595 3518 768 3589 17o
791 3517 940 3573 Item
964 3531 1041 3573 ea:
1069 3516 1370 3586 Capitulis
1390 3516 1473 3572 ad
1492 3515 1887 3573 Carisiacum.

488 3624 771 3679 CCCLXX.
823 3624 1169 3694 (Buncamn.
1231 3621 1332 3678 lib.
1388 3639 1469 3692 ιιι,
1502 3624 1731 3695 0.174).
1783 3624 2075 3696 lnjustum

417 3711 651 3769 videtur
678 3716 735 3768 et
781 3710 1038 3784 impium
1069 3714 1133 3767 ut
1185 3710 1487 3784 mancipia
1515 3727 1652 3784 quae
1702 3709 1909 3768 ﬁdeles
1968 3712 2077 3769 viri

418 3815 527 3857 seu
552 3799 791 3857 femina
811 3814 920 3873 pro
935 3797 1204 3855 remedio
1233 3797 1453 3854 animae
1479 3814 1602 3854 sum
1629 3801 1748 3855 Deo
1772 3804 1831 3857 et
1851 3800 2074 3857 sanctis

416 3889 559 3961 ejus
598 3891 1046 3953 consecrarunt,
1106 3887 1521 3959 cujuscunque
1563 3888 1850 3959 muneris,
1881 3889 2074 3962 pretii,

417 3976 507 4033 vel
536 3974 1026 4032 commutationis
1070 3989 1433 4030 commercio
1477 3974 1692 4031 iterum
1732 3975 1791 4030 in
1824 3978 2073 4035 saecula-

416 4081 545 4122 rem
564 4064 911 4122 servitutem
936 4063 1307 4134 redigantur,
1337 4078 1478 4119 cum
1506 4065 1799 4122 canonica
1828 4068 2078 4125 auctori-

418 4158 510 4210 tas
539 4168 744 4210 servos
773 4150 1057 4221 fugitivos
1098 4152 1522 4208 tantummodo
1565 4151 1817 4210 distrahi
1841 4157 2079 4227 permit-

421 4245 520 4298 tat.
543 4244 608 4298 Et
631 4240 767 4297 ideo
785 4255 996 4296 omnes
1013 4244 1271 4297 rectores
1290 4240 1674 4298 ecclesiarum
1695 4258 2077 4317 summopere

1533 163 1908 227 REGINONIS
1948 160 2363 217 PRUMlENSIS
2401 158 2721 214 ABBATIS.

3733 154 3843 207 264

2421 284 2511 339 De
2538 282 2634 339 die
2664 280 2988 338 Dominica.
3020 280 3121 335 Ex
3152 276 3327 347 Capit
3363 276 3590 333 Caroli.

2244 388 2549 445 CCCLXXI.
2604 386 2796 459 (Lib.1
2855 385 3196 455 Capitular.
3257 398 3308 439 c.
3351 382 3460 438 81:
3516 384 3846 437 Buncasnu.

2176 475 2278 532 lib.
2314 494 2377 543 ιι,
2404 493 2456 533 c.
2490 477 2601 547 82).
2631 475 2958 533 Statuimus
2986 488 3249 546 quoque,
3298 471 3638 528 secundum
3669 469 3850 542 quod

2175 563 2237 619 in
2264 564 2396 636 lege
2427 564 2719 621 Dominus
2762 560 3093 630 mandavit,
3124 565 3189 617 ut
3233 575 3422 633 opera
3450 560 3685 616 servilia
3714 559 3851 614 die-

2175 650 2292 707 bus
2314 652 2640 711 Dominicis
2670 668 2795 709 non
2824 654 3103 722 agantur,
3137 648 3292 705 sicut
3322 648 3557 719 genitor
3575 665 3754 705 meus
3788 646 3853 702 in

2178 739 2300 796 suis
2329 740 2723 813 synodalibus
2761 738 2970 797 edictis
2995 736 3308 794 mandavit
3337 741 3510 809 (254),
3541 736 3706 809 quod
3734 751 3853 791 nec

2178 828 2288 884 viri
2311 829 2535 886 ruralia
2564 833 2898 896 exerceant,
2912 844 3025 885 nec
3052 827 3115 884 in
3143 826 3319 883 vinea
3345 825 3619 895 colenda,
3648 841 3767 883 nec
3787 823 3854 880 in

2177 918 2410 991 campis
2439 918 2693 990 arando,
2726 918 2817 975 vel
2840 916 3149 986 metendo,
3170 915 3271 972 vel
3294 914 3504 972 fenum
3555 914 3852 980 secando,

2176 1005 2271 1062 vel
2301 1022 2471 1080 spem
2500 1006 2805 1080 ponendo,
2836 1006 2925 1063 vel
2958 1005 3021 1061 in
3049 1003 3231 1077 sylvis
3260 1003 3591 1076 stirpando,
3618 1002 3719 1059 vel
3749 1018 3854 1058 ar-

2179 1094 2355 1149 bores
2384 1095 2633 1164 cmdere,
2686 1094 2778 1151 vel
2801 1094 2865 1150 in
2908 1092 3092 1166 petris
3134 1092 3433 1160 laborare,
3465 1108 3576 1149 nec
3622 1092 3854 1147 domos

2178 1185 2424 1252 struere,
2454 1198 2566 1239 nec
2589 1183 2654 1238 in
2681 1183 2855 1239 horto
2879 1181 3176 1249 laborare,
3203 1197 3315 1236 nec
3345 1180 3423 1237 ad
3453 1179 3676 1253 placita
3702 1194 3856 1235 con-

2178 1269 2441 1341 veniant,
2473 1286 2583 1328 nec
2633 1274 2938 1328 mercatus
2965 1269 3091 1340 ﬁat,
3151 1285 3261 1326 nec
3301 1268 3648 1325 venationes
3674 1283 3854 1324 exer-

2177 1364 2445 1416 ceantur.

2180 1446 2337 1514 Quid
2384 1450 2446 1504 in
2491 1450 2802 1506 Dominica
2831 1448 2930 1506 die
2963 1449 3153 1519 possit
3186 1449 3280 1504 vel
3330 1449 3506 1506 liceat
3542 1448 3699 1516 ﬁeri.
3750 1447 3857 1502 E1:

2905 1538 3126 1595 eodem.

411 1673 500 1730 Ne
522 1626 1008 1729 commutationes
1026 1671 1179 1738 ﬁant
1198 1670 1269 1725 de
1287 1626 1468 1725 .rebus
1496 1626 1910 1724 ecclesiasticis
1939 1665 2070 1719 sine
2098 1635 2145 1690 Β
2179 1626 2581 1738 ,ειοίῗᾳῖχὲξζ
2831 1627 3425 1738 A€?{’ff“f‘f’j;°;ﬂ
3446 1627 3852 1738 321:“?

2178 1715 2280 1772 lib.
2317 1732 2381 1784 ιι,
2412 1732 2464 1773 c.
2493 1717 2603 1789 83).
2635 1715 2768 1774 Tria
2793 1717 3056 1775 carraria
3082 1732 3268 1789 opera
3289 1715 3426 1773 licet
3477 1715 3605 1771 ﬁeri
3634 1715 3700 1770 in
3736 1715 3855 1772 Do-

2180 1804 2402 1862 minica
2430 1804 2548 1871 die,
2579 1804 2640 1861 id
2689 1811 2779 1862 est
2806 1805 3045 1862 hostilia
3083 1821 3277 1871 carra,
3306 1804 3603 1875 victualia,
3671 1805 3784 1875 l7
3803 1806 3849 1875 ι

2180 1893 2271 1950 vel
2296 1894 2568 1966 angaria,
2598 1898 2656 1951 et
2697 1894 2747 1949 si
2791 1893 2942 1951 forte
2968 1908 3212 1951 necesse
3239 1893 3331 1961 sit,
3365 1909 3585 1966 corpus
3631 1894 3851 1963 cujus-

2179 1983 2323 2040 libet
2346 1981 2487 2039 duci
2521 1981 2603 2039 ad
2627 1982 2991 2056 sepulcrum.

2312 2088 2460 2145 Item
2491 2090 2565 2145 de
2592 2088 2688 2145 die
2716 2090 3044 2146 Dominica.
3074 2090 3176 2147 Ea:
3204 2090 3403 2146 eodem
3430 2089 3712 2146 concilio.

2252 2194 2609 2251 CCCLXXIII.
2664 2194 2813 2262 (Lib.
2849 2210 2865 2247 ι
2924 2195 3271 2265 Capitular.
3320 2212 3373 2251 c.
3408 2198 3466 2251 8t
3508 2197 3855 2251 Buaanan.

2180 2280 2284 2337 lib.
2314 2297 2353 2336 ιι
2408 2299 2461 2338 c.
2495 2286 2606 2352 84).
2670 2282 2926 2339 Feminae
2954 2299 3141 2356 opera
3189 2281 3413 2342 textilia
3462 2298 3586 2340 non
3625 2282 3861 2340 faciant

2180 2369 2243 2425 in
2268 2369 2366 2427 die
2418 2370 2745 2439 Dominica,
2786 2386 2913 2428 non
2939 2370 3222 2445 capulent
3264 2370 3531 2439 vestitus,
3554 2387 3684 2427 non
3715 2386 3862 2428 con-

2183 2462 2383 2527 suant,
2444 2458 2537 2514 vel
2586 2458 2792 2515 lanam
2837 2463 3090 2532 carpant
3112 2460 3284 2530 (255).
3333 2461 3461 2515 Non
3489 2458 3631 2515 licet
3657 2458 3859 2515 linum

2181 2546 2432 2617 battere,
2458 2552 2562 2605 aut
2586 2547 2649 2604 in
2677 2548 2927 2622 publico
2939 2549 3296 2605 vestimenta
3323 2548 3549 2617 lavare,
3581 2564 3700 2605 nec
3732 2565 3860 2605 ver-

2184 2652 2356 2694 veces
2384 2636 2651 2708 tondere,
2686 2642 2750 2694 ut
2777 2637 3144 2695 omnimodis
3172 2638 3368 2694 honor
3393 2642 3452 2695 et
3476 2637 3729 2710 requies
3761 2637 3858 2694 die

2183 2724 2496 2782 Dominica
2518 2725 2915 2799 persolvatur.
2949 2726 3064 2783 Sed
3088 2725 3170 2782 ad
3193 2725 3522 2783 missarum
3552 2725 3858 2782 solemnia

2181 2813 2452 2887 undique
2508 2814 2871 2872 conveniant
2916 2820 2973 2872 et
2995 2814 3245 2871 laudent
3280 2818 3466 2872 Deum
3495 2814 3609 2888 pro
3651 2815 3856 2872 omni-

2181 2901 2298 2959 bus
2325 2903 2503 2960 bonis
2530 2919 2668 2977 que:
2697 2903 2873 2961 nobis
2904 2903 2965 2960 in
2995 2902 3095 2960 illa
3122 2902 3219 2959 die
3248 2903 3520 2961 conferre
3558 2903 3857 2976 dignatus

2115 2992 2155 3047 C
2183 2995 2292 3049 est.

2348 3081 2423 3137 Ut
2453 3088 2751 3139 mercatus
2782 3084 2845 3138 in
2870 3082 2967 3139 die
2984 3083 3294 3140 Dominica
3319 3099 3439 3139 non
3468 3084 3567 3139 sit.
3601 3084 3706 3140 E1:

2854 3172 3126 3228 concilio.
3137 3211 3150 3223 .
3161 3214 3175 3227 .

2257 3276 2607 3333 CCCLXXIV.
2658 3276 2911 3348 (Concil.
2972 3278 3248 3348 Moyunt.
3292 3291 3394 3349 an.
3455 3281 3583 3347 81:3,
3636 3295 3692 3334 c.
3748 3282 3854 3346 37;

2183 3362 2286 3420 lib.
2320 3380 2359 3418 v
2390 3364 2739 3435 Capitular.
2770 3382 2822 3421 c.
2855 3367 2958 3433 88;
3009 3366 3337 3422 BURCHARD.
3368 3365 3470 3421 lib.
3513 3382 3575 3437 ιι,
3617 3383 3674 3422 c.
3703 3367 3767 3423 81
3803 3372 3859 3423 et

2185 3454 2295 3526 85).
2329 3455 2550 3511 Omnes
2580 3453 3079 3512 dies‘Dominicos
3109 3471 3248 3511 cum
3268 3453 3435 3512 omni
3464 3457 3856 3514 veneratione

2184 3542 2509 3600 observan
2533 3543 2907 3601 decrevimus
2927 3549 2984 3601 et
3003 3543 3293 3612 abillicito
3309 3560 3491 3618 opere
3520 3545 3855 3614 abstinere,

2184 3638 2241 3689 et
2270 3638 2336 3690 ut
2362 3638 2664 3690 mercatus
2693 3634 2755 3690 in
2808 3636 2893 3690 eis
2924 3634 3171 3691 minime
3220 3635 3346 3705 ﬁat,
3388 3652 3503 3691 nec
3553 3635 3858 3708 placitum

2184 3721 2289 3778 ubi
2329 3721 2546 3795 aliquis
2571 3722 2652 3779 ad
2679 3728 2937 3780 mortem
2986 3723 3083 3781 vel
3126 3723 3206 3781 ad
3252 3739 3498 3797 poenam
3523 3724 3860 3796 judicetur,

2182 3826 2295 3867 nec
2320 3816 2697 3869 sacramenta
2730 3813 2901 3884 172
2928 3813 3205 3886 jurentur
3235 3814 3403 3885 (256).

2488 3919 2584 3976 Ex
2615 3919 3068 3990 Capitularium
3105 3919 3207 3976 lib.
3236 3936 3255 3974 ι
3282 3935 3398 3991 cap
3432 3920 3551 3977 139.

2184 4021 2515 4078 CCCLXXV.‘
2544 4020 2745 4090 (ωλι
2806 4022 3149 4093 Capitular.
3210 4039 3262 4103 c_.
3312 4026 3451 4089 {45;
3509 4024 3862 4082 Buacuaan.

2189 4108 2293 4166 lib.
2322 4126 2388 4179 ιι,
2412 4126 2463 4167 c.
2498 4113 2609 4179 86).
2644 4114 2931 4169 Mercatus
2954 4112 3051 4169 die
3082 4112 3392 4170 Dominica
3437 4112 3499 4169 in
3524 4112 3700 4171 nullo
3729 4114 3866 4172 loco

2183 4198 2480 4256 habeatur
2509 4200 2679 4272 (257).

419 4332 671 4387 caveant
706 4345 783 4386 ne
830 4328 1009 4386 unius
1051 4327 1438 4401 eleemosyna
1485 4328 1725 4386 alterius
1760 4302 2071 4405 peccatum

2195 4302 2267 4358 Ut
2293 4302 2502 4359 nullus
2532 4302 2838 4373 episcopus
2870 4304 2963 4361 vel
2986 4305 3156 4375 infra
3169 4305 3402 4375 positus
3426 4304 3522 4362 die
3541 4306 3870 4363 Dominica

417 4421 543 4479 liat.
579 4420 742 4480 Sicut
785 4418 947 4476 enim
986 4417 1272 4476 indecens
1297 4423 1387 4476 est
1417 4422 1483 4475 ut
1527 4436 1601 4476 ex
1631 4419 1821 4479 libero
1870 4439 2078 4482 servus

418 4511 541 4579 tiat,
599 4508 681 4565 sic
712 4507 1046 4564 absurdum
1097 4511 1161 4564 ut
1188 4523 1263 4564 ex
1290 4508 1757 4569 ecclesesiastica
1792 4510 2077 4584 dignitate

419 4615 626 4657 servus
649 4595 934 4655 decidens
957 4597 1241 4655 humana:
1270 4597 1572 4655 obnoxius
1601 4599 1675 4656 sit
1704 4600 1988 4659 servituti.

490 4761 640 4832 (253)
662 4763 804 4834 Quae
834 4763 1168 4834 sequuntur
1187 4766 1325 4834 post
1348 4761 1449 4819 illa
1478 4762 1659 4820 verba
1681 4770 1976 4834 perpetua
2010 4767 2081 4823 li-

422 4832 648 4914 bertate
666 4832 946 4914 fruatur",
969 4848 1095 4914 agn
1124 4832 1362 4914 eajstant
1391 4834 1453 4914 in
1483 4834 1629 4891 actis
1645 4832 1879 4914 cbncilii
1907 4838 2082 4914 §ues-

420 4896 964 4987 sioper‘isis,”u‘nde
1005 4896 1105 4959 illa
1133 4902 1274 4987 citat
1302 4904 1546 4987 Regino,
1591 4921 1789 4987 neque
1814 4908 1875 4987 in_
1904 4908 2078 4987 gapi-

422 4972 782 5050 tulis__Caroli
809 4973 989 5050 Calvi,
1043 4989 1167 5050 non
1194 4972 1444 5050 demum
1472 4972 1877 5050 in'_cap1'tulari
1901 4972 2077 5037 Coin-

420 5042 737 5121 pendiensi
766 5059 803 5099 a
824 5042 1007 5121 quis
1033 5043 1193 5121 edito
1239 5045 1300 5101 in
1330 5042 1665 5121 appendice
1697 5048 1844 5121 Lupi
1871 5052 2078 5121 Ferra-

422 5112 653 5196 riensis,
680 5114 1245 5196 quod_descriptum
1269 5112 1476 5196 εει-’ξι
1505 5112 1804 5196 capitulis
1816 5119 1987 5196 editis
2016 5122 2079 5179 in

424 5183 661 5258 synodo
700 5183 805 5258 illa
837 5183 1268 5258 suessiohensi.
1329 5183 1638 5245 Habentur
1667 5192 1869 5246 tamen
1898 5193 2078 5250 etiam

423 5255 588 5337 apud
618 5255 1047 5325 Burchardum,
1065 5257 1171 5330 qui
1201 5258 1364 5316 haud
1384 5259 1567 5316 dubie
1598 5260 1825 5333 accepit
1872 5277 1943 5318 ex
1975 5267 2081 5320 Re-

526 5342 663 5383 one.

423 5342 663 5398 gmone.

426 5473 449 5480 _
494 5390 809 5480 (2_5!i)"t{ide
839 5395 940 5453 lib.
994 5416 1075 5480 _vu
1104 5400 1424 5473 Capitular.
1481 5419 1531 5458 c.
1561 5407 1687 5473 200,
1719 5403 1920 5460 Addit.
1950 5422 1990 5476 ι,
2022 5423 2072 5463 c.

422 5473 475 5538 9,
502 5469 561 5526 et
583 5469 779 5526 Addit.
812 5485 871 5538 ιι,
905 5486 955 5526 c.
988 5476 1041 5528 9.

493 5542 731 5625 (255)1n
766 5511 1021 5623 vulgatis
1053 5542 1486 5625 Capitulariﬁum
1512 5545 1896 5625 editionibus,
1930 5553 1987 5604 et
2013 5549 2075 5605 in

421 5613 625 5670 codice
654 5613 855 5686 Regio,
882 5630 957 5669 ex
984 5629 1108 5686 quo
1135 5613 1335 5684 prima
1362 5615 1705 5673 Parisiensis
1735 5613 1914 5675 editio
1942 5636 2074 5692 pro-

2259 4405 2503 4448 causam
2517 4392 2804 4462 judicare
2831 4402 3188 4465 praesumat.
3218 4395 3319 4451 Ea:
3347 4394 3602 4452 concilio
3639 4397 3871 4454 Tarra-

2257 4495 2473 4538 canens
2479 4497 2518 4537 ι.

2258 4587 2589 4645 CCCLXXVI
2641 4588 2895 4661 (Concil.
2956 4591 3206 4648 Tarrac.
3275 4608 3328 4647 c.
3388 4594 3457 4660 4;
3515 4592 3867 4649 Bonnam.

2187 4675 2289 4733 lib.
2322 4693 2383 4749 ιι,
2410 4694 2460 4733 c.
2490 4680 2604 4747 87).
2663 4680 2731 4735 Ut
2777 4679 2980 4736 nullus
3005 4679 3431 4753 episcoporum
3458 4677 3554 4736 vel
3613 4680 3870 4753 presby-

2187 4837 2314 4907 diit,
2345 4839 2596 4916 legitur;
2637 4843 2782 4916 (tem
2811 4842 2954 4912 fem.
2983 4857 3080 4913 op.
3137 4848 3263 4900 text
3290 4858 3411 4916 non
3438 4843 3714 4916 faciant,
3760 4859 3870 4901 nec

2189 4885 2782 4985 assuescat,‘
2802 4885 3260 4983 ἕιὲἴὶῶῗὲιιᾶἶῖἱζ
3290 4885 3873 4985 ἑῖἕῖιίέἇῖἕὶἱῦεἷ

2188 4983 2396 5055 ciant;
2422 4997 2530 5039 nec
2560 4983 2764 5055 lanam
2792 4999 3043 5055 carpere
3079 4991 3189 5042 etc.
3219 4984 3424 5042 Codex
3453 4983 3864 5051 Colbertinus,

2190 5053 2284 5129 vel
2295 5054 2532 5129 acupile
2542 5054 2876 5129 faciant.Ri
2889 5053 3867 5129 iipullensis,acupiculafaciant.

2188 5125 2531 5197 Nostermec
2552 5125 3232 5197 aucupiculaeﬁantJ’ro
3261 5144 3334 5184 eo
3355 5125 3561 5185 autem
3574 5125 3761 5197 quod
3772 5128 3872 5184 hic

2188 5143 2531 5197 uoster,nec
2552 5143 3232 5197 aucupzcutaepamyro
3261 5144 3334 5184 eo
3355 5143 3561 5185 autem
3624 5143 3761 5185 una
3772 5143 3872 5184 mc

2186 5193 2437 5283 legitur,
2453 5210 2561 5283 pec
2583 5212 2856 5283 ‘verveces
2907 5198 3169 5283 taedere,
3222 5198 3513 5257 editiones
3538 5143 3873 5283 ‘gapitula-

2186 5266 2347 5323 rium
2376 5266 2603 5325 habent
2628 5269 2905 5326 berbices.
2936 5271 3006 5326 Et
3042 5266 3246 5327 tamen
3272 5286 3486 5327 omnes
3534 5266 3680 5327 libri
3712 5288 3868 5328 mss.

2187 5335 2412 5417 habent
2469 5354 2745 5417 verveces
2782 5345 2887 5417 aut
2917 5343 3223 5417 cervices,
3274 5343 3457 5398 etiam
3486 5340 3584 5399 ille
3640 5359 3721 5399 ex
3740 5358 3870 5417 quo

2187 5408 2386 5481 prima
2413 5410 2591 5467 editio
2622 5412 2963 5469 Parisieusis
2990 5408 3283 5470 adornata
3316 5418 3428 5470 est.

2239 5481 2410 5561 me)
2434 5481 2581 5561 vide
2601 5482 2702 5561 lib.
2735 5500 2797 5539 ιν
2826 5484 3102 5561 Capi_tul.,
3134 5501 3267 5559 cap.
3302 5487 3395 5555 28,
3426 5488 3485 5541 et
3514 5484 3873 5557 Capitulare

2187 5552 2397 5627 Riculﬁ
2429 5553 2756 5627 suession.,
2790 5552 2929 5627 cap:
2962 5559 3043 5612 l8.

2260 5624 2406 5697 (257)
2437 5624 2575 5682 Vide
2604 5625 2708 5685 lib.
2740 5643 2777 5682 ιι
2812 5624 2943 5705 Leg.
2979 5625 3274 5698 Longob.,
3310 5627 3391 5683 tit.
3425 5631 3518 5696 49,
3552 5643 3697 5701 cap.
3728 5633 3780 5687 ί.
