4044 6196
233 196 323 247 265
860 155 864 159 “
1159 189 1247 241 ms
1289 187 1569 243 ECCLES.
1616 185 1901 241 DISCIPL.

2034 182 2126 237 3R1
2163 183 2327 237 DUO.
2370 213 2437 220 —
2481 183 2606 236 LIB.
2651 182 2690 234 Ι.
3531 186 3633 239 266

236 321 479 372 terorum
511 310 602 366 vel
625 309 978 366 clericorum
1022 310 1117 366 die
1151 311 1458 366 Dominico
1489 308 1869 384 propositum
1900 309 1948 363 A
1984 306 2179 362 solum
2210 305 2322 362 sibi
2353 309 2654 372 nocentes,
2707 304 2812 361 sed
2853 308 2910 360 et
2958 304 3374 374 religiosorum
3424 305 3636 360 ofﬁciis

235 402 632 473 cujuscunque
661 416 859 455 causae
917 400 1226 468 negotium
1278 399 1497 457 audeat
1544 399 1870 466 vindicare,
1981 400 2438 469 perstrepentes.
2500 398 2618 451 Hoc
2675 395 2892 451 etenim
2943 398 3007 450 ut
3053 393 3130 450 ab
3160 392 3327 466 omni
3359 394 3640 466 Hispania

238 489 333 548 nisi
360 490 474 544 hoc
505 494 762 558 tantum,
794 493 858 544 ut
888 491 1007 544 Deo
1030 487 1566 546 statutasolemnia
1584 499 1875 560 peragan-
1983 484 2336 557 depellatur,
2371 483 2752 540 sacerdotum
2779 488 2836 540 et
2858 483 3134 554 judicum
3177 500 3212 540 a
3253 487 3461 540 sancto
3507 498 3642 539 con-

1985 573 2119 629 cilio
2147 589 2302 629 curse
2335 571 2742 628 committitur.

237 671 314 726 De
335 667 761 738 festivitatibus
811 669 978 722 αηηίο
1033 667 1128 721 Είυ
1177 666 1625 735 θαρίίαίανίαηι
1677 663 1776 719 ίίῦ·
1818 678 1876 728 ιι,
1986 682 2074 736 Ne
2101 695 2282 750 super
2310 685 2681 736 mortuorum
2722 679 3115 735 cadaveribus
3145 682 3418 737 carmina
3447 680 3648 736 diabo-

925 771 1056 825 ϐαρ·
1092 760 1178 811 ‘23-
2091 770 2209 824 lica
2238 769 2550 824 nocturnis
2584 769 2746 824 horis
2777 771 3119 823 cantentur.
3148 768 3312 823 Unde
3339 784 3546 838 supra.

303 846 685 905 CCCLXXVII.
742 844 888 913 (Lib.
933 862 971 899 ιι
1022 845 1363 914 Capitutar.
1415 860 1464 899 c.
1512 845 1620 915 35).
1685 845 1883 898 Festos

2060 857 2476 914 CCCLXXXII.
2513 858 2854 927 (Buncnmn.
2880 855 2982 911 lib.
3010 873 3070 923 x,
3103 872 3153 912 c.
3188 857 3298 927 34).
3352 856 3509 912 Laici
3547 856 3650 928 qui

240 939 352 994 dies
401 936 462 992 in
515 951 677 991 anno
737 935 1035 990 celebrare
1089 934 1418 1002 εᾶηοίῑηιλεν
1473 934 1534 989 id
1583 937 1690 1003 est.
1723 931 1884 988 diem
1989 945 2276 1002 excubias
2308 945 2532 1001 funeris
2560 944 2906 1015 observant,
2924 944 3065 999 cum
3089 944 3300 1000 timore
3316 948 3372 999 et
3398 948 3652 1000 tremore

243 1025 605 1084 Ποωίηίϐιιω
630 1024 861 1078 Ρδεοὴδ
911 1040 1050 1078 cum
1080 1023 1248 1079 omni
1274 1023 1686 1092 hebdomada,
1725 1021 1886 1076 diem
1991 1040 2048 1092 et
2075 1035 2406 1092 reverentia
2434 1035 2549 1091 hoc
2580 1033 2819 1092 faciant.
2851 1034 3053 1090 Nullus
3081 1033 3164 1090 ibi
3189 1037 3517 1106 praesumat
3535 1033 3654 1090 dia.

242 1113 607 1173 Ascensionis
659 1113 913 1180 Dominl,
975 1117 1356 1169 Pentecosten
1401 1112 1666 1168 similiter
1717 1115 1784 1167 ut
1828 1111 1890 1165 in
1994 1121 2194 1181 bonca
2237 1125 2507 1181 carmina
2535 1129 2797 1188 camare,
2857 1140 2978 1180 non
3022 1125 3163 1195 joca
3210 1129 3267 1180 et
3314 1124 3655 1180 saltationes

245 1205 484 1270 Pascha,
514 1201 927 1275 apostolorum
968 1201 1117 1257 Petri
1167 1206 1224 1258 et
1269 1201 1433 1256 Pauli
1478 1201 1639 1257 diem
1678 1216 1890 1269 unum,
1997 1213 2212 1282 facere,
2243 1230 2380 1286 qua;
2411 1213 2635 1286 pagani
2663 1213 2908 1269 diabolo
2934 1212 3184 1269 docente
3223 1212 3661 1268 admvenemnt

244 1293 602 1351 Νᾶίίνίίθιίθω
633 1291 824 1347 Sancti
850 1291 1140 1361 jOhanniS
1176 1291 1480 1363 Baptism:
1521 1290 1892 1363 Αεειιωρίίο-
1999 1303 2168 1373 (260).
2203 1302 2346 1368 Quis
2377 1303 2538 1358 enim
2567 1302 2794 1358 nesciat
2830 1301 3199 1358 diabolicum
3239 1317 3388 1370 esse,
3435 1305 3491 1357 et
3538 1317 3660 1357 non

245 1399 377 1439 nem
408 1385 623 1438 Sancta?
655 1380 863 1447 Μᾶΐίεθ,
903 1379 1090 1435 sancti
1117 1379 1430 1446 MiChaeliS,
1484 1380 1673 1435 Sancti
1700 1378 1893 1435 Remi-
2000 1390 2198 1448 solum
2227 1407 2264 1447 a
2287 1391 2572 1461 religione
2613 1390 2945 1447 Christiana
3000 1389 3286 1460 alienum,
3340 1391 3446 1445 sed
3484 1391 3662 1447 etiam

248 1471 341 1542 Βίί,
374 1469 558 1526 Sancti
578 1468 828 1536 Martini,
861 1468 1051 1524 Sancti
1079 1468 1354 1538 Αηάΐθδὴ
1385 1468 1446 1522 in
1477 1468 1664 1524 Natali
1697 1468 1893 1523 ῧοωί·
2001 1479 2283 1536 humanae
2315 1484 2545 1534 naturae
2575 1495 2704 1535 esse
2734 1478 3122 1544 contrarium,
3150 1478 3233 1533 ibi
3277 1479 3524 1546 cantari,
3568 1479 3665 1534 lse-

244 1560 302 1615 ηί
348 1558 474 1614 dies
521 1561 801 1630 quat-‘10P.
865 1559 1149 1613 Octavam
1204 1556 1457 1624 Domini,
1501 1556 1897 1630 Epiphaniam
2003 1568 2135 1639 tari,
2166 1567 2464 1631 inebriari,
2497 1572 2555 1622 et
2585 1567 2893 1622 cachinnis
2925 1583 3032 1622 ora
3082 1565 3349 1638 dissolvi,
3398 1572 3454 1623 et
3500 1568 3667 1623 omni

236 1647 490 1713 Domini,
515 1646 996 1703 Puriticationem
1029 1652 1248 1702 sanctae
1280 1645 1470 1703 Mariae
1502 1664 1514 1714 ;
1546 1651 1603 1702 et
1630 1646 1761 1702 illas
1786 1646 1899 1702 fes-
1929 1660 1969 1713 Β
2003 1657 2219 1731 pietate
2276 1661 2333 1712 et
2383 1656 2600 1712 affectu
2645 1654 2948 1711 charitatis
2986 1654 3340 1727 postposito,
3386 1655 3562 1728 quasi
3594 1656 3668 1711 de

239 1738 490 1794 tivitates
516 1740 852 1809 martyrum
882 1736 976 1791 vel
1007 1736 1417 1792 confessorum
1447 1735 1766 1792 observare
1795 1735 1899 1791 de-

2034 1752 2267 1804 raterna
2295 1750 2485 1803 morte
2514 1745 2799 1814 exultare,
2832 1744 2934 1800 ubi
2965 1744 3162 1801 luctus
3199 1749 3256 1800 et
3274 1744 3552 1818 planctus
3571 1745 3672 1801 ﬂe-

235 1826 535 1882 CPeVimus
564 1842 824 1898 quorum
846 1825 908 1882 in
931 1841 1298 1898 unaquaque
1322 1824 1630 1898 PaPCBChia
1649 1840 1905 1898 corpora
2006 1836 2227 1894 bilibus
2277 1837 2526 1893 vocibus
2553 1834 2844 1892 debuerat
2887 1850 3171 1892 resonare
3203 1851 3314 1908 pro
3345 1835 3673 1892 amissione

235 1916 623 1989 requiescunt
648 1915 812 1984 (258).

2034 1925 2174 1983 :hari
2193 1925 2432 1982 fratris?
2467 1929 2667 1982 Patres
2692 1924 2990 1997 siquidem
3023 1924 3239 1981 Veteris
3269 1940 3339 1981 ac
3381 1923 3524 1981 Novi
3571 1926 3676 1980 Te-

318 2025 495 2096 173
524 2026 610 2079 De
633 2025 834 2081 eadem
873 2065 887 2079 .
921 2022 1088 2080 reEx
1115 2024 1373 2080 concilio
1406 2023 1813 2094 Adrisphach.
2013 2017 2295 2074 stamenti
2314 2021 2537 2073 mortes
2565 2019 2912 2072 sanctorum
2940 2015 3208 2072 virorum
3245 2015 3503 2085 legimus
3527 2013 3681 2069 mul-

303 2114 719 2172 CCCLXXVIII.
755 2117 951 2170 Festos
983 2113 1109 2169 dies
1142 2112 1444 2170 celebrare
1477 2113 1806 2183 sancimus,
1849 2112 1910 2168 id
2015 2106 2089 2162 tis
2141 2107 2312 2178 175
2363 2105 2421 2160 in
2473 2104 2618 2161 locis
2659 2121 2798 2160 cum
2826 2105 2970 2160 ﬂetu
3023 2103 3392 2176 deplorasse,
3424 2104 3487 2159 in
3516 2102 3682 2159 nullo

231 2208 338 2273 est,
371 2203 538 2260 diem
571 2204 835 2267 Paschee,
869 2202 1137 2259 similiter
1192 2202 1339 2258 feria
1387 2202 1676 2272 secunda,
1720 2202 1909 2288 tertia,
2018 2197 2224 2250 autem
2251 2193 2408 2263 loco,
2435 2193 2578 2264 quia
2605 2209 2641 2248 a
2666 2191 2886 2248 saeculo
2911 2197 3304 2262 recesserant,
3329 2191 3681 2248 exsultasse.

239 589 336 638 tur.

231 2297 455 2365 quarta
487 2296 544 2348 et
571 2291 804 2364 quinta.
841 2295 990 2347 Ante
1030 2291 1282 2346 missam
1312 2289 1549 2346 licentia
1597 2290 1669 2346 sit
1703 2289 1915 2346 arandi

229 2386 285 2437 et
337 2380 710 2447 seminandi,
766 2381 1012 2435 hortum
1064 2379 1160 2434 vel
1207 2378 1451 2435 vineam
1499 2377 1830 2444 excolendi,
1862 2381 1920 2434 et

226 2487 450 2543 sepem
484 2467 1017 2525 circumcludendi.
1047 2467 1138 2522 Ab
1165 2467 1283 2523 alio
1305 2483 1446 2524 vero
1477 2483 1657 2539 opere
1685 2483 1918 2523 cessare

223 2556 658 2614 decrevimus.
693 2560 830 2611 Post
855 2555 1105 2611 missam
1134 2560 1336 2612 autem
1368 2555 1447 2612 ab
1479 2571 1658 2628 opere
1685 2572 1915 2612 vacare.

225 2650 632 2703 Pentecosten
667 2644 934 2700 similiter
965 2648 1019 2699 ut
1041 2645 1102 2699 in
1126 2643 1585 2700 Pascha.Sancti
1606 2643 1918 2708 Laurentii,

228 2735 357 2792 Kal.
399 2734 698 2790 Novemb.
738 2733 1019 2789 Omnium
1050 2731 1723 2790 Sanctorum.Similiter
1749 2732 1918 2788 dedi-

227 2824 516 2882 cationes
546 2821 932 2878 ecclesiarum
964 2823 1132 2893 (259).

233 2916 322 2970 De
349 2929 482 2969 non
501 2912 794 2982 ﬂectendo
822 2926 978 2981 genu
1003 2912 1066 2967 in
1096 2911 1300 2967 diebus
1320 2911 1511 2981 festis.
1540 2912 1640 2967 Ea:
1669 2911 1920 2967 concilio

952 3002 1218 3056 NicaenO.

305 3090 690 3150 CCCLXXIX.
745 3089 993 3159 (Coneil.
1028 3090 1159 3146 Nic.
1190 3106 1240 3145 c.
1273 3091 1382 3158 20;
1449 3091 1774 3146 Buacnmn.
1814 3089 1916 3145 lib.

2020 2286 2170 2339 Nam
2200 2286 2258 2337 et
2284 2281 2466 2338 Jacob
2496 2281 2903 2338 Patriarcham
2929 2281 3091 2336 ﬂevit
3105 2285 3394 2353 Egyptus
3424 2285 3547 2336 tota
3567 2280 3688 2336 die-

2022 2372 2139 2428 bus
2191 2370 2588 2445 septuaginta.
2649 2373 2715 2425 Et
2765 2370 2980 2442 Ioseph
3023 2375 3080 2426 et
3121 2369 3330 2428 fratres
3369 2371 3520 2442 ejus,
3550 2386 3689 2426 cum

2024 2467 2258 2536 patrem
2283 2461 2580 2518 deferrent
2608 2461 2668 2516 in
2699 2464 2920 2517 terram
2963 2461 3250 2517 Chanaan
3289 2462 3369 2518 ad
3399 2461 3688 2535 sepelien-

2025 2552 2195 2620 dum,
2260 2550 2630 2607 celebrantes
2676 2550 3012 2623 exsequias,
3092 2551 3169 2607 ad
3223 2567 3428 2608 aream
3502 2553 3686 2608 Atahe

2027 2640 2241 2712 [Atad],
2269 2656 2405 2714 quas
2437 2639 2548 2695 sita
2573 2643 2660 2694 est
2689 2643 2854 2694 trans
2879 2638 3224 2707 Iordanem,
3268 2640 3516 2712 planctu
3563 2656 3689 2696 ma-

2028 2746 2150 2801 gno
2186 2734 2388 2802 ,atque
2445 2729 2780 2790 vehementi
2827 2728 3226 2801 impleverunt
3281 2735 3508 2803 septem
3567 2729 3694 2786 dies

2027 2820 2192 2891 (Gen.
2227 2820 2302 2889 1.).
2332 2821 2554 2874 Tantus
2585 2822 2788 2874 autem
2817 2817 2928 2874 fuit
2951 2818 3228 2888 planctus
3254 2823 3319 2875 ut
3353 2819 3522 2876 locus
3550 2819 3692 2875 inde

2027 2924 2254 2966 nomen
2284 2908 2595 2981 acceperit.
2646 2911 2711 2964 Et
2756 2907 2831 2963 de
2859 2908 3037 2964 beato
3083 2909 3385 2981 Stephano
3432 2910 3688 2980 legimus

1950 3012 1991 3064 C
2026 3000 2196 3074 quod
2227 2998 2590 3072 sepelierunt
2617 3015 2758 3054 eum
2807 2998 2927 3055 sive
2982 3004 3343 3056 curaverunt
3387 3000 3496 3057 viri
3522 3000 3692 3057 timo-

2026 3089 2157 3156 rati,
2217 3093 2275 3145 et
2325 3088 2590 3144 fecerunt
2638 3087 2949 3161 planctum
2989 3103 3284 3158 magnum
3333 3105 3514 3161 super
3551 3105 3692 3145 eum

236 3198 297 3253 ιι,
331 3200 386 3237 c.
421 3182 543 3252 88).
577 3179 876 3245 Quoniam
915 3183 1054 3234 sunt
1081 3177 1332 3252 quidam
1379 3178 1440 3234 in
1470 3178 1565 3234 die
1611 3178 1921 3235 Dominico

235 3286 400 3340 genu
433 3269 770 3337 ﬂectentes,
799 3273 855 3323 et
885 3266 945 3322 in
976 3267 1188 3323 diebus
1228 3270 1634 3334 Pentecosten,
1688 3271 1754 3324 ut
1798 3282 1924 3323 om-

233 3360 338 3415 nia
369 3359 436 3414 in
470 3356 729 3413 diversis
759 3353 906 3412 locis
933 3360 1334 3412 consonanter
1358 3356 1775 3422 observentur,
1796 3355 1923 3428 pla-

232 3449 355 3504 cuit
392 3451 621 3505 sancto
665 3445 916 3502 concilio
961 3450 1185 3501 stantes
1241 3445 1492 3502 Domino
1538 3450 1678 3502 vota
1703 3443 1926 3518 persol-

231 3552 397 3592 vere.

2030 3179 2184 3250 (Act.
2216 3179 2361 3250 VIII).
2395 3181 2461 3234 Et
2510 3177 2646 3233 ideo
2701 3176 2833 3232 talis
2863 3177 3067 3250 inepta
3095 3177 3295 3236 laetitia
3322 3183 3380 3235 et
3409 3178 3690 3252 pestifera

2028 3267 2262 3324 cantica
2318 3282 2392 3322 ex
2435 3267 2785 3323 auctoritate
2839 3266 2941 3322 Dei
2994 3267 3233 3338 penitus
3282 3267 3694 3325 interdicenda

2029 3361 2186 3413 sunt.
2219 3356 2276 3414 Si
2306 3355 2443 3429 quis
2480 3359 2684 3412 autem
2712 3360 2956 3412 cantare
2980 3355 3301 3426 desiderat,
3331 3357 3524 3428 Kyrie
3558 3357 3694 3413 elei-

2029 3462 2134 3502 son
2166 3449 2383 3502 cantet.
2418 3444 2518 3500 Sin
2549 3443 2736 3513 aliter,
2769 3444 3018 3500 omnino
3046 3448 3260 3500 taceat.
3297 3445 3354 3501 Si
3380 3450 3583 3501 autem
3611 3449 3694 3501 ta-

2031 3549 2163 3590 cere
2189 3548 2314 3589 non
2340 3531 2480 3599 vult,
2538 3531 2738 3588 statim
2791 3531 2869 3586 ab
2916 3532 3201 3588 omnibus
3227 3532 3569 3603 banniatur,
3601 3533 3697 3589 vel

2033 3623 2341 3693 adjuretur
2396 3626 2461 3676 ut
2512 3635 2636 3674 non
2692 3609 2912 3675 habeat
2966 3619 3049 3675 ibi
3094 3619 3397 3676 licentiam
3435 3619 3695 3693 amplius

2033 3709 2376 3778 consistere,
2409 3707 2516 3764 sed
2535 3707 2796 3777 recedat,
2824 3712 2881 3762 et
2919 3707 2997 3763 ad
3024 3708 3333 3780 propriam
3381 3714 3476 3766 eat
3524 3726 3696 3766 man-

897 3625 1063 3680 Unde
1111 3639 1319 3693 supra.

307 3713 673 3775 CCCLXXX.
733 3715 802 3768 Ut
852 3712 1186 3786 presbyteri
1237 3712 1517 3785 plebibus
1569 3711 1928 3768 annuntient

234 3808 406 3879 quod
440 3806 510 3862 in
548 3803 1030 3873 Quadragesima
1044 3806 1103 3858 et
1128 3801 1191 3857 in
1215 3802 1446 3873 jejunio
1470 3804 1737 3868 Quatuor
1765 3804 1928 3857 Tem-

233 3912 465 3968 porum
498 3891 936 3952 tantummodo
966 3891 1045 3947 ad
1074 3890 1359 3947 miseram
1382 3890 1675 3946 solemnia
1695 3905 1928 3947 annun-

234 3986 426 4042 tiante
460 3983 738 4040 diacono
769 3996 967 4052 genua
995 3979 1229 4036 ﬂectere
1259 3979 1536 4036 debeant.
1572 3980 1638 4034 In
1671 3977 1930 4035 Domini-

234 4075 320 4130 cis
347 4091 380 4131 e
415 4076 648 4130 contra
672 4070 885 4127 diebus
915 4069 1006 4126 vel
1031 4069 1257 4126 caeteris
1285 4068 1452 4126 festis
1485 4085 1521 4126 a
1560 4083 1810 4142 vespera
1834 4085 1932 4124 us-

235 4179 357 4235 que
388 4164 458 4218 in
487 4175 820 4232 vesperam
851 4174 974 4215 non
1003 4159 1247 4214 ﬂectant
1290 4174 1506 4227 genua,
1559 4158 1664 4214 sed
1709 4161 1932 4214 stantes
2111 4174 2538 4234 CCCLXXXIII.
2576 4173 2808 4246 (Concil
2835 4175 3119 4232 Antioch.
3161 4193 3212 4232 c.
3244 4181 3345 4245 22;
3376 4179 3700 4235 scaeam.

235 4251 558 4308 incurvati‘
579 4253 770 4304 orent.
787 4251 902 4304 Nec
917 4247 1243 4320 quisquam
1274 4262 1396 4302 uno
1422 4262 1580 4317 genu
1607 4246 1735 4303 solo
1762 4251 1932 4302 tenus

2040 4264 2142 4321 lib.
2172 4281 2209 4332 ι,
2238 4281 2291 4320 c.
2325 4264 2471 4336 I07).
2501 4263 2829 4337 Episcopus
2860 4280 2982 4320 non
3034 4265 3356 4323 constituat
3396 4268 3706 4341 presbyte-

239 4340 564 4413 impresso
602 4353 774 4394 orare
804 4337 1152 4409 praesumat,
1205 4335 1355 4391 sicut
1398 4335 1585 4390 Judaei
1621 4333 1934 4390 irridentes

2049 4371 2152 4411 ros
2183 4358 2287 4410 aut
2313 4333 2604 4410 diaconos
2635 4333 2800 4410 altsri
2832 4353 3134 4424 subjectos
3165 4333 3466 4427 episcopo.
3485 4357 3542 4413 Si
3567 4333 3706 4428 quis

236 4430 597 4487 Dominum
649 4425 711 4482 in
765 4426 895 4497 ejus
941 4424 1224 4514 Passion?
1262 4424 1473 4480 feeisse
1497 4425 1798 4496 leguntur:
1831 4423 1936 4480 sed
2047 4448 2250 4502 autem
2275 4441 2388 4499 tale
2419 4441 2647 4514 aliquid
2680 4457 2858 4512 agere
2889 4423 3221 4512 tentaverit,
3250 4423 3412 4498 irrita
3459 4443 3534 4498 sit
3577 4423 3708 4514 ejus

237 4524 511 4592 utraque
551 4517 667 4588 17
681 4515 737 4588 4
767 4531 967 4586 genua
993 4517 1160 4570 terrae
1189 4513 1354 4584 ﬁgat.
1371 4515 1466 4570 Ait
1493 4515 1652 4570 enim
1682 4518 1936 4586 Aposto-

2049 4531 2366 4602 ordinatio,
2393 4536 2450 4588 et
2476 4513 2604 4604 ipse
2635 4535 2976 4587 coerceatur
3006 4546 3042 4586 a
3071 4529 3327 4602 synodo.

238 4607 337 4664 lus
366 4627 380 4664 :
411 4609 639 4664 Flecte
671 4619 867 4694 genus
896 4618 1027 4659 mea
1052 4603 1134 4694 μοι
1169 4603 1414 4660 Patrem
1466 4604 1710 4660 Domini
1744 4603 1942 4659 ηοετνί
2057 4622 2230 4694 ιῚθ
2261 4621 2361 4677 Im
2416 4603 2625 4677 ηαὶιιιε
2675 4621 2925 4676 alterius
2971 4619 3256 4675 clericum
3297 4620 3552 4676 ordinet.
3610 4620 3710 4678 Ea:

240 4699 392 4753 Jesu
422 4695 684 4754 Christi
713 4693 957 4778 (Ephes:
989 4691 1092 4762 III).

2059 4691 2099 4693 ἡ
2119 4691 2142 4694 ⁷
2194 4691 2214 4693 ”
2611 4709 2861 4766 concilio
2893 4708 3135 4763 Nicaeno

249 4803 326 4859 Ut
348 4803 584 4874 turpia
608 4801 851 4857 cantica
878 4797 1150 4869 plebibus
1174 4797 1638 4867 prohibeantur.
1683 4798 1782 4854 Ea:
1811 4813 1945 4854 con-
2121 4799 2788 4870 CCCLXXXIV.(ConciL
2821 4799 3048 4855 Niczn.
3086 4801 3210 4853 c.I6
3236 4800 3706 4865 ;BURCHARD.lll).

842 4888 980 4943 cilia
1011 4887 1371 4943 Ανϐιαιεηεί·
2051 4911 2090 4962 ι,
2119 4893 2322 4963 c.I09).
2358 4891 2415 4948 Si
2443 4891 2580 4964 quis
2603 4889 2924 4963 episcopus
2953 4887 3235 4945 clericum
3267 4890 3345 4946 ad
3368 4891 3552 4948 alium
3582 4910 3713 4966 per-

319 4979 751 5038 CCCLXXXI.
786 4976 1039 5049 (Concit.
1075 4977 1256 5033 Tolet.
1290 4992 1349 5031 III
1398 4993 1450 5031 c.
1503 4977 1614 5046 23).
1669 4977 1949 5032 Extermi-
2052 4983 2340 5039 tinentem
2398 4979 2683 5037 audacter
2736 4977 3019 5034 invadere
3076 4979 3237 5049 [cdit.
3300 4981 3711 5051 Helmmstad.,

249 5070 466 5127 nanda
501 5067 770 5125 omnino
819 5069 908 5122 est
950 5065 1280 5136 irreligiosa
1328 5065 1720 5135 consuetudo,
1762 5083 1948 5138 quam
2052 5070 2451 5146 pertinentem
2477 5071 2580 5125 aut
2608 5067 2932 5124 diaconum
2981 5067 3284 5136 invadere,
3335 5073 3513 5142 male]
3563 5077 3620 5129 et
3656 5073 3716 5130 in

247 5159 481 5230 vulgus
516 5173 641 5231 per
672 5159 1019 5212 sanctorum
1053 5154 1456 5210 solemnitates
1495 5170 1672 5223 agere
1703 5171 1950 5210 consue—
2058 5176 2171 5216 sua
2200 5157 2458 5212 Ecclesia
2479 5155 2756 5212 ordinare
2788 5157 3096 5213 tentaverit
3149 5174 3270 5214 non
3314 5162 3719 5218 consentiente

247 5250 350 5317 vit,
387 5255 460 5304 ut
490 5245 741 5320 populi,
774 5245 878 5317 qui
908 5244 1130 5300 debent
1175 5242 1371 5298 oﬂ‘icia
1401 5243 1606 5308 divina
1651 5244 1952 5301 attendere
2059 5247 2346 5319 episcopo
2398 5262 2432 5300 a
2481 5262 2604 5317 quo
2645 5244 2944 5317 discessit,
3016 5248 3311 5304 ordinatio
3368 5250 3722 5320 huiusmodi

250 5335 707 5393 saltationibus
755 5337 811 5390 et
847 5333 1126 5405 turpibus
1160 5330 1468 5402 invigilent
1512 5332 1778 5399 canticis,
1830 5348 1953 5389 non
2064 5337 2227 5391 irrita
2255 5334 2699 5406 comprobetur.

2035 3799 2289 3855 sionem.
2319 3801 2381 3852 In
2412 3795 2740 3853 crastinum
2770 3800 2972 3853 autem
3001 3796 3192 3853 taliter
3240 3802 3582 3855 coerceatur
3634 3804 3701 3856 ut

2036 3887 2232 3944 caeteri
2259 3886 2529 3944 timeant.

2041 3998 2113 4055 Ut
2136 3996 2442 4067 episcopus
2464 3995 2710 4052 clericos
2739 3995 2990 4050 alterius
3003 3996 3330 4064 parwchiav
3349 3998 3699 4055 nullatenus

2323 4085 2578 4142 ordinet.
2611 4085 2712 4141 Ex
2737 4086 2990 4142 concilio
3020 4087 3412 4144 Antiocheno.

2141 5511 2290 5584 (260)
2331 5509 2470 5566 Vide
2499 5509 2602 5567 lib.
2636 5527 2689 5564 γι
2719 5511 3062 5584 Capitular.,
3103 5515 3220 5584 193,
3257 5515 3373 5583 I91,
3429 5518 3486 5571 et
3513 5513 3722 5570 concil.

323 5519 485 5588 (258)
536 5510 692 5588 Yide
715 5512 817 5568 lib.
852 5511 1241 5588 i_C_apitular.,
1264 5513 1474 5588 c3464,
1506 5514 1562 5565 et
1589 5509 1628 5564 l.
1663 5527 1740 5588 yl,
1761 5511 1951 5588 c.1815.

2076 5580 2264 5637 Tolet.
2300 5597 2377 5650 ιιι,
2406 5598 2457 5638 c.
2492 5587 2579 5639 22.

326 5580 489 5657 (259)
526 5582 686 5640 Vide
732 5580 1052 5642 conciliu'm
1102 5581 1544 5653 Moguntiacum
1592 5580 1957 5637 celebratum

247 5675 426 5716 anno
455 5658 604 5721 8l3,
644 5670 776 5729 cap.
812 5659 898 5712 36.

725 5746 967 5799 Punor.
1001 5741 1285 5800 CXXXII.
3380 5746 3412 5796 9
