4044 6196
369 263 467 314 267
1489 248 1857 302 REGINONIS
1901 241 2310 297 PRUMIENSIS
2355 239 2666 293 ABBATIS.

601 385 685 438 De
709 381 908 436 eadem
939 393 1020 432 re.
1054 377 1152 431 Ea;
1182 375 1434 430 concitio
1463 373 1778 441 Africano.

442 471 847 528 CCCLXXXV.
885 466 1136 534 (Cuncti.
1164 465 1362 533 A/‘ric.
1397 479 1445 516 c.
1483 467 1544 514 Si?
1579 479 1590 527 ;
1640 459 1742 513 lib.
1787 474 1862 510 vn
1915 459 2022 511 (ἔρι-

363 563 618 630 pitular.
652 576 700 614 c.
730 563 790 612 2t
828 577 840 624 ;
874 556 1194 611 Buncuann.
1228 553 1329 608 lib.
1369 568 1485 619 vm,
1511 567 1542 604 c
1595 555 1612 604 ιι
1636 554 1700 611 1).
1721 549 1864 603 Item
1897 546 2020 618 pla-

370 652 488 706 cuit
518 655 576 704 ut
605 649 949 721 quicunque
982 646 1042 700 in
1073 643 1323 699 ecclesia
1353 641 1446 697 vel
1479 639 1659 695 semel
1690 638 1913 704 legerit,
1948 636 2024 689 ab

369 741 484 796 alia
506 737 755 794 ecclesia
782 737 858 792 ad
885 735 1231 791 clericatum
1260 748 1383 787 non
1417 734 1702 786 teneat-ur.

369 847 536 913 Quod
565 863 683 901 non
711 850 939 914 oportet
971 843 1240 898 absolute
1270 839 1680 894 orttiimtiones
1726 835 1876 902 ﬁeri.
1935 835 2027 886 Ιςω

816 934 1068 989 concilio
1096 927 1587 986 ΰΙιαισείιοηι,ιιιδὶ,

441 1025 858 1081 CCCLXXXVI.
902 1022 1149 1094 (Concil.
1175 1018 1596 1075 Chalcedone.
1615 1023 1677 1078 ti;
1705 1016 2018 1067 Bunuaaun.

368 1117 470 1171 lib.
504 1133 566 1177 ιι,
595 1133 644 1169 c.
681 1116 756 1184 tt);
786 1109 1019 1168 Nullum
1042 1109 1310 1165 absolute
1341 1105 1602 1161 ordinari
1629 1102 1844 1157 «.lebcre
1889 1115 2018 1172 pre~

373 1206 684 1276 sbyterum
715 1207 815 1257 aut
845 1201 1169 1256 diaconum
1204 1213 1309 1251 nec
1353 1193 1680 1266 queinlibet
1726 1191 1786 1244 in
1828 1188 2018 1257 gradu

370 1292 785 1359 ecclesiastico,
821 1291 932 1344 nisi
964 1287 1294 1361 specialiter
1323 1283 1582 1338 ccciesire
1624 1280 1872 1335 civitatis
1922 1283 2023 1332 aut

369 1381 782 1455 possessionis,
817 1384 919 1434 aut
951 1376 1235 1447 martyrii,
1271 1380 1371 1429 aut
1399 1371 1762 1434 monasterii,
1796 1368 1892 1423 cui
1927 1384 2019 1421 or-

369 1471 670 1526 dinandus
698 1473 802 1534 est,
838 1467 1268 1539 pronuntietur.
1308 1465 1412 1528 Qui
1447 1477 1588 1516 vero
1620 1457 1890 1515 absolute
1929 1473 2020 1510 or—

369 1563 672 1629 dinantur,
703 1558 960 1613 decrevit
985 1560 1190 1611 sancta
1231 1555 1500 1626 synodus
1550 1551 1773 1604 irritam
1819 1545 2024 1601 haberi

370 1649 718 1719 bujusniodi
781 1661 1001 1701 manus
1079 1643 1546 1714 impos-itionem,
1609 1643 1665 1692 et
1724 1651 2026 1707 nusquam

372 1755 549 1811 posse
580 1737 933 1796 ministrare,
972 1733 1050 1788 ad
1081 1731 1411 1786 ordinantis
1436 1727 1734 1797 iniuriam.

375 1829 516 1882 [tem
550 1833 614 1881 ut
647 1827 855 1881 null-us
885 1824 1155 1878 absolute
1197 1821 1528 1876 ordinetm'.
1574 1819 1670 1871 Ea?
1722 1814 2025 1882 Capitula-

873 1915 1052 1978 rium,
1083 1912 1182 1966 tib.
1213 1927 1247 1975 l,
1279 1913 1530 1977 conﬁxi.

445 2003 891 2060 CCCLXXXVII.
926 2001 1070 2073 (Lib.
1105 2017 1122 2054 ι
1154 2000 1500 2068 Capitutar.
1529 2013 1579 2051 c.
1609 1999 1716 2064 ‘23}.
1745 1997 1810 2048 Ut
1832 1991 2026 2047 nullus

375 2094 651 2151 absolute
703 2091 1012 2147 ordinetur
1057 2093 1114 2144 et
1157 2089 1280 2142 sine
1319 2084 1804 2159 pronuntiatione
1852 2079 2030 2134 stabi-

374 2185 552 2239 litatis
580 2182 694 2236 loci
716 2181 793 2235 ad
821 2193 1003 2252 quem
1032 2176 1361 2232 ordinatur.

383 2272 548 2343 177
608 2274 692 2324 De
747 2268 1190 2325 emaminatione
1237 2271 1377 2320 ante
1429 2263 1884 2318 ordinationem.
1937 2260 2035 2313 Em

938 2356 1157 2424 eodem,
1193 2370 1323 2423 cap.
1365 2353 1480 2408 136.

451 2446 928 2506 CCCLXXXVIII.
967 2444 1108 2515 (Lib.
1139 2459 1157 2497 1
1194 2443 1528 2512 Capilezlar.
1555 2457 1605 2494 c.
1645 2440 1783 2507 142).
1812 2440 1876 2491 Ut
1905 2453 2033 2508 pre-

377 2538 600 2612 sbyteri
629 2553 753 2592 non
800 2535 1149 2591 ordinentur
1196 2532 1549 2604 priusquam
1594 2527 2027 2582 examinentur.

481 2631 566 2684 De
593 2627 794 2684 eadem
819 2640 900 2680 re.
929 2624 1028 2678 Ea:
1054 2622 1305 2677 concilio
1336 2620 1644 2685 Melitensi,
1676 2632 1806 2686 cap.

447 2714 881 2772 CCCLXXXIX.
917 2712 1168 2785 (Concil.
1201 2710 1382 2764 Mali].
1419 2727 1467 2762 c.
1504 2713 1613 2773 5'2).
1651 2707 1757 2770 Qui
1787 2721 1930 2760 vero
1959 2720 2030 2758 ex

378 2807 592 2864 nostris
617 2803 938 2878 parcechiis
969 2804 1069 2856 aut
1101 2799 1177 2854 ad
1213 2797 1442 2868 titulum
1477 2801 1577 2851 aut
1617 2795 1885 2850 absolute
1933 2810 2026 2848 or-

371 2896 564 2952 dinari
596 2897 898 2966 petuntur,
937 2889 1279 2944 nullatenus
1308 2886 1659 2940 ordinentur
1698 2882 1812 2936 nisi
1844 2887 1946 2936 aut
1972 2883 2026 2935 iu

373 2987 506 3041 loco
535 2988 696 3039 certo
725 2986 783 3036 et
809 2979 1106 3048 religioso,
1138 2976 1232 3030 vel
1261 2975 1439 3030 etiam
1460 2974 1520 3028 in
1543 2973 1794 3037 civitate,
1820 2971 2028 3026 saltem

373 3089 495 3128 uno
525 3087 686 3128 anno
715 3071 1128 3134 immorentur,
1155 3070 1217 3120 ut
1243 3064 1315 3119 de
1348 3063 1465 3118 vita
1494 3067 1549 3118 et
1580 3061 2029 3117 conversatione
2065 3070 2104 3120 C

372 3168 551 3234 atque
599 3158 871 3215 doctrina
917 3156 1072 3212 illius
1111 3153 1398 3210 certitudo
1430 3151 1617 3225 possit
1647 3150 1914 3220 agnosci.
1966 3153 2029 3203 Et

371 3268 551 3308 nemo
599 3248 870 3305 absolute
912 3245 1189 3301 ordinare
1243 3257 1613 3314 queinquam
1677 3243 2022 3312 przesumat,

371 3342 523 3396 sicut
555 3339 742 3396 sancti
768 3337 1092 3392 sanxerunt
1122 3347 1384 3389 canones
1417 3332 1580 3399 (261‘).

374 3451 445 3505 Ut
479 3447 748 3503 ordinati
778 3445 1009 3500 litteras
1033 3441 1334 3509 accipiant
1354 3454 1391 3492 τι
1410 3439 1530 3492 suis
1553 3437 2018 3492 ordinatoribus.

835 3534 936 3588 Ex
965 3531 1214 3586 concilio
1255 3529 1559 3597 Africano.

439 3643 688 3701 CCCXC.
739 3640 986 3712 (Concil.
1010 3637 1206 3708 Afric.
1240 3654 1290 3690 c.
1325 3639 1390 3690 56
1420 3653 1432 3702 ;
1466 3635 1786 3688 ΒυιιαιιΑιιι).
1829 3631 1929 3686 lib.
1967 3649 2020 3700 ιι,

358 3728 416 3790 ’0.
446 3735 555 3798 46).
607 3730 830 3787 Placuit
872 3733 937 3784 ut
984 3727 1331 3799 quicunque
1360 3723 1641 3794 deinceps
1672 3722 2024 3776 ordinantur

365 3839 472 3896 per
500 3819 839 3896 provincias
877 3817 1201 3880 Africanas,
1238 3814 1459 3869 litteras
1497 3811 1790 3883 accipiant
1817 3811 1895 3865 ab
1926 3827 2020 3866 or-

366 3910 738 3967 dinatoribus
766 3908 887 3962 suis
925 3923 1112 3961 manu
1160 3920 1367 3957 eorum
1429 3901 1797 3973 subscriptas
1844 3901 2024 3956 conti-

368 4005 574 4055 nentes
620 3995 926 4050 consulem
978 3998 1034 4047 et
1079 3992 1261 4058 diem,
1308 3995 1373 4044 ut
1417 3987 1580 4042 nulla
1621 3987 1921 4043 altercatio
1953 3988 2026 4042 de

369 4084 796 4158 posterioribus
825 4081 916 4136 vel
948 4077 1342 4135 anterioribus
1373 4076 1614 4130 oriatur.

376 4197 448 4249 Ut
479 4194 685 4247 nullus
716 4190 966 4246 alterius
991 4203 1224 4244 servum
1256 4185 1539 4239 ordinare
1563 4188 1912 4252 prcesumat.
1931 4184 2028 4239 Ex

841 4277 1090 4347 epistola
1116 4275 1322 4330 Leonis
1351 4285 1546 4342 papc‘e.

441 4385 717 4446 CCCXCI.
755 4386 1022 4455 {Decreta
1051 4383 1252 4436 Leoxis
1285 4378 1324 4443 Ι,
1360 4395 1409 4432 c.
1459 4377 1528 4448 At).
1565 4379 1689 4432 Non
1715 4374 2030 4431 admittam
2064 4421 2086 4455 Ῐ

370 4482 463 4535 tur
492 4474 720 4550 passim
753 4471 832 4529 ad
861 4470 1131 4527 ordinem
1164 4483 1403 4523 sacrum
1430 4463 1652 4538 quibus
1678 4462 1841 4520 nulla
1863 4467 2027 4519 nata-

368 4568 536 4638 lium,
571 4563 735 4621 nulla
768 4577 1004 4618 morum
1036 4557 1293 4630 dignitas
1326 4555 1723 4624 suffragatur;
1775 4558 1829 4609 et
1858 4552 1961 4626 qui
1993 4569 2029 4608 a

370 4656 630 4714 dominis
655 4653 776 4709 suis
805 4651 1133 4708 libertatem
1181 4645 1469 4718 consequi
1525 4643 1768 4699 minime
1819 4647 2026 4716 potue-

370 4752 528 4816 runt,
563 4745 640 4800 ad
669 4741 969 4811 fastigium
1003 4735 1337 4802 sacerdotii,
1379 4739 1663 4806 tanquam
1691 4731 1917 4787 servilis
1947 4732 2028 4786 vi-

371 4838 502 4892 litas
538 4835 712 4905 178
747 4834 902 4888 hunc
951 4829 1240 4884 honorem
1284 4825 1500 4898 capiat,
1545 4839 1667 4880 non
1698 4822 2030 4896 provehan-

374 4931 484 4979 tur.
511 4926 576 4978 Et
607 4920 849 4996 probari
885 4919 1001 4974 Deo
1032 4933 1206 4990 posse
1239 4913 1495 4970 creditur
1515 4911 1619 4986 qui
1650 4909 1897 4967 domino
1920 4927 2029 4966 suo

371 5013 631 5069 necdum
681 5011 936 5084 probare
967 5026 1026 5063 se
1052 5005 1262 5080 potuit.
1297 5005 1374 5059 Et
1411 5009 1547 5074 post
1585 5016 1806 5070 pauca.
1853 5001 2031 5056 Debet

373 5119 502 5157 esse
554 5097 838 5155 immunis
882 5097 957 5153 ab
1006 5095 1135 5152 aliis
1181 5093 1282 5167 qui
1331 5092 1547 5147 divinas
1597 5090 1816 5146 militiae
1857 5089 2032 5144 fuerit

380 5187 839 5262 aggregandus;
872 5189 934 5240 ut
965 5183 1174 5239 castris
1196 5181 1534 5247 Dominicis,
1563 5178 1782 5251 quibus
1806 5192 2026 5232 nomen

374 5280 501 5349 ejus
547 5272 877 5340 ascribitur,
929 5271 1108 5326 nullis
1159 5269 1582 5325 necessitatum
1635 5264 1886 5321 vinculis
1927 5264 2028 5320 ab—

373 5367 687 5424 strahatur.

441 5516 585 5581 (261)
627 5507 764 5581 Vide
795 5505 1116 5581 infraucap.
1148 5501 1460 5581 4‘t2‘hujus
1479 5499 1638 5581 libri:

626 5579 770 5652 Vide
796 5575 1005 5632 concil.
1035 5570 1298 5652 alogum.
1330 5572 1440 5652 sub
1471 5570 1802 5652 Carolohlltq
1847 5573 2016 5652 c223.

438 5641 577 5719 ("2633
619 5651 808 5708 Mutila
844 5655 926 5703 est
959 5647 1152 5719 prima
1182 5642 1516 5719 parsistius
1561 5643 1790 5719 capitis,
1824 5641 2018 5719 adeof

361 5712 476 5800 que
498 5712 726 5781 nullum
751 5712 992 5777 sensum
1013 5712 1309 5774 habetSiC
1332 5717 1527 5785 itaque
1547 5712 1916 5784 supplendus
1933 5716 2020 5765 est

3690 238 3798 294 268

2055 372 2099 422 Α
2143 366 2222 420 De
2249 364 2450 418 eadem
2484 379 2564 416 re.
2599 363 2695 416 Ex
2725 362 2974 416 concilio
3002 361 3494 429 Moguntiacensi,
3536 374 3670 427 cap.
3703 366 3796 414 26.

2206 452 2489 507 CCCXC“.
2550 453 2802 518 ,Uoncil.
2860 451 3176 504 Aurelian.
3239 467 3276 518 ι,
3334 467 3384 504 c.
3436 455 3508 515 8;
3579 451 3795 504 (θωπί-ἐι.

2155 545 2432 596 War/nat.
2469 557 2517 595 c.
2555 544 2662 611 4-0).
2697 541 2751 596 Si
2798 556 3022 602 servus,
3069 538 3311 594 absente
3357 545 3461 592 aut
3501 539 3801 592 nesciente

2135 631 2402 696 domino,
2461 631 2743 701 episcopo
2805 635 3002 682 autem
3064 628 3301 696 sciente,
3349 628 3639 681 diaconus
3694 632 3800 681 aut

2137 721 2449 792 pi'cs'byter
2480 719 2653 773 fuerit
2677 718 3148 789 Ot‘tl.in:itu~s,ipse
3170 717 3227 771 in
3261 717 3568 771 clericatus
3597 717 3801 772 cilicio

2138 814 2505 883 permaneat,
2537 809 2852 880 episcopus
2885 814 3080 861 autem
3116 823 3253 862 eum
3282 806 3505 878 duplici
3533 808 3800 860 satisfac-

2139 900 2294 954 tione
2325 898 2574 952 doniino
2613 897 2914 968 persolvat
2985 897 3124 965 262).
3186 895 3243 950 Si
3281 912 3422 950 vero
3473 896 3800 966 episcopus

2138 1005 2374 1043 servum
2429 1005 2564 1042 cum
2617 1003 2745 1041 esse
2796 986 3083 1040 nescierit.
3133 986 3234 1056 qui
3288 985 3688 1039 testimonium
3719 985 3800 1038 (le

2139 1077 2236 1132 illo
2264 1077 2596 1148 pet-bibent,
2632 1081 2732 1130 aut
2783 1092 2917 1129 Ptllll
2977 1075 3274 1145 postulant
3302 1073 3586 1140 ordinari,
3619 1073 3800 1128 simili

2137 1167 2696 1237 recompensatione
2727 1167 3034 1219 teneantur
3064 1164 3306 1218 obnoxii
3339 1168 3506 1233 (26:3).

2140 1258 2210 1311 Ut
2238 1257 2442 1310 nullus
2464 1258 2870 1310 niinistrormn
2895 1256 2958 1307 at
2967 1256 3146 1308 terius
3163 1253 3488 1322 pariter-hia,
3512 1253 3798 1308 clericum

2210 1347 2468 1400 latenter
2516 1345 2594 1399 ad
2642 1345 3078 1398 ordinationem
3153 1343 3630 1397 subintroducat.
3701 1341 3804 1395 Ex

2209 1435 2460 1501 epistola
2486 1434 2818 1487 Innocentii
2841 1447 3034 1500 paper.

2211 1523 2534 1577 CCCXCIII.
2569 1523 2844 1578 (Decreta
2878 1521 3060 1575 lusce.
3096 1521 3137 1584 l,
3172 1537 3220 1573 c.
3263 1523 3366 1588 t4).
3405 1523 3472 1574 Ut
3501 1520 3575 1573 de
3603 1517 3807 1574 aliena

2143 1612 2400 1668 Ecclesia
2425 1612 2703 1667 clericum
2745 1611 3024 1665 ordinare
3054 1610 3254 1664 nullus
3283 1610 3605 1682 episcopus
3637 1625 3809 1663 usur-

2085 1722 2100 1769 ξ
2138 1708 2258 1774 pet,
2292 1701 2404 1756 nisi
2429 1701 2668 1755 alterius
2700 1700 2962 1772 episcopi
2998 1700 3276 1770 precibus
3321 1703 3599 1753 exoratus
3657 1698 3807 1752 fece-

2139 1791 2229 1856 rit,
2265 1790 2355 1844 vel
2396 1791 2566 1860 1'79
2601 1790 2729 1860 ipse
2781 1789 3102 1859 episcopus
3149 1793 3426 1841 exoratus
3474 1787 3806 1841 concedere

2142 1879 2410 1934 voluerit.
2446 1879 2563 1932 Hoc
2591 1878 2768 1932 etiam
2800 1877 3072 1948 synodus
3105 1876 3338 1930 Nicaena
3370 1876 3587 1939 statuit,
3605 1883 3666 1929 ut
3690 1875 3804 1929 ab-

2139 1969 2358 2039 jectum
2421 1968 2497 2022 ab
2557 1968 2741 2022 altero
2800 1966 3078 2021 clericum
3136 1966 3320 2020 altera
3379 1964 3637 2019 Ecclesia
3676 1979 3804 2019 non

2143 2056 2405 2129 recipiat.

2145 2147 2290 2201 Item
2317 2146 2390 2200 de
2417 2147 2600 2200 servis
2631 2144 3009 2199 ordinandis.
3055 2145 3153 2198 12's?
3201 2143 3452 2197 concilio
3495 2143 3805 2196 Totetann.

2215 2235 2531 2288 CCCXCIV.
2567 2234 2825 2300 (Concit.
2866 2234 3044 2288 Tolet.
3079 2237 3251 2297 0.73;
3289 2231 3599 2285 Britanno.
3635 2229 3804 2295 lib.i,

2145 2340 2194 2378 c.
2231 2328 2338 2387 ‘25).
2403 2321 2754 2393 Quicunque
2799 2319 3129 2374 libertatem
3179 2337 3212 2372 a
3250 2318 3512 2374 dominis
3556 2319 3676 2371 suis
3721 2318 3808 2372 ita

2143 2412 2478 2484 percipiunt
2503 2416 2565 2465 ut
2588 2409 2818 2466 nullam
2846 2409 3082 2464 sibimet
3105 2408 3166 2464 in
3197 2408 3280 2462 eis
3311 2407 3668 2479 obsequium
3695 2423 3807 2478 pa-

2147 2506 2351 2556 tronus
2374 2504 2638 2570 retentet,
2665 2499 2778 2565 isti,
2808 2499 2851 2553 si
2878 2498 3002 2552 sine
3035 2497 3280 2552 crimine
3312 2501 3466 2562 sunt,
3513 2495 3590 2550 ad
3641 2495 3809 2551 cleri-

2143 2597 2312 2647 catus
2364 2591 2637 2646 ordinem
2677 2589 2860 2644 libere
2909 2587 3329 2659 suscipiantur,
3384 2586 3527 2658 quia
3577 2586 3809 2641 directa

2143 2678 2618 2736 manumissionc
2648 2678 2902 2734 absoluti
2935 2682 3283 2733 noscuntur.
3309 2676 3414 2742 Qui
3443 2691 3576 2730 vero
3607 2681 3808 2731 reten-

2143 2774 2201 2826 to
2231 2768 2522 2841 obsequio
2545 2767 2901 2824 manumissi
2929 2773 3212 2837 sunt,pro
3242 2782 3312 2820 eo
3343 2766 3504 2836 quod
3535 2782 3570 2820 a
3598 2771 3805 2837 patro-

2141 2858 2232 2913 nis
2277 2858 2473 2912 adliuc
2526 2857 2798 2911 servitute
2832 2861 3101 2910 tenentur
3133 2854 3394 2921 obnoxii,
3457 2854 3808 2909 nullatenus

2143 2954 2282 3004 sunt
2304 2949 2377 3003 ad
2403 2946 2868 3002 ecclesiasticum
2899 2946 3170 3002 ordinem
3205 2945 3593 3015 promovench
3625 2963 3638 3009 ;
3699 2960 3805 3010 ne,

2140 3037 2386 3109 quando
2421 3035 2710 3090 voluerint
2740 3051 2948 3090 eorum
2979 3033 3228 3100 domini,
3277 3034 3422 3087 tiant
3456 3048 3522 3085 ex
3571 3031 3809 3087 clericis

2142 3127 2312 3200 servi.
3039 3142 3042 3146 ·

2463 3216 2606 3270 Item
2637 3229 2712 3269 ea:
2743 3212 3218 3282 Capilutaribus,
3262 3214 3354 3266 tit.
3389 3215 3474 3265 84.

2211 3305 2508 3358 CCC-XCV.
2545 3304 2796 3370 (Concit.
2833 3303 3032 3358 Paris.
3062 3301 3163 3355 lib.
3203 3317 3237 3368 l,
3273 3318 3323 3355 c.
3354 3306 3438 3366 '22,
3491 3306 3546 3356 et
3592 3300 3692 3356 lib.
3752 3319 3804 3368 ν,

2140 3396 2482 3464 Capitutar.
2517 3412 2566 3448 c.
2609 3395 2742 3462 I78).
2782 3391 2836 3447 Si
2862 3391 2996 3448 laici
3027 3391 3271 3446 clericos
3300 3389 3627 3462 probabilis
3664 3391 3806 3444 vita:

2139 3490 2196 3540 et
2224 3483 2505 3540 doctrinae
2533 3481 2828 3552 episcopis
2859 3481 3272 3536 consecrando
3307 3480 3554 3552 suisque
3596 3479 3656 3535 in
3701 3483 3805 3534 Ec-

2140 3573 2329 3629 clcsiis
2402 3570 2852 3626 constituendos
2909 3568 3248 3635 obtulerint,
3300 3568 3464 3623 nulla
3533 3569 3805 3639 qualibet

2139 3661 2452 3717 occasione
2483 3675 2583 3713 eos
2610 3658 2898 3728 rejiciant.

2209 3755 2294 3808 De
2321 3765 2626 3806 servorum
2654 3747 3050 3804 ordinatione.
3094 3748 3191 3802 Ex
3222 3747 3447 3814 eadem,
3476 3762 3606 3815 cup.
3634 3750 3723 3800 82.

2208 3838 2527 3894 CCCXCVl.
2565 3836 2945 3907 (Capitutare
2995 3836 3484 3906 Aqm’sgranense
3533 3837 3798 3892 Lunovun

2139 3935 2238 3998 Pu,
2271 3948 2322 3988 c.
2349 3937 2379 3985 6
2407 3948 2420 3999 ;
2451 3927 2552 3984 lib.
2591 3944 2606 3982 ι
2667 3925 3006 3996 Capitutar.
3037 3941 3088 3981 c.
3117 3927 3220 3994 88;
3252 3928 3571 3989 BUIOBAID.
3597 3924 3701 3983 lib.
3736 3942 3799 3990 ιι,

2137 4035 2189 4075 c.
2223 4024 2281 4075 3t
2315 4019 2474 4085 ;Ivo,
2504 4019 2654 4089 part.
2690 4031 2766 4084 vr,
2797 4029 2847 4070 c.
2877 4016 3023 4084 232).
3069 4016 3150 4068 De
3197 4029 3506 4072 servorum
3557 4013 3800 4070 ordina-

2140 4107 2316 4175 tione,
2341 4105 2443 4176 qui
2465 4105 2695 4176 passim
2719 4102 2797 4159 ad
2819 4101 3046 4173 gradus
3067 4102 3499 4159 ecclesiasticos
3519 4101 3801 4159 indiscre-

2139 4201 2192 4252 te
2222 4198 2670 4268 promoventur,
2690 4191 2914 4265 placuit
2939 4191 3223 4248 omnibus
3251 4207 3390 4248 cum
3417 4192 3599 4249 sacris
3621 4208 3804 4248 cano-

2137 4284 2315 4340 nibus
2346 4282 2710 4340 concordare
2738 4281 2994 4348 debere;
3027 4286 3084 4339 et
3111 4284 3400 4338 statutum
3431 4287 3522 4338 est
3563 4285 3628 4338 ut
3666 4281 3802 4336 nul-

2137 4374 2234 4429 lus
2265 4372 2686 4445 episcoporum
2717 4369 3001 4442 deinceps
3026 4385 3128 4427 eos
3169 4369 3247 4425 ad
3296 4386 3501 4426 sacros
3555 4369 3802 4426 ordines

2137 4476 2488 4537 promovere
2538 4463 2884 4532 praesumat,
2924 4459 3038 4516 nisi
3073 4459 3242 4532 prius
3282 4476 3318 4514 a
3365 4459 3631 4518 dominis
3661 4476 3800 4532 pro-

2139 4553 2283 4625 priis
2312 4551 2644 4608 libertatem
2675 4548 2976 4604 consecuti
3005 4549 3240 4606 fuerint.
3279 4551 3342 4606 Et
3374 4550 3548 4624 180
3580 4548 3630 4604 si
3665 4549 3800 4620 qui-

2138 4643 2281 4698 libet
2309 4657 2514 4698 servus
2560 4637 2877 4702 dominum
2925 4654 3100 4694 suum
3147 4637 3380 4706 fugiens
3411 4637 3504 4693 vel
3531 4637 3797 4707 latitans,

2139 4737 2242 4788 aut
2270 4729 2534 4802 qualibet
2563 4726 2878 4782 calliditate
2914 4726 3003 4781 vel
3034 4726 3261 4795 fraude,
3313 4727 3394 4784 ad
3443 4726 3667 4794 gradus
3707 4741 3801 4782 ec-

2139 4817 2495 4876 clesiasticos
2520 4814 2868 4890 pervenerit,
2899 4814 3204 4872 decretum
3234 4820 3322 4872 est
3347 4821 3412 4872 ut
3431 4815 3795 4889 deponatur,

2140 4913 2196 4964 et
2239 4905 2518 4962 dominus
2563 4905 2690 4974 ejus
2740 4920 2878 4960 eum
2921 4903 3213 4978 recipiat.
3249 4905 3305 4960 Si
3341 4921 3482 4960 vero
3510 4921 3660 4960 avus
3691 4909 3800 4959 aut

2138 5001 2306 5070 pater
2336 4995 2414 5051 ab
2444 4995 2559 5050 alia
2588 4993 2781 5066 patria
2806 4993 2867 5049 in
2899 4992 3080 5049 aliam
3127 4993 3419 5063 migrans,
3469 4994 3533 5052 in
3577 4992 3797 5054 eadem

2138 5083 2447 5158 provincia
2501 5083 2690 5138 tilium
2744 5081 3032 5154 genuerit,
3082 5085 3140 5139 et
3188 5081 3316 5154 ipse
3356 5082 3513 5138 ﬁlius
3567 5082 3796 5140 ibidem

2138 5172 2425 5227 educatus
2484 5177 2540 5225 et
2596 5169 2674 5226 ad
2723 5170 2944 5241 gradus
2994 5169 3425 5226 ecclesiasticos
3482 5175 3798 5242 promotus

2136 5261 2341 5329 fuerit,
2443 5265 2498 5316 et
2598 5265 2796 5316 utrum
2901 5275 3107 5316 servus
3204 5260 3276 5314 sit
3363 5261 3625 5332 ignotum
3725 5261 3800 5316 sit

2135 5348 2508 5423 [Sirmond.,‘
2533 5350 2874 5421 ignoratum
2923 5349 3115 5406 fuerit.
3175 5349 3378 5407 Codex
3427 5357 3628 5407 noster
3699 5366 3796 5406 ve-

2131 5496 2330 5550 hiatus
2352 5512 2423 5550 ex
2445 5494 2802 5550 editionibus
2825 5493 3056 5549 concilii
3084 5495 3525 5550 Aurelianensis
3551 5512 3562 5548 :
3591 5495 3660 5549 Si
3677 5510 3799 5549 scr-

2133 5583 2259 5630 vus,
2313 5567 2549 5623 absente
2602 5572 2706 5622 aut
2765 5567 3060 5622 nesciente
3105 5566 3364 5635 domino,
3413 5571 3470 5623 et
3519 5569 3800 5636 φὶςσοΡο

2133 5642 2351 5695 sciente
2371 5639 2528 5709 quod
2542 5654 2743 5709 servus
2761 5638 2855 5696 sit.
2871 5644 2978 5709 aut
2998 5637 3304 5696 diaconus.
3339 5642 3446 5692 etc.
3478 5640 3556 5694 De
3587 5653 3796 5709 servo-

2136 5727 2272 5764 rum
2284 5708 2461 5781 porro
2475 5708 2846 5765 ordinatione
2871 5708 2999 5762 vide
3010 5709 3164 5764 intra
3183 5713 3426 5779 cap.396
3440 5708 3792 5778 hujuslibti.
