4044 6196
303 222 307 225 1
414 263 513 318 271

1447 289 1452 293 .
1532 241 1906 302 REGINONIS
1946 232 2363 292 PRUMIENSIS
2401 235 2717 293 ABBATIS.

3726 237 3835 287 272

412 385 632 443 latione
673 379 896 456 pagina
922 374 1268 434 auctoritate
1312 373 1549 429 testium
1577 368 1807 426 nudata
1834 375 2035 456 prmi.
2081 379 2103 426 χ
2179 361 2426 416 numiss.
2474 361 2537 417 in
2582 362 2875 429 ecclesia.)
2912 362 3240 434 Imperator
3268 358 3691 414 Constantinus
3721 360 3838 412 Au-

412 476 534 531 hilo
586 455 925 545 deputatur.
988 464 1162 537 184
1215 466 1456 536 Oportet
1502 459 1679 517 etiam
1731 462 1795 512 ut
1838 455 2061 545 locum,

412 565 591 631 diem,
621 544 869 629 annum,
896 560 955 613 et
982 553 1314 620 consulem,
1339 556 1396 607 et
1425 548 1829 614 indictionem,
1860 544 1922 600 in
1946 544 2065 599 ﬁne

410 653 499 709 vel
521 653 586 707 in
614 647 885 718 margine
912 645 1263 702 adnotatam
1291 639 1587 697 habeatin
1606 638 1764 692 hunc
1791 634 2063 691 modum.

407 746 621 799 Actum
650 740 712 795 in
740 737 842 794 illa
873 736 1124 804 civitate,
1148 732 1208 788 in
1237 732 1420 788 domo
1450 727 1637 785 sancti
1670 725 1836 791 Petri,
1860 723 2068 780 Kalen-

405 833 499 888 dis
518 830 655 902 illis,
683 844 845 886 anno
866 824 1186 882 Dominicaa
1215 817 1642 878 incarnationis
1670 815 1790 882 illo,
1812 828 2066 884 regnan-

404 927 461 979 te
491 921 591 977 illo
622 935 778 989 rege,
810 924 865 973 et
892 915 1247 990 praesidente
1290 912 1351 967 in
1393 907 1677 965 cathedra
1707 903 2063 977 supradictae

406 1010 661 1068 civitatis
688 1008 971 1081 episcopo
999 1004 1118 1071 illo,
1153 1002 1212 1058 in
1252 998 1615 1056 monasterio
1645 995 1763 1064 illo,
1796 992 2065 1049 indictio-

408 1117 484 1157 ne
532 1100 651 1170 illa,
683 1097 743 1153 in
790 1095 887 1152 Dei
932 1094 1175 1150 nomine
1228 1090 1486 1146 feliciter.
1520 1093 1727 1142 Amen.
1764 1084 1857 1138 Ait
1903 1083 2063 1139 enim

406 1193 677 1246 Romana
726 1183 1047 1241 auctoritas
1078 1183 1405 1253 (lnterpret.
1436 1178 1476 1232 Ι.
1516 1182 1531 1231 1
1575 1175 1718 1232 Cod.
1757 1173 2061 1237 Theodos.,

407 1280 479 1335 de
510 1277 830 1334 Constitut.
862 1273 1102 1343 princ):
1157 1293 1184 1319 ‹‹
1209 1273 1591 1339 Quaecunque
1620 1265 1781 1334 leges
1812 1263 1936 1318 sine
1969 1261 2063 1317 die

402 1372 460 1424 et
488 1364 731 1423 consule
761 1361 980 1419 fuerint
1009 1360 1275 1433 prolatae,
1302 1374 1421 1413 non
1454 1356 1753 1411 valeant.»

569 1473 737 1540 Quod
765 1469 1150 1527 manumissio
1178 1469 1243 1522 in
1272 1465 1528 1521 Ecclesia
1560 1461 1725 1517 debet
1748 1458 1900 1528 ﬁeri.

475 1579 724 1638 CCCCIII
754 1580 1098 1645 (Burnmann.
1130 1573 1233 1629 lib.
1258 1588 1317 1641 ιι,
1346 1588 1396 1627 c.
1432 1574 1534 1633 28;
1566 1572 1688 1639 Ivo,
1717 1569 1869 1638 part.
1905 1579 1979 1631 vi,
2010 1577 2060 1615 c.

408 1670 553 1735 129.)
582 1664 915 1723 Instruendi
945 1668 1081 1719 sunt
1119 1665 1403 1735 praeterea
1434 1655 1566 1712 laici
1592 1659 1657 1711 ut
1682 1653 1871 1709 sciant
1898 1648 2063 1724 quod

411 1712 553 1735 ...νη
582 1712 915 1723 “um-
1918 1712 1938 1724 ι

402 1758 744 1815 nullatenus
771 1753 886 1811 alio
928 1753 1060 1808 loco
1091 1749 1511 1808 manumittere
1542 1742 1784 1818 proprio
1814 1742 2068 1814 possunt
2094 1712 2137 1765 Β

405 1864 630 1917 servos,
663 1861 816 1919 quos
844 1841 1164 1899 Dominicis
1204 1838 1412 1896 castris
1452 1831 1765 1906 aggregari
1795 1831 2068 1887 decreve-

402 1941 559 2005 runt,
607 1935 722 1992 nisi
766 1934 827 1989 in
876 1934 1261 1990 sacrosancta
1304 1926 1574 1993 ecclesia,
1625 1922 1833 1978 ordine
1883 1935 2068 1993 supra

401 2031 624 2082 notato.
660 2021 976 2090 Quomodo
1008 2019 1168 2076 enim
1220 2017 1413 2073 clerici
1463 2019 1627 2070 extra
1667 2010 1978 2068 ecclesiam
2008 2007 2072 2063 Ii-

399 2117 693 2172 bertatem
739 2111 1029 2183 consequi
1071 2111 1344 2183 possunt,
1377 2105 1479 2178 qui
1525 2120 1561 2159 a
1589 2102 1718 2172 lege
1758 2099 2069 2155 mundana

402 2203 667 2262 extranei
698 2201 889 2257 sunt?
927 2203 992 2256 Et
1021 2198 1243 2271 quibus
1272 2192 1638 2251 interdicitur
1667 2206 1743 2246 ne
1769 2188 1848 2245 ad
1879 2203 2066 2242 saecu-

400 2296 525 2351 lare
553 2292 849 2366 judicium
892 2287 1243 2363 procedant,
1276 2282 1586 2358 quomodo
1617 2278 1886 2337 saeculari
1911 2277 2070 2366 judi-

405 2385 496 2440 cio
524 2364 569 2439 a
584 2384 733 2454 jugo
761 2377 1057 2437 servitutis
1088 2373 1520 2432 absolvuntur?
1560 2369 1673 2428 Sed
1705 2368 1951 2425 fortasse
1985 2364 2068 2420 di-

407 2475 483 2530 cit
507 2471 753 2545 aliquis:
787 2469 1044 2526 Clericus
1073 2465 1199 2522 ﬁcri
1228 2480 1351 2520 non
1383 2460 1755 2535 permittitur,
1787 2457 1900 2513 nisi
1934 2459 2069 2512 ante

408 2565 753 2635 susceptum
808 2557 1120 2616 clericatus
1173 2553 1437 2611 oﬂicium
1471 2548 1852 2620 ingenuitatis
1881 2545 2071 2616 digni—

406 2657 524 2710 tate
548 2651 827 2724 potiatur.
857 2652 1079 2704 Revera
1108 2660 1319 2701 verum
1346 2641 1504 2697 dicit.
1540 2643 1601 2695 Et
1630 2639 1764 2695 ideo
1791 2637 1957 2711 quod
1988 2637 2073 2692 in-

416 2740 643 2798 ﬁrmari
668 2739 763 2796 vel
787 2734 1109 2810 vituperari
1134 2736 1350 2807 potest,
1381 2727 1705 2804 praecaveri
1733 2726 1928 2783 debet.

1046 2842 1211 2899 Unde
1238 2854 1446 2909 supra.

484 2938 746 2996 CCCCIV.
789 2936 1135 3005 (Buncusun.
1166 2930 1270 2986 lib.
1323 2946 1381 2984 ιι.
1416 2946 1465 2983 c.
1495 2931 1600 2994 29;
1648 2927 1770 2992 Ivo,
1815 2930 1968 2998 part.
2005 2944 2076 2997 γι,

416 3046 466 3084 c.
502 3027 641 3096 130.)
684 3027 813 3080 Non
856 3022 1055 3079 solum
1086 3023 1287 3076 autem
1317 3017 1420 3090 qui
1470 3016 1549 3072 ad
1578 3013 1889 3071 clericatus
1929 3015 2086 3085 ordi_

415 3132 556 3173 nem
587 3112 983 3188 promovendi
1018 3112 1178 3179 sunt,
1222 3108 1284 3163 in
1328 3103 1578 3163 ecclesia
1620 3104 2085 3170 manumittendi

419 3212 575 3277 sunt,
604 3222 815 3263 verum
858 3203 1038 3260 etiam
1067 3201 1129 3256 hi
1171 3214 1325 3272 quos
1373 3195 1628 3268 quisque
1658 3211 1767 3268 pro
1816 3196 2080 3252 remedio

419 3300 636 3356 animre
668 3313 792 3352 sure
840 3290 1221 3362 emancipare
1259 3287 1429 3357 185
1460 3283 1602 3351 vult,
1635 3284 1967 3341 secundum
1998 3285 2079 3341 le-

421 3405 557 3461 gem
583 3384 959 3443 mundanam
988 3380 1048 3435 in
1079 3374 1331 3434 ecclesia
1355 3373 1584 3431 absolvi
1613 3373 1853 3443 debent,
1873 3378 1930 3430 et
1959 3375 2082 3446 eju-

421 3478 589 3534 sdem
641 3471 904 3530 ecclesiae
947 3464 1279 3541 patrocinio
1317 3462 1749 3520 commendari.
1784 3463 2080 3537 Scriptum

419 3567 645 3641 quippe
675 3567 761 3619 est
790 3561 852 3617 in
882 3560 1059 3615 Paeto
1092 3560 1472 3613 Francorum.

802 3679 807 3685 ‘
860 3669 946 3724 De
969 3665 1171 3723 eadem
1200 3678 1283 3719 re.
1317 3662 1415 3718 Ex
1440 3661 1649 3717 Paeto.

491 3779 730 3835 CCCCV.
764 3777 930 3848 (Cap.
959 3777 1027 3829 58
1050 3772 1224 3841 Legis
1252 3768 1729 3839 Ripuariorum.)
1758 3770 1874 3822 Hac
1899 3767 2077 3823 etiam

418 3870 722 3931 volumus,
751 3870 816 3921 ut
843 3863 1279 3937 qualiscunque
1316 3859 1581 3912 Francus
1622 3856 1937 3913 Rihuarius
1964 3872 2082 3911 ser-

423 3974 565 4014 vum
592 3971 769 4011 suum
799 3967 910 4026 pro
938 3948 1204 4006 remedio
1236 3945 1455 4003 animae
1488 3960 1610 3999 suae
1643 3944 1977 4000 secundum
2002 3945 2080 4000 le-

422 4060 557 4116 gem
589 4047 919 4099 Romanam
961 4037 1217 4094 liberum
1256 4034 1448 4090 facere
1490 4029 1761 4098 voluerit,
1794 4035 1859 4086 ut
1886 4030 1947 4087 in
1984 4046 2079 4087 ec-

422 4133 599 4189 clesia
647 4147 849 4188 coram
899 4124 1289 4202 presbyteris,
1319 4119 1697 4188 diaconibus,
1731 4135 1838 4174 seu
1869 4124 2081 4176 cuncto

421 4222 579 4278 clero
607 4224 664 4277 et
684 4217 859 4292 plebe
884 4217 945 4272 in
967 4229 1154 4270 manu
1178 4208 1441 4286 episcopi
1474 4223 1715 4263 servum
1745 4223 1883 4262 cum
1910 4208 2083 4263 tabu-

392 4312 490 4381 _lis
522 4310 733 4378 tradat,
765 4312 823 4363 et
863 4304 1186 4379 episcopus
1216 4298 1642 4356 archidiacono
1666 4296 1876 4367 jubeat
1919 4301 1985 4353 ut
2028 4297 2079 4354 ei

396 4386 654 4457 tabulas
683 4393 1014 4452 secundum
1047 4391 1240 4461 legem
1271 4391 1629 4452 Romanam,
1659 4401 1783 4458 qua
1814 4385 2077 4443 ecclesiae
2109 4419 2152 4474 Β

416 4490 628 4547 vivunt
673 4486 858 4558 [Edit.
886 4480 1273 4547 Helmaestad,
1305 4494 1441 4551 quae
1484 4476 1543 4532 in
1591 4475 1849 4532 Ecclesia
1878 4476 2076 4547 viget],

419 4578 676 4635 scribere
705 4574 902 4641 faciat,
934 4576 989 4628 et
1035 4570 1160 4626 tam
1212 4569 1340 4641 ipse
1390 4581 1578 4639 quam
1625 4570 1682 4622 et
1719 4565 1917 4620 omnis
1946 4578 2082 4637 pro-

419 4666 637 4724 creatio
666 4664 795 4734 ejus
841 4659 1010 4716 liberi
1034 4658 1448 4731 permaneant,
1480 4658 1535 4709 et
1565 4653 1678 4708 sub
1709 4652 1953 4709 tuitione
1983 4669 2079 4708 ec-

419 4755 610 4812 clesiae
641 4752 987 4818 consistant,
1016 4751 1073 4803 et
1100 4759 1342 4801 omnem
1372 4742 1631 4797 reditum
1659 4745 1847 4797 status
1879 4742 1972 4797 sui
2001 4741 2081 4798 ad

424 4842 736 4900 ecclesiam
760 4837 1126 4913 persolvant,
1145 4838 1199 4889 et
1224 4847 1347 4887 non
1369 4830 1511 4886 alibi
1536 4829 1646 4886 nisi
1671 4830 1749 4885 ad
1770 4830 2082 4886 ecclesiam

424 4933 522 4989 ubi
550 4929 796 4988 relaxati
847 4929 983 4982 sunt
1016 4922 1264 4979 mallum
1294 4925 1552 4976 teneant.
1582 4924 1647 4976 Et
1677 4919 1725 4975 si
1750 4920 1981 4994 absque
2010 4921 2077 4977 li-

419 5021 578 5077 beris
608 5015 1007 5081 discesserint,
1030 5010 1263 5069 nullum
1290 5010 1473 5068 alium
1506 5010 1621 5066 nisi
1644 5010 1960 5066 ecclesiam
1989 5028 2076 5066 re-

420 5110 694 5183 linquant
727 5104 1048 5164 haeredem.

730 5216 817 5270 De
844 5211 1046 5269 eadem
1076 5225 1159 5265 re.
1190 5210 1288 5264 Ex
1317 5208 1764 5287 tegeltomana.

494 5304 764 5360 (:CCCVI.
787 5303 1112 5371 (Interpret.
1146 5298 1187 5354 l.
1225 5303 1271 5365 1,
1297 5301 1353 5353 ct
1383 5295 1510 5352 Cod
1538 5295 1843 5365 Theodos.,
1866 5296 1938 5351 de
1957 5297 2081 5352 Ma-

494 5452 641 5513 (265)
684 5448 874 5527 caput
898 5441 1060 5527 istud
1089 5457 1211 5524 non
1242 5438 1515 5527 gstat‘in
1533 5438 1789 5527 vulgatis
1818 5439 2084 5527 editioni:

420 5510 534 5575 bus
564 5510 796 5573 concilii
818 5513 1225 5571 Triburiensis.
1257 5515 1457 5567 Exstat
1481 5516 1681 5566 autem
1708 5510 1886 5566 etiam
1918 5511 2077 5582 apud

421 5588 829 5648 Burchardum
860 5591 916 5642 et
958 5585 1019 5641 in
1047 5584 1229 5641 veteri
1261 5582 1605 5638 collectione
1636 5598 1938 5638 canonum
1966 5599 2077 5638 ms.

417 5664 477 5720 in
530 5659 889 5719 Bibliotheca
932 5656 1455 5729 regia._l’ostrema
1502 5669 1681 5729 porro
1720 5654 1873 5709 illius
1904 5670 2082 5729 pars,

417 5751 552 5808 quae
593 5731 803 5790 mutila
850 5735 936 5784 est
982 5724 1147 5800 apud
1187 5724 1575 5793 Reginonem,
1617 5725 1698 5778 sic
1744 5724 2080 5797 supplenda

2176 453 2387 519 gustus
2427 451 2565 507 Osio
2607 451 2890 524 episcopo
2930 448 3319 507 Cordubensi.
3355 447 3467 514 Qui
3512 445 3837 502 manumit-

2173 538 2336 594 tendi
2365 539 2424 595 in
2457 544 2837 597 sacrosancta
2863 539 3112 596 ecclesia
3137 536 3414 594 habuerit
3439 535 3835 603 voluntatem,

2174 632 2406 685 tantum
2450 634 2538 685 est
2588 634 2652 686 ut
2693 630 2807 686 sub
2837 627 3156 702 praesentia
3206 625 3586 683 sacerdotum
3624 640 3839 681 servos

2174 731 2315 772 suos
2368 716 2625 772 voluerit
2650 716 2982 788 absolvere,
3014 714 3245 771 noverit
3291 729 3398 769 eos
3445 715 3726 784 suscepta
3773 710 3841 766 li-

2172 803 2401 861 bertate
2425 805 2584 861 cives
2615 822 2747 861 esse
2773 808 3093 861 Romanos.
3126 808 3276 860 Nam
3306 803 3358 859 si
3384 802 3582 858 clerici
3609 800 3841 857 manci-

2174 893 2286 966 piis
2332 894 2454 950 suis
2496 895 2639 951 dare
2670 894 2965 951 voluerint
3003 894 3357 963 libertatem,
3387 891 3623 949 etiarnsi
3667 895 3842 947 extra

2175 987 2566 1056 conspectum
2597 984 2840 1040 fecerint
2868 983 3268 1053 sacerdotum,
3298 981 3391 1038 vel
3422 980 3547 1037 sine
3579 979 3839 1052 scriptu-

2174 1088 2241 1128 ra
2270 1072 2466 1129 verbis
2519 1078 2748 1129 tantum
2791 1072 3009 1129 fuerint
3045 1071 3324 1139 absoluti,
3365 1069 3652 1139 manebit,
3685 1068 3839 1124 sicut

2175 1162 2406 1219 civibus
2448 1164 2618 1234 186
2654 1163 2958 1225 Romanis,
2984 1163 3217 1233 integra
3250 1164 3307 1217 et
3354 1160 3531 1232 plena
3567 1158 3835 1215 libertas.

2176 1288 2344 1355 Quod
2372 1288 2586 1345 charta
2614 1287 2905 1343 libertatis
2944 1287 3006 1341 in
3045 1285 3293 1342 amboue
3325 1286 3401 1340 sit
3434 1284 3701 1355 tegenda.
3735 1283 3841 1338 Ea:

2665 1360 2915 1427 concilio
2960 1356 3344 1413 Triburiensi.
3402 1408 3405 1411 .

2248 1466 2536 1522 CCCCVII.
2570 1468 2913 1536 (Buncmnn.
2946 1464 3049 1520 lib.
3094 1481 3159 1533 ιι,
3204 1480 3254 1518 c.
3300 1462 3411 1531 21.)
3469 1464 3538 1518 Ut
3583 1460 3729 1517 nulli
3761 1460 3840 1516 de

2176 1555 2371 1611 servili
2425 1554 2764 1610 conditione
2819 1553 2896 1609 ad
2940 1568 3145 1608 sacros
3178 1552 3418 1607 ordines
3445 1564 3844 1624 promovean-

2179 1648 2291 1713 tur,
2325 1644 2434 1698 nisi
2466 1644 2632 1716 prius
2660 1659 2693 1699 a
2724 1641 2984 1698 dominis
3015 1640 3269 1715 propriis
3292 1640 3622 1696 libertatem
3653 1637 3844 1707 legiti-

2178 1749 2342 1789 mam
2373 1738 2852 1805 consequantur:
2900 1732 3074 1802 cujus
3126 1728 3411 1786 libertatis
3452 1729 3659 1784 charta
3698 1732 3842 1783 ante

2178 1822 2617 1879 ordinationem
2667 1821 2730 1877 in
2775 1821 3038 1877 amboue
3091 1819 3329 1892 publice
3382 1818 3641 1887 legatur;
3686 1820 3745 1872 et
3791 1816 3841 1871 si

2179 1912 2377 1968 nullus
2427 1911 2867 1979 contradixerit,
2920 1911 3026 1966 rite
3071 1908 3532 1965 consecrabitur.
3567 1910 3747 1963 Porro
3793 1906 3844 1961 si

2178 2002 2252 2059 de
2278 2002 2469 2071 gradu
2497 2001 2800 2070 deciderit,
2827 2001 2956 2072 ejus
3001 2001 3074 2057 sit
3114 1998 3476 2055 conditionis
3505 1997 3677 2068 cujus
3710 1997 3843 2052 fue-

2179 2098 2271 2148 rat
2298 2096 2433 2148 ante
2464 2091 2718 2161 gradum
2751 2092 2923 2161 (265).

2299 2219 2385 2272 De
2410 2217 2805 2272 ordinatione.
2836 2216 2936 2271 Ex
2965 2216 3218 2271 concilio
3245 2212 3718 2269 Neoca'sariensi.

2251 2322 2566 2377 CCCCVIII.
2606 2322 2835 2379 Concit.
2870 2322 3202 2378 Neocaesar.
3246 2336 3297 2375 c.
3339 2319 3394 2372 ll
3425 2336 3436 2386 ;
3470 2317 3572 2373 lib.
3610 2334 3627 2371 ι
3658 2318 3847 2387 Capi-

2183 2414 2368 2468 tutar.
2402 2428 2453 2467 c.
2498 2415 2604 2479 50;
2658 2413 2977 2466 Buacnme.
3014 2408 3116 2464 lib.
3165 2426 3223 2476 ιι,
3268 2426 3319 2464 c.
3377 2407 3486 2477 10.)
3526 2404 3852 2477 Presbyter

2182 2505 2319 2557 ante
2346 2499 2713 2557 tricesimum
2743 2500 2931 2556 aetatis
2979 2515 3102 2555 sua:
3133 2514 3363 2555 annum
3388 2494 3730 2552 nullatenus
3759 2511 3853 2550 or-

2183 2590 2439 2659 dinetur,
2480 2589 2613 2646 licet
2646 2589 2821 2646 valde
2875 2588 2948 2645 sit
2998 2588 3238 2657 dignus,
3285 2585 3389 2642 sed
3443 2585 3558 2640 hoc
3606 2587 3852 2654 tempus

2184 2679 2547 2735 observetur.
2581 2682 2729 2734 Nam
2765 2678 3049 2734 Dominus
3082 2678 3283 2732 noster
3323 2673 3623 2745 trigesimo
3655 2671 3849 2727 aetatis

2187 2785 2349 2825 anno
2377 2768 2710 2842 baptizatus
2739 2772 2845 2824 est.

2312 2878 2398 2932 De
2425 2875 2790 2931 diaconibus.
2819 2875 2919 2929 Ex
2948 2872 3198 2929 concilio
3224 2869 3709 2940 Carthaginensi.

2262 2984 2527 3041 CCCCIX.
2573 2983 2826 3050 (Concit.
2889 2982 3177 3050 Carthag.
3223 2984 3276 3045 3,
3322 2996 3374 3034 c.
3406 2981 3468 3043 4;
3512 2979 3853 3032 Buncasno.

2113 3066 2153 3117 Ο
2192 3073 2292 3130 lib.
2324 3090 2386 3143 ιι,
2416 3088 2548 3146 cap.
2585 3071 2691 3142 11).
2735 3075 2878 3127 Item
2925 3069 3151 3142 placuit
3192 3071 3258 3123 ut
3305 3069 3443 3123 ante
3487 3082 3607 3121 xxv
3654 3080 3858 3120 annos

2200 3162 2365 3233 187
2413 3160 2600 3217 retatis
2642 3176 2751 3215 ncc
2793 3158 3031 3215 diaconi
3071 3156 3425 3213 ordinentur
3450 3169 3562 3210 nec
3591 3153 3860 3223 virgines

2191 3253 2635 3308 consecrantur.
2936 3268 2939 3269 ν

2227 3359 2342 3426 Qui
2364 3364 2598 3428 partem
2629 3355 2806 3426 digiti
2827 3355 2943 3428 sibi
2967 3353 3241 3428 abscidit,
3270 3353 3522 3409 clericus
3544 3366 3664 3408 esse
3690 3366 3819 3406 non

2486 3427 2672 3484 debet.
2702 3425 2805 3483 Ea:
2835 3426 3086 3495 epistola
3108 3425 3324 3481 Feticzs
3343 3437 3542 3493 papa.

2259 3536 2497 3591 CCCCX.
2518 3535 2793 3605 (Decreta
2818 3534 3001 3588 Isson.
3027 3533 3066 3598 Ι,
3093 3547 3144 3586 c.
3174 3535 3272 3598 28;
3298 3531 3633 3595 BURCRARD,
3660 3528 3767 3583 lib.
3795 3545 3861 3592 ιι,

2189 3644 2238 3681 c.
2275 3626 2385 3695 14.)
2412 3624 2523 3691 Qui
2546 3623 2722 3694 igitur
2736 3627 2965 3696 partem
2999 3621 3167 3693 digiti
3197 3620 3309 3677 sibi
3340 3618 3596 3675 abscidit
3622 3618 3861 3683 volens,

2186 3715 2348 3770 hunc
2377 3712 2457 3770 ad
2482 3712 2705 3769 clerum
2754 3726 3016 3768 canones
3053 3725 3175 3767 non
3207 3708 3549 3766 admittunt.
3579 3706 3687 3762 Cui
3710 3722 3866 3763 vero

2188 3820 2334 3861 casu
2379 3802 2494 3858 hoc
2532 3801 2764 3873 accidit,
2793 3803 2850 3856 et
2890 3798 3084 3855 clerici
3132 3802 3387 3871 possunt
3424 3795 3574 3865 ﬁeri,
3605 3799 3664 3851 et
3708 3795 3764 3851 si
3794 3795 3867 3851 in

2189 3892 2346 3949 clero
2375 3890 2593 3947 fuerint
2620 3888 2852 3963 reperti,
2884 3903 3007 3945 non
3032 3886 3211 3958 abjici
3243 3886 3412 3957 (266).

2182 4016 2278 4076 'Ne
2296 4018 2602 4076 illitterati
2616 4016 2993 4073 ordinentur.
3020 4015 3117 4071 Ex
3136 4015 3388 4085 epistola
3411 4013 3635 4069 Getasii
3649 4026 3860 4082 papa.

2260 4125 2525 4181 CCCCXI.
2560 4125 2835 4191 (Decreta
2856 4124 3061 4178 GELAS.
3085 4137 3136 4177 e.
3168 4121 3264 4187 16;
3292 4122 3628 4176 BURCHARD.
3662 4118 3767 4175 lib.
3790 4136 3865 4181 ιι,

2192 4231 2241 4271 c.
2277 4215 2388 4285 18.)
2415 4212 2743 4269 Illitteratos
2767 4226 3012 4285 quoque
3037 4214 3140 4267 aut
3159 4209 3361 4283 aliqua
3390 4214 3559 4282 parte
3584 4208 3867 4281 corporis

2190 4303 2540 4360 imminutos
2560 4317 2740 4359 nemo
2768 4305 3097 4375 praesumat
3128 4300 3207 4356 ad
3231 4299 3457 4356 clerum
3486 4298 3818 4372 provehere
3846 4318 3864 4363 ;

2192 4392 2335 4466 quia
2361 4408 2473 4448 nec
2519 4391 2722 4447 litteris
2777 4406 2987 4446 carens
3043 4388 3229 4445 sacris
3273 4404 3404 4444 esse
3453 4390 3647 4462 potest
3676 4390 3869 4460 aptus

2191 4481 2423 4550 ofﬁciis,
2456 4484 2512 4537 et
2535 4480 2821 4536 vitiosum
2855 4478 3004 4534 nihil
3038 4481 3157 4534 Deo
3195 4492 3443 4550 prorsus
3473 4474 3673 4531 otferri
3696 4474 3870 4545 lega-

2189 4570 2268 4627 lia
2297 4574 2593 4644 praecepta
2619 4572 2967 4625 sanxerunt.
2985 4566 3258 4625 Similiter
3277 4564 3383 4639 qui
3404 4565 3637 4638 seipsos
3662 4563 3871 4621 absci-

2190 4659 2338 4716 dunt
2371 4661 2638 4731 (Decreta
2670 4660 2916 4727 Gerasn,
2949 4673 2999 4713 c.
3038 4656 3145 4725 17).

2224 4769 2314 4825 Ne
2341 4767 2649 4824 criminosi
2675 4766 2756 4822 ad
2778 4766 3443 4891 clez'unztafsumantur.
3483 4760 3583 4817 Ea:
3615 4759 3821 4817 eadem

2880 4852 3002 4891 ems
3033 4853 3065 4891 ο
3095 4851 3152 4891 a.
3452 4863 3465 4872 ο

2880 4851 3152 4906 epistom.
3452 4863 3465 4872 ο

2261 4945 2549 5002 CCCCXII.
2592 4945 2865 5016 (Decreta
2904 4945 3155 5011 Gerasn,
3188 4959 3238 4998 c.
3277 4942 3377 5009 18;
3420 4939 3525 4996 lib.
3567 4955 3645 4994 vn
3675 4939 3877 5008 Capi-

2188 5031 2377 5091 tutar.
2410 5050 2460 5089 c.
2491 5034 2600 5104 50.)
2635 5036 2713 5089 Ne
2741 5032 3044 5090 criminosi
3073 5032 3151 5089 ad
3181 5031 3405 5088 clerum
3435 5027 3875 5087 admittantur-

2190 5122 2281 5179 Ait
2305 5122 2465 5179 enim
2498 5122 2817 5193 Apostolus
2844 5139 2856 5177 :
2905 5123 3153 5178 Manum
3184 5120 3409 5178 nemini
3425 5119 3542 5175 cito
3572 5118 3881 5186 imposue-

2190 5212 2308 5278 ris,
2400 5224 2588 5281 neque
2675 5209 3202 5265 communicaveris
3284 5212 3548 5277 peccatis
3636 5204 3879 5260 alienis

2191 5301 2250 5372 (Ι
2278 5300 2423 5355 Tim.
2456 5298 2537 5370 v.)

2192 5445 2280 5497 est
2306 5456 2380 5496 ex
2408 5439 2754 5496 Burchardo
2800 5444 2861 5496 et
2904 5438 3082 5496 veteri
3112 5437 3212 5494 illa
3243 5434 3587 5492 collectione
3612 5450 3625 5489 :
3656 5432 3885 5490 Porro

2191 5528 2395 5569 servus
2454 5528 2572 5568 non
2629 5514 2914 5568 canonice
2961 5515 3359 5577 consecratus,
3408 5512 3733 5578 postquam
3787 5506 3887 5564 de

2191 5584 2390 5658 gradu
2430 5584 2726 5651 ceciderit,
2759 5586 2886 5652 ejus
2935 5586 3009 5638 sit
3049 5576 3425 5640 conditionis
3444 5576 3619 5649 cujus
3644 5576 3887 5645 fuerat

2193 5660 2337 5712 ante
2365 5655 2639 5712 aradum.

2193 5672 2337 5714 ante
2364 5672 2639 5726 gradum.

2265 5727 2412 5799 (226)
2454 5724 2592 5782 Vide
2621 5729 3006 5783 Innocentem
3037 5725 3108 5782 lll
3138 5723 3241 5782 lib.
3277 5739 3337 5792 ι,
3371 5722 3544 5795 epist.
3584 5718 3709 5775 124.
