4044 6196
219 105 313 158 273

1165 98 1254 152 DE
1294 97 1580 154 ECCLES.
1625 96 1917 153 DISCIPL.
1962 98 2138 154 LIBRI
2180 102 2342 158 DUO.
2380 132 2448 141 —-
2490 101 2618 156 LIB.
2664 100 2703 155 Ι.

3538 106 3641 158 274»

240 227 306 282 Ut
356 222 716 300 daemonibus
769 222 1181 300 similibusque
1228 225 1609 300 passionibus
1640 224 1878 300 _irretiti
1908 224 1955 277 A
1988 224 2134 282 stica
2164 225 2423 297 dignitas
2448 227 2791 283 nullatenus
2822 226 3068 299 recipit;
3110 228 3443 300 praesertim
3501 244 3639 284 cum

306 293 622 351 ministeria
650 307 829 349 sacra
860 293 1127 351 tractare
1156 293 1276 351 non
1305 295 1575 351 debeant.
1628 296 1727 350 Ex
1782 310 1876 350 ea-

303 367 420 421 dem
454 365 721 433 epistola.

306 450 439 526 (267)
473 452 784 510 CCCCXIII.
822 455 1098 519 (Decreta
1170 456 1421 525 Geusu,
1477 472 1527 509 c.
1581 460 1681 522 t9;
1737 457 1871 510 Bun-

237 560 418 600 mmw.
445 541 549 598 lib.
582 559 641 611 ιι,
675 559 726 599 c.
757 543 871 615 20).
896 546 1091 617 Usque
1121 544 1274 601 adeo
1305 560 1450 602 sane
1470 543 1873 617 comperimus

235 631 416 689 illicita
443 646 701 704 quaeque
730 648 1121 706 prorumpere
1150 637 1216 689 ut
1244 633 1623 689 daemonibus
1666 630 1871 688 simili-

231 722 453 794 busque
482 721 868 793 passionibus
891 722 1144 780 irretitos
1171 722 1456 795 mysteria
1489 727 1871 779 sacrosancta

230 816 461 868 tractare
487 810 801 867 tribuatur.
835 812 915 867 Et
938 818 1077 882 post
1116 812 1289 884 188
1316 828 1536 882 pauca.
1573 812 1627 869 Si
1658 827 1870 884 corpo-

226 916 285 957 re
310 900 638 956 sauciatum
661 903 765 956 aut
792 900 1052 957 debilem
1080 917 1469 977 nequaquam
1501 906 1711 957 sancta
1732 915 1869 956 con-

228 990 431 1060 tingere
456 989 551 1046 lex
584 989 790 1046 divina
841 991 1139 1064 prohibet,
1196 995 1424 1065 quanto
1480 991 1675 1062 magis
1721 990 1866 1047 doni

224 1080 461 1137 cmlestis
492 1079 937 1153 dispensatores
965 1097 1089 1138 non
1113 1082 1410 1153 convenit,
1437 1082 1603 1155 quod
1625 1085 1714 1137 est
1759 1082 1865 1137 de-

225 1170 407 1241 terius,
433 1173 634 1226 mente
654 1170 963 1244 perculsos
989 1172 1189 1244 (268)?

219 1261 300 1316 De
314 1260 453 1329 ﬁliis
481 1261 976 1329 concubinam,
1003 1276 1078 1318 ne
1101 1261 1183 1317 ad
1203 1262 1428 1318 clerum
1454 1266 1860 1318 assumantur.

450 1331 547 1387 E1:
573 1332 825 1388 concilio
855 1332 1304 1402 Aurelianensi,
1352 1348 1485 1403 cap.
1524 1332 1608 1389 10.

289 1420 584 1476 CCCCXIV.
619 1420 874 1489 (Concil.
896 1421 1213 1478 Aurelian.
1243 1436 1332 1487 ιιι,
1356 1437 1408 1476 c.
1441 1426 1472 1478 9
1495 1440 1508 1490 ;
1531 1422 1858 1476 Buncmno.

219 1506 315 1562 lib.
344 1525 399 1575 ιι,
430 1524 480 1563 c.
520 1508 622 1579 I7.)
648 1511 728 1564 De
761 1508 856 1564 his
882 1509 988 1582 qui
1014 1525 1087 1565 ex
1138 1508 1492 1565 concubinis
1549 1508 1704 1564 ﬁlios
1760 1509 1863 1565 ha-

215 1594 364 1661 bent,
394 1601 449 1651 et
482 1613 697 1652 uxores
726 1580 1021 1667 legitimas
1054 1598 1414 1667 habuerunt,
1456 1603 1512 1654 et
1563 1596 1859 1653 defunctis
1898 1580 1936 1633 Β

211 1684 490 1741 uxoribus
522 1685 636 1741 sibi
666 1687 1035 1743 concubinas
1062 1686 1307 1759 publice
1344 1687 1737 1754 sociaverunt,
1796 1687 1856 1742 id

210 1774 652 1831 observandum
682 1776 1050 1846 censuimus,
1105 1781 1172 1832 ut
1214 1777 1365 1832 sicut
1413 1793 1515 1833 eos
1572 1776 1672 1848 qui
1727 1777 1855 1847 jam

206 1862 388 1918 clerici
416 1879 531 1936 per
559 1863 963 1936 ignorantiam
984 1865 1241 1937 ordinati
1267 1869 1406 1921 sunt
1433 1881 1559 1921 non
1588 1880 1853 1921 remove-

204 1967 349 2018 mus,
376 1952 461 2008 ita
499 1952 816 2009 statuimus
844 1968 920 2009 ne
946 1952 1193 2009 ulterius
1224 1953 1594 2010 ordinentur.

202 2041 280 2096 De
302 2042 651 2110 raptoribus
673 2042 1424 2184 υἰῖὲἷέἶέᾌὲιοιὲἕαῶιῖωη.
1460 2044 1561 2099 Ea:
1601 2045 1854 2100 concilio

266 2201 549 2258 CCCCXV.
580 2202 831 2268 (Concil.
865 2203 1049 2259 Meld.
1080 2219 1131 2260 c.
1167 2205 1280 2270 64.)
1338 2206 1622 2276 Raptores
1678 2203 1853 2273 virgi-

200 2306 337 2345 num
364 2295 421 2346 et
451 2290 781 2347 viduarum
808 2292 979 2363 (269),
1012 2292 1115 2364 qui
1142 2291 1323 2348 etiam
1375 2296 1589 2363 postea
1636 2292 1851 2347 volun-

201 2381 307 2433 tate
338 2384 670 2450 parentum
698 2396 800 2435 eas
829 2380 1005 2453 quasi
1032 2380 1434 2454 desponsatas
1462 2379 1576 2435 sub
1606 2379 1856 2436 dotalitii

197 2467 438 2523 nomine
461 2467 525 2522 in
555 2468 904 2538 conjugium
935 2467 1253 2535 duxerunt,
1287 2468 1542 2540 publicae
1570 2468 1857 2541 poeniten-

198 2554 276 2610 tia:
312 2556 786 2626 subjungantur,
820 2561 880 2612 at
907 2561 1043 2629 post
1070 2556 1377 2630 publicam
1421 2556 1854 2630 paenitentiam,

195 2658 258 2697 ne
283 2644 348 2698 in
374 2644 559 2716 pejus
586 2648 889 2713 corruant,
923 2645 1136 2700 iterum
1168 2645 1585 2701 convenientes
1614 2645 1689 2701 de
1747 2662 1858 2701 cae-

198 2736 310 2788 tero
342 2731 751 2805 eleemosynis
782 2738 838 2789 et
867 2733 1092 2790 caeteris
1119 2733 1585 2807 quibuscunque
1641 2734 1857 2791 salviﬁ-

197 2838 270 2876 cae
296 2822 770 2879 conversationis
800 2824 1136 2879 actionibus
1174 2824 1462 2880 inservire
1516 2825 1689 2897 189
1719 2841 1855 2897 pro-

197 2917 415 2981 curent,
442 2928 762 2985 usquequo
788 2912 867 2969 ab
896 2929 1075 2986 opere
1105 2912 1403 2985 conjugali
1436 2931 1508 2970 ex
1551 2930 1850 2971 consensu
1888 2929 1929 2982 ο

198 3015 252 3054 se
273 3000 518 3057 valeant
537 3000 859 3058 abstinere.

657 3092 743 3147 De
760 3092 904 3160 ﬁliis
932 3107 1051 3147 non
1083 3092 1381 3163 legitimis.

260 3180 554 3236 CCCCXVI
587 3180 835 3236 (Concil.
869 3181 1051 3237 Meld.
1095 3198 1145 3237 c.
1206 3184 1295 3249 64,
1328 3185 1385 3237 et
1415 3183 1462 3250 1,
1494 3198 1554 3254 q.
1605 3188 1660 3252 7,
1711 3198 1844 3255 cap.

199 3268 323 3323 Tali
348 3271 684 3341 confugio.)
716 3269 837 3325 Filii
870 3285 1009 3326 vero
1034 3286 1105 3326 ex
1144 3270 1568 3342 hujuscemodi
1622 3271 1850 3345 vitupe-

195 3356 355 3414 rabili
377 3359 809 3430 conjunctione
835 3364 972 3416 ante
998 3360 1348 3432 conjugium
1379 3361 1580 3418 minus
1633 3361 1847 3418 lauda-

196 3446 300 3502 bile
319 3448 641 3521 procreati,
675 3448 754 3505 ad
779 3448 1242 3507 ecclesiasticam
1272 3446 1650 3521 ’dignitatem
1682 3452 1847 3508 nullo

195 3538 365 3594 modo
393 3539 834 3611 provehantur,
858 3555 969 3596 nec
995 3540 1069 3596 de
1114 3540 1214 3597 tali
1260 3541 1546 3613 conjugio
1582 3543 1848 3613 generati

196 3625 600 3683 ecclesiasticis
639 3626 953 3683 ordinibus
982 3628 1378 3701 applicentur,
1411 3629 1528 3684 nisi
1571 3628 1718 3705 forte
1745 3645 1849 3685 eos

198 3720 290 3770 aut
312 3717 589 3773 maxima
612 3717 885 3774 Ecclesiae
926 3717 1146 3775 utilitas
1192 3722 1295 3775 aut
1341 3718 1663 3775 necessitas
1714 3734 1850 3791 pos-

199 3803 346 3874 tulet,
374 3812 481 3863 aut
522 3805 773 3863 evidens
828 3806 1177 3863 meritorum
1234 3807 1633 3879 praerogativa
1690 3823 1850 3863 com-

200 3893 443 3951 mendet.
1124 3890 1128 3895 ’

467 3986 567 4040 De
593 3984 796 4042 eadem
837 3999 921 4040 re.
952 3985 1054 4040 Ez-
1095 3985 1249 4055 Lege
1272 3986 1563 4041 Romana.

259 4073 588 4130 CCCCXVII.
616 4074 772 4143 (Gaii
788 4074 1058 4129 Institut.
1093 4073 1176 4129 tit.
1206 4074 1288 4147 4.)
1312 4074 1368 4131 Si
1402 4074 1538 4147 quis
1591 4074 1848 4131 incestas

199 4166 290 4216 aut
306 4162 572 4219 nefarias
602 4162 841 4235 nuptias
868 4162 1083 4227 inierit,
1111 4177 1220 4219 nec
1255 4178 1500 4219 uxorem
1530 4163 1712 4220 habet
1738 4180 1848 4220 nec

200 4245 335 4305 ﬁlios
360 4253 527 4326 (270).
564 4255 709 4308 Nam
733 4251 795 4307 hi
826 4252 931 4325 qui
962 4269 1033 4308 ex
1064 4252 1485 4324 hujuscemodi
1514 4253 1851 4326 conceptio—
1880 4281 1925 4334 ι)

200 4352 265 4393 ne
292 4342 410 4397 nati
434 4342 678 4409 fuerint,
709 4341 992 4414 quamvis
1018 4342 1335 4400 videantur
1371 4343 1558 4414 nasci,
1613 4347 1847 4416 patrem

205 4428 535 4489 nullatenus
562 4431 785 4488 habere
828 4435 1164 4503 censentur,
1214 4436 1270 4488 et
1322 4436 1614 4505 tanquam
1665 4433 1715 4488 si
1770 4433 1846 4489 de

202 4515 477 4577 adulterio
507 4520 786 4593 concepti
806 4520 1062 4576 fuissent
1088 4520 1471 4594 deputantur.

201 4605 614 4667 Ecclesiastica
636 4611 899 4682 dignitas
915 4627 1035 4667 non
1061 4612 1273 4681 recipit
1309 4613 1467 4681 ﬁlios
1511 4628 1586 4668 ex
1628 4613 1843 4668 illicito

744 4683 1061 4739 concubitu
1091 4688 1282 4738 natos.

265 4772 618 4829 CCCCXVIII.
644 4774 759 4828 Eos
786 4772 988 4844 itaque
1017 4788 1172 4845 quos
1202 4771 1459 4845 publica:
1504 4771 1667 4843 leges
1718 4788 1845 4828 non

207 4858 532 4930 admittunt,
560 4863 666 4919 sed
710 4862 871 4919 velut
921 4861 1183 4918 infamia:
1240 4861 1492 4917 maculis
1539 4878 1844 4935 respersos

209 4957 507 5021 respuunt,
540 4956 598 5008 et
625 4953 803 5025 quasi
829 4952 1154 5022 degeneres
1183 4951 1539 5024 despiciunt,
1574 4952 1844 5009 ecclesia-

231 5122 241 5132 .
266 5055 632 5132 (26‘7_)4Caput
654 5061 759 5132 412
790 5057 975 5132 vicem
1003 5056 1315 5132 obtinebat
1335 5056 1634 5132 lemmatis
1653 5059 1713 5132 in
1727 5057 1848 5132 edi-

209 5126 348 5182 tione
379 5126 914 5186 Heluirestadiensi.
945 5129 1241 5195 Quoniam
1290 5145 1430 5185 vero
1486 5129 1582 5186 hic
1641 5130 1843 5186 titulus

207 5208 318 5282 non
347 5199 746 5282 conveniebat
786 5200 963 5282 capiti
1010 5203 1134 5265 413,
1194 5200 1252 5255 in
1308 5216 1431 5282 quo
1484 5202 1558 5257 de
1610 5201 1847 5282 diversa

206 5280 436 5345 prorsus
464 5271 715 5345 materia
746 5272 1114 5345 agitur_,nos,
1138 5286 1219 5345 ne
1244 5271 1391 5343 quid
1402 5273 1685 5345 remorari
1704 5288 1846 5345 pos-

209 5342 286 5417 set
310 5339 611 5417 lectorem,
646 5339 884 5417 singula
910 5339 1311 5417 distinximus.
1357 5345 1506 5399 Tum
1559 5339 1847 5399 lemmata

209 5406 291 5463 his
318 5410 561 5467 duobus
591 5406 887 5471 capitibus
916 5413 1263 5469 addidimus
1293 5430 1365 5469 ex
1396 5418 1619 5471 nostro.

271 5481 414 5559 (266)
444 5484 585 5559 Vide
611 5481 843 5559 librum
867 5501 968 5541 VIII
995 5484 1268 5559 Capitul,
1302 5500 1436 5559 cap.
1470 5486 1556 5542 51.

272 5555 415 5626 (269)
447 5554 588 5611 Vide
607 5556 759 5614 infra
786 5555 889 5612 lib.
917 5572 979 5628 ιι,
1002 5554 1133 5628 cap.
1160 5555 1279 5612 159.

1985 312 2132 369 nihil
2159 315 2534 372 maculosum
2570 319 2687 371 Deo
2725 316 2832 371 rite
2869 316 3062 387 possit
3114 313 3313 370 offerri
3370 315 3457 370 vel
3509 316 3638 386 ejus

1984 403 2219 459 servitio
2245 404 2554 477 applicari.
2963 443 2969 447 ~

1985 492 2054 548 Ut
2085 495 2291 550 nullus
2320 494 2571 551 alterius
2596 493 2885 562 suscipiat
2918 495 3222 550 clericum.
3260 495 3334 549 In
3391 494 3635 549 canoni-

2526 565 2631 620 bus
2661 565 3088 632 apostolorum.

2052 654 2355 710 CCCCXIX.
2392 655 2640 726 (Conon.
2667 654 2992 722 apostolor.
3029 670 3080 708 c.
3148 654 3253 726 16.)
3308 652 3634 726 Episcopus

1978 740 2140 812 apud
2172 727 2353 814 quem
2386 741 2629 797 clericos
2660 739 2899 795 alterius
2928 746 3197 796 moratos
3229 757 3358 796 esse
3415 740 3632 796 consti—

1977 829 2126 896 terit,
2152 830 2198 884 si
2232 831 2405 901 190
2438 834 2645 885 contra
2672 845 2774 884 eos
2790 828 3090 884 decretam
3108 830 3501 884 cessationem
3524 845 3633 902 pro

1974 917 2159 973 nihilo
2184 923 2790 993 reputans,tanquam
2817 917 3062 973 clericos
3082 917 3329 973 fortasse
3361 934 3634 989 suscepe-

1974 1005 2068 1077 rit,
2128 1005 2289 1062 velut
2338 1006 2624 1077 magister
2702 1004 3130 1078 inquietudinis
3203 1003 3628 1060 communione

1974 1095 2257 1167 privetur.

1982 1185 2053 1240 Ut
2084 1186 2348 1241 alienum
2390 1186 2668 1242 clericmn
2718 1200 2888 1241 nemo
2936 1185 3200 1253 suscipit.
3252 1184 3351 1239 Ea:
3376 1183 3625 1239 decretis

2540 1258 2747 1312 Leonis
2778 1257 3053 1326 episcopi.

2042 1344 2320 1402 CCCCXX.
2356 1346 2630 1417 (Decreta
2664 1348 2867 1401 Leoms
2898 1346 2939 1413 Ι,
2965 1362 3014 1399 c.
3036 1347 3144 1416 39.)
3176 1344 3449 1399 Alienum
3467 1343 3628 1398 cleri-

1969 1451 2107 1489 cum
2134 1434 2320 1490 invito
2344 1435 2628 1507 episcopo
2656 1435 2845 1507 ipsius
2865 1450 3045 1490 nemo
3076 1433 3379 1506 suscipiat,
3442 1448 3624 1487 nemo

1968 1522 2254 1586 sollicitet,
2313 1523 2424 1578 nisi
2468 1524 2617 1578 forte
2670 1540 2743 1579 ex
2771 1523 2990 1596 placito
3029 1522 3330 1579 charitatis
3358 1521 3420 1577 id
3472 1521 3624 1576 inter

1964 1612 2208 1668 dantem
2240 1612 2750 1684 accipientemque
2771 1611 3107 1667 conveniat.
3139 1614 3287 1665 Nam
3317 1610 3512 1679 gravis
3535 1609 3621 1664 in-

1957 1699 2137 1770 juriae
2163 1715 2299 1755 reus
2320 1705 2409 1755 est
2431 1699 2532 1772 qui
2564 1699 2639 1754 de
2668 1699 2868 1755 fratris
2913 1697 3171 1753 Ecclesia
3223 1696 3286 1752 id
3333 1696 3497 1769 quod
3528 1701 3619 1751 est

1964 1788 2163 1844 utilius
2193 1792 2299 1844 aut
2327 1788 2642 1860 pretiosius
2654 1788 2837 1844 audet
2858 1786 2949 1842 vel
2974 1785 3230 1856 adjicere
3262 1784 3345 1855 [in
3368 1785 3617 1854 epistola

1963 1879 2196 1947 Leonis,
2225 1876 2484 1948 allicere]
2506 1877 2599 1933 vel
2631 1883 2848 1933 tenere.

2417 1987 2503 2041 De
2533 1986 2868 2056 transfugis
2906 1984 3157 2040 clericis.

2030 2076 2336 2131 CCCCXXI.
2376 2077 2647 2143 (Decreta
2670 2077 2871 2130 Leoms
2889 2074 2931 2139 Ι,
2952 2089 3003 2129 c.
3034 2077 3148 2141 39.)
3168 2072 3372 2143 Itaque
3393 2071 3441 2125 si
3460 2071 3615 2127 intra

1958 2163 2335 2236 provinciam
2362 2180 2457 2219 res
2504 2164 2721 2233 agitur,
2768 2161 3143 2231 transfugam
3199 2159 3481 2215 clericum
3536 2159 3616 2214 ad

1963 2252 2284 2308 Ecclesiam
2317 2269 2492 2308 suam
2521 2251 3020 2324 metropolitanus
3048 2249 3241 2304 redire
3274 2248 3613 2319 compellat.

1964 2340 2020 2397 Si
2047 2345 2247 2395 autem
2279 2340 2517 2408 longius
2549 2338 2808 2407 recessit,
2840 2337 2926 2393 tui
2954 2336 3233 2408 prmcepti
3266 2334 3615 2393 auctoritate

1962 2428 2338 2485 revocabitur
2370 2428 2536 2499 (271).

2594 2517 2761 2573 Unde
2787 2530 2995 2584 supra.

2035 2607 2361 2663 CCCCXXII.
2398 2606 2653 2676 (Regula
2682 2608 2744 2661 S.
2778 2604 3053 2660 Ferreoli
3075 2620 3125 2658 c.
3159 2606 3228 2659 20
3253 2620 3266 2669 ;
3292 2604 3611 2658 Βιῑιιιῖιιλιιι).

1960 2695 2062 2751 lib.
2096 2711 2225 2761 vm,
2251 2711 2301 2751 c.
2337 2696 2452 2767 26.)
2484 2694 2816 2763 Fugitivum
2842 2709 2979 2749 vero
3011 2692 3313 2756 clericum,
3346 2695 3449 2747 aut
3494 2707 3619 2746 mo-

1960 2784 2224 2841 nachum
2249 2783 2625 2839 deserentem
2655 2782 3059 2855 disciplinam,
3119 2780 3299 2836 veluti
3348 2784 3616 2837 contem-

1959 2878 2193 2946 ptorem
2213 2872 2439 2945 placuit
2464 2888 2765 2929 revocare.
3552 2870 3553 2875 ‘

2024 2981 2218 3052 191.
2252 2983 2338 3036 De
2360 2980 2561 3036 eadem
2588 2994 2671 3035 re.
2699 2980 2799 3035 Ex
2826 2978 3001 3033 dictis
3031 2978 3252 3033 Basilii
3272 2978 3548 3047 episcopi.

2029 3086 2386 3143 CCCCXXIII.
2423 3087 2759 3157 (Buucusnu.
2792 3084 2896 3142 lib.
2930 3100 2988 3152 ιι,
3013 3086 3165 3152 228.)
3196 3083 3416 3155 Si,quis
3470 3099 3610 3139 eum

1956 3176 2060 3250 qui
2085 3175 2511 3231 districtionem
2542 3174 3008 3231 ecclesiasticam
3033 3188 3155 3228 non
3186 3171 3381 3229 ferens
3406 3171 3615 3242 fugam

1956 3264 2232 3321 meditari
2261 3264 2591 3335 agnoverit,
2622 3264 2669 3319 si
2698 3280 2821 3320 non
2853 3262 3052 3319 statim
3074 3260 3422 3335 prodiderit,
3473 3277 3614 3334 pro-

1955 3354 2193 3411 ditionis
2225 3353 2380 3410 illius
2409 3354 2762 3427 participem
2806 3369 2868 3409 se
2926 3368 3055 3409 esse
3107 3366 3229 3407 non
3280 3350 3530 3420 dubitet,
3558 3354 3617 3405 et

1958 3444 2164 3500 tandiu
2213 3460 2249 3499 a
2306 3448 2607 3500 conventu
2661 3444 2913 3499 fratrum
2994 3439 3463 3513 sequestrandus
3528 3444 3616 3494 est

1954 3532 2228 3605 quandiu
2248 3532 2343 3588 ille
2376 3531 2567 3589 valeat
2597 3531 2886 3586 revocari.

1962 3641 2034 3696 Ut
2057 3641 2263 3696 clerici
2288 3655 2423 3695 cum
2444 3639 2707 3707 epistolis
2729 3636 2989 3706 episcopi
3006 3637 3101 3690 sui
3120 3634 3609 3703 proﬁciscantur.

2320 3710 2419 3765 Ex
2444 3709 2787 3765 Canonibus
2817 3707 3245 3775 apostolorum.

2027 3818 2380 3872 CCCCXXIV.
2417 3817 2671 3883 (Canon.
2702 3813 3043 3887 Apostolor.
3069 3828 3120 3868 c.
3149 3812 3209 3867 13
3240 3829 3253 3879 ;
3285 3811 3609 3867 Βυιιειιιιιιι).

1956 3907 2058 3963 lib.
2091 3924 2151 3979 ιι,
2187 3922 2240 3972 c,
2279 3906 2433 3976 136.).
2453 3905 2510 3963 Si
2531 3904 2666 3977 quis
2687 3903 2937 3960 clericus
2970 3906 3074 3959 aut
3095 3901 3285 3958 laicus
3338 3899 3419 3957 ad
3470 3899 3612 3956 alte-

1954 4013 2087 4054 ram
2115 4000 2397 4071 properat
2424 3995 2745 4065 civitatem,
2773 3998 2830 4050 et
2859 3992 3179 4067 suscipitur
3208 3995 3423 4065 praeter
3447 4006 3607 4046 com-

1955 4084 2335 4142 mendatitias
2363 4083 2667 4156 epistolas,
2699 4087 2756 4140 et
2783 4083 2887 4157 qui
2918 4080 3316 4156 susceperitet
3338 4080 3440 4154 qui
3467 4097 3603 4136 sus~

1954 4180 2161 4247 ceptus
2185 4178 2272 4231 est
2298 4172 2722 4230 communione
2753 4173 3035 4246 privetur.

2148 4285 2235 4340 De
2255 4283 2460 4339 eadem
2490 4298 2574 4337 re.
2606 4283 2704 4337 Ea:
2728 4281 2980 4338 concilio
3009 4258 3399 4337 Antiocheno.

2025 4388 2351 4444 CCCCXXV.
2399 4386 2652 4454 (Concil.
2705 4388 2983 4444 Antioch.
3037 4402 3089 4441 c.
3140 4391 3170 4439 7
3212 4402 3226 4451 ;
3286 4386 3604 4440 Buncnsno.

1951 4474 2054 4531 lib.
2083 4491 2148 4545 ιι,
2181 4491 2231 4530 c.
2270 4474 2416 4543 137.)
2447 4474 2650 4555 Nullus
2679 4473 3135 4547 peregrinorum
3164 4470 3291 4526 sine
3320 4469 3604 4542 paciﬁcis,

1951 4564 2012 4620 id
2043 4567 2154 4632 est,
2187 4562 2693 4619 commendatitiis
2724 4560 3081 4632 suscipiatur
3108 4557 3396 4632 epistolis.

2092 4671 2180 4726 De
2203 4670 2406 4726 eadem
2438 4685 2522 4726 re.
2558 4670 2659 4724 Ea:
2688 4666 2941 4724 concilio
2972 4663 3458 4721 Chalcedonensi.

2019 4776 2368 4832 CCCCXXVI.
2400 4776 2655 4843 (Concil.
2688 4773 3044 4830 Chalcedon.
3074 4770 3206 4826 c.13
3233 4788 3246 4837 ;
3279 4771 3600 4824 Bmcumu.

1947 4866 2052 4922 lib.
2089 4881 2154 4930 ιι,
2206 4880 2338 4938 cap.
2392 4865 2535 4935 139.)
2592 4862 2940 4933 Peregrinos
2997 4859 3239 4915 clericos
3274 4862 3330 4914 et
3356 4857 3603 4945 lectores

1946 4956 2010 5012 in
2066 4954 2189 5011 alia
2240 4953 2473 5010 civitate
2530 4956 2745 5027 praeter
2810 4949 3329 5006 commendatitias
3378 4948 3600 5005 litteras

2043 5065 2172 5129 270)
2202 5061 2345 5117 Vide
2374 5060 2475 5116 lib.
2511 5077 2549 5115 ιι
2578 5063 2714 5130 Leg.
2742 5057 3030 5130 Longob.,
3060 5055 3145 5130 tit.
3179 5059 3231 5126 8,
3259 5071 3436 5130 capp.
3461 5059 3525 5130 4,
3544 5060 3597 5112 5.

2046 5127 2170 5202 271)
2205 5137 2268 5188 In
2299 5132 2555 5188 editione
2612 5127 3123 5202 Helmaestadiensi
3172 5133 3231 5202 et
3270 5127 3354 5184 inw
3377 5127 3600 5202 'codice

1952 5196 2212 5262 Pariensi
2240 5203 2475 5273 legitur,
2507 5204 2604 5257 sui
2618 5201 2910 5271 praecepti
2926 5196 3285 5257 auctoritate
3306 5199 3603 5273 revocabi-

1955 5283 2076 5333 tur.
2102 5270 2328 5331 Verurri
2350 5270 2560 5329 sensus
2588 5270 2901 5341 repugnat.
2928 5274 3214 5328 Praeterea
3232 5272 3294 5327 in
3315 5270 3599 5326 omnibus

1954 5345 2341 5420 epistolarum
2373 5343 2588 5420 Leonis
2605 5342 2965 5420 editionibus
2978 5342 3193 5420 legitur
3229 5343 3335 5420 tui.
3351 5342 3600 5420 _ngitur

1955 5413 2117 5474 enim
2145 5416 2242 5487 hic
2261 5415 2336 5487 de
2367 5415 2714 5487 auctoritate
2744 5413 3597 5487 Anastasiiepiscopifl‘hessa-

1954 5486 2281 5560 lonicensis
2310 5486 2372 5541 in
2401 5485 2720 5560 provinciis
2744 5482 3402 5560 IllyricianisWide'Alib.
3435 5499 3472 5538 v
3523 5482 3598 5538 de

1960 5557 2291 5616 Concordia
2315 5557 2628 5615 sacerdotii
2656 5562 2715 5614 et
2739 5557 2992 5631 imperii,
3016 5560 3246 5629 cap.‘27,
3276 5557 3304 5621 ξ
3330 5559 3380 5607 ξς.
