4046 6190
225 99 333 153 277
1184 97 1272 150 DE
1312 95 1590 152 EGOLES.
1625 95 1702 151 ’Βί
1711 93 1863 148 περ

1979 91 2164 152 unm
2197 93 2378 148 nuo.
2421 125 2492 134 --ο
2535 96 2668 150 me.
2713 98 2754 175 ι.
2838 125 2847 144 κ
3017 169 3029 175 _
3581 109 3686 162 27s

1685 249 1898 291 GRECE
1938 249 2138 290 LITER
2149 247 2195 288 Β
2204 277 2214 287 .

215 361 255 415 Ι.
586 365 620 412 Α
740 358 888 415 Alfa.
1337 371 1346 420 l
1409 365 1467 416 X.
1769 362 1786 409 Ι

1979 360 2072 411 ita.
2541 365 2550 420 l
2616 360 2674 414 (ἶ.
2978 369 3015 415 Ρ
3130 367 3232 420 ΒΟ.

217 435 279 486 ΙΙ.
371 438 392 458 ⁴
583 438 621 483 Β
739 431 898 486 Béta.
1337 429 1511 504 lxx.
1769 435 1809 480 K

1979 441 2166 504 appa.
2539 429 2550 504 ι
2613 431 2742 504 CC.‘
2979 441 3010 486 Σ
3130 436 3330 504 Sigma

216 506 305 576 ill.
581 508 622 554 Γ
741 504 1015 576 Gemma.
1337 498 1553 576 |xxx.
1769 507 1804 551 Λ
1917 498 2171 576 _l_.apda.
2535 498 2762 576 10420.
2973 512 3015 556 Τ

214 575 300 648 ιγ.
585 581 623 626 Δ
733 573 915 648 pelta.
1335 570 1509 648 liiL
1769 577 1813 622 Μ
1914 570 2012 648 itii.
2539 570 2810 648 lcum.
2979 583 3018 628 γ
3123 580 3231 648 By.

212 647 273 698 V.
586 651 624 697 Ε
735 643 857 716 Epi.
1335 643 1346 716 ᾖ
1411 647 1467 702 L-
1771 648 1808 716 Ν

1979 641 2026 690 i.-
2534 641 2550 716 ,'
2619 649 2678 700 l).
2971 653 3010 700 ψ
3113 641 3244 704 Piu'.

211 688 306 792 id;
585 688 624 771 ἔ
733 688 952 792 ζέὲἕίοη-
1333 688 1530 792 iiii;
1763 688 1803 792 ὲ
1914 688 2028 792 Si?)
2180 781 2190 792 .
2534 688 2722 792 liii;-
2971 688 3014 770 ἒ(

211 787 326 839 VH.
583 793 624 838 Z
732 789 884 842 Zeta.
1333 777 1553 857 ILXX.
1761 790 1806 832 υ
1917 777 2247 857 ρ,”1)ιιθνίςι.
2537 777 2762 857 Iit-CC.
2968 793 3014 839 Ψ
3121 791 3234 846 Psi.

209 857 352 930 ΥΙΙΙ.
583 864 628 908 li
739 861 860 930 Eta.
1337 851 1611 930 ILXXX.
1770 860 1806 904 ll
1923 851 2014 930 Εἰ·
2065 920 2082 930 1
2527 851 2802 926 θυΟΟΟ.
2961 866 3008 912 Ω
3117 860 3390 930 Olonga.

211 929 296 986 ιχ,
581 935 630 979 θ
740 928 939 984 meta,
1331 920 1345 985 j
1407 929 1510 984 xc,
1917 920 2164 990 Cophe.
2526 921 2540 981 ἰ
2605 930 2846 986 DCCCC.
3088 920 3664 990 EunuchostJiile.

1331 711 1348 985 l

287 1079 466 1158 196
509 1082 831 1134 Numerant
880 1081 1087 1133 autem
1125 1078 1244 1133 ita:
1278 1077 1418 1143 mia,
1453 1077 1574 1148 dia,
1601 1077 1731 1140 tria,
1765 1079 1878 1129 tcs-
1909 1075 1961 1126 A

205 1183 363 1234 sera,
399 1171 598 1240 pente,
632 1183 762 1235 exn,
796 1172 956 1242 epta,
981 1167 1165 1236 ogda,
1198 1183 1332 1234 nea,
1357 1167 1523 1232 deca,
1554 1165 1724 1234 iCOSi,
1748 1163 1880 1220 trie-

201 1259 332 1326 pta,
378 1259 636 1318 serenta,
689 1255 942 1328 nirenta,
993 1261 1232 1322 exenia,
1283 1255 1652 1323 ebdominta,
1693 1253 1882 1322 ogdo-

200 1343 424 1412 minta,
456 1345 821 1413 enneminta,
854 1349 1090 1412 ecaton,
1123 1345 1350 1410 diacos,
1371 1349 1644 1415 tetracos,
1672 1348 1880 1417 penta-

199 1447 336 1500 cos,
371 1448 610 1501 exacos,
637 1431 926 1504 ebdacos,
959 1433 1250 1500 ogdacos,
1275 1447 1555 1500 ennacos,
1581 1436 1689 1488 etc.
1711 1432 1875 1502 (273).

567 1521 907 1588 Exemplar
941 1522 1208 1590 epistolae
1231 1526 1526 1593 formatae.

275 1608 730 1664 CCCCXXXVIII.
765 1609 913 1680 (lvo,
948 1613 1103 1688 part.
1139 1627 1218 1674 vi,
1254 1627 1302 1664 c.
1344 1613 1483 1668 t3-i.)
1530 1610 1591 1664 In
1631 1609 1878 1666 nomine

203 1703 266 1752 Π.
305 1697 519 1764 Patris,
553 1703 608 1753 et
635 1703 697 1768 Υ⁷
730 1697 875 1772 Filii,
905 1703 964 1755 et
991 1704 1055 1766 A,
1090 1699 1339 1772 Spiritus
1379 1699 1589 1755 sancti.
1623 1699 1876 1755 Rathbe-

197 1785 318 1840 dus
348 1791 573 1842 sanctae
615 1788 988 1843 Treverensis
1044 1787 1313 1842 Ecclesiae
1351 1803 1422 1842 ac
1472 1786 1661 1860 plebis
1691 1786 1877 1860 ipsius

197 1875 450 1932 humilis
500 1875 782 1934 famulus.
819 1876 1102 1932 Rotberto
1139 1875 1464 1932 reverendo
1501 1862 1732 1932 sancite
1764 1878 1874 1932 Me-

199 1963 388 2020 tensis
421 1965 693 2022 Ecclesiae
725 1964 993 2034 antistiti,
1027 1965 1090 2020 in
1121 1965 1354 2024 Christo
1384 1969 1695 2037 pastorum
1718 1963 1878 2038 prin-

194 2055 329 2134 cipe
357 2071 713 2110 mansuram
747 2071 890 2110 cum
941 2055 1165 2124 gaudio
1193 2054 1602 2132 prosperitatis
1650 2069 1720 2108 ac
1746 2070 1876 2127 per-

196 2144 502 2216 petuitatis
533 2145 810 2214 gloriam.
835 2148 1079 2200 Decreta
1101 2149 1448 2201 sanctorum
1475 2148 1871 2202 trecentorum

192 2233 410 2288 decem
444 2238 498 2289 et
527 2238 661 2292 octo
694 2237 936 2288 Patrum
985 2233 1189 2290 Nicaeae
1220 2233 1676 2289 constitutorum
1709 2231 1872 2290 salu-

193 2321 460 2378 berrima
493 2326 824 2391 servantes,
863 2323 982 2376 Deo
1012 2319 1261 2390 dignam
1291 2321 1576 2394 piamque
1606 2319 1872 2376 fraterni-

194 2413 380 2466 tatem
411 2416 676 2468 vestram
702 2410 994 2468 canonice
1025 2409 1431 2480 aggredimur,
1457 2415 1512 2465 et
1543 2408 1656 2464 sub
1683 2410 1873 2465 nomi-
1900 2423 1946 2476 Β

141 2561 153 2572 _
190 2514 269 2560 ne
303 2498 576 2555 formatae
609 2499 875 2574 epistolas
905 2503 1244 2554 reverenter
1285 2505 1548 2554 vestram
1588 2499 1868 2555 sanctita-

189 2591 316 2642 tem
340 2588 602 2654 adimus,
633 2587 807 2644 vobis
828 2587 1050 2644 scilicet
1069 2587 1402 2644 intimando
1435 2588 1578 2660 quia
1610 2604 1870 2662 praesen-

187 2677 224 2732 ti
262 2677 622 2749 presbytero
651 2681 860 2732 nostro
891 2677 1136 2732 nomine
1164 2676 1490 2733 Gislemaro
1521 2677 1631 2732 has
1662 2676 1868 2731 dimis-

187 2767 386 2822 sorias
426 2765 707 2822 dedimus
757 2766 1008 2840 litteras,
1041 2782 1224 2838 quem
1269 2769 1330 2824 in
1369 2769 1576 2822 nostra
1627 2765 1866 2822 dimcesi

185 2856 595 2912 ecclesiastica
647 2857 995 2930 educatum,
1037 2856 1112 2912 de
1163 2856 1370 2912 ordine
1424 2855 1736 2912 clericatus
1789 2857 1868 2912 ad

184 2945 647 3019 presbyteratus
674 2946 1064 3020 proveximus
1095 2947 1371 3016 gradum,
1405 2945 1474 3002 ﬁt
1501 2944 1594 3000 his
1627 2947 1868 3001 canoni-

185 3036 276 3091 cis
308 3036 581 3091 munitus
607 3035 882 3108 apicibus
923 3051 1060 3091 cum
1112 3043 1315 3093 nostra
1338 3034 1577 3092 licentia
1603 3034 1655 3090 ei
1683 3034 1744 3090 in
1771 3052 1868 3092 ve-

183 3131 315 3180 stra
353 3125 665 3196 parcechia
709 3125 824 3180 sub
850 3124 1196 3181 defensione
1235 3143 1302 3181 ac
1334 3123 1624 3194 regimine
1655 3130 1864 3180 vestrae

182 3215 393 3269 charte
444 3213 780 3269 dilectionis
809 3213 1027 3284 degere
1055 3213 1226 3270 liceat
1256 3233 1269 3282 ;
1313 3213 1607 3285 illumque
1636 3213 1694 3267 in
1729 3213 1863 3270 sinu

123 3306 132 3312 “
182 3309 420 3359 sanctae
449 3303 658 3360 matris
691 3304 960 3360 Ecclesiae
991 3305 1277 3362 canonice
1309 3302 1636 3359 fovendum
1673 3319 1742 3359 ac
1768 3319 1860 3360 re-

181 3393 462 3461 gendum
495 3392 665 3448 vobis
695 3393 1142 3450 committimus.
1183 3397 1340 3450 Hanc
1369 3407 1514 3464 ergo
1545 3392 1856 3464 epistolam

180 3483 412 3538 Graecis
449 3482 653 3538 litteris
704 3483 840 3539 hinc
893 3482 1033 3539 inde
1086 3483 1321 3540 munire
1368 3482 1768 3552 decrevimus,
1805 3491 1862 3541 et

179 3572 422 3628 annulo
452 3572 723 3628 Ecclesiae
761 3573 927 3645 197
965 3573 1183 3630 nostrae
1227 3572 1458 3628 bullare
1489 3573 1854 3631 censuimus.

183 3663 461 3718 t‘hristus
491 3669 804 3734 pastorum
833 3662 1108 3736 princeps
1139 3662 1474 3718 interventu
1497 3661 1653 3718 beati
1686 3665 1854 3732 Petri,

183 3753 288 3808 cui
317 3751 654 3824 specialiter
681 3752 834 3808 ovile
888 3741 1260 3809 Dominicum
1305 3751 1705 3808 commissum
1748 3759 1851 3820 est,
1886 3775 1925 3830 ο

182 3841 625 3897 fraternitatem
650 3847 907 3898 vestram
940 3841 1018 3897 ad
1043 3841 1385 3897 custodiam
1416 3839 1504 3896 sui
1537 3841 1732 3912 gregis
1753 3843 1854 3898 diu

183 3930 368 3986 nobis
400 3933 710 3984 conservet
736 3928 1119 3984 incolumem.
1159 3934 1366 3986 Amen.
1422 3935 1486 3981 Π.
1516 3934 1574 3980 Υ.
1609 3934 1670 3982 Α.
1701 3936 1765 3983 Π.
1795 3937 1850 3984 Ρ.

181 4027 247 4073 0.
295 4037 348 4075 c.
383 4027 444 4071 Υ.
478 4026 548 4070 Θ.
577 4024 788 4072 ΛΜΗΝ.
833 4021 1081 4076 Summa
1124 4019 1342 4075 horum
1395 4034 1673 4076 MDXXXIX.
1708 4021 1854 4077 Data

177 4109 458 4168 Treveris
502 4107 650 4167 Idib.
685 4108 889 4166 Octob.
921 4124 1084 4166 anno
1130 4108 1452 4165 Dominicaa
1498 4107 1853 4169 incarnatio—

181 4201 280 4256 nis
306 4215 568 4262 nmccvn,
599 4197 918 4254 indictione
947 4213 1129 4254 nona.
1166 4204 1230 4251 Il.
1260 4205 1318 4250 Υ.
1352 4203 1412 4250 Α.
1449 4204 1512 4251 ﬂ.
1542 4205 1597 4250 A.
1624 4206 1677 4252 P.
1705 4207 1758 4253 Δ.
1783 4207 1850 4253 εδ.

727 4288 868 4342 Item
899 4289 1026 4344 alia
1054 4287 1327 4357 epistola.

255 4375 675 4432 CCCCXXXIX.
708 4375 848 4446 (lvo,
880 4381 1034 4452 part.
1064 4391 1146 4447 vi,
1181 4391 1230 4432 c.
1264 4376 1411 4447 435.)
1443 4377 1850 4438 Reverentissi-

177 4482 288 4522 mo
335 4468 401 4521 et
430 4463 808 4520 sanctissimo
853 4463 1168 4522 Rathbedo
1219 4469 1442 4524 sanctae
1476 4465 1856 4526 Treverensis

178 4551 470 4609 Boebeide
486 4551 938 4625 archiepiscopo
959 4552 1128 4608 Dado
1141 4553 1548 4610 Wirdunensis
1581 4555 1853 4612 Ecclesia

173 4639 453 4695 devotus
479 4639 676 4708 gregis
689 4639 897 4695 Christi
927 4639 1188 4696 famulus
1209 4641 1268 4696 in
1301 4643 1552 4697 Domino
1576 4657 1718 4700 vero
1744 4647 1854 4702 Re-

178 4747 254 4798 ge
287 4745 556 4784 summie
587 4727 872 4785 felicitatis
901 4729 1353 4786 beatitudinem.
1381 4732 1848 4804 (Buacnmnlib.

181 4835 244 4882 η,
279 4836 337 4874 c.
373 4818 530 4889 227.)
555 4821 703 4874 Cum
733 4823 941 4874 sancta
967 4819 1259 4876 catholica
1292 4820 1546 4877 Ecclesia
1571 4830 1852 4897 prompta

178 4911 254 4965 sit
285 4907 468 4980 sequi
514 4905 872 4964 documenta
909 4907 1275 4976 evangelica,
1303 4925 1436 4982 quae
1465 4909 1708 4971 dicunt:
1739 4912 1854 4979 Qui

176 4999 410 5066 recipit
435 4996 788 5064 prophetam
820 4997 882 5052 in
912 4998 1152 5053 nomine
1173 4998 1498 5067 prophetae,
1526 5001 1849 5056 mercedem

169 5089 460 5158 pro/tcta:
489 5086 782 5154 accipiet;
828 5092 882 5142 et
931 5087 1038 5158 qui
1084 5087 1294 5154 recipit
1330 5089 1585 5156 justum,
1621 5094 1754 5156 etc.;
1797 5095 1853 5146 et

173 5173 524 5248 Apostolus
541 5173 752 5244 jubeat
779 5174 1244 5247 hospitalitatem
1274 5176 1490 5232 sectari
1515 5181 1571 5232 et
1603 5179 1854 5234 necessi-

167 5265 418 5322 tatibus
455 5267 798 5320 sanctorum
825 5263 1091 5319 virorum
1123 5264 1608 5332 communicare;
1651 5271 1851 5322 tamen

167 5355 284 5428 qui
325 5359 474 5422 [teg.
508 5356 750 5425 propter
785 5368 887 5410 eos
933 5353 1038 5425 qui
1085 5355 1265 5425 caut.]
1319 5355 1707 5412 cauteriatam
1752 5357 1854 5413 ha-

244 5495 418 5568 (2_7_3)
455 5494 574 5568 Ista
617 5499 758 5552 sunt
780 5494 956 5568 valde
1002 5499 1300 5568 corrupta.
1349 5497 1464 5554 Sed
1493 5463 1634 5556 cum
1677 5499 1848 5558 facile

163 5566 398 5626 sit—illa
425 5566 745 5657 corrigere,
767 5567 912 5644 nihil
941 5566 1524 5628 mutare—voluimus.

2001 1069 2154 1128 bent
2183 1091 2352 1130 suam
2387 1077 2830 1141 conscientiam,
2863 1079 3125 1136 dicentes
3177 1097 3238 1136 se
3277 1097 3404 1136 esse
3434 1081 3663 1154 simpli-

1999 1176 2120 1227 ces,
2156 1179 2292 1242 cum
2328 1163 2442 1218 sint
2472 1167 2686 1220 astutia
2713 1166 3012 1222 diabolica
3041 1167 3266 1240 repleti,
3298 1174 3354 1225 et
3375 1185 3486 1241 pro
3515 1186 3662 1242 ope-

1994 1265 2059 1306 re
2087 1240 2323 1324 pieﬂtis
2355 1252 2560 1308 dicunt
2611 1271 2672 1308 sc
2729 1255 2804 1310 de
2851 1255 2984 1311 loco
3036 1256 3113 1312 ad
3148 1256 3351 1312 locum
3377 1240 3658 1325 transire,

1991 1355 2133 1394 cum
2163 1339 2279 1394 sint
2305 1356 2416 1396 sua
2443 1340 2667 1397 malitia
2699 1341 2948 1398 faciente
2977 1341 3226 1415 fugitivi,
3261 1347 3316 1399 et
3345 1343 3552 1399 dicunt
3593 1361 3656 1399 se

1989 1444 2123 1484 esse
2154 1429 2480 1485 ministerio
2522 1447 2692 1486 sacro
2742 1431 3020 1495 incertos,
3052 1448 3190 1488 cum
3221 1447 3342 1488 non
3369 1431 3504 1501 sint,
3540 1431 3656 1488 sta-

1989 1521 2183 1572 tutum
2231 1521 2319 1572 est
2366 1534 2402 1573 a
2448 1519 2667 1574 sanctis
2712 1519 2988 1593 patribus
3019 1519 3324 1576 neminem
3370 1517 3654 1578 clericum

1987 1603 2252 1661 alienum
2281 1609 2338 1660 et
2366 1606 2640 1677 ignotum
2685 1607 2866 1681 recipi
2919 1607 2996 1664 ad
3025 1607 3228 1681 aliquo
3257 1609 3565 1682 episcopo,
3596 1615 3656 1666 et

1985 1693 2368 1750 inthronizari
2395 1695 2452 1754 in
2488 1713 2596 1752 sua
2636 1695 2914 1766 Ecclesia,
2946 1695 3062 1752 nisi
3087 1693 3310 1753 habeat
3340 1713 3376 1752 a
3406 1697 3653 1770 proprio

1985 1781 2270 1854 episcopo
2300 1783 2616 1854 epistolam
2667 1801 2804 1858 quas
2852 1784 2912 1840 in
2943 1783 3278 1842 canonibus
3305 1785 3654 1842 nominatur

1984 1870 2262 1928 formata.
2296 1872 2436 1929 Ideo
2484 1879 2694 1930 notum
2749 1875 3004 1932 facimus
3059 1875 3400 1950 paternitati
3438 1881 3650 1934 vestrae

1983 1959 2152 2032 quod
2182 1975 2449 2032 praesens
2501 1962 2679 2019 frater
2732 1965 2906 2036 198
2949 1968 3150 2020 noster
3190 1963 3408 2020 harum
3436 1963 3652 2023 littera-

1981 2065 2118 2104 rum
2147 2049 2418 2126 portitor,
2453 2051 2696 2109 nomine
2738 2051 3064 2120 Adruinus,
3094 2068 3219 2108 non
3253 2068 3363 2124 pro
3396 2069 3508 2109 sua
3549 2069 3653 2109 ne-

1982 2137 2168 2208 quitia
2201 2139 2485 2209 expulsus
2511 2145 2596 2197 est
2627 2157 2664 2196 a
2685 2139 2858 2196 nobis
2884 2159 2897 2208 ;
2932 2139 3038 2196 sed
3065 2140 3514 2213 postulantibus
3535 2141 3651 2198 fra-

1983 2225 2169 2282 tribus
2199 2228 2436 2296 nostris,
2461 2245 2532 2284 eo
2555 2229 2718 2306 quod
2750 2245 2823 2286 ex
2852 2229 3082 2286 familia
3109 2233 3316 2287 nostra
3335 2225 3446 2284 fuit
3477 2231 3646 2300 (274),

1981 2315 2260 2374 dedimus
2309 2316 2362 2370 ei
2404 2315 2737 2377 libertatem
2791 2322 3093 2390 receptam
3141 2333 3179 2375 a
3221 2330 3412 2374 cornu
3440 2317 3646 2380 altaris

1981 2395 2288 2470 canonice,
2313 2410 2368 2461 et
2389 2406 2802 2464 ordinavimus
2831 2423 2971 2464 eum
3003 2406 3082 2463 ad
3111 2407 3371 2478 gradum
3401 2407 3650 2482 presby-

1980 2493 2106 2552 terii
2131 2513 2143 2558 ;
2185 2493 2278 2548 cui
2311 2494 2490 2550 etiam
2515 2495 2626 2550 has
2657 2495 3026 2553 dimissorias
3056 2495 3182 2552 sive
3211 2496 3648 2554 commendati-

1980 2581 2089 2637 tias
2121 2581 2341 2638 litteras
2372 2581 2638 2650 fecimus,
2669 2590 2724 2640 et
2755 2600 2894 2640 eum
2923 2583 3003 2641 ad
3031 2587 3294 2641 vestram
3333 2581 3646 2645 dilectissi-

1979 2685 2144 2725 mam
2176 2669 2604 2729 fraternitatem
2637 2672 2970 2744 dirigimus,
3001 2676 3068 2730 ut
3111 2672 3176 2728 in
3213 2677 3410 2730 vestra
3447 2689 3646 2747 para:-

1978 2759 2113 2814 chia
2146 2759 2258 2814 sub
2289 2764 2484 2816 vestro
2513 2777 2684 2816 sacro
2714 2761 3002 2832 regimine
3032 2765 3090 2818 et
3115 2761 3468 2818 defensione
3499 2779 3643 2835 con-

1979 2847 2180 2907 sistere
2211 2847 2422 2904 valeat.
2460 2851 2600 2919 Ego,
2641 2850 2912 2924 inquam,
2957 2850 3021 2906 in
3061 2851 3308 2907 nomine
3339 2857 3404 2915 Π,
3439 2853 3642 2921 Patris,

1977 2940 2034 2992 et
2061 2943 2119 3001 Υ,
2153 2936 2295 3002 Filii,
2327 2937 2383 2992 et
2409 2942 2468 3001 A,
2497 2938 2745 3011 Spiritus
2795 2939 3005 3010 sancti,
3037 2943 3094 2996 et
3142 2939 3204 2994 in
3256 2939 3480 2996 unitate
3511 2957 3646 2997 san-

1977 3030 2084 3080 ctre
2132 3025 2418 3091 Ecclesiae,
2453 3025 2513 3081 in
2560 3043 2684 3098 qua
2715 3030 2882 3084 Petro
2911 3027 3123 3085 datum
3153 3033 3242 3084 est
3273 3027 3376 3100 jus
3414 3028 3644 3100 ligandi

1975 3120 2153 3187 atque
2199 3114 2490 3175 solvendi.
2532 3117 2786 3173 absolvo
2823 3115 2993 3174 Dado
3035 3111 3280 3174 humilis
3320 3115 3642 3194 episcopus

1973 3203 2392 3278 presbyterum
2448 3204 2780 3262 Adruinum
2833 3205 2909 3262 de
2969 3207 3200 3264 civitate
3240 3205 3636 3282 Wirdunensi,

1969 3291 2292 3350 indictione
2323 3298 2375 3362 9,
2410 3300 2465 3352 et
2505 3295 2810 3353 licentiam
2841 3295 2922 3352 do
2951 3297 3144 3369 vobis,
3179 3295 3511 3369 Rathbode,
3542 3316 3639 3357 ve-

1969 3384 2252 3442 nerabilis
2276 3385 2750 3460 archiepiscopo,
2773 3385 3214 3445 inthronizandi
3235 3405 3375 3446 eum
3399 3385 3462 3446 in
3491 3407 3637 3464 qua-

1969 3489 2208 3550 cunque
2253 3474 2505 3530 ecclesia
2540 3475 2718 3532 vultis
2747 3481 2963 3532 vestrm
2994 3475 3315 3553 parochias.
3348 3476 3633 3539 Dilectam

1968 3564 2384 3636 paternitatem
2415 3569 2674 3620 vestram
2704 3564 2989 3622 virtutum
3013 3565 3262 3622 ﬂoribus
3284 3565 3631 3640 insignitam

1967 3652 2348 3724 omnipotens
2419 3653 2571 3706 Deus
2637 3668 2988 3708 conservare
3054 3651 3352 3723 dignetur.
3413 3657 3624 3714 Amen.

1969 3747 2032 3796 Π.
2068 3747 2125 3804 Υ,
2159 3741 2228 3796 Α.
2262 3746 2327 3794 Π.
2363 3747 2418 3792 Δ.
2452 3745 2514 3792 Α.
2549 3746 2603 3793 P.
2641 3747 2693 3793 Δ.
2729 3747 2796 3794 Θ.
2847 3757 3180 3800 nccuxvm.
3237 3745 3383 3800 Data
3426 3760 3485 3800 v.
3541 3745 3623 3800 Id.

1967 3829 2114 3894 Maii,
2172 3843 2334 3884 anno
2391 3827 2708 3884 Dominicae
2758 3827 3186 3890 incarnationis
3241 3847 3485 3904 nccecvn,
3532 3833 3624 3889 in-

1966 3917 2311 3974 terdictione
2343 3920 2395 3973 9.

2096 4044 2182 4098 De
2206 4042 2590 4099 ordinatione
2637 4043 2736 4098 Ex
2765 4043 3017 4116 epistola
3051 4045 3276 4102 ϐριάείί
3289 4061 3493 4117 papae.

2037 4150 2316 4209 CCCCXL.
2365 4149 2642 4216 (Decreta
2673 4152 2921 4222 Grusn,
2962 4167 3016 4210 c.
3050 4151 3109 4206 tl
3143 4170 3159 4214 ς
3209 4155 3333 4218 Ivo,
3359 4157 3513 4226 part.
3539 4169 3622 4223 vx,

1965 4254 2010 4292 c.
2049 4239 2160 4308 74.)
2221 4238 2638 4296 Ordinationes
2693 4239 3182 4313 presbyterorum
3234 4247 3292 4299 et
3345 4242 3628 4300 diacono-

1964 4343 2120 4390 rum,
2151 4343 2288 4400 quae
2319 4327 2430 4382 nisi
2460 4327 2635 4383 certis
2663 4329 3038 4402 temporibus
3065 4334 3124 4388 et
3151 4331 3364 4388 diebus
3393 4343 3626 4388 exerce-

1962 4416 2011 4470 ri
2040 4431 2162 4472 non
2193 4416 2434 4486 debent,
2467 4416 2664 4490 quarti
2715 4417 2854 4489 [teg.
2882 4417 2944 4474 id
2983 4423 3093 4490 est,
3117 4417 3296 4492 primi
3323 4421 3380 4475 et
3406 4419 3626 4492 quarti]

1967 4505 2186 4562 mensis
2213 4505 2466 4580 jejunio,
2497 4506 2754 4580 septimi,
2776 4511 2834 4563 et
2859 4505 3106 4578 decimi,
3129 4508 3236 4564 sed
3262 4507 3442 4564 etiam
3469 4523 3624 4580 qua-

1963 4594 2380 4664 dragesimalis
2409 4594 2556 4650 initia
2587 4612 2656 4651 ac
2685 4595 2970 4652 mediana
2997 4597 3478 4668 quadragesimae
3501 4597 3616 4664 die,

1963 4683 2196 4739 sabbati
2221 4670 2457 4756 jejunio
2486 4684 2644 4739 circa
2669 4699 2985 4756 vesperam
3023 4685 3295 4741 noverint
3322 4684 3622 4742 celebran-

1961 4769 2111 4838 das;
2162 4787 2274 4827 nec
2316 4770 2635 4842 cujuslibet
2666 4770 2928 4827 utiiitatis
2958 4787 3064 4827 seu
3113 4772 3287 4845 [99
3317 4767 3621 4845 presbyte-

1960 4877 2094 4916 rum
2149 4877 2254 4916 seu
2297 4860 2618 4916 diaconum
2673 4860 2765 4916 his
2812 4860 3091 4933 praeferre
3138 4861 3243 4934 qui
3287 4864 3425 4918 ante
3453 4862 3619 4935 ipsos

1960 4949 2177 5014 fuerint
2199 4949 2476 5019 ordinati,
2508 4948 2724 5022 aliquis
2753 4956 3098 5023 praesumat.

2052 5075 2323 5143 Qualiter
2351 5075 2852 5148 episcopasideget
2881 5075 3149 5134 ordinem
3173 5079 3396 5148 facere.
3429 5079 3529 5136 Ex

2458 5146 2712 5204 concilia
2739 5146 3137 5205 Manum.
3173 5146 3182 5148 “
3544 5153 3548 5156 ’

2031 5252 2350 5309 CECCXLI.
2410 5252 2660 5323 (Cuncti.
2705 5255 2969 5312 Nannet.
3019 5273 3071 5313 c.
3130 5257 3234 5328 fl;
3285 5260 3612 5316 Buacmnn.

1959 5339 2061 5394 lib.
2087 5355 2226 5411 n,-c.
2257 5341 2326 5410 t.)
2358 5338 2684 5413 Episcopus
2712 5342 2960 5414 quando
2981 5343 3394 5404 ordinationes
3422 5348 3616 5404 facere

2034 5499 2174 5572 (274)
2219 5498 2361 5555 Vide
2392 5515 2600 5572 supra,
2632 5517 2766 5576 cap.
2799 5506 2922 5563 399.
