4046 6190
351 110 456 162 279

1479 99 1861 156 REGINONIS
1903 98 2317 157 PRUMIENSIS
2352 100 2668 156 ABBATIS.

3675 103 3778 156 280

353 228 636 301 disponit,
671 241 880 282 omnes
909 226 1014 298 qui
1041 225 1117 280 ad
1150 239 1389 280 sacrum
1421 224 1820 281 ministerium
1849 238 2012 279 aece-
2043 227 2089 280 A
2127 225 2515 294 conﬁrmans,
2552 228 2859 295 totamque
2907 223 3242 279 Trinitatem
3287 222 3566 278 deitatem
3616 239 3780 279 coes—

353 320 494 375 (lere
518 309 749 385 volunt,
781 315 925 371 feria
950 318 1165 387 quarta
1195 317 1330 370 ante
1358 315 1554 387 ipsam
1576 313 2014 370 ordinationem

354 407 648 464 evocandi
681 411 819 462 sunt
847 405 924 460 ad
958 404 1255 460 civitatem
1286 421 1410 460 una
1442 422 1581 461 cum
1603 403 2016 476 archipresby-

352 499 491 555 teris
522 497 625 571 qui
658 512 760 551 eos
790 498 1215 566 repraesentare
1246 494 1486 552 debent.
1523 497 1587 550 Et
1614 498 1755 549 tunc
1786 493 2016 565 episco-

354 604 469 660 pus
497 604 529 642 e
559 586 737 641 latere
770 598 882 637 suo
913 582 1165 652 dirigere
1205 583 1382 639 debet
1413 583 1754 640 sacerdotes
1783 586 1840 638 et
1869 582 2016 638 alios

353 675 679 748 prudentes
708 672 871 728 viros
905 687 1125 742 gnaros
1152 673 1299 744 legis
1325 673 1542 729 divinae
1581 677 1638 729 et
1667 671 2016 728 exercitatos

356 766 414 819 in
461 761 878 819 ecclesiasticis
929 763 1365 833 sanctionibus,
1395 763 1500 835 qui
1538 761 2017 818 ordinandorum

353 853 557 922 vitam,
601 867 810 922 genus,
843 851 1122 924 patriam,
1166 856 1424 921 aetatem,
1452 851 1906 920 institutionem,
1937 850 2020 907 lo-

355 957 494 996 cum
541 940 644 996 ubi
673 940 910 996 educati
955 944 1113 1010 sunt,
1147 940 1196 995 si
1243 941 1364 996 sint
1409 940 1562 996 bene
1591 941 1844 1008 litterati,
1878 940 1927 995 si
1957 939 2019 996 in

354 1031 484 1100 lege
526 1029 761 1085 Domini
790 1029 1082 1101 instructi,
1114 1029 1427 1100 diligenter
1466 1030 1842 1100 investigent.
1872 1033 2020 1085 Ante

356 1119 581 1185 omnia,
612 1118 660 1173 si
685 1116 867 1173 ﬁdem
889 1118 1246 1175 catholicam
1274 1119 1520 1176 firmiter
1546 1123 1785 1176 teneant
1809 1123 1867 1175 et
1894 1134 2021 1175 ver-

357 1208 450 1262 bis
483 1207 853 1278 simplicibus
901 1208 1175 1264 adserere
1220 1214 1463 1282 queant.
1497 1209 1616 1282 lpsi
1645 1209 2020 1282 autemqui-

360 1297 477 1350 bus
504 1296 620 1350 hoc
650 1295 1037 1351 committitur
1063 1313 1276 1354 cavere
1306 1297 1526 1354 debent
1559 1314 1633 1354 ne
1672 1303 1775 1355 aut
1803 1297 2024 1354 favoris

361 1384 553 1454 gratia
584 1387 687 1439 aut
727 1385 1142 1458 cujuscunque
1191 1388 1457 1444 muneris
1499 1387 1821 1460 cupiditate
1853 1387 2025 1443 illecti

362 1490 398 1529 a
426 1489 569 1528 vero
595 1472 850 1540 devient,
883 1479 946 1530 ut
976 1475 1292 1544 indignum
1323 1481 1380 1532 et
1405 1477 1604 1531 minus
1634 1475 1921 1532 idoneum
1947 1469 2024 1532 ad

2128 313 2437 369 sentialem
2490 317 2546 369 et
2589 311 3165 368 consubstantialem
3195 316 3252 366 et
3282 311 3700 368 coaeternalem
3730 318 3783 368 et

2128 403 2674 477 coomnipotentem
2725 400 3081 475 pivedicans,
3133 400 3434 471 singulam
3476 418 3785 475 quamque

2126 490 2188 546 in
2218 491 2495 548 Trinitate
2526 506 2848 564 personam
2878 489 3122 564 plenum
3173 493 3359 546 Deum
3398 495 3455 546 et
3481 495 3636 547 totas
3671 496 3786 546 tres

2125 596 2421 653 personas
2474 595 2664 636 unum
2697 583 2904 651 Deum,
2937 580 2985 634 si
3015 579 3490 636 incarnationem
3515 580 3787 637 divinam

2126 686 2251 725 non
2280 669 2342 725 in
2381 673 2546 726 Patre
2596 685 2790 743 neque
2838 669 2898 724 in
2923 669 3140 742 Spiritu
3166 675 3374 725 sancto
3404 669 3646 741 factam,
3682 670 3790 726 sed

2128 759 2190 814 in
2221 758 2359 815 Filio
2405 764 2636 816 tantum
2689 759 2928 826 credat;
2985 762 3046 814 ut
3088 758 3191 830 qui
3240 762 3366 815 erat
3394 757 3454 812 in
3483 757 3791 813 divinitate

2127 848 2229 904 Dei
2273 849 2458 905 Patris
2507 849 2700 920 Filius,
2731 849 2860 922 ipse
2914 848 3081 904 ﬁeret
3123 847 3184 903 in
3232 847 3475 904 homine
3527 845 3796 902 hominis

2130 937 2335 993 matris
2365 938 2544 1006 ﬁlius,
2577 941 2728 994 Deus
2756 953 2935 993 verus
2974 953 3047 993 ex
3075 938 3264 1003 Patre,
3296 937 3479 992 homo
3509 945 3689 992 v'erus
3721 941 3794 990 ex

2130 1030 2339 1098 matre,
2365 1040 2607 1084 carnem
2635 1040 2707 1084 ex
2739 1028 2944 1083 matris
2977 1025 3303 1081 visceribus
3332 1025 3562 1081 habens
3592 1029 3650 1081 et
3669 1024 3797 1080 ani-

2131 1132 2297 1172 mam
2326 1117 2658 1172 humanam
2687 1116 3062 1188 rationalem,
3089 1115 3266 1171 simul
3287 1115 3347 1170 in
3379 1131 3448 1171 eo
3481 1113 3795 1188 utriusque

2130 1209 2382 1273 naturae,
2415 1206 2473 1261 id
2501 1211 2606 1276 est,
2639 1207 2823 1262 homo
2851 1210 2907 1262 et
2935 1208 3104 1278 201
3153 1209 3325 1275 Deus,
3359 1221 3480 1262 una
3508 1220 3795 1277 persona,

2133 1311 2292 1350 unus
2326 1294 2524 1364 Filius,
2557 1312 2712 1350 unus
2763 1295 3046 1365 Christus,
3078 1309 3235 1351 unus
3289 1293 3595 1364 Dominus,
3628 1309 3796 1350 creas

2136 1387 2403 1438 turarum
2450 1382 2718 1454 [creator]
2748 1376 3020 1439 omnium
3059 1400 3194 1457 quae
3239 1387 3376 1439 sunt
3405 1389 3460 1439 et
3503 1386 3716 1438 auctor
3748 1387 3801 1438 et

2135 1473 2419 1528 dominus
2465 1479 2520 1530 et
2568 1479 2759 1530 rector
2811 1491 2949 1530 cum
2999 1477 3163 1530 Patre
3212 1477 3268 1529 et
3320 1474 3536 1547 Spiritu
3585 1477 3800 1528 sancto

362 1577 564 1617 sacros
598 1562 821 1631 gradus
874 1564 1286 1636 suscipiendos
1317 1565 1583 1638 episcopi
1613 1565 1895 1620 manibus
1923 1581 2025 1638 ap-
2056 1581 2099 1635 Β
2137 1563 2409 1619 omnium
2440 1569 2871 1634 creaturarum,
2901 1565 3005 1637 qui
3032 1580 3251 1637 passus
3283 1569 3370 1619 est
3406 1579 3548 1618 vera
3597 1563 3801 1618 carnis

364 1650 602 1722 plicent.
635 1649 808 1715 Quod
840 1651 889 1705 si
921 1651 1182 1720 fecerint,
1210 1658 1267 1708 et
1296 1653 1392 1708 ille
1424 1654 1524 1725 qui
1553 1653 1796 1724 indigne
1826 1670 2024 1710 acces-

365 1740 456 1809 sit,
492 1738 570 1794 ab
599 1738 769 1794 altari
801 1741 1222 1809 removebitur,
1251 1747 1307 1798 et
1336 1743 1418 1798 illi
1448 1743 1553 1815 qui
1583 1743 1814 1798 donum
1840 1739 2027 1799 sancti

367 1827 616 1900 Spiritus
642 1829 900 1884 vendere
932 1831 1128 1886 conati
1156 1837 1314 1902 sunt,
1350 1848 1554 1888 coram
1581 1832 1701 1888 Deo
1724 1830 1853 1904 jam
1885 1848 2026 1890 con-

365 1917 662 1984 demnati,
713 1918 1110 1975 ecclesiastica
1159 1920 1444 1992 dignitate
1497 1921 1807 1978 carebunt.
1850 1922 2030 1992 Igitur

365 2022 473 2079 per
502 2010 617 2061 tres
646 2007 963 2064 continuos
993 2008 1119 2065 dies
1153 2010 1466 2080 diligenter
1497 2011 1930 2068 examinentur.
1967 2015 2032 2068 Et

368 2094 450 2149 sic
499 2095 781 2162 Sabbato,
825 2096 928 2168 qui
976 2097 1212 2170 probati
1257 2100 1480 2155 inventi
1535 2105 1691 2168 sunt,
1743 2101 2030 2173 episcopo

368 2187 886 2254 reprmsententur.

730 2274 908 2344 200
947 2274 1046 2329 Ex
1076 2277 1326 2332 concilio
1359 2277 1671 2333 Meldensi.

442 2363 774 2418 CCCCXLII.
829 2362 1082 2432 (Concil.
1115 2366 1299 2422 Meld.
1335 2383 1384 2421 c.
1421 2370 1516 2433 52;
1564 2367 1893 2422 Buncamu.
1926 2363 2027 2423 lib.

371 2467 429 2517 ιι,
462 2467 513 2505 c.
547 2453 624 2514 4.)
664 2450 733 2504 Hi
776 2450 881 2523 qui
907 2452 1172 2510 ordinari
1201 2459 1486 2528 petuntur
1509 2454 1851 2513 nullatenus
1880 2457 2034 2512 ordi-

371 2543 588 2594 nentur
618 2539 732 2594 nisi
762 2539 824 2594 in
866 2539 1000 2596 loco
1031 2547 1191 2599 certo
1221 2549 1276 2600 et
1316 2543 1611 2614 religioso,
1647 2545 1736 2601 vel
1764 2545 1940 2602 etiam
1970 2546 2031 2602 in

373 2627 627 2695 civitate,
661 2628 870 2684 saltem
901 2645 1023 2685 uno
1068 2647 1230 2688 anno
1274 2632 1688 2703 immorentur,
1719 2637 1784 2690 ut
1813 2632 1887 2691 de
1917 2635 2035 2692 vita

371 2720 429 2772 et
471 2717 923 2774 conversatione
955 2724 1134 2792 atque
1165 2721 1436 2778 doctrina
1476 2721 1714 2780 illorum
1745 2724 2034 2780 certitudo

371 2807 560 2880 possit
591 2807 837 2877 agnosci
863 2809 1031 2880 (275).

373 2895 644 2961 Qualiter
675 2898 981 2966 episcopus
1020 2899 1397 2956 ordinandus
1434 2903 1901 2960 examinabit-ur.
1938 2905 2036 2959 Ea:
2065 2939 2105 2994 Ο

817 2987 1068 3042 concilio
1100 2987 1586 3060 Carthaginiensi.

445 3071 802 3128 CCCCXLIII.
828 3073 1078 3145 (Concil.
1106 3075 1397 3148 Carthag.
1422 3096 1500 3146 1v,
1529 3095 1579 3136 c.
1614 3080 1634 3132 l
1662 3098 1674 3147 ;
1703 3078 2030 3139 BURCHARD.

371 3159 474 3214 lib.
509 3178 546 3227 ι,
579 3175 630 3216 e.
666 3164 738 3228 8;
790 3166 908 3230 lvo,
943 3167 1096 3236 part.
1131 3181 1188 3233 v,
1222 3183 1272 3222 c.
1299 3171 1404 3235 62;
1454 3169 1728 3233 Gnarum,
1759 3169 1894 3226 dist.
1923 3174 2031 3239 23;

374 3264 424 3303 c.
450 3250 528 3320 2.)
550 3249 658 3312 Qui
681 3251 1000 3324 episcopus
1023 3253 1394 3312 ordinandus
1416 3263 1525 3328 est,
1545 3263 1721 3315 antea
1737 3260 2036 3316 examine-

373 3341 486 3404 tur,
521 3337 571 3393 si
595 3344 812 3396 natura
841 3341 1108 3414 prudens
1135 3349 1242 3412 est,
1277 3345 1324 3400 si
1362 3345 1656 3416 docibilis,
1686 3349 1734 3404 si
1766 3349 2034 3406 moribus

372 3430 756 3499 temperatus,
778 3429 822 3484 si
845 3431 966 3487 vita
996 3437 1215 3500 castus,
1244 3433 1292 3488 si
1323 3435 1578 3504 sobrius,
1608 3437 1654 3492 si
1687 3453 1923 3510 semper
1944 3437 2035 3494 sui

372 3515 593 3584 negotii
614 3532 853 3587 cavens,
871 3519 920 3574 si
939 3519 1202 3590 humilis,
1228 3521 1274 3577 si
1299 3523 1576 3593 affabilis,
1601 3525 1652 3580 si
1678 3526 2032 3598 misericors,

374 3601 422 3654 si
470 3601 782 3671 litteratus,
827 3607 873 3661 si
923 3607 983 3663 in
1035 3608 1164 3680 lege
1217 3611 1452 3668 Domini
1498 3613 1842 3686 instructus,
1877 3616 1925 3670 si
1974 3615 2034 3672 in

374 3691 814 3764 Scripturarum
832 3696 1108 3754 sensibus
1127 3705 1357 3771 cautus,
1379 3702 1429 3757 si
1451 3702 1510 3758 in
1532 3703 1921 3774 dogmatibus
1945 3722 2035 3761 ec-

374 3778 724 3838 clesiasticis
755 3785 1128 3854 exercitatus,
1159 3793 1216 3844 et
1259 3795 1396 3846 ante
1427 3792 1652 3861 omnia,
1688 3793 1735 3848 si
1763 3792 1902 3850 ﬁdei
1931 3794 2037 3850 do-

375 3875 654 3927 cumenta
679 3873 876 3928 verbis
906 3873 1284 3947 simplicibus
1307 3884 1559 3950 asserat,
1577 3880 1637 3936 id
1655 3885 1762 3950 est,
1783 3884 2033 3953 Patrem,

375 3960 431 4011 et
473 3957 702 4028 Filium,
737 3964 794 4015 et
826 3960 1108 4033 Spiritum
1139 3970 1417 4022 sanctum
1456 3983 1648 4024 unum
1680 3971 1864 4026 Deum
1909 3988 2036 4028 esse

447 4098 601 4238 é275)
640 4099 781 4154 Vide
811 4117 998 4173 supra
1035 4121 1170 4178 cap.
1203 4110 1326 4164 389.

471 4171 594 4238 276)
623 4172 991 4228 Postremam
1016 4175 1186 4232 istius
1215 4194 1326 4238 cap

471 4171 594 4255 276)
623 4171 1186 4255 P'o‘st‘remam‘istius
1215 4179 1427 4255 capitis
1450 4186 1682 4253 partem
1712 4184 2039 4244 decurtavit

377 4240 621 4332 Degipp.
658 4243 952 4332 tamen
981 4245 1082 4328 illa
1125 4240 1332 4319 magni
1369 4240 1671 4332 m6menti_
1689 4240 1823 4332 est;
1837 4240 2037 4332 Itaque

378 4310 628 4400 nos-hic,
645 4328 799 4400 leam
829 4317 1185 4400 censuimus
1205 4310 1345 4400 esse
1366 4310 1792 4400 reponendamv
1809 4310 2035 4400 1525-51

377 4381 981 4480 tigngic
1007 4405 1149 4459 ergo
1169 4390 1353 4480 habet
1368 4381 1447 4480 in.
1469 4397 1660 4480 capite
1679 4381 1878 4480 ﬁni?)
1900 4381 2038 4480 E63-

378 4450 492 4538 cilii
523 4453 1007 4538 carthaginensis
1037 4450 1274 4538 quarti;
1309 4487 1335 4515 «
1359 4450 2035 4538 cumtii‘in‘é'anhiﬁﬁs

377 4529 775 4597 examinatus,
807 4529 1085 4587 inventus
1116 4533 1289 4591 fuerit
1315 4535 1490 4609 plene
1519 4539 1862 4614 instructus,
1895 4549 2034 4601 tunc

2137 1652 2442 1724 passione,
2475 1657 2746 1709 mortuus
2783 1670 2922 1710 vera
2952 1653 3220 1726 corporis
3253 1653 3344 1708 sui
3369 1657 3580 1720 morte,
3607 1668 3804 1708 resur-

2137 1741 2394 1796 rectiOne
2423 1739 2514 1797 vel
2540 1732 2945 1814 resumptione
2977 1731 3148 1813 [alibi
3170 1735 3408 1812 legitur,
3437 1739 3494 1797 et
3513 1757 3652 1796 vera
3678 1728 3805 1796 ani-

2138 1846 2254 1886 mae
2305 1833 2640 1903 resumpt.],
2689 1831 2750 1886 in
2802 1849 2925 1904 qua
2976 1832 3169 1887 veniet
3211 1831 3482 1902 judicare
3531 1830 3708 1886 vivos
3753 1835 3806 1885 et

2139 1924 2428 1976 mortuos.
2463 1920 2862 1986 Quaerendum
2901 1921 3078 1977 etiam
3121 1921 3199 1977 ab
3231 1937 3300 1976 eo
3351 1921 3399 1976 si
3429 1921 3574 1976 Novi
3608 1924 3666 1975 et
3702 1921 3806 1974 Ve-

2140 2009 2277 2065 teris
2306 2010 2679 2065 Testamenti.
2715 2010 2772 2065 id
2806 2014 2911 2077 est,
2947 2009 3114 2080 Legis
3165 2013 3220 2066 et
3264 2010 3702 2082 Prophetarum
3754 2012 3806 2063 et

2141 2098 2580 2171 Apostolorum,
2608 2116 2798 2155 unum
2830 2096 3233 2173 eumdemque
3263 2097 3466 2155 credat
3495 2101 3806 2155 auctorem

2142 2191 2351 2257 Deum,
2384 2184 2430 2242 si
2479 2182 2758 2244 diabolus
2805 2197 2925 2244 non
2977 2199 3084 2262 per
3128 2180 3533 2244 conditionem
3565 2179 3672 2243 sed
3704 2201 3808 2260 per

2143 2270 2454 2332 arbitrium
2503 2271 2694 2333 factus
2727 2278 2800 2334 sit
2832 2277 3046 2334 malus.
3081 2277 3480 2344 Quaerendum
3513 2277 3701 2333 etiam
3733 2268 3807 2332 ab

2143 2383 2214 2422 eo
2246 2367 2293 2422 si
2325 2367 2527 2423 credat
2551 2368 2730 2439 hujus
2761 2385 2946 2441 quam
2978 2371 3282 2439 gestamus
3312 2363 3366 2423 ei
3406 2377 3528 2424 non
3557 2354 3804 2422 alterius

2142 2457 2336 2513 carnis
2358 2458 2877 2530 resurrectionem,
2900 2451 2943 2515 si
2973 2456 3175 2516 credat
3195 2458 3488 2531 judicium
3511 2459 3805 2522 futurum,

2142 2545 2199 2603 et
2247 2550 2591 2619 recepturos
2625 2548 2893 2619 singulos
2927 2566 3036 2622 pro
3070 2549 3163 2605 his
3208 2565 3343 2622 quae
3392 2548 3452 2603 in
3483 2549 3596 2604 hac
3629 2563 3810 2604 carne

2144 2639 2454 2706 gesserunt
2480 2637 2573 2693 vel
2617 2653 2829 2710 pmnas
2860 2640 2954 2694 vel
2999 2638 3269 2712 praemia,
3303 2639 3350 2694 si
3391 2638 3632 2711 nuptias
3687 2653 3808 2692 non

2142 2725 2459 2800 improbet,
2486 2727 2536 2782 si
2558 2728 2824 2784 secunda
2853 2728 3239 2786 matrimonia
3267 2744 3389 2784 non
3417 2727 3804 2796 condemnet,

2145 2815 2193 2870 si
2223 2815 2495 2879 carnium
2522 2817 2967 2890 perceptionem
2998 2834 3119 2874 non
3143 2816 3362 2892 culpet,
3398 2817 3444 2872 si
3474 2815 3814 2890 pcenitenti-

2142 2904 2260 2960 bus
2286 2905 2676 2962 reconciliatis
2709 2901 3130 2977 communicet,
3165 2903 3210 2962 si
3240 2899 3301 2963 in
3344 2902 3649 2980 baptismo
3685 2919 3813 2962 oms

2144 2993 2243 3050 nia
2265 2993 2531 3068 peccata,
2563 2987 2624 3051 id
2655 3001 2764 3067 est,
2783 3001 2904 3052 tam
2926 2996 3072 3052 illud
3092 2996 3380 3068 originale
3408 3001 3812 3064 contractum,

2143 3099 2332 3156 quam
2369 3083 2471 3141 illa
2495 3101 2629 3157 quae
2663 3085 2991 3142 voluntarie
3020 3086 3288 3142 admissa
3319 3091 3475 3154 sunt,
3507 3085 3815 3143 dimittan-

2146 3177 2258 3242 tur,
2288 3173 2336 3228 si
2365 3177 2530 3230 extra
2558 3175 2884 3232 Ecclesiam
2912 3176 3268 3232 catholicam
3301 3176 3501 3232 nullus
3525 3176 3814 3232 salvetur.

2143 3262 2290 3317 Cum
2345 3262 2405 3318 in
2456 3262 2551 3319 his
2599 3263 2949 3320 hominibus
3000 3265 3396 3335 examinatus,
3427 3265 3690 3339 pleniter
3739 3265 3819 3321 in-

2146 3357 2404 3409 structus
2435 3359 2706 3427 repertus
2738 3355 2929 3423 fuerit,
2962 3360 3102 3412 tunc
3130 3357 3436 3413 ordinetur
3472 3356 3642 3428 (276).

2220 3443 2394 3514 202
2438 3444 2697 3509 Qualiter
2726 3445 3058 3519 presbyteri
3093 3445 3180 3502 vel
3220 3445 3458 3502 diaconi
3483 3450 3625 3502 ante
3659 3445 3818 3502 ordi-

2144 3531 2451 3588 nationem
2483 3532 2573 3588 vel
2607 3537 2742 3605 post
2772 3533 3213 3590 ordinationem
3247 3534 3696 3601 examinentur,
3731 3533 3822 3590 vel

2144 3620 2398 3693 qualiter
2423 3621 2498 3676 de
2529 3639 2638 3678 suo
2685 3623 3012 3680 ministerio
3051 3623 3464 3693 discutiantur,
3500 3624 3560 3679 in
3593 3625 3820 3698 princi-

2145 3709 2247 3782 pio
2277 3709 2447 3765 istius
2477 3709 2657 3768 libelli
2691 3711 2833 3767 satis
2863 3728 3213 3786 expressum
3244 3717 3347 3779 est,
3385 3712 3485 3768 uti
3520 3711 3822 3785 scriptum

2145 3803 2233 3853 est
2261 3799 2405 3871 quid
2435 3799 2566 3856 sita
2594 3800 2949 3873 presbytero
2974 3802 3421 3874 requirendum.
3459 3805 3524 3858 Et
3547 3801 3693 3858 ideo
3726 3818 3819 3858 su-

2145 3885 2445 3958 perﬂuum
2475 3888 2705 3944 videtur
2725 3889 2909 3961 repeti
2937 3894 2992 3945 et
3018 3888 3211 3945 iterari
3239 3890 3402 3963 quod
3423 3890 3554 3960 jam
3585 3895 3826 3947 constat

2147 3990 2279 4032 esse
2308 3981 2601 4035 notatum.
2766 3979 2772 3985 ’

2147 4135 2446 4177 consensu
2468 4122 2821 4179 clericorum
2843 4128 2900 4179 et
2918 4124 3207 4180 laicorum
3234 4129 3288 4179 et
3311 4129 3615 4180 conventu
3643 4125 3826 4180 totius

2146 4192 2950 4272 provinciaeepiscoporum,
2984 4197 3374 4272 maximeque
3404 4195 3826 4272 metropolita-
3868 4211 3872 4214 '

2147 4263 2208 4317 ni
2243 4263 2333 4319 vel
2362 4263 2835 4339 auctoritate'vel
2879 4267 3214 4338 praesentia,
3249 4263 3560 4322 ordinetur
3587 4263 3829 4339 episco-

2147 4349 2280 4406 pus.
2305 4354 2334 4388 »
2379 4337 2758 4410 Burchardus
2798 4343 2854 4392 et
2882 4337 2998 4398 lvo.
3030 4339 3173 4410 quia
3202 4354 3275 4394 ex
3304 4337 3825 4410 Reginoneacce-

2147 4411 2385 4476 perunt,
2414 4407 2598 4481 ﬁnem
2623 4409 2777 4481 hanc
2801 4409 2967 4481 istius
2994 4407 3203 4481 capitis
3232 4409 3514 4464 exhibent
3543 4410 3822 4464 decurta-

2147 4481 2292 4552 tam.
2329 4479 2643 4552 Gratianus
2670 4479 2909 4552 aliunde
2936 4479 3236 4552 accc—pisse
3261 4481 3496 4536 videtur
3526 4497 3726 4552 quam
3754 4496 3822 4534 ex

2147 4546 2398 4606 istorum
2413 4550 3027 4621 collectionibus,cum
3041 4546 3338 4622 integrum
3356 4546 3564 4607 loeum'
3581 4552 3678 4607 ref
3675 4556 3823 4606 erat'

1683 4667 1930 4708 EXPLICIT
1971 4670 2230 4712 LIBELLUS
2270 4672 2494 4716 PRIMUS.

381 4768 3810 4816 _________________________________________

1368 4937 1542 5011 203
1602 4946 1928 5018 INCIPIT
1985 4950 2250 5021 LIBER
2325 4953 2816 5026 SECUNDUS.

375 5227 494 5269 sua
523 5228 557 5272 S

454 5128 872 5239 Innjgllef-iqri
903 5141 1113 5232 libello
1132 5149 1298 5239 ‘quid
1331 5153 1632 5236 episcopo
1664 5161 1762 5221 vel
1794 5164 1936 5239 ejus
1968 5163 2279 5226 ministris
2312 5183 2459 5226 cum
2491 5164 2944 5226 ecclesiasticis
2977 5164 3134 5224 viris
3167 5163 3252 5222 sit
3299 5162 3628 5239 agendum
3665 5169 3732 5220 et
3768 5161 3829 5220 in

562 5217 1265 5324 illednol‘iflﬂif‘endum
1286 5217 1579 5324 gx‘parte
1612 5217 1999 5324 notavimus.
2034 5245 2217 5306 Nunc
2249 5245 2402 5324 quid
2437 5264 2582 5306 cum
2615 5244 3038 5305 srecularibus
3072 5248 3133 5302 et
3162 5217 3457 5302 laicisosit
3487 5243 3831 5317 agendum

371 5290 468 5349 vel
498 5310 688 5370 agere
717 5303 1030 5377 oporteat,
1065 5317 1254 5386 prout
1285 5285 1600 5379 Dominus
1632 5285 2414 5402 deEépii‘,"§é£&5i¥a?n‘3§.

373 5402 498 5469 Qua
507 5407 647 5464 liter
669 5412 974 5484 episcopus
993 5435 1162 5481 suam
1173 5430 1550 5496 parcechiam
1570 5435 1736 5492 debet
1749 5439 2028 5495 circuire.

748 5502 850 5558 Ex
877 5511 1129 5568 concilio
1155 5517 1637 5592 Bothomagensz'.

442 5585 480 5636 l.
511 5583 860 5653 (Buncnma.
893 5595 993 5661 lib.
1020 5616 1060 5672 ι,
1094 5619 1143 5658 c.
1179 5607 1294 5676 90.)
1321 5583 1475 5669 Οιιῶ
1503 5613 1822 5687 episcopus
1849 5632 2022 5681 suam

2140 5439 2446 5497 dimcesim
2473 5439 2700 5506 circuit,
2717 5437 3181 5494 archidiaconus
3211 5436 3304 5491 vel
3331 5433 3835 5508 archipresbyter

2137 5538 2278 5584 eum
2294 5530 2504 5601 praeire
2517 5528 2739 5598 [debet]
2757 5542 2878 5582 uno
2892 5529 2998 5581 aut
3013 5525 3256 5580 duobus
3270 5523 3484 5579 diebus
3498 5539 3610 5595 per
3624 5539 3836 5595 parm-

2136 5618 2302 5674 chias
2319 5634 2474 5691 quas
2487 5617 2832 5694 visitaturus
2852 5619 2960 5685 est;
2981 5619 3040 5670 et
3052 5613 3224 5686 plebe
3237 5616 3566 5672 convocata
3580 5628 3839 5670 annun-
