4044 6196
213 121 307 174 ὶΒέ

1148 111 1236 165 DE
1276 110 1556 167 ECCLES.
1599 106 1881 161 DISCIPL.
1928 106 2105 161 LIBRI
2143 105 2306 165 DUO.
2348 139 2414 146 —
2452 104 2580 161 LIB.
2603 104 2669 160 ll.

3506 69 3611 153 28s

235 229 541 293 tiaredebet
572 227 795 300 proprii
809 229 1065 301 pastoris
1087 230 1435 301 adventum,
1482 234 1538 287 et
1559 233 1623 285 ut
1638 242 1851 284 omnes
1884 232 1929 282 A
1960 228 2282 297 scondatis,
2304 233 2363 284 et
2389 244 2463 283 ex
2493 226 2733 282 alterius
2763 224 3008 297 peccato
3050 224 3248 278 vestra
3294 221 3399 276 fiat
3444 220 3614 277 dam-

236 325 304 382 ad
322 323 436 394 ejus
464 317 765 391 synodum
798 317 895 373 die
938 317 1328 377 denominata
1373 316 1852 392 impraetermissc
1956 318 2138 374 natio.

235 410 517 470 occurrant
564 406 932 462 omnimodis
988 424 1062 463 ex
1117 409 1462 466 auctoritate
1512 411 1853 465 sanctorum

231 513 504 560 canonum
533 496 877 570 praecipere,
902 500 960 553 et
984 497 1295 554 minaciter
1313 498 1661 555 denuntiare
1690 486 1856 567 quod

234 592 277 647 si
302 588 423 664 quis
450 586 683 658 absque
714 586 881 655 gravi
923 587 1275 644 necessitate
1327 588 1599 657 defuerit,
1647 581 1855 658 procul

227 676 392 735 dubio
418 691 452 731 a
476 673 905 730 communione
964 675 1293 732 Christiana
1325 676 1398 731 sit
1454 672 1851 748 repellendus.

231 766 427 825 Deinde
457 763 660 820 ascitis
692 778 897 819 secum
917 765 1279 838 presbyteris
1316 766 1420 839 qui
1466 765 1565 820 illo
1614 764 1674 819 in
1721 762 1854 818 loco

225 853 507 913 servitium
539 851 761 908 debent
790 853 1070 910 exhibere
1113 854 1289 927 204
1320 854 1621 927 episcopo,
1679 850 1855 925 quid—

226 936 357 1019 quid
384 942 455 998 de
487 932 824 998 minoribus
869 947 923 998 et
951 937 1274 999 levioribus
1317 943 1515 1000 causis
1563 942 1856 1011 corrigere

224 1037 423 1109 potest,
453 1032 781 1089 emendare
805 1036 1041 1103 satagat
1069 1052 1082 1100 ;
1116 1037 1180 1089 ut
1202 1033 1470 1107 pontifex
1490 1032 1736 1087 veniens
1757 1045 1858 1085 ne-

222 1138 515 1198 quaquam
548 1122 609 1177 in
640 1120 1005 1178 facilioribus
1035 1122 1288 1194 negotiis
1318 1123 1611 1192 fatigetur,
1645 1125 1749 1176 aut
1776 1118 1858 1175 ibi

222 1212 512 1270 immorari
540 1211 800 1284 amplius
828 1227 1072 1268 necesse
1098 1211 1172 1269 sit
1198 1228 1383 1285 quam
1410 1227 1673 1285 expensa
1701 1208 1860 1265 sufﬁ-

218 1301 343 1359 ciat.
364 1301 451 1359 Ait
473 1300 638 1357 enim
681 1299 968 1356 Dominus
996 1300 1075 1356 ad
1105 1303 1343 1373 Moysen
1395 1300 1470 1357 de
1512 1298 1858 1371 hujusmodi

220 1389 693 1464 cooperator-ibus
728 1406 740 1443 :
778 1380 850 1446 Ut
878 1395 1067 1446 tecum
1105 1395 1427 1447 sustentem
1460 1405 1608 1444 onus
1622 1388 1855 1458 populi,

219 1488 270 1537 et
295 1496 407 1536 non
437 1487 502 1535 tu
528 1483 693 1535 solus
721 1480 994 1549 graveris
1027 1479 1223 1549 (Nam.
1247 1479 1347 1550 xx).
1378 1481 1444 1534 Et
1459 1478 1668 1535 beatus
1687 1480 1857 1533 Joan«

216 1587 314 1627 nes
342 1569 605 1641 Baptista
634 1568 957 1625 adventum
1000 1569 1229 1625 Domini
1288 1568 1596 1641 praecurrit
1641 1566 1857 1640 prredi-
1890 1586 1929 1638 Β

208 1659 394 1716 cando
439 1660 698 1715 dicens:
758 1659 1178 1715 Paenitentiam
1238 1660 1416 1728 agite,
1458 1661 1566 1713 etc.
1615 1657 1854 1727 (Matth.

212 1752 304 1821 ιιι).
340 1750 404 1805 Et
431 1746 598 1805 idem
632 1762 654 1821 ε,
675 1748 904 1805 Parate
932 1750 1087 1806 viam
1114 1749 1367 1804 Domino
1402 1747 1613 1817 (ibid).
1670 1744 1857 1817 Siqui-

205 1839 338 1895 dem
363 1840 695 1912 episcopus
751 1838 944 1896 vicem
994 1834 1208 1894 Christi
1258 1850 1433 1907 agere
1488 1836 1742 1892 videtur.
1795 1838 1859 1889 Et

204 1929 332 1985 ideo
358 1945 501 1985 cum
527 1927 771 1998 gaudio,
806 1927 1016 1984 timore
1044 1931 1100 1984 et
1159 1943 1401 1983 summa
1447 1925 1779 1983 reverentia
1822 1939 1859 1980 a

202 2018 478 2091 plebibus
512 2016 628 2074 sibi
666 2017 947 2089 subjectis
997 2016 1415 2090 suscipiendus
1473 2020 1578 2081 est,
1633 2020 1694 2071 ut
1747 2010 1860 2070 illis

203 2124 335 2165 cum
360 2108 550 2164 laude
576 2107 810 2164 dicatur
826 2107 991 2179 quod
1012 2106 1337 2179 Apostolus
1364 2105 1672 2178 discipulis
1697 2104 1856 2160 dicit.

202 2195 650 2265 Testimonium,
678 2194 891 2270 inquit,
924 2197 1085 2253 vobis
1113 2198 1393 2268 perhibeo
1422 2197 1581 2268 quod
1608 2198 1695 2251 ita
1740 2211 1862 2250 sus-

200 2291 437 2359 cepistis
463 2305 558 2347 me
582 2290 737 2345 sicut
762 2288 1047 2357 angelum
1076 2288 1206 2357 Dei,
1237 2288 1391 2342 sicut
1426 2287 1745 2342 Dominum
1771 2286 1864 2339 Je-

192 2394 320 2437 sum
351 2374 525 2453 (Gal.
555 2379 654 2453 tv.)

440 2472 535 2525 De
556 2469 938 2539 juratoribus
967 2469 1199 2539 synodi.
1231 2467 1394 2524 Unde
1416 2472 1621 2537 supra.

258 2564 327 2616 11.
362 2561 723 2631 (Βυιιοωιιυ.
751 2557 853 2614 lib.
878 2574 916 2624 ι,
946 2574 997 2613 c.
1021 2562 1108 2614 91.
1142 2556 1512 2629 )Episcopus
1541 2557 1602 2610 in
1633 2550 1867 2626 synodo

194 2647 502 2715 residens,
537 2648 677 2719 post
704 2660 1036 2715 congruam
1062 2644 1501 2707 allocutionem,
1537 2645 1767 2714 septem
1797 2654 1868 2693 ex

191 2737 369 2811 plebe
400 2735 605 2809 ipsius
634 2735 955 2808 parmchiae
984 2735 1077 2791 vel
1107 2751 1178 2790 eo
1200 2733 1460 2806 amplius
1491 2737 1594 2787 aut
1644 2729 1867 2794 minus,

164 2831 371 2900 prout
402 2823 628 2881 viderit
680 2823 979 2897 expedire,
1041 2822 1413 2887 maturiores,
1473 2818 1867 2885 honestiores,

2171 409 2315 463 Post
2341 408 2464 463 luet:
2502 408 2588 463 ita
2610 422 2723 476 per
2752 405 3022 460 ordinem
3047 403 3391 471 interroget.

2033 498 2092 553 V.
2126 498 2465 568 (BURCHARD.
2494 495 2596 551 lib.
2630 511 2667 561 ι,
2701 510 2751 549 c.
2785 492 2898 561 94.)
2936 496 2982 547 1.
3019 494 3116 546 Est
3144 490 3206 545 in
3256 490 3371 545 hac
3423 501 3617 561 parae-

1931 585 2095 653 ,chia
2114 580 2438 653 homicida,
2462 585 2566 658 qui
2602 582 2913 639 hominem
2940 584 3043 635 aut
3060 583 3392 652 spontanea
3411 576 3615 632 volun-

1961 679 2099 747 tate,
2127 680 2230 731 aut
2259 674 2595 748 cupiditatis
2608 676 2711 729 aut
2728 668 3068 744 rapacitatis
3097 683 3300 735 causa,
3319 670 3422 723 aut
3449 681 3614 733 casu,

1963 769 2066 821 aut
2084 764 2316 833 nolens,
2348 768 2404 819 et
2432 766 2697 832 coactus,
2729 764 2832 816 aut
2858 774 2968 832 pro
2982 754 3246 813 vindicta
3274 758 3615 829 parentum,

1964 853 2129 927 quod
2158 853 2385 909 faidam
2414 851 2691 919 dicimus,
2725 853 2826 905 aut
2852 848 2913 903 in
2932 845 3112 914 bello,
3145 847 3250 900 aut
3271 844 3455 914 jussu
3506 841 3618 897 do-

1964 942 2132 1014 mini,
2164 946 2267 999 aut
2294 942 2605 1014 proprium
2634 954 2871 995 servum
2900 934 3179 992 occiderit
3207 934 3235 988 ?

2038 1033 2215 1104 206
2242 1037 2295 1087 2.
2326 1034 2424 1086 Est
2452 1029 2667 1103 aliquis
2695 1025 3014 1101 parricida,
3046 1027 3149 1080 aut
3168 1019 3490 1091 fratricida,
3510 1014 3618 1091 qui

1964 1126 2218 1195 patrem,
2250 1124 2526 1189 matrem,
2567 1118 2829 1186 fratrem,
2882 1129 3173 1182 sororem,
3226 1108 3616 1177 avunculum,

1966 1218 2069 1269 aut
2093 1210 2354 1285 aliquem
2384 1213 2695 1284 parentem
2726 1203 3129 1263 interfecerit?

2038 1305 2089 1356 3.
2111 1302 2209 1355 Est
2237 1298 2451 1371 aliquis
2476 1295 2582 1371 qui
2595 1294 3016 1370 presbyterum
3046 1294 3151 1346 aut
3172 1289 3499 1345 diaconum
3518 1288 3623 1341 aut

1965 1390 2228 1462 aliquem
2254 1389 2605 1444 clericorum
2637 1383 2920 1441 occiderit
2947 1380 3039 1437 vel
3091 1379 3292 1451 aliquo
3345 1374 3621 1431 membro

1963 1476 2402 1535 detruncaverit
2427 1479 2455 1531 ζ)

2035 1565 2087 1623 4.
2123 1568 2222 1622 Est
2247 1564 2462 1637 aliquis
2492 1563 2585 1618 vel
2609 1562 2813 1633 aliqua
2838 1559 2943 1632 qui
2969 1557 3261 1613 infantem
3304 1551 3623 1625 proprium

1964 1654 2327 1730 oppresserit
2353 1652 2448 1709 vel
2475 1652 2967 1708 vestimentorum
2988 1644 3254 1719 pondere
3287 1639 3624 1696 suﬂ'ocave-

1964 1728 2088 1802 rit}?
2120 1748 2185 1800 Et
2203 1744 2251 1799 si
2282 1744 2395 1800 hoc
2425 1742 2649 1798 factum
2673 1743 2763 1796 est
2802 1741 2937 1794 ante
2968 1734 3339 1807 baptismum
3352 1731 3456 1784 aut
3483 1728 3629 1798 post

1964 1834 2356 1908 baptismum.
2390 1836 2504 1888 Aut
2538 1831 2588 1886 si
2633 1829 2831 1886 infans
2881 1826 3220 1882 inﬁrmatus
3279 1833 3388 1893 per
3441 1812 3625 1885 negli-

1969 1924 2233 1995 gentiam
2263 1921 2526 1995 parentis
2552 1920 2783 1992 absque
2814 1916 3117 1989 baptismo
3146 1908 3379 1967 obierit.

2039 2017 2089 2069 5.
2126 2015 2222 2069 Est
2250 2011 2466 2084 aliquis
2497 2009 2587 2066 vel
2616 2009 2819 2081 aliqua
2844 2005 2950 2079 qui
2979 2002 3222 2059 alterius
3247 2001 3491 2073 partum
3521 2009 3624 2048 ex-

1966 2101 2220 2161 cusserit
2247 2100 2275 2156 ?
2332 2100 2426 2156 vel
2479 2099 2527 2155 si
2564 2101 2696 2171 ipsa
2748 2097 2971 2152 femina
3020 2089 3266 2165 propria
3319 2084 3626 2143 voluntate

1970 2209 2150 2249 suum
2188 2195 2430 2263 partum
2456 2184 2801 2251 excusserit,
2830 2187 2887 2240 et
2910 2180 3253 2239 abortivum
3277 2172 3533 2232 fecerit?

2041 2285 2092 2335 6.
2125 2256 2221 2335 Est
2267 2277 2470 2350 aliqua
2499 2275 2724 2332 femina
2750 2287 2886 2345 quae
2922 2270 2984 2325 in
3014 2266 3403 2324 fornicatione
3429 2256 3633 2318 conciv

1971 2370 2162 2443 piens,
2194 2367 2412 2423 timens
2461 2380 2536 2419 ne
2588 2360 3090 2425 manifestaretur,
3148 2352 3439 2410 infantem
3494 2364 3629 2422 pro-

1971 2455 2173 2530 prium
2203 2459 2306 2511 aut
2332 2453 2392 2509 in
2425 2466 2648 2524 aquam
2680 2444 3000 2522 projecerit
3028 2447 3131 2500 aut
3162 2441 3225 2497 in
3254 2444 3409 2495 terra
3434 2435 3630 2494 occul-

1973 2543 2202 2612 taverit,
2232 2541 2397 2616 quod
2423 2538 2620 2596 morth
2641 2538 2867 2593 dicunt.

2046 2643 2098 2692 7.
2132 2637 2229 2689 Est
2254 2631 2467 2705 aliquis
2496 2628 2604 2702 qui
2623 2642 2873 2683 uxorem
2899 2638 3075 2680 suam
3096 2620 3326 2692 absque
3368 2617 3501 2686 lege
3530 2617 3638 2669 aut

1976 2730 2135 2784 certa
2159 2723 2511 2799 probatione
2541 2714 2894 2776 interfecerit
2919 2717 2948 2772 ?

2051 2821 2101 2871 8.
2137 2792 2236 2870 Est
2255 2812 2459 2884 aliqua
2480 2808 2703 2865 femina
2727 2823 2861 2879 quae
2918 2803 3115 2859 virum
3168 2814 3343 2854 suum
3396 2793 3487 2851 vel
3527 2792 3636 2849 ali-

196 2880 247 2900 r'
272 2880 287 2883 ν
424 2880 427 2881 ν
755 2880 776 2897 ι
966 2880 978 2891 ι
1403 2880 1411 2887 ’
1855 2880 1863 2885 '

196 2920 378 2989 atque
400 2913 749 2969 veraciores
778 2913 940 2969 viros
970 2912 1032 2968 in
1059 2911 1258 2968 medio
1279 2909 1456 2966 debet
1484 2923 1733 2965 evocare
1767 2924 1781 2974 ;
1815 2908 1873 2961 et
1903 2939 1942 2995 ο
1980 2921 2163 2979 quem
2191 2880 2499 2958 hominem
2519 2912 2627 2971 per
2646 2894 2866 2953 herbas
2895 2893 3219 2947 venenatas
3261 2884 3353 2941 vel
3380 2880 3643 2938 mortifev

2217 2992 2226 2995 _
2409 2989 2419 2995 .
2476 2993 2483 2995 _
2564 2985 2584 2995 ι.
2722 2985 2756 2995 ..
2886 2981 2901 2995 ι
2973 2980 3007 2995 1·
3149 2977 3259 2995 ι--
3294 2974 3484 2995 3.-...-
3538 2970 3611 2995 .1-

195 2970 393 3060 allatis
437 3001 1170 3076 sanctorumrpignoribus
1225 3012 1720 3071 unumquemque
1753 2970 1873 3051 illo-
1903 2970 1942 2995 ν
1979 2970 2078 3051 ras
2106 2992 2380 3066 potiones
2404 2970 2780 3050 interfecerit,
2809 2981 2906 3039 vel
2934 2980 3119 3037 alium
3149 2977 3265 3033 hoc
3294 2974 3487 3030 facere
3534 2970 3644 3026 do—

195 3109 327 3149 rum
358 3093 471 3150 tali
503 3096 889 3149 sacramento
917 3090 1303 3161 constringat.

644 3185 1103 3239 Sacramentum
1134 3181 1362 3252 synoda
1370 3181 1441 3236 le.

263 3277 352 3330 lli.
389 3274 750 3346 (Bonarum).
803 3270 906 3326 lib.
962 3287 1002 3337 ι,
1063 3286 1113 3326 c.
1175 3270 1267 3341 92)
1323 3267 1555 3323 Amodo
1633 3267 1875 3321 inantea

189 3363 498 3437 quidquid
531 3360 722 3427 nosti,
752 3360 847 3415 vel
875 3358 1117 3430 audisti,
1149 3362 1251 3414 aut
1271 3356 1661 3430 postmodum
1681 3352 1875 3426 inqui-

192 3452 411 3508 siturus
443 3468 536 3521 es,
580 3448 747 3522 quod
777 3452 984 3505 contra
1015 3448 1116 3504 Dei
1144 3446 1512 3503 voluntatem
1551 3448 1607 3500 et
1649 3447 1875 3498 rectam

190 3541 542 3598 Christianit
554 3544 721 3596 atem
746 3539 807 3594 in
831 3538 947 3594 ista
973 3536 1272 3611 paraechia
1301 3534 1525 3592 factum
1555 3539 1661 3602 est,
1693 3534 1797 3586 aut
1815 3529 1875 3584 in

197 3631 467 3688 futurum
500 3630 645 3695 erit,
679 3646 727 3685 Sl
755 3629 815 3684 in
873 3628 1087 3685 diebus
1140 3627 1257 3683 tuis
1312 3624 1593 3695 evenerit,
1646 3625 1879 3678 tantum

198 3721 373 3795 205
407 3726 480 3778 ut
518 3720 603 3777 ad
637 3723 807 3775 tuam
840 3717 1245 3787 cognitionem
1276 3727 1639 3788 quocunque
1696 3707 1880 3764 modo

199 3811 540 3880 perveniat,
574 3808 630 3863 si
664 3807 782 3863 scis
817 3805 922 3862 tibi
949 3804 1282 3861 indicatum
1314 3801 1489 3858 fuerit
1528 3795 1882 3871 synodalem

198 3913 456 3954 causam
489 3911 635 3953 esse
662 3900 720 3951 et
743 3894 823 3951 ad
844 3892 1247 3949 ministerium
1274 3888 1541 3963 episcopi
1567 3885 1879 3959 pertinere,

199 3987 362 4058 quod
395 4003 516 4043 nec
545 3988 800 4059 propter
820 3998 1114 4051 amorem,
1145 3996 1255 4036 nec
1293 3982 1539 4053 propter
1586 3976 1881 4042 timorem,

200 4091 304 4130 nec
334 4079 603 4148 propter
634 4072 977 4146 praemium,
1004 4087 1115 4126 nec
1140 4072 1384 4142 propter
1405 4064 1768 4140 parentelam
1802 4061 1886 4117 ul-

200 4161 439 4219 latenus
471 4162 685 4219 celare
707 4161 932 4217 debeas
995 4159 1280 4232 episcopo
1340 4157 1414 4212 de
1472 4152 1736 4211 Treveris
1782 4154 1887 4207 aut

200 4252 329 4322 ejus
359 4253 596 4320 misso,
649 4251 743 4307 cui
799 4250 915 4306 hoc
962 4249 1259 4322 inquirere
1307 4244 1567 4318 jusserit,
1615 4240 1889 4315 quando-

200 4356 443 4414 cunque
475 4347 536 4398 te
580 4357 664 4396 ex
687 4340 800 4395 hoc
822 4337 1291 4409 interrogaverit.
1322 4335 1413 4390 Sic
1436 4338 1489 4390 te
1510 4334 1667 4387 Deus
1713 4330 1889 4401 adju-

201 4436 296 4487 vet
327 4436 388 4487 et
408 4432 549 4489 istae
584 4434 934 4487 sanctorum
961 4427 1245 4500 reliquiae.

758 4520 1000 4590 Reliqui
1022 4520 1107 4573 ita
1135 4519 1361 4586 iurent.

272 4614 643 4683 (Bcacruum.
672 4611 909 4678 ibid.,c.
941 4610 1052 4679 93.)
1082 4606 1241 4663 Istud
1263 4608 1705 4662 sacramentum
1727 4599 1893 4673 quod

207 4698 313 4755 iste
342 4700 589 4771 juravit
617 4698 694 4754 de
727 4695 1005 4770 synodali
1033 4710 1236 4762 causa,
1268 4692 1433 4766 quod
1484 4696 1548 4746 tu
1594 4688 1740 4745 illud
1794 4686 1895 4741 ob-

208 4792 511 4864 servabis,
579 4791 649 4846 in
697 4793 994 4863 quantum
1063 4785 1225 4858 sapis
1265 4788 1367 4840 aut
1417 4778 1658 4844 audisti,
1692 4774 1898 4832 autab

206 4881 319 4937 hac
344 4882 449 4939 die
512 4882 774 4937 inantea
820 4877 1211 4950 inquisiturus
1265 4890 1347 4930 es.
1384 4872 1476 4930 Sic
1526 4876 1580 4926 te
1613 4872 1765 4925 Deus
1798 4865 1901 4921 ad-

205 4968 396 5039 juvet.

764 5056 1070 5113 Allocutio
1100 5054 1376 5124 episcopi.

282 5152 368 5205 IV.
405 5152 774 5223 (Buncmnn.
830 5147 973 5203 ibid.
1034 5162 1082 5201 c.
1133 5144 1247 5215 9i)
1297 5141 1521 5208 Videte,
1562 5139 1796 5203 fratres,
1840 5139 1907 5191 ut

212 5241 478 5297 Domino
508 5237 793 5295 reddatis
817 5238 1162 5309 juramenta
1185 5236 1401 5289 vestra.
1434 5235 1558 5287 Non
1598 5228 1756 5285 enim
1806 5226 1909 5280 ho-

210 5329 360 5385 mini
380 5327 684 5401 jurastis,
710 5326 817 5382 sed
851 5329 969 5382 Deo
991 5322 1241 5380 creatori
1264 5325 1461 5377 vestro
1524 5323 1639 5375 Nos
1682 5320 1907 5382 autem,

208 5422 313 5491 qui
339 5421 487 5491 ejus
520 5416 794 5473 ministri
824 5432 1054 5481 sumus,
1099 5428 1223 5469 non
1273 5415 1571 5468 terrenam
1633 5405 1911 5461 substan-

210 5508 358 5564 tiam
394 5512 683 5563 vestram
712 5504 1219 5578 concupiscimus,
1263 5501 1367 5557 sed
1399 5499 1654 5555 salutem
1685 5493 1915 5550 anima-

206 5614 349 5661 rum
372 5601 739 5653 vestrarum
770 5594 1150 5667 requirimus.
1183 5593 1398 5649 Cavete
1422 5604 1498 5645 ne
1542 5582 1769 5658 aliquid
1800 5581 1916 5637 ab-

1983 3099 2122 3228 01193.1.
2123 3081 2238 3226 lItis:
2264 3167 2478 3241 aliquis
2500 3164 2591 3220 vel
2622 3163 2826 3235 aliqua
2854 3158 2959 3233 qui
2976 3158 3091 3213 hoc
3110 3153 3312 3212 fecerit
3328 3150 3424 3207 vel
3453 3149 3645 3205 alium

1982 3265 2176 3321 facere
2202 3257 2470 3317 docuerit
2499 3260 2563 3312 ut
2590 3255 2682 3310 vir
2704 3268 2828 3309 non
2859 3248 3047 3324 possit
3095 3259 3379 3316 generare
3410 3244 3513 3296 aut
3564 3237 3651 3292 fev

1984 3352 2151 3409 mina
2175 3348 2488 3419 concipere
2517 3345 2545 3400 ?

2062 3444 2145 3496 10.
2176 3441 2274 3493 Est
2292 3412 2507 3506 aliquis
2537 3431 2642 3504 qui
2662 3426 2974 3501 proprium
3025 3435 3267 3477 servum
3299 3420 3465 3506 astra
3490 3412 3646 3484 judi-

1988 3544 2118 3583 cem
2142 3504 2444 3587 occiderit,
2476 3524 2534 3575 et
2553 3518 2758 3588 aliqua
2786 3513 3009 3569 femina
3029 3524 3165 3579 quas
3193 3504 3473 3562 ancillam
3504 3516 3645 3572 pro-

1988 3615 2183 3688 priam
2211 3606 2514 3666 necaverit
2532 3605 2729 3660 furore
2750 3599 2856 3656 zeli
2884 3598 3262 3653 inﬂammata
3288 3592 3316 3645 ‘l

2066 3700 2236 3771 207
2276 3702 2359 3751 11.
2397 3698 2498 3749 Est
2522 3690 2739 3762 aliquis
2767 3686 2872 3759 qui
2898 3681 3141 3739 diabolo
3187 3675 3529 3748 impellente
3559 3688 3650 3726 se-

1992 3790 2318 3862 metipsum
2348 3779 2633 3839 occiderit
2660 3778 2688 3834 ?

2069 3852 2157 3935 t2:
2206 3876 2262 3934 Si
2310 3874 2370 3930 in
2416 3870 2576 3928 bello
2629 3867 2846 3939 aliquis
2892 3857 3170 3918 homines
3199 3852 3553 3921 vulneravit,
3597 3853 3659 3939 et

1992 3968 2179 4027 nescit
2208 3966 2258 4022 si
2284 3965 2359 4021 de
2390 3962 2489 4019 illo
2516 3937 2762 4016 vulnere
2793 3951 3009 4025 aliquis
3032 3944 3286 4021 perierit,
3320 3947 3379 4000 et
3399 3942 3448 3997 si
3478 3937 3655 3997 alicui

1992 4061 2325 4133 imputatur
2352 4051 2519 4126 quod
2548 4047 2855 4106 hominem
2905 4037 3204 4103 occiderit,
3266 4039 3323 4089 et
3362 4033 3493 4106 ipse
3542 4031 3659 4085 hoc

1995 4150 2483 4303 dailiiggitcaliquis
2526 4231 2614 4283 est
2642 4225 2703 4280 in
2732 4219 2987 4279 consilio
3027 4220 3091 4272 ut
3118 4206 3667 4303 homoAinterticia—

1999 4333 2094 4383 tur
2121 4330 2178 4380 et
2202 4338 2327 4378 non
2354 4323 2442 4375 est
2470 4318 2532 4373 in
2561 4315 2738 4375 facto,
2772 4316 2830 4367 et
2884 4313 3087 4364 tamen
3132 4318 3239 4376 per
3279 4299 3409 4369 ejus
3464 4292 3668 4350 consi-

2002 4416 2149 4471 lium
2179 4416 2237 4468 et
2264 4405 2751 4466 exhortationem
2780 4395 3123 4455 interfectus
3145 4394 3250 4445 est.

2080 4506 2163 4559 14.
2199 4504 2297 4557 Est
2333 4495 2549 4569 aliquis
2598 4490 2703 4564 qui
2742 4482 3159 4569 truncationes-
3203 4485 3521 4569 manuum,
3562 4481 3665 4569 pe-

2004 4555 2175 4665 dum,
2191 4555 2520 4657 linguae,‘et
2547 4555 2951 4639 testiculorum
2982 4565 3209 4636 fecerit,
3222 4566 3277 4619 et
3296 4558 3503 4617 oculos
3525 4555 3667 4611 alte-

2005 4683 2127 4737 rius
2182 4676 2399 4734 eruerit
2423 4676 2451 4730 ?

2045 4735 2273 4828 lleinde
2310 4757 2809 4831 interrogandum
2840 4752 2913 4806 de
2943 4741 3259 4805 adulteriis
3287 4744 3343 4796 et
3368 4735 3635 4807 fornica-

2717 4840 2994 4900 tionibus.

2088 4955 2173 5005 15.
2205 4946 2263 5004 Si
2292 4943 2427 5017 quis
2460 4936 2820 5008 conjugatus
2853 4941 2993 4983 cum
3021 4918 3263 5017 alterius
3292 4928 3479 5013 uxore
3509 4910 3679 4968 adul-

2015 5042 2237 5096 teratus
2270 5003 2461 5089 fderit.
2497 5003 2705 5096 Siqua
2732 5032 2884 5075 uxor
2912 5027 3052 5068 cum
3082 5006 3322 5065 alterius
3350 5003 3495 5059 viro.

2094 5132 2179 5184 16.
2216 5124 2271 5183 Si
2306 5120 2442 5193 quis
2471 5087 2721 5172 uxorem
2737 5105 2969 5163 habens
3003 5119 3017 5168 ;
3051 5093 3454 5153 concubinam
3498 5087 3680 5145 simul

2018 5214 2299 5274 habuerit
2326 5178 2609 5265 ancillam
2632 5195 2943 5272 pr0priam
2992 5192 3097 5246 aut
3124 5185 3304 5240 aliam
3367 5178 3676 5237 feminam.

2100 5266 2437 5371 f7i'Siquis
2468 5266 2718 5349 uxorem
2738 5266 3066 5353 legitimam
3096 5271 3404 5337 dimiserit,
3424 5272 3479 5325 et
3500 5266 3678 5323 aliam

2025 5398 2086 5452 in
2115 5388 2469 5461 conjugium
2509 5375 2821 5451 acceperit.

2103 5486 2183 5538 18.
2213 5439 2270 5535 Si
2302 5439 2424 5551 qua
2445 5470 2661 5545 mulier
2683 5467 2881 5521 virum
2903 5455 3212 5535 proprium
3264 5444 3573 5525 dimiserit,
3627 5439 3686 5495 et

2028 5572 2194 5633 alteri
2216 5585 2285 5627 se
2315 5558 2710 5636 coniunxerit.
