4046 6190
377 158 481 223 283

456 277 539 335 19.
574 277 630 333 Si
650 274 1074 347 interveniente
1121 272 1374 350 repudio
1431 270 1510 326 ab
1561 267 1816 335 invicem
1870 277 2037 336 sepa-

380 371 587 422 rantur
611 371 667 422 et
689 365 773 421 sic
804 368 1072 421 manent.

452 459 540 511 20.
580 455 636 511 Si
666 454 810 528 quis
843 452 1074 526 absque
1131 466 1429 517 consensu
1477 447 1699 515 uxoris,
1760 442 2041 515 derelicto

381 544 644 617 legitimO
675 543 805 613 conj
818 541 976 612 ugio,
1007 540 1069 596 in
1101 540 1537 599 monasterium
1565 539 1761 605 intrat.

453 636 541 703 21.
578 633 634 701 Si
661 631 875 705 aliquis
906 646 1083 697 suam
1114 630 1456 701 conjugem,
1512 625 1793 711 quamvis
1837 623 2043 705 culpa-

382 723 589 795 bilem,
620 723 745 777 sine
772 719 1037 797 episcopi
1053 719 1282 799 judicio
1312 718 1609 790 relinquit.

452 816 541 877 22,
576 810 631 875 Si
681 827 804 885 qua
860 808 1070 867 mulier
1131 809 1374 873 conscio
1432 807 1556 875 viro
1587 821 1699 863 suo
1751 804 2043 871 fornicata

384 900 578 969 fuerit.

456 994 543 1045 23.
578 990 634 1044 Si
673 989 810 1062 quis
837 1005 1020 1045 uxore
1046 1003 1278 1059 carens,
1307 1003 1447 1055 cum
1491 984 1731 1045 alterius
1784 982 2041 1052 conjuge

389 1078 567 1163 208
599 1077 922 1147 fornicatus
942 1076 1117 1133 fuerit
1155 1095 1167 1143 ;
1200 1080 1302 1132 aut
1332 1079 1375 1128 si
1408 1090 1531 1153 qua
1560 1072 1772 1135 mulier
1790 1087 1913 1137 non
1934 1070 2040 1135 lia-

387 1167 536 1235 bans
569 1168 780 1235 virum,
817 1183 953 1235 cum
978 1166 1221 1233 alterius
1244 1164 1477 1221 marito.

458 1259 547 1311 24.
584 1255 640 1312 Si
669 1255 804 1326 quis
844 1271 965 1310 non
1023 1254 1253 1317 lrabens
1310 1267 1578 1318 uxorem,
1638 1266 1775 1317 cum
1821 1248 2042 1311 femina

300 1396 305 1401 .
387 1360 523 1417 quae
553 1344 746 1411 virum
777 1359 898 1409 non
928 1342 1108 1405 habet
1131 1342 1455 1405 fornicatus
1486 1340 1675 1397 fuerit.

460 1438 545 1489 25.
580 1433 633 1489 Si
688 1432 834 1491 laica
892 1432 1059 1500 virgo
1118 1431 1415 1497 tumeliam
1467 1429 1639 1495 fuerit
1676 1444 1814 1491 cum
1847 1426 2044 1493 adole-

390 1527 610 1577 scente.

1494 142 1876 215 REGINQNiS
1912 139 2334 208 PBUMIENSIS
2368 142 2677 205 ABBATIS.

3704 136 3809 202 ω

2158 263 2429 331 nesciens
2455 268 2558 327 aut
2588 266 2829 331 coactus
2853 262 3031 332 jussu
3060 258 3331 325 senioris,
3360 260 3465 315 aut
3485 271 3595 328 pro
3623 270 3812 323 mgm'

2153 351 2275 409 bris
2304 358 2361 411 et
2386 352 2506 417 vita
2532 350 2884 415 redimenda
2916 367 2929 404 :
2958 352 3065 411 aut
3088 349 3139 409 si
3198 347 3336 420 quis
3392 343 3644 411 scienter
3686 361 3811 407 nan

2154 441 2352 499 solum
2381 440 2787 514 perjuraverit,
2813 439 2920 497 sed
2951 438 3130 499 etiam
3161 437 3309 497 alios
3366 436 3426 491 in
3478 435 3810 506 perjurium

2150 529 2467 587 induxerit.

2650 638 2735 693 De
2760 636 2924 705 falso
2954 633 3305 691 testimonio.

2218 749 2308 801 40.
2344 743 2838 815 lnterrogandum
2864 742 2908 796 si
2941 740 3157 813 aliquis
3187 739 3438 794 scienter
3466 743 3673 793 contra
3704 737 3813 793 ali-

2147 851 2331 908 quem
2385 834 2605 890 falsum
2663 831 3069 890 testimonium
3118 828 3447 900 protulerit,
3507 828 3646 899 quia
3696 827 3815 881 hoc

2149 923 2401 997 capitale
2422 925 2648 980 crimen
2677 925 2784 992 est,
2812 925 2869 976 et
2888 919 3067 992 quale
3091 918 3386 973 damnum
3434 915 3647 988 aliquis
3705 930 3816 990 per

2148 1014 2309 1071 hanc
2329 1013 2810 1070 testiﬁcationem
2841 1008 3137 1065 habuerit.

2221 1105 2307 1159 41.
2344 1100 2840 1171 lnterrogandum
2872 1100 2920 1153 si
2945 1097 3163 1170 aliquis
3190 1096 3498 1151 hominem
3529 1094 3815 1163 liberum,

2150 1197 2254 1247 aut
2284 1207 2522 1246 servum
2547 1188 2806 1253 alterius,
2833 1192 2936 1243 aut
2959 1186 3345 1259 peregrinum
3379 1185 3556 1254 κιο
3605 1188 3659 1237 et
3711 1181 3820 1238 ad-

2156 1279 2455 1335 ventitium
2479 1279 2710 1335 furatus
2731 1276 2924 1345 fuerit,
2956 1279 3061 1330 aut
3087 1290 3227 1329 eum
3249 1272 3618 1327 blandiendo
3641 1270 3821 1325 sedu-

2148 1369 2298 1425 xerit
2320 1372 2377 1424 et
2409 1366 2756 1429 vendiderit,
2790 1370 2847 1421 et
2875 1370 3045 1433 extra
3083 1363 3339 1435 patriam
3398 1363 3457 1416 in
3509 1360 3821 1434 captivita-

2149 1465 2270 1514 tem
2294 1457 2538 1521 miserit,
2569 1460 2674 1511 aut
2703 1455 2751 1509 si
2780 1454 2995 1526 aliquis
3025 1452 3232 1507 Judaao
3258 1450 3348 1506 vel
3376 1465 3618 1522 pagano
3656 1447 3820 1504 Chri-

2152 1548 2414 1603 stianum
2446 1544 2814 1617 mancipium
2849 1541 3201 1607 vendiderit,
3236 1546 3341 1596 aut
3370 1540 3417 1594 si
3465 1539 3578 1611 ipsi
3625 1536 3819 1592 Judaei

461 1616 553 1703 2.61
584 1611 639 1665 Si
670 1610 805 1687 quis
836 1609 1270 1703 deiponsatém
1306 1607 1565 1703 99⁸11⁸³³
1618 1624 1740 1677 non-
1789 1607 2042 1673 duxerit’
2077 1622 2117 1675 Β
2149 1635 2484 1692 Christiana
2512 1607 2816 1703 mancipia
2840 1630 3123 1687 vendant.

389 1707 446 1759 et
476 1700 653 1767 ﬁdem
686 1699 1131 1774 sponsaliorum
1164 1698 1419 1768 fregerit.

461 1793 548 1857 27.
582 1790 637 1851 Si
665 1789 800 1869 quis
822 1788 1062 1857 alterius
1093 1803 1378 1861 sponsam
1411 1789 1671 1865 rapuerit
1717 1791 1774 1845 et
1806 1786 1917 1845 sibi
1950 1802 2045 1842 so-

280 1884 307 1889 "
392 1878 652 1947 ciaverit.

463 1972 549 2023 28.
580 1967 637 2023 Si
666 1966 800 2044 quis
854 1982 1303 2043 quamcumque
1362 1964 1667 2033 feminam,
1733 1964 2045 2037 virginem,

393 2062 497 2125 alii
528 2057 788 2127 viduam,
822 2073 928 2132 per
955 2061 1194 2129 raptum
1226 2057 1484 2123 traxerit,
1518 2060 1574 2111 et
1594 2054 1903 2123 sociaverit
1933 2054 2048 2119 sibi

393 2147 794 2213 matrimonio.
826 2149 891 2219 Et
912 2146 959 2209 si
981 2145 1164 2219 aliqui
1196 2150 1332 2211 sunt
1363 2145 1466 2221 qui
1506 2145 1565 2217 in
1622 2145 1735 2205 hoc
1792 2160 2045 2201 consen-

393 2236 601 2297 tientes
630 2239 686 2305 et
715 2235 1069 2305 adjuvantes
1099 2234 1358 2301 fuerunt.

463 2328 553 2395 29,
581 2324 636 2380 Si
666 2324 802 2403 quis
833 2340 969 2393 cum
1000 2324 1224 2395 ludaaa,
1254 2322 1349 2383 vel
1369 2322 1668 2385 siJutlaeus
1691 2322 1783 2387 vel
1807 2322 1852 2377 si
1867 2338 2049 2395 paga-

394 2429 541 2481 num
572 2428 711 2467 cum
743 2412 947 2484 aliqua
980 2410 1333 2481 Christiana,
1368 2412 1700 2477 mwcliatus
1732 2411 1923 2467 fuerit.

464 2506 557 2561 30.
598 2502 652 2557 Si
682 2501 819 2577 quis
853 2499 1373 2569 sanctimonialem
1402 2500 1495 2567 vel
1530 2500 1770 2569 viduam
1815 2503 1930 2559 [leo
1961 2516 2050 2556 sa-

394 2595 621 2646 cratam
652 2590 913 2661 rapuerit
943 2595 999 2644 et
1042 2589 1103 2644 in
1152 2590 1502 2663 conjugium
1556 2590 1895 2662 sumpserit,
1956 2589 2047 2646 vel

394 2680 543 2754 ipsis
573 2679 1081 2749 consentientibus
1106 2696 1245 2734 cum
1276 2679 1358 2745 eis
1390 2678 1714 2747 fornicatus
1746 2679 1936 2737 fuerit.

465 2774 552 2824 3t.
583 2768 639 2823 Si
664 2768 801 2840 quis
834 2770 1059 2823 vivente
1101 2768 1314 2829 marito
1346 2768 1667 2847 coniugem
1699 2766 1854 2824 illius
1884 2767 2050 2824 adul—

395 2865 617 2925 terasse
638 2864 973 2926 accusatur,
996 2863 1051 2925 et
1081 2860 1233 2923 eoin
1266 2858 1543 2939 proximo.
1567 2858 1846 2925 defuncto
1888 2875 2051 2917 eam-

393 2948 532 3013 dem
556 2947 885 3018 sumpsisse
907 2946 1297 3018 dignoscitur.

466 3040 552 3093 32.
589 3036 645 3093 Si
677 3034 880 3108 aliqua
902 3035 1113 3109 mulier
1142 3034 1281 3099 dicit
1306 3035 1471 3111 quod
1497 3035 1580 3091 vir
1601 3036 1732 3107 eius
1761 3052 1882 3092 non
1908 3051 2047 3109 pos-

396 3122 635 3179 sitcum
666 3139 737 3178 ea
768 3122 944 3193 coire,
979 3128 1034 3178 et
1087 3122 1167 3178 ob
1215 3123 1372 3178 hanc
1422 3140 1668 3179 causam
1728 3124 2048 3197 discidium

394 3213 627 3286 quierit,
651 3216 708 3281 et
737 3212 923 3283 alium
954 3212 1150 3277 virum
1180 3212 1305 3269 vult
1332 3212 1620 3285 accipere.

468 3306 553 3357 33.
591 3301 648 3363 Si
674 3300 809 3369 ﬁins
839 3317 977 3365 cum
1009 3307 1197 3371 matre
1226 3301 1473 3374 spiritali
1502 3303 1836 3369 mrechatus
1858 3302 2048 3370 fuerit,

396 3390 485 3445 vel
512 3406 646 3445 eam
677 3390 736 3445 in
772 3390 1221 3446 matrimonium
1246 3391 1495 3462 accepit,
1516 3391 1899 3469 similiterque
1912 3408 2051 3449 cum

396 3478 580 3545 ﬁliola
609 3494 792 3553 quam
826 3494 898 3545 ex
928 3494 1099 3537 sacro
1117 3479 1277 3547 fonte
1308 3480 1567 3552 suscepit
1596 3486 1700 3543 aut
1728 3484 1865 3547 ante
1893 3480 2048 3551 epis-

396 3584 617 3642 copum
647 3567 851 3624 tenuit.

468 3662 555 3714 34.
581 3657 636 3712 Si
667 3657 802 3729 quis
832 3657 1237 3731 propinquam
1259 3658 1844 3731 etconsanguineam
1876 3675 2050 3723 suam

395 3748 457 3806 in
507 3745 960 3813 matrimonium
1014 3746 1265 3819 accepit,
1293 3751 1397 3805 aut
1422 3762 1561 3817 cum
1612 3762 1683 3815 ea
1729 3746 2053 3805 fornicatus

395 3842 501 3893 est.

471 3928 654 4001 203
678 3931 764 3984 35.
805 3927 861 3987 Si
890 3924 1107 3998 aliquis
1136 3925 1633 3989 irrationabiliter,
1666 3927 1726 3982 id
1770 3933 1859 3987 est
1909 3944 2052 3983 con-

398 4022 488 4075 tra
517 4022 817 4077 naturam.
878 4030 1021 4077 cum
1064 4013 1351 4083 masculis
1403 4019 1460 4079 et
1506 4015 1686 4079 mutis
1735 4016 2051 4085 misceatur

399 4103 780 4163 animalibus.

470 4196 557 4249 36.
594 4192 651 4248 Si
678 4208 801 4265 qua
830 4190 1044 4246 mulier
1069 4191 1435 4247 lenocinium
1461 4191 1679 4249 fecerit.

470 4284 558 4376 3.7.
586 4281 643 4336 Si
1020 4297 1132 4376 sua
1160 4281 1343 4376 domo
1387 4282 1863 4376 consentitcum
1917 4301 2050 4360 pro-
2087 4323 2129 4376 Β

399 4369 545 4443 Ριῖὶίε
572 4371 781 4435 ancilis
805 4370 900 4426 vel
929 4371 1279 4441 geneciariis
1312 4371 1434 4431 suis
1457 4371 1817 4435 adulterium
1848 4387 2053 4445 perpe-

399 4464 574 4516 trare.

862 4587 949 4643 De
973 4587 1145 4656 furto
1176 4592 1229 4642 et
1260 4587 1594 4657 sacrilegio.

471 4718 558 4770 38.
590 4714 1087 4782 interrogandum
1117 4713 1165 4766 si
1192 4711 1409 4784 aliquis
1437 4710 1532 4766 fur
1576 4717 1678 4773 aut
1730 4711 2057 4780 sacrilegus

401 4804 492 4869 sit,
523 4805 627 4878 qui
657 4804 937 4869 ecclesias
959 4803 1058 4873 Dei
1105 4802 1424 4871 infregerit.
1464 4801 1548 4856 vel
1580 4801 1807 4879 aliquid
1850 4803 1923 4856 de
1970 4790 2059 4857 ec-

320 4946 329 4957 \
402 4893 579 4947 clesia
611 4893 840 4947 furatus
868 4892 959 4958 sit,
985 4895 1089 4947 aut
1120 4890 1355 4965 publice
1401 4892 1684 4963 rapuerit,
1736 4895 1840 4945 aut
1872 4890 2057 4946 laten-

402 4987 489 5037 ter
520 4980 902 5061 subripuerit,
927 4985 1030 5047 aut
1054 4980 1271 5053 aliquis
1304 4996 1489 5057 rapax
1524 4986 1580 5035 et
1624 4983 1829 5053 raptor
1878 4985 1934 5035 et
1962 4981 2060 5037 de-

402 5071 702 5144 praedator
732 5070 992 5131 ecclesia:
1024 5071 1119 5133 Dei
1143 5075 1248 5127 est.
1285 5071 1572 5136 Quamvis
1619 5069 1778 5126 enim
1810 5070 1938 5129 haec
1976 5087 2060 5126 se-

405 5160 675 5221 cundum
703 5159 898 5231 legem
928 5160 1263 5217 humanam
1284 5160 2058 5237 emendaridebeantatque

404 5248 650 5316 exsolvi,
686 5252 886 5315 tamen
913 5248 1259 5321 paenitentia
1295 5250 1374 5307 ad
1398 5250 1751 5329 episcopum
1786 5249 2054 5322 pertinet.

1026 5393 1114 5449 De
1134 5394 1429 5464 perjurio.

477 5523 565 5576 39.
601 5521 1097 5591 lnterrogandum
1129 5521 1181 5579 si
1210 5521 1427 5594 aliquis
1455 5522 1732 5597 perjurus
1763 5521 1857 5587 sit,
1884 5525 1987 5577 aut
2014 5519 2062 5575 si

409 5610 603 5665 sciens
635 5614 693 5667 et
718 5626 828 5685 pro
850 5611 1174 5684 cupiditate
1205 5614 1440 5669 terrena
1459 5610 1854 5682 perjuraverit
1885 5626 1898 5678 ;
1930 5613 1987 5679 et
2012 5608 2060 5664 si

2464 1760 2551 1814 De
2576 1756 3054 1815 incantatoribus
3095 1760 3148 1811 et
3180 1754 3495 1824 sortilegis.

2223 1890 2311 1942 42.
2343 1883 2838 1951 lnterrogandum
2861 1882 2908 1939 si
2961 1880 3181 1953 aliquis
3235 1894 3473 1949 magus,
3522 1877 3818 1946 hariolus,

2155 1980 2259 2035 aut
2288 1976 2643 2035 mcantator,
2668 1971 2928 2036 divinus,
2949 1974 3053 2026 aut
3080 1968 3394 2037 sortilegus
3425 1967 3518 2023 sit.

2227 2068 2315 2120 43.
2349 2064 2693 2129 (Bt'RCBARD.
2726 2060 2828 2116 lib.
2861 2076 2920 2127 x,
2953 2076 3004 2115 ο.
3040 2063 3154 2127 52.;
3191 2058 3247 2114 Si
3276 2056 3490 2128 aliquis
3546 2060 3683 2112 vota
3743 2056 3819 2110 ait

2159 2153 2404 2210 arbores
2458 2149 2551 2206 vel
2605 2149 2681 2205 ad
2716 2148 2907 2205 fontes
2964 2147 3058 2207 vel
3107 2146 3185 2202 ad
3223 2144 3457 2217 lapides
3512 2144 3821 2216 quosdam

2156 2242 2333 2316 quasi
2354 2241 2429 2299 ad
2460 2240 2672 2299 altaria
2705 2238 2899 2305 faciat,
2929 2236 3128 2297 autibi
3152 2235 3470 2291 candelam
3495 2250 3601 2292 seu
3626 2233 3822 2305 quod—

2156 2332 2299 2387 libet
2326 2345 2551 2391 munus
2580 2328 2827 2393 deferat,
2861 2326 3023 2383 velut
3050 2325 3131 2380 ibi
3152 2324 3465 2397 quoddam
3496 2338 3731 2379 numen
3755 2322 3826 2379 sit

2156 2419 2322 2494 quod
2349 2419 2581 2473 bonum
2613 2422 2716 2472 aut
2741 2415 2969 2471 malum
3002 2414 3193 2487 possit
3220 2412 3456 2468 inferre.

2227 2514 2315 2566 44.
2353 2512 2692 2577 (Βιίιωλιη).
2718 2504 2820 2560 lib.
2855 2521 2892 2566 ι,
2925 2521 2976 2559 c.
3011 2508 3099 2569 94,
3136 2507 3163 2571 §
3192 2506 3290 2569 43;
3332 2507 3390 2560 et
3416 2501 3519 2559 lib.
3548 2519 3604 2570 χ,
3637 2504 3822 2567 c.18.)

2158 2596 2656 2661 Perscrutandum
2691 2595 2738 2651 si
2770 2594 2986 2666 aliquis
3028 2592 3316 2648 subulcus
3368 2592 3463 2653 vel
3513 2591 3826 2649 bubulcus

2159 2689 2282 2745 sive
2311 2693 2555 2744 venator
2584 2684 2677 2742 vel
2702 2684 2898 2740 caateri
2925 2682 3278 2753 hujusmodi
3329 2681 3493 2739 dicat
3518 2680 3828 2737 diabolica

2158 2777 2431 2835 carmina
2460 2790 2640 2846 super
2664 2788 2885 2845 panem
2925 2777 3029 2827 aut
3057 2770 3278 2833 herbas
3317 2775 3374 2825 et
3431 2785 3615 2841 super
3658 2785 3828 2841 quae-

2158 2868 2301 2923 dam
2327 2863 2554 2923 nefaria
2610 2862 2954 2933 ligamenta,
3013 2865 3068 2923 et
3111 2860 3240 2915 haac
3269 2864 3374 2915 aut
3393 2858 3453 2914 in
3477 2858 3699 2915 arbore
3731 2856 3830 2915 ab-

2082 2972 2121 3027 ί]
2142 2956 2428 3027 ,scondat,
2458 2958 2563 3011 aut
2582 2952 2643 3007 in
2682 2951 2843 3009 bivio
2865 2954 2971 3017 aut
2997 2950 3057 3007 in
3089 2948 3262 3005 trivio
3293 2948 3588 3019 projiciat,
3620 2952 3691 3003 ut
3717 2962 3827 3009 sua

2159 3043 2443 3111 animalia
2474 3041 2682 3098 liberet
2710 3056 2744 3096 a
2773 3044 2940 3112 peste
2997 3042 3056 3094 et
3079 3037 3269 3099 clade,
3303 3042 3360 3097 et
3388 3035 3631 3095 alterius
3685 3051 3827 3108 per-

2159 3136 2263 3191 dat
2295 3148 2465 3205 :quaa
2495 3129 2702 3186 omnia
2722 3127 3124 3187 idololatriam
3154 3140 3284 3181 esse
3314 3125 3462 3182 nulli
3492 3123 3653 3189 ﬁdeli
3714 3124 3827 3187 du-

2158 3225 2325 3281 bium
2357 3227 2461 3287 est,
2494 3224 2550 3275 et
2574 3219 2709 3274 ideo
2740 3232 3121 3289 summopere
3150 3221 3288 3271 sunt
3337 3214 3825 3272 exterminanda.

2230 3318 2317 3369 1,5,
2353 3312 2692 3381 (BURCHARD.
2749 3306 2850 3361 lib.
2910 3321 2951 3372 l,
2986 3322 3035 3360 (ε.
3070 3308 3158 3369 94,
3192 3307 3221 3371 §
3252 3308 3340 3374 64,
3375 3303 3478 3359 lib.
3526 3319 3587 3371 ι,
3615 3319 3669 3357 c.
3713 3304 3829 3367 29.)

2163 3398 2627 3481 Perquirendum
2658 3400 2704 3457 si
2737 3396 2939 3467 aliqua
2966 3394 3185 3457 femina
3218 3394 3289 3451 sit
3315 3410 3453 3466 quae
3501 3409 3606 3465 per
3664 3409 3833 3465 qua:-

2160 3493 2303 3553 dam
2320 3487 2611 3547 maleﬁcia
2628 3484 3131 3543 etincantationes
3147 3488 3376 3539 mentes
3403 3481 3734 3539 hominum
3767 3496 3827 3535 se

2160 3580 2479 3635 immutare
2507 3591 2685 3647 posse
2715 3574 2894 3637 dicat,
2928 3573 2987 3628 id
3020 3576 3125 3637 est,
3159 3576 3224 3629 ut
3242 3570 3317 3626 de
3344 3570 3485 3627 odio
3537 3570 3601 3625 in
3654 3585 3831 3629 amo-

2159 3685 2309 3737 rem,
2344 3670 2447 3725 aut
2476 3665 2551 3720 de
2572 3680 2777 3721 amore
2804 3663 2864 3721 in
2888 3662 3096 3718 odium
3122 3663 3447 3725 convertat,
3503 3663 3611 3715 aut
3664 3658 3834 3719 bona

2161 3757 2477 3815 hominum
2508 3760 2613 3809 aut
2639 3753 2887 3813 damnet
2918 3757 3021 3809 aut
3046 3748 3356 3821 subripiat.
3399 3751 3465 3805 Et
3521 3748 3569 3803 si
3619 3747 3832 3825 aliqua

2161 3853 2248 3905 est
2276 3863 2414 3919 quia
2444 3861 2506 3901 se
2530 3844 2692 3901 dicat
2715 3858 2853 3905 cum
2884 3842 3234 3905 daemonum
3266 3838 3441 3903 turba
3466 3837 3527 3897 in
3558 3837 3835 3897 similitu-

2160 3937 2301 3993 dine
2326 3935 2647 4003 mulierum
2676 3932 3100 3988 transformata
3128 3929 3301 3985 certis
3326 3926 3610 3987 noctibus
3654 3926 3837 3999 equi-

2162 4033 2285 4095 tare
2317 4040 2500 4097 super
2518 4024 2819 4096 quasdam
2846 4021 3071 4081 bestias
3101 4025 3159 4077 et
3176 4019 3237 4075 in
3262 4033 3470 4081 earum
3521 4017 3835 4073 consortio

2162 4118 2621 4181 annumeratam
2650 4114 2700 4183 2
2717 4114 2759 4182 1
2779 4114 2820 4182 1
2859 4128 3011 4175 esse,
3047 4110 3174 4166 htec
3204 4107 3336 4165 talis
3357 4103 3739 4165 omnimodis
3765 4119 3833 4159 ex

2163 4203 2469 4277 partechia
2495 4186 2783 4273 ejiciatur.

2554 4328 2637 4381 De
2665 4325 2999 4381 morticinis
3022 4330 3074 4379 et
3105 4323 3420 4393 sanguine.

2234 4459 2319 4510 ~56.
2359 4457 2701 4521 (BURCHABD.
2736 4450 2836 4506 lib.
2872 4466 2916 4519 ι,
2948 4467 3000 4506 c.
3024 4452 3115 4519 94,
3147 4453 3173 4517 §
3201 4452 3266 4505 45
3293 4451 3349 4502 et
3379 4448 3583 4518 seqq.)
3646 4447 3836 4503 Inter-

2162 4543 2505 4614 rogandum
2536 4544 2585 4596 si
2612 4540 2827 4612 aliquis
2858 4538 3236 4609 sanguinem,
3280 4534 3696 4598 morticinum,
3736 4537 3842 4587 aut

2164 4631 2551 4687 dilaceratum
2584 4645 2619 4684 a
2647 4628 2837 4684 bestia
2863 4626 3160 4685 comedat.

2235 4724 2323 4791 47.
2355 4718 2411 4775 Si
2442 4717 2657 4789 aliquis
2688 4732 2793 4793 per
2813 4716 3019 4772 odium
3044 4713 3122 4770 ad
3143 4728 3356 4787 pacem
3413 4725 3536 4766 non
3593 4708 3843 4767 reverti-

2169 4814 2279 4879 tur,
2310 4812 2411 4877 aut
2439 4807 2677 4875 iuravit,
2704 4804 2869 4878 quod
2896 4808 3012 4859 Deo
3054 4804 3418 4858 contrarium
3452 4803 3562 4863 est,
3593 4803 3662 4853 ut
3718 4798 3838 4854 fra-

2167 4900 2237 4955 tri
2266 4913 2580 4970 nunquam
2607 4894 3037 4961 reconcilietur.
3063 4892 3227 4969 quod
3260 4896 3344 4951 est
3378 4894 3707 4967 peccatum
3741 4905 3842 4943 us-

2166 5004 2282 5060 que
2313 4987 2391 5042 ad
2422 4989 2699 5041 mortem.

2238 5078 2326 5130 48.
2355 5074 2410 5131 Si
2438 5073 2653 5145 aliquis
2678 5071 2827 5128 bibit
2855 5070 2931 5137 de
2960 5070 3189 5142 liquore
3218 5068 3276 5141 in
3309 5084 3432 5141 quo
3450 5065 3723 5122 mustela
3753 5064 3847 5121 vel

2172 5180 2305 5221 mus
2338 5162 2461 5217 sive
2488 5160 2733 5233 aliquod
2768 5158 3151 5217 immundum
3169 5156 3394 5215 animal
3417 5159 3711 5212 necatum
3732 5159 3844 5210 est.

2241 5256 2329 5309 49.
2363 5251 2417 5306 Si
2448 5250 2665 5324 aliquis
2683 5248 2984 5321 jejunium
3017 5244 3540 5319 quadragesimale
3572 5259 3706 5299 non
3743 5242 3851 5299 ob-

2171 5346 2386 5411 servat,
2414 5340 2506 5396 vel
2533 5341 2799 5406 Quatuor
2824 5340 3204 5410 Temporum,
3234 5334 3354 5391 sive
3374 5333 3690 5391 Letaniam
3722 5348 3851 5388 ma-

2165 5432 2358 5502 jorem
2391 5428 2482 5484 vel
2509 5428 2930 5499 Rogationum,
2961 5426 3083 5481 sive
3115 5423 3408 5480 indictum
3436 5422 3513 5480 ab
3544 5420 3851 5496 episcopo

2167 5518 2466 5591 jejunium
2489 5533 2597 5590 pro
2623 5531 2989 5589 quacunque
3019 5513 3217 5587 plaga.
3608 5527 3625 5533 ’

2248 5612 2335 5663 50.
2372 5608 2712 5691 (Bruanium.
2767 5604 2882 5660 libr
2950 5620 3010 5673 Χ,
3044 5620 3094 5659 c.
3127 5602 3239 5675 25.)
3269 5600 3327 5657 Si
3351 5599 3563 5673 aliquis
3588 5602 3685 5671 est
3742 5598 3854 5673 qui
