4044 6196
295 102 388 158 285
881 84 923 163 θ

1204 93 1292 148 DE
1333 88 1614 145 scenas.
1657 81 2170 175 armauerit
2209 86 2370 142 nuo.
2411 91 2649 146 —-.LIB.
2691 93 2757 148 ιι.

3570 102 3674 156 286

290 223 423 281 bibit
448 223 539 277 aut
557 216 887 273 manducat
915 219 1018 271 aut
1043 220 1241 289 portat
1260 231 1440 299 super
1471 230 1532 270 se
1598 210 1759 293 quod
1788 207 1909 265 exi-
1945 208 1997 264 Δ
2091 211 2179 264 66.
2210 209 2265 265 Si
2296 212 2429 284 quis
2457 220 2545 271 est
2567 216 2671 288 qui
2723 217 3032 272 assiduam
3087 216 3433 275 ebrietatem
3488 180 3673 279 secta—

255 374 268 386 ,
292 313 469 368 stlmat
498 306 588 362 Dei
604 305 902 376 judicium
925 310 1255 378 pervertere
1280 321 1479 378 posse.

348 399 426 455 51.
455 399 789 463 (Burmann.
823 394 926 450 lib.
955 411 1014 459 x,
1039 410 1090 448 c.
1116 395 1229 465 '17.)
1258 393 1318 450 Si
1351 393 1567 466 aliquis
1594 393 1681 471 in‘
1702 390 1909 447 Kalen-

284 488 364 543 dis
386 484 634 541 Januarii
654 482 882 556 aliquid
912 482 1048 539 fecit
1067 483 1231 556 quod
1255 497 1290 537 a
1314 481 1569 554 paganis
1598 481 1908 535 inventum

284 580 376 641 est,
402 578 453 629 et
470 571 593 627 dies
620 570 920 635 observat,
949 576 1006 627 et
1032 571 1261 636 lunam,
1296 574 1354 625 et
1377 585 1636 635 menses,
1695 572 1754 623 et
1808 568 1912 623 ho-

281 680 397 719 rum
426 661 687 717 etfectiva
712 661 975 732 potentia
1006 660 1232 732 aliquid
1258 663 1460 732 sperat
1478 659 1540 715 in
1563 657 1775 714 melius
1803 660 1911 711 aut

281 754 331 809 in
358 750 606 808 deterius
628 749 790 807 verti.

338 846 418 898 52.
448 839 502 897 Si
530 839 749 911 aliquis
779 839 1186 911 quodcunque
1213 854 1369 910 opus
1397 837 1710 905 inchoans,
1744 835 1911 891 aliud

198 924 215 937 ’
276 930 346 986 ibi
375 927 593 1001 aliquid
618 927 776 995 dicit,
806 931 908 983 aut
936 943 1301 1000 quacunque
1330 926 1567 996 magica
1596 930 1718 981 arte
1746 923 1909 980 aliud

274 1019 412 1089 facit,
444 1016 574 1083 nisi,
601 1020 663 1071 ut
695 1016 1018 1089 Apostolus
1048 1016 1243 1086 docet,
1287 1015 1494 1071 omnia
1542 1014 1609 1070 in
1663 1014 1910 1070 nomine

274 1106 481 1164 Domini
508 1105 805 1161 facienda.
838 1109 1037 1178 Neque
1066 1105 1226 1160 enim
1254 1104 1563 1160 dmmones
1586 1103 1648 1158 in
1704 1106 1910 1158 nostro

270 1195 546 1267 adiutorio
577 1194 871 1250 debemus
900 1196 1203 1263 invocare,
1239 1194 1343 1249 sed
1375 1196 1583 1249 Deum.
1616 1193 1680 1246 in
1702 1189 1908 1248 collec-

268 1286 411 1341 tione
432 1283 696 1340 similiter
723 1284 1049 1357 herbarum
1074 1283 1522 1339 medicinalium
1550 1280 1905 1353 Symbolum

270 1380 320 1431 et
345 1374 666 1430 orationem
703 1374 878 1443 212
916 1373 1288 1429 Dominicam
1318 1371 1515 1427 dicere
1559 1374 1809 1443 oportet,
1851 1375 1908 1424 et

266 1463 401 1519 nihil
419 1462 601 1519 aliud.

2020 301 2133 353 tur.
2192 301 2391 371 Neque
2445 303 2604 358 enim
2662 305 2883 360 ebriosi
2928 321 3181 378 regnum
3240 306 3337 362 Dei
3402 311 3670 379 posside-

2016 387 2187 443 bunt.
3010 386 3015 391 ’

2085 481 2175 533 67.
2206 478 2265 535 Si
2290 478 2505 552 aliquis
2529 486 2618 536 est
2644 482 2751 554 qui
2782 488 3125 557 contempto
3150 501 3261 541 suo
3316 485 3669 559 presbytero

2016 565 2077 621 in
2100 566 2280 623 aliam
2330 570 2702 641 parmehiam
2756 572 2918 627 venit
2975 573 3053 628 ad
3097 573 3431 644 ecclesiam,
3487 581 3545 632 et
3590 576 3671 631 ibi

2016 656 2423 713 communicat
2451 663 2510 713 et
2540 674 2714 715 suam
2741 659 3041 717 decimam
3071 661 3193 718 dat.
3532 696 3546 719 ι

2087 748 2173 800 68.
2210 746 2637 817 lnquirendum
2657 748 2733 804 de
2752 749 3043 807 mendicis
3063 752 3170 823 qui
3188 767 3295 823 per
3314 754 3539 825 patrias
3557 754 3675 811 dis-

2015 838 2280 901 currunt,
2308 839 2365 891 et
2390 836 2439 892 si
2478 838 2891 911 unusquisque
2942 855 3273 912 pauperem
3327 842 3402 897 de
3446 843 3670 900 familia

2017 939 2127 979 sua
2147 929 2375 996 pascat.

2086 1016 2175 1070 69.
2207 1014 2547 1084 (Buncmnn.
2583 1016 2684 1073 lib.
2714 1022 2755 1081 l,
2787 1036 2837 1074 c.
2865 1023 2954 1084 93,
2988 1022 3131 1087 §68,
3164 1025 3222 1075 et
3250 1025 3447 1093 seqq.)
3505 1021 3563 1079 Si
3609 1022 3668 1077 in

2016 1118 2382 1176 unaquaque
2411 1108 2715 1177 parmchia
2735 1108 2947 1164 dccaui
2971 1114 3108 1164 sunt
3135 1126 3242 1182 per
3258 1109 3428 1165 villas
3458 1111 3671 1166 consti-

2018 1193 2142 1260 tuti,
2170 1192 2273 1246 viri
2300 1209 2564 1263 veraces,
2594 1200 2650 1250 et
2674 1197 2865 1251 Deum
2920 1196 3215 1264 timentes,
3271 1198 3375 1270 qui
3429 1206 3670 1255 cmteros

2015 1281 2383 1337 admoneant
2410 1288 2471 1337 ut
2501 1283 2581 1339 ad
2601 1285 2914 1341 ecclesiam
2941 1293 3195 1358 pergant
3224 1288 3298 1343 ad
3325 1289 3667 1355 matutinas,

2013 1371 2280 1437 missam,
2310 1376 2366 1426 et
2390 1388 2693 1445 vesperae,
2727 1381 2785 1431 et
2807 1376 2952 1431 nihil
2983 1378 3181 1449 operis
3203 1378 3261 1433 in
3289 1378 3502 1433 diebus
3560 1380 3669 1434 fes-

2011 1457 2083 1512 tis
2115 1457 2378 1513 faciant:
2411 1464 2467 1515 et
2516 1461 2565 1515 si
2615 1462 2830 1517 horum
2890 1464 3213 1537 quisquam
3264 1470 3670 1535 transgressus

326 1558 405 1609 53.
437 1551 841 1617 Qumrendum
872 1551 1049 1607 etiam
1097 1552 1145 1606 si
1186 1550 1467 1606 mulieres
1516 1550 1583 1604 in
1630 1547 1904 1603 laniﬁciis
1943 1553 1984 1607 Ι
2008 1547 2200 1613 fuerit,
2236 1549 2434 1603 statim
2466 1551 2820 1621 presbytero
2846 1553 3201 1607 annuntient
3234 1572 3245 1615 ;
3301 1554 3566 1609 similiter
3613 1559 3669 1609 et

258 1641 371 1695 suis
400 1640 484 1695 vel
509 1640 579 1695 in
608 1640 913 1695 ordiendis
942 1641 1105 1711 [edit
1153 1639 1559 1696 Helmarstad..
1612 1637 1901 1693 ordinan~

254 1729 360 1798 dis]
389 1728 511 1785 telis
541 1729 776 1802 aliquid
806 1729 1009 1785 dicant
1038 1732 1141 1783 aut
1169 1728 1487 1783 observent
1514 1726 1648 1791 nisi,
1681 1732 1747 1781 ut
1799 1742 1899 1780 su—

251 1832 352 1888 pra
375 1817 605 1873 dietum
628 1821 735 1885 est,
767 1816 974 1873 omnia
996 1817 1058 1873 in
1083 1817 1327 1883 nomine
1353 1814 1612 1871 Domini.

316 1910 398 1961 54.
434 1907 488 1963 Si
521 1907 661 1989 quis
681 1906 1041 1974 oblationes,
1074 1905 1133 1960 id
1163 1911 1251 1960 est
1300 1905 1746 1976 eleemosynam
1796 1920 1900 1977 pa-

249 2001 476 2051 rentum
508 1996 953 2060 defunctorum,
980 1994 1200 2066 injuste
1227 1996 1450 2050 retinet.

313 2087 397 2139 55.
430 2084 487 2142 Si
529 2084 744 2159 aliquis
804 2100 982 2157 super
1032 2089 1334 2139 mortuum
1381 2083 1688 2138 nocturnis
1734 2083 1900 2137 ‘horis

245 2173 513 2228 carmina
542 2164 843 2228 diabolica
874 2162 1091 2237 cantat,
1124 2176 1180 2227 et
1209 2171 1378 2237 bibit,
1435 2176 1492 2227 et
1546 2171 1896 2235 manducat,

243 2266 293 2314 et
319 2262 499 2333 quasi
535 2263 609 2319 de
640 2264 768 2335 ejus
790 2266 979 2317 morte
1012 2261 1360 2339 gratulatur,
1394 2265 1451 2315 et
1483 2260 1528 2314 si
1561 2260 1698 2315 alibi
1740 2277 1901 2314 mor-

238 2349 312 2413 tui
348 2350 407 2405 in
440 2351 660 2418 vigiliis
688 2352 997 2413 nocturnis
1025 2350 1137 2405 nisi
1162 2350 1223 2404 in
1256 2349 1514 2404 Ecclesia
1559 2349 1906 2404 custodiun-

234 2442 343 2494 tur.

297 2531 392 2583 56.
429 2527 489 2583 Si
523 2526 742 2600 aliquis
773 2527 1142 2583 Christianus
1167 2531 1255 2582 est
1284 2527 1388 2599 qui
1419 2542 1541 2581 non
1572 2526 1903 2581 communi-

230 2620 315 2669 cet
346 2615 442 2673 vel
478 2602 672 2672 tribus
702 2615 1073 2697 temporibus
1103 2616 1163 2670 in
1190 2630 1371 2679 anno,
1416 2615 1472 2669 id
1521 2621 1625 2679 est,
1650 2616 1898 2684 Pasdia,

233 2707 644 2771 Pentecosten,
688 2708 748 2767 et
800 2703 1001 2759 Natale
1044 2704 1297 2766 Domini,
1347 2704 1460 2758 nisi
1508 2719 1617 2776 pro
1644 2703 1902 2758 mortife-

228 2792 301 2846 ris
346 2791 711 2848 criminibus
749 2792 1013 2864 episcopi
1061 2792 1152 2847 vel
1185 2792 1563 2847 sacerdotum
1610 2792 1837 2861 judicio
1861 2810 1896 2848 a

231 2880 667 2936 communione
696 2870 869 2936 fuerit
897 2870 1182 2945 remotus.

296 2975 382 3025 57.
423 2972 526 3025 Est
558 2969 779 3042 aliquis
811 2968 915 3042 qui
944 2970 1006 3025 in
1037 2969 1131 3024 die
1164 2970 1472 3025 Dominico
1505 2970 1673 3026 velin
1697 2973 1898 3043 praeci-

230 3060 359 3129 puis
386 3059 816 3129 festivitatibus
846 3059 1184 3132 quidquam
1215 3060 1412 3132 operis
1469 3060 1691 3125 faciat;
1741 3068 1795 3116 et
1845 3063 1894 3118 si

227 3148 298 3203 ad
329 3150 667 3205 matutinas
692 3153 750 3204 et
804 3134 882 3204 ad
935 3149 1186 3219 missam
1234 3156 1309 3221 _et
1357 3151 1434 3204 ad
1484 3166 1762 3222 vesperas
1798 3153 1890 3206 liis

227 3237 432 3293 diebus
447 3240 533 3294 im
541 3239 943 3311 praetermisse
967 3254 1177 3294 omnes
1193 3244 1498 3295 occur-ant.

290 3326 355 3377 58
386 3324 445 3379 Si
472 3324 703 3395 aliquis
725 3323 1281 3393 excommunicatus
1306 3339 1417 3394 pro
1446 3323 1628 3379 nihilo
1658 3325 1894 3382 duxerit

225 3411 939 3481 excommunicationem,
980 3416 1038 3467 et
1085 3412 1132 3467 si
1189 3412 1405 3484 aliquis
1458 3429 1596 3467 cum
1654 3429 1889 3469 excom-

222 3500 528 3555 minicato
561 3499 1120 3555 communicaverit.

288 3592 372 3644 59.
404 3592 463 3644 Si
488 3588 721 3662 aliquis
746 3589 997 3644 modum
1025 3588 1387 3661 pmnitentire
1410 3589 1522 3644 sibi
1548 3590 1888 3660 injunctum

222 3691 335 3731 non
365 3677 747 3734 custodierit.

281 3766 372 3819 60.
398 3767 467 3822 Si
494 3765 730 3839 aliquis
752 3769 988 3837 patrem
1009 3769 1115 3827 aut
1131 3769 1387 3821 matrem
1414 3765 1755 3835 iamet,
1780 3772 1891 3831 Aut

223 3855 487 3923 perculi,
514 3860 638 3912 aut
663 3852 983 3911 maledicit.

282 3941 370 3997 6t.
405 3945 464 4003 Si
486 3942 727 4016 aliquis
754 3941 1051 4001 vomitum
1074 3944 1219 4013 post
1236 3946 1550 4012 acceptam
1591 3944 1889 4007 eucharis-

223 4030 355 4087 tiam
384 4049 497 4105 per
522 4032 888 4089 ebrietatem
910 4030 1133 4088 fecerit.

282 4123 369 4173 62.
412 4120 479 4177 Si
532 4119 769 4193 aliquis
820 4125 907 4175 est
948 4120 1061 4192 qui
1111 4135 1288 4178 suam
1343 4121 1885 4183 decim/atumet

220 4207 432 4264 mohs
454 4208 605 4279 ejus
632 4208 923 4265 retrahat.

283 4296 367 4350 63.
396 4296 456 4352 Si
481 4296 717 4370 aliquis
741 4302 830 4352 est
858 4302 979 4353 tam
1010 4302 1406 4368 perversuset
1432 4314 1470 4353 a
1522 4302 1646 4359 Deo
1697 4302 1877 4373 218

220 4380 443 4454 alienus
476 4392 548 4455 ut
574 4384 788 4455 saltim
815 4385 1128 4455 ﬂaminica
1159 4384 1255 4455 die
1282 4386 1367 4457 ad
1394 4387 1707 4457 eccledam
1758 4407 1880 4449 non

218 4472 426 4537 veniat.

283 4564 367 4631 64.
401 4564 457 4620 Si
486 4564 764 4639 porcarii
793 4568 851 4619 et
874 4563 972 4619 alii
996 4568 1271 4639 pastores
1296 4566 1605 4635 Dominica
1651 4568 1747 4623 die
1804 4568 1881 4624 ad

218 4649 528 4723 ecclesiam
557 4654 810 4721 veniant
838 4658 895 4709 et
921 4653 1140 4709 missas
1173 4653 1441 4710 audiant.
1492 4655 1766 4712 Similiter
1821 4659 1881 4713 in

220 4737 339 4794 aliis
364 4741 531 4801 festis
550 4742 785 4811 (diebus
826 4745 993 4815 (277).

282 4837 365 4887 65.
399 4835 457 4889 Si
490 4833 725 4908 aliquis
747 4833 825 4889 ad
879 4833 1317 4902 confessionem
1364 4850 1487 4889 non
1546 4837 1744 4892 veniat
1789 4839 1883 4893 vel

224 4932 331 4975 una
359 4922 487 4977 vice
518 4923 588 4977 in
615 4937 804 4993 anno,
832 4921 894 4977 id
925 4927 1033 4991 est,
1063 4921 1125 4976 in
1145 4922 1337 4993 capite
1373 4923 1880 4996 Quadragesimaa,

218 5014 265 5061 et
292 5012 723 5081 penitentiam
752 5025 863 5083 pro
892 5010 1155 5083 peccatis
1178 5011 1301 5067 suis
1324 5012 1627 5085 suscipiat.

280 5292 422 5363 (277)
462 5294 560 5349 Ita
608 5292 790 5348 editio
814 5293 1359 5349 Helmaestadiensis
1384 5300 1439 5349 et
1483 5295 1879 5353 Burchmdus

215 5367 251 5433 ζ.
276 5378 311 5421 ι,
331 5380 469 5433 ρίαν.
491 5366 743 5433 94,ξ63.
774 5364 982 5420 σαίρω
1008 5379 1147 5420 vero
1167 5367 1529 5422 ματ-ἰδίεηώ
1548 5369 1637 5423 ita
1659 5368 1833 5424 habet
1855 5386 1878 5425 .°

216 5431 916 5521 ἓέρωὶὶειτλέέοέεῖοηάδηί·
1241 5437 1576 5521 μησεθὲρμίε.
1606 5438 1877 5521 festivita-

211 5490 384 5561 tibsz
406 5490 643 5563 ‘C’odea:
658 5490 791 5562 ί
802 5490 1165 5563 ἱῆὸηὰίςῖὲῖοῗῖ
1173 5490 1623 5580 Ῐίὦίῥᾶἷῖἑὴῖἰεξ
1635 5490 1731 5565 id
1742 5490 1877 5580 Γᾷἷῖο

1933 2891 1980 2951 ο

2009 1636 2082 1691 de
2324 1638 2559 1694 luxuria
2589 1645 2646 1695 et
2672 1640 2836 1695 omni
2860 1656 3040 1712 opere
3061 1657 3270 1714 pravo.

2080 1731 2168 1781 70.
2204 1726 2261 1782 Si
2290 1726 2503 1798 aliquis
2529 1733 2617 1783 est
2640 1728 2747 1800 qui
2777 1728 3049 1785 bannum
3082 1730 3346 1802 episcopi
3377 1732 3481 1785 aut
3506 1746 3666 1802 pres-

2008 1813 2201 1886 byteri
2233 1814 2321 1869 sui
2348 1821 2403 1869 et
2459 1816 3143 1879 excommunicationem
3197 1818 3661 1890 parvipendens,

2007 1918 2118 1974 pro
2144 1902 2328 1959 nihilo
2351 1903 2551 1960 ducat.
3376 1894 3381 1899 ’

2077 1992 2165 2046 71.
2200 1993 2254 2048 Si
2278 1994 2647 2065 parcechiani
2669 1995 3021 2068 presbytero
3049 2013 3159 2051 suo
3182 1996 3449 2052 debitum
3478 1997 3664 2051 honos.

2011 2096 2133 2134 rem
2165 2082 2536 2153 impendant,
2570 2088 2672 2137 aut
2697 2084 2745 2137 si
2771 2084 2989 2159 aliquis
3016 2089 3106 2141 est
3130 2088 3236 2155 qui
3289 2101 3428 2139 eum
3478 2085 3663 2138 verbo

2008 2169 2097 2223 vel
2121 2171 2274 2224 facto
2304 2169 2623 2226 inhonorat
2651 2178 2707 2233 et
2727 2172 2777 2241 ej
2789 2189 2856 2226 us
2882 2173 3109 2228 monita
3140 2173 3384 2249 spernit.

2080 2264 2167 2313 72.
2204 2258 2261 2314 Si
2291 2257 2507 2332 aliquis
2525 2266 2613 2314 est
2633 2260 2736 2331 qui
2760 2261 3080 2333 peregrino
3106 2266 3207 2315 aut
3235 2261 3437 2319 viatori
3468 2261 3666 2339 hospi-

2010 2346 2157 2400 tium
2183 2345 2552 2401 contradicit.

1972 2494 1977 2499 ,
2082 2438 2168 2487 73.
2205 2432 2636 2504 lnquirendum
2666 2450 2821 2512 quas
2856 2435 3199 2492 festivitates
3229 2436 3446 2493 colant.

2082 2526 2170 2577 7i.
2199 2521 2254 2578 Si
2275 2523 2494 2597 patrini
2526 2522 2721 2578 ﬁliolis
2744 2525 2865 2579 suis
2886 2525 3230 2597 symbolum
3262 2531 3317 2581 et
3333 2525 3662 2582 orationem

2013 2610 2382 2666 Dominicam
2410 2612 2717 2667 insinuant
2740 2619 2843 2679 aut
2872 2614 3161 2669 insinuari
3194 2614 3433 2671 faciunt.

2081 2704 2167 2753 75.
2204 2700 2260 2752 Si
2292 2705 2552 2772 quatuor
2579 2707 2681 2766 aut
2709 2703 2978 2777 quinque
3010 2703 3101 2760 vel
3126 2702 3329 2785 plures
3361 2719 3548 2763 unum
3580 2702 3665 2757 in-

2010 2788 2341 2855 terfecerint
2368 2788 2697 2856 hominem.

2079 2881 2164 2932 76.
2205 2878 2257 2932 Si
2289 2876 2504 2955 aliquis
2534 2883 2622 2934 est
2662 2880 2766 2951 qui
2822 2880 3170 2937 contradicit
3221 2880 3507 2954 episcOpo
3559 2886 3666 2947 aut

2005 2965 2134 3045 ejus
2154 2965 2458 3033 ministris,
2492 2982 2564 3020 ne
2596 2966 2789 3022 coloni
2812 2974 2914 3023 aut
2936 2972 3087 3024 servi
3120 2958 3360 3044 propter
3382 2970 3661 3035 commis-
3772 2976 3781 2983 ‘

2004 3070 2071 3109 sa
2100 3054 2350 3110 crimina
2384 3055 2560 3125 virgis
2590 3055 2737 3111 nudi
2767 3057 3093 3114 caedantur.

2075 3148 2160 3197 77.
2194 3144 2625 3217 lnquirendum
2656 3144 2702 3199 si
2734 3144 2950 3217 aliquis
2981 3146 3387 3219 peregrinum,
3447 3146 3553 3217 qui
3586 3147 3659 3202 de

2004 3248 2113 3286 sua
2142 3232 2337 3311 patria
2356 3238 2600 3309 propter
2641 3249 3023 3311 paganorum
3072 3236 3514 3303 infestationem
3564 3236 3653 3292 vel

2000 3308 2479 3393 persecutionem
2512 3325 2679 3394 fugit,
2706 3308 2820 3380 hac
2853 3324 2927 3379 de
2955 3342 3137 3381 causa
3167 3326 3311 3399 quia
3358 3326 3418 3383 in
3474 3325 3659 3381 domo

2001 3411 2130 3481 ejus
2155 3412 2396 3477 mansit,
2430 3417 2487 3466 et
2514 3413 2727 3468 diebus
2754 3419 2858 3470 aut
2886 3415 3061 3469 annis
3119 3415 3250 3469 loco
3311 3416 3658 3470 mercenarii

2000 3486 2081 3554 illi
2100 3500 2359 3567 servivit,
2392 3516 2503 3572 pro
2529 3501 2774 3573 proprio
2802 3517 2975 3556 servo
3004 3503 3171 3565 illum
3220 3503 3359 3565 velit
3414 3504 3655 3575 habere,

2001 3594 2057 3643 et
2083 3589 2335 3644 vendere
2366 3594 2469 3643 aut
2494 3588 2639 3642 dare
2666 3588 2843 3655 alicui
2877 3595 3226 3669 praesumat.

2071 3681 2159 3732 78.
2197 3676 2252 3731 Si
2283 3676 2499 3747 aliquis
2525 3680 2613 3729 est
2640 3677 2744 3747 qui
2764 3676 3302 3748 injustamensura
3333 3692 3506 3743 suam
3550 3691 3657 3730 an-

2000 3779 2227 3831 nonam
2259 3768 2364 3827 aut
2389 3764 2596 3819 vinum
2624 3766 2865 3839 vendat,
2925 3782 3063 3833 cum
3117 3766 3402 3831 Dominus
3442 3764 3654 3820 dicat:

2000 3854 2244 3924 {Equus
2275 3853 2382 3909 tibi
2405 3857 2480 3909 sit
2513 3855 2742 3909 modius
2773 3862 2827 3911 et
2876 3856 3176 3921 sextarius
3220 3870 3440 3931 aequus.

2069 3945 2156 3997 79.
2186 3942 2671 3999 Denuntiandum
2703 3944 2882 3999 etiam
2911 3960 3097 4017 quam
3127 3959 3417 4014 magnum
3452 3944 3656 4025 piacu-

1996 4031 2122 4086 lum
2151 4033 2224 4086 sit
2256 4048 2474 4087 usuras
2500 4032 2735 4109 exigere
2762 4037 2821 4089 et
2868 4032 2943 4087 de
2997 4032 3191 4089 alieno
3248 4032 3450 4090 fenore
3510 4033 3655 4090 velle
3766 4094 3777 4099 ,

1996 4119 2301 4189 ditescere,
2339 4125 2395 4176 et
2424 4121 2591 4195 quod
2625 4122 2779 4185 sacri
2804 4138 3066 4183 canones
3099 4122 3242 4187 tales
3273 4122 3352 4179 ab
3396 4122 3655 4179 Ecclesia

1995 4208 2127 4280 ejici
2155 4209 2517 4285 praecipiant.

2194 4299 2248 4382 5
2274 4301 2360 4354 80.
2384 4298 2441 4355 Si
2457 4298 2672 4372 aliquis
2694 4305 2942 4385 propter
2966 4301 3351 4372 cupiditatem
3377 4301 3649 4372 judaeum

1996 4393 2098 4443 aut
2123 4403 2433 4461 paganum
2462 4388 2831 4444 interfecerit.

2066 4476 2153 4532 81.
2185 4476 2241 4533 Si
2270 4476 2487 4548 aliquis
2518 4476 2825 4532 insaniens
2854 4475 3116 4555 aliquem
3142 4476 3449 4541 hominem
3496 4474 3650 4530 occi-

1994 4565 2163 4621 derit.

2068 4660 2154 4711 8‘2.
2184 4656 2239 4711 Si
2272 4656 2409 4733 quis
2441 4655 2721 4711 arborem
2746 4654 3036 4720 inciderit,
3060 4660 3116 4709 et
3137 4654 3283 4717 dum
3327 4654 3489 4726 operi
3544 4670 3650 4717 ne-

1996 4746 2256 4813 cessario
2287 4744 2522 4813 insistit,
2555 4744 2769 4819 aliquis
2786 4743 2998 4809 subtus
3016 4742 3299 4809 arborem
3325 4743 3648 4803 deveniens

1995 4834 2314 4906 improvise
2343 4833 2719 4919 opprimitur.

2067 4926 2153 4977 83.
2186 4924 2241 4979 Si
2271 4924 2406 5007 quis
2426 4922 2558 4993 conj
2570 4922 2870 4989 urationes
2889 4926 2947 4988 et
2966 4921 3437 4997 conspirationes
3456 4929 3647 4985 secta-

1999 5017 2108 5067 tur.

1995 5296 2378 5369 continentur
2403 5292 2651 5369 decreta
2670 5293 3048 5369 Eutyehmni
3068 5308 3269 5369 papae:
3310 5292 3363 5349 Si
3382 5292 3645 5367 porcarri

1989 5372 2045 5442 et
2069 5365 2167 5442 alii
2197 5368 2463 5442 pastores
2487 5365 2910 5442 Domiiiica_'die
2938 5368 3017 5442 ad
3031 5365 3357 5442 ecclesiam
3382 5365 3520 5442 non
3547 5379 3643 5442 vc-

1988 5437 2154 5492 niant
2182 5433 2239 5490 et
2262 5434 2509 5491 missam
2540 5451 2663 5490 non
2688 5435 2954 5494 audiant.
2988 5436 3264 5492 Similiter
3289 5440 3345 5491 et
3395 5434 3455 5488 in
3513 5433 3644 5488 aliis

1987 5506 2421 5573 festivitatibus,
