4046 6190
331 196 432 249 287

405 321 494 374 84.
530 315 587 372 Si
614 312 749 386 quis
778 307 1086 366 ecclesiam
1118 305 1220 359 aut
1243 299 1525 355 clericdm
1553 292 1801 360 fatigare
1842 301 1990 358 prae-
2022 286 2070 342 Δ

337 426 541 463 sumit.

371 409 954 564 “gitlnquirendum
984 483 1057 537 de
1088 478 1308 549 refugis
1339 480 1397 533 et
1421 470 1666 546 perﬁdis
1697 465 1883 522 laicis.

410 589 498 640 86.
521 555 1033 636 Percunctandum
1048 571 1123 625 de
1135 563 1468 624 confratriis
1489 565 1544 618 et
1559 555 1992 615 fraternitatum

339 669 719 730 societatibus
749 662 1004 737 qualiter
1033 660 1091 714 in
1117 654 1423 731 parcechia
1452 653 1728 721 agantur.

412 765 502 817 87.
537 757 592 814 Si
620 729 851 811 cauti-ca
872 749 1069 822 turpia
1120 729 1181 803 et
1206 745 1396 801 risum
1424 736 1725 796 moventia
1780 729 1996 804 aliquis

343 851 500 906 circa
530 845 844 904 ecclesiam
873 843 1115 897 cantare
1143 832 1468 910 praesumit.

415 942 504 995 88.
531 938 586 994 Si
617 933 832 1007 aliquis
856 932 918 987 in
959 926 1276 985 ecclesiam
1323 923 1574 986 intrans,
1622 913 1839 973 fabulis
1892 925 1998 964 va—

347 1044 481 1084 care
502 1022 828 1090 consuevit,
857 1027 914 1076 et
934 1033 1058 1074 non
1093 1015 1403 1084 diligenter
1448 1005 1746 1064 auscultat
1799 999 2002 1056 divina

347 1116 604 1190 eloquia,
633 1118 690 1169 et
709 1114 757 1167 si
785 1114 1112 1181 antequam
1140 1104 1328 1160 missa
1353 1098 1614 1164 ﬁniatur,
1646 1094 1720 1149 de
1755 1087 2006 1147 ecclesia

351 1223 486 1262 exn.

384 1210 510 1345 x59.
540 1288 596 1344 Si
621 1284 1007 1347 oblationem,
1035 1280 1097 1335 id
1118 1283 1207 1334 est
1232 1291 1455 1350 panem
1485 1276 1543 1328 et
1563 1269 1792 1335 vinum,
1819 1261 1930 1318 viri
1955 1263 2012 1315 et

351 1378 590 1434 femina:
620 1375 698 1432 ad
728 1373 945 1429 missas
979 1369 1237 1425 offerunt
1267 1385 1280 1434 ;
1313 1371 1370 1421 et
1391 1364 1437 1418 si
1469 1376 1592 1419 non
1617 1356 1748 1425 viri,
1801 1351 2010 1420 conju-

283 1483 288 1487 '
355 1485 456 1538 ges
477 1483 586 1539 pro
613 1464 725 1520 illis
754 1462 1028 1529 offerant,
1061 1474 1171 1532 pro
1198 1472 1259 1512 se
1291 1454 1534 1524 suisque
1582 1445 1886 1510 omnibus,
1948 1439 2016 1495 ut

356 1558 415 1613 in
438 1570 668 1612 canone
699 1552 1054 1608 continetur.

1455 165 1826 225 REGINONIS
1865 158 2283 215 PRUMIENSIS
2322 156 2618 212 ABBATIS

3645 136 3749 188 288

2099 283 2279 351 done,
2303 288 2359 339 et
2389 280 2612 338 mellita
2641 276 2910 344 cervisia,
2943 289 2980 329 a
3009 285 3186 327 carne
3216 270 3271 322 et
3298 277 3478 320 caseo
3507 266 3565 317 et
3621 273 3752 333 pm-

2101 348 2324 444 guibus
2349 370 2614 445 piscibus
2640 365 2958 431 abstineat,
2983 360 3095 417 nisi
3127 356 3288 414 festis
3317 352 3532 410 diebus
3561 349 3666 422 qui
3697 348 3757 402 in

2100 437 2199 520 illo
2223 437 2510 535 episcopo
2537 476 2573 516 a
2603 461 2817 514 cuncto
2839 450 3065 527 populo
3095 445 3492 511 celebrantur,
3532 443 3589 495 et
3643 437 3759 493 nisi

2101 525 2332 608 fortein
2369 525 2592 620 magno
2623 525 2858 612 itinere,
2880 541 2971 597 vel
2999 540 3060 596 in
3083 538 3276 604 hoste,
3303 532 3399 588 vel
3419 530 3525 586 diu
3544 528 3624 584 ad
3657 525 3763 582 do-

2102 642 2386 698 minicam
2417 619 2646 695 curtem
2669 635 2762 691 vel
2788 631 3129 689 inﬁrmitate
3151 625 3449 682 detentus.
3479 619 3571 674 sit.
3596 620 3761 674 Tunc

2102 733 2274 788 liceat
2299 746 2420 786 uno
2451 729 2718 793 denario,
2753 724 2841 780 vel
2873 720 3061 796 pretio
3110 716 3288 772 unius
3348 709 3600 779 denarii,
3660 709 3768 762 aut

2105 828 2221 879 tres
2245 835 2542 894 pauperes
2569 813 2896 890 pascendo,
2928 809 3162 866 tertiam
3197 803 3430 870 feriam,
3487 797 3768 871 quintam

2106 888 2334 979 feriam,
2371 888 2451 966 ἐι
2495 888 2826 964 Sabbatum
2876 900 3188 963 redimere,
3242 895 3324 950 ita
3367 890 3660 946 duntaxat
3703 888 3770 939 ut

2111 1017 2231 1057 una
2259 1016 2321 1054 re
2354 999 2428 1055 de
2463 997 2648 1054 tribus
2675 997 2892 1050 utatur.
2927 991 3249 1058 Postquam
3305 981 3558 1036 domum
3588 989 3770 1030 vene-

2109 1091 2202 1157 rit,
2255 1093 2358 1146 aut
2389 1086 2625 1144 sanitati
2655 1083 2831 1140 fuerit
2859 1078 3185 1144 restitutus,
3204 1071 3433 1129 nullam
3465 1064 3774 1123 licentiam

2111 1181 2333 1238 habeat
2354 1175 2710 1234 redimendi.

2224 1269 2378 1337 Quid
2405 1269 2465 1322 in
2497 1267 2634 1322 aliis
2665 1263 2892 1318 duobus
2923 1257 3101 1315 annis
3132 1253 3446 1309 observare
3471 1245 3661 1303 debet.

2188 1332 2324 1415 Vill.
2357 1359 2702 1428 (Buacuxnn.
2734 1351 2837 1408 lib.
2869 1366 2950 1418 Vl,
2983 1365 3033 1403 c.
3070 1350 3122 1414 3,
3154 1344 3233 1414 4.)
3264 1337 3570 1411 Completo
3629 1332 3779 1389 anni

2119 1447 2338 1505 circulo
2361 1444 2671 1502 ecclesiam
2689 1437 3080 1509 ingrediatur,
3097 1435 3154 1488 et
3169 1429 3334 1504 pacis
3345 1423 3627 1483 osculum
3637 1436 3783 1477 con-

2120 1539 2383 1595 cedatur.
2409 1539 2472 1590 ln
2499 1530 2764 1588 secundo
2785 1533 2842 1584 et
2865 1525 3034 1583 tertio
3057 1536 3218 1578 anno
3241 1515 3504 1574 similiter
3514 1513 3593 1583 jej
3604 1514 3780 1577 unet;

359 1645 628 1717 Capitula
661 1643 787 1696 haec
813 1657 947 1712 quae
970 1653 1078 1710 per
1109 1635 1379 1691 ordinem
1425 1625 1867 1717 adnotavimus,
1918 1637 2014 1676 ca-
2050 1639 2090 1691 Β
2119 1627 2232 1683 nisi
2255 1624 2422 1698 quod
2453 1622 2685 1678 tertiam
2715 1619 2945 1682 feriam,
2993 1611 3288 1686 quintam,
3343 1610 3401 1661 et
3445 1601 3783 1658 sabbatum

2503 1712 2519 1717 _
2589 1709 2602 1717 .
2710 1712 2718 1717 .
2852 1705 2889 1717 ..
3061 1701 3097 1717 τ.
3184 1697 3504 1717 _u_____---
3531 1695 3611 1717 --ι
3660 1692 3774 1717 ρ...

633 1729 867 1786 nonicis
898 1730 1131 1800 oportet
1159 1720 1428 1778 roborari
1468 1715 1736 1774 decretis.

363 1824 447 1878 De
476 1819 834 1891 paenitentia
885 1814 1338 1894 homicidarum.
1369 1809 1469 1864 Ex
1511 1805 1761 1861 concilio
1804 1800 2015 1855 Tribu-

1089 1899 1290 1940 7⁸187182.

437 1985 523 2038 Vl.
559 1983 626 2036 Ut
652 1975 1002 2052 paenitentia
1030 1989 1211 2046 super
1237 1966 1578 2026 homicidiis
1611 1978 1732 2019 non
1781 1960 2016 2015 diverso

365 2085 555 2133 more,
590 2073 649 2123 ut
678 2066 865 2139 prius,
885 2065 987 2119 sed
1007 2062 1066 2118 in
1098 2057 1415 2133 episcopiis
1438 2051 1684 2123 singulis
1709 2065 1830 2105 uno
1854 2062 2018 2102 more

367 2164 595 2231 agatur.

889 2232 1066 2302 216
1107 2229 1272 2286 Unde
1299 2240 1506 2296 supra.

443 2317 915 2397 (Βυιιαιιλιιυηὶὶι).
952 2333 987 2381 ι,
1017 2301 1068 2370 c.
1103 2317 1175 2379 1.)
1210 2312 1265 2368 Si
1295 2309 1430 2383 quis
1459 2311 1788 2379 spontaneft
1816 2301 2025 2356 volun-

371 2388 510 2478 tate,
544 2391 1120 2469 diabolo'suadente,
1154 2397 1546 2456 homicidium
1576 2388 2022 2466 perpetraverit,

370 2504 541 2573 juxta
569 2511 871 2554 canonum
905 2491 1242 2548 sanctiones
1281 2493 1337 2544 et
1376 2485 1671 2558 judicium
1715 2479 2026 2553 episcopo-

374 2607 509 2647 rum
533 2587 710 2644 talem
740 2581 1151 2658 pcenitentiam
1180 2579 1445 2650 accipere
1475 2574 1670 2629 debet.

449 2682 514 2734 In
544 2675 752 2750 primis
784 2677 848 2727 ut
872 2669 1173 2726 licentiam
1199 2683 1320 2722 non
1348 2664 1568 2720 habeat
1595 2658 1907 2716 ecclesiam
1938 2657 2029 2711 in-

379 2746 576 2825 trandi
591 2765 724 2820 illos
750 2765 1059 2834 proximos
1075 2754 1476 2830 quadraginta
1499 2751 1644 2816 dies,
1670 2748 1847 2804 nudis
1869 2746 2030 2819 pedi-

377 2859 493 2913 bus
518 2853 773 2918 incedat,
805 2855 861 2905 et
875 2848 1038 2904 nullo
1068 2844 1340 2900 vehiculo
1368 2839 1670 2906 utatur;in
1692 2837 1878 2893 laneis
1902 2852 2030 2890 ves-

2120 1692 2474 1789 potestatem
2503 1709 2742 1782 habeat,
2766 1701 3123 1770 redimendi,
3163 1697 3506 1766 ubicunque
3527 1695 3636 1745 est.
3659 1692 3788 1744 Cre-

2123 1812 2247 1862 tera
2276 1803 2590 1873 diligenter
2617 1799 2823 1855 omnia
2852 1794 3130 1851 observet
3161 1793 3224 1844 ut
3251 1787 3311 1842 in
3343 1783 3538 1858 primo
3595 1792 3786 1835 anno.

2127 1893 2305 1964 218
2356 1870 2511 1958 Quid
2555 1891 2617 1944 in
2675 1884 2920 2009 relique?
2941 1884 3242 2008 bqiuatuor
3261 1874 3442 1932 armis
3468 1870 3791 1926 observare

2907 1969 2936 2009 e
2977 1967 3006 2008 e
3041 1995 3053 2007 .

2907 1967 3032 2010 εοει
3041 1995 3053 2007 .

2132 2319 2488 2377 abstinendo
2520 2333 2556 2374 a
2584 2315 2745 2380 vino,
2769 2297 3564 2376 medone,mellitacervisia,
3584 2308 3791 2356 caseo,

2132 2416 2189 2466 ct
2223 2426 2256 2464 a
2279 2407 2541 2480 piscibus
2589 2400 2934 2476 pinguibus.
2969 2396 3226 2452 Alteram
3256 2393 3393 2446 ante
3418 2383 3800 2443 Nativitatem

2134 2471 2323 2555 sancti
2348 2471 2614 2553 Joannis:
2651 2471 2724 2550 Si
2737 2487 2965 2562 aliquid
2997 2485 3266 2542 remanet
3288 2479 3364 2534 de
3391 2471 3802 2549 quadraginta

2136 2590 2380 2654 diebus,
2403 2591 2539 2660 post
2568 2583 2812 2639 missam
2847 2575 3039 2634 sancti
3065 2569 3311 2630 Joannis
3341 2565 3605 2638 impleat.
3671 2564 3803 2616 Ter-

2138 2680 2282 2736 tiam
2313 2651 2447 2733 ante
2479 2671 2677 2730 Natale
2707 2667 2939 2726 Domini
2976 2665 3223 2736 jejunet,
3257 2663 3323 2714 ut
3353 2671 3534 2727 supra
3564 2651 3801 2706 dictum

2138 2772 2243 2824 est.
2279 2770 2342 2821 Et
2365 2766 2425 2820 in
2456 2767 2716 2834 quatuor
2748 2752 3104 2830 supradictis
3134 2747 3327 2809 annis.
3360 2743 3549 2809 tertia,
3587 2740 3808 2812 quinta

2139 2857 2300 2913 feria.
2333 2859 2390 2910 et
2413 2851 2674 2910 Sabbato
2704 2851 2904 2903 utatur
2933 2838 3229 2916 quidquid
3279 2834 3419 2901 vult,
3471 2837 3527 2887 ct
3579 2844 3802 2885 secun-

379 2947 537 3002 tibus
564 2943 638 2998 sit
667 2941 899 3011 absque
931 2933 1320 2991 femoralibus
1350 2950 1362 2998 ;
1396 2944 1566 2986 arma
1615 2943 1738 2982 non
1778 2925 1942 2991 ferat,
1976 2928 2033 2979 et
2070 2988 2108 3014 ρ
2140 2947 2283 3002 dam
2341 2949 2398 3000 et
2441 2945 2718 3014 quartam
2773 2935 2981 2992 feriam
3023 2925 3390 2987 omnimodis
3419 2922 3723 2985 observet,
3757 2921 3812 2972 et

2070 2988 2110 3042 C

380 3033 525 3090 nihil
554 3033 754 3086 sumat
781 3027 874 3082 his
913 3022 1316 3098 quadraginta
1365 3018 1577 3075 diebus
1633 3015 1747 3071 nisi
1798 3018 2030 3070 tantum
2070 3015 2110 3042 υ
2140 3047 2528 3106 nequaquam
2571 3026 2843 3084 redimat.
2899 3022 2995 3077 His
3042 3015 3312 3091 expletis,
3360 3025 3596 3068 sacram
3629 3023 3803 3062 com_

380 3135 602 3195 panem
625 3121 682 3172 et
712 3115 918 3180 salem,
953 3117 1008 3168 et
1029 3127 1244 3184 puram
1264 3109 1434 3164 bibat
1457 3122 1702 3179 aquam,
1726 3109 1779 3159 et
1806 3103 2033 3159 nullam

382 3205 874 3265 communionem
904 3217 1042 3256 cum
1073 3197 1296 3254 caeteris
1320 3193 1660 3252 Christianis
1682 3208 1875 3265 neque
1897 3207 2035 3246 cum

384 3298 501 3354 alio
525 3294 847 3369 paenitente
877 3290 1098 3346 habeat
1126 3288 1185 3343 in
1225 3286 1359 3342 cibo
1419 3289 1473 3340 et
1524 3287 1670 3357 potu
1713 3287 2037 3354 antequam

385 3383 788 3464 quadraginta
834 3380 960 3436 dies
1007 3377 1485 3450 adimpleantur;
1544 3390 1617 3428 ex
1673 3372 1806 3427 cibo
1857 3386 2039 3443 quem

390 3461 575 3530 sumit
605 3471 806 3526 nullus
861 3467 1013 3524 alius
1071 3465 1411 3521 manducet.
1476 3461 1860 3516 Considerata
1898 3474 2040 3514 vero

387 3578 660 3636 personae
719 3557 1004 3632 qualitate
1061 3555 1153 3611 vel
1206 3553 1568 3621 inﬁrmitate,
1623 3552 1696 3605 de
1726 3549 1923 3621 pomis
1953 3547 2044 3603 vel

387 3653 649 3710 oleribus
681 3665 786 3707 seu
814 3645 1237 3718 leguminibus,
1267 3647 1446 3716 prout
1475 3641 1668 3696 visum
1701 3639 1892 3704 fuerit,
1937 3637 2042 3693 ali—

385 3741 536 3814 quid
563 3756 671 3813 pro
706 3735 1114 3794 misericordia
1135 3734 1535 3803 indulgeatur,
1554 3729 1814 3786 maxime
1847 3726 1890 3782 si
1911 3725 2046 3798 quis

386 3835 634 3887 coactus
668 3834 875 3886 etnon
908 3830 1120 3898 sponte
1164 3823 1555 3879 homicidium
1608 3818 1826 3875 fecerit.
1883 3819 1949 3871 Et
1995 3815 2047 3870 ei

387 3918 758 3977 omnimodis
788 3932 861 3971 ex
881 3914 1173 3970 canonica
1199 3912 1546 3968 auctoritate
1567 3907 1956 3964 interdicatur
1984 3909 2050 3960 ut

391 4010 455 4064 in
482 4007 574 4062 his
595 4005 811 4061 diebus
835 4019 974 4058 cum
995 4000 1160 4056 nulla
1191 3999 1412 4054 femina
1447 3999 1783 4066 misceatur,
1833 4010 1944 4049 nec
1971 3992 2051 4048 ad

395 4095 705 4169 propriam
736 4106 983 4146 uxorem
1012 4088 1277 4157 accedat,
1301 4103 1409 4142 nec
1433 4104 1568 4142 cum
1588 4085 1791 4157 aliquo
1807 4081 2050 4138 homine

395 4183 654 4240 dormiat
687 4200 700 4243 ;
720 4182 892 4251 juxta
923 4178 1240 4234 ecclesiam
1271 4177 1362 4243 sit,
1410 4180 1545 4230 ante
1605 4174 1777 4244 cujus
1827 4174 2050 4243 januas

395 4277 644 4349 peccata
675 4286 785 4326 sua
814 4268 1032 4324 deﬂeat
1058 4267 1272 4322 diebus
1302 4271 1357 4322 et
1378 4265 1655 4321 noctibus
1689 4283 1701 4329 ;
1734 4267 1789 4319 et
1819 4279 1940 4318 non
1977 4262 2052 4317 de

395 4341 530 4419 loco
563 4361 636 4416 ad
668 4359 868 4415 locum
899 4360 1112 4429 pergat
1133 4355 1237 4411 sed
1268 4355 1327 4410 in
1361 4371 1483 4409 uno
1513 4354 1644 4410 loco
1676 4353 1767 4410 his
1789 4352 2050 4426 quadra-
2087 4341 2131 4395 Ῐ)

399 4451 564 4524 ginta
592 4448 805 4505 diebus
829 4447 921 4501 sit.
948 4448 1014 4501 Et
1042 4445 1089 4500 si
1141 4445 1290 4500 forte
1351 4443 1625 4500 habuerit
1677 4441 2055 4498 insidiatores

397 4540 532 4597 vitae
555 4555 698 4604 suae,
718 4535 954 4591 interim
974 4532 1327 4590 differantur
1338 4533 1391 4589 ei
1410 4531 1959 4606 pcenitentiadonec
1977 4531 2055 4587 ab

399 4630 682 4702 episcopo
693 4641 814 4699 pax
827 4624 880 4680 ei
896 4623 973 4679 ab
990 4623 1244 4678 inimicis
1255 4622 1560 4678 reddatur.
1578 4625 1642 4676 Et
1658 4621 1705 4676 si
1718 4620 2057 4676 inﬁrmitate

399 4719 672 4774 detentus
702 4713 892 4780 fuerit,
927 4712 1006 4768 ita
1037 4716 1242 4767 utnon
1283 4710 1473 4783 possit
1519 4710 1700 4780 digne
1749 4708 2055 4782 poenitere,

401 4806 708 4862 differatur
740 4801 1087 4876 poenitentia
1108 4799 1299 4855 donec
1350 4798 1585 4854 sanitati
1608 4799 1964 4854 restituatur.
2001 4797 2059 4854 Si

404 4899 602 4949 autem
632 4893 816 4960 longa
839 4890 1009 4960 217
1039 4887 1385 4956 aegritudine
1417 4886 1689 4943 detentus
1739 4887 1931 4956 fuerit,
1981 4885 2061 4941 ad

405 4980 760 5036 sententiam
778 4977 1043 5050 episcopi
1060 4976 1373 5049 pertinebit
1388 4977 1699 5048 quomodo
1713 4992 1883 5030 reum
1905 4979 1962 5031 et
1977 4975 2062 5030 in-

406 5070 650 5125 ﬁrmum
681 5083 894 5124 sanare
935 5066 1236 5139 disponat.
1284 5065 1606 5138 Completis
1659 5065 2062 5137 quadraginta

409 5160 644 5226 diebus,
665 5173 827 5232 aqua
849 5158 1025 5226 lotus,
1049 5156 1400 5212 vestimenta
1415 5160 1470 5212 et
1490 5155 1904 5224 calciamenta,
1927 5172 2064 5226 quae

412 5267 448 5307 a
474 5267 534 5305 se
565 5248 886 5318 abjecerat,
910 5262 1115 5300 rursus
1146 5251 1362 5315 sumat,
1396 5250 1452 5302 et
1480 5245 1762 5318 capillum
1819 5245 2061 5301 incidat.

590 5338 745 5405 Quid
773 5337 833 5390 in
862 5336 1060 5405 primo
1093 5351 1252 5392 anno
1283 5337 1596 5393 observare
1623 5335 1849 5392 debeat.

487 5431 596 5484 VII.
622 5428 963 5498 (ancuxan.
994 5424 1094 5481 lib.
1131 5443 1210 5492 v1,
1236 5443 1286 5482 c.
1316 5430 1393 5492 2).
1424 5430 1486 5480 In
1517 5425 1713 5498 primo
1744 5440 1904 5482 anno
1935 5429 2072 5499 post

415 5516 818 5591 quadraginta
839 5514 964 5572 dies
985 5519 1177 5572 totum
1194 5515 1360 5571 illum
1388 5531 1618 5572 annum
1650 5530 1687 5570 a
1732 5514 1894 5582 vino,
1945 5531 2072 5571 me-

491 5627 618 5697 (278
652 5625 971 5699 Sequeutia
993 5638 1115 5679 non
1143 5625 1381 5678 exstant
1407 5622 1468 5678 in
1497 5621 1630 5678 cod.
1664 5638 1776 5677 ms.

2142 3123 2495 3180 munionem
2523 3115 2792 3189 accipiat.

2143 3216 2230 3270 De
2249 3229 2314 3269 eo
2343 3211 2447 3282 qui
2471 3187 2809 3282 voluntarie
2835 3197 3219 3282 homicidium
3241 3193 3406 3264 fecit.
3441 3189 3539 3244 Er
3601 3187 3808 3242 conci-

2743 3277 2820 3331 lio
2851 3275 3202 3341 Ancyrano.

2219 3395 2278 3448 Χ.
2313 3388 2566 3462 (Concil.
2597 3387 2825 3453 Ancyr.
2860 3396 2910 3435 c.
2944 3377 3005 3434 21
3047 3395 3060 3444 ;
3089 3367 3516 3430 HALITGAR.1ib.
3552 3381 3633 3432 IV,
3661 3365 3764 3420 c.l
3802 3381 3814 3427 ;

2151 3453 2475 3536 Bracuine.
2494 3476 2596 3531 lib.
2617 3492 2696 3538 v1,
2717 3489 2768 3528 c.
2791 3469 2898 3540 l3.)
2924 3458 3386 3533 Qui‘Voluntarie
3411 3453 3815 3512 homicidium

2152 3569 2413 3633 fecerint,
2440 3560 2799 3638 paenitentiae
2826 3556 3072 3630 quidem
3094 3551 3314 3623 jugiter
3335 3562 3397 3602 se
3425 3543 3818 3609 submittant,

2153 3636 2575 3732 perfectionem
2599 3665 2738 3706 vero
2763 3647 2919 3702 circa
2940 3642 3071 3698 vitae
3093 3638 3317 3696 exitum
3338 3636 3820 3704 consequantur.

2369 3765 2454 3817 De
2480 3759 2678 3816 eadem
2707 3771 2790 3810 re.
2827 3753 2924 3807 Ea:
2954 3747 3205 3806 concilio
3258 3740 3596 3798 Rhemensi.

2228 3871 2312 3926 Χι.
2347 3866 2599 3939 (Concil.
2628 3862 2952 3929 Rhemense
2983 3854 3136 3911 anni
3152 3853 3277 3918 630,
3302 3865 3352 3903 c.
3381 3852 3413 3903 9
3441 3865 3454 3913 ;
3487 3848 3823 3900 Buncuxne.

2157 3960 2259 4016 lib.
2285 3931 2364 4012 γι.
2401 3954 2509 4025 14.)
2541 3952 2595 4006 Si
2623 3949 2759 4022 quis
2787 3941 3182 4003 homicidium
3228 3939 3439 4009 sponte
3499 3931 3832 3988 commise-

2158 4049 2251 4119 rit,
2283 4051 2482 4102 etnon
2508 4021 2750 4097 violenti
2775 4035 3077 4097 resistens,
3105 4029 3211 4085 sed
3231 4028 3350 4083 vim
3380 4023 3632 4087 faciens,
3660 4021 3832 4076 inno-

2160 4107 2393 4189 centem
2419 4132 2476 4184 et
2505 4121 2846 4196 simpliciter
2877 4115 3249 4189 gradientem
3277 4107 3662 4172 interfecerit,
3689 4119 3830 4159 cum

2160 4223 2271 4280 isto
2300 4218 2536 4293 penitus
2565 4229 2687 4270 non
2719 4203 3315 4267 communicandum,
3364 4199 3446 4254 sic
3494 4202 3712 4252 tamen
3773 4197 3836 4246 ut

2163 4314 2212 4368 si
2241 4305 2654 4384 paenitentiam
2713 4299 2915 4370 egerit,
2969 4297 3030 4351 in
3075 4293 3236 4351 exitu
3287 4291 3340 4346 ei
3375 4281 3836 4344 communionis

2163 4401 2446 4458 viaticum
2477 4411 2600 4451 non
2631 4393 2898 4460 negetur.

2275 4506 2452 4578 219
2485 4505 2570 4559 De
2599 4499 2800 4557 eadem
2831 4510 2915 4551 re.
2943 4494 3043 4548 Ex
3082 4490 3332 4547 concilio
3358 4484 3726 4555 Agathensi.

2238 4601 2888 4680 Xll.(Conc.Agath.c.
2920 4603 2983 4654 37
3015 4599 3372 4663 gBuucnaun.
3397 4590 3498 4645 lib.
3529 4605 3611 4656 v1,
3640 4604 3697 4642 c.
3724 4588 3840 4652 ‘29.)

2168 4707 2371 4774 Itaque
2403 4694 2750 4753 censuimus
2764 4686 3101 4745 homicidas
3123 4688 3180 4740 et
3204 4681 3386 4738 falsos
3411 4683 3592 4734 testes
3615 4693 3656 4732 a
3679 4692 3847 4732 com-

2169 4789 2457 4847 munione
2487 4781 2884 4840 ecclesiastica
2905 4771 3378 4835 submovendos,
3403 4766 3513 4823 nisi
3541 4765 3846 4838 paeniten-

2172 4887 2265 4938 tia:
2297 4875 2698 4934 satisfactione
2729 4867 2981 4925 crimina
3007 4863 3273 4919 admissa
3293 4857 3595 4914 diluerint.

2378 4988 2460 5042 De
2489 4983 2689 5040 eadem
2721 4993 2804 5034 re.
2829 4977 2928 5031 Ex
2959 4972 3208 5030 concilio
3231 4965 3627 5023 Nannetensi.

2246 5099 2378 5153 Xlll.
2409 5090 2635 5163 (Concil
2665 5088 2924 5142 Nannet.
2959 5098 3008 5136 c.
3059 5079 3157 5147 17;
3217 5079 3539 5131 Buacumn.
3591 5069 3712 5125 lib.
3773 5085 3853 5135 τι,

2178 5205 2227 5244 c.
2266 5187 2374 5256 12.)
2404 5159 2461 5239 Si
2490 5180 2628 5253 quis
2655 5173 2986 5232 voluntarie
3017 5173 3074 5224 et
3101 5183 3208 5241 per
3232 5163 3478 5220 insidias
3519 5159 3856 5216 hominem

2179 5249 2552 5339 interfecerit,
2569 5267 2696 5340 jugi
2720 5281 2780 5320 se
2805 5258 3168 5335 paenitentiae
3201 5253 3532 5311 submittat.
3561 5253 3632 5304 Et
3661 5249 3715 5304 si
3741 5249 3862 5304 hoc

2180 5365 2419 5440 publice
2440 5365 2639 5418 actum
2667 5356 2922 5418 constat,
2949 5350 2998 5404 si
3018 5349 3207 5404 laicus
3229 5349 3322 5400 est
3350 5360 3386 5398 a
3409 5340 3862 5398 communione

2182 5456 2518 5514 orationum
2536 5442 2949 5521 quinquennio
2959 5429 3871 5506 removeatur;postquinquen-

2183 5548 2353 5605 nium
2385 5542 2444 5599 in
2473 5537 2813 5597 orationum
2845 5527 3268 5588 communione
3300 5521 3625 5605 recipiatur
3664 5518 3826 5584 (278)
3854 5535 3867 5584 ς
