4044 6196
318 219 412 273 289

312 426 478 494 tingat
503 423 558 478 in
588 439 708 495 quo
737 424 1072 496 perdurans
1098 431 1552 500 quatuordecim
1578 433 1773 499 annis,
1798 437 1937 489 tunc

307 514 377 569 ad
404 514 631 584 plenam
660 515 1149 571 communionem
1182 533 1320 574 cum
1358 518 1762 577 oblationibus
1791 521 1937 577 reci-

305 602 501 675 piatur.

726 691 813 746 De
840 691 1039 747 eadem
1073 708 1154 749 re.
1183 694 1284 751 Ex
1305 696 1502 752 eodem

364 798 495 852 XIV.
513 796 1166 865 (Concil.Nannet.ibid.
1178 802 1262 869 )In
1281 801 1484 859 Exodo
1498 804 1784 860 Dominus
1800 803 1941 860 dicit

296 886 363 942 de
387 884 731 941 homicidis:
765 887 836 942 Si
862 887 992 957 quis
1024 888 1096 945 de
1124 890 1424 947 industria
1461 898 1514 947 et
1547 908 1660 961 per
1688 894 1937 949 insidias

298 976 574 1031 hommem
604 974 908 1043 occiderit,
941 975 1016 1032 ab
1047 979 1239 1035 altari
1272 996 1397 1036 meo
1427 982 1639 1037 evelles
1683 997 1836 1049 eum,
1874 986 1939 1036 ut

291 1064 574 1119 moriatur
606 1063 805 1134 (Exod
832 1065 975 1135 xx1).

289 1170 368 1224 De
393 1167 724 1225 homicidiis
758 1184 879 1225 non
913 1176 1122 1239 sponte
1168 1174 1512 1230 commissis.
1545 1175 1645 1230 E1:
1688 1175 1939 1231 concilio

933 1259 1283 1329 Ancyrano.

356 1365 454 1419 XV.
476 1363 724 1433 (Concil.
746 1365 977 1435 Ancyr.
1010 1382 1062 1421 c.
1086 1371 1193 1435 22;
1236 1370 1547 1425 HALITGAR.
1568 1369 1671 1425 lib.
1695 1387 1771 1439 iv,
1803 1375 1894 1426 c.2
1923 1389 1936 1437 ;

290 1454 606 1509 Βυιιειωω.
638 1452 740 1509 lib.
771 1470 849 1524 v1,
875 1470 928 1510 c.
962 1454 1073 1525 15.)
1105 1458 1183 1512 De
1211 1456 1548 1513 homicidiis
1572 1474 1695 1514 non
1726 1464 1938 1531 sponte

281 1542 614 1598 commissis
654 1543 816 1616 prior
843 1544 1091 1616 quidem
1125 1545 1394 1603 deﬁnitio
1422 1552 1560 1620 post
1586 1552 1935 1621 septennem

275 1631 689 1703 paenitentiam
726 1633 1151 1706 perfectionem
1192 1637 1478 1709 consequi
1511 1638 1810 1711 praecepit,
1844 1655 1949 1703 se-,

274 1720 468 1777 cunda
497 1738 647 1778 vero
672 1722 1071 1795 quinquennii
1102 1728 1341 1797 tempus
1372 1726 1629 1800 explere.

273 1828 446 1899 220
480 1830 577 1886 De
606 1829 808 1886 eadem
840 1846 924 1887 re.
960 1832 1062 1886 Ex
1100 1832 1352 1901 epistola
1394 1833 1634 1889 Rabani
1660 1835 1742 1889 ad
1766 1836 1938 1891 Heri-

790 1920 1034 1977 baldum
1076 1922 1415 1991 episcopum

334 2027 465 2082 XVI.
500 2026 689 2097 (Ras,
720 2028 914 2097 Epist.
946 2028 1028 2084 ad
1053 2028 1369 2084 Heribald.
1405 2044 1455 2084 c.
1488 2033 1559 2097 4;
1603 2032 1930 2086 Buncnmn.

264 2110 363 2166 lib.
396 2129 473 2180 vr,
521 2130 575 2169 c.
607 2115 722 2186 23.)
752 2118 900 2172 Nam
930 2113 1006 2170 de
1045 2114 1137 2170 his
1184 2115 1440 2187 legimus
1478 2116 1583 2189 qui
1626 2118 1931 2174 hominem

261 2216 384 2256 non
416 2207 637 2275 sponte
678 2203 1118 2274 interfecerunt,
1153 2207 1340 2261 Deum
1386 2221 1492 2278 per
1534 2206 1933 2277 legislatorem

262 2290 445 2347 urbes
471 2291 690 2362 refugii
718 2293 1062 2365 deputasse,
1094 2294 1171 2349 ad
1199 2311 1354 2366 quas
1383 2295 1795 2365 confugientes
1825 2297 1935 2353 sal-

257 2385 558 2436 varentur
585 2382 665 2438 ab
693 2381 883 2438 ultore
918 2382 1231 2459 sanguinis
1279 2384 1533 2456 proximi
1569 2386 1663 2440 sui
1695 2390 1768 2463 .et
1810 2402 1932 2443 non

251 2473 670 2525 morerentur.
712 2469 879 2526 Unde
908 2471 971 2525 in
1001 2473 1458 2528 Deuteronomio
1490 2474 1775 2547 scriptum
1807 2480 1929 2531 est:

245 2557 411 2613 Haec
444 2557 568 2612 erit
612 2558 710 2613 lex
739 2558 1051 2615 homicida:
1112 2562 1285 2628 cujus
1315 2562 1439 2617 vita
1482 2563 1780 2618 servanda
1826 2569 1929 2620 est.

250 2646 373 2711 Qui
392 2647 770 2715 percusserit
799 2649 1144 2716 proximum
1187 2664 1359 2705 suum
1389 2652 1673 2718 nesciens,
1706 2658 1763 2709 et
1802 2654 1937 2710 heri

249 2741 305 2790 et
364 2735 819 2791 nudiustertius
867 2738 1106 2792 nullum
1156 2744 1368 2794 contra
1410 2755 1541 2795 eum
1583 2742 1781 2797 odium
1829 2743 1934 2799 ha-

1217 218 1308 272 m:
1348 215 1629 276 ECCLES.
1670 216 1959 276 DISCIPL.
2002 219 2183 276 LIBRI
2222 223 2386 281 nuo.
2428 256 2495 265 —
2537 212 2666 285 ιω.
2708 233 2775 286 u.

312 353 423 395 non
450 338 634 393 autem
665 334 843 391 simul
872 337 1101 407 offerat,
1127 355 1249 396 non
1284 358 1503 415 corpus
1534 344 1770 401 Domini
1799 359 1937 400 con-
1975 346 2022 399 Α

3514 238 3521 243 ’
3601 238 3713 296 290

2338 349 2424 405 De
2451 352 2653 409 eadem
2680 370 2764 409 re.
2796 355 2896 411 Ex
2923 356 3139 423 eodem,
3169 372 3299 428 cap.
3332 359 3418 415 20.
3720 418 3723 425 _

2124 435 2255 489 XX.
2290 438 2538 503 (Concit.
2584 443 2819 499 Tribur.
2852 461 2904 499 c.
2941 446 3059 514 52.)
3091 449 3169 502 De
3208 447 3541 505 homicidiis
3581 466 3705 507 non

2050 528 2264 594 sponte
2296 528 2658 598 commissis,
2691 531 2852 604 quali
2885 534 3243 606 paenitentia:
3278 537 3425 607 jugo
3462 538 3709 595 submit-

2048 616 2250 669 tantur
2292 615 2353 672 hi
2406 618 2511 691 qui
2567 619 2809 677 fecerint
2862 638 2953 691 ea,
2985 623 3047 679 in
3095 624 3362 699 episcopi
3414 628 3705 685 sententia

2047 708 2309 759 maneat.

2475 779 2561 834 De
2586 780 2788 837 eadem
2819 797 2902 839 re.
2930 783 3031 839 Ea:
3055 785 3278 841 eodem.

2120 862 2275 916 XXI.
2335 867 2589 935 (Concit.
2628 870 2863 926 Tribur.
2895 888 2946 927 c.
2981 872 3095 941 53;
3134 876 3458 930 Buacmum.
3491 876 3590 932 lib.
3625 894 3702 945 v1,

2048 966 2100 1006 c.
2132 952 2240 1022 36.)
2278 953 2334 1009 Si
2377 955 2513 1027 quis
2539 956 2730 1013 ﬁlium
2761 975 2938 1016 suum
2985 976 3109 1016 non
3152 966 3364 1034 sponte
3401 964 3700 1033 occiderit,

2039 1038 2213 1110 juxta
2241 1041 2565 1100 homicidia
2588 1060 2711 1103 non
2741 1052 2952 1121 sponte
2975 1050 3299 1106 commissa
3327 1052 3627 1123 pmniteat.

2242 1131 2330 1188 De
2357 1133 2561 1190 eadem
2587 1150 2668 1191 re.
2700 1136 2797 1193 Ex
2826 1139 3079 1195 concilio
3102 1140 3494 1197 Nannetensi.
3602 1190 3607 1194 .

2121 1219 2303 1273 XXII.
2336 1222 2581 1293 (Concit.
2614 1226 2873 1284 Nannet.
2907 1246 2955 1283 c.
2990 1228 3092 1293 18;
3120 1230 3453 1285 Βυκοωο.
3483 1230 3585 1287 lib.
3618 1248 3699 1297 vt,

1954 1350 1961 1361 .
2046 1323 2098 1361 c.
2138 1307 2241 1379 16.)
2276 1309 2332 1365 Si
2359 1310 2497 1382 quis
2527 1328 2692 1383 casu,
2725 1330 2847 1370 non
2894 1315 3103 1372 volens
3151 1317 3543 1375 homicidium
3571 1335 3703 1392 per-

2044 1397 2786 1474 petraverit,quadraginta
2806 1404 3022 1461 diebus
3040 1405 3099 1461 in
3128 1423 3283 1478 pane
3314 1412 3370 1463 et
3398 1423 3559 1481 aqua
3578 1425 3702 1482 pm-

2044 1482 2244 1539 niteat.
2289 1486 2518 1551 Quibus
2545 1491 2818 1561 peractis,
2860 1491 3102 1548 biennio
3137 1494 3216 1549 ab
3246 1495 3515 1552 oratione
3558 1496 3702 1553 ﬁde-

2028 1570 2191 1627 lium
2265 1581 2608 1645 segregetur
2635 1620 2648 1644 ,
2724 1595 2847 1634 non
2924 1582 3351 1637 communione
3418 1584 3702 1640 orationis

1972 1660 2291 1748 Bofferat,
2361 1679 2484 1720 non
2546 1670 2748 1722 tamen
2810 1669 3248 1725 communicet.
3325 1672 3498 1742 222
3568 1675 3703 1729 Post

2043 1750 2524 1823 quinquennium
2582 1756 2660 1811 ad
2716 1756 2956 1829 plenam
3012 1760 3502 1816 communionem
3551 1760 3697 1817 reci-

2040 1839 2257 1911 piatur.
2292 1842 2660 1901 Ahstinentia
2689 1845 2961 1903 ciborum
2990 1846 3051 1902 in
3082 1848 3329 1905 arbitrio
3370 1850 3697 1907 sacerdotis

2041 1935 2302 1986 maneat.

2042 2020 2157 2087 Qui
2192 2036 2303 2090 per
2325 2023 2559 2092 faidam
2592 2025 2885 2082 hominem
2927 2027 3230 2083 occiderit.
3264 2029 3358 2084 Ea:
3399 2030 3700 2086 Paeniten-

2646 2115 2800 2184 tiali,
2833 2129 2967 2183 cap.
3008 2115 3088 2169 l4.

2110 2198 2312 2254 XXIII.
2337 2201 2688 2270 (Buncmnn.
2718 2202 2819 2258 lib.
2854 2220 2890 2269 ι,
2925 2221 2975 2259 c.
3002 2208 3117 2271 3'2.)
3148 2205 3259 2269 Qui
3283 2222 3395 2278 pro
3436 2207 3700 2264 vindicta

2042 2285 2237 2341 fratris
2284 2293 2384 2343 aut
2414 2289 2670 2345 aliorum
2715 2296 3031 2362 parentum
3062 2293 3342 2348 occiderit
3370 2294 3697 2365 hominem,

2041 2389 2270 2429 annum
2293 2392 2481 2431 unum
2506 2378 2810 2449 poeniteat,
2834 2383 2890 2434 et
2911 2380 3303 2452 sequentibus
3324 2381 3563 2438 duobus
3585 2388 3699 2440 tres

2041 2463 2537 2535 quadragesimas
2575 2467 2852 2524 observet
2880 2473 2937 2523 et
2958 2468 3254 2539 legitimas
3284 2470 3479 2539 ferias,
3522 2458 3583 2528 id
3611 2478 3700 2530 est

2041 2552 2392 2624 secundam,
2424 2560 2722 2627 quartam,
2755 2561 2812 2612 et
2840 2562 3068 2613 sextam
3100 2558 3327 2615 feriam.

2466 2645 2552 2700 De
2580 2645 2783 2701 eadem
2813 2662 2894 2703 re.
2929 2648 3025 2703 Ea:
3048 2648 3267 2705 eodem.

2112 2730 2320 2786 XXIV.
2348 2732 2456 2797 Qui
2479 2748 2585 2805 per
2603 2733 2753 2790 iram
2770 2740 2827 2790 et
2846 2737 3038 2791 rixam
3059 2740 3116 2792 et
3136 2737 3480 2794 ebrietatem
3503 2738 3698 2809 subito

254 2824 454 2880 buisse
493 2825 945 2894 comprobatur,
977 2825 1080 2881 sed
1106 2826 1297 2882 abisse
1323 2829 1677 2898 simpliciter
1703 2846 1835 2886 cum
1867 2847 1931 2888 eo
2036 2817 2344 2874 hominem
2371 2820 2671 2892 OCCidePit;
2702 2826 2964 2894 quatuor
2992 2839 3186 2880 annos
3214 2826 3516 2899 Ραῖηίῖθδί·

252 2913 313 2967 in
360 2914 592 2970 silvam
621 2914 704 2970 ad
750 2914 917 2986 ligna
966 2915 1270 2984 credenda,
1304 2922 1359 2973 et
1401 2918 1464 2973 in
1501 2920 1827 2977 succisione
1862 2923 1933 2976 li-

250 3018 520 3071 gnorum
552 3004 775 3059 securis
798 3006 1030 3074 fugerit
1058 3004 1132 3061 de
1169 3021 1377 3075 manu,
1408 3013 1514 3064 aut
1554 3008 1788 3077 ferrum
1832 3010 1928 3067 de-
1969 3044 2010 3092 Ο

2462 2912 2550 2967 De
2572 2912 2773 2969 eadem
2805 2927 2889 2968 re.
2922 2914 3019 2969 Ex
3047 2915 3267 2971 eodem.

2112 2996 2274 3051 XXV
2325 2998 2380 3054 Si
2410 2999 2545 3072 quis
2571 2998 2742 3072 liber,
2758 3000 3005 3072 jubente
3030 3002 3437 3083 dominosuo,
3456 3021 3697 3061 servum

253 3092 501 3162 lapsum
540 3093 616 3149 de
654 3073 973 3149 ,ηαηαωίο
1021 3096 1277 3151 amicum
1309 3073 1438 3165 ejus
1480 3073 1844 3166 ρεένεαεερνίι
1874 3106 1929 3156 ει
1969 3073 2012 3097 ’³
2038 3086 2337 3154 occiderit,
2370 3088 2770 3160 quadraginta
2799 3090 2926 3146 dies
2955 3092 3257 3163 paeniteat.
3290 3078 3359 3149 'Et
3387 3094 3434 3149 si
3463 3094 3599 3168 quis
3626 3094 3695 3150 li-

249 3183 570 3249 occiderit,
623 3183 722 3240 hic
777 3183 859 3239 ατι
904 3199 1088 3241 unum
1145 3185 1382 3241 urbium
1440 3188 1931 3256 εαρναάίεεανηηι
2036 3174 2163 3244 ber,
2181 3175 2430 3247 jubente
2452 3179 2700 3235 domino
2722 3196 2852 3250 suo,
2876 3180 3185 3237 hominem
3203 3182 3583 3239 innocentem
3604 3200 3699 3239 oc-

245 3272 582 3342 confugiat
613 3277 667 3327 et
696 3272 879 3327 vivat.
912 3273 1109 3341 (Deut.
1144 3273 1290 3344 x1x.)

242 3360 330 3415 De
376 3362 602 3417 eadem
651 3376 733 3416 re.
778 3360 879 3417 Ea:
923 3362 1177 3418 concilio
1232 3362 1670 3420 Wormatiensi.
1718 3381 1850 3436 cap.
1897 3369 1933 3421 5

315 3449 503 3503 XVII.
536 3450 793 3517 (Concii.
841 3449 1129 3507 Wormat.
1154 3467 1207 3506 c.
1229 3451 1301 3506 29
1320 3464 1345 3523 ;
1372 3454 1701 3510 Buacnxan.
1727 3452 1829 3511 lib.
1855 3471 1929 3525 v1,

242 3554 292 3593 c.
319 3538 438 3609 21.)
470 3541 655 3610 Saepe
681 3538 969 3608 contingit
997 3543 1061 3595 ut
1079 3539 1227 3595 dum
1247 3539 1382 3612 quis
1406 3541 1571 3613 operi
1595 3542 1933 3599 necessario

241 3626 532 3683 insistens
575 3626 853 3683 arborem
874 3627 1118 3697 incidat,
1143 3628 1358 3700 aliquis
1384 3629 1594 3685 subtus
1618 3630 1816 3703 ipsam
1838 3648 1935 3687 γεω

236 3715 412 3772 niens
459 3713 852 3789 deprimatur
896 3717 1040 3788 (279)
1074 3719 1131 3772 et
1162 3716 1403 3789 idcirco,
1433 3717 1482 3772 si
1510 3717 1815 3775 voluntate
1844 3718 1936 3775 vel

238 3802 629 3872 negligentia
651 3803 965 3859 incidentis
984 3804 1263 3860 arborem
1285 3803 1510 3860 factum
1531 3809 1640 3872 est,
1664 3808 1727 3861 ut
1746 3806 1936 3862 homi-

236 3890 374 3948 cida
406 3890 797 3965 paenitentiae
826 3890 1005 3948 debet
1051 3890 1301 3948 omnino
1338 3890 1624 3947 submitti.
1660 3892 1833 3958 Quod
1882 3893 1933 3948 si

236 3995 363 4036 non
382 3984 572 4049 voto,
597 3979 703 4036 sed
732 3979 963 4037 incuria
985 3981 1135 4051 ejus,
1163 3995 1286 4036 non
1315 3978 1576 4053 denique
1611 3981 1759 4053 (280)
1789 3982 1932 4050 [haec

234 4071 405 4142 eum]
436 4069 751 4126 sententia
777 4069 1053 4139 contigit;
1088 4068 1192 4125 sed
1230 4069 1379 4125 dum
1410 4068 1504 4125 ille
1528 4070 1695 4143 operi
1722 4085 1930 4127 neces-

237 4158 402 4215 sario
430 4158 726 4216 fortassis
754 4158 1146 4223 incumberet,
1172 4158 1281 4214 iste
1311 4158 1650 4231 insperatus
1678 4162 1934 4218 occurrit

234 4246 351 4304 sub
382 4248 646 4315 arbore,
679 4251 736 4304 et
765 4248 880 4304 sub
912 4247 1047 4310 ipsa
1074 4263 1402 4321 oppressus
1434 4252 1543 4317 est,
1573 4249 1793 4306 incisor
1835 4267 1928 4308 ar-

234 4334 405 4393 boris
433 4352 585 4393 non
614 4340 846 4393 tenetur
872 4352 982 4409 pro
1012 4335 1336 4393 homicida.

2039 3264 2262 3331 ciderit,
2293 3281 2521 3322 annum
2557 3284 2744 3323 unum
2776 3269 3078 3341 paeniteat,
3110 3275 3167 3326 et
3204 3271 3265 3326 in
3293 3272 3535 3328 duobus
3574 3271 3703 3328 aliis

2041 3355 2217 3410 annis
2247 3360 2364 3411 tres
2393 3356 2891 3429 quadragesimas
2918 3358 3193 3416 observet
3215 3366 3271 3416 et
3296 3360 3595 3432 legitimas
3623 3361 3703 3417 fe-

2041 3459 2159 3499 l'laS
2168 3486 2180 3498 .

2040 3533 2127 3588 De
2157 3534 2247 3589 his
2277 3534 2383 3605 qui
2422 3549 2619 3589 servos
2659 3550 2794 3589 suos
2834 3543 3051 3591 necant
3080 3543 3256 3593 extra
3285 3539 3573 3607 judicent.
3606 3541 3702 3595 Ea;

2426 3624 2678 3677 concilio
2706 3623 3058 3692 Agathensi,
3091 3640 3204 3694 cap
3227 3626 3315 3680 35.

2116 3708 2326 3764 XXVI.
2359 3709 2561 3780 (Cone.
2590 3710 2813 3780 Agath.
2843 3729 2890 3764 c.
2924 3711 3032 3780 62;
3064 3711 3232 3779 Ras,
3262 3715 3452 3783 Epist.
3482 3716 3564 3783 ad
3586 3716 3702 3771 He-

2045 3797 2267 3853 ribald.
2302 3814 2351 3853 c.
2386 3797 2462 3869 3.)
2496 3798 2552 3854 Si
2577 3798 2712 3871 quis
2737 3814 2975 3855 servum
3006 3782 3321 3874 proprium
3357 3782 3501 3858 sine‘
3525 3819 3700 3860 cons-

2042 3886 2258 3944 cientia
2281 3887 2499 3959 judicis
2543 3887 2844 3960 occiderit,
2872 3891 3489 3949 excommunicatione
3536 3891 3702 3950 bien-

2040 3976 2122 4035 nii
2152 3981 2386 4033 reatum
2416 3978 2725 4049 sanguinis
2754 3979 3126 4037 emundabit.

2040 4067 2127 4124 De
2137 4068 2469 4137 parricidis
2496 4074 2551 4124 et
2574 4069 2935 4138 fratricidis.
2957 4071 3054 4128 Ex
3079 4073 3330 4130 concilio
3359 4074 3698 4145 Moguntia-

2778 4173 2956 4216 εεηεῑ.

2111 4245 2331 4300 XXVII.
2361 4245 2613 4313 (Concil.
2636 4247 2918 4304 Wormat.
2948 4265 2999 4306 ε.
3026 4251 3117 4315 3ος
3146 4248 3480 4306 iamcum).
3511 4250 3615 4306 lib.
3637 4268 3695 4321 x,

2039 4352 2089 4388 c.
2129 4336 2245 4403 34.)
2279 4334 2601 4392 Statuimus
2630 4340 2695 4392 ut
2718 4337 3031 4409 parricidae
3076 4343 3134 4395 et
3162 4339 3477 4396 fratricida:
3519 4341 3694 4411 223

236 4423 354 4495 22
369 4426 416 4496 ι
448 4424 769 4483 Deeadem
791 4398 988 4482 refEx
1007 4426 1258 4482 concilio
1285 4425 1671 4493 Triburiensi,
1688 4441 1820 4497 cap.
1842 4427 1926 4484 l7.
1968 4398 2013 4453 Β
2041 4440 2148 4497 per
2177 4398 2354 4480 unius
2375 4425 2518 4482 anni
2537 4398 2827 4482 circulum
2849 4398 2986 4483 ante
3006 4428 3163 4483 fores
3176 4427 3440 4484 basilicas
3460 4398 3699 4483 orati—te;

307 4513 519 4570 XVIII.
568 4514 810 4585 (Concil.
846 4514 1083 4569 Tribur.
1121 4529 1173 4568 c.
1216 4517 1322 4582 36;
1356 4515 1690 4584 Burnmann,
1732 4514 1814 4572 lib
1849 4533 1927 4583 γι,

236 4617 289 4656 c.
323 4602 447 4673 22.)
486 4601 552 4660 Si
587 4601 713 4658 duo
742 4601 952 4658 fratres
986 4600 1047 4657 in
1083 4600 1233 4657 silva
1271 4601 1516 4657 arbores
1552 4602 1928 4674 succiderint,

236 4693 295 4745 et
320 4690 875 4764 appropinquante
905 4705 1051 4746 casu
1083 4689 1263 4745 unius
1289 4689 1522 4746 arboris
1552 4689 1732 4747 frater
1768 4691 1932 4750 fratri

238 4778 405 4837 Cave
436 4778 688 4847 dixerit,
720 4783 776 4835 et
804 4778 900 4835 ille
940 4778 1177 4848 fugiens
1220 4778 1282 4834 in
1310 4794 1658 4851 pressuram
1700 4779 1931 4836 arboris

237 4865 534 4925 inciderit
578 4872 637 4924 et
661 4872 935 4924 mortuus
977 4866 1170 4938 fuerit,
1196 4866 1405 4923 vivens
1445 4866 1623 4923 frater
1644 4867 1931 4925 innocens

236 4954 314 5012 de
346 4957 665 5028 sanguine
697 4955 966 5028 germani
996 4953 1374 5027 dijudicetur.

695 5050 783 5104 De
812 5047 1014 5104 eadem
1060 5062 1143 5102 re.
1177 5046 1278 5102 Ea:
1305 5045 1504 5103 eodem

312 5137 490 5192 XIX.
525 5138 772 5204 (Concit.
804 5137 1041 5192 Tribur.
1077 5151 1127 5190 c.
1172 5135 1286 5205 37.)
1317 5137 1495 5191 Mater
1537 5136 1585 5191 si
1622 5136 1795 5207 juxta
1841 5137 1930 5193 fo-

235 5240 384 5281 cum
424 5225 733 5282 infantem
776 5224 1061 5298 pOsuerit,
1094 5227 1150 5279 et
1188 5222 1340 5279 alius
1379 5224 1564 5279 homo
1604 5240 1828 5298 aquam
1870 5225 1931 5280 in

234 5314 596 5371 caldariam
625 5314 870 5383 miserit,
903 5318 958 5369 et
996 5311 1241 5369 ebullita
1285 5327 1445 5384 aqua
1492 5313 1689 5369 infans
1732 5329 1933 5386 super-

231 5402 423 5459 fusus
459 5409 745 5460 mortuus
776 5403 967 5469 fuerit,
999 5417 1110 5474 pro
1140 5400 1501 5472 negligentia
1532 5407 1724 5457 mater
1746 5402 1933 5475 paeni-

230 5496 359 5548 teat
392 5496 458 5549 et
483 5491 586 5548 ille
619 5493 803 5549 homo
832 5507 1080 5548 securus
1110 5491 1198 5548 sit.

306 5623 428 5675 279
462 5617 614 5692 Vide
631 5617 827 5692 legem
860 5621 1102 5685 Saxon,
1135 5633 1186 5673 c.
1224 5621 1276 5673 Η
1290 5657 1311 5689 ,
1333 5618 1522 5689 etleg.
1549 5615 1928 5688 Longobard.

250 5689 343 5745 ib.
384 5707 433 5761 ι,
474 5689 568 5746 tit.
600 5694 653 5759 9,
684 5689 736 5747 ὁ.
769 5695 822 5746 ὅ.

2041 4513 2277 4569 Domini
2331 4512 2709 4571 clementiam
2755 4518 3150 4587 perseverent.
3203 4515 3508 4588 Completo
3556 4515 3699 4570 anni

2039 4600 2282 4673 circulo,
2299 4602 2754 4659 introducantur
2765 4603 2826 4659 in
2843 4602 3186 4671 ecclesiam;
3205 4606 3409 4659 tamen
3424 4605 3576 4659 inter
3592 4619 3698 4661 au-

2038 4690 2286 4759 dientes,
2319 4707 2511 4764 usque
2541 4690 2690 4746 dum
2720 4690 2898 4747 unius
2946 4690 3090 4747 anni
3136 4690 3401 4763 spatium
3433 4690 3698 4763 ﬁniatur,

2038 4784 2210 4835 stent.
2240 4779 2336 4836 llis
2366 4778 2450 4837 ita
2484 4778 2764 4852 peractis,
2792 4780 2840 4835 si
2865 4778 3227 4852 paenitentiae
3255 4778 3480 4836 fructus
3507 4779 3570 4837 in
3615 4780 3699 4838 eis

2039 4867 2420 4940 conspicitur,
2440 4867 2710 4940 corporis
2726 4871 2784 4923 et
2799 4865 3113 4937 sanguinis
3131 4866 3367 4923 Domini
3382 4868 3699 4944 participes

2039 4955 2205 5025 ﬁant,
2230 4960 2296 5012 ut
2313 4971 2436 5012 non
2456 4956 2829 5013 obdurentur
2843 4955 3281 5029 desperatione.
3303 4960 3555 5016 Carnem
3575 4976 3697 5017 non

2040 5045 2409 5103 manducent
2431 5045 2718 5102 omnibus
2749 5045 2963 5103 diebus
2991 5046 3125 5103 vitae
3144 5046 3403 5105 illorum.
3425 5049 3506 5121 Jej
3516 5054 3701 5106 unent

2040 5140 2243 5193 autem
2264 5151 2457 5208 usque
2486 5134 2564 5191 ad
2594 5150 2823 5191 nonam
2846 5134 2964 5192 diei
2984 5136 3199 5193 horam
3227 5137 3513 5210 quotidie,
3534 5155 3703 5195 exce-

2039 5224 2155 5296 ptis
2172 5223 2331 5278 festis
2352 5222 2565 5278 diebus
2581 5227 2761 5295 atque
2774 5223 3112 5281 Dominicis.
3130 5224 3478 5282 Abstineant
3497 5231 3699 5283 autem

2040 5326 2075 5366 a
2103 5312 2265 5378 vino,
2288 5309 2567 5379 medone,
2592 5316 2771 5384 atque
2795 5311 3017 5370 mellita
3037 5314 3286 5370 cervisia
3306 5320 3423 5370 tres
3444 5315 3573 5370 dies
3591 5328 3701 5386 per

2038 5399 2507 5456 hebdomadam.
2532 5406 2711 5458 Arma
2732 5407 2968 5475 portare
2989 5420 3113 5460 non
3134 5404 3415 5475 audeant,
3429 5404 3545 5460 nisi
3562 5417 3701 5458 con-

2042 5495 2130 5545 tra
2156 5504 2428 5561 paganos
2452 5508 2464 5556 ;
2497 5494 2553 5545 et
2574 5490 2915 5564 ubicunque
2942 5493 3023 5549 ire
3050 5493 3386 5564 maluerint,
3409 5491 3575 5547 nullo
3604 5506 3699 5544 ve-

2110 5616 2258 5689 (280)
2290 5618 2368 5672 Ex
2403 5616 2580 5673 veteri
2606 5617 2809 5675 codice
2839 5634 2951 5675 ms.
2988 5618 3360 5675 Bibliotheca).
3389 5615 3585 5684 regite.
