4044 6196
395 232 490 302 291
1535 231 1902 295 REGINONIS
1941 230 2357 295 PRUMIENSIS
2395 237 2690 294 ARBATIS
3720 225 3815 282 292

395 364 595 420 hiculo
625 364 1018 430 deducantur,
1051 362 1154 418 sed
1193 361 1450 433 pedibus.
1476 359 1732 433 propriis
1773 363 2044 430 pergant.
2081 353 2134 410 Δ
2162 373 2370 414 servus
2397 359 2511 420 hoc
2531 355 2916 425 commiserit,
2935 353 3163 426 judicio
3187 367 3360 426 aquae
3388 347 3669 406 ferventis
3687 363 3815 404 exa-

395 456 655 528 Tempus
700 458 896 510 autem
926 451 1103 519 hujus
1129 450 1488 522 paenitentiae
1518 451 1576 508 in
1626 449 2046 522 episcoporum

397 543 680 618 ponimus
722 540 984 606 arbitrio,
1032 545 1094 596 ut
1146 541 1480 602 secundum
1534 538 2046 600 conversationem

395 633 630 688 illorum
679 633 782 685 aut
837 629 1152 688 extendere
1206 629 1299 684 vel
1348 629 1615 686 minuere
1662 627 1918 686 valeant.
1960 626 2049 682 Ab

395 719 698 783 uxoribus,
735 718 782 772 si
811 718 1148 783 habuerint,
1179 735 1299 773 non
1336 721 1702 787 separentur.
1744 717 1796 772 Si
1849 718 2049 774 autem

393 823 511 862 non
545 806 883 875 habuerint,
913 812 968 863 et
999 823 1060 862 se
1085 807 1384 864 continere
1414 822 1536 862 non
1567 805 1875 868 valuerint,
1910 803 2046 870 legi-

393 897 569 952 timas
603 895 900 967 accipiant
928 897 985 951 in
1020 896 1300 966 eonjugio
1348 894 1618 958 feminas,
1652 910 1724 949 ne
1771 894 1827 947 in
1871 891 2048 947 forni-

393 987 645 1043 cationis
687 986 1035 1055 voraginem
1077 986 1335 1041 incidere
1379 984 1710 1039 videantur.
1754 983 1806 1037 Si
1849 987 2048 1037 autem

393 1081 717 1150 antequam
749 1076 1009 1131 duorum
1043 1075 1467 1147 praedictorum
1498 1089 1794 1130 annorum
1835 1071 2046 1127 linian-

391 1151 487 1221 tur
516 1165 829 1232 curricula,
861 1165 996 1220 ﬁnis
1042 1165 1174 1220 vitm
1216 1163 1455 1219 illorum
1497 1162 1848 1234 pervenerit.
1884 1159 2046 1214 viati-

393 1271 531 1311 cum
562 1254 675 1310 illis
707 1269 827 1309 non
853 1257 1119 1322 negetur.
1153 1255 1296 1323 (281)

395 1343 572 1416 224
603 1345 750 1399 Item
781 1344 854 1398 de
875 1344 1217 1412 parricidis.
1251 1344 1343 1399 Em
1371 1344 1494 1400 alio
1517 1343 1769 1398 concilio
1800 1340 2050 1408 Mogun-

946 1416 1218 1478 tiaccnsi.
1252 1431 1383 1484 cap.
1418 1415 1504 1470 20.

464 1505 724 1565 XXVIII.
762 1507 1002 1573 (Pa’nit.
1028 1505 1170 1558 Ras.
1204 1522 1253 1559 c.
1289 1522 1324 1559 ιι
1351 1510 1406 1561 et
1436 1504 1495 1560 in
1523 1520 1609 1571 ep.
1631 1504 1709 1558 ad
1737 1501 2048 1556 Heribald.

392 1614 438 1648 c.
463 1595 496 1648 7
517 1607 539 1663 ,‘
569 1596 781 1652 concil.
801 1595 1070 1663 Mogunt.
1097 1594 1222 1650 sub.
1246 1597 1380 1652 Ras.
1400 1611 1448 1648 c.
1474 1598 1540 1648 20
1563 1611 1575 1652 ;
1599 1595 1927 1645 ΒυῙῖΟΗᾹῙῖΙ).
1947 1589 2048 1644 lib.

397 1701 470 1753 γι,
502 1700 551 1738 c.
582 1687 695 1742 35.)
717 1682 1101 1738 Parricidium
1129 1699 1315 1754 quam
1340 1683 1412 1737 sit
1431 1680 1776 1738 detestabile
1802 1680 2047 1746 crimen,

387 1771 614 1843 judicio
637 1772 793 1828 facto
815 1773 965 1828 inter
985 1772 1126 1826 Cain
1153 1776 1210 1826 et
1228 1771 1371 1826 Abel
1393 1772 1631 1826 fratrem
1658 1787 1834 1826 suum
1860 1769 2052 1828 Domi-

392 1877 507 1916 nus
531 1860 806 1916 ostendit.
835 1860 946 1916 Sed
973 1859 1116 1930 quia
1137 1860 1440 1916 modernis
1469 1858 1837 1930 temporibus
1860 1857 2049 1928 parri-

389 1950 536 2005 cidm
557 1949 796 2021 profugi
831 1949 1174 2003 discurrunt
1197 1964 1300 2019 per
1323 1949 1560 2003 diversa
1587 1947 1736 2008 loca,
1769 1952 1824 2002 et
1867 1947 2045 2004 variis

391 2037 541 2096 vitiis
568 2041 624 2093 et
652 2036 805 2107 gulae
827 2035 1117 2092 illecebris
1149 2036 1504 2104 deserviunt,
1529 2035 1741 2092 melius
1774 2034 1947 2090 nobis
1968 2034 2050 2089 vi-

391 2125 563 2180 detur
582 2130 647 2180 ut
670 2125 731 2180 in
761 2141 883 2180 uno
906 2125 1039 2182 loco
1069 2129 1377 2180 manentes
1408 2123 1754 2196 pmnitentia
1783 2122 2047 2176 districta

391 2213 742 2285 semetipsos
774 2213 1080 2280 castigent.
1112 2213 1156 2266 si
1189 2212 1354 2280 forte,
1392 2211 1623 2270 Domini
1662 2211 1924 2271 bonitate
1965 2210 2047 2265 in-

391 2301 762 2371 dulgentiam
791 2301 1074 2360 facinoris
1101 2302 1188 2356 sui
1221 2303 1524 2374 percipere
1552 2306 1867 2362 mereatur.

395 2390 562 2456 Quod
585 2391 910 2460 parricidis
953 2406 1126 2452 arma
1160 2397 1212 2446 et
1252 2391 1597 2460 confugium
1628 2389 2043 2446 interdicatur.

461 2483 629 2535 XXIX.
663 2480 914 2548 (Concil.
947 2480 1216 2550 Magum.
1250 2479 1393 2540 ibid.
1427 2498 1439 2539 ς
1477 2482 1791 2535 ΒιιιιοιιΑιιυ.
1827 2477 1926 2533 lib.
1968 2494 2044 2544 vn,

392 2584 442 2623 c.
476 2568 588 2638 35.)
618 2571 742 2623 Non
776 2568 935 2624 enim
967 2569 1050 2624 eis
1080 2568 1277 2624 licebit
1309 2568 1457 2624 ultra
1487 2568 1705 2623 militiae
1737 2566 2046 2634 cingulum

393 2672 624 2712 sumere
655 2661 710 2711 et
739 2657 1032 2724 coniugiis
1072 2657 1360 2728 copulari,
1390 2657 1533 2729 quia
1585 2656 1738 2711 sacri
1788 2671 2048 2710 canones

392 2746 505 2802 hoc
532 2745 615 2800 eis
642 2761 763 2804 non
795 2745 1191 2801 consentiunt.

395 2835 570 2908 225
607 2836 686 2888 De
705 2849 784 2908 eo
815 2835 921 2908 qui
944 2834 1257 2908 ΔΙιοληίηέηη
1287 2834 1601 2908 publicam
1631 2833 2046 2908 _p_(enilentiam

392 2904 662 2974 agentem
692 2905 994 2970 interﬁcit.
1018 2904 1116 2958 Ex
1150 2904 1588 2971 Capilularium
1621 2904 1700 2957 lib
1723 2920 1798 2966 ιιι,
1825 2919 1936 2971 cap
1962 2909 2042 2957 I7.

465 2995 608 3046 ΧΧΧ.
642 2990 768 3056 (Lib
801 3006 856 3044 iv
886 2991 1224 3058 (Yapitular.
1263 3007 1312 3045 c.
1354 2991 1434 3052 18)
1468 2990 1576 3054 Qui
1608 2990 1913 3045 hominem
1944 3008 2050 3062 pu-

396 3078 611 3134 blicam
641 3077 1049 3150 paenitentiam
1077 3084 1350 3146 agentem
1381 3078 1750 3148 interfecerit,
1775 3079 2048 3135 bannum

393 3171 668 3221 nostrum
699 3166 754 3220 in
792 3166 963 3238 triplo
991 3171 1332 3238 componat,
1368 3171 1423 3221 et
1464 3166 1802 3235 wirgildum
1848 3168 2046 3240 proxi-

391 3256 504 3310 mis
535 3257 663 3326 ejus
695 3256 1008 3327 persolvat.
1044 3256 1188 3326 (282)

559 3345 640 3400 De
668 3360 732 3400 eo
763 3345 867 3414 qui
890 3345 1181 3400 hominem
1205 3345 1263 3399 in
1297 3345 1542 3400 ecclesia
1570 3346 1872 3413 interﬁcit.

461 3435 630 3487 XXXI.
694 3430 815 3486 Lib.
875 3449 934 3486 IV
990 3432 1330 3500 Capilular.
1390 3448 1437 3486 c.
1497 3432 1556 3487 13
1607 3451 1617 3492 ;
1678 3432 1796 3487 Lib.
1846 3450 1860 3484 1
1907 3437 2042 3506 Leg.

391 3519 647 3590 Longob.
684 3520 764 3574 tit.
799 3525 850 3588 9,
882 3523 934 3585 2,
968 3523 1056 3589 29,
1090 3524 1175 3584 30,
1203 3525 1268 3575 35
1297 3525 1351 3575 et
1383 3521 1530 3592 seq.)
1565 3521 1620 3575 Si
1649 3522 1784 3593 quis
1827 3528 1931 3578 aut
1973 3539 2046 3577 ex

390 3609 499 3663 levi
521 3625 703 3664 causa
723 3613 826 3664 aut
843 3609 970 3664 sine
992 3625 1175 3665 causa
1201 3609 1475 3664 homines
1505 3610 1564 3664 in
1593 3611 1841 3666 ecclesia
1868 3612 2045 3666 inter-

389 3697 606 3767 fecerit,
642 3697 715 3752 de
740 3698 860 3752 vita
896 3701 1236 3769 componat.
1276 3698 1330 3754 Si
1361 3714 1502 3753 vero
1530 3699 1698 3754 rixati
1740 3699 1882 3754 foris
1927 3702 2048 3756 fue-

387 3786 521 3852 rint,
546 3792 601 3842 ct
633 3804 787 3842 unus
819 3787 1069 3842 alterum
1102 3787 1160 3841 in
1193 3787 1500 3842 ecclesiam
1532 3787 1763 3859 fugerit,
1789 3794 1844 3844 et
1872 3791 1954 3844 ibi
1983 3807 2044 3844 se

388 3875 766 3931 defendendo
788 3891 926 3930 eum
956 3876 1326 3945 interfecerit,
1352 3881 1407 3931 et
1427 3877 1475 3932 si
1499 3878 1680 3948 hujus
1708 3877 1843 3933 facti
1872 3882 2046 3934 testes

388 3979 510 4018 non
541 3964 836 4032 habuerit,
875 3981 1012 4019 cum
1042 3964 1361 4019 duodecim
1395 3966 1638 4021 testibus
1666 3968 1824 4037 juret
1865 3969 2048 4038 legiti-

389 4052 504 4108 mis
535 4067 597 4106 se
617 4051 994 4107 defendendo
1012 4068 1150 4110 eum
1167 4052 1550 4124 interfecisse,
1575 4057 1630 4111 et
1651 4059 1788 4130 post
1808 4055 1937 4111 haec
1956 4073 2048 4113 so-

386 4139 541 4195 lidos
599 4145 909 4196 sexcentos
970 4141 1046 4195 ad
1091 4147 1324 4213 partem
1372 4143 1655 4214 ecclesiae,
1707 4161 1892 4217 quam
1947 4146 2046 4201 illo

388 4228 713 4284 homicidio
743 4228 1054 4302 polluerat,
1089 4233 1146 4284 et
1173 4230 1419 4304 insuper
1449 4232 1721 4290 bannum
1769 4239 2045 4290 nostrum

390 4316 614 4372 solvere
641 4321 907 4386 cogatur.
925 4322 975 4373 Is
997 4327 1138 4375 vero
1163 4319 1266 4396 qui
1307 4320 1643 4377 interfectus
1681 4327 1788 4394 est,
1813 4323 2046 4396 absque

387 4405 821 4478 compositione
856 4407 1089 4477 jaceat;
1123 4423 1192 4461 ac
1222 4407 1437 4464 deinde
1467 4409 1802 4466 interfector
1841 4428 2045 4466 secun-
2082 4397 2124 4451 Ῑ)

386 4494 534 4549 dum
559 4495 852 4574 judicium
876 4495 1232 4551 canonicum
1257 4513 1588 4565 congruam
1611 4499 1859 4556 facinori
1881 4500 2044 4576 quod

386 4583 628 4640 admisit
677 4584 1088 4656 paenitentiam
1138 4585 1408 4660 accipiat.
1466 4587 1610 4658 (283)
1664 4588 1718 4644 Si
1767 4590 2047 4662 proprius

459 4748 606 4817 (281)
642 4750 704 4822 in
745 4747 1035 4822 excerptis
1066 4749 1440 4822 e_Buchardo
1473 4750 1800 4822 quaeedita
1841 4757 1979 4806 sunt
2009 4768 2046 4808 a

389 4819 724 4893 Stervartio,
759 4819 939 4893 caput
975 4819 1134 4874 istud
1161 4819 1410 4893 refertur
1439 4819 1513 4876 ei
1541 4821 1791 4893 epistola
1827 4822 2046 4879 Nicolai

385 4903 562 4969 13.31383
592 4888 669 4946 ad
700 4888 975 4969 Catulum
1013 4891 1482 4969 Maguntiensem
1525 4888 2042 4969 archiepiscopum

387 4962 635 5031 ejusque
667 4962 1081 5030 sufl'raganeos
1110 4981 1126 5031 ;
1157 4979 1295 5020 cum
1337 4963 1399 5020 in
1431 4964 1672 5020 Decreto
1717 4962 2040 5022 Burch—ardi

388 5028 677 5105 referatur
692 5048 763 5086 ex
781 5028 1028 5105 concilio
1055 5028 1442 5101 Triburiensi,
1461 5035 1520 5090 in
1542 5052 1664 5105 quo
1686 5052 1807 5091 non
1831 5040 2040 5105 exstat,

389 5115 584 5177 neque
604 5102 785 5177 etiam
808 5103 867 5157 in
887 5105 1250 5175 Moguntino,
1265 5105 1425 5161 unde
1445 5102 1726 5162 laudatur
1746 5124 1781 5163 a
1799 5102 2044 5177 Regino-

387 5170 614 5251 ne.’Ul_ti
624 5189 722 5228 ma
741 5190 888 5251 vero.
904 5170 1478 5251 parsistius'capitis,
1496 5178 1780 5251 nimirum
1803 5170 1937 5251 quia
1960 5195 2045 5233 se-

437 5248 656 5297 uuntur
675 5248 810 5315 post
828 5244 926 5302 illa
947 5247 1130 5304 verba
1155 5244 1471 5306 extendere
1501 5250 1593 5306 vel
1621 5244 1886 5306 minuere
1941 5266 2045 5306 va-

417 5319 573 5379 cant,
605 5331 727 5389 non
758 5316 1053 5389 habentur
1081 5318 1139 5372 in
1179 5319 1538 5376 editionibus
1578 5321 1924 5389 Burchardi,
1956 5326 2041 5377 ta-

389 5401 527 5470 men
541 5390 597 5466 et
613 5386 658 5440 si
677 5387 976 5470 exstentin
998 5390 1285 5470 excerptis
1307 5391 1476 5446 editis
1497 5408 1531 5446 a
1557 5392 1860 5470 Stevartio.
1879 5386 2042 5448 Unde

389 5455 594 5538 colligi.
607 5462 810 5538 potest
837 5455 1833 5538 auctorem_istorum‘exceptorum
1864 5480 2042 5538 usum

388 5543 523 5611 esse
542 5528 746 5611 aliquo
771 5528 1751 5611 exerpplariliurchardicipeierati
1787 5535 2043 5611 vulgatis

388 5601 747 5687 editionibus
769 5601 1077 5685 ampliore.
1100 5605 1230 5686 Ilrec
1259 5619 1439 5675 porro
1470 5604 1676 5687 ultima
1704 5623 1845 5687 pars
1869 5601 2040 5687 istius

389 5675 616 5748 capitis,
641 5691 826 5747 quam
853 5675 1284 5730 admonuimus
1307 5690 1425 5731 non
1448 5680 1679 5732 exstare
1701 5675 1760 5731 in
1784 5678 2038 5747 vulgatis

2163 446 2419 504 minetur
2472 452 2670 506 utrum
2713 446 2830 500 hoc
2873 447 3081 518 sponte
3110 457 3188 498 an
3221 455 3283 500 se
3321 435 3700 497 defendendo
3746 435 3819 489 fe-

2161 534 2455 601 cisset;et
2504 535 2552 592 si
2594 550 2816 594 manus
2862 532 2991 602 ejus
3041 533 3253 586 exusta.
3298 525 3491 596 fuerit,
3537 522 3818 580 dominus

2159 624 2306 692 ejus,
2357 625 2525 692 juxta
2573 623 2733 695 quod
2784 620 3120 690 \virgildum
3164 616 3320 671 illius
3371 619 3478 682 est,
3513 612 3589 668 ad
3643 611 3819 672 eccle-

2161 713 2310 767 siam
2342 713 2674 784 persolvat:
2713 717 2834 778 aut,
2859 711 2907 765 si
2938 707 3214 774 voluerit,
3243 721 3381 762 eum
3412 702 3608 758 eidem
3641 699 3820 756 eccle-

2161 803 2261 856 siae
2296 804 2505 858 tradat.
2547 806 2621 856 De
2667 801 3064 858 emilesiastico
3096 804 3151 851 et
3193 795 3458 851 fiscalino
3493 799 3550 852 et
3595 791 3817 848 beneﬁ-

2158 892 2338 948 ciario
2375 892 2648 952 volumus
2683 896 2742 946 ut
2775 909 2879 964 pro
2915 907 3033 944 uno
3069 888 3190 941 vice
3223 882 3579 954 wirigildum
3614 897 3722 956 pro
3749 897 3817 936 eo

2158 987 2574 1058 componatur,
2632 981 2816 1034 altera
2875 981 2993 1034 vice
3051 992 3259 1031 servus
3319 972 3399 1029 ad
3456 968 3816 1046 supplicium

2161 1070 2442 1126 tradatur.
2481 1071 2797 1124 Haereditas
2846 1075 3040 1123 tamen
3090 1063 3258 1120 liberi
3313 1062 3489 1136 226
3535 1058 3812 1117 hominis.

2158 1160 2260 1231 qui
2290 1164 2532 1232 propter
2564 1159 2673 1214 tale
2706 1159 2935 1213 facinus
2967 1156 3044 1212 ad
3075 1158 3327 1210 mortem
3367 1152 3560 1206 fuerat
3584 1147 3816 1219 judica—

2157 1252 2272 1314 tus,
2323 1247 2399 1301 ad
2446 1248 2737 1314 legitimos
2788 1247 3054 1302 han-edes
3104 1243 3259 1298 illius
3309 1237 3636 1314 perveniat.
3673 1236 3728 1291 Si
3759 1235 3815 1289 in

2159 1338 2305 1391 atrio
2365 1337 2647 1404 ecclesim,
2703 1337 2873 1405 cujus
2929 1337 3100 1407 porta
3153 1330 3414 1403 reliquiis
3471 1331 3816 1382 sanctorum

2160 1431 2504 1479 consecrata
2555 1431 2661 1491 est,
2713 1422 3128 1494 hujuscemodi
3168 1416 3560 1477 homicidium
3609 1429 3815 1486 perpe-

2158 1517 2374 1568 tratum
2409 1512 2598 1576 fuerit,
2637 1512 2902 1566 similiter
2930 1513 3327 1582 componatur
3355 1510 3412 1560 et
3447 1502 3814 1560 emendetur.

2163 1604 2216 1655 S1
2261 1615 2398 1654 vero
2434 1617 2554 1654 non
2600 1606 2688 1655 est
2718 1603 3085 1663 consecrata,
3120 1596 3336 1652 eodem
3365 1593 3549 1654 modo
3579 1605 3819 1660 compo-

2090 1701 2134 1757 Β
2160 1695 2337 1743 natur
2372 1689 2523 1743 sicut
2573 1689 2855 1761 componi
2899 1687 3077 1743 debet
3127 1685 3291 1758 quod
3333 1684 3396 1739 in
3444 1679 3816 1737 immunitate

2163 1779 2378 1834 violata
2405 1779 2809 1834 committitur.

2163 1852 2242 1905 De
2272 1852 2514 1919 injuriis
2552 1851 2928 1906 sacerdotum
2961 1851 3050 1904 vel
3082 1849 3432 1904 clericorum
3472 1858 3547 1900 ea:
3594 1841 3817 1908 eodem,

2861 1937 2992 1990 cap.
3033 1923 3114 1974 14.

2233 2012 2423 2063 XXXII.
2456 2009 2600 2071 (Lib.
2639 2027 2689 2062 ιν
2719 2009 3058 2077 Capilular.
3086 2023 3135 2061 c.
3174 2009 3235 2060 14
3262 2023 3275 2066 ;
3307 2003 3407 2058 lib.
3443 2019 3478 2056 ιι
3505 2003 3646 2070 Leg.
3670 2001 3819 2053 Lon-

2157 2099 2287 2167 gob.
2318 2101 2398 2152 tit.
2435 2101 2521 2161 1+0,
2547 2113 2595 2152 c.
2619 2099 2690 2166 6.)
2720 2097 3036 2166 Sanguinis
3057 2094 3268 2151 effusio
3294 2093 3354 2148 in
3384 2089 3634 2147 eccksia
3661 2088 3816 2142 facta

2156 2204 2294 2242 cum
2326 2186 2498 2252 fuste,
2529 2188 2574 2240 si
2614 2187 2924 2258 presbyter
2954 2184 3146 2252 fuerit,
3176 2181 3350 2254 triplo
3393 2185 3814 2250 componatur,

2156 2277 2307 2331 duas
2365 2281 2562 2348 partes
2622 2276 2815 2329 eidem
2864 2274 3215 2347 presbytero
3268 2270 3438 2327 tertia
3487 2283 3600 2342 pro
3651 2265 3817 2320 fredo

2155 2366 2233 2421 ad
2248 2365 2584 2431 ecclesiam,
2608 2370 2663 2418 et
2682 2365 2925 2435 insuper
2945 2363 3187 2418 bannus
3205 2365 3424 2416 noster.
3443 2355 3726 2414 Similiter
3748 2355 3816 2408 de

2153 2456 2410 2510 diacono
2449 2455 2618 2523 juxta
2669 2452 3167 2525 compositionem
3199 2452 3327 2522 ejus
3366 2449 3426 2504 in
3469 2445 3648 2517 triplo
3676 2461 3817 2498 cum

2155 2545 2359 2600 banno
2389 2549 2593 2598 nostro
2639 2547 3052 2615 componatur.
3092 2545 3168 2596 De
3215 2538 3590 2594 subdiacono
3639 2538 3699 2588 et
3749 2533 3816 2587 de

2155 2633 2775 2704 uniuscujuscumque
2797 2631 3023 2687 ordinis
3046 2629 3257 2686 clerico
3280 2624 3614 2682 secundum
3642 2638 3815 2676 suam

2156 2721 2653 2794 compositionem
2702 2721 2760 2776 in
2801 2719 2975 2794 triplo
3023 2718 3416 2792 persolvatur,
3467 2718 3524 2770 et
3572 2713 3818 2783 insuper

2156 2791 2394 2846 bannus
2425 2799 2643 2847 noster.
2876 2791 2892 2794 ”
3026 2791 3042 2792 ί

2756 2864 2925 2934 227
2965 2865 3052 2918 De
3075 2865 3218 2918 ictu.

2227 2956 2446 3008 XXXIII.
2485 2953 2636 3019 (Lib...
2668 2970 2684 3008 1
2717 2954 3060 3022 Capilulmn
3089 2969 3138 3005 c.
3171 2954 3274 3017 14;
3307 2949 3409 3004 lib.
3435 2965 3471 3000 ιι
3503 2947 3821 3016 ιθθλιοιι-

2087 3050 2126 3104 C
2154 3041 2283 3110 gob.
2337 3040 2397 3096 tit
2442 3045 2530 3110 40,
2577 3058 2627 3098 c.
2670 3043 2748 3111 6.)
2791 3041 3063 3098 Similiter
3114 3045 3172 3098 et
3222 3039 3300 3096 de
3327 3038 3449 3095 ictu
3497 3035 3624 3094 sine
3677 3049 3816 3091 san-

2156 3130 2351 3201 guinis
2376 3131 2667 3188 eti‘usione
2693 3131 2767 3186 de
2801 3131 3400 3200 uniuscujuscunque
3429 3124 3659 3182 ordinis
3713 3123 3818 3178 cie-

2151 3220 2274 3277 rico
2304 3220 2362 3275 in
2395 3220 2568 3292 triplo
2599 3223 3016 3293 componatur,
3048 3219 3292 3291 insuper
3313 3223 3376 3276 et
3397 3216 3646 3276 bannus
3675 3230 3817 3270 nos-

2154 3315 2255 3364 ter.
2287 3312 2347 3364 Et
2375 3310 2478 3381 qui
2508 3325 2629 3365 non
2659 3309 2841 3366 habet
2863 3309 3024 3368 unde
3049 3307 3126 3364 ad
3152 3307 3464 3366 ecclesiam
3490 3303 3817 3376 persolvat,

2153 3398 2347 3454 tradat
2377 3414 2440 3454 se
2468 3399 2530 3454 in
2561 3399 2863 3456 servitium
2907 3398 3101 3459 autem
3142 3396 3406 3456 ecclesiis
3434 3411 3630 3466 usque
3668 3393 3815 3451 dim

2152 3491 2342 3542 totum
2374 3487 2644 3544 debitum
2683 3487 3002 3559 persolvat.

2151 3578 2218 3631 Si
2247 3577 2378 3646 quis
2411 3577 2692 3632 clericum
2722 3577 3164 3658 eat-spoliauerit.
3197 3575 3296 3631 Ex
3325 3573 3576 3632 conci-lio
3612 3571 3820 3626 Tribu-

2573 3678 2577 3683 ·
2885 3664 3084 3704 Υῖθηεῖ.

2226 3737 2441 3790 XXXIV.
2475 3735 2728 3804 (Concil.
2767 3736 3002 3790 Tribur.
3037 3751 3086 3792 c.
3120 3739 3196 3798 Ἰ.)
3241 3737 3308 3790 Ut
3338 3733 3387 3788 si
3412 3748 3535 3805 qua
3560 3730 3621 3786 in
3654 3729 3818 3802 ipsos

2095 3855 2098 3862 -
2153 3824 2395 3884 clericos
2425 3823 2517 3883 vel
2545 3824 2606 3880 in
2635 3823 2920 3880 ecclesias
2960 3827 3304 3896 perpetrata
3339 3823 3576 3886 fuerint,
3607 3819 3672 3879 id
3715 3823 3816 3884 est,

2151 3913 2198 3968 si
2224 3913 2360 3986 quis
2415 3913 2694 3972 clericum
2742 3912 3126 3986 expoliaverit
3145 3916 3247 3972 aut
3278 3909 3704 3975 vulnerarent,
3731 3907 3817 3963 vel

2153 4001 2421 4073 aliquam
2459 4001 2742 4074 injuriam
2773 4000 2996 4071 fecerit,
3034 4001 3301 4060 decimas
3328 4000 3587 4060 ecclesiae
3621 3997 3819 4057 tulerit

2150 4090 2242 4146 vel
2256 4090 2582 4160 retinuerit,
2595 4090 2644 4146 si
2663 4106 2785 4146 non
2807 4090 2972 4162 prius
2992 4106 3099 4164 per
3115 4090 3464 4150 saecularem
3483 4087 3815 4164 potentiam

2151 4178 2330 4250 digne
2359 4179 2726 4238 vindicatum
2757 4179 2952 4249 fuerit,
2971 4181 3296 4252 episcopus.
3316 4179 3395 4238 ad
3423 4195 3602 4235 suam
3631 4192 3818 4250 syno-

2152 4267 2300 4324 dum
2329 4268 2460 4329 illos
2490 4269 2902 4331 malefactores
2930 4274 3103 4331 vocet
3129 4273 3189 4330 et
3213 4269 3395 4339 digne
3425 4266 3730 4328 emendet.
3765 4265 3817 4322 Si

2153 4358 2617 4430 contempserint
2644 4358 2872 4427 venire,
2900 4359 3514 4418 excommunicentur.

2306 4447 2376 4507 Si
2399 4448 2532 4518 quis
2563 4449 2845 4504 cleﬁcum
2879 4447 3304 4507 verberaverit.
3331 4448 3428 4506 Ea:
3452 4447 3656 4504 eodem

2225 4538 2432 4600 XXXV.
2454 4536 2514 4592 Si
2531 4537 2670 4608 quis
2689 4536 2970 4595 clericum
3001 4536 3405 4599 verberaverit
3423 4536 3517 4592 vel
3545 4534 3819 4595 debilita-

2153 4626 2296 4688 verit
2314 4629 2418 4687 aut
2433 4625 2960 4698 inaliquobeserit,
2972 4631 3030 4682 et
3055 4625 3720 4699 canoniee'pmniteatet
3739 4623 3817 4682 ad

2153 4751 2474 4825 But-Chardi
2502 4751 2880 4825 editionibus,
2921 4753 3177 4808 habetur
3203 4752 3263 4808 in
3300 4752 3492 4825 capite
3518 4756 3596 4807 30
3617 4752 3818 4810 conci-

2151 4824 2212 4879 lii
2244 4823 2708 4879 Wormatiensis.

2219 4896 2372 4965 (282)
2405 4895 2544 4950 Vide
2572 4895 2728 4951 infra
2757 4910 2890 4966 cap.
2923 4895 3234 4966 lQO-ﬁhujus
3257 4894 3409 4956 libri.

2221 4967 2365 5036 (283)
2410 4967 2474 5020 In
2501 4965 2903 5022 vetustissimo
2932 4965 3136 5022 codice
3167 4983 3283 5026 ms.
3330 4965 3682 5022 monasterii
3719 4965 3815 5021 Ri-

2147 5037 2514 5110 vipullensis,
2546 5037 2650 5110 qui
2671 5036 2933 5110 continet
2956 5038 3181 5110 priores
3204 5037 3469 5110 quinque
3493 5037 3684 5110 libros
3712 5040 3819 5110 Ca:

2148 5107 2513 5188 pitularium,
2543 5107 2688 5188 post
2723 5108 2823 5188 illa
2867 5107 3068 5188 verba,
3115 5131 3146 5157 «-
3174 5107 3517 5188 congruam
3557 5107 3820 5188 facinori

2148 5178 2314 5251 quod
2339 5178 3032 5251 admisitpmnitentiam
3062 5179 3338 5250 accipiat,
3373 5203 3404 5230 »
3451 5179 3568 5236 ista
3611 5180 3818 5236 statim

2149 5250 2470 5324 adduntur.
2510 5274 2536 5298 α
2560 5250 2755 5324 idest,
2786 5268 2884 5324 χιιι
2915 5251 3114 5324 annis,
3140 5267 3215 5324 vn
3243 5267 3313 5324 ex
3339 5251 3436 5309 his.
3473 5251 3540 5308 in
3565 5265 3735 5324 pane
3766 5254 3823 5324 et

2149 5337 2310 5394 aqua
2355 5321 2432 5377 ad
2462 5322 2677 5378 ostium
2730 5322 2995 5394 ecclesiis
3038 5322 3380 5394 satisfaciat,
3410 5320 3684 5378 remotus
3739 5320 3822 5377 ab

2148 5393 2417 5465 oratione
2436 5397 2491 5448 et
2518 5393 2941 5450 communione
2967 5393 3234 5449 ﬁdelium
3261 5411 3272 5460 ;
3305 5398 3551 5448 caeteros
3580 5398 3822 5465 septem

2152 5464 2408 5519 societur
2436 5465 2702 5520 oratione
2730 5465 2996 5519 fidelium
3029 5485 3044 5521 :
3079 5470 3413 5536 transactos
3457 5465 3564 5536 qui
3607 5464 3824 5536 super-

2151 5540 2291 5591 sunt
2323 5552 2393 5590 vn
2416 5536 2905 5592 communionem
2933 5536 3178 5608 plenam
3189 5535 3452 5663 lperfocte
3478 5535 3821 5606 subsequa-

2151 5611 2260 5662 tur.
2297 5607 2667 5663 Abstinentia
2707 5608 2836 5663 eius
2873 5608 3227 5663 sacerdotai
3257 5606 3626 5663 providentia
3659 5610 3820 5661 tem-

2151 5611 2260 5662 tur.
2297 5607 2667 5663 Abstinentia
2707 5608 2836 5677 ejus
2873 5606 3227 5664 sacerdotali
3257 5606 3626 5679 providentia
3659 5610 3820 5661 tem-

2148 5683 2402 5750 peretur.
2437 5680 2493 5736 Si
2524 5679 2799 5750 proprius
2834 5695 3063 5749 servus,
3093 5703 3116 5728 ››
3149 5685 3258 5736 etc.
