  <div class='ocr_page' id='page_1' title='image "/cluster/home/n/w/nwhite01/storage/ocr_20150623/132/hvd.32044054759931/152.png"; bbox 0 0 4044 6196; ppageno 0'>
   <div class='ocr_carea' id='block_1_1' title="bbox 239 174 2701 296">
    <p class='ocr_par' dir='ltr' id='par_1_1' title="bbox 239 174 2701 296">
     <span class='ocr_line' id='line_1_1' title="bbox 239 174 2701 296; baseline 0.011 -28"><span class='ocrx_word' id='word_1_1' title='bbox 239 216 332 269; x_wconf 68' lang='lat' dir='ltr'><strong>iss</strong></span> <span class='ocrx_word' id='word_1_2' title='bbox 824 174 837 179; x_wconf 10' lang='lat' dir='ltr'><strong>i</strong></span> <span class='ocrx_word' id='word_1_3' title='bbox 903 183 908 187; x_wconf 41' lang='grc'><strong>⁷</strong></span> <span class='ocrx_word' id='word_1_4' title='bbox 1182 224 1271 276; x_wconf 88' lang='lat' dir='ltr'><strong>DE</strong></span> <span class='ocrx_word' id='word_1_5' title='bbox 1310 224 1908 289; x_wconf 52' lang='grc' dir='ltr'><strong>Εοοιιζεμυιεοιριη</strong></span> <span class='ocrx_word' id='word_1_6' title='bbox 1953 226 2135 283; x_wconf 73' lang='lat' dir='ltr'><strong>LIBRI</strong></span> <span class='ocrx_word' id='word_1_7' title='bbox 2173 230 2335 288; x_wconf 79' lang='lat' dir='ltr'><strong>uno.</strong></span> <span class='ocrx_word' id='word_1_8' title='bbox 2362 266 2433 277; x_wconf 86' lang='grc'><strong>-</strong></span> <span class='ocrx_word' id='word_1_9' title='bbox 2464 239 2592 294; x_wconf 78' lang='lat' dir='ltr'><strong>ue.</strong></span> <span class='ocrx_word' id='word_1_10' title='bbox 2635 239 2701 296; x_wconf 81' lang='grc' dir='ltr'><strong>ιι.</strong></span> 
     </span>
    </p>
   </div>
   <div class='ocr_carea' id='block_1_2' title="bbox 3539 260 3645 318">
    <p class='ocr_par' dir='ltr' id='par_1_2' title="bbox 3539 260 3645 318">
     <span class='ocr_line' id='line_1_2' title="bbox 3539 260 3645 318; baseline 0.038 -3"><span class='ocrx_word' id='word_1_11' title='bbox 3539 260 3645 318; x_wconf 72' lang='grc'><strong>294</strong></span> 
     </span>
    </p>
   </div>
   <div class='ocr_carea' id='block_1_3' title="bbox 246 335 3645 448">
    <p class='ocr_par' dir='ltr' id='par_1_3' title="bbox 246 335 3645 448">
     <span class='ocr_line' id='line_1_3' title="bbox 246 335 3645 448; baseline 0.017 -64"><span class='ocrx_word' id='word_1_12' title='bbox 246 337 415 403; x_wconf 79' lang='lat' dir='ltr'><strong>legam</strong></span> <span class='ocrx_word' id='word_1_13' title='bbox 442 335 731 403; x_wconf 85' lang='lat' dir='ltr'><strong>emendet,</strong></span> <span class='ocrx_word' id='word_1_14' title='bbox 754 338 929 407; x_wconf 83' lang='lat' dir='ltr'><strong>juxta</strong></span> <span class='ocrx_word' id='word_1_15' title='bbox 956 343 1122 412; x_wconf 87' lang='lat' dir='ltr'><strong>quod</strong></span> <span class='ocrx_word' id='word_1_16' title='bbox 1148 344 1209 400; x_wconf 90' lang='lat' dir='ltr'><strong>in</strong></span> <span class='ocrx_word' id='word_1_17' title='bbox 1236 347 1558 421; x_wconf 84' lang='lat' dir='ltr'><strong>Capituiari</strong></span> <span class='ocrx_word' id='word_1_18' title='bbox 1588 351 1874 423; x_wconf 83' lang='lat' dir='ltr'><strong>scriptum</strong></span> <span class='ocrx_word' id='word_1_19' title='bbox 1906 351 1955 402; x_wconf 74' lang='grc' dir='ltr'><strong>Α</strong></span> <span class='ocrx_word' id='word_1_20' title='bbox 1987 368 2038 406; x_wconf 90' lang='lat' dir='ltr'><strong>c.</strong></span> <span class='ocrx_word' id='word_1_21' title='bbox 2070 356 2160 425; x_wconf 80' lang='lat'><strong>8.)</strong></span> <span class='ocrx_word' id='word_1_22' title='bbox 2174 357 2284 420; x_wconf 82' lang='lat' dir='ltr'><strong>Qui</strong></span> <span class='ocrx_word' id='word_1_23' title='bbox 2314 361 2685 448; x_wconf 73' lang='lat' dir='ltr'><strong>sacerdotem</strong></span> <span class='ocrx_word' id='word_1_24' title='bbox 2712 367 3049 428; x_wconf 85' lang='lat' dir='ltr'><strong>voluntarie</strong></span> <span class='ocrx_word' id='word_1_25' title='bbox 3074 376 3371 448; x_wconf 75' lang='lat' dir='ltr'><strong>occiderit,</strong></span> <span class='ocrx_word' id='word_1_26' title='bbox 3400 398 3645 441; x_wconf 89' lang='lat' dir='ltr'><strong>carnem</strong></span> 
     </span>
    </p>
   </div>
   <div class='ocr_carea' id='block_1_4' title="bbox 246 429 1630 569">
    <p class='ocr_par' dir='ltr' id='par_1_4' title="bbox 246 429 1630 569">
     <span class='ocr_line' id='line_1_4' title="bbox 246 429 1630 569; baseline 0.022 -29"><span class='ocrx_word' id='word_1_27' title='bbox 246 429 341 479; x_wconf 41' lang='lat' dir='ltr'><strong>agt.</strong></span> <span class='ocrx_word' id='word_1_28' title='bbox 453 496 539 551; x_wconf 82' lang='lat' dir='ltr'><strong>De</strong></span> <span class='ocrx_word' id='word_1_29' title='bbox 561 497 763 555; x_wconf 79' lang='lat' dir='ltr'><strong>eadem</strong></span> <span class='ocrx_word' id='word_1_30' title='bbox 789 515 871 559; x_wconf 81' lang='lat' dir='ltr'><strong>re.</strong></span> <span class='ocrx_word' id='word_1_31' title='bbox 904 502 1005 559; x_wconf 70' lang='lat' dir='ltr'><strong>Ea:</strong></span> <span class='ocrx_word' id='word_1_32' title='bbox 1034 507 1287 567; x_wconf 78' lang='lat' dir='ltr'><strong>concilio</strong></span> <span class='ocrx_word' id='word_1_33' title='bbox 1324 510 1630 569; x_wconf 76' lang='lat' dir='ltr'><strong>Toietanc.</strong></span> 
     </span>
    </p>
   </div>
   <div class='ocr_carea' id='block_1_5' title="bbox 306 583 1877 674">
    <p class='ocr_par' dir='ltr' id='par_1_5' title="bbox 306 583 1877 674">
     <span class='ocr_line' id='line_1_5' title="bbox 306 583 1877 674; baseline 0.015 -39"><span class='ocrx_word' id='word_1_34' title='bbox 306 583 529 637; x_wconf 70' lang='lat' dir='ltr'><strong>XXXVI.</strong></span> <span class='ocrx_word' id='word_1_35' title='bbox 564 584 817 653; x_wconf 86' lang='lat' dir='ltr'><strong>(Concil.</strong></span> <span class='ocrx_word' id='word_1_36' title='bbox 853 591 1035 646; x_wconf 83' lang='lat' dir='ltr'><strong>Tolet.</strong></span> <span class='ocrx_word' id='word_1_37' title='bbox 1082 611 1120 659; x_wconf 91' lang='lat'><strong>1,</strong></span> <span class='ocrx_word' id='word_1_38' title='bbox 1156 611 1207 649; x_wconf 94' lang='lat' dir='ltr'><strong>c.</strong></span> <span class='ocrx_word' id='word_1_39' title='bbox 1248 600 1357 667; x_wconf 81' lang='grc' dir='ltr'><strong>Η.)</strong></span> <span class='ocrx_word' id='word_1_40' title='bbox 1406 599 1461 655; x_wconf 78' lang='lat' dir='ltr'><strong>Si</strong></span> <span class='ocrx_word' id='word_1_41' title='bbox 1502 601 1638 672; x_wconf 86' lang='lat' dir='ltr'><strong>quis</strong></span> <span class='ocrx_word' id='word_1_42' title='bbox 1668 602 1740 657; x_wconf 81' lang='lat' dir='ltr'><strong>de</strong></span> <span class='ocrx_word' id='word_1_43' title='bbox 1773 618 1877 674; x_wconf 88' lang='lat' dir='ltr'><strong>po-</strong></span> 
     </span>
    </p>
   </div>
   <div class='ocr_carea' id='block_1_6' title="bbox 242 671 1879 762">
    <p class='ocr_par' dir='ltr' id='par_1_6' title="bbox 242 671 1879 762">
     <span class='ocr_line' id='line_1_6' title="bbox 242 671 1879 762; baseline 0.011 -35"><span class='ocrx_word' id='word_1_44' title='bbox 242 671 471 727; x_wconf 84' lang='lat' dir='ltr'><strong>tentibus</strong></span> <span class='ocrx_word' id='word_1_45' title='bbox 501 671 780 733; x_wconf 80' lang='lat' dir='ltr'><strong>clericum</strong></span> <span class='ocrx_word' id='word_1_46' title='bbox 833 684 937 739; x_wconf 82' lang='lat' dir='ltr'><strong>aut</strong></span> <span class='ocrx_word' id='word_1_47' title='bbox 984 681 1331 752; x_wconf 78' lang='lat' dir='ltr'><strong>religiosum</strong></span> <span class='ocrx_word' id='word_1_48' title='bbox 1360 671 1791 762; x_wconf 49' lang='lat' dir='ltr'><strong>exspoliaverit:</strong></span> <span class='ocrx_word' id='word_1_49' title='bbox 1821 696 1879 746; x_wconf 90' lang='lat' dir='ltr'><strong>et</strong></span> 
     </span>
    </p>
   </div>
   <div class='ocr_carea' id='block_1_7' title="bbox 238 759 1879 841">
    <p class='ocr_par' dir='ltr' id='par_1_7' title="bbox 238 759 1879 841">
     <span class='ocr_line' id='line_1_7' title="bbox 238 759 1879 841; baseline 0.012 -27"><span class='ocrx_word' id='word_1_50' title='bbox 238 759 533 833; x_wconf 80' lang='lat' dir='ltr'><strong>episcopus</strong></span> <span class='ocrx_word' id='word_1_51' title='bbox 564 764 938 823; x_wconf 83' lang='lat' dir='ltr'><strong>mandaverit</strong></span> <span class='ocrx_word' id='word_1_52' title='bbox 968 785 1107 825; x_wconf 90' lang='lat' dir='ltr'><strong>eum</strong></span> <span class='ocrx_word' id='word_1_53' title='bbox 1138 772 1217 828; x_wconf 90' lang='lat' dir='ltr'><strong>ad</strong></span> <span class='ocrx_word' id='word_1_54' title='bbox 1257 790 1318 829; x_wconf 88' lang='lat' dir='ltr'><strong>se</strong></span> <span class='ocrx_word' id='word_1_55' title='bbox 1348 759 1553 837; x_wconf 82' lang='lat' dir='ltr'><strong>venire</strong></span> <span class='ocrx_word' id='word_1_56' title='bbox 1581 783 1642 833; x_wconf 91' lang='lat' dir='ltr'><strong>nt</strong></span> <span class='ocrx_word' id='word_1_57' title='bbox 1669 779 1879 841; x_wconf 83' lang='lat' dir='ltr'><strong>audia-</strong></span> 
     </span>
    </p>
   </div>
   <div class='ocr_carea' id='block_1_8' title="bbox 239 852 1874 940">
    <p class='ocr_par' dir='ltr' id='par_1_8' title="bbox 239 852 1874 940">
     <span class='ocr_line' id='line_1_8' title="bbox 239 852 1874 940; baseline 0.015 -38"><span class='ocrx_word' id='word_1_58' title='bbox 239 852 338 917; x_wconf 89' lang='lat' dir='ltr'><strong>tur,</strong></span> <span class='ocrx_word' id='word_1_59' title='bbox 368 853 420 902; x_wconf 86' lang='lat' dir='ltr'><strong>et</strong></span> <span class='ocrx_word' id='word_1_60' title='bbox 465 853 910 925; x_wconf 74' lang='lat' dir='ltr'><strong>contempserit,</strong></span> <span class='ocrx_word' id='word_1_61' title='bbox 940 855 999 913; x_wconf 89' lang='lat' dir='ltr'><strong>in</strong></span> <span class='ocrx_word' id='word_1_62' title='bbox 1038 858 1291 923; x_wconf 83' lang='lat' dir='ltr'><strong>invicem</strong></span> <span class='ocrx_word' id='word_1_63' title='bbox 1324 879 1465 925; x_wconf 78' lang='lat' dir='ltr'><strong>mox</strong></span> <span class='ocrx_word' id='word_1_64' title='bbox 1497 866 1715 940; x_wconf 83' lang='lat' dir='ltr'><strong>scripta</strong></span> <span class='ocrx_word' id='word_1_65' title='bbox 1745 884 1874 940; x_wconf 82' lang='lat' dir='ltr'><strong>per-</strong></span> 
     </span>
    </p>
   </div>
   <div class='ocr_carea' id='block_1_9' title="bbox 236 943 1876 1029">
    <p class='ocr_par' dir='ltr' id='par_1_9' title="bbox 236 943 1876 1029">
     <span class='ocr_line' id='line_1_9' title="bbox 236 943 1876 1029; baseline 0.015 -40"><span class='ocrx_word' id='word_1_66' title='bbox 236 943 454 992; x_wconf 87' lang='lat' dir='ltr'><strong>currant</strong></span> <span class='ocrx_word' id='word_1_67' title='bbox 475 954 586 1009; x_wconf 90' lang='lat' dir='ltr'><strong>per</strong></span> <span class='ocrx_word' id='word_1_68' title='bbox 616 957 829 997; x_wconf 89' lang='lat' dir='ltr'><strong>omnes</strong></span> <span class='ocrx_word' id='word_1_69' title='bbox 857 946 1178 1016; x_wconf 74' lang='lat' dir='ltr'><strong>provincias</strong></span> <span class='ocrx_word' id='word_1_70' title='bbox 1204 952 1543 1026; x_wconf 77' lang='lat' dir='ltr'><strong>episcopos,</strong></span> <span class='ocrx_word' id='word_1_71' title='bbox 1576 973 1876 1029; x_wconf 81' lang='lat' dir='ltr'><strong>quoscun-</strong></span> 
     </span>
    </p>
   </div>
   <div class='ocr_carea' id='block_1_10' title="bbox 234 1026 1873 1105">
    <p class='ocr_par' dir='ltr' id='par_1_10' title="bbox 234 1026 1873 1105">
     <span class='ocr_line' id='line_1_10' title="bbox 234 1026 1873 1105; baseline 0.013 -23"><span class='ocrx_word' id='word_1_72' title='bbox 234 1042 335 1098; x_wconf 86' lang='lat' dir='ltr'><strong>que</strong></span> <span class='ocrx_word' id='word_1_73' title='bbox 363 1026 536 1099; x_wconf 77' lang='grc'><strong>228</strong></span> <span class='ocrx_word' id='word_1_74' title='bbox 557 1028 723 1085; x_wconf 90' lang='lat' dir='ltr'><strong>adire</strong></span> <span class='ocrx_word' id='word_1_75' title='bbox 748 1035 1066 1105; x_wconf 78' lang='lat' dir='ltr'><strong>potuerint,</strong></span> <span class='ocrx_word' id='word_1_76' title='bbox 1096 1044 1159 1095; x_wconf 90' lang='lat' dir='ltr'><strong>ut</strong></span> <span class='ocrx_word' id='word_1_77' title='bbox 1187 1026 1745 1101; x_wconf 77' lang='lat' dir='ltr'><strong>excommunicatus</strong></span> <span class='ocrx_word' id='word_1_78' title='bbox 1770 1047 1873 1103; x_wconf 84' lang='lat' dir='ltr'><strong>ba-</strong></span> 
     </span>
    </p>
   </div>
   <div class='ocr_carea' id='block_1_11' title="bbox 236 1116 1515 1188">
    <p class='ocr_par' dir='ltr' id='par_1_11' title="bbox 236 1116 1515 1188">
     <span class='ocr_line' id='line_1_11' title="bbox 236 1116 1515 1188; baseline 0.016 -20"><span class='ocrx_word' id='word_1_79' title='bbox 236 1116 421 1170; x_wconf 85' lang='lat' dir='ltr'><strong>bcatur</strong></span> <span class='ocrx_word' id='word_1_80' title='bbox 448 1116 643 1171; x_wconf 89' lang='lat' dir='ltr'><strong>donec</strong></span> <span class='ocrx_word' id='word_1_81' title='bbox 675 1119 953 1177; x_wconf 79' lang='lat' dir='ltr'><strong>audiatur</strong></span> <span class='ocrx_word' id='word_1_82' title='bbox 980 1129 1036 1180; x_wconf 92' lang='lat' dir='ltr'><strong>et</strong></span> <span class='ocrx_word' id='word_1_83' title='bbox 1065 1126 1274 1183; x_wconf 77' lang='lat' dir='ltr'><strong>reddat</strong></span> <span class='ocrx_word' id='word_1_84' title='bbox 1302 1130 1515 1188; x_wconf 87' lang='lat' dir='ltr'><strong>aliena.</strong></span> 
     </span>
    </p>
   </div>
   <div class='ocr_carea' id='block_1_12' title="bbox 326 1205 1769 1280">
    <p class='ocr_par' dir='ltr' id='par_1_12' title="bbox 326 1205 1769 1280">
     <span class='ocr_line' id='line_1_12' title="bbox 326 1205 1769 1280; baseline 0.017 -23"><span class='ocrx_word' id='word_1_85' title='bbox 326 1205 404 1259; x_wconf 83' lang='lat' dir='ltr'><strong>De</strong></span> <span class='ocrx_word' id='word_1_86' title='bbox 422 1221 634 1275; x_wconf 79' lang='lat' dir='ltr'><strong>pugna</strong></span> <span class='ocrx_word' id='word_1_87' title='bbox 664 1214 721 1263; x_wconf 81' lang='lat' dir='ltr'><strong>et</strong></span> <span class='ocrx_word' id='word_1_88' title='bbox 742 1208 1059 1270; x_wconf 78' lang='lat' dir='ltr'><strong>homicidio</strong></span> <span class='ocrx_word' id='word_1_89' title='bbox 1086 1216 1147 1271; x_wconf 84' lang='lat' dir='ltr'><strong>in</strong></span> <span class='ocrx_word' id='word_1_90' title='bbox 1180 1220 1336 1273; x_wconf 72' lang='lat' dir='ltr'><strong>atrio</strong></span> <span class='ocrx_word' id='word_1_91' title='bbox 1368 1224 1645 1280; x_wconf 68' lang='lat' dir='ltr'><strong>eccleszaz.</strong></span> <span class='ocrx_word' id='word_1_92' title='bbox 1670 1227 1769 1280; x_wconf 61' lang='lat' dir='ltr'><strong>Em</strong></span> 
     </span>
    </p>
   </div>
   <div class='ocr_carea' id='block_1_13' title="bbox 700 1283 1383 1345">
    <p class='ocr_par' dir='ltr' id='par_1_13' title="bbox 700 1283 1383 1345">
     <span class='ocr_line' id='line_1_13' title="bbox 700 1283 1383 1345; baseline 0.018 -12"><span class='ocrx_word' id='word_1_93' title='bbox 700 1283 952 1337; x_wconf 83' lang='lat' dir='ltr'><strong>concilio</strong></span> <span class='ocrx_word' id='word_1_94' title='bbox 996 1286 1383 1345; x_wconf 75' lang='lat' dir='ltr'><strong>Triburicnsi.</strong></span> 
     </span>
    </p>
   </div>
   <div class='ocr_carea' id='block_1_14' title="bbox 294 1363 1869 1446">
    <p class='ocr_par' dir='ltr' id='par_1_14' title="bbox 294 1363 1869 1446">
     <span class='ocr_line' id='line_1_14' title="bbox 294 1363 1869 1446; baseline 0.015 -29"><span class='ocrx_word' id='word_1_95' title='bbox 294 1363 551 1421; x_wconf 76' lang='lat' dir='ltr'><strong>XXXVII.</strong></span> <span class='ocrx_word' id='word_1_96' title='bbox 587 1366 842 1437; x_wconf 82' lang='lat' dir='ltr'><strong>(Concil.</strong></span> <span class='ocrx_word' id='word_1_97' title='bbox 883 1373 1120 1430; x_wconf 79' lang='lat' dir='ltr'><strong>Tribur.</strong></span> <span class='ocrx_word' id='word_1_98' title='bbox 1154 1391 1204 1431; x_wconf 91' lang='lat' dir='ltr'><strong>c.</strong></span> <span class='ocrx_word' id='word_1_99' title='bbox 1239 1380 1293 1446; x_wconf 76' lang='grc'><strong>4,</strong></span> <span class='ocrx_word' id='word_1_100' title='bbox 1318 1382 1379 1435; x_wconf 82' lang='grc'><strong>6;</strong></span> <span class='ocrx_word' id='word_1_101' title='bbox 1417 1384 1743 1440; x_wconf 72' lang='lat' dir='ltr'><strong>BI&#39;RCHARI).</strong></span> <span class='ocrx_word' id='word_1_102' title='bbox 1768 1385 1869 1440; x_wconf 88' lang='lat' dir='ltr'><strong>lib.</strong></span> 
     </span>
    </p>
   </div>
   <div class='ocr_carea' id='block_1_15' title="bbox 228 1453 1870 1542">
    <p class='ocr_par' dir='ltr' id='par_1_15' title="bbox 228 1453 1870 1542">
     <span class='ocr_line' id='line_1_15' title="bbox 228 1453 1870 1542; baseline 0.018 -39"><span class='ocrx_word' id='word_1_103' title='bbox 228 1468 302 1520; x_wconf 83' lang='grc' dir='ltr'>ιιι,</span> <span class='ocrx_word' id='word_1_104' title='bbox 333 1469 380 1506; x_wconf 91' lang='lat' dir='ltr'><strong>c.</strong></span> <span class='ocrx_word' id='word_1_105' title='bbox 418 1453 558 1525; x_wconf 72' lang='grc'>195.)</span> <span class='ocrx_word' id='word_1_106' title='bbox 585 1456 639 1510; x_wconf 86' lang='lat' dir='ltr'><strong>Si</strong></span> <span class='ocrx_word' id='word_1_107' title='bbox 670 1458 807 1529; x_wconf 84' lang='lat' dir='ltr'><strong>quis</strong></span> <span class='ocrx_word' id='word_1_108' title='bbox 842 1459 900 1514; x_wconf 92' lang='lat' dir='ltr'><strong>in</strong></span> <span class='ocrx_word' id='word_1_109' title='bbox 931 1463 1080 1519; x_wconf 89' lang='lat' dir='ltr'><strong>atrio</strong></span> <span class='ocrx_word' id='word_1_110' title='bbox 1119 1466 1381 1523; x_wconf 83' lang='lat' dir='ltr'><strong>ecclesiae</strong></span> <span class='ocrx_word' id='word_1_111' title='bbox 1410 1487 1682 1542; x_wconf 80' lang='lat' dir='ltr'><strong>pugnam</strong></span> <span class='ocrx_word' id='word_1_112' title='bbox 1713 1491 1870 1530; x_wconf 90' lang='lat' dir='ltr'><strong>com-</strong></span> 
     </span>
    </p>
   </div>
   <div class='ocr_carea' id='block_1_16' title="bbox 223 1543 1870 1632">
    <p class='ocr_par' dir='ltr' id='par_1_16' title="bbox 223 1543 1870 1632">
     <span class='ocr_line' id='line_1_16' title="bbox 223 1543 1870 1632; baseline 0.016 -38"><span class='ocrx_word' id='word_1_113' title='bbox 223 1543 383 1597; x_wconf 88' lang='lat' dir='ltr'><strong>mittit</strong></span> <span class='ocrx_word' id='word_1_114' title='bbox 411 1551 512 1599; x_wconf 82' lang='lat' dir='ltr'><strong>aut</strong></span> <span class='ocrx_word' id='word_1_115' title='bbox 556 1546 969 1617; x_wconf 87' lang='lat' dir='ltr'><strong>homicidium,</strong></span> <span class='ocrx_word' id='word_1_116' title='bbox 1003 1554 1301 1628; x_wconf 86' lang='lat' dir='ltr'><strong>quidquid</strong></span> <span class='ocrx_word' id='word_1_117' title='bbox 1353 1576 1462 1632; x_wconf 90' lang='lat' dir='ltr'><strong>pro</strong></span> <span class='ocrx_word' id='word_1_118' title='bbox 1495 1563 1870 1623; x_wconf 89' lang='lat' dir='ltr'><strong>immunitate</strong></span> 
     </span>
    </p>
   </div>
   <div class='ocr_carea' id='block_1_17' title="bbox 218 1629 1848 1726">
    <p class='ocr_par' dir='ltr' id='par_1_17' title="bbox 218 1629 1848 1726">
     <span class='ocr_line' id='line_1_17' title="bbox 218 1629 1848 1726; baseline 0.016 -43"><span class='ocrx_word' id='word_1_119' title='bbox 218 1629 419 1686; x_wconf 79' lang='lat' dir='ltr'><strong>violata</strong></span> <span class='ocrx_word' id='word_1_120' title='bbox 472 1636 926 1694; x_wconf 83' lang='lat' dir='ltr'><strong>emendandum</strong></span> <span class='ocrx_word' id='word_1_121' title='bbox 963 1647 1068 1709; x_wconf 89' lang='lat' dir='ltr'><strong>est,</strong></span> <span class='ocrx_word' id='word_1_122' title='bbox 1112 1644 1320 1701; x_wconf 86' lang='lat' dir='ltr'><strong>altario</strong></span> <span class='ocrx_word' id='word_1_123' title='bbox 1357 1629 1627 1707; x_wconf 76' lang='lat' dir='ltr'><strong>solvatur</strong></span> <span class='ocrx_word' id='word_1_124' title='bbox 1677 1655 1848 1726; x_wconf 87' lang='lat' dir='ltr'><strong>cujus</strong></span> 
     </span>
    </p>
   </div>
   <div class='ocr_carea' id='block_1_18' title="bbox 214 1723 948 1791">
    <p class='ocr_par' dir='ltr' id='par_1_18' title="bbox 214 1723 948 1791">
     <span class='ocr_line' id='line_1_18' title="bbox 214 1723 948 1791; baseline 0.018 -20"><span class='ocrx_word' id='word_1_125' title='bbox 214 1734 440 1791; x_wconf 83' lang='lat' dir='ltr'><strong>cunque</strong></span> <span class='ocrx_word' id='word_1_126' title='bbox 468 1723 649 1779; x_wconf 82' lang='lat' dir='ltr'><strong>fuerit</strong></span> <span class='ocrx_word' id='word_1_127' title='bbox 680 1726 948 1783; x_wconf 85' lang='lat' dir='ltr'><strong>ecclesia.</strong></span> 
     </span>
    </p>
   </div>
   <div class='ocr_carea' id='block_1_19' title="bbox 486 1812 1582 1885">
    <p class='ocr_par' dir='ltr' id='par_1_19' title="bbox 486 1812 1582 1885">
     <span class='ocr_line' id='line_1_19' title="bbox 486 1812 1582 1885; baseline 0.013 -18"><span class='ocrx_word' id='word_1_128' title='bbox 486 1812 581 1868; x_wconf 86' lang='lat' dir='ltr'><strong>De</strong></span> <span class='ocrx_word' id='word_1_129' title='bbox 606 1830 814 1885; x_wconf 80' lang='lat' dir='ltr'><strong>pugna</strong></span> <span class='ocrx_word' id='word_1_130' title='bbox 845 1819 907 1872; x_wconf 83' lang='lat' dir='ltr'><strong>in</strong></span> <span class='ocrx_word' id='word_1_131' title='bbox 937 1822 1204 1878; x_wconf 80' lang='lat' dir='ltr'><strong>ecclesia.</strong></span> <span class='ocrx_word' id='word_1_132' title='bbox 1239 1825 1338 1882; x_wconf 73' lang='lat' dir='ltr'><strong>Ex</strong></span> <span class='ocrx_word' id='word_1_133' title='bbox 1364 1829 1582 1885; x_wconf 75' lang='lat' dir='ltr'><strong>eodeni.</strong></span> 
     </span>
    </p>
   </div>
   <div class='ocr_carea' id='block_1_20' title="bbox 272 1900 1870 1977">
    <p class='ocr_par' dir='ltr' id='par_1_20' title="bbox 272 1900 1870 1977">
     <span class='ocr_line' id='line_1_20' title="bbox 272 1900 1870 1977; baseline 0.016 -25"><span class='ocrx_word' id='word_1_134' title='bbox 272 1900 562 1956; x_wconf 76' lang='lat' dir='ltr'><strong>XXXVIII.</strong></span> <span class='ocrx_word' id='word_1_135' title='bbox 608 1904 664 1959; x_wconf 91' lang='lat' dir='ltr'><strong>Si</strong></span> <span class='ocrx_word' id='word_1_136' title='bbox 693 1904 826 1975; x_wconf 85' lang='lat' dir='ltr'><strong>quis</strong></span> <span class='ocrx_word' id='word_1_137' title='bbox 856 1906 914 1961; x_wconf 93' lang='lat' dir='ltr'><strong>in</strong></span> <span class='ocrx_word' id='word_1_138' title='bbox 949 1909 1199 1967; x_wconf 85' lang='lat' dir='ltr'><strong>ecclesia</strong></span> <span class='ocrx_word' id='word_1_139' title='bbox 1238 1913 1518 1971; x_wconf 79' lang='lat' dir='ltr'><strong>clericum</strong></span> <span class='ocrx_word' id='word_1_140' title='bbox 1566 1919 1718 1974; x_wconf 84' lang='lat' dir='ltr'><strong>fuste</strong></span> <span class='ocrx_word' id='word_1_141' title='bbox 1767 1926 1870 1977; x_wconf 89' lang='lat' dir='ltr'><strong>aut</strong></span> 
     </span>
    </p>
   </div>
   <div class='ocr_carea' id='block_1_21' title="bbox 207 1986 1867 2074">
    <p class='ocr_par' dir='ltr' id='par_1_21' title="bbox 207 1986 1867 2074">
     <span class='ocr_line' id='line_1_21' title="bbox 207 1986 1867 2074; baseline 0.016 -34"><span class='ocrx_word' id='word_1_142' title='bbox 207 1986 403 2055; x_wconf 81' lang='lat' dir='ltr'><strong>gladio</strong></span> <span class='ocrx_word' id='word_1_143' title='bbox 433 1993 816 2061; x_wconf 80' lang='lat' dir='ltr'><strong>percusserit,</strong></span> <span class='ocrx_word' id='word_1_144' title='bbox 852 2001 914 2050; x_wconf 91' lang='lat' dir='ltr'><strong>ut</strong></span> <span class='ocrx_word' id='word_1_145' title='bbox 963 2001 1210 2067; x_wconf 78' lang='lat' dir='ltr'><strong>sanguis</strong></span> <span class='ocrx_word' id='word_1_146' title='bbox 1264 2010 1453 2074; x_wconf 85' lang='lat' dir='ltr'><strong>exeat,</strong></span> <span class='ocrx_word' id='word_1_147' title='bbox 1485 2007 1577 2062; x_wconf 93' lang='lat' dir='ltr'><strong>vel</strong></span> <span class='ocrx_word' id='word_1_148' title='bbox 1624 2008 1699 2064; x_wconf 91' lang='lat' dir='ltr'><strong>de</strong></span> <span class='ocrx_word' id='word_1_149' title='bbox 1746 2009 1867 2066; x_wconf 90' lang='lat' dir='ltr'><strong>ictu</strong></span> 
     </span>
    </p>
   </div>
   <div class='ocr_carea' id='block_1_22' title="bbox 205 2075 1867 2170">
    <p class='ocr_par' dir='ltr' id='par_1_22' title="bbox 205 2075 1867 2170">
     <span class='ocr_line' id='line_1_22' title="bbox 205 2075 1867 2170; baseline 0.016 -41"><span class='ocrx_word' id='word_1_150' title='bbox 205 2075 325 2130; x_wconf 87' lang='lat' dir='ltr'><strong>sine</strong></span> <span class='ocrx_word' id='word_1_151' title='bbox 356 2078 656 2136; x_wconf 82' lang='lat' dir='ltr'><strong>eifusione</strong></span> <span class='ocrx_word' id='word_1_152' title='bbox 697 2086 1027 2155; x_wconf 83' lang='lat' dir='ltr'><strong>sanguinis,</strong></span> <span class='ocrx_word' id='word_1_153' title='bbox 1056 2087 1229 2159; x_wconf 83' lang='lat' dir='ltr'><strong>juxta</strong></span> <span class='ocrx_word' id='word_1_154' title='bbox 1258 2094 1422 2163; x_wconf 89' lang='lat' dir='ltr'><strong>quod</strong></span> <span class='ocrx_word' id='word_1_155' title='bbox 1454 2096 1512 2150; x_wconf 90' lang='lat' dir='ltr'><strong>in</strong></span> <span class='ocrx_word' id='word_1_156' title='bbox 1543 2096 1867 2170; x_wconf 75' lang='lat' dir='ltr'><strong>(‘apitulari</strong></span> 
     </span>
    </p>
   </div>
   <div class='ocr_carea' id='block_1_23' title="bbox 205 2164 1863 2256">
    <p class='ocr_par' dir='ltr' id='par_1_23' title="bbox 205 2164 1863 2256">
     <span class='ocr_line' id='line_1_23' title="bbox 205 2164 1863 2256; baseline 0.016 -39"><span class='ocrx_word' id='word_1_157' title='bbox 205 2164 495 2237; x_wconf 87' lang='lat' dir='ltr'><strong>scriptum</strong></span> <span class='ocrx_word' id='word_1_158' title='bbox 546 2175 637 2225; x_wconf 89' lang='lat' dir='ltr'><strong>est</strong></span> <span class='ocrx_word' id='word_1_159' title='bbox 675 2181 1094 2245; x_wconf 87' lang='lat' dir='ltr'><strong>componatur,</strong></span> <span class='ocrx_word' id='word_1_160' title='bbox 1127 2177 1186 2233; x_wconf 91' lang='lat' dir='ltr'><strong>id</strong></span> <span class='ocrx_word' id='word_1_161' title='bbox 1217 2186 1324 2249; x_wconf 91' lang='lat' dir='ltr'><strong>est,</strong></span> <span class='ocrx_word' id='word_1_162' title='bbox 1356 2182 1414 2237; x_wconf 92' lang='lat' dir='ltr'><strong>in</strong></span> <span class='ocrx_word' id='word_1_163' title='bbox 1446 2184 1621 2256; x_wconf 88' lang='lat' dir='ltr'><strong>tripIo</strong></span> <span class='ocrx_word' id='word_1_164' title='bbox 1651 2203 1863 2243; x_wconf 89' lang='lat' dir='ltr'><strong>secun-</strong></span> 
     </span>
    </p>
   </div>
   <div class='ocr_carea' id='block_1_24' title="bbox 199 2253 1307 2337">
    <p class='ocr_par' dir='ltr' id='par_1_24' title="bbox 199 2253 1307 2337">
     <span class='ocr_line' id='line_1_24' title="bbox 199 2253 1307 2337; baseline 0.016 -32"><span class='ocrx_word' id='word_1_165' title='bbox 199 2253 340 2309; x_wconf 82' lang='lat' dir='ltr'><strong>dum</strong></span> <span class='ocrx_word' id='word_1_166' title='bbox 370 2273 558 2313; x_wconf 87' lang='lat' dir='ltr'><strong>suam</strong></span> <span class='ocrx_word' id='word_1_167' title='bbox 590 2263 1108 2335; x_wconf 87' lang='lat' dir='ltr'><strong>compositionem.</strong></span> <span class='ocrx_word' id='word_1_168' title='bbox 1138 2268 1307 2337; x_wconf 69' lang='grc'>(284).</span> 
     </span>
    </p>
   </div>
   <div class='ocr_carea' id='block_1_25' title="bbox 199 2342 1867 2433">
    <p class='ocr_par' dir='ltr' id='par_1_25' title="bbox 199 2342 1867 2433">
     <span class='ocr_line' id='line_1_25' title="bbox 199 2342 1867 2433; baseline 0.014 -36"><span class='ocrx_word' id='word_1_169' title='bbox 199 2342 365 2408; x_wconf 81' lang='lat' dir='ltr'><strong>Quod</strong></span> <span class='ocrx_word' id='word_1_170' title='bbox 417 2348 566 2403; x_wconf 73' lang='lat' dir='ltr'><strong>laici</strong></span> <span class='ocrx_word' id='word_1_171' title='bbox 593 2349 667 2405; x_wconf 88' lang='lat' dir='ltr'><strong>de</strong></span> <span class='ocrx_word' id='word_1_172' title='bbox 712 2352 1049 2433; x_wconf 55' lang='lat' dir='ltr'><strong>substantia</strong></span> <span class='ocrx_word' id='word_1_173' title='bbox 1092 2359 1469 2433; x_wconf 65' lang='lat' dir='ltr'><strong>monentium</strong></span> <span class='ocrx_word' id='word_1_174' title='bbox 1496 2364 1867 2433; x_wconf 78' lang='lat' dir='ltr'><strong>presbytero-</strong></span> 
     </span>
    </p>
   </div>
   <div class='ocr_carea' id='block_1_26' title="bbox 258 2424 1795 2500">
    <p class='ocr_par' dir='ltr' id='par_1_26' title="bbox 258 2424 1795 2500">
     <span class='ocr_line' id='line_1_26' title="bbox 258 2424 1795 2500; baseline 0.014 -30"><span class='ocrx_word' id='word_1_175' title='bbox 258 2431 397 2473; x_wconf 74' lang='lat' dir='ltr'><strong>rum</strong></span> <span class='ocrx_word' id='word_1_176' title='bbox 432 2434 682 2476; x_wconf 83' lang='lat' dir='ltr'><strong>suorum</strong></span> <span class='ocrx_word' id='word_1_177' title='bbox 714 2424 951 2500; x_wconf 72' lang='lat' dir='ltr'><strong>nullam</strong></span> <span class='ocrx_word' id='word_1_178' title='bbox 987 2428 1317 2493; x_wconf 82' lang='lat' dir='ltr'><strong>portionem</strong></span> <span class='ocrx_word' id='word_1_179' title='bbox 1344 2424 1795 2500; x_wconf 54' lang='lat' dir='ltr'><strong>acciﬁi&#39;ant.VEx</strong></span> 
     </span>
    </p>
   </div>
   <div class='ocr_carea' id='block_1_27' title="bbox 805 2495 1265 2566">
    <p class='ocr_par' dir='ltr' id='par_1_27' title="bbox 805 2495 1265 2566">
     <span class='ocr_line' id='line_1_27' title="bbox 805 2495 1265 2566; baseline 0.004 -15"><span class='ocrx_word' id='word_1_180' title='bbox 805 2495 1023 2561; x_wconf 74' lang='lat' dir='ltr'><strong>eodem,</strong></span> <span class='ocrx_word' id='word_1_181' title='bbox 1052 2512 1184 2566; x_wconf 80' lang='lat' dir='ltr'><strong>cap.</strong></span> <span class='ocrx_word' id='word_1_182' title='bbox 1212 2504 1265 2557; x_wconf 78' lang='lat'><strong>2.</strong></span> 
     </span>
    </p>
   </div>
   <div class='ocr_carea' id='block_1_28' title="bbox 252 2574 1863 2659">
    <p class='ocr_par' dir='ltr' id='par_1_28' title="bbox 252 2574 1863 2659">
     <span class='ocr_line' id='line_1_28' title="bbox 252 2574 1863 2659; baseline 0.016 -32"><span class='ocrx_word' id='word_1_183' title='bbox 252 2574 535 2633; x_wconf 76' lang='lat' dir='ltr'><strong>XXXIX.</strong></span> <span class='ocrx_word' id='word_1_184' title='bbox 569 2579 714 2649; x_wconf 72' lang='grc'>(285)</span> <span class='ocrx_word' id='word_1_185' title='bbox 754 2580 1050 2641; x_wconf 81' lang='lat' dir='ltr'><strong>Perlatum</strong></span> <span class='ocrx_word' id='word_1_186' title='bbox 1082 2590 1167 2640; x_wconf 88' lang='lat' dir='ltr'><strong>est</strong></span> <span class='ocrx_word' id='word_1_187' title='bbox 1195 2602 1439 2659; x_wconf 87' lang='lat' dir='ltr'><strong>quoque</strong></span> <span class='ocrx_word' id='word_1_188' title='bbox 1487 2591 1566 2647; x_wconf 87' lang='lat' dir='ltr'><strong>ad</strong></span> <span class='ocrx_word' id='word_1_189' title='bbox 1592 2599 1863 2650; x_wconf 82' lang='lat' dir='ltr'><strong>sanctam</strong></span> 
     </span>
    </p>
   </div>
   <div class='ocr_carea' id='block_1_29' title="bbox 183 2664 1864 2751">
    <p class='ocr_par' dir='ltr' id='par_1_29' title="bbox 183 2664 1864 2751">
     <span class='ocr_line' id='line_1_29' title="bbox 183 2664 1864 2751; baseline 0.016 -35"><span class='ocrx_word' id='word_1_190' title='bbox 183 2664 509 2733; x_wconf 84' lang='lat' dir='ltr'><strong>synodum</strong></span> <span class='ocrx_word' id='word_1_191' title='bbox 540 2669 705 2735; x_wconf 82' lang='lat' dir='ltr'><strong>quod</strong></span> <span class='ocrx_word' id='word_1_192' title='bbox 734 2670 985 2741; x_wconf 86' lang='lat' dir='ltr'><strong>quidam</strong></span> <span class='ocrx_word' id='word_1_193' title='bbox 1033 2672 1169 2731; x_wconf 84' lang='lat' dir='ltr'><strong>laici</strong></span> <span class='ocrx_word' id='word_1_194' title='bbox 1211 2676 1489 2749; x_wconf 84' lang='lat' dir='ltr'><strong>improbe</strong></span> <span class='ocrx_word' id='word_1_195' title='bbox 1516 2689 1703 2751; x_wconf 82' lang='lat' dir='ltr'><strong>agant</strong></span> <span class='ocrx_word' id='word_1_196' title='bbox 1726 2701 1864 2742; x_wconf 87' lang='lat' dir='ltr'><strong>con-</strong></span> 
     </span>
    </p>
   </div>
   <div class='ocr_carea' id='block_1_30' title="bbox 184 2753 1861 2846">
    <p class='ocr_par' dir='ltr' id='par_1_30' title="bbox 184 2753 1861 2846">
     <span class='ocr_line' id='line_1_30' title="bbox 184 2753 1861 2846; baseline 0.015 -40"><span class='ocrx_word' id='word_1_197' title='bbox 184 2755 267 2811; x_wconf 86' lang='lat' dir='ltr'><strong>tra</strong></span> <span class='ocrx_word' id='word_1_198' title='bbox 298 2753 705 2825; x_wconf 84' lang='lat' dir='ltr'><strong>presbyteros</strong></span> <span class='ocrx_word' id='word_1_199' title='bbox 756 2775 919 2827; x_wconf 86' lang='lat' dir='ltr'><strong>suos,</strong></span> <span class='ocrx_word' id='word_1_200' title='bbox 949 2762 1027 2819; x_wconf 86' lang='lat' dir='ltr'><strong>ita</strong></span> <span class='ocrx_word' id='word_1_201' title='bbox 1073 2768 1133 2820; x_wconf 85' lang='lat' dir='ltr'><strong>ut</strong></span> <span class='ocrx_word' id='word_1_202' title='bbox 1184 2765 1261 2821; x_wconf 89' lang='lat' dir='ltr'><strong>de</strong></span> <span class='ocrx_word' id='word_1_203' title='bbox 1300 2768 1683 2829; x_wconf 86' lang='lat' dir='ltr'><strong>morientium</strong></span> <span class='ocrx_word' id='word_1_204' title='bbox 1731 2791 1861 2846; x_wconf 86' lang='lat' dir='ltr'><strong>pre-</strong></span> 
     </span>
    </p>
   </div>
   <div class='ocr_carea' id='block_1_31' title="bbox 183 2840 1859 2923">
    <p class='ocr_par' dir='ltr' id='par_1_31' title="bbox 183 2840 1859 2923">
     <span class='ocr_line' id='line_1_31' title="bbox 183 2840 1859 2923; baseline 0.014 -28"><span class='ocrx_word' id='word_1_205' title='bbox 183 2840 580 2912; x_wconf 84' lang='lat' dir='ltr'><strong>sbyterorum</strong></span> <span class='ocrx_word' id='word_1_206' title='bbox 610 2846 943 2911; x_wconf 72' lang='lat' dir='ltr'><strong>substantia</strong></span> <span class='ocrx_word' id='word_1_207' title='bbox 989 2857 1188 2923; x_wconf 85' lang='lat' dir='ltr'><strong>partes</strong></span> <span class='ocrx_word' id='word_1_208' title='bbox 1218 2854 1330 2913; x_wconf 86' lang='lat' dir='ltr'><strong>sibi</strong></span> <span class='ocrx_word' id='word_1_209' title='bbox 1359 2857 1662 2916; x_wconf 87' lang='lat' dir='ltr'><strong>vindicent</strong></span> <span class='ocrx_word' id='word_1_210' title='bbox 1689 2840 1859 2919; x_wconf 74' lang='lat' dir='ltr'><strong>sicuti</strong></span> 
     </span>
    </p>
   </div>
   <div class='ocr_carea' id='block_1_32' title="bbox 184 2928 1856 3019">
    <p class='ocr_par' dir='ltr' id='par_1_32' title="bbox 184 2928 1856 3019">
     <span class='ocr_line' id='line_1_32' title="bbox 184 2928 1856 3019; baseline 0.012 -30"><span class='ocrx_word' id='word_1_211' title='bbox 184 2928 256 2989; x_wconf 85' lang='lat' dir='ltr'><strong>de</strong></span> <span class='ocrx_word' id='word_1_212' title='bbox 274 2932 559 3007; x_wconf 77' lang='lat' dir='ltr'><strong>propriis</strong></span> <span class='ocrx_word' id='word_1_213' title='bbox 588 2936 792 2993; x_wconf 81' lang='lat' dir='ltr'><strong>servis.</strong></span> <span class='ocrx_word' id='word_1_214' title='bbox 826 2939 1237 2999; x_wconf 80' lang='lat' dir='ltr'><strong>Interdicimus</strong></span> <span class='ocrx_word' id='word_1_215' title='bbox 1288 2946 1489 3019; x_wconf 87' lang='lat' dir='ltr'><strong>itaque</strong></span> <span class='ocrx_word' id='word_1_216' title='bbox 1519 2965 1593 3004; x_wconf 90' lang='lat' dir='ltr'><strong>ne</strong></span> <span class='ocrx_word' id='word_1_217' title='bbox 1622 2951 1736 3007; x_wconf 87' lang='lat' dir='ltr'><strong>hoc</strong></span> <span class='ocrx_word' id='word_1_218' title='bbox 1770 2953 1856 3008; x_wconf 91' lang='lat' dir='ltr'><strong>ul-</strong></span> 
     </span>
    </p>
   </div>
   <div class='ocr_carea' id='block_1_33' title="bbox 183 3020 1930 3114">
    <p class='ocr_par' dir='ltr' id='par_1_33' title="bbox 183 3020 1930 3114">
     <span class='ocr_line' id='line_1_33' title="bbox 183 3020 1930 3114; baseline 0.014 -38"><span class='ocrx_word' id='word_1_219' title='bbox 183 3020 363 3077; x_wconf 79' lang='lat' dir='ltr'><strong>terius</strong></span> <span class='ocrx_word' id='word_1_220' title='bbox 396 3022 542 3086; x_wconf 79' lang='lat' dir='ltr'><strong>fiat;</strong></span> <span class='ocrx_word' id='word_1_221' title='bbox 577 3025 681 3081; x_wconf 88' lang='lat' dir='ltr'><strong>sed</strong></span> <span class='ocrx_word' id='word_1_222' title='bbox 709 3028 892 3085; x_wconf 87' lang='lat' dir='ltr'><strong>secuti</strong></span> <span class='ocrx_word' id='word_1_223' title='bbox 915 3028 1079 3087; x_wconf 86' lang='lat' dir='ltr'><strong>liberi</strong></span> <span class='ocrx_word' id='word_1_224' title='bbox 1114 3032 1251 3089; x_wconf 82' lang='lat' dir='ltr'><strong>facti</strong></span> <span class='ocrx_word' id='word_1_225' title='bbox 1273 3042 1412 3092; x_wconf 87' lang='lat' dir='ltr'><strong>sunt</strong></span> <span class='ocrx_word' id='word_1_226' title='bbox 1434 3038 1513 3094; x_wconf 88' lang='lat' dir='ltr'><strong>ad</strong></span> <span class='ocrx_word' id='word_1_227' title='bbox 1536 3042 1858 3114; x_wconf 88' lang='lat' dir='ltr'><strong>suscipien-</strong></span> <span class='ocrx_word' id='word_1_228' title='bbox 1887 3047 1930 3101; x_wconf 90' lang='lat' dir='ltr'>C</span> 
     </span>
    </p>
   </div>
   <div class='ocr_carea' id='block_1_34' title="bbox 183 3107 1856 3197">
    <p class='ocr_par' dir='ltr' id='par_1_34' title="bbox 183 3107 1856 3197">
     <span class='ocr_line' id='line_1_34' title="bbox 183 3107 1856 3197; baseline 0.014 -32"><span class='ocrx_word' id='word_1_229' title='bbox 183 3107 326 3168; x_wconf 85' lang='lat' dir='ltr'><strong>dum</strong></span> <span class='ocrx_word' id='word_1_230' title='bbox 358 3112 634 3178; x_wconf 79' lang='lat' dir='ltr'><strong>gradum</strong></span> <span class='ocrx_word' id='word_1_231' title='bbox 655 3120 714 3173; x_wconf 83' lang='lat' dir='ltr'><strong>et</strong></span> <span class='ocrx_word' id='word_1_232' title='bbox 737 3117 1040 3185; x_wconf 81' lang='lat' dir='ltr'><strong>agendum</strong></span> <span class='ocrx_word' id='word_1_233' title='bbox 1063 3120 1333 3181; x_wconf 88' lang='lat' dir='ltr'><strong>divinum</strong></span> <span class='ocrx_word' id='word_1_234' title='bbox 1353 3124 1643 3197; x_wconf 74' lang='lat' dir='ltr'><strong>officium,</strong></span> <span class='ocrx_word' id='word_1_235' title='bbox 1672 3107 1752 3187; x_wconf 76' lang='lat' dir='ltr'><strong>ita</strong></span> <span class='ocrx_word' id='word_1_236' title='bbox 1777 3133 1856 3188; x_wconf 86' lang='lat' dir='ltr'><strong>ab</strong></span> 
     </span>
    </p>
   </div>
   <div class='ocr_carea' id='block_1_35' title="bbox 180 3197 1855 3289">
    <p class='ocr_par' dir='ltr' id='par_1_35' title="bbox 180 3197 1855 3289">
     <span class='ocr_line' id='line_1_35' title="bbox 180 3197 1855 3289; baseline 0.017 -39"><span class='ocrx_word' id='word_1_237' title='bbox 180 3197 259 3251; x_wconf 84' lang='lat' dir='ltr'><strong>eis</strong></span> <span class='ocrx_word' id='word_1_238' title='bbox 290 3199 444 3254; x_wconf 88' lang='lat' dir='ltr'><strong>nihil</strong></span> <span class='ocrx_word' id='word_1_239' title='bbox 466 3202 749 3271; x_wconf 81' lang='lat' dir='ltr'><strong>exigatur</strong></span> <span class='ocrx_word' id='word_1_240' title='bbox 779 3212 992 3275; x_wconf 59' lang='lat' dir='ltr'><strong>praeter</strong></span> <span class='ocrx_word' id='word_1_241' title='bbox 1020 3210 1119 3265; x_wconf 87' lang='lat' dir='ltr'><strong>Dei</strong></span> <span class='ocrx_word' id='word_1_242' title='bbox 1144 3211 1431 3271; x_wconf 75' lang='lat' dir='ltr'><strong>ofﬁcium.</strong></span> <span class='ocrx_word' id='word_1_243' title='bbox 1466 3220 1545 3273; x_wconf 89' lang='lat' dir='ltr'><strong>De</strong></span> <span class='ocrx_word' id='word_1_244' title='bbox 1570 3220 1855 3289; x_wconf 86' lang='lat' dir='ltr'><strong>peculiari</strong></span> 
     </span>
    </p>
   </div>
   <div class='ocr_carea' id='block_1_36' title="bbox 178 3290 1858 3375">
    <p class='ocr_par' dir='ltr' id='par_1_36' title="bbox 178 3290 1858 3375">
     <span class='ocr_line' id='line_1_36' title="bbox 178 3290 1858 3375; baseline 0.02 -38"><span class='ocrx_word' id='word_1_245' title='bbox 178 3301 313 3341; x_wconf 86' lang='lat' dir='ltr'><strong>vero</strong></span> <span class='ocrx_word' id='word_1_246' title='bbox 344 3290 751 3351; x_wconf 77' lang='lat' dir='ltr'><strong>sacerdotum</strong></span> <span class='ocrx_word' id='word_1_247' title='bbox 782 3294 928 3351; x_wconf 83' lang='lat' dir='ltr'><strong>nihil</strong></span> <span class='ocrx_word' id='word_1_248' title='bbox 957 3297 1072 3355; x_wconf 85' lang='lat' dir='ltr'><strong>sibi</strong></span> <span class='ocrx_word' id='word_1_249' title='bbox 1104 3309 1430 3375; x_wconf 80' lang='lat' dir='ltr'><strong>usurpant;</strong></span> <span class='ocrx_word' id='word_1_250' title='bbox 1473 3306 1577 3367; x_wconf 87' lang='lat' dir='ltr'><strong>sed</strong></span> <span class='ocrx_word' id='word_1_251' title='bbox 1606 3308 1682 3363; x_wconf 91' lang='lat' dir='ltr'><strong>de</strong></span> <span class='ocrx_word' id='word_1_252' title='bbox 1709 3310 1858 3369; x_wconf 87' lang='lat' dir='ltr'><strong>dua-</strong></span> 
     </span>
    </p>
   </div>
   <div class='ocr_carea' id='block_1_37' title="bbox 172 3370 1852 3462">
    <p class='ocr_par' dir='ltr' id='par_1_37' title="bbox 172 3370 1852 3462">
     <span class='ocr_line' id='line_1_37' title="bbox 172 3370 1852 3462; baseline 0.017 -36"><span class='ocrx_word' id='word_1_253' title='bbox 172 3370 282 3428; x_wconf 81' lang='lat' dir='ltr'><strong>bus</strong></span> <span class='ocrx_word' id='word_1_254' title='bbox 324 3377 627 3446; x_wconf 81' lang='lat' dir='ltr'><strong>partibus</strong></span> <span class='ocrx_word' id='word_1_255' title='bbox 677 3380 901 3439; x_wconf 84' lang='lat' dir='ltr'><strong>faciant</strong></span> <span class='ocrx_word' id='word_1_256' title='bbox 930 3370 1268 3459; x_wconf 80' lang='lat' dir='ltr'><strong>presbyteri</strong></span> <span class='ocrx_word' id='word_1_257' title='bbox 1315 3370 1481 3462; x_wconf 82' lang='lat' dir='ltr'><strong>quod</strong></span> <span class='ocrx_word' id='word_1_258' title='bbox 1526 3395 1611 3449; x_wconf 89' lang='lat' dir='ltr'><strong>eis</strong></span> <span class='ocrx_word' id='word_1_259' title='bbox 1661 3397 1852 3453; x_wconf 89' lang='lat' dir='ltr'><strong>visum</strong></span> 
     </span>
    </p>
   </div>
   <div class='ocr_carea' id='block_1_38' title="bbox 172 3460 1853 3556">
    <p class='ocr_par' dir='ltr' id='par_1_38' title="bbox 172 3460 1853 3556">
     <span class='ocr_line' id='line_1_38' title="bbox 172 3460 1853 3556; baseline 0.016 -40"><span class='ocrx_word' id='word_1_260' title='bbox 172 3460 359 3531; x_wconf 84' lang='lat' dir='ltr'><strong>fuerit,</strong></span> <span class='ocrx_word' id='word_1_261' title='bbox 395 3467 675 3534; x_wconf 76' lang='lat' dir='ltr'><strong>tertiam,</strong></span> <span class='ocrx_word' id='word_1_262' title='bbox 709 3472 1043 3528; x_wconf 89' lang='lat' dir='ltr'><strong>secundum</strong></span> <span class='ocrx_word' id='word_1_263' title='bbox 1080 3460 1383 3534; x_wconf 81' lang='lat' dir='ltr'><strong>canonum</strong></span> <span class='ocrx_word' id='word_1_264' title='bbox 1410 3481 1599 3551; x_wconf 86' lang='lat' dir='ltr'><strong>jussa,</strong></span> <span class='ocrx_word' id='word_1_265' title='bbox 1631 3486 1853 3556; x_wconf 90' lang='lat' dir='ltr'><strong>quibus</strong></span> 
     </span>
    </p>
   </div>
   <div class='ocr_carea' id='block_1_39' title="bbox 167 3554 1138 3630">
    <p class='ocr_par' dir='ltr' id='par_1_39' title="bbox 167 3554 1138 3630">
     <span class='ocr_line' id='line_1_39' title="bbox 167 3554 1138 3630; baseline 0.014 -24"><span class='ocrx_word' id='word_1_266' title='bbox 167 3554 431 3612; x_wconf 86' lang='lat' dir='ltr'><strong>serviunt</strong></span> <span class='ocrx_word' id='word_1_267' title='bbox 460 3573 531 3613; x_wconf 83' lang='lat' dir='ltr'><strong>re</strong></span> <span class='ocrx_word' id='word_1_268' title='bbox 549 3555 826 3630; x_wconf 88' lang='lat' dir='ltr'><strong>linquant</strong></span> <span class='ocrx_word' id='word_1_269' title='bbox 857 3561 1138 3620; x_wconf 88' lang='lat' dir='ltr'><strong>ecclesiis.</strong></span> 
     </span>
    </p>
   </div>
   <div class='ocr_carea' id='block_1_40' title="bbox 275 3644 1747 3725">
    <p class='ocr_par' dir='ltr' id='par_1_40' title="bbox 275 3644 1747 3725">
     <span class='ocr_line' id='line_1_40' title="bbox 275 3644 1747 3725; baseline 0.016 -29"><span class='ocrx_word' id='word_1_270' title='bbox 275 3644 462 3717; x_wconf 70' lang='lat'><strong>229</strong></span> <span class='ocrx_word' id='word_1_271' title='bbox 507 3648 606 3701; x_wconf 86' lang='lat' dir='ltr'><strong>De</strong></span> <span class='ocrx_word' id='word_1_272' title='bbox 627 3652 1044 3725; x_wconf 72' lang='lat' dir='ltr'><strong>compositione</strong></span> <span class='ocrx_word' id='word_1_273' title='bbox 1071 3657 1420 3725; x_wconf 71' lang='lat' dir='ltr'><strong>presbyteri,</strong></span> <span class='ocrx_word' id='word_1_274' title='bbox 1445 3662 1497 3714; x_wconf 78' lang='lat' dir='ltr'><strong>si</strong></span> <span class='ocrx_word' id='word_1_275' title='bbox 1522 3664 1747 3718; x_wconf 77' lang='lat' dir='ltr'><strong>occisus</strong></span> 
     </span>
    </p>
   </div>
   <div class='ocr_carea' id='block_1_41' title="bbox 723 3720 1317 3788">
    <p class='ocr_par' dir='ltr' id='par_1_41' title="bbox 723 3720 1317 3788">
     <span class='ocr_line' id='line_1_41' title="bbox 723 3720 1317 3788; baseline 0.01 -12"><span class='ocrx_word' id='word_1_276' title='bbox 723 3720 931 3788; x_wconf 58' lang='lat' dir='ltr'><strong>fuerit.</strong></span> <span class='ocrx_word' id='word_1_277' title='bbox 969 3720 1081 3779; x_wconf 58' lang='lat' dir='ltr'><strong>Er</strong></span> <span class='ocrx_word' id='word_1_278' title='bbox 1098 3720 1317 3783; x_wconf 66' lang='lat' dir='ltr'><strong>eodem.</strong></span> 
     </span>
    </p>
   </div>
   <div class='ocr_carea' id='block_1_42' title="bbox 240 3803 1854 3887">
    <p class='ocr_par' dir='ltr' id='par_1_42' title="bbox 240 3803 1854 3887">
     <span class='ocr_line' id='line_1_42' title="bbox 240 3803 1854 3887; baseline 0.014 -31"><span class='ocrx_word' id='word_1_279' title='bbox 240 3803 360 3860; x_wconf 76' lang='lat' dir='ltr'><strong>XL.</strong></span> <span class='ocrx_word' id='word_1_280' title='bbox 392 3806 669 3875; x_wconf 79' lang='lat' dir='ltr'><strong>(Concil.</strong></span> <span class='ocrx_word' id='word_1_281' title='bbox 708 3809 911 3866; x_wconf 76' lang='lat' dir='ltr'><strong>Tribw</strong></span> <span class='ocrx_word' id='word_1_282' title='bbox 932 3853 944 3867; x_wconf 97' lang='lat'><strong>.</strong></span> <span class='ocrx_word' id='word_1_283' title='bbox 978 3828 1029 3868; x_wconf 93' lang='lat' dir='ltr'><strong>c.</strong></span> <span class='ocrx_word' id='word_1_284' title='bbox 1062 3817 1142 3879; x_wconf 74' lang='grc'><strong>4.)</strong></span> <span class='ocrx_word' id='word_1_285' title='bbox 1174 3815 1488 3887; x_wconf 87' lang='lat' dir='ltr'><strong>Presbyter</strong></span> <span class='ocrx_word' id='word_1_286' title='bbox 1510 3820 1854 3879; x_wconf 84' lang='lat' dir='ltr'><strong>vulneratus</strong></span> 
     </span>
    </p>
   </div>
   <div class='ocr_carea' id='block_1_43' title="bbox 174 3894 1855 3981">
    <p class='ocr_par' dir='ltr' id='par_1_43' title="bbox 174 3894 1855 3981">
     <span class='ocr_line' id='line_1_43' title="bbox 174 3894 1855 3981; baseline 0.012 -37"><span class='ocrx_word' id='word_1_287' title='bbox 174 3894 271 3945; x_wconf 86' lang='lat' dir='ltr'><strong>aut</strong></span> <span class='ocrx_word' id='word_1_288' title='bbox 317 3908 544 3962; x_wconf 61' lang='lat' dir='ltr'><strong>caesus,</strong></span> <span class='ocrx_word' id='word_1_289' title='bbox 605 3896 658 3949; x_wconf 88' lang='lat' dir='ltr'><strong>si</strong></span> <span class='ocrx_word' id='word_1_290' title='bbox 698 3903 957 3955; x_wconf 90' lang='lat' dir='ltr'><strong>mortem</strong></span> <span class='ocrx_word' id='word_1_291' title='bbox 1003 3902 1276 3970; x_wconf 75' lang='lat' dir='ltr'><strong>evaserit,</strong></span> <span class='ocrx_word' id='word_1_292' title='bbox 1326 3908 1451 3961; x_wconf 89' lang='lat' dir='ltr'><strong>tota</strong></span> <span class='ocrx_word' id='word_1_293' title='bbox 1500 3908 1855 3981; x_wconf 82' lang='lat' dir='ltr'><strong>compositio</strong></span> 
     </span>
    </p>
   </div>
   <div class='ocr_carea' id='block_1_44' title="bbox 171 3979 1858 4077">
    <p class='ocr_par' dir='ltr' id='par_1_44' title="bbox 171 3979 1858 4077">
     <span class='ocr_line' id='line_1_44' title="bbox 171 3979 1858 4077; baseline 0.017 -46"><span class='ocrx_word' id='word_1_294' title='bbox 171 3979 338 4039; x_wconf 89' lang='lat' dir='ltr'><strong>cedat</strong></span> <span class='ocrx_word' id='word_1_295' title='bbox 366 3984 765 4059; x_wconf 78' lang='lat' dir='ltr'><strong>presbytero.</strong></span> <span class='ocrx_word' id='word_1_296' title='bbox 801 3988 859 4044; x_wconf 91' lang='lat' dir='ltr'><strong>Si</strong></span> <span class='ocrx_word' id='word_1_297' title='bbox 885 4005 1028 4047; x_wconf 85' lang='lat' dir='ltr'><strong>vero</strong></span> <span class='ocrx_word' id='word_1_298' title='bbox 1071 3995 1349 4049; x_wconf 83' lang='lat' dir='ltr'><strong>mortuus</strong></span> <span class='ocrx_word' id='word_1_299' title='bbox 1393 3994 1588 4066; x_wconf 87' lang='lat' dir='ltr'><strong>fuerit,</strong></span> <span class='ocrx_word' id='word_1_300' title='bbox 1615 3979 1858 4077; x_wconf 66' lang='lat' dir='ltr'><strong>compo-</strong></span> 
     </span>
    </p>
   </div>
   <div class='ocr_carea' id='block_1_45' title="bbox 170 4066 1853 4151">
    <p class='ocr_par' dir='ltr' id='par_1_45' title="bbox 170 4066 1853 4151">
     <span class='ocr_line' id='line_1_45' title="bbox 170 4066 1853 4151; baseline 0.014 -29"><span class='ocrx_word' id='word_1_301' title='bbox 170 4066 296 4125; x_wconf 87' lang='lat' dir='ltr'><strong>sitio</strong></span> <span class='ocrx_word' id='word_1_302' title='bbox 325 4070 388 4128; x_wconf 91' lang='lat' dir='ltr'><strong>in</strong></span> <span class='ocrx_word' id='word_1_303' title='bbox 423 4078 552 4131; x_wconf 86' lang='lat' dir='ltr'><strong>tres</strong></span> <span class='ocrx_word' id='word_1_304' title='bbox 584 4073 893 4135; x_wconf 83' lang='lat' dir='ltr'><strong>dividatur</strong></span> <span class='ocrx_word' id='word_1_305' title='bbox 931 4080 1278 4151; x_wconf 83' lang='lat' dir='ltr'><strong>portiones;</strong></span> <span class='ocrx_word' id='word_1_306' title='bbox 1327 4083 1390 4139; x_wconf 91' lang='lat' dir='ltr'><strong>id</strong></span> <span class='ocrx_word' id='word_1_307' title='bbox 1420 4088 1524 4151; x_wconf 81' lang='lat' dir='ltr'><strong>est.</strong></span> <span class='ocrx_word' id='word_1_308' title='bbox 1561 4085 1732 4149; x_wconf 85' lang='lat' dir='ltr'><strong>altari</strong></span> <span class='ocrx_word' id='word_1_309' title='bbox 1756 4066 1853 4144; x_wconf 73' lang='lat' dir='ltr'><strong>cui</strong></span> 
     </span>
    </p>
   </div>
   <div class='ocr_carea' id='block_1_46' title="bbox 167 4159 1849 4252">
    <p class='ocr_par' dir='ltr' id='par_1_46' title="bbox 167 4159 1849 4252">
     <span class='ocr_line' id='line_1_46' title="bbox 167 4159 1849 4252; baseline 0.014 -41"><span class='ocrx_word' id='word_1_310' title='bbox 167 4159 490 4233; x_wconf 82' lang='lat' dir='ltr'><strong>presbyter</strong></span> <span class='ocrx_word' id='word_1_311' title='bbox 523 4163 915 4224; x_wconf 88' lang='lat' dir='ltr'><strong>deserviebat</strong></span> <span class='ocrx_word' id='word_1_312' title='bbox 961 4185 1101 4247; x_wconf 81' lang='lat' dir='ltr'><strong>pars</strong></span> <span class='ocrx_word' id='word_1_313' title='bbox 1140 4186 1282 4242; x_wconf 87' lang='lat' dir='ltr'><strong>una,</strong></span> <span class='ocrx_word' id='word_1_314' title='bbox 1316 4172 1502 4233; x_wconf 83' lang='lat' dir='ltr'><strong>altera</strong></span> <span class='ocrx_word' id='word_1_315' title='bbox 1543 4176 1849 4252; x_wconf 86' lang='lat' dir='ltr'><strong>episcopo,</strong></span> 
     </span>
    </p>
   </div>
   <div class='ocr_carea' id='block_1_47' title="bbox 168 4247 1420 4329">
    <p class='ocr_par' dir='ltr' id='par_1_47' title="bbox 168 4247 1420 4329">
     <span class='ocr_line' id='line_1_47' title="bbox 168 4247 1420 4329; baseline 0.014 -29"><span class='ocrx_word' id='word_1_316' title='bbox 168 4247 331 4309; x_wconf 83' lang='lat' dir='ltr'><strong>tertia</strong></span> <span class='ocrx_word' id='word_1_317' title='bbox 363 4252 739 4326; x_wconf 89' lang='lat' dir='ltr'><strong>parentibus</strong></span> <span class='ocrx_word' id='word_1_318' title='bbox 777 4255 1107 4329; x_wconf 86' lang='lat' dir='ltr'><strong>presbyteri</strong></span> <span class='ocrx_word' id='word_1_319' title='bbox 1138 4258 1420 4319; x_wconf 85' lang='lat' dir='ltr'><strong>solvatur.</strong></span> 
     </span>
    </p>
   </div>
   <div class='ocr_carea' id='block_1_48' title="bbox 166 4334 1847 4426">
    <p class='ocr_par' dir='ltr' id='par_1_48' title="bbox 166 4334 1847 4426">
     <span class='ocr_line' id='line_1_48' title="bbox 166 4334 1847 4426; baseline 0.011 -36"><span class='ocrx_word' id='word_1_320' title='bbox 166 4334 246 4390; x_wconf 83' lang='lat' dir='ltr'><strong>De</strong></span> <span class='ocrx_word' id='word_1_321' title='bbox 272 4340 488 4399; x_wconf 85' lang='lat' dir='ltr'><strong>eadem</strong></span> <span class='ocrx_word' id='word_1_322' title='bbox 544 4357 638 4401; x_wconf 79' lang='lat' dir='ltr'><strong>re.</strong></span> <span class='ocrx_word' id='word_1_323' title='bbox 688 4344 789 4400; x_wconf 69' lang='lat' dir='ltr'><strong>Ex</strong></span> <span class='ocrx_word' id='word_1_324' title='bbox 824 4344 1271 4415; x_wconf 78' lang='lat' dir='ltr'><strong>Capitularium</strong></span> <span class='ocrx_word' id='word_1_325' title='bbox 1316 4351 1470 4407; x_wconf 75' lang='lat' dir='ltr'><strong>libro</strong></span> <span class='ocrx_word' id='word_1_326' title='bbox 1500 4368 1557 4419; x_wconf 86' lang='grc' dir='ltr'><strong>ιι,</strong></span> <span class='ocrx_word' id='word_1_327' title='bbox 1593 4370 1723 4426; x_wconf 79' lang='lat' dir='ltr'><strong>cap.</strong></span> <span class='ocrx_word' id='word_1_328' title='bbox 1757 4360 1847 4412; x_wconf 72' lang='grc'><strong>49.</strong></span> 
     </span>
    </p>
   </div>
   <div class='ocr_carea' id='block_1_49' title="bbox 231 4404 1923 4510">
    <p class='ocr_par' dir='ltr' id='par_1_49' title="bbox 231 4404 1923 4510">
     <span class='ocr_line' id='line_1_49' title="bbox 231 4404 1923 4510; baseline 0.012 -29"><span class='ocrx_word' id='word_1_329' title='bbox 231 4427 361 4483; x_wconf 80' lang='lat' dir='ltr'><strong>xu.</strong></span> <span class='ocrx_word' id='word_1_330' title='bbox 418 4430 584 4497; x_wconf 76' lang='lat' dir='ltr'><strong>(Lib.</strong></span> <span class='ocrx_word' id='word_1_331' title='bbox 633 4448 707 4486; x_wconf 80' lang='grc' dir='ltr'><strong>ιγ.</strong></span> <span class='ocrx_word' id='word_1_332' title='bbox 745 4404 1087 4503; x_wconf 74' lang='grc' dir='ltr'><strong>σαρίὶιιιαν.</strong></span> <span class='ocrx_word' id='word_1_333' title='bbox 1141 4453 1192 4491; x_wconf 83' lang='grc' dir='ltr'><strong>ο.</strong></span> <span class='ocrx_word' id='word_1_334' title='bbox 1232 4404 1294 4495; x_wconf 69' lang='lat'><strong>13</strong></span> <span class='ocrx_word' id='word_1_335' title='bbox 1320 4404 1336 4505; x_wconf 62' lang='grc' dir='ltr'>ξ</span> <span class='ocrx_word' id='word_1_336' title='bbox 1379 4404 1723 4510; x_wconf 58' lang='grc' dir='ltr'><strong>δέειξὲιῇἕῖ</strong></span> <span class='ocrx_word' id='word_1_337' title='bbox 1744 4404 1849 4500; x_wconf 76' lang='lat' dir='ltr'><strong>lib.</strong></span> <span class='ocrx_word' id='word_1_338' title='bbox 1882 4404 1923 4458; x_wconf 71' lang='grc' dir='ltr'>θ</span> 
     </span>
    </p>
   </div>
   <div class='ocr_carea' id='block_1_50' title="bbox 163 4517 1852 4607">
    <p class='ocr_par' dir='ltr' id='par_1_50' title="bbox 163 4517 1852 4607">
     <span class='ocr_line' id='line_1_50' title="bbox 163 4517 1852 4607; baseline 0.014 -42"><span class='ocrx_word' id='word_1_339' title='bbox 163 4528 236 4581; x_wconf 78' lang='lat' dir='ltr'><strong>v1,</strong></span> <span class='ocrx_word' id='word_1_340' title='bbox 264 4531 316 4571; x_wconf 91' lang='lat' dir='ltr'><strong>c.</strong></span> <span class='ocrx_word' id='word_1_341' title='bbox 345 4517 461 4590; x_wconf 91' lang='lat' dir='ltr'><strong>Il.)</strong></span> <span class='ocrx_word' id='word_1_342' title='bbox 493 4519 847 4594; x_wconf 85' lang='lat' dir='ltr'><strong>Presbyteri</strong></span> <span class='ocrx_word' id='word_1_343' title='bbox 871 4521 1162 4581; x_wconf 87' lang='lat' dir='ltr'><strong>interfecti</strong></span> <span class='ocrx_word' id='word_1_344' title='bbox 1186 4527 1542 4601; x_wconf 86' lang='lat' dir='ltr'><strong>compositio</strong></span> <span class='ocrx_word' id='word_1_345' title='bbox 1569 4532 1852 4607; x_wconf 89' lang='lat' dir='ltr'><strong>episcopo</strong></span> 
     </span>
    </p>
   </div>
   <div class='ocr_carea' id='block_1_51' title="bbox 163 4601 1852 4685">
    <p class='ocr_par' dir='ltr' id='par_1_51' title="bbox 163 4601 1852 4685">
     <span class='ocr_line' id='line_1_51' title="bbox 163 4601 1852 4685; baseline 0.014 -28"><span class='ocrx_word' id='word_1_346' title='bbox 163 4601 233 4657; x_wconf 86' lang='lat' dir='ltr'><strong>ad</strong></span> <span class='ocrx_word' id='word_1_347' title='bbox 259 4609 440 4679; x_wconf 85' lang='lat' dir='ltr'><strong>cujus</strong></span> <span class='ocrx_word' id='word_1_348' title='bbox 458 4609 852 4683; x_wconf 76' lang='lat' dir='ltr'><strong>parcechiam</strong></span> <span class='ocrx_word' id='word_1_349' title='bbox 874 4613 1171 4685; x_wconf 87' lang='lat' dir='ltr'><strong>pertinent</strong></span> <span class='ocrx_word' id='word_1_350' title='bbox 1191 4615 1500 4677; x_wconf 85' lang='lat' dir='ltr'><strong>solvantur</strong></span> <span class='ocrx_word' id='word_1_351' title='bbox 1517 4601 1852 4681; x_wconf 72' lang='lat' dir='ltr'><strong>secundum</strong></span> 
     </span>
    </p>
   </div>
   <div class='ocr_carea' id='block_1_52' title="bbox 163 4694 1855 4779">
    <p class='ocr_par' dir='ltr' id='par_1_52' title="bbox 163 4694 1855 4779">
     <span class='ocr_line' id='line_1_52' title="bbox 163 4694 1855 4779; baseline 0.012 -32"><span class='ocrx_word' id='word_1_352' title='bbox 163 4694 501 4766; x_wconf 87' lang='lat' dir='ltr'><strong>capitulare</strong></span> <span class='ocrx_word' id='word_1_353' title='bbox 537 4699 791 4770; x_wconf 85' lang='lat' dir='ltr'><strong>gloriosi</strong></span> <span class='ocrx_word' id='word_1_354' title='bbox 820 4701 1009 4761; x_wconf 88' lang='lat' dir='ltr'><strong>Caroli</strong></span> <span class='ocrx_word' id='word_1_355' title='bbox 1040 4703 1322 4779; x_wconf 79' lang='lat' dir='ltr'><strong>genitoris</strong></span> <span class='ocrx_word' id='word_1_356' title='bbox 1350 4708 1562 4778; x_wconf 88' lang='lat' dir='ltr'><strong>nostri,</strong></span> <span class='ocrx_word' id='word_1_357' title='bbox 1589 4709 1671 4771; x_wconf 87' lang='lat' dir='ltr'><strong>ita</strong></span> <span class='ocrx_word' id='word_1_358' title='bbox 1698 4711 1855 4771; x_wconf 89' lang='lat' dir='ltr'><strong>vide-</strong></span> 
     </span>
    </p>
   </div>
   <div class='ocr_carea' id='block_1_53' title="bbox 165 4777 1856 4867">
    <p class='ocr_par' dir='ltr' id='par_1_53' title="bbox 165 4777 1856 4867">
     <span class='ocr_line' id='line_1_53' title="bbox 165 4777 1856 4867; baseline 0.016 -36"><span class='ocrx_word' id='word_1_359' title='bbox 165 4777 291 4837; x_wconf 87' lang='lat' dir='ltr'><strong>licet</strong></span> <span class='ocrx_word' id='word_1_360' title='bbox 321 4790 389 4841; x_wconf 89' lang='lat' dir='ltr'><strong>ut</strong></span> <span class='ocrx_word' id='word_1_361' title='bbox 420 4788 825 4844; x_wconf 87' lang='lat' dir='ltr'><strong>medietatem</strong></span> <span class='ocrx_word' id='word_1_362' title='bbox 853 4777 1109 4861; x_wconf 82' lang='lat' dir='ltr'><strong>wirgildi</strong></span> <span class='ocrx_word' id='word_1_363' title='bbox 1140 4793 1269 4865; x_wconf 85' lang='lat' dir='ltr'><strong>ejus</strong></span> <span class='ocrx_word' id='word_1_364' title='bbox 1298 4794 1618 4867; x_wconf 85' lang='lat' dir='ltr'><strong>episcopus</strong></span> <span class='ocrx_word' id='word_1_365' title='bbox 1646 4799 1856 4857; x_wconf 85' lang='lat' dir='ltr'><strong>utilita-</strong></span> 
     </span>
    </p>
   </div>
   <div class='ocr_carea' id='block_1_54' title="bbox 166 4867 1853 4951">
    <p class='ocr_par' dir='ltr' id='par_1_54' title="bbox 166 4867 1853 4951">
     <span class='ocr_line' id='line_1_54' title="bbox 166 4867 1853 4951; baseline 0.012 -27"><span class='ocrx_word' id='word_1_366' title='bbox 166 4867 316 4926; x_wconf 86' lang='lat' dir='ltr'><strong>tibus</strong></span> <span class='ocrx_word' id='word_1_367' title='bbox 346 4876 641 4933; x_wconf 81' lang='lat' dir='ltr'><strong>ecclesiee</strong></span> <span class='ocrx_word' id='word_1_368' title='bbox 688 4878 784 4933; x_wconf 92' lang='lat' dir='ltr'><strong>cui</strong></span> <span class='ocrx_word' id='word_1_369' title='bbox 824 4878 1061 4951; x_wconf 74' lang='lat' dir='ltr'><strong>praefuit</strong></span> <span class='ocrx_word' id='word_1_370' title='bbox 1082 4880 1324 4950; x_wconf 90' lang='lat' dir='ltr'><strong>tribuat,</strong></span> <span class='ocrx_word' id='word_1_371' title='bbox 1359 4888 1416 4939; x_wconf 91' lang='lat' dir='ltr'><strong>et</strong></span> <span class='ocrx_word' id='word_1_372' title='bbox 1446 4884 1697 4947; x_wconf 88' lang='lat' dir='ltr'><strong>alteram</strong></span> <span class='ocrx_word' id='word_1_373' title='bbox 1726 4905 1853 4945; x_wconf 91' lang='lat' dir='ltr'><strong>me-</strong></span> 
     </span>
    </p>
   </div>
   <div class='ocr_carea' id='block_1_55' title="bbox 165 4957 1853 5052">
    <p class='ocr_par' dir='ltr' id='par_1_55' title="bbox 165 4957 1853 5052">
     <span class='ocr_line' id='line_1_55' title="bbox 165 4957 1853 5052; baseline 0.012 -37"><span class='ocrx_word' id='word_1_374' title='bbox 165 4957 446 5020; x_wconf 85' lang='lat' dir='ltr'><strong>dietatem</strong></span> <span class='ocrx_word' id='word_1_375' title='bbox 476 4967 549 5022; x_wconf 88' lang='lat' dir='ltr'><strong>in</strong></span> <span class='ocrx_word' id='word_1_376' title='bbox 579 4966 972 5041; x_wconf 88' lang='lat' dir='ltr'><strong>eleemosyna</strong></span> <span class='ocrx_word' id='word_1_377' title='bbox 996 4971 1126 5042; x_wconf 87' lang='lat' dir='ltr'><strong>ejus</strong></span> <span class='ocrx_word' id='word_1_378' title='bbox 1141 4972 1302 5043; x_wconf 85' lang='lat' dir='ltr'><strong>juste</strong></span> <span class='ocrx_word' id='word_1_379' title='bbox 1328 4973 1674 5047; x_wconf 86' lang='lat' dir='ltr'><strong>dispertiat:</strong></span> <span class='ocrx_word' id='word_1_380' title='bbox 1709 4981 1853 5052; x_wconf 87' lang='lat' dir='ltr'><strong>quia</strong></span> 
     </span>
    </p>
   </div>
   <div class='ocr_carea' id='block_1_56' title="bbox 162 5050 1850 5141">
    <p class='ocr_par' dir='ltr' id='par_1_56' title="bbox 162 5050 1850 5141">
     <span class='ocr_line' id='line_1_56' title="bbox 162 5050 1850 5141; baseline 0.014 -38"><span class='ocrx_word' id='word_1_381' title='bbox 162 5050 359 5110; x_wconf 87' lang='lat' dir='ltr'><strong>nullus</strong></span> <span class='ocrx_word' id='word_1_382' title='bbox 404 5057 609 5113; x_wconf 82' lang='lat' dir='ltr'><strong>nobis</strong></span> <span class='ocrx_word' id='word_1_383' title='bbox 656 5058 785 5130; x_wconf 88' lang='lat' dir='ltr'><strong>ejus</strong></span> <span class='ocrx_word' id='word_1_384' title='bbox 824 5059 1016 5119; x_wconf 76' lang='lat' dir='ltr'><strong>haeres</strong></span> <span class='ocrx_word' id='word_1_385' title='bbox 1046 5061 1374 5135; x_wconf 84' lang='lat' dir='ltr'><strong>proximior</strong></span> <span class='ocrx_word' id='word_1_386' title='bbox 1403 5063 1639 5124; x_wconf 87' lang='lat' dir='ltr'><strong>videtur</strong></span> <span class='ocrx_word' id='word_1_387' title='bbox 1663 5050 1850 5141; x_wconf 78' lang='lat' dir='ltr'><strong>quam</strong></span> 
     </span>
    </p>
   </div>
   <div class='ocr_carea' id='block_1_57' title="bbox 160 5135 1400 5226">
    <p class='ocr_par' dir='ltr' id='par_1_57' title="bbox 160 5135 1400 5226">
     <span class='ocr_line' id='line_1_57' title="bbox 160 5135 1400 5226; baseline 0.013 -34"><span class='ocrx_word' id='word_1_388' title='bbox 160 5135 250 5195; x_wconf 90' lang='lat' dir='ltr'><strong>ille</strong></span> <span class='ocrx_word' id='word_1_389' title='bbox 274 5143 383 5215; x_wconf 89' lang='lat' dir='ltr'><strong>qui</strong></span> <span class='ocrx_word' id='word_1_390' title='bbox 412 5144 646 5217; x_wconf 88' lang='lat' dir='ltr'><strong>ipsum</strong></span> <span class='ocrx_word' id='word_1_391' title='bbox 676 5146 931 5207; x_wconf 87' lang='lat' dir='ltr'><strong>Domino</strong></span> <span class='ocrx_word' id='word_1_392' title='bbox 957 5149 1222 5207; x_wconf 81' lang='lat' dir='ltr'><strong>sociavit.</strong></span> <span class='ocrx_word' id='word_1_393' title='bbox 1254 5153 1400 5226; x_wconf 79' lang='lat'><strong>(286)</strong></span> 
     </span>
    </p>
   </div>
   <div class='ocr_carea' id='block_1_58' title="bbox 260 5234 1743 5306">
    <p class='ocr_par' dir='ltr' id='par_1_58' title="bbox 260 5234 1743 5306">
     <span class='ocr_line' id='line_1_58' title="bbox 260 5234 1743 5306; baseline 0.011 -19"><span class='ocrx_word' id='word_1_394' title='bbox 260 5234 348 5289; x_wconf 82' lang='lat' dir='ltr'><strong>De</strong></span> <span class='ocrx_word' id='word_1_395' title='bbox 379 5252 451 5293; x_wconf 82' lang='lat' dir='ltr'><strong>co</strong></span> <span class='ocrx_word' id='word_1_396' title='bbox 486 5236 610 5306; x_wconf 82' lang='lat' dir='ltr'><strong>qui</strong></span> <span class='ocrx_word' id='word_1_397' title='bbox 635 5237 997 5296; x_wconf 84' lang='lat' dir='ltr'><strong>sacerdotem</strong></span> <span class='ocrx_word' id='word_1_398' title='bbox 1026 5241 1329 5298; x_wconf 78' lang='lat' dir='ltr'><strong>occiderit.</strong></span> <span class='ocrx_word' id='word_1_399' title='bbox 1362 5243 1463 5300; x_wconf 70' lang='lat' dir='ltr'><strong>Ex</strong></span> <span class='ocrx_word' id='word_1_400' title='bbox 1489 5247 1743 5305; x_wconf 83' lang='lat' dir='ltr'><strong>concilio</strong></span> 
     </span>
    </p>
   </div>
   <div class='ocr_carea' id='block_1_59' title="bbox 811 5309 1249 5368">
    <p class='ocr_par' dir='ltr' id='par_1_59' title="bbox 811 5309 1249 5368">
     <span class='ocr_line' id='line_1_59' title="bbox 811 5309 1249 5368; baseline 0.011 -5"><span class='ocrx_word' id='word_1_401' title='bbox 811 5309 1249 5368; x_wconf 80' lang='lat' dir='ltr'><strong>Wormatiensi.</strong></span> 
     </span>
    </p>
   </div>
   <div class='ocr_carea' id='block_1_60' title="bbox 222 5391 1845 5474">
    <p class='ocr_par' dir='ltr' id='par_1_60' title="bbox 222 5391 1845 5474">
     <span class='ocr_line' id='line_1_60' title="bbox 222 5391 1845 5474; baseline 0.009 -28"><span class='ocrx_word' id='word_1_402' title='bbox 222 5391 382 5450; x_wconf 74' lang='lat' dir='ltr'><strong>XLII.</strong></span> <span class='ocrx_word' id='word_1_403' title='bbox 423 5395 862 5468; x_wconf 74' lang='lat' dir='ltr'><strong>(ConciLWor</strong></span> <span class='ocrx_word' id='word_1_404' title='bbox 894 5404 1008 5463; x_wconf 5' lang='lat' dir='ltr'><strong>dat.</strong></span> <span class='ocrx_word' id='word_1_405' title='bbox 1042 5416 1093 5454; x_wconf 91' lang='lat' dir='ltr'><strong>c.</strong></span> <span class='ocrx_word' id='word_1_406' title='bbox 1126 5405 1231 5468; x_wconf 79' lang='lat'><strong>26;</strong></span> <span class='ocrx_word' id='word_1_407' title='bbox 1275 5404 1602 5474; x_wconf 72' lang='lat' dir='ltr'><strong>BURCBARD,</strong></span> <span class='ocrx_word' id='word_1_408' title='bbox 1631 5406 1732 5463; x_wconf 91' lang='lat' dir='ltr'><strong>lib.</strong></span> <span class='ocrx_word' id='word_1_409' title='bbox 1772 5425 1845 5474; x_wconf 86' lang='lat' dir='ltr'><strong>VI,</strong></span> 
     </span>
    </p>
   </div>
   <div class='ocr_carea' id='block_1_61' title="bbox 222 5520 1174 5607">
    <p class='ocr_par' dir='ltr' id='par_1_61' title="bbox 222 5520 1174 5607">
     <span class='ocr_line' id='line_1_61' title="bbox 222 5520 1174 5607; baseline 0.011 -34"><span class='ocrx_word' id='word_1_410' title='bbox 421 5520 585 5607; x_wconf 62' lang='lat' dir='ltr'><strong>Vide</strong></span> <span class='ocrx_word' id='word_1_411' title='bbox 617 5537 802 5607; x_wconf 77' lang='lat' dir='ltr'><strong>supra</strong></span> <span class='ocrx_word' id='word_1_412' title='bbox 828 5539 964 5604; x_wconf 75' lang='lat' dir='ltr'><strong>cap.</strong></span> <span class='ocrx_word' id='word_1_413' title='bbox 1002 5525 1174 5607; x_wconf 42' lang='lat'><strong>132.“</strong></span> 
     </span>
    </p>
   </div>
   <div class='ocr_carea' id='block_1_62' title="bbox 222 5589 1841 5676">
    <p class='ocr_par' dir='ltr' id='par_1_62' title="bbox 222 5589 1841 5676">
     <span class='ocr_line' id='line_1_62' title="bbox 222 5589 1841 5676; baseline 0.011 -34"><span class='ocrx_word' id='word_1_414' title='bbox 620 5589 791 5676; x_wconf 78' lang='lat' dir='ltr'><strong>infra,</strong></span> <span class='ocrx_word' id='word_1_415' title='bbox 824 5595 884 5650; x_wconf 91' lang='lat' dir='ltr'><strong>in</strong></span> <span class='ocrx_word' id='word_1_416' title='bbox 904 5589 1248 5676; x_wconf 60' lang='lat' dir='ltr'><strong>&#39;appendice</strong></span> <span class='ocrx_word' id='word_1_417' title='bbox 1275 5601 1560 5676; x_wconf 68' lang='lat' dir='ltr'><strong>secunda,</strong></span> <span class='ocrx_word' id='word_1_418' title='bbox 1591 5620 1721 5676; x_wconf 82' lang='lat' dir='ltr'><strong>cap.</strong></span> <span class='ocrx_word' id='word_1_419' title='bbox 1754 5608 1841 5659; x_wconf 88' lang='lat'><strong>39.</strong></span> 
     </span>
    </p>
   </div>
   <div class='ocr_carea' id='block_1_63' title="bbox 220 5662 1838 5745">
    <p class='ocr_par' dir='ltr' id='par_1_63' title="bbox 220 5662 1838 5745">
     <span class='ocr_line' id='line_1_63' title="bbox 220 5662 1838 5745; baseline 0.009 -30"><span class='ocrx_word' id='word_1_420' title='bbox 220 5665 379 5735; x_wconf 68' lang='lat'><strong>(286)</strong></span> <span class='ocrx_word' id='word_1_421' title='bbox 419 5662 597 5745; x_wconf 45' lang='lat' dir='ltr'><strong>Vide.</strong></span> <span class='ocrx_word' id='word_1_422' title='bbox 633 5669 849 5745; x_wconf 72' lang='lat' dir='ltr'><strong>notam</strong></span> <span class='ocrx_word' id='word_1_423' title='bbox 887 5662 1232 5745; x_wconf 62' lang='lat' dir='ltr'><strong>correctoris</strong></span> <span class='ocrx_word' id='word_1_424' title='bbox 1284 5662 1683 5731; x_wconf 49' lang='lat' dir='ltr'><strong>Romani&#39;ad‘</strong></span> <span class='ocrx_word' id='word_1_425' title='bbox 1706 5689 1838 5745; x_wconf 87' lang='lat' dir='ltr'><strong>cap.</strong></span> 
     </span>
    </p>
   </div>
   <div class='ocr_carea' id='block_1_64' title="bbox 156 5729 1051 5807">
    <p class='ocr_par' dir='ltr' id='par_1_64' title="bbox 156 5729 1051 5807">
     <span class='ocr_line' id='line_1_64' title="bbox 156 5729 1051 5807; baseline 0.008 -20"><span class='ocrx_word' id='word_1_426' title='bbox 156 5729 374 5791; x_wconf 67' lang='lat' dir='ltr'><strong>Omnes</strong></span> <span class='ocrx_word' id='word_1_427' title='bbox 395 5732 769 5806; x_wconf 72' lang='lat' dir='ltr'><strong>presbyteri</strong></span> <span class='ocrx_word' id='word_1_428' title='bbox 798 5740 881 5805; x_wconf 85' lang='lat' dir='ltr'><strong>I7,</strong></span> <span class='ocrx_word' id='word_1_429' title='bbox 914 5740 968 5807; x_wconf 88' lang='lat'><strong>9,</strong></span> <span class='ocrx_word' id='word_1_430' title='bbox 999 5740 1051 5794; x_wconf 83' lang='grc'><strong>4.</strong></span> 
     </span>
    </p>
   </div>
   <div class='ocr_carea' id='block_1_65' title="bbox 1984 446 3644 529">
    <p class='ocr_par' dir='ltr' id='par_1_65' title="bbox 1984 446 3644 529">
     <span class='ocr_line' id='line_1_65' title="bbox 1984 446 3644 529; baseline 0.022 -35"><span class='ocrx_word' id='word_1_431' title='bbox 1984 455 2106 496; x_wconf 88' lang='lat' dir='ltr'><strong>non</strong></span> <span class='ocrx_word' id='word_1_432' title='bbox 2136 446 2414 503; x_wconf 87' lang='lat' dir='ltr'><strong>comedat</strong></span> <span class='ocrx_word' id='word_1_433' title='bbox 2454 454 2512 505; x_wconf 88' lang='lat' dir='ltr'><strong>et</strong></span> <span class='ocrx_word' id='word_1_434' title='bbox 2540 452 2750 510; x_wconf 90' lang='lat' dir='ltr'><strong>vinum</strong></span> <span class='ocrx_word' id='word_1_435' title='bbox 2800 473 2923 514; x_wconf 87' lang='lat' dir='ltr'><strong>non</strong></span> <span class='ocrx_word' id='word_1_436' title='bbox 2965 460 3133 519; x_wconf 88' lang='lat' dir='ltr'><strong>bibat</strong></span> <span class='ocrx_word' id='word_1_437' title='bbox 3170 446 3398 525; x_wconf 85' lang='lat' dir='ltr'><strong>cunctis</strong></span> <span class='ocrx_word' id='word_1_438' title='bbox 3430 470 3644 529; x_wconf 88' lang='lat' dir='ltr'><strong>diebus</strong></span> 
     </span>
    </p>
   </div>
   <div class='ocr_carea' id='block_1_66' title="bbox 1984 528 3643 634">
    <p class='ocr_par' dir='ltr' id='par_1_66' title="bbox 1984 528 3643 634">
     <span class='ocr_line' id='line_1_66' title="bbox 1984 528 3643 634; baseline 0.023 -52"><span class='ocrx_word' id='word_1_439' title='bbox 1984 528 2113 585; x_wconf 76' lang='lat' dir='ltr'><strong>vitae</strong></span> <span class='ocrx_word' id='word_1_440' title='bbox 2158 549 2312 597; x_wconf 67' lang='lat' dir='ltr'><strong>suas;</strong></span> <span class='ocrx_word' id='word_1_441' title='bbox 2359 537 2588 607; x_wconf 80' lang='lat' dir='ltr'><strong>jejunet</strong></span> <span class='ocrx_word' id='word_1_442' title='bbox 2636 556 2829 616; x_wconf 88' lang='lat' dir='ltr'><strong>usque</strong></span> <span class='ocrx_word' id='word_1_443' title='bbox 2884 549 2963 604; x_wconf 87' lang='lat' dir='ltr'><strong>ad</strong></span> <span class='ocrx_word' id='word_1_444' title='bbox 3006 567 3343 626; x_wconf 79' lang='lat' dir='ltr'><strong>vesperam,</strong></span> <span class='ocrx_word' id='word_1_445' title='bbox 3383 563 3643 634; x_wconf 82' lang='lat' dir='ltr'><strong>exceptis</strong></span> 
     </span>
    </p>
   </div>
   <div class='ocr_carea' id='block_1_67' title="bbox 1981 617 3641 722">
    <p class='ocr_par' dir='ltr' id='par_1_67' title="bbox 1981 617 3641 722">
     <span class='ocr_line' id='line_1_67' title="bbox 1981 617 3641 722; baseline 0.023 -50"><span class='ocrx_word' id='word_1_446' title='bbox 1981 617 2199 676; x_wconf 88' lang='lat' dir='ltr'><strong>diebus</strong></span> <span class='ocrx_word' id='word_1_447' title='bbox 2229 624 2391 680; x_wconf 80' lang='lat' dir='ltr'><strong>festis</strong></span> <span class='ocrx_word' id='word_1_448' title='bbox 2432 630 2615 700; x_wconf 85' lang='lat' dir='ltr'><strong>atque</strong></span> <span class='ocrx_word' id='word_1_449' title='bbox 2664 634 3021 703; x_wconf 85' lang='lat' dir='ltr'><strong>Dominicis;</strong></span> <span class='ocrx_word' id='word_1_450' title='bbox 3074 617 3244 701; x_wconf 66' lang='lat' dir='ltr'><strong>arma</strong></span> <span class='ocrx_word' id='word_1_451' title='bbox 3271 662 3392 704; x_wconf 88' lang='lat' dir='ltr'><strong>non</strong></span> <span class='ocrx_word' id='word_1_452' title='bbox 3424 617 3641 722; x_wconf 59' lang='lat' dir='ltr'><strong>suniat,</strong></span> 
     </span>
    </p>
   </div>
   <div class='ocr_carea' id='block_1_68' title="bbox 1981 717 3642 808">
    <p class='ocr_par' dir='ltr' id='par_1_68' title="bbox 1981 717 3642 808">
     <span class='ocr_line' id='line_1_68' title="bbox 1981 717 3642 808; baseline 0.023 -47"><span class='ocrx_word' id='word_1_453' title='bbox 1981 722 2206 779; x_wconf 84' lang='lat' dir='ltr'><strong>equum</strong></span> <span class='ocrx_word' id='word_1_454' title='bbox 2233 728 2355 768; x_wconf 88' lang='lat' dir='ltr'><strong>non</strong></span> <span class='ocrx_word' id='word_1_455' title='bbox 2372 717 2677 779; x_wconf 85' lang='lat' dir='ltr'><strong>ascendat.</strong></span> <span class='ocrx_word' id='word_1_456' title='bbox 2696 722 3008 782; x_wconf 87' lang='lat' dir='ltr'><strong>ecclesiam</strong></span> <span class='ocrx_word' id='word_1_457' title='bbox 3030 745 3137 801; x_wconf 82' lang='lat' dir='ltr'><strong>per</strong></span> <span class='ocrx_word' id='word_1_458' title='bbox 3160 735 3642 808; x_wconf 79' lang='lat' dir='ltr'><strong>quinquennium</strong></span> 
     </span>
    </p>
   </div>
   <div class='ocr_carea' id='block_1_69' title="bbox 1982 799 3639 897">
    <p class='ocr_par' dir='ltr' id='par_1_69' title="bbox 1982 799 3639 897">
     <span class='ocr_line' id='line_1_69' title="bbox 1982 799 3639 897; baseline 0.022 -47"><span class='ocrx_word' id='word_1_459' title='bbox 1982 812 2102 852; x_wconf 86' lang='lat' dir='ltr'><strong>non</strong></span> <span class='ocrx_word' id='word_1_460' title='bbox 2134 799 2505 869; x_wconf 78' lang='lat' dir='ltr'><strong>ingrediatur</strong></span> <span class='ocrx_word' id='word_1_461' title='bbox 2534 807 2697 880; x_wconf 68' lang='lat'><strong>(287),</strong></span> <span class='ocrx_word' id='word_1_462' title='bbox 2719 812 2825 867; x_wconf 83' lang='lat' dir='ltr'><strong>sed</strong></span> <span class='ocrx_word' id='word_1_463' title='bbox 2847 819 2985 871; x_wconf 86' lang='lat' dir='ltr'><strong>ante</strong></span> <span class='ocrx_word' id='word_1_464' title='bbox 3011 799 3464 882; x_wconf 46' lang='lat' dir='ltr'><strong>iores-ecclesias</strong></span> <span class='ocrx_word' id='word_1_465' title='bbox 3502 834 3639 897; x_wconf 88' lang='lat' dir='ltr'><strong>stet;</strong></span> 
     </span>
    </p>
   </div>
   <div class='ocr_carea' id='block_1_70' title="bbox 1981 887 3641 980">
    <p class='ocr_par' dir='ltr' id='par_1_70' title="bbox 1981 887 3641 980">
     <span class='ocr_line' id='line_1_70' title="bbox 1981 887 3641 980; baseline 0.023 -42"><span class='ocrx_word' id='word_1_466' title='bbox 1981 891 2118 956; x_wconf 85' lang='lat' dir='ltr'><strong>post</strong></span> <span class='ocrx_word' id='word_1_467' title='bbox 2145 887 2584 962; x_wconf 88' lang='lat' dir='ltr'><strong>qinquennium</strong></span> <span class='ocrx_word' id='word_1_468' title='bbox 2611 900 2922 958; x_wconf 85' lang='lat' dir='ltr'><strong>ecclesiam</strong></span> <span class='ocrx_word' id='word_1_469' title='bbox 2952 904 3338 980; x_wconf 65' lang='lat' dir='ltr'><strong>ingrediatur,</strong></span> <span class='ocrx_word' id='word_1_470' title='bbox 3368 887 3641 976; x_wconf 82' lang='lat' dir='ltr'><strong>nondum</strong></span> 
     </span>
    </p>
   </div>
   <div class='ocr_carea' id='block_1_71' title="bbox 1980 984 3639 1068">
    <p class='ocr_par' dir='ltr' id='par_1_71' title="bbox 1980 984 3639 1068">
     <span class='ocr_line' id='line_1_71' title="bbox 1980 984 3639 1068; baseline 0.022 -41"><span class='ocrx_word' id='word_1_471' title='bbox 1980 988 2123 1029; x_wconf 83' lang='lat' dir='ltr'><strong>vero</strong></span> <span class='ocrx_word' id='word_1_472' title='bbox 2153 984 2576 1051; x_wconf 86' lang='lat' dir='ltr'><strong>communicet,</strong></span> <span class='ocrx_word' id='word_1_473' title='bbox 2611 988 2719 1044; x_wconf 85' lang='lat' dir='ltr'><strong>sed</strong></span> <span class='ocrx_word' id='word_1_474' title='bbox 2747 990 2900 1047; x_wconf 86' lang='lat' dir='ltr'><strong>inter</strong></span> <span class='ocrx_word' id='word_1_475' title='bbox 2938 995 3243 1055; x_wconf 82' lang='lat' dir='ltr'><strong>audientes</strong></span> <span class='ocrx_word' id='word_1_476' title='bbox 3270 1006 3399 1068; x_wconf 88' lang='lat' dir='ltr'><strong>stet,</strong></span> <span class='ocrx_word' id='word_1_477' title='bbox 3430 1006 3522 1061; x_wconf 74' lang='lat' dir='ltr'><strong>vel</strong></span> <span class='ocrx_word' id='word_1_478' title='bbox 3549 1022 3639 1063; x_wconf 87' lang='lat' dir='ltr'><strong>se-</strong></span> 
     </span>
    </p>
   </div>
   <div class='ocr_carea' id='block_1_72' title="bbox 1981 1061 3640 1168">
    <p class='ocr_par' dir='ltr' id='par_1_72' title="bbox 1981 1061 3640 1168">
     <span class='ocr_line' id='line_1_72' title="bbox 1981 1061 3640 1168; baseline 0.024 -52"><span class='ocrx_word' id='word_1_479' title='bbox 1981 1061 2138 1120; x_wconf 88' lang='lat' dir='ltr'><strong>deat.</strong></span> <span class='ocrx_word' id='word_1_480' title='bbox 2189 1067 2337 1123; x_wconf 86' lang='lat' dir='ltr'><strong>Cum</strong></span> <span class='ocrx_word' id='word_1_481' title='bbox 2394 1078 2593 1130; x_wconf 85' lang='lat' dir='ltr'><strong>autem</strong></span> <span class='ocrx_word' id='word_1_482' title='bbox 2646 1078 2819 1135; x_wconf 77' lang='lat' dir='ltr'><strong>fuerit</strong></span> <span class='ocrx_word' id='word_1_483' title='bbox 2872 1081 3212 1144; x_wconf 88' lang='lat' dir='ltr'><strong>duodecimi</strong></span> <span class='ocrx_word' id='word_1_484' title='bbox 3257 1061 3398 1147; x_wconf 85' lang='lat' dir='ltr'><strong>anni</strong></span> <span class='ocrx_word' id='word_1_485' title='bbox 3461 1061 3640 1168; x_wconf 56' lang='lat' dir='ltr'><strong>33b</strong></span> 
     </span>
    </p>
   </div>
   <div class='ocr_carea' id='block_1_73' title="bbox 1981 1156 3640 1241">
    <p class='ocr_par' dir='ltr' id='par_1_73' title="bbox 1981 1156 3640 1241">
     <span class='ocr_line' id='line_1_73' title="bbox 1981 1156 3640 1241; baseline 0.022 -36"><span class='ocrx_word' id='word_1_486' title='bbox 1981 1168 2194 1210; x_wconf 83' lang='lat' dir='ltr'><strong>cursus</strong></span> <span class='ocrx_word' id='word_1_487' title='bbox 2223 1156 2445 1227; x_wconf 81' lang='lat' dir='ltr'><strong>ﬁnitus,</strong></span> <span class='ocrx_word' id='word_1_488' title='bbox 2479 1169 2966 1228; x_wconf 85' lang='lat' dir='ltr'><strong>communicandi</strong></span> <span class='ocrx_word' id='word_1_489' title='bbox 2998 1175 3047 1230; x_wconf 90' lang='lat' dir='ltr'><strong>ei</strong></span> <span class='ocrx_word' id='word_1_490' title='bbox 3087 1177 3323 1236; x_wconf 82' lang='lat' dir='ltr'><strong>licentia</strong></span> <span class='ocrx_word' id='word_1_491' title='bbox 3350 1185 3640 1241; x_wconf 87' lang='lat' dir='ltr'><strong>conceda-</strong></span> 
     </span>
    </p>
   </div>
   <div class='ocr_carea' id='block_1_74' title="bbox 1982 1246 3636 1330">
    <p class='ocr_par' dir='ltr' id='par_1_74' title="bbox 1982 1246 3636 1330">
     <span class='ocr_line' id='line_1_74' title="bbox 1982 1246 3636 1330; baseline 0.022 -35"><span class='ocrx_word' id='word_1_492' title='bbox 1982 1246 2095 1308; x_wconf 87' lang='lat' dir='ltr'><strong>tur,</strong></span> <span class='ocrx_word' id='word_1_493' title='bbox 2123 1250 2180 1299; x_wconf 91' lang='lat' dir='ltr'><strong>et</strong></span> <span class='ocrx_word' id='word_1_494' title='bbox 2202 1248 2508 1318; x_wconf 87' lang='lat' dir='ltr'><strong>equitandi</strong></span> <span class='ocrx_word' id='word_1_495' title='bbox 2532 1254 2829 1314; x_wconf 84' lang='lat' dir='ltr'><strong>tribuatur</strong></span> <span class='ocrx_word' id='word_1_496' title='bbox 2855 1263 3148 1321; x_wconf 88' lang='lat' dir='ltr'><strong>remissio.</strong></span> <span class='ocrx_word' id='word_1_497' title='bbox 3178 1269 3408 1327; x_wconf 75' lang='lat' dir='ltr'><strong>Maneat</strong></span> <span class='ocrx_word' id='word_1_498' title='bbox 3436 1278 3636 1330; x_wconf 86' lang='lat' dir='ltr'><strong>autem</strong></span> 
     </span>
    </p>
   </div>
   <div class='ocr_carea' id='block_1_75' title="bbox 1979 1330 3638 1429">
    <p class='ocr_par' dir='ltr' id='par_1_75' title="bbox 1979 1330 3638 1429">
     <span class='ocr_line' id='line_1_75' title="bbox 1979 1330 3638 1429; baseline 0.022 -45"><span class='ocrx_word' id='word_1_499' title='bbox 1979 1330 2040 1385; x_wconf 93' lang='lat' dir='ltr'><strong>in</strong></span> <span class='ocrx_word' id='word_1_500' title='bbox 2070 1332 2314 1405; x_wconf 84' lang='lat' dir='ltr'><strong>reliquis</strong></span> <span class='ocrx_word' id='word_1_501' title='bbox 2341 1339 2861 1403; x_wconf 80' lang='lat' dir='ltr'><strong>observationibus</strong></span> <span class='ocrx_word' id='word_1_502' title='bbox 2892 1355 3006 1407; x_wconf 84' lang='lat' dir='ltr'><strong>tres</strong></span> <span class='ocrx_word' id='word_1_503' title='bbox 3036 1354 3163 1411; x_wconf 89' lang='lat' dir='ltr'><strong>dies</strong></span> <span class='ocrx_word' id='word_1_504' title='bbox 3189 1374 3296 1429; x_wconf 76' lang='lat' dir='ltr'><strong>per</strong></span> <span class='ocrx_word' id='word_1_505' title='bbox 3310 1360 3638 1420; x_wconf 86' lang='lat' dir='ltr'><strong>hebdoma-</strong></span> 
     </span>
    </p>
   </div>
   <div class='ocr_carea' id='block_1_76' title="bbox 1979 1419 3260 1514">
    <p class='ocr_par' dir='ltr' id='par_1_76' title="bbox 1979 1419 3260 1514">
     <span class='ocr_line' id='line_1_76' title="bbox 1979 1419 3260 1514; baseline 0.023 -41"><span class='ocrx_word' id='word_1_506' title='bbox 1979 1419 2143 1483; x_wconf 86' lang='lat' dir='ltr'><strong>dam,</strong></span> <span class='ocrx_word' id='word_1_507' title='bbox 2176 1430 2239 1478; x_wconf 89' lang='lat' dir='ltr'><strong>ut</strong></span> <span class='ocrx_word' id='word_1_508' title='bbox 2264 1426 2582 1496; x_wconf 77' lang='lat' dir='ltr'><strong>perfectius</strong></span> <span class='ocrx_word' id='word_1_509' title='bbox 2614 1435 2915 1505; x_wconf 85' lang='lat' dir='ltr'><strong>puriﬁcari</strong></span> <span class='ocrx_word' id='word_1_510' title='bbox 2942 1419 3260 1514; x_wconf 73' lang='lat' dir='ltr'><strong>mereatur.</strong></span> 
     </span>
    </p>
   </div>
   <div class='ocr_carea' id='block_1_77' title="bbox 1986 1547 3633 1645">
    <p class='ocr_par' dir='ltr' id='par_1_77' title="bbox 1986 1547 3633 1645">
     <span class='ocr_line' id='line_1_77' title="bbox 1986 1547 3633 1645; baseline 0.024 -49"><span class='ocrx_word' id='word_1_511' title='bbox 1986 1547 2534 1645; x_wconf 36' lang='lat' dir='ltr'><strong>Deve&#39;czgcinirt&#39;c:_‘li_&#39;.§</strong></span> <span class='ocrx_word' id='word_1_512' title='bbox 2552 1561 2803 1645; x_wconf 50' lang='lat' dir='ltr'><strong>cnzz‘cilio</strong></span> <span class='ocrx_word' id='word_1_513' title='bbox 2841 1564 3345 1645; x_wconf 58' lang='lat' dir='ltr'><strong>Moguuciqcensi,</strong></span> <span class='ocrx_word' id='word_1_514' title='bbox 3380 1592 3513 1645; x_wconf 80' lang='lat' dir='ltr'><strong>cap.</strong></span> <span class='ocrx_word' id='word_1_515' title='bbox 3550 1582 3633 1637; x_wconf 63' lang='lat' dir='ltr'><strong>2i.</strong></span> 
     </span>
    </p>
   </div>
   <div class='ocr_carea' id='block_1_78' title="bbox 2054 1615 3632 1714">
    <p class='ocr_par' dir='ltr' id='par_1_78' title="bbox 2054 1615 3632 1714">
     <span class='ocr_line' id='line_1_78' title="bbox 2054 1615 3632 1714; baseline 0.026 -46"><span class='ocrx_word' id='word_1_516' title='bbox 2054 1615 2246 1673; x_wconf 85' lang='lat' dir='ltr'><strong>XLIII.</strong></span> <span class='ocrx_word' id='word_1_517' title='bbox 2297 1622 2550 1689; x_wconf 83' lang='lat' dir='ltr'><strong>(Concil.</strong></span> <span class='ocrx_word' id='word_1_518' title='bbox 2606 1615 3632 1714; x_wconf 45' lang='lat' dir='ltr'><strong>Morg&#39;uﬁifili&#39;&quot;521321322;</strong></span> 
     </span>
    </p>
   </div>
   <div class='ocr_carea' id='block_1_79' title="bbox 1985 1722 3631 1823">
    <p class='ocr_par' dir='ltr' id='par_1_79' title="bbox 1985 1722 3631 1823">
     <span class='ocr_line' id='line_1_79' title="bbox 1985 1722 3631 1823; baseline 0.023 -50"><span class='ocrx_word' id='word_1_519' title='bbox 1985 1722 2316 1796; x_wconf 70' lang='lat' dir='ltr'><strong>BITRCHARD,</strong></span> <span class='ocrx_word' id='word_1_520' title='bbox 2338 1726 2441 1784; x_wconf 89' lang='lat' dir='ltr'><strong>lib.</strong></span> <span class='ocrx_word' id='word_1_521' title='bbox 2466 1747 2543 1791; x_wconf 74' lang='lat' dir='ltr'><strong>vr.</strong></span> <span class='ocrx_word' id='word_1_522' title='bbox 2564 1750 2613 1788; x_wconf 91' lang='lat' dir='ltr'><strong>c.</strong></span> <span class='ocrx_word' id='word_1_523' title='bbox 2639 1736 2717 1805; x_wconf 90' lang='lat'><strong>7.)</strong></span> <span class='ocrx_word' id='word_1_524' title='bbox 2746 1738 2852 1803; x_wconf 87' lang='lat' dir='ltr'><strong>Qui</strong></span> <span class='ocrx_word' id='word_1_525' title='bbox 2888 1741 3305 1822; x_wconf 78' lang='lat' dir='ltr'><strong>presbyterum</strong></span> <span class='ocrx_word' id='word_1_526' title='bbox 3329 1751 3631 1823; x_wconf 85' lang='lat' dir='ltr'><strong>occiderit,</strong></span> 
     </span>
    </p>
   </div>
   <div class='ocr_carea' id='block_1_80' title="bbox 1980 1809 3631 1901">
    <p class='ocr_par' dir='ltr' id='par_1_80' title="bbox 1980 1809 3631 1901">
     <span class='ocr_line' id='line_1_80' title="bbox 1980 1809 3631 1901; baseline 0.024 -39"><span class='ocrx_word' id='word_1_527' title='bbox 1980 1809 2299 1877; x_wconf 80' lang='lat' dir='ltr'><strong>duodecim</strong></span> <span class='ocrx_word' id='word_1_528' title='bbox 2322 1831 2618 1875; x_wconf 86' lang='lat' dir='ltr'><strong>annorum</strong></span> <span class='ocrx_word' id='word_1_529' title='bbox 2652 1824 2705 1877; x_wconf 90' lang='lat' dir='ltr'><strong>ei</strong></span> <span class='ocrx_word' id='word_1_530' title='bbox 2726 1809 3422 1898; x_wconf 46' lang='lat' dir='ltr'><strong>paenilentiaYsecundum</strong></span> <span class='ocrx_word' id='word_1_531' title='bbox 3451 1858 3631 1901; x_wconf 87' lang='lat' dir='ltr'><strong>cano-</strong></span> 
     </span>
    </p>
   </div>
   <div class='ocr_carea' id='block_1_81' title="bbox 1978 1900 3631 2001">
    <p class='ocr_par' dir='ltr' id='par_1_81' title="bbox 1978 1900 3631 2001">
     <span class='ocr_line' id='line_1_81' title="bbox 1978 1900 3631 2001; baseline 0.023 -50"><span class='ocrx_word' id='word_1_532' title='bbox 1978 1914 2083 1953; x_wconf 90' lang='lat' dir='ltr'><strong>nes</strong></span> <span class='ocrx_word' id='word_1_533' title='bbox 2114 1900 2460 1972; x_wconf 88' lang='lat' dir='ltr'><strong>imponatur</strong></span> <span class='ocrx_word' id='word_1_534' title='bbox 2487 1926 2498 1971; x_wconf 88' lang='lat'><strong>;</strong></span> <span class='ocrx_word' id='word_1_535' title='bbox 2531 1915 2635 1965; x_wconf 89' lang='lat' dir='ltr'><strong>aut</strong></span> <span class='ocrx_word' id='word_1_536' title='bbox 2664 1912 2710 1967; x_wconf 91' lang='lat' dir='ltr'><strong>si</strong></span> <span class='ocrx_word' id='word_1_537' title='bbox 2742 1920 3064 1987; x_wconf 80' lang='lat' dir='ltr'><strong>negaverit,</strong></span> <span class='ocrx_word' id='word_1_538' title='bbox 3100 1922 3148 1979; x_wconf 89' lang='lat' dir='ltr'><strong>si</strong></span> <span class='ocrx_word' id='word_1_539' title='bbox 3178 1924 3328 1984; x_wconf 85' lang='lat' dir='ltr'><strong>liber</strong></span> <span class='ocrx_word' id='word_1_540' title='bbox 3355 1934 3464 2001; x_wconf 81' lang='lat' dir='ltr'><strong>est,</strong></span> <span class='ocrx_word' id='word_1_541' title='bbox 3491 1949 3631 1995; x_wconf 86' lang='lat' dir='ltr'><strong>cum</strong></span> 
     </span>
    </p>
   </div>
   <div class='ocr_carea' id='block_1_82' title="bbox 1976 1987 3631 2086">
    <p class='ocr_par' dir='ltr' id='par_1_82' title="bbox 1976 1987 3631 2086">
     <span class='ocr_line' id='line_1_82' title="bbox 1976 1987 3631 2086; baseline 0.023 -44"><span class='ocrx_word' id='word_1_542' title='bbox 1976 1987 2297 2048; x_wconf 88' lang='lat' dir='ltr'><strong>duodecim</strong></span> <span class='ocrx_word' id='word_1_543' title='bbox 2314 1994 2506 2065; x_wconf 89' lang='lat' dir='ltr'><strong>juret;</strong></span> <span class='ocrx_word' id='word_1_544' title='bbox 2541 1999 2584 2054; x_wconf 90' lang='lat' dir='ltr'><strong>si</strong></span> <span class='ocrx_word' id='word_1_545' title='bbox 2618 2008 2817 2061; x_wconf 91' lang='lat' dir='ltr'><strong>autem</strong></span> <span class='ocrx_word' id='word_1_546' title='bbox 2846 2024 3070 2080; x_wconf 85' lang='lat' dir='ltr'><strong>servus,</strong></span> <span class='ocrx_word' id='word_1_547' title='bbox 3104 2030 3283 2086; x_wconf 83' lang='lat' dir='ltr'><strong>super</strong></span> <span class='ocrx_word' id='word_1_548' title='bbox 3309 1987 3631 2079; x_wconf 81' lang='lat' dir='ltr'><strong>duodecim</strong></span> 
     </span>
    </p>
   </div>
   <div class='ocr_carea' id='block_1_83' title="bbox 1976 2085 3629 2179">
    <p class='ocr_par' dir='ltr' id='par_1_83' title="bbox 1976 2085 3629 2179">
     <span class='ocr_line' id='line_1_83' title="bbox 1976 2085 3629 2179; baseline 0.022 -47"><span class='ocrx_word' id='word_1_549' title='bbox 1976 2094 2247 2138; x_wconf 88' lang='lat' dir='ltr'><strong>vomeres</strong></span> <span class='ocrx_word' id='word_1_550' title='bbox 2298 2085 2589 2145; x_wconf 84' lang='lat' dir='ltr'><strong>ferventes</strong></span> <span class='ocrx_word' id='word_1_551' title='bbox 2642 2109 2705 2147; x_wconf 91' lang='lat' dir='ltr'><strong>se</strong></span> <span class='ocrx_word' id='word_1_552' title='bbox 2765 2106 3014 2166; x_wconf 74' lang='lat' dir='ltr'><strong>purget:</strong></span> <span class='ocrx_word' id='word_1_553' title='bbox 3070 2085 3381 2162; x_wconf 82' lang='lat' dir='ltr'><strong>convictus</strong></span> <span class='ocrx_word' id='word_1_554' title='bbox 3433 2126 3629 2179; x_wconf 60' lang='lat' dir='ltr'><strong>noxas,</strong></span> 
     </span>
    </p>
   </div>
   <div class='ocr_carea' id='block_1_84' title="bbox 1974 2173 3631 2269">
    <p class='ocr_par' dir='ltr' id='par_1_84' title="bbox 1974 2173 3631 2269">
     <span class='ocr_line' id='line_1_84' title="bbox 1974 2173 3631 2269; baseline 0.022 -48"><span class='ocrx_word' id='word_1_555' title='bbox 1974 2183 2166 2241; x_wconf 86' lang='lat' dir='ltr'><strong>usque</strong></span> <span class='ocrx_word' id='word_1_556' title='bbox 2204 2173 2281 2227; x_wconf 90' lang='lat' dir='ltr'><strong>ad</strong></span> <span class='ocrx_word' id='word_1_557' title='bbox 2330 2176 2610 2234; x_wconf 89' lang='lat' dir='ltr'><strong>ultimum</strong></span> <span class='ocrx_word' id='word_1_558' title='bbox 2639 2181 2770 2237; x_wconf 50' lang='lat' dir='ltr'><strong>vitae</strong></span> <span class='ocrx_word' id='word_1_559' title='bbox 2802 2189 3039 2258; x_wconf 90' lang='lat' dir='ltr'><strong>tempus</strong></span> <span class='ocrx_word' id='word_1_560' title='bbox 3070 2192 3291 2249; x_wconf 58' lang='lat' dir='ltr'><strong>militias</strong></span> <span class='ocrx_word' id='word_1_561' title='bbox 3323 2173 3631 2269; x_wconf 83' lang='lat' dir='ltr'><strong>cingulum</strong></span> 
     </span>
    </p>
   </div>
   <div class='ocr_carea' id='block_1_85' title="bbox 1972 2255 2894 2329">
    <p class='ocr_par' dir='ltr' id='par_1_85' title="bbox 1972 2255 2894 2329">
     <span class='ocr_line' id='line_1_85' title="bbox 1972 2255 2894 2329; baseline 0.023 -21"><span class='ocrx_word' id='word_1_562' title='bbox 1972 2255 2255 2327; x_wconf 87' lang='lat' dir='ltr'><strong>deponat,</strong></span> <span class='ocrx_word' id='word_1_563' title='bbox 2289 2266 2345 2316; x_wconf 89' lang='lat' dir='ltr'><strong>et</strong></span> <span class='ocrx_word' id='word_1_564' title='bbox 2370 2279 2619 2322; x_wconf 83' lang='lat' dir='ltr'><strong>uxorem</strong></span> <span class='ocrx_word' id='word_1_565' title='bbox 2646 2270 2894 2329; x_wconf 87' lang='lat' dir='ltr'><strong>amittat.</strong></span> 
     </span>
    </p>
   </div>
   <div class='ocr_carea' id='block_1_86' title="bbox 2045 2383 3553 2471">
    <p class='ocr_par' dir='ltr' id='par_1_86' title="bbox 2045 2383 3553 2471">
     <span class='ocr_line' id='line_1_86' title="bbox 2045 2383 3553 2471; baseline 0.023 -36"><span class='ocrx_word' id='word_1_566' title='bbox 2045 2383 2128 2437; x_wconf 87' lang='lat' dir='ltr'><strong>De</strong></span> <span class='ocrx_word' id='word_1_567' title='bbox 2157 2400 2221 2439; x_wconf 89' lang='lat' dir='ltr'><strong>eo</strong></span> <span class='ocrx_word' id='word_1_568' title='bbox 2252 2388 2357 2456; x_wconf 82' lang='lat' dir='ltr'><strong>qui</strong></span> <span class='ocrx_word' id='word_1_569' title='bbox 2379 2392 2793 2471; x_wconf 44' lang='lat' dir='ltr'><strong>presbyterum</strong></span> <span class='ocrx_word' id='word_1_570' title='bbox 2826 2398 3220 2468; x_wconf 78' lang='lat' dir='ltr'><strong>degradatmn</strong></span> <span class='ocrx_word' id='word_1_571' title='bbox 3254 2411 3553 2471; x_wconf 78' lang='lat' dir='ltr'><strong>occiderit.</strong></span> 
     </span>
    </p>
   </div>
   <div class='ocr_carea' id='block_1_87' title="bbox 2486 2462 3105 2541">
    <p class='ocr_par' dir='ltr' id='par_1_87' title="bbox 2486 2462 3105 2541">
     <span class='ocr_line' id='line_1_87' title="bbox 2486 2462 3105 2541; baseline 0.023 -25"><span class='ocrx_word' id='word_1_572' title='bbox 2486 2462 2587 2519; x_wconf 72' lang='lat' dir='ltr'><strong>Ex</strong></span> <span class='ocrx_word' id='word_1_573' title='bbox 2609 2466 2806 2523; x_wconf 76' lang='lat' dir='ltr'><strong>eodem</strong></span> <span class='ocrx_word' id='word_1_574' title='bbox 2835 2462 3105 2541; x_wconf 57' lang='lat' dir='ltr'><strong>concilio.</strong></span> 
     </span>
    </p>
   </div>
   <div class='ocr_carea' id='block_1_88' title="bbox 2043 2544 3624 2639">
    <p class='ocr_par' dir='ltr' id='par_1_88' title="bbox 2043 2544 3624 2639">
     <span class='ocr_line' id='line_1_88' title="bbox 2043 2544 3624 2639; baseline 0.02 -41"><span class='ocrx_word' id='word_1_575' title='bbox 2043 2544 2505 2639; x_wconf 50' lang='lat' dir='ltr'><strong>XI.IV._tConcil.</strong></span> <span class='ocrx_word' id='word_1_576' title='bbox 2537 2552 2807 2624; x_wconf 75' lang='lat' dir='ltr'><strong>Magum.</strong></span> <span class='ocrx_word' id='word_1_577' title='bbox 2838 2560 2949 2617; x_wconf 78' lang='lat' dir='ltr'><strong>sub</strong></span> <span class='ocrx_word' id='word_1_578' title='bbox 2978 2563 3227 2624; x_wconf 80' lang='lat' dir='ltr'><strong>Rabano</strong></span> <span class='ocrx_word' id='word_1_579' title='bbox 3256 2586 3307 2623; x_wconf 93' lang='lat' dir='ltr'><strong>c.</strong></span> <span class='ocrx_word' id='word_1_580' title='bbox 3339 2576 3446 2639; x_wconf 78' lang='lat'><strong>25;</strong></span> <span class='ocrx_word' id='word_1_581' title='bbox 3479 2576 3624 2632; x_wconf 79' lang='lat' dir='ltr'><strong>Bun-</strong></span> 
     </span>
    </p>
   </div>
   <div class='ocr_carea' id='block_1_89' title="bbox 1973 2632 3628 2731">
    <p class='ocr_par' dir='ltr' id='par_1_89' title="bbox 1973 2632 3628 2731">
     <span class='ocr_line' id='line_1_89' title="bbox 1973 2632 3628 2731; baseline 0.023 -49"><span class='ocrx_word' id='word_1_582' title='bbox 1973 2646 2180 2686; x_wconf 71' lang='lat' dir='ltr'><strong>CHARI).</strong></span> <span class='ocrx_word' id='word_1_583' title='bbox 2207 2632 2311 2693; x_wconf 88' lang='lat' dir='ltr'><strong>lib.</strong></span> <span class='ocrx_word' id='word_1_584' title='bbox 2346 2653 2419 2701; x_wconf 76' lang='lat' dir='ltr'><strong>vr,</strong></span> <span class='ocrx_word' id='word_1_585' title='bbox 2450 2654 2501 2694; x_wconf 89' lang='lat' dir='ltr'><strong>c.</strong></span> <span class='ocrx_word' id='word_1_586' title='bbox 2532 2642 2611 2708; x_wconf 85' lang='lat'><strong>9.)</strong></span> <span class='ocrx_word' id='word_1_587' title='bbox 2640 2644 2986 2707; x_wconf 81' lang='lat' dir='ltr'><strong>Nuntiatum</strong></span> <span class='ocrx_word' id='word_1_588' title='bbox 3012 2656 3103 2706; x_wconf 89' lang='lat' dir='ltr'><strong>est</strong></span> <span class='ocrx_word' id='word_1_589' title='bbox 3128 2654 3303 2713; x_wconf 79' lang='lat' dir='ltr'><strong>nobis</strong></span> <span class='ocrx_word' id='word_1_590' title='bbox 3328 2632 3495 2731; x_wconf 80' lang='lat' dir='ltr'><strong>quod</strong></span> <span class='ocrx_word' id='word_1_591' title='bbox 3527 2664 3628 2723; x_wconf 88' lang='lat' dir='ltr'><strong>ali-</strong></span> 
     </span>
    </p>
   </div>
   <div class='ocr_carea' id='block_1_90' title="bbox 1971 2720 3629 2825">
    <p class='ocr_par' dir='ltr' id='par_1_90' title="bbox 1971 2720 3629 2825">
     <span class='ocr_line' id='line_1_90' title="bbox 1971 2720 3629 2825; baseline 0.054 -86"><span class='ocrx_word' id='word_1_592' title='bbox 1971 2720 2093 2791; x_wconf 46' lang='lat' dir='ltr'><strong>qui.</strong></span> <span class='ocrx_word' id='word_1_593' title='bbox 2127 2722 2231 2797; x_wconf 69' lang='lat' dir='ltr'><strong>qui</strong></span> <span class='ocrx_word' id='word_1_594' title='bbox 2260 2723 2400 2779; x_wconf 67' lang='lat' dir='ltr'><strong>olim</strong></span> <span class='ocrx_word' id='word_1_595' title='bbox 2433 2726 2711 2791; x_wconf 67' lang='lat' dir='ltr'><strong>dixerunt</strong></span> <span class='ocrx_word' id='word_1_596' title='bbox 2739 2750 2800 2789; x_wconf 90' lang='lat' dir='ltr'><strong>se</strong></span> <span class='ocrx_word' id='word_1_597' title='bbox 2831 2734 3015 2794; x_wconf 84' lang='lat' dir='ltr'><strong>fuisse</strong></span> <span class='ocrx_word' id='word_1_598' title='bbox 3054 2720 3410 2816; x_wconf 60' lang='lat' dir='ltr'><strong>sacerdotes,</strong></span> <span class='ocrx_word' id='word_1_599' title='bbox 3441 2720 3497 2811; x_wconf 58' lang='lat' dir='ltr'><strong>ei</strong></span> <span class='ocrx_word' id='word_1_600' title='bbox 3525 2720 3629 2825; x_wconf 35' lang='lat' dir='ltr'><strong>iii&quot;</strong></span> 
     </span>
    </p>
   </div>
   <div class='ocr_carea' id='block_1_91' title="bbox 1971 2809 3629 2911">
    <p class='ocr_par' dir='ltr' id='par_1_91' title="bbox 1971 2809 3629 2911">
     <span class='ocr_line' id='line_1_91' title="bbox 1971 2809 3629 2911; baseline 0.024 -50"><span class='ocrx_word' id='word_1_601' title='bbox 1971 2812 2093 2863; x_wconf 88' lang='lat' dir='ltr'><strong>stea</strong></span> <span class='ocrx_word' id='word_1_602' title='bbox 2119 2809 2427 2879; x_wconf 78' lang='lat' dir='ltr'><strong>degradati</strong></span> <span class='ocrx_word' id='word_1_603' title='bbox 2457 2831 2565 2887; x_wconf 90' lang='lat' dir='ltr'><strong>pro</strong></span> <span class='ocrx_word' id='word_1_604' title='bbox 2589 2819 2711 2874; x_wconf 90' lang='lat' dir='ltr'><strong>suis</strong></span> <span class='ocrx_word' id='word_1_605' title='bbox 2732 2826 2990 2893; x_wconf 83' lang='lat' dir='ltr'><strong>peccatis</strong></span> <span class='ocrx_word' id='word_1_606' title='bbox 3012 2809 3422 2899; x_wconf 71' lang='lat' dir='ltr'><strong>pmnitentiam</strong></span> <span class='ocrx_word' id='word_1_607' title='bbox 3449 2809 3629 2911; x_wconf 50' lang='lat' dir='ltr'><strong>a335-</strong></span> 
     </span>
    </p>
   </div>
   <div class='ocr_carea' id='block_1_92' title="bbox 1968 2896 3623 2991">
    <p class='ocr_par' dir='ltr' id='par_1_92' title="bbox 1968 2896 3623 2991">
     <span class='ocr_line' id='line_1_92' title="bbox 1968 2896 3623 2991; baseline 0.023 -41"><span class='ocrx_word' id='word_1_608' title='bbox 1968 2896 2047 2951; x_wconf 88' lang='lat' dir='ltr'><strong>do</strong></span> <span class='ocrx_word' id='word_1_609' title='bbox 2080 2898 2364 2969; x_wconf 72' lang='lat' dir='ltr'><strong>suffragia</strong></span> <span class='ocrx_word' id='word_1_610' title='bbox 2408 2910 2772 2981; x_wconf 84' lang='lat' dir='ltr'><strong>sanctorum,</strong></span> <span class='ocrx_word' id='word_1_611' title='bbox 2815 2928 2919 2985; x_wconf 89' lang='lat' dir='ltr'><strong>per</strong></span> <span class='ocrx_word' id='word_1_612' title='bbox 2966 2896 3203 2979; x_wconf 77' lang='lat' dir='ltr'><strong>diversa</strong></span> <span class='ocrx_word' id='word_1_613' title='bbox 3249 2896 3623 2991; x_wconf 28' lang='lat' dir='ltr'><strong>loca-trans-</strong></span> 
     </span>
    </p>
   </div>
   <div class='ocr_carea' id='block_1_93' title="bbox 1968 2991 3683 3083">
    <p class='ocr_par' dir='ltr' id='par_1_93' title="bbox 1968 2991 3683 3083">
     <span class='ocr_line' id='line_1_93' title="bbox 1968 2991 3683 3083; baseline 0.023 -44"><span class='ocrx_word' id='word_1_614' title='bbox 1968 2991 2199 3055; x_wconf 85' lang='lat' dir='ltr'><strong>euntes,</strong></span> <span class='ocrx_word' id='word_1_615' title='bbox 2248 2992 2628 3061; x_wconf 70' lang='lat' dir='ltr'><strong>quaesierunt,</strong></span> <span class='ocrx_word' id='word_1_616' title='bbox 2676 2999 2949 3059; x_wconf 86' lang='lat' dir='ltr'><strong>trucidati</strong></span> <span class='ocrx_word' id='word_1_617' title='bbox 2997 3012 3155 3067; x_wconf 86' lang='lat' dir='ltr'><strong>sunt.</strong></span> <span class='ocrx_word' id='word_1_618' title='bbox 3199 3013 3623 3083; x_wconf 84' lang='lat' dir='ltr'><strong>Hujuscemodi</strong></span> <span class='ocrx_word' id='word_1_619' title='bbox 3674 3002 3683 3011; x_wconf 20' lang='grc' dir='ltr'>ἲ</span> 
     </span>
    </p>
   </div>
   <div class='ocr_carea' id='block_1_94' title="bbox 1968 3072 3623 3175">
    <p class='ocr_par' dir='ltr' id='par_1_94' title="bbox 1968 3072 3623 3175">
     <span class='ocr_line' id='line_1_94' title="bbox 1968 3072 3623 3175; baseline 0.023 -49"><span class='ocrx_word' id='word_1_620' title='bbox 1968 3072 2439 3135; x_wconf 86' lang='lat' dir='ltr'><strong>interfectoribus</strong></span> <span class='ocrx_word' id='word_1_621' title='bbox 2477 3099 2720 3149; x_wconf 81' lang='lat' dir='ltr'><strong>omnem</strong></span> <span class='ocrx_word' id='word_1_622' title='bbox 2752 3089 3211 3159; x_wconf 87' lang='lat' dir='ltr'><strong>ecclesiasticam</strong></span> <span class='ocrx_word' id='word_1_623' title='bbox 3251 3072 3623 3175; x_wconf 51' lang='lat' dir='ltr'><strong>denegamus</strong></span> 
     </span>
    </p>
   </div>
   <div class='ocr_carea' id='block_1_95' title="bbox 1967 3168 3623 3267">
    <p class='ocr_par' dir='ltr' id='par_1_95' title="bbox 1967 3168 3623 3267">
     <span class='ocr_line' id='line_1_95' title="bbox 1967 3168 3623 3267; baseline 0.021 -52"><span class='ocrx_word' id='word_1_624' title='bbox 1967 3168 2479 3235; x_wconf 74' lang='lat' dir='ltr'><strong>communionem,</strong></span> <span class='ocrx_word' id='word_1_625' title='bbox 2524 3171 2717 3232; x_wconf 90' lang='lat' dir='ltr'><strong>donec</strong></span> <span class='ocrx_word' id='word_1_626' title='bbox 2757 3177 3006 3248; x_wconf 80' lang='lat' dir='ltr'><strong>dignam</strong></span> <span class='ocrx_word' id='word_1_627' title='bbox 3060 3168 3469 3256; x_wconf 62' lang='lat' dir='ltr'><strong>paenitentiam</strong></span> <span class='ocrx_word' id='word_1_628' title='bbox 3513 3212 3623 3267; x_wconf 91' lang='lat' dir='ltr'><strong>pro</strong></span> 
     </span>
    </p>
   </div>
   <div class='ocr_carea' id='block_1_96' title="bbox 1966 3258 3618 3346">
    <p class='ocr_par' dir='ltr' id='par_1_96' title="bbox 1966 3258 3618 3346">
     <span class='ocr_line' id='line_1_96' title="bbox 1966 3258 3618 3346; baseline 0.021 -41"><span class='ocrx_word' id='word_1_629' title='bbox 1966 3258 2130 3311; x_wconf 79' lang='lat' dir='ltr'><strong>reatu</strong></span> <span class='ocrx_word' id='word_1_630' title='bbox 2162 3258 2493 3315; x_wconf 80' lang='lat' dir='ltr'><strong>secundum</strong></span> <span class='ocrx_word' id='word_1_631' title='bbox 2520 3262 2813 3333; x_wconf 86' lang='lat' dir='ltr'><strong>judicium</strong></span> <span class='ocrx_word' id='word_1_632' title='bbox 2837 3269 3259 3346; x_wconf 79' lang='lat' dir='ltr'><strong>episcoporum</strong></span> <span class='ocrx_word' id='word_1_633' title='bbox 3290 3258 3618 3343; x_wconf 67' lang='lat' dir='ltr'><strong>exsolvant.</strong></span> 
     </span>
    </p>
   </div>
   <div class='ocr_carea' id='block_1_97' title="bbox 2062 3362 3529 3505">
    <p class='ocr_par' dir='ltr' id='par_1_97' title="bbox 2062 3362 3529 3505">
     <span class='ocr_line' id='line_1_97' title="bbox 2062 3362 3529 3505; baseline 0.02 -90"><span class='ocrx_word' id='word_1_634' title='bbox 2062 3362 2146 3416; x_wconf 82' lang='lat' dir='ltr'><strong>De</strong></span> <span class='ocrx_word' id='word_1_635' title='bbox 2176 3363 2509 3429; x_wconf 71' lang='lat' dir='ltr'><strong>homicidiis</strong></span> <span class='ocrx_word' id='word_1_636' title='bbox 2950 3378 3051 3505; x_wconf 50' lang='lat' dir='ltr'><strong>Sir</strong></span> <span class='ocrx_word' id='word_1_637' title='bbox 3081 3381 3529 3452; x_wconf 72' lang='lat' dir='ltr'><strong>Capitularium</strong></span> 
     </span>
     <span class='ocr_line' id='line_1_98' title="bbox 2575 3457 3042 3505; baseline 0.028 -12"><span class='ocrx_word' id='word_1_638' title='bbox 2575 3457 2593 3494; x_wconf 71' lang='grc' dir='ltr'><strong><em>ι</em></strong></span> <span class='ocrx_word' id='word_1_639' title='bbox 2642 3484 2652 3497; x_wconf 93' lang='grc'><em>.</em></span> <span class='ocrx_word' id='word_1_640' title='bbox 2686 3459 2765 3505; x_wconf 83' lang='lat' dir='ltr'><strong>ui,</strong></span> <span class='ocrx_word' id='word_1_641' title='bbox 2795 3460 2927 3505; x_wconf 70' lang='lat' dir='ltr'><strong>cap.</strong></span> <span class='ocrx_word' id='word_1_642' title='bbox 2989 3469 3042 3505; x_wconf 69' lang='grc' dir='ltr'><strong>α.</strong></span> 
     </span>
    </p>
   </div>
   <div class='ocr_carea' id='block_1_98' title="bbox 2575 3454 3042 3515">
    <p class='ocr_par' dir='ltr' id='par_1_98' title="bbox 2575 3454 3042 3515">
     <span class='ocr_line' id='line_1_99' title="bbox 2575 3454 3042 3515; baseline 0.026 -21"><span class='ocrx_word' id='word_1_643' title='bbox 2575 3454 2652 3497; x_wconf 78' lang='lat'><strong>20.</strong></span> <span class='ocrx_word' id='word_1_644' title='bbox 2686 3459 2765 3508; x_wconf 85' lang='lat' dir='ltr'><strong>ul,</strong></span> <span class='ocrx_word' id='word_1_645' title='bbox 2795 3460 2927 3515; x_wconf 76' lang='lat' dir='ltr'><strong>cap.</strong></span> <span class='ocrx_word' id='word_1_646' title='bbox 2952 3454 3042 3509; x_wconf 77' lang='lat'><strong>25.</strong></span> 
     </span>
    </p>
   </div>
   <div class='ocr_carea' id='block_1_99' title="bbox 2039 3520 3623 3609">
    <p class='ocr_par' dir='ltr' id='par_1_99' title="bbox 2039 3520 3623 3609">
     <span class='ocr_line' id='line_1_100' title="bbox 2039 3520 3623 3609; baseline 0.019 -36"><span class='ocrx_word' id='word_1_647' title='bbox 2039 3520 2200 3575; x_wconf 87' lang='lat' dir='ltr'><strong>XLV.</strong></span> <span class='ocrx_word' id='word_1_648' title='bbox 2252 3524 2362 3595; x_wconf 87' lang='lat' dir='ltr'><strong>Qui</strong></span> <span class='ocrx_word' id='word_1_649' title='bbox 2400 3525 2846 3591; x_wconf 84' lang='lat' dir='ltr'><strong>subdiaconum</strong></span> <span class='ocrx_word' id='word_1_650' title='bbox 2900 3536 3200 3605; x_wconf 85' lang='lat' dir='ltr'><strong>occiderit,</strong></span> <span class='ocrx_word' id='word_1_651' title='bbox 3249 3558 3349 3599; x_wconf 79' lang='lat' dir='ltr'><strong>ccc</strong></span> <span class='ocrx_word' id='word_1_652' title='bbox 3401 3547 3623 3609; x_wconf 84' lang='lat' dir='ltr'><strong>solidos</strong></span> 
     </span>
    </p>
   </div>
   <div class='ocr_carea' id='block_1_100' title="bbox 1965 3612 3619 3702">
    <p class='ocr_par' dir='ltr' id='par_1_100' title="bbox 1965 3612 3619 3702">
     <span class='ocr_line' id='line_1_101' title="bbox 1965 3612 3619 3702; baseline 0.02 -43"><span class='ocrx_word' id='word_1_653' title='bbox 1965 3614 2308 3681; x_wconf 88' lang='lat' dir='ltr'><strong>componat.</strong></span> <span class='ocrx_word' id='word_1_654' title='bbox 2342 3612 2451 3677; x_wconf 86' lang='lat' dir='ltr'><strong>Qui</strong></span> <span class='ocrx_word' id='word_1_655' title='bbox 2480 3613 2826 3686; x_wconf 89' lang='lat' dir='ltr'><strong>diaconum,</strong></span> <span class='ocrx_word' id='word_1_656' title='bbox 2859 3636 3012 3678; x_wconf 84' lang='lat' dir='ltr'><strong>cccc.</strong></span> <span class='ocrx_word' id='word_1_657' title='bbox 3044 3625 3150 3691; x_wconf 82' lang='lat' dir='ltr'><strong>Qui</strong></span> <span class='ocrx_word' id='word_1_658' title='bbox 3181 3630 3619 3702; x_wconf 84' lang='lat' dir='ltr'><strong>presbyterum,</strong></span> 
     </span>
    </p>
   </div>
   <div class='ocr_carea' id='block_1_101' title="bbox 1969 3698 3621 3794">
    <p class='ocr_par' dir='ltr' id='par_1_101' title="bbox 1969 3698 3621 3794">
     <span class='ocr_line' id='line_1_102' title="bbox 1969 3698 3621 3794; baseline 0.019 -45"><span class='ocrx_word' id='word_1_659' title='bbox 1969 3713 2051 3751; x_wconf 83' lang='lat' dir='ltr'><strong>uc.</strong></span> <span class='ocrx_word' id='word_1_660' title='bbox 2100 3698 2207 3762; x_wconf 86' lang='lat' dir='ltr'><strong>Qui</strong></span> <span class='ocrx_word' id='word_1_661' title='bbox 2243 3701 2413 3773; x_wconf 72' lang='lat'><strong>231</strong></span> <span class='ocrx_word' id='word_1_662' title='bbox 2460 3703 2840 3776; x_wconf 88' lang='lat' dir='ltr'><strong>episcopum,</strong></span> <span class='ocrx_word' id='word_1_663' title='bbox 2867 3725 3056 3765; x_wconf 73' lang='lat' dir='ltr'><strong>acccc.</strong></span> <span class='ocrx_word' id='word_1_664' title='bbox 3091 3698 3201 3783; x_wconf 87' lang='lat' dir='ltr'><strong>Qui</strong></span> <span class='ocrx_word' id='word_1_665' title='bbox 3231 3698 3621 3794; x_wconf 75' lang='lat' dir='ltr'><strong>monachum,</strong></span> 
     </span>
    </p>
   </div>
   <div class='ocr_carea' id='block_1_102' title="bbox 1966 3786 2733 3869">
    <p class='ocr_par' dir='ltr' id='par_1_102' title="bbox 1966 3786 2733 3869">
     <span class='ocr_line' id='line_1_103' title="bbox 1966 3786 2733 3869; baseline 0.017 -33"><span class='ocrx_word' id='word_1_666' title='bbox 1966 3800 2102 3843; x_wconf 69' lang='lat' dir='ltr'><strong>cccc</strong></span> <span class='ocrx_word' id='word_1_667' title='bbox 2129 3786 2353 3844; x_wconf 88' lang='lat' dir='ltr'><strong>solidos</strong></span> <span class='ocrx_word' id='word_1_668' title='bbox 2391 3798 2733 3869; x_wconf 88' lang='lat' dir='ltr'><strong>componat.</strong></span> 
     </span>
    </p>
   </div>
   <div class='ocr_carea' id='block_1_103' title="bbox 1964 3893 3624 4034">
    <p class='ocr_par' dir='ltr' id='par_1_103' title="bbox 1964 3893 3624 4034">
     <span class='ocr_line' id='line_1_104' title="bbox 1964 3893 3624 4034; baseline 0.02 -86"><span class='ocrx_word' id='word_1_669' title='bbox 1964 3893 2035 3949; x_wconf 85' lang='lat' dir='ltr'><strong>Si</strong></span> <span class='ocrx_word' id='word_1_670' title='bbox 2052 3893 2273 3965; x_wconf 74' lang='lat' dir='ltr'><strong>aliquis</strong></span> <span class='ocrx_word' id='word_1_671' title='bbox 2293 3898 2609 3957; x_wconf 78' lang='lat' dir='ltr'><strong>ordinatus</strong></span> <span class='ocrx_word' id='word_1_672' title='bbox 2636 3901 3018 4034; x_wconf 52' lang='grc' dir='ltr'><strong>Ιιὲἕῖξαὶιῗςαηι</strong></span> <span class='ocrx_word' id='word_1_673' title='bbox 3045 3911 3273 3979; x_wconf 75' lang='lat' dir='ltr'><strong>fecerit.</strong></span> <span class='ocrx_word' id='word_1_674' title='bbox 3305 3918 3408 3975; x_wconf 71' lang='lat' dir='ltr'><em>Ex</em></span> <span class='ocrx_word' id='word_1_675' title='bbox 3426 3922 3624 3980; x_wconf 59' lang='lat' dir='ltr'><strong>Freni-</strong></span> 
     </span>
     <span class='ocr_line' id='line_1_105' title="bbox 2884 3994 2922 4033; baseline 0 0"><span class='ocrx_word' id='word_1_676' title='bbox 2884 3994 2922 4033; x_wconf 71' lang='grc' dir='ltr'><strong>ι.</strong></span> 
     </span>
    </p>
   </div>
   <div class='ocr_carea' id='block_1_104' title="bbox 2693 3989 2922 4037">
    <p class='ocr_par' dir='ltr' id='par_1_104' title="bbox 2693 3989 2922 4037">
     <span class='ocr_line' id='line_1_106' title="bbox 2693 3989 2922 4037; baseline 0.017 -8"><span class='ocrx_word' id='word_1_677' title='bbox 2693 3989 2922 4037; x_wconf 61' lang='lat' dir='ltr'><strong>entiam.</strong></span> 
     </span>
    </p>
   </div>
   <div class='ocr_carea' id='block_1_105' title="bbox 2034 4052 3621 4156">
    <p class='ocr_par' dir='ltr' id='par_1_105' title="bbox 2034 4052 3621 4156">
     <span class='ocr_line' id='line_1_107' title="bbox 2034 4052 3621 4156; baseline 0.023 -51"><span class='ocrx_word' id='word_1_678' title='bbox 2034 4052 2220 4111; x_wconf 82' lang='lat' dir='ltr'><strong>XLVI.</strong></span> <span class='ocrx_word' id='word_1_679' title='bbox 2255 4056 2571 4156; x_wconf 65' lang='lat' dir='ltr'><strong>HAurun.</strong></span> <span class='ocrx_word' id='word_1_680' title='bbox 2602 4060 2705 4119; x_wconf 89' lang='lat' dir='ltr'><strong>lib.</strong></span> <span class='ocrx_word' id='word_1_681' title='bbox 2733 4081 2814 4156; x_wconf 72' lang='lat' dir='ltr'><strong>vi,</strong></span> <span class='ocrx_word' id='word_1_682' title='bbox 2847 4083 2898 4123; x_wconf 91' lang='lat' dir='ltr'><strong>c.</strong></span> <span class='ocrx_word' id='word_1_683' title='bbox 2936 4072 3010 4141; x_wconf 90' lang='lat' dir='ltr'><strong>I.)</strong></span> <span class='ocrx_word' id='word_1_684' title='bbox 3040 4071 3097 4129; x_wconf 91' lang='lat' dir='ltr'><strong>Si</strong></span> <span class='ocrx_word' id='word_1_685' title='bbox 3135 4075 3273 4146; x_wconf 84' lang='lat' dir='ltr'><strong>quis</strong></span> <span class='ocrx_word' id='word_1_686' title='bbox 3300 4079 3621 4156; x_wconf 85' lang='lat' dir='ltr'><strong>episcopus</strong></span> 
     </span>
    </p>
   </div>
   <div class='ocr_carea' id='block_1_106' title="bbox 1962 4144 3621 4237">
    <p class='ocr_par' dir='ltr' id='par_1_106' title="bbox 1962 4144 3621 4237">
     <span class='ocr_line' id='line_1_108' title="bbox 1962 4144 3621 4237; baseline 0.022 -39"><span class='ocrx_word' id='word_1_687' title='bbox 1962 4147 2066 4199; x_wconf 87' lang='lat' dir='ltr'><strong>aut</strong></span> <span class='ocrx_word' id='word_1_688' title='bbox 2108 4144 2341 4237; x_wconf 90' lang='lat' dir='ltr'><strong>aliquis</strong></span> <span class='ocrx_word' id='word_1_689' title='bbox 2372 4148 2682 4211; x_wconf 86' lang='lat' dir='ltr'><strong>ordinatus</strong></span> <span class='ocrx_word' id='word_1_690' title='bbox 2730 4153 3124 4225; x_wconf 77' lang='lat' dir='ltr'><strong>homicidium</strong></span> <span class='ocrx_word' id='word_1_691' title='bbox 3153 4144 3381 4237; x_wconf 65' lang='lat' dir='ltr'><strong>iecerit,</strong></span> <span class='ocrx_word' id='word_1_692' title='bbox 3409 4144 3621 4232; x_wconf 68' lang='lat' dir='ltr'><strong>decem</strong></span> 
     </span>
    </p>
   </div>
   <div class='ocr_carea' id='block_1_107' title="bbox 1960 4236 3419 4331">
    <p class='ocr_par' dir='ltr' id='par_1_107' title="bbox 1960 4236 3419 4331">
     <span class='ocr_line' id='line_1_109' title="bbox 1960 4236 3419 4331; baseline 0.02 -44"><span class='ocrx_word' id='word_1_693' title='bbox 1960 4248 2154 4289; x_wconf 89' lang='lat' dir='ltr'><strong>annos</strong></span> <span class='ocrx_word' id='word_1_694' title='bbox 2182 4236 2487 4317; x_wconf 83' lang='lat' dir='ltr'><strong>poeniteat,</strong></span> <span class='ocrx_word' id='word_1_695' title='bbox 2519 4244 2636 4301; x_wconf 83' lang='lat' dir='ltr'><strong>tres</strong></span> <span class='ocrx_word' id='word_1_696' title='bbox 2666 4258 2738 4299; x_wconf 81' lang='lat' dir='ltr'><strong>ex</strong></span> <span class='ocrx_word' id='word_1_697' title='bbox 2766 4245 2860 4303; x_wconf 90' lang='lat' dir='ltr'><strong>his</strong></span> <span class='ocrx_word' id='word_1_698' title='bbox 2883 4249 2946 4303; x_wconf 90' lang='lat' dir='ltr'><strong>in</strong></span> <span class='ocrx_word' id='word_1_699' title='bbox 2976 4266 3133 4322; x_wconf 84' lang='lat' dir='ltr'><strong>pane</strong></span> <span class='ocrx_word' id='word_1_700' title='bbox 3157 4259 3216 4317; x_wconf 90' lang='lat' dir='ltr'><strong>et</strong></span> <span class='ocrx_word' id='word_1_701' title='bbox 3240 4272 3419 4331; x_wconf 86' lang='lat' dir='ltr'><strong>aqua.</strong></span> 
     </span>
    </p>
   </div>
   <div class='ocr_carea' id='block_1_108' title="bbox 1962 4337 3619 4427">
    <p class='ocr_par' dir='ltr' id='par_1_108' title="bbox 1962 4337 3619 4427">
     <span class='ocr_line' id='line_1_110' title="bbox 1962 4337 3619 4427; baseline 0.02 -34"><span class='ocrx_word' id='word_1_702' title='bbox 1962 4337 2028 4399; x_wconf 86' lang='lat' dir='ltr'><strong>Si</strong></span> <span class='ocrx_word' id='word_1_703' title='bbox 2056 4341 2186 4410; x_wconf 74' lang='lat' dir='ltr'><strong>quis</strong></span> <span class='ocrx_word' id='word_1_704' title='bbox 2219 4348 2591 4427; x_wconf 54' lang='lat' dir='ltr'><strong>consenserit</strong></span> <span class='ocrx_word' id='word_1_705' title='bbox 2624 4351 2717 4427; x_wconf 71' lang='lat' dir='ltr'><strong>uel</strong></span> <span class='ocrx_word' id='word_1_706' title='bbox 2754 4356 3105 4427; x_wconf 53' lang='lat' dir='ltr'><strong>consiliaturi</strong></span> <span class='ocrx_word' id='word_1_707' title='bbox 3132 4362 3323 4427; x_wconf 75' lang='lat' dir='ltr'><strong>fuerit</strong></span> <span class='ocrx_word' id='word_1_708' title='bbox 3354 4372 3420 4421; x_wconf 74' lang='lat' dir='ltr'><strong>ut</strong></span> <span class='ocrx_word' id='word_1_709' title='bbox 3446 4369 3619 4425; x_wconf 77' lang='lat' dir='ltr'><strong>homo</strong></span> 
     </span>
    </p>
   </div>
   <div class='ocr_carea' id='block_1_109' title="bbox 2392 4416 3191 4487">
    <p class='ocr_par' dir='ltr' id='par_1_109' title="bbox 2392 4416 3191 4487">
     <span class='ocr_line' id='line_1_111' title="bbox 2392 4416 3191 4487; baseline 0.011 -14"><span class='ocrx_word' id='word_1_710' title='bbox 2392 4416 2813 4487; x_wconf 78' lang='lat' dir='ltr'><strong>interﬁciatur.</strong></span> <span class='ocrx_word' id='word_1_711' title='bbox 2845 4425 2946 4481; x_wconf 72' lang='lat' dir='ltr'><strong>Ex</strong></span> <span class='ocrx_word' id='word_1_712' title='bbox 2974 4416 3191 4486; x_wconf 58' lang='lat' dir='ltr'><strong>eodem.</strong></span> 
     </span>
    </p>
   </div>
   <div class='ocr_carea' id='block_1_110' title="bbox 2036 4499 3620 4587">
    <p class='ocr_par' dir='ltr' id='par_1_110' title="bbox 2036 4499 3620 4587">
     <span class='ocr_line' id='line_1_112' title="bbox 2036 4499 3620 4587; baseline 0.02 -34"><span class='ocrx_word' id='word_1_713' title='bbox 2036 4499 2250 4565; x_wconf 81' lang='lat' dir='ltr'><strong>XLVII,</strong></span> <span class='ocrx_word' id='word_1_714' title='bbox 2282 4502 2619 4587; x_wconf 66' lang='lat' dir='ltr'><strong>(HALITGAR.</strong></span> <span class='ocrx_word' id='word_1_715' title='bbox 2640 4509 2805 4581; x_wconf 81' lang='lat' dir='ltr'><strong>ibid.)</strong></span> <span class='ocrx_word' id='word_1_716' title='bbox 2843 4511 2900 4569; x_wconf 88' lang='lat' dir='ltr'><strong>Si</strong></span> <span class='ocrx_word' id='word_1_717' title='bbox 2935 4513 3071 4585; x_wconf 90' lang='lat' dir='ltr'><strong>quis</strong></span> <span class='ocrx_word' id='word_1_718' title='bbox 3107 4517 3187 4573; x_wconf 88' lang='lat' dir='ltr'><strong>ad</strong></span> <span class='ocrx_word' id='word_1_719' title='bbox 3227 4518 3620 4583; x_wconf 86' lang='lat' dir='ltr'><strong>homicidium</strong></span> 
     </span>
    </p>
   </div>
   <div class='ocr_carea' id='block_1_111' title="bbox 1963 4586 3617 4678">
    <p class='ocr_par' dir='ltr' id='par_1_111' title="bbox 1963 4586 3617 4678">
     <span class='ocr_line' id='line_1_113' title="bbox 1963 4586 3617 4678; baseline 0.019 -35"><span class='ocrx_word' id='word_1_720' title='bbox 1963 4586 2306 4651; x_wconf 85' lang='lat' dir='ltr'><strong>faciendum</strong></span> <span class='ocrx_word' id='word_1_721' title='bbox 2333 4597 2700 4654; x_wconf 87' lang='lat' dir='ltr'><strong>consenserit</strong></span> <span class='ocrx_word' id='word_1_722' title='bbox 2727 4602 2785 4655; x_wconf 87' lang='lat' dir='ltr'><strong>et</strong></span> <span class='ocrx_word' id='word_1_723' title='bbox 2814 4601 3132 4661; x_wconf 89' lang='lat' dir='ltr'><strong>consilium</strong></span> <span class='ocrx_word' id='word_1_724' title='bbox 3169 4606 3415 4678; x_wconf 87' lang='lat' dir='ltr'><strong>dederit,</strong></span> <span class='ocrx_word' id='word_1_725' title='bbox 3445 4618 3505 4671; x_wconf 87' lang='lat' dir='ltr'><strong>et</strong></span> <span class='ocrx_word' id='word_1_726' title='bbox 3528 4615 3617 4673; x_wconf 85' lang='lat' dir='ltr'><strong>fa-</strong></span> 
     </span>
    </p>
   </div>
   <div class='ocr_carea' id='block_1_112' title="bbox 1963 4679 3619 4763">
    <p class='ocr_par' dir='ltr' id='par_1_112' title="bbox 1963 4679 3619 4763">
     <span class='ocr_line' id='line_1_114' title="bbox 1963 4679 3619 4763; baseline 0.016 -28"><span class='ocrx_word' id='word_1_727' title='bbox 1963 4683 2125 4739; x_wconf 87' lang='lat' dir='ltr'><strong>ctum</strong></span> <span class='ocrx_word' id='word_1_728' title='bbox 2154 4679 2348 4753; x_wconf 85' lang='lat' dir='ltr'><strong>fuerit,</strong></span> <span class='ocrx_word' id='word_1_729' title='bbox 2382 4688 2610 4759; x_wconf 86' lang='lat' dir='ltr'><strong>septem</strong></span> <span class='ocrx_word' id='word_1_730' title='bbox 2656 4703 2849 4745; x_wconf 90' lang='lat' dir='ltr'><strong>annos</strong></span> <span class='ocrx_word' id='word_1_731' title='bbox 2889 4692 3195 4762; x_wconf 86' lang='lat' dir='ltr'><strong>poeniteat.</strong></span> <span class='ocrx_word' id='word_1_732' title='bbox 3229 4697 3287 4757; x_wconf 86' lang='lat' dir='ltr'><strong>Si</strong></span> <span class='ocrx_word' id='word_1_733' title='bbox 3316 4716 3459 4759; x_wconf 81' lang='lat' dir='ltr'><strong>vero</strong></span> <span class='ocrx_word' id='word_1_734' title='bbox 3495 4720 3619 4763; x_wconf 88' lang='lat' dir='ltr'><strong>non</strong></span> 
     </span>
    </p>
   </div>
   <div class='ocr_carea' id='block_1_113' title="bbox 1964 4767 3119 4851">
    <p class='ocr_par' dir='ltr' id='par_1_113' title="bbox 1964 4767 3119 4851">
     <span class='ocr_line' id='line_1_115' title="bbox 1964 4767 3119 4851; baseline 0.009 -26"><span class='ocrx_word' id='word_1_735' title='bbox 1964 4767 2137 4829; x_wconf 88' lang='lat' dir='ltr'><strong>fuerit</strong></span> <span class='ocrx_word' id='word_1_736' title='bbox 2164 4769 2409 4840; x_wconf 89' lang='lat' dir='ltr'><strong>factum,</strong></span> <span class='ocrx_word' id='word_1_737' title='bbox 2444 4777 2562 4831; x_wconf 89' lang='lat' dir='ltr'><strong>tres</strong></span> <span class='ocrx_word' id='word_1_738' title='bbox 2591 4791 2785 4835; x_wconf 87' lang='lat' dir='ltr'><strong>annos</strong></span> <span class='ocrx_word' id='word_1_739' title='bbox 2812 4780 3119 4851; x_wconf 68' lang='lat' dir='ltr'><strong>poeniteat.</strong></span> 
     </span>
    </p>
   </div>
   <div class='ocr_carea' id='block_1_114' title="bbox 1961 4876 3619 4962">
    <p class='ocr_par' dir='ltr' id='par_1_114' title="bbox 1961 4876 3619 4962">
     <span class='ocr_line' id='line_1_116' title="bbox 1961 4876 3619 4962; baseline 0.019 -30"><span class='ocrx_word' id='word_1_740' title='bbox 1961 4876 2028 4933; x_wconf 84' lang='lat' dir='ltr'><strong>Si</strong></span> <span class='ocrx_word' id='word_1_741' title='bbox 2053 4879 2183 4948; x_wconf 72' lang='lat' dir='ltr'><strong>quis</strong></span> <span class='ocrx_word' id='word_1_742' title='bbox 2226 4884 2936 4962; x_wconf 71' lang='lat' dir='ltr'><strong>consanguineum_suum</strong></span> <span class='ocrx_word' id='word_1_743' title='bbox 2973 4894 3256 4952; x_wconf 67' lang='lat' dir='ltr'><strong>occiderit</strong></span> <span class='ocrx_word' id='word_1_744' title='bbox 3302 4908 3411 4956; x_wconf 82' lang='lat' dir='ltr'><strong>aut</strong></span> <span class='ocrx_word' id='word_1_745' title='bbox 3432 4906 3619 4962; x_wconf 79' lang='lat' dir='ltr'><strong>senio-</strong></span> 
     </span>
    </p>
   </div>
   <div class='ocr_carea' id='block_1_115' title="bbox 2532 4959 3045 5018">
    <p class='ocr_par' dir='ltr' id='par_1_115' title="bbox 2532 4959 3045 5018">
     <span class='ocr_line' id='line_1_117' title="bbox 2532 4959 3045 5018; baseline 0.014 -7"><span class='ocrx_word' id='word_1_746' title='bbox 2532 4970 2675 5013; x_wconf 84' lang='lat' dir='ltr'><strong>rem.</strong></span> <span class='ocrx_word' id='word_1_747' title='bbox 2703 4959 2804 5015; x_wconf 75' lang='lat' dir='ltr'><strong>Ea:</strong></span> <span class='ocrx_word' id='word_1_748' title='bbox 2831 4960 3045 5018; x_wconf 82' lang='lat' dir='ltr'><strong>eodem.</strong></span> 
     </span>
    </p>
   </div>
   <div class='ocr_carea' id='block_1_116' title="bbox 2034 5038 3615 5132">
    <p class='ocr_par' dir='ltr' id='par_1_116' title="bbox 2034 5038 3615 5132">
     <span class='ocr_line' id='line_1_118' title="bbox 2034 5038 3615 5132; baseline 0.02 -39"><span class='ocrx_word' id='word_1_749' title='bbox 2034 5038 2259 5097; x_wconf 73' lang='lat' dir='ltr'><strong>XLVIII.</strong></span> <span class='ocrx_word' id='word_1_750' title='bbox 2314 5040 2370 5132; x_wconf 70' lang='lat' dir='ltr'><strong>_Si</strong></span> <span class='ocrx_word' id='word_1_751' title='bbox 2416 5041 2553 5115; x_wconf 91' lang='lat' dir='ltr'><strong>quis</strong></span> <span class='ocrx_word' id='word_1_752' title='bbox 2600 5045 2947 5116; x_wconf 77' lang='lat' dir='ltr'><strong>proximum</strong></span> <span class='ocrx_word' id='word_1_753' title='bbox 2998 5056 3055 5113; x_wconf 87' lang='lat' dir='ltr'><strong>et</strong></span> <span class='ocrx_word' id='word_1_754' title='bbox 3101 5062 3615 5132; x_wconf 76' lang='lat' dir='ltr'><strong>consanguineum</strong></span> 
     </span>
    </p>
   </div>
   <div class='ocr_carea' id='block_1_117' title="bbox 1964 5130 3615 5213">
    <p class='ocr_par' dir='ltr' id='par_1_117' title="bbox 1964 5130 3615 5213">
     <span class='ocr_line' id='line_1_119' title="bbox 1964 5130 3615 5213; baseline 0.019 -31"><span class='ocrx_word' id='word_1_755' title='bbox 1964 5144 2144 5185; x_wconf 90' lang='lat' dir='ltr'><strong>suum</strong></span> <span class='ocrx_word' id='word_1_756' title='bbox 2165 5130 2464 5202; x_wconf 89' lang='lat' dir='ltr'><strong>occiderit,</strong></span> <span class='ocrx_word' id='word_1_757' title='bbox 2481 5132 2692 5191; x_wconf 90' lang='lat' dir='ltr'><strong>decem</strong></span> <span class='ocrx_word' id='word_1_758' title='bbox 2713 5152 2908 5193; x_wconf 83' lang='lat' dir='ltr'><strong>annos</strong></span> <span class='ocrx_word' id='word_1_759' title='bbox 2936 5144 3240 5213; x_wconf 80' lang='lat' dir='ltr'><strong>pceniteat.</strong></span> <span class='ocrx_word' id='word_1_760' title='bbox 3269 5130 3546 5212; x_wconf 80' lang='lat' dir='ltr'><strong>Similiter</strong></span> <span class='ocrx_word' id='word_1_761' title='bbox 3567 5158 3615 5213; x_wconf 90' lang='lat' dir='ltr'><strong>si</strong></span> 
     </span>
    </p>
   </div>
   <div class='ocr_carea' id='block_1_118' title="bbox 1960 5217 3611 5302">
    <p class='ocr_par' dir='ltr' id='par_1_118' title="bbox 1960 5217 3611 5302">
     <span class='ocr_line' id='line_1_120' title="bbox 1960 5217 3611 5302; baseline 0.016 -32"><span class='ocrx_word' id='word_1_762' title='bbox 1960 5217 2096 5288; x_wconf 89' lang='lat' dir='ltr'><strong>quis</strong></span> <span class='ocrx_word' id='word_1_763' title='bbox 2118 5219 2413 5274; x_wconf 90' lang='lat' dir='ltr'><strong>seniorem</strong></span> <span class='ocrx_word' id='word_1_764' title='bbox 2431 5225 2488 5276; x_wconf 91' lang='lat' dir='ltr'><strong>et</strong></span> <span class='ocrx_word' id='word_1_765' title='bbox 2513 5221 2830 5281; x_wconf 90' lang='lat' dir='ltr'><strong>dominum</strong></span> <span class='ocrx_word' id='word_1_766' title='bbox 2848 5244 3025 5291; x_wconf 81' lang='lat' dir='ltr'><strong>suum</strong></span> <span class='ocrx_word' id='word_1_767' title='bbox 3051 5233 3191 5293; x_wconf 88' lang='lat' dir='ltr'><strong>dolo</strong></span> <span class='ocrx_word' id='word_1_768' title='bbox 3212 5241 3611 5302; x_wconf 82' lang='lat' dir='ltr'><strong>trucidaverit.</strong></span> 
     </span>
    </p>
   </div>
   <div class='ocr_carea' id='block_1_119' title="bbox 2328 5328 3244 5402">
    <p class='ocr_par' dir='ltr' id='par_1_119' title="bbox 2328 5328 3244 5402">
     <span class='ocr_line' id='line_1_121' title="bbox 2328 5328 3244 5402; baseline 0.025 -22"><span class='ocrx_word' id='word_1_769' title='bbox 2328 5328 2429 5383; x_wconf 72' lang='lat' dir='ltr'><strong>Ex</strong></span> <span class='ocrx_word' id='word_1_770' title='bbox 2456 5328 2630 5385; x_wconf 76' lang='lat' dir='ltr'><strong>dictis</strong></span> <span class='ocrx_word' id='word_1_771' title='bbox 2658 5331 2963 5397; x_wconf 79' lang='lat' dir='ltr'><strong>Ferrandi</strong></span> <span class='ocrx_word' id='word_1_772' title='bbox 2986 5340 3244 5402; x_wconf 76' lang='lat' dir='ltr'><strong>diaconi.</strong></span> 
     </span>
    </p>
   </div>
   <div class='ocr_carea' id='block_1_120' title="bbox 2031 5411 3609 5505">
    <p class='ocr_par' dir='ltr' id='par_1_120' title="bbox 2031 5411 3609 5505">
     <span class='ocr_line' id='line_1_122' title="bbox 2031 5411 3609 5505; baseline 0.018 -38"><span class='ocrx_word' id='word_1_773' title='bbox 2031 5411 2219 5468; x_wconf 80' lang='lat' dir='ltr'><strong>XLIX.</strong></span> <span class='ocrx_word' id='word_1_774' title='bbox 2256 5413 2606 5488; x_wconf 56' lang='lat' dir='ltr'><strong>(Buacnsnu,</strong></span> <span class='ocrx_word' id='word_1_775' title='bbox 2627 5418 2730 5476; x_wconf 89' lang='lat' dir='ltr'><strong>lib.</strong></span> <span class='ocrx_word' id='word_1_776' title='bbox 2764 5439 2837 5490; x_wconf 79' lang='lat' dir='ltr'><strong>v1,</strong></span> <span class='ocrx_word' id='word_1_777' title='bbox 2860 5440 2911 5480; x_wconf 93' lang='lat' dir='ltr'><strong>c.</strong></span> <span class='ocrx_word' id='word_1_778' title='bbox 2944 5432 3032 5498; x_wconf 81' lang='lat' dir='ltr'><strong>3i,</strong></span> <span class='ocrx_word' id='word_1_779' title='bbox 3066 5436 3122 5490; x_wconf 88' lang='lat' dir='ltr'><strong>et</strong></span> <span class='ocrx_word' id='word_1_780' title='bbox 3140 5435 3305 5505; x_wconf 85' lang='lat' dir='ltr'><strong>apud</strong></span> <span class='ocrx_word' id='word_1_781' title='bbox 3336 5440 3609 5495; x_wconf 67' lang='lat' dir='ltr'><strong>Genua.</strong></span> 
     </span>
    </p>
   </div>
   <div class='ocr_carea' id='block_1_121' title="bbox 1958 5536 3608 5665">
    <p class='ocr_par' dir='ltr' id='par_1_121' title="bbox 1958 5536 3608 5665">
     <span class='ocr_line' id='line_1_123' title="bbox 1958 5536 3608 5665; baseline 0.015 -75"><span class='ocrx_word' id='word_1_782' title='bbox 1958 5610 1985 5665; x_wconf 46' lang='grc' dir='ltr'><strong>ξ</strong></span> <span class='ocrx_word' id='word_1_783' title='bbox 2017 5537 2179 5663; x_wconf 56' lang='grc' dir='ltr'>ἑὲἷἿ)</span> <span class='ocrx_word' id='word_1_784' title='bbox 2219 5536 2359 5593; x_wconf 88' lang='lat' dir='ltr'><strong>Vide</strong></span> <span class='ocrx_word' id='word_1_785' title='bbox 2405 5542 2606 5597; x_wconf 85' lang='lat' dir='ltr'><strong>Morin.</strong></span> <span class='ocrx_word' id='word_1_786' title='bbox 2653 5544 2754 5601; x_wconf 92' lang='lat' dir='ltr'><strong>lib.</strong></span> <span class='ocrx_word' id='word_1_787' title='bbox 2804 5564 2881 5603; x_wconf 85' lang='lat' dir='ltr'><strong>vn</strong></span> <span class='ocrx_word' id='word_1_788' title='bbox 2930 5551 3005 5608; x_wconf 89' lang='lat' dir='ltr'><strong>de</strong></span> <span class='ocrx_word' id='word_1_789' title='bbox 3053 5556 3419 5629; x_wconf 76' lang='lat' dir='ltr'><strong>Pcenitentia,</strong></span> <span class='ocrx_word' id='word_1_790' title='bbox 3471 5579 3522 5617; x_wconf 92' lang='lat' dir='ltr'><strong>c.</strong></span> <span class='ocrx_word' id='word_1_791' title='bbox 3556 5567 3608 5630; x_wconf 90' lang='lat'><strong>7,</strong></span> 
     </span>
    </p>
   </div>
   <div class='ocr_carea' id='block_1_122' title="bbox 1958 5647 3591 5675">
    <p class='ocr_par' dir='ltr' id='par_1_122' title="bbox 1958 5647 3591 5675">
     <span class='ocr_line' id='line_1_124' title="bbox 1958 5647 3591 5675; baseline 0.017 -2"><span class='ocrx_word' id='word_1_792' title='bbox 1958 5647 2069 5675; x_wconf 68' lang='grc' dir='ltr'><strong>δυ’</strong></span> <span class='ocrx_word' id='word_1_793' title='bbox 2104 5647 2155 5663; x_wconf 77' lang='grc' dir='ltr'><strong>ν’</strong></span> <span class='ocrx_word' id='word_1_794' title='bbox 3588 5664 3591 5673; x_wconf 89' lang='grc'><strong><em>“</em></strong></span> 
     </span>
    </p>
   </div>
  </div>
