4046 6190
442 336 447 341 ,
466 279 569 332 295

1590 262 1961 321 REGINONIS
2000 230 2415 312 PRUMIENSIS
2453 252 2775 310 ABBATIS.

3779 256 3878 309 '296

464 398 602 455 dist.
638 402 689 469 I,
720 398 794 453 de
817 396 1059 461 Pcenit.,
1091 409 1143 450 c.
1174 392 1289 463 23.)
1328 389 1657 446 Periculose
1706 403 1768 444 se
1812 382 2118 455 decipiunt
2148 381 2198 431 Α
2227 377 2315 469 De
2339 373 3503 469 clericoquiproa'imumsuumoccidit.
3536 374 3636 431 Ea:
3665 376 3882 469 eodem.

465 487 572 559 qui
600 485 936 543 existimant
963 498 1066 538 eos
1096 484 1326 537 tantum
1355 478 1690 536 homicidas
1710 492 1839 533 esse
1863 472 1969 547 qui
1996 486 2119 527 ma-

465 576 648 633 nibus
678 573 982 630 hominem
1037 570 1335 635 occidunt,
1370 573 1427 626 et
1454 584 1573 625 non
1623 567 1821 639 potius
1875 580 1977 619 eos
2014 576 2122 633 per

466 678 725 738 quorum
765 659 1077 716 consilium
1126 664 1184 716 et
1225 658 1498 716 fraudem
1546 661 1603 713 et
1647 653 2121 712 exhortationem

464 751 741 808 homines
779 747 1225 818 extinguuntur.
1258 752 1406 805 Nam
1447 746 1635 802 Judaei
1668 745 1989 801 Dominum
2017 756 2120 795 ne-

463 854 778 913 quaquam
831 836 1089 910 propriis
1143 837 1425 894 manibus
1484 834 1923 899 interfecerunt,
1973 831 2125 885 sicut

466 927 756 1001 scriptum
805 930 931 982 est:
978 925 1161 981 Nobis
1208 942 1357 981 non.
1387 926 1520 980 licet
1559 925 1892 993 interﬁcere
1923 936 2121 992 quem-

466 1032 647 1090 quam
673 1017 871 1088 (Joan.
900 1015 1100 1085 XVIII);
1147 1013 1252 1070 sed
1295 1017 1497 1071 tamen
1545 1013 1658 1069 illis
1698 1010 1931 1070 Domini
1961 1024 2123 1064 mors

469 1105 817 1179 imputatur,
844 1102 986 1177 quia
1015 1103 1129 1176 ipsi
1159 1119 1299 1159 eum
1336 1102 1542 1172 lingua
1585 1102 2007 1158 crucifixerunt
2033 1098 2121 1153 di-

470 1199 708 1252 centes:
762 1194 1057 1263 Cruciﬁge
1109 1207 1241 1248 eum
1286 1192 1456 1263 (Luc.
1510 1194 1696 1262 XXIII).
1751 1190 1914 1246 Unde
1962 1203 2121 1242 unus

474 1284 648 1355 232
680 1280 1042 1351 evangelista
1070 1280 1212 1335 dicit
1242 1281 1562 1337 Dominum
1592 1280 1946 1337 cruciﬁxum
1976 1278 2125 1333 hora

470 1371 638 1429 tertia
668 1371 874 1443 (Marc.
904 1371 1027 1441 xv),
1059 1368 1213 1425 alius
1247 1373 1412 1425 sexta
1442 1370 1604 1437 (Luc.
1633 1368 1819 1439 xxm);
1852 1366 1996 1440 quia
2024 1368 2122 1420 Ju-

470 1461 585 1517 daei
612 1458 1032 1517 cruciﬁxerunt
1061 1474 1200 1514 eum
1242 1459 1393 1514 hora
1438 1458 1606 1513 tertia
1652 1457 1879 1527 lingua,
1914 1454 2124 1510 milites

470 1550 620 1606 hora
649 1553 816 1605 sexta
843 1548 1143 1604 manibus.
1178 1548 1287 1613 Qui
1318 1563 1461 1618 ergo
1486 1546 1794 1603 hominem
1818 1544 2011 1607 tradit,
2030 1543 2125 1599 ille

473 1655 611 1695 eum
651 1636 941 1703 interﬁcit,
978 1636 1228 1692 Domino
1267 1635 1536 1692 dicente:
1584 1637 1786 1706 Majas
1812 1639 2125 1705 peccatum

2302 468 2409 521 LII.
2442 464 2498 521 Si
2529 464 2777 522 clericus
2806 453 3198 520 homicidium
3230 462 3431 519 fecerit
3459 468 3516 518 et
3545 464 3886 535 proximum

2230 571 2409 611 suum
2438 554 2721 611 occiderit
2744 552 2867 610 odii
2893 553 3299 622 meditatione,
3330 552 3503 609 exsul
3533 558 3762 626 septem
3789 570 3888 609 an-

2230 644 2322 701 nis
2350 644 2657 718 pceniteat.

2538 754 2623 809 De
2645 752 2990 821 parricidis.
3024 751 3123 807 Ex
3150 751 3583 807 Ptenitentiali.

2303 843 2437 897 LIII.
2482 841 2539 897 Si
2569 841 2703 913 quis
2732 841 2846 896 hoc
2891 840 3118 896 crimen
3157 838 3608 912 perpetraVerit,
3640 839 3892 912 quidam

2226 931 2651 1002 judicaverunt
2692 935 2756 987 ut
2786 935 3017 1004 septem
3063 928 3241 986 annis
3288 929 3574 1002 pceniteat
3601 929 3695 985 vel
3739 945 3895 1002 qna-

2231 1020 2562 1076 tuordecim
2593 1020 3003 1093 pcenitentiam
3033 1017 3285 1090 egisset;
3319 1018 3571 1091 quidam
3602 1034 3800 1091 usque
3820 1020 3893 1074 ad

2232 1108 2416 1165 ﬁnem
2442 1108 2600 1177 vitae,
2636 1108 2790 1164 sicut
2817 1108 2979 1173 Cain,
3008 1106 3113 1180 qui
3146 1105 3361 1162 similia
3392 1107 3842 1179 perpetraverit.

2892 1218 2991 1272 Ea;
3017 1217 3237 1272 eodem.

2307 1309 2432 1362 LIV.
2476 1306 2583 1367 Qui
2640 1306 2948 1362 hominem
3004 1304 3403 1361 debilitaverit
3450 1308 3507 1360 et
3561 1304 3896 1361 deformem

2237 1394 2415 1467 234
2473 1394 2690 1464 fecerit,
2750 1395 3061 1467 impensas
3118 1393 3180 1449 in
3231 1392 3498 1449 medicos
3545 1393 3794 1461 tribuat,
3847 1400 3898 1451 et

2236 1483 2486 1540 maculae
2534 1484 2791 1555 pretium
2836 1487 3073 1555 etopus
3105 1482 3254 1553 ejus,
3290 1481 3482 1537 donec
3518 1487 3789 1551 sanetur,
3820 1500 3899 1539 re-

2237 1574 2455 1643 stituat,
2508 1576 2563 1627 et
2620 1572 2937 1628 dimidium
2991 1588 3220 1627 annum
3290 1571 3593 1643 poeniteat.
3658 1572 3713 1627 Si
3764 1588 3900 1628 vero

2238 1677 2358 1717 non
2389 1660 2570 1716 habet
2607 1661 2768 1716 unde
2796 1662 2911 1717 hoc
2950 1660 3240 1730 restituat,
3273 1677 3504 1716 annum
3540 1676 3733 1716 unum
3788 1678 3900 1733 pae-

475 1729 648 1785 habet
682 1729 786 1798 qui
812 1742 903 1782 me
948 1727 1201 1783 tradidit
1233 1726 1341 1781 tibi
1371 1727 1559 1796 (Joan.
1593 1725 1733 1793 xvr).
1769 1723 1933 1780 Unde
1964 1721 2125 1777 Psal-
2159 1729 2198 1782 Β
2237 1750 2440 1805 niteat.

474 1817 687 1873 mista:
719 1817 869 1872 Filii
911 1816 1236 1883 hominum,
1265 1816 1466 1871 dentes
1512 1830 1714 1871 eorum
1745 1828 1918 1869 arma
1948 1818 2000 1869 et
2031 1828 2125 1867 sa-

475 1907 648 1978 gitta,
679 1911 733 1961 et
766 1906 975 1977 lingua
1018 1920 1219 1960 eorum
1258 1904 1497 1975 gladius
1528 1910 1741 1960 acutus
1774 1903 1957 1973 (Psal.
1992 1906 2125 1958 va).

478 1995 808 2067 Subjiciant
853 2010 994 2065 ergo
1043 2010 1106 2049 se
1157 1993 1520 2067 paenitentiae
1567 2009 1825 2065 quorum
1883 1991 2128 2047 consilio

476 2084 722 2153 sanguis
750 2083 1037 2153 funditur,
1071 2082 1122 2137 si
1149 2082 1384 2137 veniam
1411 2081 1737 2155 promereri
1766 2080 1993 2137 volunt.

476 2210 565 2264 De
588 2208 676 2263 his
702 2208 807 2278 qui
822 2222 939 2276 pro
970 2207 1161 2262 nihilo
1197 2206 1425 2278 ducunt
1459 2206 1839 2278 homicidium
1871 2206 1933 2259 in
1980 2204 2130 2278 bello

543 2276 978 2348 perpetratum.
1033 2279 1131 2333 Ex
1178 2277 1427 2346 epistola
1478 2277 1715 2332 Rabani
1761 2277 1915 2345 (cap.
1948 2276 2004 2345 4)
2053 2276 2133 2331 ad

550 2349 944 2405 Heribaldum
1012 2350 1344 2417 episcopum
1408 2348 2005 2415 Antiss"odorensem,
2063 2348 2135 2403 de

547 2421 759 2490 prmlio
793 2420 875 2475 ad
896 2420 1333 2475 Fontaniacum
1362 2424 1542 2488 gesto.

552 2530 610 2583 L.
637 2527 977 2599 (Btmcnmn.
1004 2525 1108 2582 lib.
1132 2542 1209 2593 v1,
1239 2542 1290 2581 c.
1323 2527 1438 2595 23.)
1461 2525 1632 2591 Quod
1659 2529 1859 2581 autem
1885 2525 2133 2598 quidam

478 2616 871 2675 homicidium
916 2616 1082 2689 quod
1128 2632 1322 2689 nuper
1372 2616 1432 2671 in
1483 2616 1770 2673 seditione
1822 2620 1879 2671 et
1930 2615 2135 2689 praelia

480 2706 818 2781 principum
867 2710 1207 2762 nostrorum
1258 2708 1666 2778 perpetratum
1705 2708 1796 2761 est
1822 2709 2132 2772 excusant,

480 2794 655 2868 quasi
682 2809 806 2849 non
847 2793 1251 2849 necessarium
1283 2792 1359 2848 sit
1401 2809 1510 2865 pro
1540 2794 1655 2849 hoc
1686 2792 1925 2849 cuilibet
1962 2809 2136 2863 agere

480 2882 916 2957 pcenitentiam,
942 2897 1014 2936 eo
1042 2880 1209 2953 quod
1250 2881 1424 2952 jussu
1448 2881 1787 2954 principum
1825 2891 2135 2955 peractum

483 2972 575 3038 sit,
607 2977 664 3027 et
694 2970 791 3025 Dei
830 2969 1057 3040 judicio
1098 2970 1179 3025 ita
1228 2968 1484 3024 ﬁnitum.
1522 2970 1751 3026 Scimus
1783 2971 1942 3026 enim
1971 2970 2136 3042 quod

2272 1858 2359 1912 De
2384 1855 2862 1912 truncationibus
2888 1855 3307 1911 membrorum.
3332 1856 3432 1910 Ex
3460 1855 3717 1910 concilio
3754 1856 3871 1910 Μο-

2752 1926 3144 1997 gontiacensi,
3178 1941 3312 1995 cap.
3346 1931 3398 1981 5.

2311 2019 2413 2073 LV.
2446 2016 2697 2087 (Concil.
2737 2017 2917 2073 Tolet.
2949 2032 3015 2083 ιι,
3067 2032 3117 2072 c.
3155 2019 3225 2083 6;
3278 2018 3598 2071 BURCHARD.
3640 2014 3753 2070 lib.
3788 2033 3822 2082 ι,
3853 2033 3899 2071 c.

2240 2108 2384 2177 201.)
2421 2106 2520 2161 His
2564 2122 2600 2161 a
2638 2105 2860 2178 quibus
2894 2104 3127 2161 Domini
3167 2109 3548 2161 sacramenta
3575 2107 3904 2161 tractantur

2233 2196 2525 2268 judicium
2557 2195 2869 2265 sanguinis
2898 2195 3123 2265 agitare
3154 2210 3277 2251 non
3304 2194 3440 2251 licet
3467 2194 3639 2266 (288).
3674 2197 3749 2250 Et
3780 2193 3905 2250 ideo

2241 2302 2465 2356 magno
2495 2301 2675 2357 opere
2706 2284 2837 2340 talis
2882 2300 3162 2340 excessus
3199 2283 3612 2355 prohibendus
3650 2288 3790 2351 est;
3836 2299 3903 2339 ne

2241 2374 2574 2430 indiscretae
2631 2371 3117 2445 prtesumptionis
3182 2370 3450 2427 motibus
3504 2370 3736 2440 agitati,
3789 2375 3902 2437 aut,

2242 2462 2410 2535 quod
2436 2465 2625 2518 morte
2657 2460 3040 2533 plectendum
3085 2464 3192 2526 est,
3226 2459 3519 2515 sententia
3547 2459 3801 2532 propria
3823 2460 3905 2530 ju-

2244 2551 2443 2607 dicare
2492 2554 2886 2623 prassumant,
2935 2553 3039 2605 aut
3084 2548 3489 2605 truncationes
3541 2548 3907 2621 quibuslibet

2243 2640 2516 2714 personis
2560 2644 2664 2695 aut
2686 2654 2793 2711 per
2823 2654 2885 2693 se
2913 2637 3175 2694 inferant
3212 2641 3315 2694 aut
3357 2636 3674 2694 inferenda
3702 2639 3903 2711 praeci-

2246 2729 2433 2802 piant.
2466 2727 2640 2793 Quod
2691 2727 2740 2783 si
2785 2726 3109 2799 quisquam
3147 2726 3365 2781 horum
3405 2726 3741 2782 immemor
3770 2742 3905 2798 prae-

2246 2820 2578 2887 ceptorum,
2605 2820 2708 2872 aut
2732 2816 2794 2871 in
2830 2815 3095 2872 ecclesiae
3125 2831 3249 2870 suae
3280 2813 3521 2870 familiis
3560 2818 3670 2870 aut
3699 2815 3763 2870 in
3792 2814 3907 2887 qui-

2246 2904 2506 2961 buslibet
2548 2904 2819 2977 personis
2864 2905 2981 2961 tale
3026 2903 3251 2977 aliquid
3303 2903 3525 2972 fecerit,
3558 2907 3619 2959 et
3646 2901 3907 2959 concessi

2247 2993 2473 3049 ordinis
2499 2994 2727 3050 honore
2744 2994 3010 3067 privetur
3028 2998 3086 3050 et
3109 2992 3264 3062 loco,
3283 2992 3399 3048 sub
3413 2996 3729 3065 perpetuae
3755 2991 3911 3050 dam-

484 3060 585 3116 Dei
618 3058 912 3130 judicium
956 3074 1192 3131 semper
1234 3058 1465 3129 justum
1504 3064 1592 3115 est
1635 3064 1692 3115 et
1736 3059 1902 3115 nulla
1946 3075 2135 3131 repre-

2261 3083 2506 3140 nationis
2537 3083 2820 3154 religatus
2849 3082 3181 3153 ergastulo;
3214 3081 3310 3138 cui
3337 3084 3541 3138 tamen
3562 3079 3909 3137 communio

482 3147 770 3205 hensione
798 3147 1070 3217 dignum.
1107 3146 1220 3203 Sed
1250 3151 1449 3202 tamen
1480 3151 1711 3220 oportet
1738 3163 1841 3203 eos
1872 3148 2139 3204 conside-

483 3254 617 3295 rare
643 3237 749 3310 qui
773 3237 930 3293 hanc
959 3252 1168 3292 necem
1197 3236 1489 3292 nefariam
1519 3236 1838 3293 defendere
1868 3237 2135 3310 cupiunt,

484 3332 687 3384 utrum
711 3326 843 3381 illos
872 3325 1047 3398 quasi
1076 3341 1281 3382 coram
1314 3325 1503 3381 oculis
1529 3326 1628 3381 Dei
1657 3326 1936 3384 innoxios
1967 3343 2140 3383 excu-

485 3432 618 3474 sare
645 3414 878 3490 possint
904 3416 1009 3488 qui
1043 3419 1290 3488 propter
1336 3416 1669 3480 avaritiam,
1700 3433 1836 3490 quae
1866 3418 2141 3474 omnium

485 3505 787 3563 malorum
815 3504 986 3560 radix
1010 3509 1121 3574 est,
1155 3508 1212 3560 et
1237 3504 1539 3561 idolorum
1591 3506 1857 3562 servituti
1894 3522 2140 3580 compa-

483 3598 667 3663 ratur,
699 3598 880 3666 atque
909 3597 1151 3667 propter
1179 3593 1447 3650 favorem
1476 3593 1863 3651 dominorum
1894 3612 2141 3652 suorum

487 3681 925 3756 temporalium,
958 3686 1248 3739 aeternum
1280 3682 1602 3738 Doz-.inum
1634 3688 2139 3757 contempserunt,

484 3778 543 3830 et
584 3773 876 3830 mandata
923 3770 1080 3828 illius
1135 3775 1502 3845 spernentes,
1534 3788 1658 3828 non
1699 3789 1865 3843 casu,
1901 3773 2008 3829 sed
2038 3790 2144 3846 per

484 3862 867 3933 industriam,
896 3860 1291 3917 homicidium
1335 3860 1619 3917 fecerunt.
1655 3862 1819 3918 Unde
1848 3862 1909 3918 in
1940 3863 2143 3919 Exodo

487 3951 773 4025 scriptum
802 3954 927 4005 est:
960 3949 1028 4005 Si
1052 3952 1183 4020 quis
1212 3949 1286 4004 de
1313 3948 1616 4006 industria
1661 3957 1716 4006 et
1754 3967 1868 4021 per
1896 3952 2144 4008 insidias

488 4040 768 4096 occiderit
796 4038 1161 4107 proximum,
1196 4037 1271 4093 ab
1320 4038 1513 4093 altari
1556 4054 1682 4095 meo
1726 4040 1900 4111 233
1933 4043 2144 4099 evelles

489 4144 620 4185 eum
652 4128 867 4199 (Exod.
890 4127 1031 4197 ιιι).
1066 4130 1132 4182 Et
1157 4128 1217 4181 in
1246 4128 1706 4183 Deuteronomio
1732 4146 1744 4183 :
1776 4129 1844 4184 Si
1861 4132 1991 4200 quis
2011 4132 2146 4187 odio

492 4216 716 4273 habens
765 4215 1110 4285 proximum
1157 4230 1349 4283 suum,
1410 4216 1731 4271 insidiatus
1768 4217 1959 4286 fuerit
2012 4220 2147 4275 vitae

491 4308 639 4375 ejus,
667 4310 723 4361 et
750 4318 1000 4375 surgens
1023 4306 1387 4374 percusserit
1434 4320 1586 4372 eum,
1620 4311 1675 4361 et
1723 4312 1991 4363 mortuus
2019 4309 2147 4377 fue-

2247 3172 2485 3229 exeunti
2512 3189 2585 3228 ex
2612 3172 2727 3228 hac
2755 3172 2877 3229 vita
2922 3188 3046 3229 non
3092 3170 3377 3242 neganda
3412 3175 3503 3227 est
3532 3175 3786 3243 propter
3814 3172 3911 3227 Do-

2248 3260 2395 3317 mini
2428 3259 2918 3316 misericordiam.

2252 3368 2392 3435 Quae
2416 3368 2621 3447 debeat
2668 3352 2946 3447 discretio
2988 3368 3374 3447 ecclesiarum
3420 3365 3767 3447 rectoribus
3805 3377 3912 3447 esse

2321 3439 2918 3565 Zepei'tinconditam
2970 3439 3354 3509 disciplinam
3379 3438 3633 3494 subeant
3672 3437 3909 3494 homici—

2366 3527 2408 3565 n
2442 3526 2519 3565 no
2549 3525 2667 3565 am.

2366 3527 2408 3565 η
2442 3525 2667 3566 nciam.

2323 3602 2454 3657 LVI.
2484 3599 2749 3669 (Additio
2778 3616 2835 3654 1v
2864 3600 3200 3669 Capitular.
3233 3614 3284 3654 c.
3319 3599 3398 3669 6.)
3428 3599 3581 3653 Cum
3619 3597 3803 3667 juxta
3825 3610 3921 3651 an-

2252 3688 2429 3761 tiquse
2459 3686 2843 3743 institutionis
2891 3686 3154 3743 edictum
3183 3686 3320 3759 plus
3347 3701 3491 3755 erga
3531 3682 3914 3755 corrigendos

2253 3791 2429 3846 agere
2479 3775 2697 3832 debeat
2741 3775 3158 3832 benevolentia
3199 3791 3386 3848 quam
3435 3774 3755 3841 severitas,
3794 3771 3917 3845 plus

2253 3863 2582 3922 cohortatio
2630 3882 2819 3938 quam
2868 3865 3213 3931 commotio,
3244 3864 3382 3937 plus
3430 3863 3705 3920 charitas
3741 3874 3914 3935 quam

2252 3957 2521 4028 potestas
2550 3953 2823 4011 adhiberi
2852 3954 3051 4010 debet.

2257 4063 2433 4135 235
2465 4063 2554 4118 De
2570 4062 2927 4131 parricidio.
2957 4063 3057 4117 Ex
3081 4063 3235 4132 Lege
3261 4060 3685 4117 Theodosiana
3715 4060 3819 4115 lib.
3845 4073 3916 4113 nr.

2327 4151 2475 4207 LVII.
2511 4152 2901 4222 (Interpretat.
2934 4149 3035 4206 lib.
3067 4166 3103 4217 ι,
3148 4150 3290 4206 Cod.
3328 4148 3641 4218 Theodos.,
3679 4150 3760 4205 de
3788 4150 3922 4204 Par-

2254 4240 2518 4305 ricidio.)
2554 4239 2608 4296 Si
2664 4238 2799 4311 quis
2848 4243 3101 4311 patrem,
3148 4242 3424 4308 matrem,
3457 4236 3741 4304 fratrem,
3772 4250 3919 4292 soro-

2256 4345 2402 4395 rem,
2437 4327 2613 4397 ﬁlios,
2656 4326 2827 4400 ﬁlias,
2862 4328 2954 4383 vel
2998 4327 3145 4383 alios
3194 4327 3571 4401 propinquos
3619 4324 3919 4391 occiderit,

490 4394 592 4462 rit,
625 4398 682 4450 et
715 4394 946 4463 fugerit
992 4392 1075 4449 ad
1119 4408 1304 4449 unam
1349 4394 1420 4450 de
1461 4396 1827 4463 supradictis
1877 4397 2135 4467 urbibus,

2261 4420 2487 4473 remoto
2520 4416 2776 4473 aliorum
2808 4431 3025 4488 genere
3049 4392 3507 4482 tormentorum,
3542 4415 3713 4473 facto
3740 4415 3815 4471 de
3839 4428 3924 4469 co-
4004 4468 4005 4473 η

487 4482 725 4539 mittent
752 4482 1011 4537 seniores
1041 4482 1301 4537 civitatis
1330 4483 1518 4552 illius,
1551 4490 1605 4539 et
1636 4486 1875 4554 rapient
1914 4501 2045 4542 eum
2073 4486 2147 4542 de

491 4574 617 4629 loco
661 4570 905 4641 refugii,
938 4576 993 4627 et
1043 4572 1284 4627 tradent
1332 4586 1463 4627 eum
1512 4574 1574 4628 in
1623 4589 1838 4630 manus
1882 4576 2149 4644 proximi

488 4664 616 4731 ejus
663 4662 838 4730 cujus
896 4661 1143 4731 sanguis
1171 4661 1395 4729 effusus
1426 4667 1531 4732 est,
1563 4668 1615 4718 et
1661 4664 1997 4735 moriatur;
2042 4680 2148 4721 nec

487 4749 856 4807 misereberis
903 4750 1031 4819 ejus
1088 4749 1284 4816 (Deut.
1334 4750 1473 4821 xxx).
1507 4749 1676 4806 Illum
1722 4751 1922 4824 itaque
1964 4768 2147 4825 quem

488 4839 778 4895 Dominus
807 4836 1061 4907 dignum
1092 4841 1282 4893 morte
1312 4853 1442 4893 esse
1484 4838 1793 4909 judicavit,
1825 4841 1961 4912 quis
1990 4841 2151 4899 dicat

488 4942 659 4982 reum
705 4940 830 4981 non
881 4926 1061 4989 esse?
1114 4925 1433 4991 Quomodo
1481 4929 1812 4984 contrarius
1864 4929 1979 4999 legi
2027 4946 2151 4986 non

378 5080 381 5093 ι
490 5014 683 5072 existit
727 5013 833 5086 qui
876 5014 991 5071 hoc
1028 5015 1194 5086 quod
1239 5016 1395 5070 Deus
1423 5017 1701 5089 praecepit
1738 5035 1978 5074 cassum
2022 5035 2150 5075 esse

491 5100 842 5156 contendit?
872 5101 985 5156 Sed
1013 5101 1165 5158 inter
1208 5103 1333 5159 hzec
1365 5104 1675 5161 sciendum
1714 5110 1803 5162 est
1830 5106 1999 5179 quod
2028 5125 2153 5164 ma-

491 5204 612 5258 gna
640 5188 920 5245 distantia
951 5193 1039 5245 est
1065 5189 1217 5246 inter
1243 5191 1576 5261 legitimum
1610 5195 1942 5268 principem
1973 5202 2031 5253 et
2060 5216 2149 5254 se-

490 5275 776 5333 ditiosum
816 5281 1161 5347 tyrannum.

2257 4505 2357 4562 riis
2386 4521 2561 4562 sacco
2583 4505 2687 4578 qui
2718 4505 2943 4562 culleus
2969 4505 3335 4572 nominatur,
3365 4505 3428 4560 in
3453 4520 3581 4578 quo
3621 4521 3773 4562 cum
3801 4502 3927 4559 mis-

2258 4612 2361 4651 sus
2394 4594 2563 4650 fuerit
2594 4609 2735 4650 cum
2758 4593 2893 4667 ipso
2924 4594 3103 4650 etiam
3134 4597 3440 4666 serpentes
3463 4592 3855 4656 claudantur,
3874 4593 3923 4644 et
4000 4580 4003 4661 ἶ

2258 4684 2306 4739 si
2355 4699 2523 4739 mare
2576 4682 2840 4739 vicinum
2889 4697 3013 4738 non
3063 4682 3257 4749 fuerit,
3290 4681 3352 4738 in
3389 4680 3674 4754 quolibet
3703 4678 3921 4752 gurgite
4000 4676 4001 4725 l

2256 4771 2625 4846 projiciatur,
2677 4770 2775 4827 tali
2826 4785 3010 4843 paena
3056 4769 3382 4827 damnatus
3426 4768 3600 4827 nullo
3654 4782 3922 4841 unquam

2258 4867 2529 4937 tempore
2554 4861 2821 4918 obtineat
2848 4860 3239 4934 sepulturam.

2328 4971 2414 5025 De
2439 4970 2681 5024 domina
2708 4982 2839 5039 qua:
2867 4969 3158 5023 ancillam
3200 4967 3433 5024 occidit.
3468 4968 3572 5023 Ea:
3601 4967 3863 5023 concilio

2891 5039 3287 5095 Eliberitano.

2334 5129 2511 5181 LVIII.
2546 5128 2800 5197 (Concil.
2832 5127 3105 5183 Eliberit.
3131 5144 3182 5183 c.
3208 5132 3268 5193 5;
3304 5130 3615 5183 HALI'I‘GAR.
3653 5127 3766 5183 lib.
3790 5142 3926 5191 mc.

2262 5221 2323 5283 5;
2362 5218 2683 5272 Buacnmn.
2716 5216 2819 5271 lib.
2854 5233 2934 5288 v1,
2965 5234 3016 5272 c.
3054 5218 3165 5288 l9.)
3206 5216 3263 5273 Si
3292 5232 3415 5289 qua
3444 5216 3709 5274 domina
3742 5216 3927 5271 furore

2259 5304 2363 5361 zeli
2393 5304 2767 5367 inﬂammata
2795 5306 3073 5361 ancillam
3100 5305 3400 5373 occiderit,
3433 5308 3513 5361 ita
3545 5308 3611 5361 ut
3644 5306 3811 5361 intra
3835 5309 3934 5358 ter-

813 5385 900 5440 De
926 5386 1129 5443 eadem
1161 5404 1243 5444 re.
1286 5391 1384 5446 Ex
1403 5392 1834 5449 Pwnitentiali.

564 5472 648 5524 LI.
690 5470 747 5525 Si
774 5471 910 5544 quis
938 5472 1246 5533 hominem
1276 5478 1335 5532 in
1376 5477 1533 5534 bello
1578 5480 1820 5551 publico
1846 5482 2147 5549 occiderit,

490 5557 893 5631 quadraginta
922 5561 1052 5619 dies
1080 5564 1381 5637 pceniteat.

2260 5393 2408 5448 tium
2439 5394 2600 5449 diem
2627 5394 2897 5450 animam
2927 5411 3063 5450 cum
3092 5392 3358 5449 cruciatu
3387 5391 3642 5462 emittat,
3670 5409 3749 5449 eo
3775 5387 3931 5465 quod

2259 5481 2551 5538 incertum
2575 5482 2649 5538 sit
2668 5482 3001 5539 voluntarie
3028 5499 3105 5538 an
3137 5497 3282 5539 casu
3301 5481 3615 5545 occiderit;
3649 5482 3706 5538 si
3738 5479 3934 5537 volun-

2263 5571 2426 5639 tarie,
2460 5578 2599 5644 post
2638 5578 2865 5645 septem
2914 5589 3131 5640 annos,
3164 5572 3213 5627 si
3262 5586 3429 5642 casu,
3468 5578 3611 5644 post
3665 5569 3935 5645 quinque

560 5702 709 5775 (288)
749 5705 890 5762 Vide
913 5704 1317 5764 Pcenitentiale
1348 5707 1596 5777 Rabani,
1629 5726 1761 5782 cap.
1796 5717 1882 5767 30.
