  <div class='ocr_page' id='page_1' title='image "/cluster/home/n/w/nwhite01/storage/ocr_20150623/132/hvd.32044054759931/154.png"; bbox 0 0 4044 6196; ppageno 0'>
   <div class='ocr_carea' id='block_1_1' title="bbox 239 166 345 217">
    <p class='ocr_par' dir='ltr' id='par_1_1' title="bbox 239 166 345 217">
     <span class='ocr_line' id='line_1_1' title="bbox 239 166 345 217; baseline 0 -1"><span class='ocrx_word' id='word_1_1' title='bbox 239 166 345 217; x_wconf 79' lang='grc'><strong><em>297</em></strong></span> 
     </span>
    </p>
   </div>
   <div class='ocr_carea' id='block_1_2' title="bbox 1176 148 2724 217">
    <p class='ocr_par' dir='ltr' id='par_1_2' title="bbox 1176 148 2724 217">
     <span class='ocr_line' id='line_1_2' title="bbox 1176 148 2724 217; baseline -0.005 -2"><span class='ocrx_word' id='word_1_2' title='bbox 1176 161 1265 215; x_wconf 87' lang='lat' dir='ltr'><strong><em>DE</em></strong></span> <span class='ocrx_word' id='word_1_3' title='bbox 1307 158 1585 217; x_wconf 83' lang='lat' dir='ltr'><strong><em>ECCLES.</em></strong></span> <span class='ocrx_word' id='word_1_4' title='bbox 1630 155 1910 214; x_wconf 86' lang='lat' dir='ltr'><strong><em>DISCIPL.</em></strong></span> <span class='ocrx_word' id='word_1_5' title='bbox 1960 148 2141 206; x_wconf 85' lang='lat' dir='ltr'><strong><em>LIBRI</em></strong></span> <span class='ocrx_word' id='word_1_6' title='bbox 2181 150 2345 207; x_wconf 90' lang='lat' dir='ltr'><strong><em>DUO.</em></strong></span> <span class='ocrx_word' id='word_1_7' title='bbox 2376 183 2444 191; x_wconf 88' lang='lat'><strong><em>-—</em></strong></span> <span class='ocrx_word' id='word_1_8' title='bbox 2486 152 2616 208; x_wconf 90' lang='lat' dir='ltr'><strong><em>LIB.</em></strong></span> <span class='ocrx_word' id='word_1_9' title='bbox 2660 155 2724 208; x_wconf 93' lang='lat' dir='ltr'><strong><em>II.</em></strong></span> 
     </span>
    </p>
   </div>
   <div class='ocr_carea' id='block_1_3' title="bbox 3555 165 3659 217">
    <p class='ocr_par' dir='ltr' id='par_1_3' title="bbox 3555 165 3659 217">
     <span class='ocr_line' id='line_1_3' title="bbox 3555 165 3659 217; baseline 0 0"><span class='ocrx_word' id='word_1_10' title='bbox 3555 165 3659 217; x_wconf 80' lang='lat'><strong><em>298</em></strong></span> 
     </span>
    </p>
   </div>
   <div class='ocr_carea' id='block_1_4' title="bbox 244 273 3668 358">
    <p class='ocr_par' dir='ltr' id='par_1_4' title="bbox 244 273 3668 358">
     <span class='ocr_line' id='line_1_4' title="bbox 244 273 3668 358; baseline -0 -17"><span class='ocrx_word' id='word_1_11' title='bbox 244 298 549 341; x_wconf 87' lang='lat' dir='ltr'><strong><em>annorum</em></strong></span> <span class='ocrx_word' id='word_1_12' title='bbox 567 287 860 355; x_wconf 90' lang='lat' dir='ltr'><strong><em>tempora,</em></strong></span> <span class='ocrx_word' id='word_1_13' title='bbox 892 286 1029 340; x_wconf 91' lang='lat' dir='ltr'><strong><em>acta</em></strong></span> <span class='ocrx_word' id='word_1_14' title='bbox 1068 282 1336 354; x_wconf 70' lang='lat' dir='ltr'><strong><em>legitima</em></strong></span> <span class='ocrx_word' id='word_1_15' title='bbox 1391 282 1758 358; x_wconf 76' lang='lat' dir='ltr'><strong><em>pcenitentia,</em></strong></span> <span class='ocrx_word' id='word_1_16' title='bbox 1820 278 1897 335; x_wconf 88' lang='lat' dir='ltr'><strong><em>ad</em></strong></span> <span class='ocrx_word' id='word_1_17' title='bbox 1935 280 1981 334; x_wconf 80' lang='grc' dir='ltr'><strong>Α</strong></span> <span class='ocrx_word' id='word_1_18' title='bbox 2008 273 2125 329; x_wconf 89' lang='lat' dir='ltr'><strong><em>bus</em></strong></span> <span class='ocrx_word' id='word_1_19' title='bbox 2154 274 2457 347; x_wconf 82' lang='lat' dir='ltr'><strong><em>aliquibus</em></strong></span> <span class='ocrx_word' id='word_1_20' title='bbox 2480 277 2822 348; x_wconf 85' lang='lat' dir='ltr'><strong><em>colliserint,</em></strong></span> <span class='ocrx_word' id='word_1_21' title='bbox 2852 277 2913 334; x_wconf 90' lang='lat' dir='ltr'><strong><em>iu</em></strong></span> <span class='ocrx_word' id='word_1_22' title='bbox 2942 282 3193 352; x_wconf 88' lang='lat' dir='ltr'><strong><em>utroque</em></strong></span> <span class='ocrx_word' id='word_1_23' title='bbox 3242 296 3387 338; x_wconf 83' lang='lat' dir='ltr'><strong><em>sexu</em></strong></span> <span class='ocrx_word' id='word_1_24' title='bbox 3443 283 3668 340; x_wconf 87' lang='lat' dir='ltr'><strong><em>adulte-</em></strong></span> 
     </span>
    </p>
   </div>
   <div class='ocr_carea' id='block_1_5' title="bbox 245 370 1277 444">
    <p class='ocr_par' dir='ltr' id='par_1_5' title="bbox 245 370 1277 444">
     <span class='ocr_line' id='line_1_5' title="bbox 245 370 1277 444; baseline -0.002 -15"><span class='ocrx_word' id='word_1_25' title='bbox 245 370 737 429; x_wconf 91' lang='lat' dir='ltr'><strong><em>communionem</em></strong></span> <span class='ocrx_word' id='word_1_26' title='bbox 767 370 1003 429; x_wconf 80' lang='lat' dir='ltr'><strong><em>admitti</em></strong></span> <span class='ocrx_word' id='word_1_27' title='bbox 1033 371 1277 444; x_wconf 85' lang='lat' dir='ltr'><strong><em>placuit.</em></strong></span> 
     </span>
    </p>
   </div>
   <div class='ocr_carea' id='block_1_6' title="bbox 240 458 1902 519">
    <p class='ocr_par' dir='ltr' id='par_1_6' title="bbox 240 458 1902 519">
     <span class='ocr_line' id='line_1_6' title="bbox 240 458 1902 519; baseline -0.002 -2"><span class='ocrx_word' id='word_1_28' title='bbox 240 462 311 517; x_wconf 91' lang='lat' dir='ltr'><strong><em>Si</em></strong></span> <span class='ocrx_word' id='word_1_29' title='bbox 331 476 539 518; x_wconf 80' lang='lat' dir='ltr'><strong><em>servus</em></strong></span> <span class='ocrx_word' id='word_1_30' title='bbox 563 460 861 517; x_wconf 76' lang='lat' dir='ltr'><strong><em>occiditur</em></strong></span> <span class='ocrx_word' id='word_1_31' title='bbox 915 460 1154 517; x_wconf 85' lang='lat' dir='ltr'><strong><em>domino</em></strong></span> <span class='ocrx_word' id='word_1_32' title='bbox 1184 462 1326 517; x_wconf 85' lang='lat' dir='ltr'><strong><em>dum</em></strong></span> <span class='ocrx_word' id='word_1_33' title='bbox 1356 461 1697 519; x_wconf 81' lang='lat' dir='ltr'><strong><em>verberibus</em></strong></span> <span class='ocrx_word' id='word_1_34' title='bbox 1727 458 1902 517; x_wconf 83' lang='lat' dir='ltr'><strong><em>casti-</em></strong></span> 
     </span>
    </p>
   </div>
   <div class='ocr_carea' id='block_1_7' title="bbox 589 532 1551 603">
    <p class='ocr_par' dir='ltr' id='par_1_7' title="bbox 589 532 1551 603">
     <span class='ocr_line' id='line_1_7' title="bbox 589 532 1551 603; baseline -0.002 -14"><span class='ocrx_word' id='word_1_35' title='bbox 589 537 795 602; x_wconf 85' lang='lat' dir='ltr'><strong><em>gatur.</em></strong></span> <span class='ocrx_word' id='word_1_36' title='bbox 840 532 942 588; x_wconf 75' lang='lat' dir='ltr'><em>Ex</em></span> <span class='ocrx_word' id='word_1_37' title='bbox 970 533 1095 603; x_wconf 85' lang='lat' dir='ltr'><strong><em>lege</em></strong></span> <span class='ocrx_word' id='word_1_38' title='bbox 1124 532 1551 590; x_wconf 83' lang='lat' dir='ltr'><strong><em>Theodosiana.</em></strong></span> 
     </span>
    </p>
   </div>
   <div class='ocr_carea' id='block_1_8' title="bbox 318 620 1905 691">
    <p class='ocr_par' dir='ltr' id='par_1_8' title="bbox 318 620 1905 691">
     <span class='ocr_line' id='line_1_8' title="bbox 318 620 1905 691; baseline -0.001 -15"><span class='ocrx_word' id='word_1_39' title='bbox 318 623 445 677; x_wconf 83' lang='lat' dir='ltr'><strong><em>LIX.</em></strong></span> <span class='ocrx_word' id='word_1_40' title='bbox 476 620 872 691; x_wconf 89' lang='lat' dir='ltr'><strong><em>(lnterpretat.</em></strong></span> <span class='ocrx_word' id='word_1_41' title='bbox 925 620 966 675; x_wconf 91' lang='lat' dir='ltr'><strong><em>l.</em></strong></span> <span class='ocrx_word' id='word_1_42' title='bbox 1027 625 1047 676; x_wconf 82' lang='lat' dir='ltr'><strong><em>t</em></strong></span> <span class='ocrx_word' id='word_1_43' title='bbox 1107 621 1252 677; x_wconf 85' lang='lat' dir='ltr'><strong><em>Cod.</em></strong></span> <span class='ocrx_word' id='word_1_44' title='bbox 1286 621 1568 678; x_wconf 80' lang='lat' dir='ltr'><strong><em>Theodos.</em></strong></span> <span class='ocrx_word' id='word_1_45' title='bbox 1600 622 1689 677; x_wconf 91' lang='lat' dir='ltr'><strong><em>De</em></strong></span> <span class='ocrx_word' id='word_1_46' title='bbox 1715 633 1905 676; x_wconf 88' lang='lat' dir='ltr'><strong><em>emen-</em></strong></span> 
     </span>
    </p>
   </div>
   <div class='ocr_carea' id='block_1_9' title="bbox 241 707 1903 783">
    <p class='ocr_par' dir='ltr' id='par_1_9' title="bbox 241 707 1903 783">
     <span class='ocr_line' id='line_1_9' title="bbox 241 707 1903 783; baseline -0.002 -17"><span class='ocrx_word' id='word_1_47' title='bbox 241 710 370 767; x_wconf 83' lang='lat' dir='ltr'><strong><em>dat.</em></strong></span> <span class='ocrx_word' id='word_1_48' title='bbox 403 709 651 781; x_wconf 87' lang='lat' dir='ltr'><strong><em>servor.)</em></strong></span> <span class='ocrx_word' id='word_1_49' title='bbox 685 709 743 766; x_wconf 87' lang='lat' dir='ltr'><strong><em>Si</em></strong></span> <span class='ocrx_word' id='word_1_50' title='bbox 769 724 994 779; x_wconf 87' lang='lat' dir='ltr'><strong><em>servus,</em></strong></span> <span class='ocrx_word' id='word_1_51' title='bbox 1025 708 1174 765; x_wconf 93' lang='lat' dir='ltr'><strong><em>dum</em></strong></span> <span class='ocrx_word' id='word_1_52' title='bbox 1197 709 1439 783; x_wconf 84' lang='lat' dir='ltr'><strong>culpam</strong></span> <span class='ocrx_word' id='word_1_53' title='bbox 1467 710 1752 767; x_wconf 91' lang='lat' dir='ltr'><strong><em>dominus</em></strong></span> <span class='ocrx_word' id='word_1_54' title='bbox 1771 707 1903 764; x_wconf 88' lang='lat' dir='ltr'><strong><em>vin-</em></strong></span> 
     </span>
    </p>
   </div>
   <div class='ocr_carea' id='block_1_10' title="bbox 241 796 1903 873">
    <p class='ocr_par' dir='ltr' id='par_1_10' title="bbox 241 796 1903 873">
     <span class='ocr_line' id='line_1_10' title="bbox 241 796 1903 873; baseline -0.003 -17"><span class='ocrx_word' id='word_1_55' title='bbox 241 799 423 867; x_wconf 86' lang='lat' dir='ltr'><strong><em>dicat,</em></strong></span> <span class='ocrx_word' id='word_1_56' title='bbox 458 802 734 855; x_wconf 89' lang='lat' dir='ltr'><strong><em>mortuus</em></strong></span> <span class='ocrx_word' id='word_1_57' title='bbox 763 797 959 868; x_wconf 85' lang='lat' dir='ltr'><strong><em>fuerit,</em></strong></span> <span class='ocrx_word' id='word_1_58' title='bbox 1018 797 1305 855; x_wconf 90' lang='lat' dir='ltr'><strong><em>dominus</em></strong></span> <span class='ocrx_word' id='word_1_59' title='bbox 1362 801 1541 873; x_wconf 87' lang='lat' dir='ltr'><strong><em>culpa</em></strong></span> <span class='ocrx_word' id='word_1_60' title='bbox 1596 796 1903 855; x_wconf 86' lang='lat' dir='ltr'><strong><em>homicidii</em></strong></span> 
     </span>
    </p>
   </div>
   <div class='ocr_carea' id='block_1_11' title="bbox 241 884 1901 959">
    <p class='ocr_par' dir='ltr' id='par_1_11' title="bbox 241 884 1901 959">
     <span class='ocr_line' id='line_1_11' title="bbox 241 884 1901 959; baseline -0.002 -14"><span class='ocrx_word' id='word_1_61' title='bbox 241 903 367 945; x_wconf 90' lang='lat' dir='ltr'><strong><em>non</em></strong></span> <span class='ocrx_word' id='word_1_62' title='bbox 393 891 626 944; x_wconf 89' lang='lat' dir='ltr'><strong><em>tenetur</em></strong></span> <span class='ocrx_word' id='word_1_63' title='bbox 655 904 668 942; x_wconf 89' lang='lat'><strong>:</strong></span> <span class='ocrx_word' id='word_1_64' title='bbox 700 886 844 959; x_wconf 85' lang='lat' dir='ltr'><strong><em>quia</em></strong></span> <span class='ocrx_word' id='word_1_65' title='bbox 873 891 1016 943; x_wconf 91' lang='lat' dir='ltr'><strong><em>tunc</em></strong></span> <span class='ocrx_word' id='word_1_66' title='bbox 1044 885 1351 959; x_wconf 73' lang='lat' dir='ltr'><strong><em>homicidii</em></strong></span> <span class='ocrx_word' id='word_1_67' title='bbox 1380 904 1518 944; x_wconf 90' lang='lat' dir='ltr'><strong><em>reus</em></strong></span> <span class='ocrx_word' id='word_1_68' title='bbox 1543 892 1650 955; x_wconf 92' lang='lat' dir='ltr'><strong><em>est,</em></strong></span> <span class='ocrx_word' id='word_1_69' title='bbox 1670 886 1717 943; x_wconf 91' lang='lat' dir='ltr'><strong><em>si</em></strong></span> <span class='ocrx_word' id='word_1_70' title='bbox 1746 884 1901 943; x_wconf 93' lang='lat' dir='ltr'><strong><em>occi-</em></strong></span> 
     </span>
    </p>
   </div>
   <div class='ocr_carea' id='block_1_12' title="bbox 241 974 1903 1034">
    <p class='ocr_par' dir='ltr' id='par_1_12' title="bbox 241 974 1903 1034">
     <span class='ocr_line' id='line_1_12' title="bbox 241 974 1903 1034; baseline -0.002 0"><span class='ocrx_word' id='word_1_71' title='bbox 241 976 385 1034; x_wconf 85' lang='lat' dir='ltr'><strong><em>dere</em></strong></span> <span class='ocrx_word' id='word_1_72' title='bbox 427 975 693 1033; x_wconf 89' lang='lat' dir='ltr'><strong><em>voluisse</em></strong></span> <span class='ocrx_word' id='word_1_73' title='bbox 745 974 1135 1033; x_wconf 78' lang='lat' dir='ltr'><strong><em>convincitur.</em></strong></span> <span class='ocrx_word' id='word_1_74' title='bbox 1195 980 1343 1033; x_wconf 86' lang='lat' dir='ltr'><strong><em>Nam</em></strong></span> <span class='ocrx_word' id='word_1_75' title='bbox 1400 975 1742 1033; x_wconf 82' lang='lat' dir='ltr'><strong><em>emendatio</em></strong></span> <span class='ocrx_word' id='word_1_76' title='bbox 1778 989 1903 1031; x_wconf 90' lang='lat' dir='ltr'><strong><em>non</em></strong></span> 
     </span>
    </p>
   </div>
   <div class='ocr_carea' id='block_1_13' title="bbox 241 1064 867 1124">
    <p class='ocr_par' dir='ltr' id='par_1_13' title="bbox 241 1064 867 1124">
     <span class='ocr_line' id='line_1_13' title="bbox 241 1064 867 1124; baseline -0.008 0"><span class='ocrx_word' id='word_1_77' title='bbox 241 1070 488 1124; x_wconf 77' lang='lat' dir='ltr'><strong><em>vocatur</em></strong></span> <span class='ocrx_word' id='word_1_78' title='bbox 510 1064 592 1122; x_wconf 90' lang='lat' dir='ltr'><strong><em>ad</em></strong></span> <span class='ocrx_word' id='word_1_79' title='bbox 620 1064 867 1121; x_wconf 82' lang='lat' dir='ltr'><strong><em>crimen.</em></strong></span> 
     </span>
    </p>
   </div>
   <div class='ocr_carea' id='block_1_14' title="bbox 241 1154 1905 1237">
    <p class='ocr_par' dir='ltr' id='par_1_14' title="bbox 241 1154 1905 1237">
     <span class='ocr_line' id='line_1_14' title="bbox 241 1154 1905 1237; baseline -0.001 -25"><span class='ocrx_word' id='word_1_80' title='bbox 241 1157 329 1212; x_wconf 88' lang='lat' dir='ltr'><strong><em>De</em></strong></span> <span class='ocrx_word' id='word_1_81' title='bbox 369 1154 749 1225; x_wconf 78' lang='lat' dir='ltr'><strong><em>oppressione</em></strong></span> <span class='ocrx_word' id='word_1_82' title='bbox 781 1154 1112 1224; x_wconf 79' lang='lat' dir='ltr'><strong><em>infantum.</em></strong></span> <span class='ocrx_word' id='word_1_83' title='bbox 1136 1155 1244 1237; x_wconf 42' lang='lat' dir='ltr'><strong><em>.Ex</em></strong></span> <span class='ocrx_word' id='word_1_84' title='bbox 1278 1155 1530 1212; x_wconf 86' lang='lat' dir='ltr'><strong><em>concilio</em></strong></span> <span class='ocrx_word' id='word_1_85' title='bbox 1565 1154 1905 1225; x_wconf 83' lang='lat' dir='ltr'><strong><em>Mogoncia-</em></strong></span> 
     </span>
    </p>
   </div>
   <div class='ocr_carea' id='block_1_15' title="bbox 984 1240 1165 1282">
    <p class='ocr_par' dir='ltr' id='par_1_15' title="bbox 984 1240 1165 1282">
     <span class='ocr_line' id='line_1_15' title="bbox 984 1240 1165 1282; baseline -0.011 -1"><span class='ocrx_word' id='word_1_86' title='bbox 984 1240 1165 1282; x_wconf 74' lang='grc' dir='ltr'><strong><em>οεηδι.</em></strong></span> 
     </span>
    </p>
   </div>
   <div class='ocr_carea' id='block_1_16' title="bbox 314 1312 1902 1387">
    <p class='ocr_par' dir='ltr' id='par_1_16' title="bbox 314 1312 1902 1387">
     <span class='ocr_line' id='line_1_16' title="bbox 314 1312 1902 1387; baseline -0.001 -16"><span class='ocrx_word' id='word_1_87' title='bbox 314 1317 420 1371; x_wconf 85' lang='lat' dir='ltr'><strong><em>LX.</em></strong></span> <span class='ocrx_word' id='word_1_88' title='bbox 452 1314 789 1387; x_wconf 62' lang='lat' dir='ltr'><strong><em>(Buncusnn.</em></strong></span> <span class='ocrx_word' id='word_1_89' title='bbox 821 1312 926 1370; x_wconf 86' lang='lat' dir='ltr'><strong><em>lib.</em></strong></span> <span class='ocrx_word' id='word_1_90' title='bbox 958 1331 1098 1381; x_wconf 80' lang='lat' dir='ltr'><strong><em>xvu,</em></strong></span> <span class='ocrx_word' id='word_1_91' title='bbox 1122 1331 1173 1371; x_wconf 92' lang='lat' dir='ltr'><strong><em>c.</em></strong></span> <span class='ocrx_word' id='word_1_92' title='bbox 1207 1314 1316 1387; x_wconf 77' lang='lat'><strong><em>58.)</em></strong></span> <span class='ocrx_word' id='word_1_93' title='bbox 1360 1313 1418 1373; x_wconf 92' lang='lat' dir='ltr'><strong><em>Si</em></strong></span> <span class='ocrx_word' id='word_1_94' title='bbox 1446 1314 1583 1387; x_wconf 87' lang='lat' dir='ltr'><strong><em>quis</em></strong></span> <span class='ocrx_word' id='word_1_95' title='bbox 1616 1314 1902 1371; x_wconf 83' lang='lat' dir='ltr'><strong><em>infantem</em></strong></span> 
     </span>
    </p>
   </div>
   <div class='ocr_carea' id='block_1_17' title="bbox 245 1402 1902 1476">
    <p class='ocr_par' dir='ltr' id='par_1_17' title="bbox 245 1402 1902 1476">
     <span class='ocr_line' id='line_1_17' title="bbox 245 1402 1902 1476; baseline -0.001 -16"><span class='ocrx_word' id='word_1_96' title='bbox 245 1420 427 1460; x_wconf 88' lang='lat' dir='ltr'><strong><em>suum</em></strong></span> <span class='ocrx_word' id='word_1_97' title='bbox 443 1402 675 1459; x_wconf 82' lang='lat' dir='ltr'><strong><em>incaute</em></strong></span> <span class='ocrx_word' id='word_1_98' title='bbox 692 1402 1075 1476; x_wconf 80' lang='lat' dir='ltr'><strong><em>oppresserit,</em></strong></span> <span class='ocrx_word' id='word_1_99' title='bbox 1097 1404 1274 1475; x_wconf 77' lang='lat'><strong>236</strong></span> <span class='ocrx_word' id='word_1_100' title='bbox 1296 1408 1401 1460; x_wconf 90' lang='lat' dir='ltr'><strong><em>aut</em></strong></span> <span class='ocrx_word' id='word_1_101' title='bbox 1416 1403 1902 1461; x_wconf 86' lang='lat' dir='ltr'><strong><em>vestimentorum</em></strong></span> 
     </span>
    </p>
   </div>
   <div class='ocr_carea' id='block_1_18' title="bbox 247 1487 1900 1564">
    <p class='ocr_par' dir='ltr' id='par_1_18' title="bbox 247 1487 1900 1564">
     <span class='ocr_line' id='line_1_18' title="bbox 247 1487 1900 1564; baseline -0.003 -17"><span class='ocrx_word' id='word_1_102' title='bbox 247 1490 513 1564; x_wconf 90' lang='lat' dir='ltr'><strong><em>pondere</em></strong></span> <span class='ocrx_word' id='word_1_103' title='bbox 540 1490 939 1558; x_wconf 75' lang='lat' dir='ltr'><strong><em>suﬂ‘ocaverit,</em></strong></span> <span class='ocrx_word' id='word_1_104' title='bbox 974 1495 1032 1547; x_wconf 92' lang='lat' dir='ltr'><strong><em>et</em></strong></span> <span class='ocrx_word' id='word_1_105' title='bbox 1059 1490 1173 1546; x_wconf 90' lang='lat' dir='ltr'><strong><em>hoc</em></strong></span> <span class='ocrx_word' id='word_1_106' title='bbox 1204 1495 1344 1564; x_wconf 89' lang='lat' dir='ltr'><strong><em>post</em></strong></span> <span class='ocrx_word' id='word_1_107' title='bbox 1371 1489 1740 1563; x_wconf 87' lang='lat' dir='ltr'><strong><em>baptismum</em></strong></span> <span class='ocrx_word' id='word_1_108' title='bbox 1779 1487 1900 1543; x_wconf 91' lang='lat' dir='ltr'><strong><em>fac-</em></strong></span> 
     </span>
    </p>
   </div>
   <div class='ocr_carea' id='block_1_19' title="bbox 244 1579 1899 1654">
    <p class='ocr_par' dir='ltr' id='par_1_19' title="bbox 244 1579 1899 1654">
     <span class='ocr_line' id='line_1_19' title="bbox 244 1579 1899 1654; baseline -0.003 -17"><span class='ocrx_word' id='word_1_109' title='bbox 244 1584 374 1637; x_wconf 89' lang='lat' dir='ltr'><strong><em>tum</em></strong></span> <span class='ocrx_word' id='word_1_110' title='bbox 402 1579 594 1648; x_wconf 88' lang='lat' dir='ltr'><strong><em>fuerit,</em></strong></span> <span class='ocrx_word' id='word_1_111' title='bbox 634 1579 1039 1654; x_wconf 80' lang='lat' dir='ltr'><strong><em>quadraginta</em></strong></span> <span class='ocrx_word' id='word_1_112' title='bbox 1063 1580 1190 1636; x_wconf 91' lang='lat' dir='ltr'><strong><em>dies</em></strong></span> <span class='ocrx_word' id='word_1_113' title='bbox 1220 1579 1505 1653; x_wconf 80' lang='lat' dir='ltr'><strong><em>poeniteat</em></strong></span> <span class='ocrx_word' id='word_1_114' title='bbox 1532 1579 1594 1634; x_wconf 93' lang='lat' dir='ltr'><strong><em>in</em></strong></span> <span class='ocrx_word' id='word_1_115' title='bbox 1633 1594 1787 1651; x_wconf 89' lang='lat' dir='ltr'><strong><em>pane</em></strong></span> <span class='ocrx_word' id='word_1_116' title='bbox 1842 1580 1899 1632; x_wconf 91' lang='lat' dir='ltr'><strong><em>et</em></strong></span> 
     </span>
    </p>
   </div>
   <div class='ocr_carea' id='block_1_20' title="bbox 240 1666 1896 1741">
    <p class='ocr_par' dir='ltr' id='par_1_20' title="bbox 240 1666 1896 1741">
     <span class='ocr_line' id='line_1_20' title="bbox 240 1666 1896 1741; baseline -0.002 -17"><span class='ocrx_word' id='word_1_117' title='bbox 240 1683 425 1741; x_wconf 84' lang='lat' dir='ltr'><strong><em>aqua,</em></strong></span> <span class='ocrx_word' id='word_1_118' title='bbox 453 1667 716 1725; x_wconf 87' lang='lat' dir='ltr'><strong><em>oleribus</em></strong></span> <span class='ocrx_word' id='word_1_119' title='bbox 746 1673 925 1741; x_wconf 90' lang='lat' dir='ltr'><strong><em>atque</em></strong></span> <span class='ocrx_word' id='word_1_120' title='bbox 954 1668 1381 1740; x_wconf 80' lang='lat' dir='ltr'><strong><em>leguminibus,</em></strong></span> <span class='ocrx_word' id='word_1_121' title='bbox 1411 1671 1467 1723; x_wconf 91' lang='lat' dir='ltr'><strong><em>et</em></strong></span> <span class='ocrx_word' id='word_1_122' title='bbox 1488 1683 1524 1723; x_wconf 91' lang='lat' dir='ltr'><strong><em>a</em></strong></span> <span class='ocrx_word' id='word_1_123' title='bbox 1546 1666 1803 1738; x_wconf 90' lang='lat' dir='ltr'><strong><em>conjuge</em></strong></span> <span class='ocrx_word' id='word_1_124' title='bbox 1834 1681 1896 1721; x_wconf 91' lang='lat' dir='ltr'><strong><em>se</em></strong></span> 
     </span>
    </p>
   </div>
   <div class='ocr_carea' id='block_1_21' title="bbox 239 1755 1898 1830">
    <p class='ocr_par' dir='ltr' id='par_1_21' title="bbox 239 1755 1898 1830">
     <span class='ocr_line' id='line_1_21' title="bbox 239 1755 1898 1830; baseline -0.002 -17"><span class='ocrx_word' id='word_1_125' title='bbox 239 1757 557 1813; x_wconf 87' lang='lat' dir='ltr'><strong><em>abstineat.</em></strong></span> <span class='ocrx_word' id='word_1_126' title='bbox 580 1758 794 1813; x_wconf 87' lang='lat' dir='ltr'><strong><em>Postea</em></strong></span> <span class='ocrx_word' id='word_1_127' title='bbox 819 1761 937 1813; x_wconf 90' lang='lat' dir='ltr'><strong><em>tres</em></strong></span> <span class='ocrx_word' id='word_1_128' title='bbox 964 1773 1159 1813; x_wconf 88' lang='lat' dir='ltr'><strong><em>annos</em></strong></span> <span class='ocrx_word' id='word_1_129' title='bbox 1180 1757 1466 1830; x_wconf 70' lang='lat' dir='ltr'><strong><em>pmniteat</em></strong></span> <span class='ocrx_word' id='word_1_130' title='bbox 1482 1755 1898 1829; x_wconf 88' lang='lat' dir='ltr'><strong><em>perlegitimas</em></strong></span> 
     </span>
    </p>
   </div>
   <div class='ocr_carea' id='block_1_22' title="bbox 239 1844 1895 1919">
    <p class='ocr_par' dir='ltr' id='par_1_22' title="bbox 239 1844 1895 1919">
     <span class='ocr_line' id='line_1_22' title="bbox 239 1844 1895 1919; baseline -0.002 -17"><span class='ocrx_word' id='word_1_131' title='bbox 239 1845 441 1917; x_wconf 83' lang='lat' dir='ltr'><strong><em>ferias,</em></strong></span> <span class='ocrx_word' id='word_1_132' title='bbox 472 1849 530 1902; x_wconf 91' lang='lat' dir='ltr'><strong><em>et</em></strong></span> <span class='ocrx_word' id='word_1_133' title='bbox 569 1849 684 1901; x_wconf 90' lang='lat' dir='ltr'><strong><em>tres</em></strong></span> <span class='ocrx_word' id='word_1_134' title='bbox 713 1844 774 1901; x_wconf 92' lang='lat' dir='ltr'><strong><em>in</em></strong></span> <span class='ocrx_word' id='word_1_135' title='bbox 827 1861 989 1901; x_wconf 91' lang='lat' dir='ltr'><strong><em>anno</em></strong></span> <span class='ocrx_word' id='word_1_136' title='bbox 1044 1844 1543 1919; x_wconf 89' lang='lat' dir='ltr'><strong><em>quadragesimas</em></strong></span> <span class='ocrx_word' id='word_1_137' title='bbox 1599 1844 1895 1900; x_wconf 83' lang='lat' dir='ltr'><strong><em>observet.</em></strong></span> 
     </span>
    </p>
   </div>
   <div class='ocr_carea' id='block_1_23' title="bbox 242 1924 1897 2008">
    <p class='ocr_par' dir='ltr' id='par_1_23' title="bbox 242 1924 1897 2008">
     <span class='ocr_line' id='line_1_23' title="bbox 242 1924 1897 2008; baseline -0.002 -18"><span class='ocrx_word' id='word_1_138' title='bbox 242 1934 417 2001; x_wconf 84' lang='lat' dir='ltr'><strong><em>Quod</em></strong></span> <span class='ocrx_word' id='word_1_139' title='bbox 444 1934 491 1990; x_wconf 91' lang='lat' dir='ltr'><strong><em>si</em></strong></span> <span class='ocrx_word' id='word_1_140' title='bbox 523 1924 660 1992; x_wconf 83' lang='lat' dir='ltr'><strong><em>ante</em></strong></span> <span class='ocrx_word' id='word_1_141' title='bbox 688 1934 1065 2008; x_wconf 87' lang='lat' dir='ltr'><strong><em>baptismum</em></strong></span> <span class='ocrx_word' id='word_1_142' title='bbox 1095 1933 1293 1991; x_wconf 84' lang='lat' dir='ltr'><strong><em>infans</em></strong></span> <span class='ocrx_word' id='word_1_143' title='bbox 1323 1949 1649 2007; x_wconf 89' lang='lat' dir='ltr'><strong><em>oppressus</em></strong></span> <span class='ocrx_word' id='word_1_144' title='bbox 1701 1931 1897 2003; x_wconf 86' lang='lat' dir='ltr'><strong><em>fuerit,</em></strong></span> 
     </span>
    </p>
   </div>
   <div class='ocr_carea' id='block_1_24' title="bbox 241 2022 1897 2098">
    <p class='ocr_par' dir='ltr' id='par_1_24' title="bbox 241 2022 1897 2098">
     <span class='ocr_line' id='line_1_24' title="bbox 241 2022 1897 2098; baseline 0 -19"><span class='ocrx_word' id='word_1_145' title='bbox 241 2023 552 2098; x_wconf 82' lang='lat' dir='ltr'><strong><em>proximos</em></strong></span> <span class='ocrx_word' id='word_1_146' title='bbox 606 2023 1010 2097; x_wconf 82' lang='lat' dir='ltr'><strong><em>quadraginta</em></strong></span> <span class='ocrx_word' id='word_1_147' title='bbox 1062 2024 1191 2081; x_wconf 90' lang='lat' dir='ltr'><strong><em>dies</em></strong></span> <span class='ocrx_word' id='word_1_148' title='bbox 1243 2029 1309 2081; x_wconf 92' lang='lat' dir='ltr'><strong><em>ut</em></strong></span> <span class='ocrx_word' id='word_1_149' title='bbox 1354 2038 1538 2097; x_wconf 87' lang='lat' dir='ltr'><strong><em>supra</em></strong></span> <span class='ocrx_word' id='word_1_150' title='bbox 1590 2022 1897 2097; x_wconf 70' lang='lat' dir='ltr'><strong><em>paeniteat,</em></strong></span> 
     </span>
    </p>
   </div>
   <div class='ocr_carea' id='block_1_25' title="bbox 239 2112 1407 2185">
    <p class='ocr_par' dir='ltr' id='par_1_25' title="bbox 239 2112 1407 2185">
     <span class='ocr_line' id='line_1_25' title="bbox 239 2112 1407 2185; baseline 0 -18"><span class='ocrx_word' id='word_1_151' title='bbox 239 2117 451 2185; x_wconf 91' lang='lat' dir='ltr'><strong><em>postea</em></strong></span> <span class='ocrx_word' id='word_1_152' title='bbox 479 2127 617 2168; x_wconf 90' lang='lat' dir='ltr'><strong><em>vero</em></strong></span> <span class='ocrx_word' id='word_1_153' title='bbox 640 2112 1126 2185; x_wconf 88' lang='lat' dir='ltr'><strong><em>quinquennium</em></strong></span> <span class='ocrx_word' id='word_1_154' title='bbox 1153 2112 1407 2185; x_wconf 80' lang='lat' dir='ltr'><strong><em>expleat.</em></strong></span> 
     </span>
    </p>
   </div>
   <div class='ocr_carea' id='block_1_26' title="bbox 242 2200 1898 2272">
    <p class='ocr_par' dir='ltr' id='par_1_26' title="bbox 242 2200 1898 2272">
     <span class='ocr_line' id='line_1_26' title="bbox 242 2200 1898 2272; baseline -0.003 -14"><span class='ocrx_word' id='word_1_155' title='bbox 242 2202 316 2258; x_wconf 88' lang='lat' dir='ltr'><strong><em>Si</em></strong></span> <span class='ocrx_word' id='word_1_156' title='bbox 334 2216 446 2270; x_wconf 82' lang='lat' dir='ltr'><strong><em>per</em></strong></span> <span class='ocrx_word' id='word_1_157' title='bbox 493 2202 921 2272; x_wconf 87' lang='lat' dir='ltr'><strong><em>negligentiam</em></strong></span> <span class='ocrx_word' id='word_1_158' title='bbox 966 2203 1179 2258; x_wconf 80' lang='lat' dir='ltr'><strong><em>matris</em></strong></span> <span class='ocrx_word' id='word_1_159' title='bbox 1233 2201 1440 2272; x_wconf 81' lang='lat' dir='ltr'><strong><em>infans</em></strong></span> <span class='ocrx_word' id='word_1_160' title='bbox 1466 2200 1898 2272; x_wconf 15' lang='lat' dir='ltr'><strong><em>moritur-inm</em></strong></span> 
     </span>
    </p>
   </div>
   <div class='ocr_carea' id='block_1_27' title="bbox 317 2269 1898 2343">
    <p class='ocr_par' dir='ltr' id='par_1_27' title="bbox 317 2269 1898 2343">
     <span class='ocr_line' id='line_1_27' title="bbox 317 2269 1898 2343; baseline -0.002 -16"><span class='ocrx_word' id='word_1_161' title='bbox 317 2269 677 2342; x_wconf 59' lang='lat' dir='ltr'><strong><em>baptizatus:</em></strong></span> <span class='ocrx_word' id='word_1_162' title='bbox 694 2273 794 2328; x_wconf 78' lang='lat' dir='ltr'><strong><em>Ea:</em></strong></span> <span class='ocrx_word' id='word_1_163' title='bbox 822 2273 1075 2343; x_wconf 80' lang='lat' dir='ltr'><strong><em>epistola</em></strong></span> <span class='ocrx_word' id='word_1_164' title='bbox 1103 2273 1342 2328; x_wconf 82' lang='lat' dir='ltr'><strong><em>Rabani</em></strong></span> <span class='ocrx_word' id='word_1_165' title='bbox 1356 2270 1437 2326; x_wconf 86' lang='lat' dir='ltr'><strong><em>ad</em></strong></span> <span class='ocrx_word' id='word_1_166' title='bbox 1463 2269 1898 2341; x_wconf 83' lang='lat' dir='ltr'><strong><em>Reginbaldum</em></strong></span> 
     </span>
    </p>
   </div>
   <div class='ocr_carea' id='block_1_28' title="bbox 314 2343 823 2413">
    <p class='ocr_par' dir='ltr' id='par_1_28' title="bbox 314 2343 823 2413">
     <span class='ocr_line' id='line_1_28' title="bbox 314 2343 823 2413; baseline -0.002 -14"><span class='ocrx_word' id='word_1_167' title='bbox 314 2343 823 2413; x_wconf 78' lang='lat' dir='ltr'><strong><em>chorepiscopum.</em></strong></span> 
     </span>
    </p>
   </div>
   <div class='ocr_carea' id='block_1_29' title="bbox 315 2430 1900 2503">
    <p class='ocr_par' dir='ltr' id='par_1_29' title="bbox 315 2430 1900 2503">
     <span class='ocr_line' id='line_1_29' title="bbox 315 2430 1900 2503; baseline -0.004 -15"><span class='ocrx_word' id='word_1_168' title='bbox 315 2434 443 2488; x_wconf 86' lang='lat' dir='ltr'><strong><em>LXI.</em></strong></span> <span class='ocrx_word' id='word_1_169' title='bbox 474 2433 817 2503; x_wconf 68' lang='lat' dir='ltr'><strong><em>(Buncnnn.</em></strong></span> <span class='ocrx_word' id='word_1_170' title='bbox 862 2430 964 2487; x_wconf 90' lang='lat' dir='ltr'><strong><em>lib.</em></strong></span> <span class='ocrx_word' id='word_1_171' title='bbox 996 2447 1138 2501; x_wconf 80' lang='lat' dir='ltr'><strong><em>xvii,</em></strong></span> <span class='ocrx_word' id='word_1_172' title='bbox 1170 2446 1221 2486; x_wconf 92' lang='lat' dir='ltr'><strong><em>c.</em></strong></span> <span class='ocrx_word' id='word_1_173' title='bbox 1257 2432 1363 2498; x_wconf 81' lang='lat'><strong><em>59;</em></strong></span> <span class='ocrx_word' id='word_1_174' title='bbox 1423 2430 1637 2487; x_wconf 86' lang='lat' dir='ltr'><strong><em>concil.</em></strong></span> <span class='ocrx_word' id='word_1_175' title='bbox 1671 2430 1900 2498; x_wconf 78' lang='lat' dir='ltr'><strong><em>Ancyr.</em></strong></span> 
     </span>
    </p>
   </div>
   <div class='ocr_carea' id='block_1_30' title="bbox 237 2516 1905 2591">
    <p class='ocr_par' dir='ltr' id='par_1_30' title="bbox 237 2516 1905 2591">
     <span class='ocr_line' id='line_1_30' title="bbox 237 2516 1905 2591; baseline -0.002 -16"><span class='ocrx_word' id='word_1_176' title='bbox 237 2535 292 2575; x_wconf 90' lang='lat' dir='ltr'><strong><em>c.</em></strong></span> <span class='ocrx_word' id='word_1_177' title='bbox 317 2521 433 2591; x_wconf 84' lang='lat'><strong><em>20.)</em></strong></span> <span class='ocrx_word' id='word_1_178' title='bbox 454 2521 537 2574; x_wconf 89' lang='lat' dir='ltr'><strong><em>De</em></strong></span> <span class='ocrx_word' id='word_1_179' title='bbox 567 2518 899 2576; x_wconf 79' lang='lat' dir='ltr'><strong><em>infantibus</em></strong></span> <span class='ocrx_word' id='word_1_180' title='bbox 927 2522 1131 2575; x_wconf 90' lang='lat' dir='ltr'><strong><em>autem</em></strong></span> <span class='ocrx_word' id='word_1_181' title='bbox 1150 2518 1256 2591; x_wconf 89' lang='lat' dir='ltr'><strong><em>qui</em></strong></span> <span class='ocrx_word' id='word_1_182' title='bbox 1284 2517 1505 2574; x_wconf 88' lang='lat' dir='ltr'><strong><em>mortui</em></strong></span> <span class='ocrx_word' id='word_1_183' title='bbox 1524 2516 1905 2573; x_wconf 82' lang='lat' dir='ltr'><strong><em>inveniuntur</em></strong></span> 
     </span>
    </p>
   </div>
   <div class='ocr_carea' id='block_1_31' title="bbox 236 2610 1904 2681">
    <p class='ocr_par' dir='ltr' id='par_1_31' title="bbox 236 2610 1904 2681">
     <span class='ocr_line' id='line_1_31' title="bbox 236 2610 1904 2681; baseline -0.002 -17"><span class='ocrx_word' id='word_1_184' title='bbox 236 2624 389 2665; x_wconf 91' lang='lat' dir='ltr'><strong><em>cum</em></strong></span> <span class='ocrx_word' id='word_1_185' title='bbox 418 2612 675 2680; x_wconf 62' lang='lat' dir='ltr'><strong><em>patmet</em></strong></span> <span class='ocrx_word' id='word_1_186' title='bbox 702 2611 1152 2678; x_wconf 41' lang='lat' dir='ltr'><strong><em>mattea-etnon</em></strong></span> <span class='ocrx_word' id='word_1_187' title='bbox 1184 2611 1435 2681; x_wconf 86' lang='lat' dir='ltr'><strong><em>apparet</em></strong></span> <span class='ocrx_word' id='word_1_188' title='bbox 1461 2610 1662 2663; x_wconf 90' lang='lat' dir='ltr'><strong><em>utrum</em></strong></span> <span class='ocrx_word' id='word_1_189' title='bbox 1707 2623 1745 2663; x_wconf 92' lang='lat' dir='ltr'><strong><em>a</em></strong></span> <span class='ocrx_word' id='word_1_190' title='bbox 1795 2620 1904 2678; x_wconf 87' lang='lat' dir='ltr'><strong><em>pa-</em></strong></span> 
     </span>
    </p>
   </div>
   <div class='ocr_carea' id='block_1_32' title="bbox 239 2695 1903 2770">
    <p class='ocr_par' dir='ltr' id='par_1_32' title="bbox 239 2695 1903 2770">
     <span class='ocr_line' id='line_1_32' title="bbox 239 2695 1903 2770; baseline -0.003 -15"><span class='ocrx_word' id='word_1_191' title='bbox 239 2704 330 2755; x_wconf 86' lang='lat' dir='ltr'><strong><em>tre</em></strong></span> <span class='ocrx_word' id='word_1_192' title='bbox 356 2702 463 2754; x_wconf 88' lang='lat' dir='ltr'><strong><em>aut</em></strong></span> <span class='ocrx_word' id='word_1_193' title='bbox 485 2701 677 2753; x_wconf 88' lang='lat' dir='ltr'><strong><em>matre</em></strong></span> <span class='ocrx_word' id='word_1_194' title='bbox 705 2696 943 2753; x_wconf 83' lang='lat' dir='ltr'><strong><em>occisus</em></strong></span> <span class='ocrx_word' id='word_1_195' title='bbox 973 2697 1061 2753; x_wconf 90' lang='lat' dir='ltr'><strong><em>sit-</em></strong></span> <span class='ocrx_word' id='word_1_196' title='bbox 1077 2696 1202 2770; x_wconf 90' lang='lat' dir='ltr'><strong><em>ipse</em></strong></span> <span class='ocrx_word' id='word_1_197' title='bbox 1223 2696 1420 2754; x_wconf 85' lang='lat' dir='ltr'><strong><em>infans</em></strong></span> <span class='ocrx_word' id='word_1_198' title='bbox 1439 2696 1535 2753; x_wconf 86' lang='lat' dir='ltr'><strong><em>vel</em></strong></span> <span class='ocrx_word' id='word_1_199' title='bbox 1551 2695 1903 2766; x_wconf 83' lang='lat' dir='ltr'><strong><em>suffocatus,</em></strong></span> 
     </span>
    </p>
   </div>
   <div class='ocr_carea' id='block_1_33' title="bbox 241 2784 1904 2859">
    <p class='ocr_par' dir='ltr' id='par_1_33' title="bbox 241 2784 1904 2859">
     <span class='ocr_line' id='line_1_33' title="bbox 241 2784 1904 2859; baseline -0.002 -16"><span class='ocrx_word' id='word_1_200' title='bbox 241 2803 325 2843; x_wconf 92' lang='lat' dir='ltr'><strong><em>an</em></strong></span> <span class='ocrx_word' id='word_1_201' title='bbox 357 2785 602 2859; x_wconf 84' lang='lat' dir='ltr'><strong><em>propria</em></strong></span> <span class='ocrx_word' id='word_1_202' title='bbox 633 2789 825 2842; x_wconf 89' lang='lat' dir='ltr'><strong><em>morte</em></strong></span> <span class='ocrx_word' id='word_1_203' title='bbox 849 2786 1187 2853; x_wconf 89' lang='lat' dir='ltr'><strong><em>defunctus,</em></strong></span> <span class='ocrx_word' id='word_1_204' title='bbox 1212 2802 1336 2842; x_wconf 92' lang='lat' dir='ltr'><strong><em>non</em></strong></span> <span class='ocrx_word' id='word_1_205' title='bbox 1369 2784 1592 2842; x_wconf 91' lang='lat' dir='ltr'><strong><em>debent</em></strong></span> <span class='ocrx_word' id='word_1_206' title='bbox 1619 2784 1758 2841; x_wconf 91' lang='lat' dir='ltr'><strong><em>inde</em></strong></span> <span class='ocrx_word' id='word_1_207' title='bbox 1810 2800 1904 2840; x_wconf 88' lang='lat' dir='ltr'><strong><em>se-</em></strong></span> 
     </span>
    </p>
   </div>
   <div class='ocr_carea' id='block_1_34' title="bbox 240 2871 1903 2947">
    <p class='ocr_par' dir='ltr' id='par_1_34' title="bbox 240 2871 1903 2947">
     <span class='ocr_line' id='line_1_34' title="bbox 240 2871 1903 2947; baseline -0.001 -16"><span class='ocrx_word' id='word_1_208' title='bbox 240 2874 372 2931; x_wconf 88' lang='lat' dir='ltr'><strong><em>curi</em></strong></span> <span class='ocrx_word' id='word_1_209' title='bbox 395 2890 526 2931; x_wconf 90' lang='lat' dir='ltr'><strong><em>esse</em></strong></span> <span class='ocrx_word' id='word_1_210' title='bbox 553 2889 665 2931; x_wconf 91' lang='lat' dir='ltr'><strong><em>nec</em></strong></span> <span class='ocrx_word' id='word_1_211' title='bbox 691 2872 821 2929; x_wconf 87' lang='lat' dir='ltr'><strong><em>sine</em></strong></span> <span class='ocrx_word' id='word_1_212' title='bbox 861 2873 1211 2947; x_wconf 76' lang='lat' dir='ltr'><strong><em>poenitentia</em></strong></span> <span class='ocrx_word' id='word_1_213' title='bbox 1259 2873 1387 2946; x_wconf 91' lang='lat' dir='ltr'><strong><em>ipse</em></strong></span> <span class='ocrx_word' id='word_1_214' title='bbox 1412 2878 1692 2947; x_wconf 90' lang='lat' dir='ltr'><strong><em>parentes</em></strong></span> <span class='ocrx_word' id='word_1_215' title='bbox 1721 2891 1735 2940; x_wconf 92' lang='lat'><strong><em>;</em></strong></span> <span class='ocrx_word' id='word_1_216' title='bbox 1796 2871 1903 2929; x_wconf 88' lang='lat' dir='ltr'><strong><em>sed</em></strong></span> 
     </span>
    </p>
   </div>
   <div class='ocr_carea' id='block_1_35' title="bbox 242 2960 1983 3037">
    <p class='ocr_par' dir='ltr' id='par_1_35' title="bbox 242 2960 1983 3037">
     <span class='ocr_line' id='line_1_35' title="bbox 242 2960 1983 3037; baseline -0.002 -17"><span class='ocrx_word' id='word_1_217' title='bbox 242 2968 443 3020; x_wconf 88' lang='lat' dir='ltr'><strong><em>tamen</em></strong></span> <span class='ocrx_word' id='word_1_218' title='bbox 475 2962 538 3019; x_wconf 91' lang='lat' dir='ltr'><strong><em>in</em></strong></span> <span class='ocrx_word' id='word_1_219' title='bbox 564 2963 649 3019; x_wconf 87' lang='lat' dir='ltr'><strong><em>eis</em></strong></span> <span class='ocrx_word' id='word_1_220' title='bbox 672 2961 1073 3019; x_wconf 88' lang='lat' dir='ltr'><strong><em>consideratio</em></strong></span> <span class='ocrx_word' id='word_1_221' title='bbox 1095 2961 1273 3018; x_wconf 88' lang='lat' dir='ltr'><strong><em>debet</em></strong></span> <span class='ocrx_word' id='word_1_222' title='bbox 1311 2966 1441 3019; x_wconf 85' lang='lat' dir='ltr'><strong><em>esse</em></strong></span> <span class='ocrx_word' id='word_1_223' title='bbox 1482 2961 1740 3035; x_wconf 90' lang='lat' dir='ltr'><strong><em>pietatis,</em></strong></span> <span class='ocrx_word' id='word_1_224' title='bbox 1797 2960 1905 3017; x_wconf 90' lang='lat' dir='ltr'><strong><em>ubi</em></strong></span> <span class='ocrx_word' id='word_1_225' title='bbox 1941 2984 1983 3037; x_wconf 81' lang='grc' dir='ltr'>ο</span> 
     </span>
    </p>
   </div>
   <div class='ocr_carea' id='block_1_36' title="bbox 242 3049 1902 3121">
    <p class='ocr_par' dir='ltr' id='par_1_36' title="bbox 242 3049 1902 3121">
     <span class='ocr_line' id='line_1_36' title="bbox 242 3049 1902 3121; baseline -0.001 -14"><span class='ocrx_word' id='word_1_226' title='bbox 242 3065 368 3107; x_wconf 90' lang='lat' dir='ltr'><strong><em>non</em></strong></span> <span class='ocrx_word' id='word_1_227' title='bbox 387 3051 687 3121; x_wconf 75' lang='lat' dir='ltr'><strong><em>voluntas,</em></strong></span> <span class='ocrx_word' id='word_1_228' title='bbox 713 3050 821 3107; x_wconf 88' lang='lat' dir='ltr'><strong><em>sed</em></strong></span> <span class='ocrx_word' id='word_1_229' title='bbox 848 3054 1097 3107; x_wconf 82' lang='lat' dir='ltr'><strong><em>eventus</em></strong></span> <span class='ocrx_word' id='word_1_230' title='bbox 1128 3049 1338 3108; x_wconf 86' lang='lat' dir='ltr'><strong><em>mortis</em></strong></span> <span class='ocrx_word' id='word_1_231' title='bbox 1358 3066 1544 3107; x_wconf 90' lang='lat' dir='ltr'><strong><em>causa</em></strong></span> <span class='ocrx_word' id='word_1_232' title='bbox 1560 3050 1688 3107; x_wconf 90' lang='lat' dir='ltr'><strong><em>fuit.</em></strong></span> <span class='ocrx_word' id='word_1_233' title='bbox 1715 3049 1771 3107; x_wconf 90' lang='lat' dir='ltr'><strong><em>Si</em></strong></span> <span class='ocrx_word' id='word_1_234' title='bbox 1794 3065 1902 3105; x_wconf 90' lang='lat' dir='ltr'><strong><em>au-</em></strong></span> 
     </span>
    </p>
   </div>
   <div class='ocr_carea' id='block_1_37' title="bbox 245 3139 1899 3213">
    <p class='ocr_par' dir='ltr' id='par_1_37' title="bbox 245 3139 1899 3213">
     <span class='ocr_line' id='line_1_37' title="bbox 245 3139 1899 3213; baseline -0.002 -16"><span class='ocrx_word' id='word_1_235' title='bbox 245 3145 364 3197; x_wconf 87' lang='lat' dir='ltr'><strong><em>tem</em></strong></span> <span class='ocrx_word' id='word_1_236' title='bbox 396 3156 500 3197; x_wconf 88' lang='lat' dir='ltr'><strong><em>eos</em></strong></span> <span class='ocrx_word' id='word_1_237' title='bbox 528 3155 652 3198; x_wconf 91' lang='lat' dir='ltr'><strong><em>non</em></strong></span> <span class='ocrx_word' id='word_1_238' title='bbox 692 3140 837 3197; x_wconf 80' lang='lat' dir='ltr'><strong><em>latet</em></strong></span> <span class='ocrx_word' id='word_1_239' title='bbox 888 3140 1053 3213; x_wconf 88' lang='lat' dir='ltr'><strong><em>ipsos</em></strong></span> <span class='ocrx_word' id='word_1_240' title='bbox 1111 3140 1241 3211; x_wconf 87' lang='lat' dir='ltr'><strong><em>ejus</em></strong></span> <span class='ocrx_word' id='word_1_241' title='bbox 1290 3155 1423 3196; x_wconf 91' lang='lat' dir='ltr'><strong><em>esse</em></strong></span> <span class='ocrx_word' id='word_1_242' title='bbox 1475 3139 1899 3206; x_wconf 83' lang='lat' dir='ltr'><strong><em>interfectores,</em></strong></span> 
     </span>
    </p>
   </div>
   <div class='ocr_carea' id='block_1_38' title="bbox 244 3226 1902 3300">
    <p class='ocr_par' dir='ltr' id='par_1_38' title="bbox 244 3226 1902 3300">
     <span class='ocr_line' id='line_1_38' title="bbox 244 3226 1902 3300; baseline -0.001 -16"><span class='ocrx_word' id='word_1_243' title='bbox 244 3227 394 3284; x_wconf 86' lang='lat' dir='ltr'><strong><em>scire</em></strong></span> <span class='ocrx_word' id='word_1_244' title='bbox 422 3226 643 3284; x_wconf 88' lang='lat' dir='ltr'><strong><em>debent</em></strong></span> <span class='ocrx_word' id='word_1_245' title='bbox 672 3227 929 3298; x_wconf 79' lang='lat' dir='ltr'><strong><em>graviter</em></strong></span> <span class='ocrx_word' id='word_1_246' title='bbox 955 3243 1019 3283; x_wconf 89' lang='lat' dir='ltr'><strong><em>se</em></strong></span> <span class='ocrx_word' id='word_1_247' title='bbox 1048 3226 1391 3300; x_wconf 89' lang='lat' dir='ltr'><strong><em>deliquisse,</em></strong></span> <span class='ocrx_word' id='word_1_248' title='bbox 1422 3226 1590 3300; x_wconf 91' lang='lat' dir='ltr'><strong><em>quod</em></strong></span> <span class='ocrx_word' id='word_1_249' title='bbox 1617 3226 1680 3282; x_wconf 94' lang='lat' dir='ltr'><strong><em>in</em></strong></span> <span class='ocrx_word' id='word_1_250' title='bbox 1710 3231 1902 3298; x_wconf 80' lang='lat' dir='ltr'><strong><em>Ancy-</em></strong></span> 
     </span>
    </p>
   </div>
   <div class='ocr_carea' id='block_1_39' title="bbox 242 3314 1903 3388">
    <p class='ocr_par' dir='ltr' id='par_1_39' title="bbox 242 3314 1903 3388">
     <span class='ocr_line' id='line_1_39' title="bbox 242 3314 1903 3388; baseline -0.002 -15"><span class='ocrx_word' id='word_1_251' title='bbox 242 3332 396 3373; x_wconf 78' lang='lat' dir='ltr'><strong><em>rano</em></strong></span> <span class='ocrx_word' id='word_1_252' title='bbox 423 3314 675 3373; x_wconf 88' lang='lat' dir='ltr'><strong><em>concilio</em></strong></span> <span class='ocrx_word' id='word_1_253' title='bbox 700 3314 1147 3388; x_wconf 87' lang='lat' dir='ltr'><strong><em>comprobatur.</em></strong></span> <span class='ocrx_word' id='word_1_254' title='bbox 1181 3315 1439 3382; x_wconf 86' lang='lat' dir='ltr'><strong><em>Quidam</em></strong></span> <span class='ocrx_word' id='word_1_255' title='bbox 1469 3320 1672 3372; x_wconf 90' lang='lat' dir='ltr'><strong><em>autem</em></strong></span> <span class='ocrx_word' id='word_1_256' title='bbox 1722 3314 1903 3371; x_wconf 91' lang='lat' dir='ltr'><strong><em>trium</em></strong></span> 
     </span>
    </p>
   </div>
   <div class='ocr_carea' id='block_1_40' title="bbox 242 3403 1903 3479">
    <p class='ocr_par' dir='ltr' id='par_1_40' title="bbox 242 3403 1903 3479">
     <span class='ocr_line' id='line_1_40' title="bbox 242 3403 1903 3479; baseline -0.002 -17"><span class='ocrx_word' id='word_1_257' title='bbox 242 3420 546 3462; x_wconf 84' lang='lat' dir='ltr'><strong><em>annorum</em></strong></span> <span class='ocrx_word' id='word_1_258' title='bbox 575 3404 987 3479; x_wconf 60' lang='lat' dir='ltr'><strong><em>paenitentiam</em></strong></span> <span class='ocrx_word' id='word_1_259' title='bbox 1029 3404 1380 3476; x_wconf 90' lang='lat' dir='ltr'><strong><em>hujusmodi</em></strong></span> <span class='ocrx_word' id='word_1_260' title='bbox 1425 3404 1689 3461; x_wconf 90' lang='lat' dir='ltr'><strong><em>hominis</em></strong></span> <span class='ocrx_word' id='word_1_261' title='bbox 1740 3403 1903 3475; x_wconf 91' lang='lat' dir='ltr'><strong><em>judi-</em></strong></span> 
     </span>
    </p>
   </div>
   <div class='ocr_carea' id='block_1_41' title="bbox 243 3491 1902 3566">
    <p class='ocr_par' dir='ltr' id='par_1_41' title="bbox 243 3491 1902 3566">
     <span class='ocr_line' id='line_1_41' title="bbox 243 3491 1902 3566; baseline -0.002 -15"><span class='ocrx_word' id='word_1_262' title='bbox 243 3499 385 3557; x_wconf 85' lang='lat' dir='ltr'><strong><em>cant</em></strong></span> <span class='ocrx_word' id='word_1_263' title='bbox 412 3509 542 3551; x_wconf 85' lang='lat' dir='ltr'><strong><em>esse</em></strong></span> <span class='ocrx_word' id='word_1_264' title='bbox 569 3493 809 3560; x_wconf 85' lang='lat' dir='ltr'><strong><em>debere,</em></strong></span> <span class='ocrx_word' id='word_1_265' title='bbox 838 3509 1100 3566; x_wconf 92' lang='lat' dir='ltr'><strong><em>quorum</em></strong></span> <span class='ocrx_word' id='word_1_266' title='bbox 1127 3509 1201 3551; x_wconf 86' lang='lat' dir='ltr'><strong><em>ex</em></strong></span> <span class='ocrx_word' id='word_1_267' title='bbox 1224 3493 1317 3550; x_wconf 89' lang='lat' dir='ltr'><strong><em>his</em></strong></span> <span class='ocrx_word' id='word_1_268' title='bbox 1346 3507 1537 3551; x_wconf 91' lang='lat' dir='ltr'><strong><em>unum</em></strong></span> <span class='ocrx_word' id='word_1_269' title='bbox 1590 3493 1789 3565; x_wconf 80' lang='lat' dir='ltr'><strong><em>exigat</em></strong></span> <span class='ocrx_word' id='word_1_270' title='bbox 1840 3491 1902 3548; x_wconf 93' lang='lat' dir='ltr'><strong><em>in</em></strong></span> 
     </span>
    </p>
   </div>
   <div class='ocr_carea' id='block_1_42' title="bbox 243 3581 1903 3657">
    <p class='ocr_par' dir='ltr' id='par_1_42' title="bbox 243 3581 1903 3657">
     <span class='ocr_line' id='line_1_42' title="bbox 243 3581 1903 3657; baseline -0.002 -16"><span class='ocrx_word' id='word_1_271' title='bbox 243 3598 404 3657; x_wconf 89' lang='lat' dir='ltr'><strong><em>pane</em></strong></span> <span class='ocrx_word' id='word_1_272' title='bbox 425 3588 481 3641; x_wconf 86' lang='lat' dir='ltr'><strong><em>et</em></strong></span> <span class='ocrx_word' id='word_1_273' title='bbox 508 3599 690 3656; x_wconf 87' lang='lat' dir='ltr'><strong><em>aqua,</em></strong></span> <span class='ocrx_word' id='word_1_274' title='bbox 724 3587 903 3655; x_wconf 89' lang='lat' dir='ltr'><strong><em>atque</em></strong></span> <span class='ocrx_word' id='word_1_275' title='bbox 928 3598 991 3639; x_wconf 88' lang='lat' dir='ltr'><strong><em>se</em></strong></span> <span class='ocrx_word' id='word_1_276' title='bbox 1019 3581 1099 3640; x_wconf 87' lang='lat' dir='ltr'><strong><em>ab</em></strong></span> <span class='ocrx_word' id='word_1_277' title='bbox 1128 3582 1294 3639; x_wconf 91' lang='lat' dir='ltr'><strong><em>omni</em></strong></span> <span class='ocrx_word' id='word_1_278' title='bbox 1340 3582 1580 3641; x_wconf 86' lang='lat' dir='ltr'><strong><em>luxuria</em></strong></span> <span class='ocrx_word' id='word_1_279' title='bbox 1634 3586 1903 3655; x_wconf 91' lang='lat' dir='ltr'><strong><em>tempore</em></strong></span> 
     </span>
    </p>
   </div>
   <div class='ocr_carea' id='block_1_43' title="bbox 243 3670 1106 3746">
    <p class='ocr_par' dir='ltr' id='par_1_43' title="bbox 243 3670 1106 3746">
     <span class='ocr_line' id='line_1_43' title="bbox 243 3670 1106 3746; baseline -0.005 -17"><span class='ocrx_word' id='word_1_280' title='bbox 243 3670 608 3746; x_wconf 68' lang='lat' dir='ltr'><strong><em>paenitentiae</em></strong></span> <span class='ocrx_word' id='word_1_281' title='bbox 637 3686 761 3727; x_wconf 68' lang='lat' dir='ltr'><strong><em>sua:</em></strong></span> <span class='ocrx_word' id='word_1_282' title='bbox 791 3670 1106 3729; x_wconf 91' lang='lat' dir='ltr'><strong><em>custodiat.</em></strong></span> 
     </span>
    </p>
   </div>
   <div class='ocr_carea' id='block_1_44' title="bbox 242 3759 1904 3832">
    <p class='ocr_par' dir='ltr' id='par_1_44' title="bbox 242 3759 1904 3832">
     <span class='ocr_line' id='line_1_44' title="bbox 242 3759 1904 3832; baseline -0.002 -13"><span class='ocrx_word' id='word_1_283' title='bbox 242 3764 332 3819; x_wconf 83' lang='lat' dir='ltr'><strong><em>De</em></strong></span> <span class='ocrx_word' id='word_1_284' title='bbox 354 3762 588 3832; x_wconf 85' lang='lat' dir='ltr'><strong><em>femina</em></strong></span> <span class='ocrx_word' id='word_1_285' title='bbox 608 3763 781 3831; x_wconf 75' lang='lat' dir='ltr'><strong><em>cuius</em></strong></span> <span class='ocrx_word' id='word_1_286' title='bbox 797 3762 963 3832; x_wconf 79' lang='lat' dir='ltr'><strong><em>ﬁlius</em></strong></span> <span class='ocrx_word' id='word_1_287' title='bbox 968 3775 1082 3831; x_wconf 83' lang='lat' dir='ltr'><strong><em>per</em></strong></span> <span class='ocrx_word' id='word_1_288' title='bbox 1094 3760 1524 3832; x_wconf 80' lang='lat' dir='ltr'><strong><em>negligentiam</em></strong></span> <span class='ocrx_word' id='word_1_289' title='bbox 1535 3759 1748 3816; x_wconf 80' lang='lat' dir='ltr'><strong><em>abierit</em></strong></span> <span class='ocrx_word' id='word_1_290' title='bbox 1784 3775 1904 3815; x_wconf 83' lang='lat' dir='ltr'><strong><em>non</em></strong></span> 
     </span>
    </p>
   </div>
   <div class='ocr_carea' id='block_1_45' title="bbox 459 3831 1684 3903">
    <p class='ocr_par' dir='ltr' id='par_1_45' title="bbox 459 3831 1684 3903">
     <span class='ocr_line' id='line_1_45' title="bbox 459 3831 1684 3903; baseline -0.003 -13"><span class='ocrx_word' id='word_1_291' title='bbox 459 3832 815 3903; x_wconf 79' lang='lat' dir='ltr'><strong><em>baptizatus.</em></strong></span> <span class='ocrx_word' id='word_1_292' title='bbox 850 3833 950 3888; x_wconf 71' lang='lat' dir='ltr'><em>Ex</em></span> <span class='ocrx_word' id='word_1_293' title='bbox 967 3831 1402 3901; x_wconf 72' lang='lat' dir='ltr'><strong><em>Pwnitentiali,</em></strong></span> <span class='ocrx_word' id='word_1_294' title='bbox 1434 3846 1570 3901; x_wconf 84' lang='lat' dir='ltr'><strong><em>cap.</em></strong></span> <span class='ocrx_word' id='word_1_295' title='bbox 1603 3832 1684 3886; x_wconf 85' lang='lat' dir='ltr'><strong><em>l7.</em></strong></span> 
     </span>
    </p>
   </div>
   <div class='ocr_carea' id='block_1_46' title="bbox 316 3917 1906 3992">
    <p class='ocr_par' dir='ltr' id='par_1_46' title="bbox 316 3917 1906 3992">
     <span class='ocr_line' id='line_1_46' title="bbox 316 3917 1906 3992; baseline -0.003 -14"><span class='ocrx_word' id='word_1_296' title='bbox 316 3921 467 3978; x_wconf 84' lang='lat' dir='ltr'><strong><em>LXII.</em></strong></span> <span class='ocrx_word' id='word_1_297' title='bbox 488 3921 729 3979; x_wconf 87' lang='lat' dir='ltr'><strong><em>Pariens</em></strong></span> <span class='ocrx_word' id='word_1_298' title='bbox 752 3920 996 3989; x_wconf 89' lang='lat' dir='ltr'><strong><em>femina,</em></strong></span> <span class='ocrx_word' id='word_1_299' title='bbox 1028 3920 1201 3992; x_wconf 83' lang='lat' dir='ltr'><strong><em>cujus</em></strong></span> <span class='ocrx_word' id='word_1_300' title='bbox 1245 3918 1405 3975; x_wconf 80' lang='lat' dir='ltr'><strong><em>ﬁlius</em></strong></span> <span class='ocrx_word' id='word_1_301' title='bbox 1448 3934 1557 3992; x_wconf 90' lang='lat' dir='ltr'><strong><em>per</em></strong></span> <span class='ocrx_word' id='word_1_302' title='bbox 1602 3917 1906 3990; x_wconf 89' lang='lat' dir='ltr'><strong><em>negligen-</em></strong></span> 
     </span>
    </p>
   </div>
   <div class='ocr_carea' id='block_1_47' title="bbox 230 4008 1905 4084">
    <p class='ocr_par' dir='ltr' id='par_1_47' title="bbox 230 4008 1905 4084">
     <span class='ocr_line' id='line_1_47' title="bbox 230 4008 1905 4084; baseline -0.003 -14"><span class='ocrx_word' id='word_1_303' title='bbox 230 4011 391 4075; x_wconf 84' lang='lat' dir='ltr'><strong><em>tiam</em></strong></span> <span class='ocrx_word' id='word_1_304' title='bbox 425 4012 596 4084; x_wconf 68' lang='lat'><strong><em>237</em></strong></span> <span class='ocrx_word' id='word_1_305' title='bbox 627 4026 752 4069; x_wconf 92' lang='lat' dir='ltr'><strong><em>non</em></strong></span> <span class='ocrx_word' id='word_1_306' title='bbox 781 4009 1117 4084; x_wconf 73' lang='lat' dir='ltr'><strong><em>baptizatus</em></strong></span> <span class='ocrx_word' id='word_1_307' title='bbox 1165 4008 1398 4077; x_wconf 81' lang='lat' dir='ltr'><strong><em>abierit,</em></strong></span> <span class='ocrx_word' id='word_1_308' title='bbox 1428 4025 1659 4067; x_wconf 88' lang='lat' dir='ltr'><strong><em>annum</em></strong></span> <span class='ocrx_word' id='word_1_309' title='bbox 1712 4024 1905 4066; x_wconf 91' lang='lat' dir='ltr'><strong><em>unum</em></strong></span> 
     </span>
    </p>
   </div>
   <div class='ocr_carea' id='block_1_48' title="bbox 232 4098 1899 4176">
    <p class='ocr_par' dir='ltr' id='par_1_48' title="bbox 232 4098 1899 4176">
     <span class='ocr_line' id='line_1_48' title="bbox 232 4098 1899 4176; baseline -0.002 -18"><span class='ocrx_word' id='word_1_310' title='bbox 232 4101 550 4176; x_wconf 67' lang='lat' dir='ltr'><strong><em>paeniteat,</em></strong></span> <span class='ocrx_word' id='word_1_311' title='bbox 577 4104 635 4158; x_wconf 91' lang='lat' dir='ltr'><strong><em>et</em></strong></span> <span class='ocrx_word' id='word_1_312' title='bbox 656 4114 975 4174; x_wconf 85' lang='lat' dir='ltr'><strong><em>nunquam</em></strong></span> <span class='ocrx_word' id='word_1_313' title='bbox 1001 4099 1076 4157; x_wconf 89' lang='lat' dir='ltr'><strong><em>sit</em></strong></span> <span class='ocrx_word' id='word_1_314' title='bbox 1102 4100 1231 4157; x_wconf 89' lang='lat' dir='ltr'><strong><em>sine</em></strong></span> <span class='ocrx_word' id='word_1_315' title='bbox 1279 4098 1485 4173; x_wconf 88' lang='lat' dir='ltr'><strong><em>aliqua</em></strong></span> <span class='ocrx_word' id='word_1_316' title='bbox 1535 4098 1899 4172; x_wconf 73' lang='lat' dir='ltr'><strong><em>poenitentia.</em></strong></span> 
     </span>
    </p>
   </div>
   <div class='ocr_carea' id='block_1_49' title="bbox 241 4187 1902 4264">
    <p class='ocr_par' dir='ltr' id='par_1_49' title="bbox 241 4187 1902 4264">
     <span class='ocr_line' id='line_1_49' title="bbox 241 4187 1902 4264; baseline -0.004 -15"><span class='ocrx_word' id='word_1_317' title='bbox 241 4191 304 4250; x_wconf 90' lang='lat' dir='ltr'><strong><em>Si</em></strong></span> <span class='ocrx_word' id='word_1_318' title='bbox 325 4194 535 4248; x_wconf 87' lang='lat' dir='ltr'><strong><em>autem</em></strong></span> <span class='ocrx_word' id='word_1_319' title='bbox 558 4205 666 4264; x_wconf 88' lang='lat' dir='ltr'><strong><em>per</em></strong></span> <span class='ocrx_word' id='word_1_320' title='bbox 692 4188 1121 4260; x_wconf 73' lang='lat' dir='ltr'><strong><em>negligentiam</em></strong></span> <span class='ocrx_word' id='word_1_321' title='bbox 1169 4187 1517 4254; x_wconf 88' lang='lat' dir='ltr'><strong><em>sacerdotis,</em></strong></span> <span class='ocrx_word' id='word_1_322' title='bbox 1576 4187 1813 4261; x_wconf 83' lang='lat' dir='ltr'><strong><em>require</em></strong></span> <span class='ocrx_word' id='word_1_323' title='bbox 1841 4187 1902 4244; x_wconf 91' lang='lat' dir='ltr'><strong><em>in</em></strong></span> 
     </span>
    </p>
   </div>
   <div class='ocr_carea' id='block_1_50' title="bbox 237 4278 1002 4354">
    <p class='ocr_par' dir='ltr' id='par_1_50' title="bbox 237 4278 1002 4354">
     <span class='ocr_line' id='line_1_50' title="bbox 237 4278 1002 4354; baseline -0.004 -16"><span class='ocrx_word' id='word_1_324' title='bbox 237 4280 445 4354; x_wconf 83' lang='lat' dir='ltr'><strong><em>primo</em></strong></span> <span class='ocrx_word' id='word_1_325' title='bbox 470 4278 692 4342; x_wconf 88' lang='lat' dir='ltr'><strong><em>libello.</em></strong></span> <span class='ocrx_word' id='word_1_326' title='bbox 721 4293 854 4352; x_wconf 90' lang='lat' dir='ltr'><strong><em>cap.</em></strong></span> <span class='ocrx_word' id='word_1_327' title='bbox 881 4281 1002 4336; x_wconf 81' lang='lat' dir='ltr'><strong><em>I28.</em></strong></span> 
     </span>
    </p>
   </div>
   <div class='ocr_carea' id='block_1_51' title="bbox 237 4367 1905 4496">
    <p class='ocr_par' dir='ltr' id='par_1_51' title="bbox 237 4367 1905 4496">
     <span class='ocr_line' id='line_1_51' title="bbox 237 4367 1905 4496; baseline -0.003 -69"><span class='ocrx_word' id='word_1_328' title='bbox 237 4371 335 4427; x_wconf 82' lang='lat' dir='ltr'><strong><em>De</em></strong></span> <span class='ocrx_word' id='word_1_329' title='bbox 360 4368 716 4426; x_wconf 76' lang='lat' dir='ltr'><strong><em>mulieribus</em></strong></span> <span class='ocrx_word' id='word_1_330' title='bbox 742 4373 1101 4496; x_wconf 75' lang='lat' dir='ltr'><strong><em>quae</em></strong></span> <span class='ocrx_word' id='word_1_331' title='bbox 1111 4382 1259 4496; x_wconf 56' lang='lat' dir='ltr'><strong><em>gnugs</em></strong></span> <span class='ocrx_word' id='word_1_332' title='bbox 1283 4367 1637 4429; x_wconf 60' lang='lat' dir='ltr'><strong><em>necanuEx</em></strong></span> <span class='ocrx_word' id='word_1_333' title='bbox 1651 4367 1905 4424; x_wconf 86' lang='lat' dir='ltr'><strong><em>concilio</em></strong></span> 
     </span>
     <span class='ocr_line' id='line_1_52' title="bbox 1036 4454 1249 4496; baseline -0.009 0"><span class='ocrx_word' id='word_1_334' title='bbox 1036 4456 1074 4496; x_wconf 76' lang='grc' dir='ltr'><strong><em>υ</em></strong></span> <span class='ocrx_word' id='word_1_335' title='bbox 1099 4454 1112 4471; x_wconf 83' lang='grc'><strong><em>-</em></strong></span> <span class='ocrx_word' id='word_1_336' title='bbox 1236 4480 1249 4494; x_wconf 94' lang='grc'><strong>.</strong></span> 
     </span>
    </p>
   </div>
   <div class='ocr_carea' id='block_1_52' title="bbox 1036 4454 1249 4509">
    <p class='ocr_par' dir='ltr' id='par_1_52' title="bbox 1036 4454 1249 4509">
     <span class='ocr_line' id='line_1_53' title="bbox 1036 4454 1249 4509; baseline 0 -15"><span class='ocrx_word' id='word_1_337' title='bbox 1036 4454 1249 4509; x_wconf 73' lang='lat' dir='ltr'><strong><em>grano.</em></strong></span> 
     </span>
    </p>
   </div>
   <div class='ocr_carea' id='block_1_53' title="bbox 320 4527 1904 4601">
    <p class='ocr_par' dir='ltr' id='par_1_53' title="bbox 320 4527 1904 4601">
     <span class='ocr_line' id='line_1_54' title="bbox 320 4527 1904 4601; baseline -0.007 -12"><span class='ocrx_word' id='word_1_338' title='bbox 320 4532 500 4589; x_wconf 81' lang='lat' dir='ltr'><strong><em>LXIII.</em></strong></span> <span class='ocrx_word' id='word_1_339' title='bbox 532 4529 785 4600; x_wconf 84' lang='lat' dir='ltr'><strong><em>(Concil.</em></strong></span> <span class='ocrx_word' id='word_1_340' title='bbox 816 4529 1071 4601; x_wconf 59' lang='lat' dir='ltr'><strong><em>Ancyra,</em></strong></span> <span class='ocrx_word' id='word_1_341' title='bbox 1103 4545 1156 4585; x_wconf 90' lang='lat' dir='ltr'><strong><em>c.</em></strong></span> <span class='ocrx_word' id='word_1_342' title='bbox 1188 4532 1258 4586; x_wconf 86' lang='lat'><strong>20</strong></span> <span class='ocrx_word' id='word_1_343' title='bbox 1292 4546 1307 4597; x_wconf 90' lang='lat'><strong><em>;</em></strong></span> <span class='ocrx_word' id='word_1_344' title='bbox 1360 4528 1671 4585; x_wconf 61' lang='grc' dir='ltr'><strong><em>ΒΑΜ-[αλιι.</em></strong></span> <span class='ocrx_word' id='word_1_345' title='bbox 1701 4527 1804 4585; x_wconf 92' lang='lat' dir='ltr'><strong><em>lib.</em></strong></span> <span class='ocrx_word' id='word_1_346' title='bbox 1828 4543 1904 4595; x_wconf 71' lang='grc' dir='ltr'><strong><em>ιν,</em></strong></span> 
     </span>
    </p>
   </div>
   <div class='ocr_carea' id='block_1_54' title="bbox 238 4615 1905 4689">
    <p class='ocr_par' dir='ltr' id='par_1_54' title="bbox 238 4615 1905 4689">
     <span class='ocr_line' id='line_1_55' title="bbox 238 4615 1905 4689; baseline -0.003 -12"><span class='ocrx_word' id='word_1_347' title='bbox 238 4638 299 4688; x_wconf 85' lang='lat' dir='ltr'><strong><em>c,</em></strong></span> <span class='ocrx_word' id='word_1_348' title='bbox 332 4626 407 4688; x_wconf 83' lang='lat'><strong>3;</strong></span> <span class='ocrx_word' id='word_1_349' title='bbox 441 4621 578 4676; x_wconf 67' lang='lat' dir='ltr'><strong><em>Iun.</em></strong></span> <span class='ocrx_word' id='word_1_350' title='bbox 605 4618 775 4689; x_wconf 80' lang='lat' dir='ltr'><strong><em>epist.</em></strong></span> <span class='ocrx_word' id='word_1_351' title='bbox 800 4618 884 4676; x_wconf 83' lang='lat' dir='ltr'><strong><em>ad</em></strong></span> <span class='ocrx_word' id='word_1_352' title='bbox 910 4617 1252 4685; x_wconf 47' lang='lat' dir='ltr'><strong><em>Heribald”</em></strong></span> <span class='ocrx_word' id='word_1_353' title='bbox 1284 4634 1337 4674; x_wconf 92' lang='lat' dir='ltr'><strong><em>c.</em></strong></span> <span class='ocrx_word' id='word_1_354' title='bbox 1367 4621 1401 4674; x_wconf 92' lang='lat'><strong>8</strong></span> <span class='ocrx_word' id='word_1_355' title='bbox 1426 4635 1440 4685; x_wconf 94' lang='lat'><strong><em>;</em></strong></span> <span class='ocrx_word' id='word_1_356' title='bbox 1465 4615 1905 4674; x_wconf 60' lang='lat' dir='ltr'><strong><em>BuncnannJib.</em></strong></span> 
     </span>
    </p>
   </div>
   <div class='ocr_carea' id='block_1_55' title="bbox 239 4706 1909 4780">
    <p class='ocr_par' dir='ltr' id='par_1_55' title="bbox 239 4706 1909 4780">
     <span class='ocr_line' id='line_1_56' title="bbox 239 4706 1909 4780; baseline -0.004 -13"><span class='ocrx_word' id='word_1_357' title='bbox 239 4724 392 4776; x_wconf 78' lang='lat' dir='ltr'><strong><em>xvn,</em></strong></span> <span class='ocrx_word' id='word_1_358' title='bbox 424 4724 478 4764; x_wconf 77' lang='grc' dir='ltr'><strong>ο.</strong></span> <span class='ocrx_word' id='word_1_359' title='bbox 502 4707 612 4778; x_wconf 70' lang='grc'><strong><em>54.)</em></strong></span> <span class='ocrx_word' id='word_1_360' title='bbox 644 4710 726 4765; x_wconf 90' lang='lat' dir='ltr'><strong><em>De</em></strong></span> <span class='ocrx_word' id='word_1_361' title='bbox 752 4706 1108 4765; x_wconf 82' lang='lat' dir='ltr'><strong><em>mulieribus</em></strong></span> <span class='ocrx_word' id='word_1_362' title='bbox 1135 4722 1274 4780; x_wconf 71' lang='lat' dir='ltr'><strong><em>quae</em></strong></span> <span class='ocrx_word' id='word_1_363' title='bbox 1303 4706 1691 4775; x_wconf 89' lang='lat' dir='ltr'><strong><em>fornicantur,</em></strong></span> <span class='ocrx_word' id='word_1_364' title='bbox 1709 4710 1909 4779; x_wconf 89' lang='lat' dir='ltr'><strong><em>etpar-</em></strong></span> 
     </span>
    </p>
   </div>
   <div class='ocr_carea' id='block_1_56' title="bbox 244 4796 1909 4870">
    <p class='ocr_par' dir='ltr' id='par_1_56' title="bbox 244 4796 1909 4870">
     <span class='ocr_line' id='line_1_57' title="bbox 244 4796 1909 4870; baseline -0.003 -15"><span class='ocrx_word' id='word_1_365' title='bbox 244 4803 347 4856; x_wconf 85' lang='lat' dir='ltr'><strong><em>tns</em></strong></span> <span class='ocrx_word' id='word_1_366' title='bbox 374 4813 522 4855; x_wconf 79' lang='lat' dir='ltr'><strong><em>suos</em></strong></span> <span class='ocrx_word' id='word_1_367' title='bbox 549 4801 788 4869; x_wconf 87' lang='lat' dir='ltr'><strong><em>necant,</em></strong></span> <span class='ocrx_word' id='word_1_368' title='bbox 810 4796 905 4854; x_wconf 89' lang='lat' dir='ltr'><strong><em>vel</em></strong></span> <span class='ocrx_word' id='word_1_369' title='bbox 917 4812 1055 4870; x_wconf 58' lang='lat' dir='ltr'><strong><em>qua)</em></strong></span> <span class='ocrx_word' id='word_1_370' title='bbox 1077 4799 1268 4866; x_wconf 86' lang='lat' dir='ltr'><strong><em>agunt</em></strong></span> <span class='ocrx_word' id='word_1_371' title='bbox 1281 4811 1489 4853; x_wconf 89' lang='lat' dir='ltr'><strong><em>secum</em></strong></span> <span class='ocrx_word' id='word_1_372' title='bbox 1513 4799 1580 4851; x_wconf 90' lang='lat' dir='ltr'><strong><em>ut</em></strong></span> <span class='ocrx_word' id='word_1_373' title='bbox 1590 4800 1756 4852; x_wconf 88' lang='lat' dir='ltr'><strong><em>utero</em></strong></span> <span class='ocrx_word' id='word_1_374' title='bbox 1771 4810 1909 4851; x_wconf 92' lang='lat' dir='ltr'><strong><em>con-</em></strong></span> 
     </span>
    </p>
   </div>
   <div class='ocr_carea' id='block_1_57' title="bbox 240 4883 1912 4961">
    <p class='ocr_par' dir='ltr' id='par_1_57' title="bbox 240 4883 1912 4961">
     <span class='ocr_line' id='line_1_58' title="bbox 240 4883 1912 4961; baseline -0.002 -17"><span class='ocrx_word' id='word_1_375' title='bbox 240 4891 459 4961; x_wconf 84' lang='lat' dir='ltr'><strong><em>ceptos</em></strong></span> <span class='ocrx_word' id='word_1_376' title='bbox 471 4885 790 4954; x_wconf 80' lang='lat' dir='ltr'><strong><em>excutiant,</em></strong></span> <span class='ocrx_word' id='word_1_377' title='bbox 809 4885 1061 4960; x_wconf 89' lang='lat' dir='ltr'><strong><em>antiqua</em></strong></span> <span class='ocrx_word' id='word_1_378' title='bbox 1078 4884 1328 4958; x_wconf 90' lang='lat' dir='ltr'><strong><em>quidem</em></strong></span> <span class='ocrx_word' id='word_1_379' title='bbox 1342 4883 1610 4941; x_wconf 87' lang='lat' dir='ltr'><strong><em>deﬁnitio</em></strong></span> <span class='ocrx_word' id='word_1_380' title='bbox 1628 4898 1820 4957; x_wconf 91' lang='lat' dir='ltr'><strong><em>usque</em></strong></span> <span class='ocrx_word' id='word_1_381' title='bbox 1831 4883 1912 4940; x_wconf 90' lang='lat' dir='ltr'><strong><em>ad</em></strong></span> 
     </span>
    </p>
   </div>
   <div class='ocr_carea' id='block_1_58' title="bbox 240 4971 1912 5032">
    <p class='ocr_par' dir='ltr' id='par_1_58' title="bbox 240 4971 1912 5032">
     <span class='ocr_line' id='line_1_59' title="bbox 240 4971 1912 5032; baseline -0.003 0"><span class='ocrx_word' id='word_1_382' title='bbox 240 4973 481 5032; x_wconf 79' lang='lat' dir='ltr'><strong><em>exitum</em></strong></span> <span class='ocrx_word' id='word_1_383' title='bbox 503 4973 638 5031; x_wconf 66' lang='lat' dir='ltr'><strong><em>vita)</em></strong></span> <span class='ocrx_word' id='word_1_384' title='bbox 661 4988 766 5031; x_wconf 85' lang='lat' dir='ltr'><strong><em>eas</em></strong></span> <span class='ocrx_word' id='word_1_385' title='bbox 794 4972 874 5030; x_wconf 81' lang='lat' dir='ltr'><strong><em>ab</em></strong></span> <span class='ocrx_word' id='word_1_386' title='bbox 908 4972 1170 5029; x_wconf 84' lang='lat' dir='ltr'><strong><em>Ecclesia</em></strong></span> <span class='ocrx_word' id='word_1_387' title='bbox 1220 4976 1509 5028; x_wconf 86' lang='lat' dir='ltr'><strong><em>removet.</em></strong></span> <span class='ocrx_word' id='word_1_388' title='bbox 1573 4971 1912 5029; x_wconf 86' lang='lat' dir='ltr'><strong><em>Humanius</em></strong></span> 
     </span>
    </p>
   </div>
   <div class='ocr_carea' id='block_1_59' title="bbox 244 5060 1912 5122">
    <p class='ocr_par' dir='ltr' id='par_1_59' title="bbox 244 5060 1912 5122">
     <span class='ocr_line' id='line_1_60' title="bbox 244 5060 1912 5122; baseline -0.003 0"><span class='ocrx_word' id='word_1_389' title='bbox 244 5068 460 5122; x_wconf 80' lang='lat' dir='ltr'><strong><em>autem</em></strong></span> <span class='ocrx_word' id='word_1_390' title='bbox 471 5077 635 5120; x_wconf 83' lang='lat' dir='ltr'><strong><em>nunc</em></strong></span> <span class='ocrx_word' id='word_1_391' title='bbox 673 5061 999 5120; x_wconf 84' lang='lat' dir='ltr'><strong><em>deﬁnimus</em></strong></span> <span class='ocrx_word' id='word_1_392' title='bbox 1016 5066 1081 5118; x_wconf 94' lang='lat' dir='ltr'><strong><em>ut</em></strong></span> <span class='ocrx_word' id='word_1_393' title='bbox 1107 5061 1195 5117; x_wconf 89' lang='lat' dir='ltr'><strong><em>eis</em></strong></span> <span class='ocrx_word' id='word_1_394' title='bbox 1206 5060 1417 5118; x_wconf 88' lang='lat' dir='ltr'><strong><em>decem</em></strong></span> <span class='ocrx_word' id='word_1_395' title='bbox 1437 5076 1737 5118; x_wconf 88' lang='lat' dir='ltr'><strong><em>annorum</em></strong></span> <span class='ocrx_word' id='word_1_396' title='bbox 1762 5065 1912 5118; x_wconf 88' lang='lat' dir='ltr'><strong><em>tem-</em></strong></span> 
     </span>
    </p>
   </div>
   <div class='ocr_carea' id='block_1_60' title="bbox 243 5148 1911 5228">
    <p class='ocr_par' dir='ltr' id='par_1_60' title="bbox 243 5148 1911 5228">
     <span class='ocr_line' id='line_1_61' title="bbox 243 5148 1911 5228; baseline -0.003 -18"><span class='ocrx_word' id='word_1_397' title='bbox 243 5169 371 5228; x_wconf 80' lang='lat' dir='ltr'><strong><em>pus</em></strong></span> <span class='ocrx_word' id='word_1_398' title='bbox 380 5151 719 5210; x_wconf 83' lang='lat' dir='ltr'><strong><em>secundum</em></strong></span> <span class='ocrx_word' id='word_1_399' title='bbox 731 5150 1010 5225; x_wconf 66' lang='lat' dir='ltr'><strong><em>praeﬁxos</em></strong></span> <span class='ocrx_word' id='word_1_400' title='bbox 1020 5150 1245 5223; x_wconf 87' lang='lat' dir='ltr'><strong><em>gradus</em></strong></span> <span class='ocrx_word' id='word_1_401' title='bbox 1255 5148 1598 5224; x_wconf 80' lang='lat' dir='ltr'><strong><em>poenitentia</em></strong></span> <span class='ocrx_word' id='word_1_402' title='bbox 1606 5150 1911 5221; x_wconf 78' lang='lat' dir='ltr'><strong><em>largiatur,</em></strong></span> 
     </span>
    </p>
   </div>
   <div class='ocr_carea' id='block_1_61' title="bbox 456 5252 1711 5317">
    <p class='ocr_par' dir='ltr' id='par_1_61' title="bbox 456 5252 1711 5317">
     <span class='ocr_line' id='line_1_62' title="bbox 456 5252 1711 5317; baseline -0.004 0"><span class='ocrx_word' id='word_1_403' title='bbox 456 5260 545 5317; x_wconf 88' lang='lat' dir='ltr'><strong><em>De</em></strong></span> <span class='ocrx_word' id='word_1_404' title='bbox 570 5259 776 5317; x_wconf 88' lang='lat' dir='ltr'><strong><em>eadem</em></strong></span> <span class='ocrx_word' id='word_1_405' title='bbox 808 5274 892 5317; x_wconf 92' lang='lat' dir='ltr'><strong><em>re.</em></strong></span> <span class='ocrx_word' id='word_1_406' title='bbox 943 5260 1044 5315; x_wconf 68' lang='lat' dir='ltr'><em>Ex</em></span> <span class='ocrx_word' id='word_1_407' title='bbox 1068 5259 1319 5316; x_wconf 87' lang='lat' dir='ltr'><strong><em>concilio</em></strong></span> <span class='ocrx_word' id='word_1_408' title='bbox 1349 5252 1711 5315; x_wconf 84' lang='lat' dir='ltr'><strong><em>Hilerdensi.</em></strong></span> 
     </span>
    </p>
   </div>
   <div class='ocr_carea' id='block_1_62' title="bbox 325 5347 1917 5421">
    <p class='ocr_par' dir='ltr' id='par_1_62' title="bbox 325 5347 1917 5421">
     <span class='ocr_line' id='line_1_63' title="bbox 325 5347 1917 5421; baseline -0.002 -14"><span class='ocrx_word' id='word_1_409' title='bbox 325 5348 505 5407; x_wconf 80' lang='lat' dir='ltr'><strong><em>LXIV.</em></strong></span> <span class='ocrx_word' id='word_1_410' title='bbox 537 5349 790 5417; x_wconf 82' lang='lat' dir='ltr'><strong><em>(Concil.</em></strong></span> <span class='ocrx_word' id='word_1_411' title='bbox 814 5349 1027 5421; x_wconf 85' lang='lat' dir='ltr'><strong><em>Ilerd.,</em></strong></span> <span class='ocrx_word' id='word_1_412' title='bbox 1057 5364 1108 5407; x_wconf 91' lang='lat' dir='ltr'><strong><em>c.</em></strong></span> <span class='ocrx_word' id='word_1_413' title='bbox 1141 5352 1205 5417; x_wconf 84' lang='lat'><strong><em>2;</em></strong></span> <span class='ocrx_word' id='word_1_414' title='bbox 1255 5350 1396 5405; x_wconf 70' lang='lat' dir='ltr'><strong><em>Iun.</em></strong></span> <span class='ocrx_word' id='word_1_415' title='bbox 1428 5349 1597 5418; x_wconf 84' lang='lat' dir='ltr'><strong><em>epist.</em></strong></span> <span class='ocrx_word' id='word_1_416' title='bbox 1633 5347 1715 5404; x_wconf 84' lang='lat' dir='ltr'><strong><em>ad</em></strong></span> <span class='ocrx_word' id='word_1_417' title='bbox 1743 5347 1917 5404; x_wconf 77' lang='lat' dir='ltr'><strong><em>Herz-</em></strong></span> 
     </span>
    </p>
   </div>
   <div class='ocr_carea' id='block_1_63' title="bbox 248 5434 1920 5508">
    <p class='ocr_par' dir='ltr' id='par_1_63' title="bbox 248 5434 1920 5508">
     <span class='ocr_line' id='line_1_64' title="bbox 248 5434 1920 5508; baseline -0.004 -12"><span class='ocrx_word' id='word_1_418' title='bbox 248 5439 450 5501; x_wconf 81' lang='lat' dir='ltr'><strong><em>bald.,</em></strong></span> <span class='ocrx_word' id='word_1_419' title='bbox 480 5446 587 5496; x_wconf 78' lang='lat'><strong><em>6.9</em></strong></span> <span class='ocrx_word' id='word_1_420' title='bbox 613 5456 630 5506; x_wconf 93' lang='lat'><strong><em>;</em></strong></span> <span class='ocrx_word' id='word_1_421' title='bbox 661 5440 979 5495; x_wconf 68' lang='lat' dir='ltr'><strong><em>Bcncunn.</em></strong></span> <span class='ocrx_word' id='word_1_422' title='bbox 1005 5437 1109 5494; x_wconf 89' lang='lat' dir='ltr'><strong><em>lib.</em></strong></span> <span class='ocrx_word' id='word_1_423' title='bbox 1142 5453 1279 5507; x_wconf 79' lang='lat' dir='ltr'><strong><em>xvu,</em></strong></span> <span class='ocrx_word' id='word_1_424' title='bbox 1307 5454 1360 5493; x_wconf 88' lang='lat' dir='ltr'><strong><em>c.</em></strong></span> <span class='ocrx_word' id='word_1_425' title='bbox 1395 5437 1509 5507; x_wconf 79' lang='lat'><strong><em>52.)</em></strong></span> <span class='ocrx_word' id='word_1_426' title='bbox 1532 5436 1601 5492; x_wconf 89' lang='lat' dir='ltr'><strong><em>Hi</em></strong></span> <span class='ocrx_word' id='word_1_427' title='bbox 1628 5452 1772 5492; x_wconf 85' lang='lat' dir='ltr'><strong><em>vero</em></strong></span> <span class='ocrx_word' id='word_1_428' title='bbox 1814 5434 1920 5508; x_wconf 90' lang='lat' dir='ltr'><strong><em>qui</em></strong></span> 
     </span>
    </p>
   </div>
   <div class='ocr_carea' id='block_1_64' title="bbox 238 5525 1920 5602">
    <p class='ocr_par' dir='ltr' id='par_1_64' title="bbox 238 5525 1920 5602">
     <span class='ocr_line' id='line_1_65' title="bbox 238 5525 1920 5602; baseline -0.007 -11"><span class='ocrx_word' id='word_1_429' title='bbox 238 5528 420 5591; x_wconf 61' lang='lat' dir='ltr'><strong><em>male</em></strong></span> <span class='ocrx_word' id='word_1_430' title='bbox 447 5534 775 5602; x_wconf 86' lang='lat' dir='ltr'><strong><em>conceptos</em></strong></span> <span class='ocrx_word' id='word_1_431' title='bbox 802 5545 875 5585; x_wconf 84' lang='lat' dir='ltr'><strong><em>ex</em></strong></span> <span class='ocrx_word' id='word_1_432' title='bbox 906 5527 1199 5587; x_wconf 86' lang='lat' dir='ltr'><strong><em>adulterio</em></strong></span> <span class='ocrx_word' id='word_1_433' title='bbox 1224 5528 1412 5584; x_wconf 85' lang='lat' dir='ltr'><strong><em>factos</em></strong></span> <span class='ocrx_word' id='word_1_434' title='bbox 1443 5525 1537 5583; x_wconf 87' lang='lat' dir='ltr'><strong><em>vel</em></strong></span> <span class='ocrx_word' id='word_1_435' title='bbox 1566 5525 1758 5583; x_wconf 90' lang='lat' dir='ltr'><strong><em>editos</em></strong></span> <span class='ocrx_word' id='word_1_436' title='bbox 1817 5540 1920 5580; x_wconf 91' lang='lat' dir='ltr'><strong><em>ne-</em></strong></span> 
     </span>
    </p>
   </div>
   <div class='ocr_carea' id='block_1_65' title="bbox 246 5614 1921 5687">
    <p class='ocr_par' dir='ltr' id='par_1_65' title="bbox 246 5614 1921 5687">
     <span class='ocr_line' id='line_1_66' title="bbox 246 5614 1921 5687; baseline -0.007 -7"><span class='ocrx_word' id='word_1_437' title='bbox 246 5634 399 5680; x_wconf 70' lang='lat' dir='ltr'><strong><em>care</em></strong></span> <span class='ocrx_word' id='word_1_438' title='bbox 420 5618 774 5686; x_wconf 85' lang='lat' dir='ltr'><strong><em>studuerint,</em></strong></span> <span class='ocrx_word' id='word_1_439' title='bbox 803 5616 893 5673; x_wconf 84' lang='lat' dir='ltr'><strong><em>vel</em></strong></span> <span class='ocrx_word' id='word_1_440' title='bbox 916 5616 978 5673; x_wconf 89' lang='lat' dir='ltr'><strong><em>in</em></strong></span> <span class='ocrx_word' id='word_1_441' title='bbox 1018 5615 1323 5674; x_wconf 89' lang='lat' dir='ltr'><strong><em>ventribus</em></strong></span> <span class='ocrx_word' id='word_1_442' title='bbox 1353 5620 1614 5674; x_wconf 89' lang='lat' dir='ltr'><strong><em>matrum</em></strong></span> <span class='ocrx_word' id='word_1_443' title='bbox 1670 5614 1921 5687; x_wconf 83' lang='lat' dir='ltr'><strong><em>potioni-</em></strong></span> 
     </span>
    </p>
   </div>
   <div class='ocr_carea' id='block_1_66' title="bbox 621 5707 1151 5764">
    <p class='ocr_par' dir='ltr' id='par_1_66' title="bbox 621 5707 1151 5764">
     <span class='ocr_line' id='line_1_67' title="bbox 621 5707 1151 5764; baseline -0.006 -1"><span class='ocrx_word' id='word_1_444' title='bbox 621 5709 868 5764; x_wconf 51' lang='lat' dir='ltr'><strong><em>Puncta</em></strong></span> <span class='ocrx_word' id='word_1_445' title='bbox 912 5707 1151 5764; x_wconf 77' lang='lat' dir='ltr'><strong><em>CXXXII.</em></strong></span> 
     </span>
    </p>
   </div>
   <div class='ocr_carea' id='block_1_67' title="bbox 2008 362 3667 442">
    <p class='ocr_par' dir='ltr' id='par_1_67' title="bbox 2008 362 3667 442">
     <span class='ocr_line' id='line_1_68' title="bbox 2008 362 3667 442; baseline 0.006 -24"><span class='ocrx_word' id='word_1_446' title='bbox 2008 362 2109 430; x_wconf 86' lang='lat' dir='ltr'><strong><em>ris,</em></strong></span> <span class='ocrx_word' id='word_1_447' title='bbox 2136 363 2197 419; x_wconf 92' lang='lat' dir='ltr'><strong><em>id</em></strong></span> <span class='ocrx_word' id='word_1_448' title='bbox 2222 369 2311 421; x_wconf 91' lang='lat' dir='ltr'><strong><em>est</em></strong></span> <span class='ocrx_word' id='word_1_449' title='bbox 2339 366 2492 438; x_wconf 87' lang='lat' dir='ltr'><strong><em>patri</em></strong></span> <span class='ocrx_word' id='word_1_450' title='bbox 2524 366 2617 422; x_wconf 90' lang='lat' dir='ltr'><strong><em>vel</em></strong></span> <span class='ocrx_word' id='word_1_451' title='bbox 2647 367 2846 439; x_wconf 89' lang='lat' dir='ltr'><strong><em>matri,</em></strong></span> <span class='ocrx_word' id='word_1_452' title='bbox 2892 372 3033 441; x_wconf 90' lang='lat' dir='ltr'><strong><em>post</em></strong></span> <span class='ocrx_word' id='word_1_453' title='bbox 3087 374 3313 442; x_wconf 88' lang='lat' dir='ltr'><strong><em>septem</em></strong></span> <span class='ocrx_word' id='word_1_454' title='bbox 3366 386 3667 428; x_wconf 89' lang='lat' dir='ltr'><strong><em>annorum</em></strong></span> 
     </span>
    </p>
   </div>
   <div class='ocr_carea' id='block_1_68' title="bbox 2009 452 3667 527">
    <p class='ocr_par' dir='ltr' id='par_1_68' title="bbox 2009 452 3667 527">
     <span class='ocr_line' id='line_1_69' title="bbox 2009 452 3667 527; baseline 0.005 -19"><span class='ocrx_word' id='word_1_455' title='bbox 2009 452 2305 511; x_wconf 88' lang='lat' dir='ltr'><strong><em>curricula</em></strong></span> <span class='ocrx_word' id='word_1_456' title='bbox 2327 456 2676 512; x_wconf 90' lang='lat' dir='ltr'><strong><em>communio</em></strong></span> <span class='ocrx_word' id='word_1_457' title='bbox 2706 455 3023 527; x_wconf 86' lang='lat' dir='ltr'><strong><em>tribuatur,</em></strong></span> <span class='ocrx_word' id='word_1_458' title='bbox 3048 457 3129 514; x_wconf 89' lang='lat' dir='ltr'><strong><em>ita</em></strong></span> <span class='ocrx_word' id='word_1_459' title='bbox 3159 463 3359 515; x_wconf 89' lang='lat' dir='ltr'><strong><em>tamen</em></strong></span> <span class='ocrx_word' id='word_1_460' title='bbox 3408 465 3472 517; x_wconf 91' lang='lat' dir='ltr'><strong><em>ut</em></strong></span> <span class='ocrx_word' id='word_1_461' title='bbox 3500 461 3667 517; x_wconf 91' lang='lat' dir='ltr'><strong><em>omni</em></strong></span> 
     </span>
    </p>
   </div>
   <div class='ocr_carea' id='block_1_69' title="bbox 2010 543 3662 614">
    <p class='ocr_par' dir='ltr' id='par_1_69' title="bbox 2010 543 3662 614">
     <span class='ocr_line' id='line_1_70' title="bbox 2010 543 3662 614; baseline 0.006 -18"><span class='ocrx_word' id='word_1_462' title='bbox 2010 544 2276 614; x_wconf 86' lang='lat' dir='ltr'><strong><em>tempore</em></strong></span> <span class='ocrx_word' id='word_1_463' title='bbox 2306 543 2440 600; x_wconf 64' lang='lat' dir='ltr'><strong><em>vitae</em></strong></span> <span class='ocrx_word' id='word_1_464' title='bbox 2472 561 2595 600; x_wconf 64' lang='lat' dir='ltr'><strong><em>suae</em></strong></span> <span class='ocrx_word' id='word_1_465' title='bbox 2627 544 2864 601; x_wconf 85' lang='lat' dir='ltr'><strong><em>ﬂetibus</em></strong></span> <span class='ocrx_word' id='word_1_466' title='bbox 2894 551 2951 602; x_wconf 91' lang='lat' dir='ltr'><strong><em>et</em></strong></span> <span class='ocrx_word' id='word_1_467' title='bbox 2992 546 3312 604; x_wconf 87' lang='lat' dir='ltr'><strong><em>humilitati</em></strong></span> <span class='ocrx_word' id='word_1_468' title='bbox 3369 548 3662 606; x_wconf 90' lang='lat' dir='ltr'><strong><em>insistant.</em></strong></span> 
     </span>
    </p>
   </div>
   <div class='ocr_carea' id='block_1_70' title="bbox 2213 634 3463 695">
    <p class='ocr_par' dir='ltr' id='par_1_70' title="bbox 2213 634 3463 695">
     <span class='ocr_line' id='line_1_71' title="bbox 2213 634 3463 695; baseline 0.002 -6"><span class='ocrx_word' id='word_1_469' title='bbox 2213 634 2297 689; x_wconf 90' lang='lat' dir='ltr'><strong><em>De</em></strong></span> <span class='ocrx_word' id='word_1_470' title='bbox 2315 634 2517 691; x_wconf 87' lang='lat' dir='ltr'><strong><em>eadem</em></strong></span> <span class='ocrx_word' id='word_1_471' title='bbox 2541 651 2625 691; x_wconf 89' lang='lat' dir='ltr'><strong><em>re.</em></strong></span> <span class='ocrx_word' id='word_1_472' title='bbox 2656 638 2756 691; x_wconf 66' lang='lat' dir='ltr'><strong><em>Ex</em></strong></span> <span class='ocrx_word' id='word_1_473' title='bbox 2781 638 3033 691; x_wconf 84' lang='lat' dir='ltr'><strong><em>concilio</em></strong></span> <span class='ocrx_word' id='word_1_474' title='bbox 3068 637 3463 695; x_wconf 87' lang='lat' dir='ltr'><strong><em>Eliberitano.</em></strong></span> 
     </span>
    </p>
   </div>
   <div class='ocr_carea' id='block_1_71' title="bbox 2083 716 3669 796">
    <p class='ocr_par' dir='ltr' id='par_1_71' title="bbox 2083 716 3669 796">
     <span class='ocr_line' id='line_1_72' title="bbox 2083 716 3669 796; baseline 0.006 -20"><span class='ocrx_word' id='word_1_475' title='bbox 2083 723 2228 777; x_wconf 88' lang='lat' dir='ltr'><strong><em>LXV.</em></strong></span> <span class='ocrx_word' id='word_1_476' title='bbox 2264 723 2512 789; x_wconf 84' lang='lat' dir='ltr'><strong><em>(Concil.</em></strong></span> <span class='ocrx_word' id='word_1_477' title='bbox 2537 716 2813 781; x_wconf 80' lang='lat' dir='ltr'><strong><em>Eliberit.</em></strong></span> <span class='ocrx_word' id='word_1_478' title='bbox 2843 741 2895 780; x_wconf 91' lang='lat' dir='ltr'><strong><em>c.</em></strong></span> <span class='ocrx_word' id='word_1_479' title='bbox 2926 729 3031 792; x_wconf 87' lang='lat'><strong><em>63;</em></strong></span> <span class='ocrx_word' id='word_1_480' title='bbox 3066 728 3204 780; x_wconf 71' lang='grc' dir='ltr'><strong><em>ΗΑΒ.</em></strong></span> <span class='ocrx_word' id='word_1_481' title='bbox 3237 728 3405 796; x_wconf 77' lang='lat' dir='ltr'><strong><em>epist.</em></strong></span> <span class='ocrx_word' id='word_1_482' title='bbox 3439 729 3520 784; x_wconf 82' lang='lat' dir='ltr'><strong><em>ad</em></strong></span> <span class='ocrx_word' id='word_1_483' title='bbox 3548 731 3669 786; x_wconf 85' lang='lat' dir='ltr'><strong><em>He-</em></strong></span> 
     </span>
    </p>
   </div>
   <div class='ocr_carea' id='block_1_72' title="bbox 2009 809 3670 891">
    <p class='ocr_par' dir='ltr' id='par_1_72' title="bbox 2009 809 3670 891">
     <span class='ocr_line' id='line_1_73' title="bbox 2009 809 3670 891; baseline 0.007 -28"><span class='ocrx_word' id='word_1_484' title='bbox 2009 809 2255 875; x_wconf 83' lang='lat' dir='ltr'><strong><em>ribald.,</em></strong></span> <span class='ocrx_word' id='word_1_485' title='bbox 2283 828 2334 867; x_wconf 92' lang='lat' dir='ltr'><strong><em>c.</em></strong></span> <span class='ocrx_word' id='word_1_486' title='bbox 2366 816 2437 880; x_wconf 91' lang='lat'><strong><em>8;</em></strong></span> <span class='ocrx_word' id='word_1_487' title='bbox 2488 814 2809 870; x_wconf 79' lang='lat' dir='ltr'><strong><em>BURCHARD.</em></strong></span> <span class='ocrx_word' id='word_1_488' title='bbox 2859 813 2962 870; x_wconf 91' lang='lat' dir='ltr'><strong><em>lib.</em></strong></span> <span class='ocrx_word' id='word_1_489' title='bbox 3017 830 3156 881; x_wconf 81' lang='lat' dir='ltr'><strong><em>xvu,</em></strong></span> <span class='ocrx_word' id='word_1_490' title='bbox 3204 832 3254 871; x_wconf 94' lang='lat' dir='ltr'><strong><em>c.</em></strong></span> <span class='ocrx_word' id='word_1_491' title='bbox 3284 818 3395 887; x_wconf 85' lang='lat' dir='ltr'><strong><em>5I,)</em></strong></span> <span class='ocrx_word' id='word_1_492' title='bbox 3458 818 3516 875; x_wconf 90' lang='lat' dir='ltr'><strong><em>Si</em></strong></span> <span class='ocrx_word' id='word_1_493' title='bbox 3545 834 3670 891; x_wconf 89' lang='lat' dir='ltr'><strong><em>qua</em></strong></span> 
     </span>
    </p>
   </div>
   <div class='ocr_carea' id='block_1_73' title="bbox 2008 898 3668 979">
    <p class='ocr_par' dir='ltr' id='par_1_73' title="bbox 2008 898 3668 979">
     <span class='ocr_line' id='line_1_74' title="bbox 2008 898 3668 979; baseline 0.005 -25"><span class='ocrx_word' id='word_1_494' title='bbox 2008 898 2240 967; x_wconf 89' lang='lat' dir='ltr'><strong><em>mulier,</em></strong></span> <span class='ocrx_word' id='word_1_495' title='bbox 2268 900 2517 958; x_wconf 89' lang='lat' dir='ltr'><strong><em>absente</em></strong></span> <span class='ocrx_word' id='word_1_496' title='bbox 2547 902 2780 970; x_wconf 90' lang='lat' dir='ltr'><strong><em>marito,</em></strong></span> <span class='ocrx_word' id='word_1_497' title='bbox 2814 918 2921 975; x_wconf 90' lang='lat' dir='ltr'><strong><em>per</em></strong></span> <span class='ocrx_word' id='word_1_498' title='bbox 2965 902 3326 960; x_wconf 89' lang='lat' dir='ltr'><strong><em>adulterium</em></strong></span> <span class='ocrx_word' id='word_1_499' title='bbox 3380 921 3668 979; x_wconf 88' lang='lat' dir='ltr'><strong><em>concepe-</em></strong></span> 
     </span>
    </p>
   </div>
   <div class='ocr_carea' id='block_1_74' title="bbox 2008 988 3667 1066">
    <p class='ocr_par' dir='ltr' id='par_1_74' title="bbox 2008 988 3667 1066">
     <span class='ocr_line' id='line_1_75' title="bbox 2008 988 3667 1066; baseline 0.004 -23"><span class='ocrx_word' id='word_1_500' title='bbox 2008 988 2102 1059; x_wconf 87' lang='lat' dir='ltr'><strong><em>rit,</em></strong></span> <span class='ocrx_word' id='word_1_501' title='bbox 2134 988 2315 1061; x_wconf 88' lang='lat' dir='ltr'><strong><em>idque</em></strong></span> <span class='ocrx_word' id='word_1_502' title='bbox 2344 996 2484 1063; x_wconf 85' lang='lat' dir='ltr'><strong><em>post</em></strong></span> <span class='ocrx_word' id='word_1_503' title='bbox 2537 990 2770 1047; x_wconf 84' lang='lat' dir='ltr'><strong><em>facinus</em></strong></span> <span class='ocrx_word' id='word_1_504' title='bbox 2821 992 3122 1062; x_wconf 89' lang='lat' dir='ltr'><strong><em>occiderit,</em></strong></span> <span class='ocrx_word' id='word_1_505' title='bbox 3172 993 3398 1066; x_wconf 91' lang='lat' dir='ltr'><strong><em>placuit</em></strong></span> <span class='ocrx_word' id='word_1_506' title='bbox 3452 994 3552 1050; x_wconf 82' lang='lat' dir='ltr'><strong><em>vix</em></strong></span> <span class='ocrx_word' id='word_1_507' title='bbox 3606 994 3667 1050; x_wconf 92' lang='lat' dir='ltr'><strong><em>in</em></strong></span> 
     </span>
    </p>
   </div>
   <div class='ocr_carea' id='block_1_75' title="bbox 2008 1077 3671 1154">
    <p class='ocr_par' dir='ltr' id='par_1_75' title="bbox 2008 1077 3671 1154">
     <span class='ocr_line' id='line_1_76' title="bbox 2008 1077 3671 1154; baseline 0.005 -23"><span class='ocrx_word' id='word_1_508' title='bbox 2008 1077 2129 1133; x_wconf 86' lang='lat' dir='ltr'><strong><em>ﬁne</em></strong></span> <span class='ocrx_word' id='word_1_509' title='bbox 2158 1080 2211 1134; x_wconf 90' lang='lat' dir='ltr'><strong><em>ei</em></strong></span> <span class='ocrx_word' id='word_1_510' title='bbox 2234 1078 2503 1137; x_wconf 90' lang='lat' dir='ltr'><strong><em>dandam</em></strong></span> <span class='ocrx_word' id='word_1_511' title='bbox 2533 1081 3049 1151; x_wconf 90' lang='lat' dir='ltr'><strong><em>communionem,</em></strong></span> <span class='ocrx_word' id='word_1_512' title='bbox 3079 1096 3152 1138; x_wconf 92' lang='lat' dir='ltr'><strong><em>eo</em></strong></span> <span class='ocrx_word' id='word_1_513' title='bbox 3177 1082 3343 1154; x_wconf 90' lang='lat' dir='ltr'><strong><em>quod</em></strong></span> <span class='ocrx_word' id='word_1_514' title='bbox 3400 1084 3671 1154; x_wconf 90' lang='lat' dir='ltr'><strong><em>gemina-</em></strong></span> 
     </span>
    </p>
   </div>
   <div class='ocr_carea' id='block_1_76' title="bbox 2009 1167 2390 1224">
    <p class='ocr_par' dir='ltr' id='par_1_76' title="bbox 2009 1167 2390 1224">
     <span class='ocr_line' id='line_1_77' title="bbox 2009 1167 2390 1224; baseline 0.005 -2"><span class='ocrx_word' id='word_1_515' title='bbox 2009 1167 2160 1223; x_wconf 88' lang='lat' dir='ltr'><strong><em>verit</em></strong></span> <span class='ocrx_word' id='word_1_516' title='bbox 2180 1168 2390 1224; x_wconf 91' lang='lat' dir='ltr'><strong><em>scelus.</em></strong></span> 
     </span>
    </p>
   </div>
   <div class='ocr_carea' id='block_1_77' title="bbox 2009 1272 3667 1405">
    <p class='ocr_par' dir='ltr' id='par_1_77' title="bbox 2009 1272 3667 1405">
     <span class='ocr_line' id='line_1_78' title="bbox 2009 1272 3667 1405; baseline 0.004 -76"><span class='ocrx_word' id='word_1_517' title='bbox 2009 1272 2079 1329; x_wconf 87' lang='lat' dir='ltr'><strong><em>Si</em></strong></span> <span class='ocrx_word' id='word_1_518' title='bbox 2098 1289 2217 1346; x_wconf 87' lang='lat' dir='ltr'><strong><em>qua</em></strong></span> <span class='ocrx_word' id='word_1_519' title='bbox 2246 1277 2464 1333; x_wconf 87' lang='lat' dir='ltr'><strong><em>mulier</em></strong></span> <span class='ocrx_word' id='word_1_520' title='bbox 2478 1283 2727 1402; x_wconf 61' lang='lat' dir='ltr'><strong><em>parum:</em></strong></span> <span class='ocrx_word' id='word_1_521' title='bbox 2756 1293 2952 1405; x_wconf 47' lang='lat' dir='ltr'><strong><em>squillae</em></strong></span> <span class='ocrx_word' id='word_1_522' title='bbox 2961 1279 3307 1335; x_wconf 68' lang='lat' dir='ltr'><strong><em>excusserit.</em></strong></span> <span class='ocrx_word' id='word_1_523' title='bbox 3342 1279 3439 1335; x_wconf 74' lang='lat' dir='ltr'><strong><em>Ea:</em></strong></span> <span class='ocrx_word' id='word_1_524' title='bbox 3467 1280 3667 1336; x_wconf 65' lang='lat' dir='ltr'><strong><em>Pleni-</em></strong></span> 
     </span>
     <span class='ocr_line' id='line_1_79' title="bbox 2728 1364 2966 1405; baseline 0.004 -1"><span class='ocrx_word' id='word_1_525' title='bbox 2728 1364 2801 1404; x_wconf 87' lang='lat' dir='ltr'><strong><em>en</em></strong></span> <span class='ocrx_word' id='word_1_526' title='bbox 2833 1364 2892 1405; x_wconf 76' lang='lat' dir='ltr'><strong><em>ia</em></strong></span> <span class='ocrx_word' id='word_1_527' title='bbox 2954 1385 2966 1398; x_wconf 80' lang='lat'><strong><em>.</em></strong></span> 
     </span>
    </p>
   </div>
   <div class='ocr_carea' id='block_1_78' title="bbox 2728 1364 2966 1405">
    <p class='ocr_par' dir='ltr' id='par_1_78' title="bbox 2728 1364 2966 1405">
     <span class='ocr_line' id='line_1_80' title="bbox 2728 1364 2966 1405; baseline -0.021 -1"><span class='ocrx_word' id='word_1_528' title='bbox 2728 1364 2966 1405; x_wconf 76' lang='lat' dir='ltr'><strong><em>enttate.</em></strong></span> 
     </span>
    </p>
   </div>
   <div class='ocr_carea' id='block_1_79' title="bbox 2082 1435 3703 1517">
    <p class='ocr_par' dir='ltr' id='par_1_79' title="bbox 2082 1435 3703 1517">
     <span class='ocr_line' id='line_1_81' title="bbox 2082 1435 3703 1517; baseline 0.006 -29"><span class='ocrx_word' id='word_1_529' title='bbox 2082 1435 2254 1490; x_wconf 90' lang='lat' dir='ltr'><strong><em>LXVI.</em></strong></span> <span class='ocrx_word' id='word_1_530' title='bbox 2287 1435 2344 1491; x_wconf 91' lang='lat' dir='ltr'><strong><em>Si</em></strong></span> <span class='ocrx_word' id='word_1_531' title='bbox 2371 1452 2497 1508; x_wconf 88' lang='lat' dir='ltr'><strong><em>qua</em></strong></span> <span class='ocrx_word' id='word_1_532' title='bbox 2525 1436 2738 1492; x_wconf 90' lang='lat' dir='ltr'><strong><em>mulier</em></strong></span> <span class='ocrx_word' id='word_1_533' title='bbox 2768 1442 3009 1510; x_wconf 86' lang='lat' dir='ltr'><strong><em>partum</em></strong></span> <span class='ocrx_word' id='word_1_534' title='bbox 3052 1455 3234 1494; x_wconf 88' lang='lat' dir='ltr'><strong><em>suum</em></strong></span> <span class='ocrx_word' id='word_1_535' title='bbox 3295 1442 3433 1494; x_wconf 89' lang='lat' dir='ltr'><strong><em>ante</em></strong></span> <span class='ocrx_word' id='word_1_536' title='bbox 3489 1439 3668 1510; x_wconf 80' lang='lat'><strong>238</strong></span> <span class='ocrx_word' id='word_1_537' title='bbox 3698 1512 3703 1517; x_wconf 28' lang='grc' dir='ltr'><strong>η</strong></span> 
     </span>
    </p>
   </div>
   <div class='ocr_carea' id='block_1_80' title="bbox 2008 1522 3666 1598">
    <p class='ocr_par' dir='ltr' id='par_1_80' title="bbox 2008 1522 3666 1598">
     <span class='ocr_line' id='line_1_82' title="bbox 2008 1522 3666 1598; baseline 0.002 -20"><span class='ocrx_word' id='word_1_538' title='bbox 2008 1522 2412 1595; x_wconf 81' lang='lat' dir='ltr'><strong><em>quadraginta</em></strong></span> <span class='ocrx_word' id='word_1_539' title='bbox 2436 1525 2566 1581; x_wconf 85' lang='lat' dir='ltr'><strong><em>dies</em></strong></span> <span class='ocrx_word' id='word_1_540' title='bbox 2597 1525 2657 1581; x_wconf 92' lang='lat' dir='ltr'><strong><em>in</em></strong></span> <span class='ocrx_word' id='word_1_541' title='bbox 2688 1531 2853 1582; x_wconf 89' lang='lat' dir='ltr'><strong><em>utero</em></strong></span> <span class='ocrx_word' id='word_1_542' title='bbox 2903 1531 3113 1598; x_wconf 84' lang='lat' dir='ltr'><strong><em>sponte</em></strong></span> <span class='ocrx_word' id='word_1_543' title='bbox 3166 1526 3506 1597; x_wconf 84' lang='lat' dir='ltr'><strong><em>perdiderit,</em></strong></span> <span class='ocrx_word' id='word_1_544' title='bbox 3567 1543 3666 1582; x_wconf 86' lang='lat' dir='ltr'><strong><em>an-</em></strong></span> 
     </span>
    </p>
   </div>
   <div class='ocr_carea' id='block_1_81' title="bbox 1942 1612 3666 1689">
    <p class='ocr_par' dir='ltr' id='par_1_81' title="bbox 1942 1612 3666 1689">
     <span class='ocr_line' id='line_1_83' title="bbox 1942 1612 3666 1689; baseline 0.001 -23"><span class='ocrx_word' id='word_1_545' title='bbox 1942 1636 1980 1689; x_wconf 74' lang='grc' dir='ltr'>Β</span> <span class='ocrx_word' id='word_1_546' title='bbox 2008 1626 2157 1666; x_wconf 91' lang='lat' dir='ltr'><strong><em>num</em></strong></span> <span class='ocrx_word' id='word_1_547' title='bbox 2192 1627 2377 1667; x_wconf 92' lang='lat' dir='ltr'><strong><em>unum</em></strong></span> <span class='ocrx_word' id='word_1_548' title='bbox 2400 1612 2700 1684; x_wconf 76' lang='lat' dir='ltr'><strong><em>pceniteat.</em></strong></span> <span class='ocrx_word' id='word_1_549' title='bbox 2733 1613 2789 1670; x_wconf 91' lang='lat' dir='ltr'><strong><em>Si</em></strong></span> <span class='ocrx_word' id='word_1_550' title='bbox 2810 1629 2950 1669; x_wconf 87' lang='lat' dir='ltr'><strong><em>vero</em></strong></span> <span class='ocrx_word' id='word_1_551' title='bbox 2967 1618 3103 1686; x_wconf 90' lang='lat' dir='ltr'><strong><em>post</em></strong></span> <span class='ocrx_word' id='word_1_552' title='bbox 3121 1613 3524 1685; x_wconf 87' lang='lat' dir='ltr'><strong><em>quadraginta</em></strong></span> <span class='ocrx_word' id='word_1_553' title='bbox 3539 1614 3666 1670; x_wconf 88' lang='lat' dir='ltr'><strong><em>dies</em></strong></span> 
     </span>
    </p>
   </div>
   <div class='ocr_carea' id='block_1_82' title="bbox 2007 1700 3665 1775">
    <p class='ocr_par' dir='ltr' id='par_1_82' title="bbox 2007 1700 3665 1775">
     <span class='ocr_line' id='line_1_84' title="bbox 2007 1700 3665 1775; baseline 0.001 -19"><span class='ocrx_word' id='word_1_554' title='bbox 2007 1715 2149 1756; x_wconf 91' lang='lat' dir='ltr'><strong><em>eum</em></strong></span> <span class='ocrx_word' id='word_1_555' title='bbox 2177 1700 2477 1770; x_wconf 88' lang='lat' dir='ltr'><strong><em>occiderit,</em></strong></span> <span class='ocrx_word' id='word_1_556' title='bbox 2512 1708 2625 1758; x_wconf 88' lang='lat' dir='ltr'><strong><em>tres</em></strong></span> <span class='ocrx_word' id='word_1_557' title='bbox 2655 1718 2848 1758; x_wconf 91' lang='lat' dir='ltr'><strong><em>annos</em></strong></span> <span class='ocrx_word' id='word_1_558' title='bbox 2879 1702 3184 1774; x_wconf 62' lang='lat' dir='ltr'><strong><em>poeniteat.</em></strong></span> <span class='ocrx_word' id='word_1_559' title='bbox 3215 1701 3272 1759; x_wconf 89' lang='lat' dir='ltr'><strong><em>Si</em></strong></span> <span class='ocrx_word' id='word_1_560' title='bbox 3311 1719 3451 1758; x_wconf 89' lang='lat' dir='ltr'><strong><em>vero</em></strong></span> <span class='ocrx_word' id='word_1_561' title='bbox 3502 1708 3665 1775; x_wconf 91' lang='lat' dir='ltr'><strong><em>post-</em></strong></span> 
     </span>
    </p>
   </div>
   <div class='ocr_carea' id='block_1_83' title="bbox 2006 1790 3666 1864">
    <p class='ocr_par' dir='ltr' id='par_1_83' title="bbox 2006 1790 3666 1864">
     <span class='ocr_line' id='line_1_85' title="bbox 2006 1790 3666 1864; baseline 0.001 -19"><span class='ocrx_word' id='word_1_562' title='bbox 2006 1804 2193 1861; x_wconf 89' lang='lat' dir='ltr'><strong><em>quam</em></strong></span> <span class='ocrx_word' id='word_1_563' title='bbox 2220 1790 2523 1847; x_wconf 89' lang='lat' dir='ltr'><strong><em>animatus</em></strong></span> <span class='ocrx_word' id='word_1_564' title='bbox 2552 1791 2743 1859; x_wconf 88' lang='lat' dir='ltr'><strong><em>fuerit,</em></strong></span> <span class='ocrx_word' id='word_1_565' title='bbox 2770 1808 2908 1847; x_wconf 89' lang='lat' dir='ltr'><strong><em>eum</em></strong></span> <span class='ocrx_word' id='word_1_566' title='bbox 2940 1790 3285 1864; x_wconf 86' lang='lat' dir='ltr'><strong><em>perdiderit,</em></strong></span> <span class='ocrx_word' id='word_1_567' title='bbox 3335 1791 3514 1864; x_wconf 86' lang='lat' dir='ltr'><strong><em>quasi</em></strong></span> <span class='ocrx_word' id='word_1_568' title='bbox 3560 1792 3666 1847; x_wconf 87' lang='lat' dir='ltr'><strong><em>ho-</em></strong></span> 
     </span>
    </p>
   </div>
   <div class='ocr_carea' id='block_1_84' title="bbox 2006 1876 3664 1952">
    <p class='ocr_par' dir='ltr' id='par_1_84' title="bbox 2006 1876 3664 1952">
     <span class='ocr_line' id='line_1_86' title="bbox 2006 1876 3664 1952; baseline 0.002 -20"><span class='ocrx_word' id='word_1_569' title='bbox 2006 1876 2251 1934; x_wconf 85' lang='lat' dir='ltr'><strong><em>micidia</em></strong></span> <span class='ocrx_word' id='word_1_570' title='bbox 2279 1878 2583 1950; x_wconf 76' lang='lat' dir='ltr'><strong><em>poeniteat.</em></strong></span> <span class='ocrx_word' id='word_1_571' title='bbox 2616 1879 2730 1937; x_wconf 91' lang='lat' dir='ltr'><strong><em>Sed</em></strong></span> <span class='ocrx_word' id='word_1_572' title='bbox 2758 1879 2939 1936; x_wconf 90' lang='lat' dir='ltr'><strong><em>distat</em></strong></span> <span class='ocrx_word' id='word_1_573' title='bbox 2958 1879 3218 1935; x_wconf 88' lang='lat' dir='ltr'><strong><em>multum</em></strong></span> <span class='ocrx_word' id='word_1_574' title='bbox 3258 1884 3460 1935; x_wconf 90' lang='lat' dir='ltr'><strong><em>utrum</em></strong></span> <span class='ocrx_word' id='word_1_575' title='bbox 3518 1896 3664 1952; x_wconf 89' lang='lat' dir='ltr'><strong><em>pau-</em></strong></span> 
     </span>
    </p>
   </div>
   <div class='ocr_carea' id='block_1_85' title="bbox 2006 1965 3664 2040">
    <p class='ocr_par' dir='ltr' id='par_1_85' title="bbox 2006 1965 3664 2040">
     <span class='ocr_line' id='line_1_87' title="bbox 2006 1965 3664 2040; baseline 0.002 -19"><span class='ocrx_word' id='word_1_576' title='bbox 2006 1965 2251 2038; x_wconf 89' lang='lat' dir='ltr'><strong><em>percula</em></strong></span> <span class='ocrx_word' id='word_1_577' title='bbox 2295 1982 2407 2040; x_wconf 91' lang='lat' dir='ltr'><strong><em>pro</em></strong></span> <span class='ocrx_word' id='word_1_578' title='bbox 2459 1966 2807 2024; x_wconf 79' lang='lat' dir='ltr'><strong><em>difﬁcultate</em></strong></span> <span class='ocrx_word' id='word_1_579' title='bbox 2853 1967 3175 2034; x_wconf 87' lang='lat' dir='ltr'><strong><em>nutriendi,</em></strong></span> <span class='ocrx_word' id='word_1_580' title='bbox 3251 1972 3356 2024; x_wconf 90' lang='lat' dir='ltr'><strong><em>aut</em></strong></span> <span class='ocrx_word' id='word_1_581' title='bbox 3408 1967 3664 2024; x_wconf 84' lang='lat' dir='ltr'><strong><em>fornica-</em></strong></span> 
     </span>
    </p>
   </div>
   <div class='ocr_carea' id='block_1_86' title="bbox 2006 2053 3669 2129">
    <p class='ocr_par' dir='ltr' id='par_1_86' title="bbox 2006 2053 3669 2129">
     <span class='ocr_line' id='line_1_88' title="bbox 2006 2053 3669 2129; baseline 0.001 -19"><span class='ocrx_word' id='word_1_582' title='bbox 2006 2053 2096 2110; x_wconf 86' lang='lat' dir='ltr'><strong><em>ria</em></strong></span> <span class='ocrx_word' id='word_1_583' title='bbox 2146 2071 2332 2113; x_wconf 87' lang='lat' dir='ltr'><strong><em>causa</em></strong></span> <span class='ocrx_word' id='word_1_584' title='bbox 2386 2055 2482 2125; x_wconf 89' lang='lat' dir='ltr'><strong><em>sit,</em></strong></span> <span class='ocrx_word' id='word_1_585' title='bbox 2531 2060 2590 2112; x_wconf 91' lang='lat' dir='ltr'><strong><em>et</em></strong></span> <span class='ocrx_word' id='word_1_586' title='bbox 2640 2073 2751 2129; x_wconf 91' lang='lat' dir='ltr'><strong><em>pro</em></strong></span> <span class='ocrx_word' id='word_1_587' title='bbox 2803 2055 2896 2111; x_wconf 93' lang='lat' dir='ltr'><strong><em>sui</em></strong></span> <span class='ocrx_word' id='word_1_588' title='bbox 2950 2055 3188 2111; x_wconf 89' lang='lat' dir='ltr'><strong><em>sceleris</em></strong></span> <span class='ocrx_word' id='word_1_589' title='bbox 3217 2055 3456 2111; x_wconf 89' lang='lat' dir='ltr'><strong><em>celandi</em></strong></span> <span class='ocrx_word' id='word_1_590' title='bbox 3486 2056 3669 2111; x_wconf 88' lang='lat' dir='ltr'><strong><em>faciat</em></strong></span> 
     </span>
    </p>
   </div>
   <div class='ocr_carea' id='block_1_87' title="bbox 2010 2158 2213 2200">
    <p class='ocr_par' dir='ltr' id='par_1_87' title="bbox 2010 2158 2213 2200">
     <span class='ocr_line' id='line_1_89' title="bbox 2010 2158 2213 2200; baseline 0 -2"><span class='ocrx_word' id='word_1_591' title='bbox 2010 2158 2213 2200; x_wconf 89' lang='lat' dir='ltr'><strong><em>causa.</em></strong></span> 
     </span>
    </p>
   </div>
   <div class='ocr_carea' id='block_1_88' title="bbox 2008 2233 3664 2305">
    <p class='ocr_par' dir='ltr' id='par_1_88' title="bbox 2008 2233 3664 2305">
     <span class='ocr_line' id='line_1_90' title="bbox 2008 2233 3664 2305; baseline -0.001 -15"><span class='ocrx_word' id='word_1_592' title='bbox 2008 2234 2076 2290; x_wconf 84' lang='lat' dir='ltr'><strong><em>Si</em></strong></span> <span class='ocrx_word' id='word_1_593' title='bbox 2101 2247 2222 2305; x_wconf 88' lang='lat' dir='ltr'><strong><em>qua</em></strong></span> <span class='ocrx_word' id='word_1_594' title='bbox 2248 2234 2470 2289; x_wconf 86' lang='lat' dir='ltr'><strong><em>mulier</em></strong></span> <span class='ocrx_word' id='word_1_595' title='bbox 2478 2233 2673 2303; x_wconf 82' lang='lat' dir='ltr'><strong><em>ﬁlium</em></strong></span> <span class='ocrx_word' id='word_1_596' title='bbox 2692 2234 2983 2301; x_wconf 82' lang='lat' dir='ltr'><strong><em>velﬁliam</em></strong></span> <span class='ocrx_word' id='word_1_597' title='bbox 3009 2233 3312 2289; x_wconf 86' lang='lat' dir='ltr'><strong><em>occiderit.</em></strong></span> <span class='ocrx_word' id='word_1_598' title='bbox 3328 2235 3426 2290; x_wconf 79' lang='lat' dir='ltr'><strong><em>Ea:</em></strong></span> <span class='ocrx_word' id='word_1_599' title='bbox 3447 2234 3664 2289; x_wconf 84' lang='lat' dir='ltr'><strong><em>eodem.</em></strong></span> 
     </span>
    </p>
   </div>
   <div class='ocr_carea' id='block_1_89' title="bbox 2084 2320 3669 2378">
    <p class='ocr_par' dir='ltr' id='par_1_89' title="bbox 2084 2320 3669 2378">
     <span class='ocr_line' id='line_1_91' title="bbox 2084 2320 3669 2378; baseline 0.001 -1"><span class='ocrx_word' id='word_1_600' title='bbox 2084 2324 2282 2377; x_wconf 86' lang='lat' dir='ltr'><strong><em>LXVII.</em></strong></span> <span class='ocrx_word' id='word_1_601' title='bbox 2316 2320 2515 2378; x_wconf 85' lang='lat' dir='ltr'><strong><em>Mulier</em></strong></span> <span class='ocrx_word' id='word_1_602' title='bbox 2539 2320 2589 2376; x_wconf 90' lang='lat' dir='ltr'><strong><em>si</em></strong></span> <span class='ocrx_word' id='word_1_603' title='bbox 2617 2320 2948 2378; x_wconf 81' lang='lat' dir='ltr'><strong><em>voluntarie</em></strong></span> <span class='ocrx_word' id='word_1_604' title='bbox 2975 2320 3254 2378; x_wconf 88' lang='lat' dir='ltr'><strong><em>occiderit</em></strong></span> <span class='ocrx_word' id='word_1_605' title='bbox 3282 2321 3472 2377; x_wconf 78' lang='lat' dir='ltr'><strong><em>tilium</em></strong></span> <span class='ocrx_word' id='word_1_606' title='bbox 3490 2338 3669 2378; x_wconf 87' lang='lat' dir='ltr'><strong><em>suum</em></strong></span> 
     </span>
    </p>
   </div>
   <div class='ocr_carea' id='block_1_90' title="bbox 2011 2409 3668 2483">
    <p class='ocr_par' dir='ltr' id='par_1_90' title="bbox 2011 2409 3668 2483">
     <span class='ocr_line' id='line_1_92' title="bbox 2011 2409 3668 2483; baseline -0.001 -17"><span class='ocrx_word' id='word_1_607' title='bbox 2011 2414 2119 2466; x_wconf 92' lang='lat' dir='ltr'><strong><em>aut</em></strong></span> <span class='ocrx_word' id='word_1_608' title='bbox 2145 2409 2332 2466; x_wconf 83' lang='lat' dir='ltr'><strong><em>filiam</em></strong></span> <span class='ocrx_word' id='word_1_609' title='bbox 2359 2424 2555 2477; x_wconf 92' lang='lat' dir='ltr'><strong><em>suam,</em></strong></span> <span class='ocrx_word' id='word_1_610' title='bbox 2588 2425 2699 2481; x_wconf 91' lang='lat' dir='ltr'><strong><em>pro</em></strong></span> <span class='ocrx_word' id='word_1_611' title='bbox 2727 2409 3049 2465; x_wconf 87' lang='lat' dir='ltr'><strong><em>homicidio</em></strong></span> <span class='ocrx_word' id='word_1_612' title='bbox 3081 2409 3289 2466; x_wconf 89' lang='lat' dir='ltr'><strong><em>decem</em></strong></span> <span class='ocrx_word' id='word_1_613' title='bbox 3322 2426 3515 2467; x_wconf 90' lang='lat' dir='ltr'><strong><em>annos</em></strong></span> <span class='ocrx_word' id='word_1_614' title='bbox 3540 2427 3668 2483; x_wconf 53' lang='lat' dir='ltr'><strong><em>pm-</em></strong></span> 
     </span>
    </p>
   </div>
   <div class='ocr_carea' id='block_1_91' title="bbox 2011 2498 2216 2556">
    <p class='ocr_par' dir='ltr' id='par_1_91' title="bbox 2011 2498 2216 2556">
     <span class='ocr_line' id='line_1_93' title="bbox 2011 2498 2216 2556; baseline 0 -1"><span class='ocrx_word' id='word_1_615' title='bbox 2011 2498 2216 2556; x_wconf 89' lang='lat' dir='ltr'><strong><em>niteat.</em></strong></span> 
     </span>
    </p>
   </div>
   <div class='ocr_carea' id='block_1_92' title="bbox 2162 2588 3506 2660">
    <p class='ocr_par' dir='ltr' id='par_1_92' title="bbox 2162 2588 3506 2660">
     <span class='ocr_line' id='line_1_94' title="bbox 2162 2588 3506 2660; baseline 0.001 -15"><span class='ocrx_word' id='word_1_616' title='bbox 2162 2590 2251 2645; x_wconf 89' lang='lat' dir='ltr'><strong><em>De</em></strong></span> <span class='ocrx_word' id='word_1_617' title='bbox 2279 2588 2482 2645; x_wconf 88' lang='lat' dir='ltr'><strong><em>eadem</em></strong></span> <span class='ocrx_word' id='word_1_618' title='bbox 2510 2604 2593 2645; x_wconf 87' lang='lat' dir='ltr'><strong><em>re.</em></strong></span> <span class='ocrx_word' id='word_1_619' title='bbox 2622 2589 2722 2644; x_wconf 71' lang='lat' dir='ltr'><strong><em>Er</em></strong></span> <span class='ocrx_word' id='word_1_620' title='bbox 2749 2589 3002 2645; x_wconf 84' lang='lat' dir='ltr'><strong><em>concilio</em></strong></span> <span class='ocrx_word' id='word_1_621' title='bbox 3024 2590 3506 2660; x_wconf 85' lang='lat' dir='ltr'><strong><em>Rothomagensi.</em></strong></span> 
     </span>
    </p>
   </div>
   <div class='ocr_carea' id='block_1_93' title="bbox 2086 2678 3667 2754">
    <p class='ocr_par' dir='ltr' id='par_1_93' title="bbox 2086 2678 3667 2754">
     <span class='ocr_line' id='line_1_95' title="bbox 2086 2678 3667 2754; baseline 0.002 -19"><span class='ocrx_word' id='word_1_622' title='bbox 2086 2681 2306 2736; x_wconf 89' lang='lat' dir='ltr'><strong><em>LXVIII.</em></strong></span> <span class='ocrx_word' id='word_1_623' title='bbox 2338 2680 2681 2747; x_wconf 74' lang='lat' dir='ltr'><strong><em>(Buncmnn.</em></strong></span> <span class='ocrx_word' id='word_1_624' title='bbox 2709 2678 2810 2734; x_wconf 88' lang='lat' dir='ltr'><strong><em>lib.</em></strong></span> <span class='ocrx_word' id='word_1_625' title='bbox 2838 2695 2978 2747; x_wconf 78' lang='lat' dir='ltr'><strong><em>xvu,</em></strong></span> <span class='ocrx_word' id='word_1_626' title='bbox 3012 2694 3063 2735; x_wconf 93' lang='lat' dir='ltr'><strong><em>c.</em></strong></span> <span class='ocrx_word' id='word_1_627' title='bbox 3097 2683 3163 2735; x_wconf 78' lang='lat'><strong>52</strong></span> <span class='ocrx_word' id='word_1_628' title='bbox 3195 2697 3208 2748; x_wconf 91' lang='lat'><strong><em>;</em></strong></span> <span class='ocrx_word' id='word_1_629' title='bbox 3261 2684 3381 2747; x_wconf 91' lang='lat' dir='ltr'><strong><em>lvo,</em></strong></span> <span class='ocrx_word' id='word_1_630' title='bbox 3415 2686 3582 2754; x_wconf 87' lang='lat' dir='ltr'><strong><em>parte</em></strong></span> <span class='ocrx_word' id='word_1_631' title='bbox 3609 2699 3667 2750; x_wconf 82' lang='lat' dir='ltr'><strong><em>x,</em></strong></span> 
     </span>
    </p>
   </div>
   <div class='ocr_carea' id='block_1_94' title="bbox 2014 2767 3670 2842">
    <p class='ocr_par' dir='ltr' id='par_1_94' title="bbox 2014 2767 3670 2842">
     <span class='ocr_line' id='line_1_96' title="bbox 2014 2767 3670 2842; baseline 0.003 -19"><span class='ocrx_word' id='word_1_632' title='bbox 2014 2784 2065 2824; x_wconf 90' lang='lat' dir='ltr'><strong><em>c.</em></strong></span> <span class='ocrx_word' id='word_1_633' title='bbox 2103 2772 2247 2833; x_wconf 85' lang='lat' dir='ltr'><strong><em>I03.)</em></strong></span> <span class='ocrx_word' id='word_1_634' title='bbox 2283 2770 2431 2825; x_wconf 90' lang='lat' dir='ltr'><strong><em>Sunt</em></strong></span> <span class='ocrx_word' id='word_1_635' title='bbox 2458 2768 2740 2842; x_wconf 61' lang='lat' dir='ltr'><strong><em>quadam</em></strong></span> <span class='ocrx_word' id='word_1_636' title='bbox 2796 2767 3096 2836; x_wconf 90' lang='lat' dir='ltr'><strong><em>mulieres,</em></strong></span> <span class='ocrx_word' id='word_1_637' title='bbox 3145 2773 3209 2825; x_wconf 91' lang='lat' dir='ltr'><strong><em>ut</em></strong></span> <span class='ocrx_word' id='word_1_638' title='bbox 3264 2769 3343 2825; x_wconf 90' lang='lat' dir='ltr'><strong><em>ad</em></strong></span> <span class='ocrx_word' id='word_1_639' title='bbox 3396 2771 3670 2827; x_wconf 88' lang='lat' dir='ltr'><strong><em>notitiam</em></strong></span> 
     </span>
    </p>
   </div>
   <div class='ocr_carea' id='block_1_95' title="bbox 2014 2856 3670 2930">
    <p class='ocr_par' dir='ltr' id='par_1_95' title="bbox 2014 2856 3670 2930">
     <span class='ocr_line' id='line_1_97' title="bbox 2014 2856 3670 2930; baseline 0.002 -18"><span class='ocrx_word' id='word_1_640' title='bbox 2014 2856 2204 2913; x_wconf 87' lang='lat' dir='ltr'><strong><em>sancti</em></strong></span> <span class='ocrx_word' id='word_1_641' title='bbox 2233 2856 2466 2913; x_wconf 87' lang='lat' dir='ltr'><strong><em>concilii</em></strong></span> <span class='ocrx_word' id='word_1_642' title='bbox 2494 2856 2783 2930; x_wconf 81' lang='lat' dir='ltr'><strong><em>pervenit,</em></strong></span> <span class='ocrx_word' id='word_1_643' title='bbox 2814 2873 2952 2929; x_wconf 67' lang='lat' dir='ltr'><strong><em>quae</em></strong></span> <span class='ocrx_word' id='word_1_644' title='bbox 2982 2873 3053 2913; x_wconf 87' lang='lat' dir='ltr'><strong><em>ex</em></strong></span> <span class='ocrx_word' id='word_1_645' title='bbox 3081 2857 3474 2916; x_wconf 86' lang='lat' dir='ltr'><strong><em>fornicatione</em></strong></span> <span class='ocrx_word' id='word_1_646' title='bbox 3531 2876 3670 2916; x_wconf 85' lang='lat' dir='ltr'><strong><em>eon-</em></strong></span> 
     </span>
    </p>
   </div>
   <div class='ocr_carea' id='block_1_96' title="bbox 2013 2945 3671 3022">
    <p class='ocr_par' dir='ltr' id='par_1_96' title="bbox 2013 2945 3671 3022">
     <span class='ocr_line' id='line_1_98' title="bbox 2013 2945 3671 3022; baseline 0.001 -20"><span class='ocrx_word' id='word_1_647' title='bbox 2013 2945 2318 3020; x_wconf 89' lang='lat' dir='ltr'><strong><em>cipientes,</em></strong></span> <span class='ocrx_word' id='word_1_648' title='bbox 2350 2949 2700 3013; x_wconf 87' lang='lat' dir='ltr'><strong><em>metuentes,</em></strong></span> <span class='ocrx_word' id='word_1_649' title='bbox 2735 2961 2808 3001; x_wconf 90' lang='lat' dir='ltr'><strong><em>ne</em></strong></span> <span class='ocrx_word' id='word_1_650' title='bbox 2839 2945 3032 3002; x_wconf 84' lang='lat' dir='ltr'><strong><em>scelus</em></strong></span> <span class='ocrx_word' id='word_1_651' title='bbox 3075 2946 3241 3018; x_wconf 92' lang='lat' dir='ltr'><strong><em>quod</em></strong></span> <span class='ocrx_word' id='word_1_652' title='bbox 3289 2947 3517 3004; x_wconf 91' lang='lat' dir='ltr'><strong><em>occulte</em></strong></span> <span class='ocrx_word' id='word_1_653' title='bbox 3541 2965 3671 3022; x_wconf 88' lang='lat' dir='ltr'><strong><em>per-</em></strong></span> 
     </span>
    </p>
   </div>
   <div class='ocr_carea' id='block_1_97' title="bbox 2011 3034 3669 3112">
    <p class='ocr_par' dir='ltr' id='par_1_97' title="bbox 2011 3034 3669 3112">
     <span class='ocr_line' id='line_1_99' title="bbox 2011 3034 3669 3112; baseline 0.001 -21"><span class='ocrx_word' id='word_1_654' title='bbox 2011 3039 2322 3109; x_wconf 77' lang='lat' dir='ltr'><strong><em>patrarunt</em></strong></span> <span class='ocrx_word' id='word_1_655' title='bbox 2341 3034 2725 3091; x_wconf 89' lang='lat' dir='ltr'><strong><em>manifestum</em></strong></span> <span class='ocrx_word' id='word_1_656' title='bbox 2755 3034 2939 3103; x_wconf 86' lang='lat' dir='ltr'><strong><em>ﬁeret,</em></strong></span> <span class='ocrx_word' id='word_1_657' title='bbox 2974 3035 3231 3092; x_wconf 88' lang='lat' dir='ltr'><strong><em>infantes</em></strong></span> <span class='ocrx_word' id='word_1_658' title='bbox 3268 3053 3425 3110; x_wconf 89' lang='lat' dir='ltr'><strong><em>quos</em></strong></span> <span class='ocrx_word' id='word_1_659' title='bbox 3456 3055 3669 3112; x_wconf 86' lang='lat' dir='ltr'><strong><em>perpe-</em></strong></span> 
     </span>
    </p>
   </div>
   <div class='ocr_carea' id='block_1_98' title="bbox 2011 3125 3667 3201">
    <p class='ocr_par' dir='ltr' id='par_1_98' title="bbox 2011 3125 3667 3201">
     <span class='ocr_line' id='line_1_100' title="bbox 2011 3125 3667 3201; baseline 0.002 -20"><span class='ocrx_word' id='word_1_660' title='bbox 2011 3130 2218 3183; x_wconf 86' lang='lat' dir='ltr'><strong><em>rerunt</em></strong></span> <span class='ocrx_word' id='word_1_661' title='bbox 2240 3125 2604 3193; x_wconf 90' lang='lat' dir='ltr'><strong><em>occiderunt,</em></strong></span> <span class='ocrx_word' id='word_1_662' title='bbox 2629 3130 2686 3181; x_wconf 91' lang='lat' dir='ltr'><strong><em>et</em></strong></span> <span class='ocrx_word' id='word_1_663' title='bbox 2710 3129 2879 3181; x_wconf 64' lang='lat' dir='ltr'><strong><em>terra:</em></strong></span> <span class='ocrx_word' id='word_1_664' title='bbox 2901 3125 3178 3197; x_wconf 87' lang='lat' dir='ltr'><strong><em>congerie</em></strong></span> <span class='ocrx_word' id='word_1_665' title='bbox 3209 3134 3667 3201; x_wconf 90' lang='lat' dir='ltr'><strong><em>cooperuerunt,</em></strong></span> 
     </span>
    </p>
   </div>
   <div class='ocr_carea' id='block_1_99' title="bbox 2011 3214 3671 3289">
    <p class='ocr_par' dir='ltr' id='par_1_99' title="bbox 2011 3214 3671 3289">
     <span class='ocr_line' id='line_1_101' title="bbox 2011 3214 3671 3289; baseline 0 -18"><span class='ocrx_word' id='word_1_666' title='bbox 2011 3218 2117 3272; x_wconf 89' lang='lat' dir='ltr'><strong><em>aut</em></strong></span> <span class='ocrx_word' id='word_1_667' title='bbox 2159 3214 2222 3270; x_wconf 91' lang='lat' dir='ltr'><strong><em>in</em></strong></span> <span class='ocrx_word' id='word_1_668' title='bbox 2274 3230 2465 3287; x_wconf 90' lang='lat' dir='ltr'><strong><em>aquas</em></strong></span> <span class='ocrx_word' id='word_1_669' title='bbox 2512 3215 2909 3288; x_wconf 87' lang='lat' dir='ltr'><strong><em>projecerunt.</em></strong></span> <span class='ocrx_word' id='word_1_670' title='bbox 2962 3214 3134 3281; x_wconf 87' lang='lat' dir='ltr'><strong><em>Quod</em></strong></span> <span class='ocrx_word' id='word_1_671' title='bbox 3176 3223 3473 3289; x_wconf 90' lang='lat' dir='ltr'><strong><em>quantum</em></strong></span> <span class='ocrx_word' id='word_1_672' title='bbox 3502 3217 3671 3273; x_wconf 89' lang='lat' dir='ltr'><strong><em>nefas</em></strong></span> 
     </span>
    </p>
   </div>
   <div class='ocr_carea' id='block_1_100' title="bbox 2012 3302 3673 3379">
    <p class='ocr_par' dir='ltr' id='par_1_100' title="bbox 2012 3302 3673 3379">
     <span class='ocr_line' id='line_1_102' title="bbox 2012 3302 3673 3379; baseline 0.001 -20"><span class='ocrx_word' id='word_1_673' title='bbox 2012 3303 2103 3371; x_wconf 92' lang='lat' dir='ltr'><strong><em>sit,</em></strong></span> <span class='ocrx_word' id='word_1_674' title='bbox 2137 3319 2401 3359; x_wconf 86' lang='lat' dir='ltr'><strong><em>canones</em></strong></span> <span class='ocrx_word' id='word_1_675' title='bbox 2434 3302 2754 3375; x_wconf 78' lang='lat' dir='ltr'><strong><em>Ancyrani,</em></strong></span> <span class='ocrx_word' id='word_1_676' title='bbox 2787 3302 3147 3371; x_wconf 83' lang='lat' dir='ltr'><strong><em>Eliberitani,</em></strong></span> <span class='ocrx_word' id='word_1_677' title='bbox 3174 3309 3353 3379; x_wconf 89' lang='lat' dir='ltr'><strong><em>atque</em></strong></span> <span class='ocrx_word' id='word_1_678' title='bbox 3372 3305 3673 3361; x_wconf 85' lang='lat' dir='ltr'><strong><em>Hilerden-</em></strong></span> 
     </span>
    </p>
   </div>
   <div class='ocr_carea' id='block_1_101' title="bbox 2012 3390 3672 3465">
    <p class='ocr_par' dir='ltr' id='par_1_101' title="bbox 2012 3390 3672 3465">
     <span class='ocr_line' id='line_1_103' title="bbox 2012 3390 3672 3465; baseline 0.001 -19"><span class='ocrx_word' id='word_1_679' title='bbox 2012 3390 2093 3446; x_wconf 91' lang='lat' dir='ltr'><strong><em>sis</em></strong></span> <span class='ocrx_word' id='word_1_680' title='bbox 2151 3390 2383 3447; x_wconf 88' lang='lat' dir='ltr'><strong><em>concilii</em></strong></span> <span class='ocrx_word' id='word_1_681' title='bbox 2439 3395 2613 3447; x_wconf 85' lang='lat' dir='ltr'><strong><em>testes</em></strong></span> <span class='ocrx_word' id='word_1_682' title='bbox 2671 3397 2827 3448; x_wconf 88' lang='lat' dir='ltr'><strong><em>sunt.</em></strong></span> <span class='ocrx_word' id='word_1_683' title='bbox 2893 3391 2995 3447; x_wconf 86' lang='lat' dir='ltr'><strong><em>His</em></strong></span> <span class='ocrx_word' id='word_1_684' title='bbox 3044 3392 3247 3465; x_wconf 88' lang='lat' dir='ltr'><strong><em>itaque</em></strong></span> <span class='ocrx_word' id='word_1_685' title='bbox 3308 3394 3405 3449; x_wconf 81' lang='lat' dir='ltr'><strong><em>vix</em></strong></span> <span class='ocrx_word' id='word_1_686' title='bbox 3458 3394 3518 3449; x_wconf 89' lang='lat' dir='ltr'><strong><em>in</em></strong></span> <span class='ocrx_word' id='word_1_687' title='bbox 3551 3393 3672 3448; x_wconf 83' lang='lat' dir='ltr'><strong><em>fine</em></strong></span> 
     </span>
    </p>
   </div>
   <div class='ocr_carea' id='block_1_102' title="bbox 2010 3478 3672 3537">
    <p class='ocr_par' dir='ltr' id='par_1_102' title="bbox 2010 3478 3672 3537">
     <span class='ocr_line' id='line_1_104' title="bbox 2010 3478 3672 3537; baseline 0 -2"><span class='ocrx_word' id='word_1_688' title='bbox 2010 3478 2279 3536; x_wconf 87' lang='lat' dir='ltr'><strong><em>dandam</em></strong></span> <span class='ocrx_word' id='word_1_689' title='bbox 2341 3495 2475 3535; x_wconf 83' lang='lat' dir='ltr'><strong><em>esse</em></strong></span> <span class='ocrx_word' id='word_1_690' title='bbox 2541 3480 3055 3536; x_wconf 57' lang='lat' dir='ltr'><strong><em>communionem</em></strong></span> <span class='ocrx_word' id='word_1_691' title='bbox 3129 3481 3477 3536; x_wconf 88' lang='lat' dir='ltr'><strong><em>decernunt.</em></strong></span> <span class='ocrx_word' id='word_1_692' title='bbox 3558 3481 3672 3537; x_wconf 88' lang='lat' dir='ltr'><strong><em>Sed</em></strong></span> 
     </span>
    </p>
   </div>
   <div class='ocr_carea' id='block_1_103' title="bbox 2011 3567 3673 3641">
    <p class='ocr_par' dir='ltr' id='par_1_103' title="bbox 2011 3567 3673 3641">
     <span class='ocr_line' id='line_1_105' title="bbox 2011 3567 3673 3641; baseline 0 -17"><span class='ocrx_word' id='word_1_693' title='bbox 2011 3568 2337 3624; x_wconf 89' lang='lat' dir='ltr'><strong><em>humanius</em></strong></span> <span class='ocrx_word' id='word_1_694' title='bbox 2414 3572 2759 3630; x_wconf 86' lang='lat' dir='ltr'><strong><em>tractantes.</em></strong></span> <span class='ocrx_word' id='word_1_695' title='bbox 2844 3573 2984 3640; x_wconf 90' lang='lat' dir='ltr'><strong><em>post</em></strong></span> <span class='ocrx_word' id='word_1_696' title='bbox 3062 3567 3395 3624; x_wconf 70' lang='lat' dir='ltr'><strong><em>de&#39;cennem</em></strong></span> <span class='ocrx_word' id='word_1_697' title='bbox 3483 3568 3673 3641; x_wconf 63' lang='lat' dir='ltr'><strong><em>paeni-</em></strong></span> 
     </span>
    </p>
   </div>
   <div class='ocr_carea' id='block_1_104' title="bbox 2012 3655 3670 3728">
    <p class='ocr_par' dir='ltr' id='par_1_104' title="bbox 2012 3655 3670 3728">
     <span class='ocr_line' id='line_1_106' title="bbox 2012 3655 3670 3728; baseline -0.002 -14"><span class='ocrx_word' id='word_1_698' title='bbox 2012 3657 2259 3714; x_wconf 86' lang='lat' dir='ltr'><strong><em>tentiam</em></strong></span> <span class='ocrx_word' id='word_1_699' title='bbox 2337 3656 2486 3711; x_wconf 90' lang='lat' dir='ltr'><strong><em>tales</em></strong></span> <span class='ocrx_word' id='word_1_700' title='bbox 2560 3655 2785 3728; x_wconf 89' lang='lat' dir='ltr'><strong><em>placuit</em></strong></span> <span class='ocrx_word' id='word_1_701' title='bbox 2858 3656 2935 3711; x_wconf 89' lang='lat' dir='ltr'><strong><em>ad</em></strong></span> <span class='ocrx_word' id='word_1_702' title='bbox 3014 3656 3507 3712; x_wconf 80' lang='lat' dir='ltr'><strong><em>communioneu</em></strong></span> <span class='ocrx_word' id='word_1_703' title='bbox 3579 3673 3670 3711; x_wconf 82' lang='lat' dir='ltr'><strong><em>re-</em></strong></span> 
     </span>
    </p>
   </div>
   <div class='ocr_carea' id='block_1_105' title="bbox 2013 3744 2148 3820">
    <p class='ocr_par' dir='ltr' id='par_1_105' title="bbox 2013 3744 2148 3820">
     <span class='ocr_line' id='line_1_107' title="bbox 2013 3744 2148 3820; baseline -0.007 -18"><span class='ocrx_word' id='word_1_704' title='bbox 2013 3744 2148 3820; x_wconf 87' lang='lat' dir='ltr'><strong><em>cipi.</em></strong></span> 
     </span>
    </p>
   </div>
   <div class='ocr_carea' id='block_1_106' title="bbox 2021 3832 3675 3905">
    <p class='ocr_par' dir='ltr' id='par_1_106' title="bbox 2021 3832 3675 3905">
     <span class='ocr_line' id='line_1_108' title="bbox 2021 3832 3675 3905; baseline -0.002 -13"><span class='ocrx_word' id='word_1_705' title='bbox 2021 3836 2095 3892; x_wconf 90' lang='lat' dir='ltr'><strong><em>Ut</em></strong></span> <span class='ocrx_word' id='word_1_706' title='bbox 2116 3840 2257 3891; x_wconf 87' lang='lat' dir='ltr'><strong><em>ante</em></strong></span> <span class='ocrx_word' id='word_1_707' title='bbox 2275 3835 2537 3905; x_wconf 86' lang='lat' dir='ltr'><strong><em>januam</em></strong></span> <span class='ocrx_word' id='word_1_708' title='bbox 2577 3832 2839 3889; x_wconf 59' lang='lat' dir='ltr'><strong><em>ecclesia;</em></strong></span> <span class='ocrx_word' id='word_1_709' title='bbox 2868 3832 3138 3905; x_wconf 82' lang='lat' dir='ltr'><strong><em>adulteri</em></strong></span> <span class='ocrx_word' id='word_1_710' title='bbox 3181 3833 3446 3903; x_wconf 83' lang='lat' dir='ltr'><strong><em>infantes</em></strong></span> <span class='ocrx_word' id='word_1_711' title='bbox 3500 3847 3675 3903; x_wconf 73' lang='lat' dir='ltr'><strong><em>erepo-</em></strong></span> 
     </span>
    </p>
   </div>
   <div class='ocr_carea' id='block_1_107' title="bbox 2526 3904 3158 3962">
    <p class='ocr_par' dir='ltr' id='par_1_107' title="bbox 2526 3904 3158 3962">
     <span class='ocr_line' id='line_1_109' title="bbox 2526 3904 3158 3962; baseline 0.002 -2"><span class='ocrx_word' id='word_1_712' title='bbox 2526 3908 2776 3961; x_wconf 87' lang='lat' dir='ltr'><strong><em>nantur.</em></strong></span> <span class='ocrx_word' id='word_1_713' title='bbox 2811 3905 2911 3962; x_wconf 73' lang='lat' dir='ltr'><strong><em>Ex</em></strong></span> <span class='ocrx_word' id='word_1_714' title='bbox 2939 3904 3158 3962; x_wconf 86' lang='lat' dir='ltr'><strong><em>eodem.</em></strong></span> 
     </span>
    </p>
   </div>
   <div class='ocr_carea' id='block_1_108' title="bbox 2086 4009 3675 4087">
    <p class='ocr_par' dir='ltr' id='par_1_108' title="bbox 2086 4009 3675 4087">
     <span class='ocr_line' id='line_1_110' title="bbox 2086 4009 3675 4087; baseline 0 -18"><span class='ocrx_word' id='word_1_715' title='bbox 2086 4014 2255 4070; x_wconf 89' lang='lat' dir='ltr'><strong><em>LXIX.</em></strong></span> <span class='ocrx_word' id='word_1_716' title='bbox 2306 4012 2645 4083; x_wconf 72' lang='lat' dir='ltr'><strong><em>(BURCBARD.</em></strong></span> <span class='ocrx_word' id='word_1_717' title='bbox 2678 4009 2782 4067; x_wconf 91' lang='lat' dir='ltr'><strong><em>lib.</em></strong></span> <span class='ocrx_word' id='word_1_718' title='bbox 2818 4028 2895 4083; x_wconf 83' lang='grc' dir='ltr'>ιιι,</span> <span class='ocrx_word' id='word_1_719' title='bbox 2928 4027 3062 4085; x_wconf 90' lang='lat' dir='ltr'><strong><em>cap.</em></strong></span> <span class='ocrx_word' id='word_1_720' title='bbox 3096 4012 3245 4084; x_wconf 84' lang='lat'><strong><em>200.)</em></strong></span> <span class='ocrx_word' id='word_1_721' title='bbox 3296 4011 3479 4083; x_wconf 86' lang='lat' dir='ltr'><strong><em>Igitur</em></strong></span> <span class='ocrx_word' id='word_1_722' title='bbox 3528 4011 3675 4087; x_wconf 92' lang='lat' dir='ltr'><strong><em>quia</em></strong></span> 
     </span>
    </p>
   </div>
   <div class='ocr_carea' id='block_1_109' title="bbox 2008 4100 3670 4173">
    <p class='ocr_par' dir='ltr' id='par_1_109' title="bbox 2008 4100 3670 4173">
     <span class='ocr_line' id='line_1_111' title="bbox 2008 4100 3670 4173; baseline 0 -14"><span class='ocrx_word' id='word_1_723' title='bbox 2008 4100 2257 4159; x_wconf 86' lang='lat' dir='ltr'><strong><em>diabolo</em></strong></span> <span class='ocrx_word' id='word_1_724' title='bbox 2278 4100 2589 4167; x_wconf 90' lang='lat' dir='ltr'><strong><em>suadente,</em></strong></span> <span class='ocrx_word' id='word_1_725' title='bbox 2622 4104 2680 4157; x_wconf 92' lang='lat' dir='ltr'><strong><em>et</em></strong></span> <span class='ocrx_word' id='word_1_726' title='bbox 2708 4102 2905 4157; x_wconf 88' lang='lat' dir='ltr'><strong><em>carnis</em></strong></span> <span class='ocrx_word' id='word_1_727' title='bbox 2951 4101 3264 4173; x_wconf 88' lang='lat' dir='ltr'><strong><em>fragilitate</em></strong></span> <span class='ocrx_word' id='word_1_728' title='bbox 3320 4102 3670 4172; x_wconf 82' lang='lat' dir='ltr'><strong><em>delectante,</em></strong></span> 
     </span>
    </p>
   </div>
   <div class='ocr_carea' id='block_1_110' title="bbox 2013 4186 3669 4265">
    <p class='ocr_par' dir='ltr' id='par_1_110' title="bbox 2013 4186 3669 4265">
     <span class='ocr_line' id='line_1_112' title="bbox 2013 4186 3669 4265; baseline 0 -18"><span class='ocrx_word' id='word_1_729' title='bbox 2013 4194 2073 4247; x_wconf 93' lang='lat' dir='ltr'><strong><em>et</em></strong></span> <span class='ocrx_word' id='word_1_730' title='bbox 2098 4189 2236 4246; x_wconf 91' lang='lat' dir='ltr'><strong><em>ideo</em></strong></span> <span class='ocrx_word' id='word_1_731' title='bbox 2265 4186 2690 4259; x_wconf 87' lang='lat' dir='ltr'><strong><em>consentiente,</em></strong></span> <span class='ocrx_word' id='word_1_732' title='bbox 2723 4190 3024 4247; x_wconf 87' lang='lat' dir='ltr'><strong><em>multoties</em></strong></span> <span class='ocrx_word' id='word_1_733' title='bbox 3057 4190 3202 4247; x_wconf 90' lang='lat' dir='ltr'><strong><em>talia</em></strong></span> <span class='ocrx_word' id='word_1_734' title='bbox 3232 4196 3669 4265; x_wconf 86' lang='lat' dir='ltr'><strong><em>perpetrantur,</em></strong></span> 
     </span>
    </p>
   </div>
   <div class='ocr_carea' id='block_1_111' title="bbox 2014 4279 3673 4354">
    <p class='ocr_par' dir='ltr' id='par_1_111' title="bbox 2014 4279 3673 4354">
     <span class='ocr_line' id='line_1_113' title="bbox 2014 4279 3673 4354; baseline 0 -17"><span class='ocrx_word' id='word_1_735' title='bbox 2014 4280 2151 4337; x_wconf 90' lang='lat' dir='ltr'><strong><em>ideo</em></strong></span> <span class='ocrx_word' id='word_1_736' title='bbox 2171 4295 2243 4336; x_wconf 79' lang='lat' dir='ltr'><strong><em>ex</em></strong></span> <span class='ocrx_word' id='word_1_737' title='bbox 2278 4279 2458 4351; x_wconf 77' lang='lat'><strong>239</strong></span> <span class='ocrx_word' id='word_1_738' title='bbox 2491 4294 2612 4336; x_wconf 92' lang='lat' dir='ltr'><strong><em>una</em></strong></span> <span class='ocrx_word' id='word_1_739' title='bbox 2638 4280 2943 4337; x_wconf 90' lang='lat' dir='ltr'><strong><em>mortifera</em></strong></span> <span class='ocrx_word' id='word_1_740' title='bbox 2967 4281 3210 4354; x_wconf 90' lang='lat' dir='ltr'><strong><em>potione</em></strong></span> <span class='ocrx_word' id='word_1_741' title='bbox 3247 4282 3429 4339; x_wconf 89' lang='lat' dir='ltr'><strong><em>aliam</em></strong></span> <span class='ocrx_word' id='word_1_742' title='bbox 3459 4287 3673 4339; x_wconf 90' lang='lat' dir='ltr'><strong><em>utcun-</em></strong></span> 
     </span>
    </p>
   </div>
   <div class='ocr_carea' id='block_1_112' title="bbox 2016 4367 3673 4445">
    <p class='ocr_par' dir='ltr' id='par_1_112' title="bbox 2016 4367 3673 4445">
     <span class='ocr_line' id='line_1_114' title="bbox 2016 4367 3673 4445; baseline 0 -20"><span class='ocrx_word' id='word_1_743' title='bbox 2016 4385 2135 4445; x_wconf 89' lang='lat' dir='ltr'><strong><em>que</em></strong></span> <span class='ocrx_word' id='word_1_744' title='bbox 2163 4367 2391 4425; x_wconf 88' lang='lat' dir='ltr'><strong><em>mederi</em></strong></span> <span class='ocrx_word' id='word_1_745' title='bbox 2414 4368 2743 4441; x_wconf 89' lang='lat' dir='ltr'><strong><em>cupientes,</em></strong></span> <span class='ocrx_word' id='word_1_746' title='bbox 2770 4386 2845 4426; x_wconf 90' lang='lat' dir='ltr'><strong><em>ne</em></strong></span> <span class='ocrx_word' id='word_1_747' title='bbox 2877 4371 3211 4439; x_wconf 78' lang='lat' dir='ltr'><strong><em>geminatur</em></strong></span> <span class='ocrx_word' id='word_1_748' title='bbox 3231 4372 3428 4426; x_wconf 92' lang='lat' dir='ltr'><strong><em>scelus</em></strong></span> <span class='ocrx_word' id='word_1_749' title='bbox 3446 4370 3673 4426; x_wconf 88' lang='lat' dir='ltr'><strong><em>adulte-</em></strong></span> 
     </span>
    </p>
   </div>
   <div class='ocr_carea' id='block_1_113' title="bbox 2014 4456 3673 4530">
    <p class='ocr_par' dir='ltr' id='par_1_113' title="bbox 2014 4456 3673 4530">
     <span class='ocr_line' id='line_1_115' title="bbox 2014 4456 3673 4530; baseline -0.002 -14"><span class='ocrx_word' id='word_1_750' title='bbox 2014 4459 2085 4516; x_wconf 89' lang='lat' dir='ltr'><strong><em>rii</em></strong></span> <span class='ocrx_word' id='word_1_751' title='bbox 2115 4463 2171 4515; x_wconf 90' lang='lat' dir='ltr'><strong><em>et</em></strong></span> <span class='ocrx_word' id='word_1_752' title='bbox 2200 4456 2527 4526; x_wconf 90' lang='lat' dir='ltr'><strong><em>homicidii,</em></strong></span> <span class='ocrx_word' id='word_1_753' title='bbox 2558 4458 2778 4515; x_wconf 90' lang='lat' dir='ltr'><strong><em>damus</em></strong></span> <span class='ocrx_word' id='word_1_754' title='bbox 2804 4459 3120 4515; x_wconf 89' lang='lat' dir='ltr'><strong><em>consilium</em></strong></span> <span class='ocrx_word' id='word_1_755' title='bbox 3150 4462 3216 4514; x_wconf 90' lang='lat' dir='ltr'><strong><em>ut</em></strong></span> <span class='ocrx_word' id='word_1_756' title='bbox 3254 4458 3673 4530; x_wconf 89' lang='lat' dir='ltr'><strong><em>unusquisque</em></strong></span> 
     </span>
    </p>
   </div>
   <div class='ocr_carea' id='block_1_114' title="bbox 2016 4546 3674 4621">
    <p class='ocr_par' dir='ltr' id='par_1_114' title="bbox 2016 4546 3674 4621">
     <span class='ocr_line' id='line_1_116' title="bbox 2016 4546 3674 4621; baseline -0.002 -16"><span class='ocrx_word' id='word_1_757' title='bbox 2016 4546 2297 4605; x_wconf 90' lang='lat' dir='ltr'><strong><em>sacerdos</em></strong></span> <span class='ocrx_word' id='word_1_758' title='bbox 2325 4546 2387 4603; x_wconf 93' lang='lat' dir='ltr'><strong><em>in</em></strong></span> <span class='ocrx_word' id='word_1_759' title='bbox 2412 4563 2525 4605; x_wconf 89' lang='lat' dir='ltr'><strong><em>sua</em></strong></span> <span class='ocrx_word' id='word_1_760' title='bbox 2547 4547 2722 4620; x_wconf 90' lang='lat' dir='ltr'><strong><em>plebe</em></strong></span> <span class='ocrx_word' id='word_1_761' title='bbox 2749 4547 2987 4621; x_wconf 90' lang='lat' dir='ltr'><strong><em>publice</em></strong></span> <span class='ocrx_word' id='word_1_762' title='bbox 3012 4546 3321 4603; x_wconf 89' lang='lat' dir='ltr'><strong><em>annuntiet</em></strong></span> <span class='ocrx_word' id='word_1_763' title='bbox 3350 4550 3414 4602; x_wconf 92' lang='lat' dir='ltr'><strong><em>ut</em></strong></span> <span class='ocrx_word' id='word_1_764' title='bbox 3470 4546 3520 4602; x_wconf 90' lang='lat' dir='ltr'><strong><em>si</em></strong></span> <span class='ocrx_word' id='word_1_765' title='bbox 3572 4546 3674 4602; x_wconf 89' lang='lat' dir='ltr'><strong><em>ali-</em></strong></span> 
     </span>
    </p>
   </div>
   <div class='ocr_carea' id='block_1_115' title="bbox 2014 4634 3676 4711">
    <p class='ocr_par' dir='ltr' id='par_1_115' title="bbox 2014 4634 3676 4711">
     <span class='ocr_line' id='line_1_117' title="bbox 2014 4634 3676 4711; baseline -0.002 -17"><span class='ocrx_word' id='word_1_766' title='bbox 2014 4654 2140 4711; x_wconf 90' lang='lat' dir='ltr'><strong><em>qua</em></strong></span> <span class='ocrx_word' id='word_1_767' title='bbox 2169 4634 2393 4692; x_wconf 88' lang='lat' dir='ltr'><strong><em>femina</em></strong></span> <span class='ocrx_word' id='word_1_768' title='bbox 2418 4635 2691 4692; x_wconf 91' lang='lat' dir='ltr'><strong><em>clanculo</em></strong></span> <span class='ocrx_word' id='word_1_769' title='bbox 2716 4639 2996 4708; x_wconf 88' lang='lat' dir='ltr'><strong><em>corrupta</em></strong></span> <span class='ocrx_word' id='word_1_770' title='bbox 3022 4634 3360 4707; x_wconf 89' lang='lat' dir='ltr'><strong><em>conceperit</em></strong></span> <span class='ocrx_word' id='word_1_771' title='bbox 3403 4639 3459 4690; x_wconf 92' lang='lat' dir='ltr'><strong><em>et</em></strong></span> <span class='ocrx_word' id='word_1_772' title='bbox 3498 4651 3676 4707; x_wconf 90' lang='lat' dir='ltr'><strong><em>pepe-</em></strong></span> 
     </span>
    </p>
   </div>
   <div class='ocr_carea' id='block_1_116' title="bbox 2015 4722 3678 4798">
    <p class='ocr_par' dir='ltr' id='par_1_116' title="bbox 2015 4722 3678 4798">
     <span class='ocr_line' id='line_1_118' title="bbox 2015 4722 3678 4798; baseline 0 -15"><span class='ocrx_word' id='word_1_773' title='bbox 2015 4726 2173 4794; x_wconf 87' lang='lat' dir='ltr'><strong><em>rerit,</em></strong></span> <span class='ocrx_word' id='word_1_774' title='bbox 2206 4740 2593 4798; x_wconf 89' lang='lat' dir='ltr'><strong><em>nequaquam</em></strong></span> <span class='ocrx_word' id='word_1_775' title='bbox 2625 4724 2869 4780; x_wconf 88' lang='lat' dir='ltr'><strong><em>diabolo</em></strong></span> <span class='ocrx_word' id='word_1_776' title='bbox 2922 4725 3268 4780; x_wconf 85' lang='lat' dir='ltr'><strong><em>cohortante</em></strong></span> <span class='ocrx_word' id='word_1_777' title='bbox 3325 4722 3516 4778; x_wconf 87' lang='lat' dir='ltr'><strong><em>ﬁlium</em></strong></span> <span class='ocrx_word' id='word_1_778' title='bbox 3573 4730 3678 4783; x_wconf 86' lang='lat' dir='ltr'><strong><em>aut</em></strong></span> 
     </span>
    </p>
   </div>
   <div class='ocr_carea' id='block_1_117' title="bbox 2017 4806 3678 4886">
    <p class='ocr_par' dir='ltr' id='par_1_117' title="bbox 2017 4806 3678 4886">
     <span class='ocr_line' id='line_1_119' title="bbox 2017 4806 3678 4886; baseline -0.001 -15"><span class='ocrx_word' id='word_1_779' title='bbox 2017 4815 2204 4871; x_wconf 81' lang='lat' dir='ltr'><strong><em>tiliam</em></strong></span> <span class='ocrx_word' id='word_1_780' title='bbox 2230 4830 2405 4870; x_wconf 88' lang='lat' dir='ltr'><strong><em>suam</em></strong></span> <span class='ocrx_word' id='word_1_781' title='bbox 2448 4813 2780 4882; x_wconf 80' lang='lat' dir='ltr'><strong><em>interficiat,</em></strong></span> <span class='ocrx_word' id='word_1_782' title='bbox 2833 4812 2938 4869; x_wconf 91' lang='lat' dir='ltr'><strong><em>sed</em></strong></span> <span class='ocrx_word' id='word_1_783' title='bbox 2988 4828 3353 4885; x_wconf 87' lang='lat' dir='ltr'><strong><em>quocunque</em></strong></span> <span class='ocrx_word' id='word_1_784' title='bbox 3392 4806 3678 4886; x_wconf 61' lang='lat' dir='ltr'><strong><em>praevalet</em></strong></span> 
     </span>
    </p>
   </div>
   <div class='ocr_carea' id='block_1_118' title="bbox 2017 4900 3676 4974">
    <p class='ocr_par' dir='ltr' id='par_1_118' title="bbox 2017 4900 3676 4974">
     <span class='ocr_line' id='line_1_120' title="bbox 2017 4900 3676 4974; baseline -0.001 -15"><span class='ocrx_word' id='word_1_785' title='bbox 2017 4901 2279 4973; x_wconf 89' lang='lat' dir='ltr'><strong><em>ingenio,</em></strong></span> <span class='ocrx_word' id='word_1_786' title='bbox 2308 4905 2444 4958; x_wconf 90' lang='lat' dir='ltr'><strong><em>ante</em></strong></span> <span class='ocrx_word' id='word_1_787' title='bbox 2488 4901 2711 4973; x_wconf 90' lang='lat' dir='ltr'><strong><em>januas</em></strong></span> <span class='ocrx_word' id='word_1_788' title='bbox 2762 4900 3024 4957; x_wconf 72' lang='lat' dir='ltr'><strong><em>ecclesiae</em></strong></span> <span class='ocrx_word' id='word_1_789' title='bbox 3077 4902 3317 4974; x_wconf 88' lang='lat' dir='ltr'><strong><em>partum</em></strong></span> <span class='ocrx_word' id='word_1_790' title='bbox 3374 4901 3676 4974; x_wconf 81' lang='lat' dir='ltr'><strong><em>deportari</em></strong></span> 
     </span>
    </p>
   </div>
   <div class='ocr_carea' id='block_1_119' title="bbox 2020 4988 3678 5063">
    <p class='ocr_par' dir='ltr' id='par_1_119' title="bbox 2020 4988 3678 5063">
     <span class='ocr_line' id='line_1_121' title="bbox 2020 4988 3678 5063; baseline 0 -15"><span class='ocrx_word' id='word_1_791' title='bbox 2020 4991 2219 5055; x_wconf 86' lang='lat' dir='ltr'><strong><em>faciat,</em></strong></span> <span class='ocrx_word' id='word_1_792' title='bbox 2249 4989 2453 5063; x_wconf 89' lang='lat' dir='ltr'><strong><em>ibique</em></strong></span> <span class='ocrx_word' id='word_1_793' title='bbox 2483 4988 2713 5063; x_wconf 88' lang='lat' dir='ltr'><strong><em>projici,</em></strong></span> <span class='ocrx_word' id='word_1_794' title='bbox 2749 4994 2813 5045; x_wconf 91' lang='lat' dir='ltr'><strong><em>ut</em></strong></span> <span class='ocrx_word' id='word_1_795' title='bbox 2842 5005 3044 5045; x_wconf 91' lang='lat' dir='ltr'><strong><em>coram</em></strong></span> <span class='ocrx_word' id='word_1_796' title='bbox 3076 4988 3383 5046; x_wconf 86' lang='lat' dir='ltr'><strong><em>sacerdote</em></strong></span> <span class='ocrx_word' id='word_1_797' title='bbox 3412 4990 3473 5045; x_wconf 90' lang='lat' dir='ltr'><strong><em>in</em></strong></span> <span class='ocrx_word' id='word_1_798' title='bbox 3522 5006 3678 5048; x_wconf 90' lang='lat' dir='ltr'><strong><em>cras-</em></strong></span> 
     </span>
    </p>
   </div>
   <div class='ocr_carea' id='block_1_120' title="bbox 2019 5076 3677 5152">
    <p class='ocr_par' dir='ltr' id='par_1_120' title="bbox 2019 5076 3677 5152">
     <span class='ocr_line' id='line_1_122' title="bbox 2019 5076 3677 5152; baseline -0.001 -15"><span class='ocrx_word' id='word_1_799' title='bbox 2019 5081 2214 5137; x_wconf 90' lang='lat' dir='ltr'><strong><em>tinum</em></strong></span> <span class='ocrx_word' id='word_1_800' title='bbox 2239 5078 2495 5145; x_wconf 87' lang='lat' dir='ltr'><strong><em>delatus,</em></strong></span> <span class='ocrx_word' id='word_1_801' title='bbox 2522 5078 2600 5134; x_wconf 90' lang='lat' dir='ltr'><strong><em>ab</em></strong></span> <span class='ocrx_word' id='word_1_802' title='bbox 2620 5077 2824 5151; x_wconf 90' lang='lat' dir='ltr'><strong><em>aliquo</em></strong></span> <span class='ocrx_word' id='word_1_803' title='bbox 2853 5076 3013 5133; x_wconf 85' lang='lat' dir='ltr'><strong><em>ﬁdeli</em></strong></span> <span class='ocrx_word' id='word_1_804' title='bbox 3045 5077 3405 5152; x_wconf 86' lang='lat' dir='ltr'><strong><em>suscipiatur</em></strong></span> <span class='ocrx_word' id='word_1_805' title='bbox 3461 5083 3518 5135; x_wconf 90' lang='lat' dir='ltr'><strong><em>et</em></strong></span> <span class='ocrx_word' id='word_1_806' title='bbox 3563 5096 3677 5135; x_wconf 91' lang='lat' dir='ltr'><strong><em>nu-</em></strong></span> 
     </span>
    </p>
   </div>
   <div class='ocr_carea' id='block_1_121' title="bbox 2022 5167 3681 5238">
    <p class='ocr_par' dir='ltr' id='par_1_121' title="bbox 2022 5167 3681 5238">
     <span class='ocr_line' id='line_1_123' title="bbox 2022 5167 3681 5238; baseline -0.001 -12"><span class='ocrx_word' id='word_1_807' title='bbox 2022 5170 2251 5238; x_wconf 89' lang='lat' dir='ltr'><strong><em>triatur,</em></strong></span> <span class='ocrx_word' id='word_1_808' title='bbox 2302 5172 2360 5224; x_wconf 88' lang='lat' dir='ltr'><strong><em>et</em></strong></span> <span class='ocrx_word' id='word_1_809' title='bbox 2402 5167 2503 5224; x_wconf 89' lang='lat' dir='ltr'><strong><em>tali</em></strong></span> <span class='ocrx_word' id='word_1_810' title='bbox 2556 5183 2627 5222; x_wconf 82' lang='lat' dir='ltr'><strong><em>ex</em></strong></span> <span class='ocrx_word' id='word_1_811' title='bbox 2678 5183 2862 5223; x_wconf 91' lang='lat' dir='ltr'><strong><em>causa</em></strong></span> <span class='ocrx_word' id='word_1_812' title='bbox 2909 5167 3211 5223; x_wconf 77' lang='lat' dir='ltr'><strong><em>homicidii</em></strong></span> <span class='ocrx_word' id='word_1_813' title='bbox 3290 5174 3544 5237; x_wconf 87' lang='lat' dir='ltr'><strong><em>reatum,</em></strong></span> <span class='ocrx_word' id='word_1_814' title='bbox 3601 5175 3681 5237; x_wconf 90' lang='lat' dir='ltr'><strong><em>et,</em></strong></span> 
     </span>
    </p>
   </div>
   <div class='ocr_carea' id='block_1_122' title="bbox 2024 5255 3681 5332">
    <p class='ocr_par' dir='ltr' id='par_1_122' title="bbox 2024 5255 3681 5332">
     <span class='ocr_line' id='line_1_124' title="bbox 2024 5255 3681 5332; baseline -0.002 -18"><span class='ocrx_word' id='word_1_815' title='bbox 2024 5257 2190 5332; x_wconf 90' lang='lat' dir='ltr'><strong><em>quod</em></strong></span> <span class='ocrx_word' id='word_1_816' title='bbox 2234 5257 2431 5327; x_wconf 87' lang='lat' dir='ltr'><strong><em>majus</em></strong></span> <span class='ocrx_word' id='word_1_817' title='bbox 2496 5260 2604 5323; x_wconf 90' lang='lat' dir='ltr'><strong><em>est,</em></strong></span> <span class='ocrx_word' id='word_1_818' title='bbox 2687 5256 2988 5329; x_wconf 87' lang='lat' dir='ltr'><strong><em>parricidii</em></strong></span> <span class='ocrx_word' id='word_1_819' title='bbox 3047 5255 3283 5313; x_wconf 86' lang='lat' dir='ltr'><strong><em>evadat.</em></strong></span> <span class='ocrx_word' id='word_1_820' title='bbox 3354 5261 3500 5315; x_wconf 84' lang='lat' dir='ltr'><strong><em>Nam</em></strong></span> <span class='ocrx_word' id='word_1_821' title='bbox 3576 5257 3681 5330; x_wconf 89' lang='lat' dir='ltr'><strong><em>qui</em></strong></span> 
     </span>
    </p>
   </div>
   <div class='ocr_carea' id='block_1_123' title="bbox 2026 5343 3683 5418">
    <p class='ocr_par' dir='ltr' id='par_1_123' title="bbox 2026 5343 3683 5418">
     <span class='ocr_line' id='line_1_125' title="bbox 2026 5343 3683 5418; baseline -0.002 -17"><span class='ocrx_word' id='word_1_822' title='bbox 2026 5345 2219 5402; x_wconf 80' lang='lat' dir='ltr'><strong><em>tilium</em></strong></span> <span class='ocrx_word' id='word_1_823' title='bbox 2262 5349 2368 5399; x_wconf 91' lang='lat' dir='ltr'><strong><em>aut</em></strong></span> <span class='ocrx_word' id='word_1_824' title='bbox 2419 5343 2607 5400; x_wconf 83' lang='lat' dir='ltr'><strong><em>filiam</em></strong></span> <span class='ocrx_word' id='word_1_825' title='bbox 2638 5343 2931 5411; x_wconf 85' lang='lat' dir='ltr'><strong><em>interﬁcit,</em></strong></span> <span class='ocrx_word' id='word_1_826' title='bbox 2964 5344 3262 5418; x_wconf 88' lang='lat' dir='ltr'><strong><em>parricida</em></strong></span> <span class='ocrx_word' id='word_1_827' title='bbox 3315 5346 3683 5403; x_wconf 88' lang='lat' dir='ltr'><strong><em>omnimodis</em></strong></span> 
     </span>
    </p>
   </div>
   <div class='ocr_carea' id='block_1_124' title="bbox 2030 5437 2319 5492">
    <p class='ocr_par' dir='ltr' id='par_1_124' title="bbox 2030 5437 2319 5492">
     <span class='ocr_line' id='line_1_126' title="bbox 2030 5437 2319 5492; baseline -0.014 0"><span class='ocrx_word' id='word_1_828' title='bbox 2030 5437 2319 5492; x_wconf 88' lang='lat' dir='ltr'><strong><em>teneatur.</em></strong></span> 
     </span>
    </p>
   </div>
   <div class='ocr_carea' id='block_1_125' title="bbox 2031 5522 3683 5597">
    <p class='ocr_par' dir='ltr' id='par_1_125' title="bbox 2031 5522 3683 5597">
     <span class='ocr_line' id='line_1_127' title="bbox 2031 5522 3683 5597; baseline -0.002 -17"><span class='ocrx_word' id='word_1_829' title='bbox 2031 5528 2115 5580; x_wconf 88' lang='lat' dir='ltr'><strong><em>De</em></strong></span> <span class='ocrx_word' id='word_1_830' title='bbox 2143 5522 2343 5580; x_wconf 86' lang='lat' dir='ltr'><strong><em>eadem</em></strong></span> <span class='ocrx_word' id='word_1_831' title='bbox 2372 5538 2453 5579; x_wconf 84' lang='lat' dir='ltr'><strong><em>re.</em></strong></span> <span class='ocrx_word' id='word_1_832' title='bbox 2488 5525 2586 5580; x_wconf 68' lang='lat' dir='ltr'><strong><em>Er</em></strong></span> <span class='ocrx_word' id='word_1_833' title='bbox 2605 5526 2729 5597; x_wconf 86' lang='lat' dir='ltr'><strong><em>leqe</em></strong></span> <span class='ocrx_word' id='word_1_834' title='bbox 2761 5527 3189 5591; x_wconf 83' lang='lat' dir='ltr'><strong><em>Theodosiana,</em></strong></span> <span class='ocrx_word' id='word_1_835' title='bbox 3220 5526 3321 5580; x_wconf 83' lang='lat' dir='ltr'><strong><em>lib.</em></strong></span> <span class='ocrx_word' id='word_1_836' title='bbox 3356 5541 3412 5590; x_wconf 89' lang='lat' dir='ltr'><strong><em>v,</em></strong></span> <span class='ocrx_word' id='word_1_837' title='bbox 3467 5540 3598 5593; x_wconf 84' lang='lat' dir='ltr'><strong><em>cap.</em></strong></span> <span class='ocrx_word' id='word_1_838' title='bbox 3629 5527 3683 5577; x_wconf 87' lang='lat'><strong><em>7.</em></strong></span> 
     </span>
    </p>
   </div>
   <div class='ocr_carea' id='block_1_126' title="bbox 2104 5612 3679 5685">
    <p class='ocr_par' dir='ltr' id='par_1_126' title="bbox 2104 5612 3679 5685">
     <span class='ocr_line' id='line_1_128' title="bbox 2104 5612 3679 5685; baseline -0.004 -16"><span class='ocrx_word' id='word_1_839' title='bbox 2104 5615 2247 5670; x_wconf 89' lang='lat' dir='ltr'><strong><em>LXX.</em></strong></span> <span class='ocrx_word' id='word_1_840' title='bbox 2282 5614 2669 5685; x_wconf 86' lang='lat' dir='ltr'><strong><em>(Interpretat.</em></strong></span> <span class='ocrx_word' id='word_1_841' title='bbox 2712 5619 2756 5669; x_wconf 89' lang='lat' dir='ltr'><strong><em>I.</em></strong></span> <span class='ocrx_word' id='word_1_842' title='bbox 2784 5615 2928 5671; x_wconf 86' lang='lat' dir='ltr'><strong><em>Cod.</em></strong></span> <span class='ocrx_word' id='word_1_843' title='bbox 2968 5615 3245 5671; x_wconf 86' lang='lat' dir='ltr'><strong><em>Theodos.</em></strong></span> <span class='ocrx_word' id='word_1_844' title='bbox 3280 5615 3365 5670; x_wconf 90' lang='lat' dir='ltr'><strong><em>De</em></strong></span> <span class='ocrx_word' id='word_1_845' title='bbox 3380 5612 3679 5681; x_wconf 68' lang='lat' dir='ltr'><strong><em>expositis.</em></strong></span> 
     </span>
    </p>
   </div>
   <div class='ocr_carea' id='block_1_127' title="bbox 3040 5702 3404 5754">
    <p class='ocr_par' dir='ltr' id='par_1_127' title="bbox 3040 5702 3404 5754">
     <span class='ocr_line' id='line_1_129' title="bbox 3040 5702 3404 5754; baseline 0.003 -1"><span class='ocrx_word' id='word_1_846' title='bbox 3040 5718 3045 5722; x_wconf 74' lang='lat'><strong><em>‘</em></strong></span> <span class='ocrx_word' id='word_1_847' title='bbox 3344 5702 3404 5754; x_wconf 87' lang='lat'><strong><em>10</em></strong></span> 
     </span>
    </p>
   </div>
  </div>
