4044 6196
230 92 314 145 301
901 148 906 152 ,
1136 84 1225 140 DE
1268 86 1549 142 ECCLES.
1591 80 1889 137 DISClPL.
1932 81 2112 140 LIBRI
2152 85 2316 144 DUO.
2358 118 2428 129 —-
2468 87 2600 144 LIB.
2641 86 2707 141 ΙΙ.

3518 93 3623 145 302

237 207 509 279 suscipere
538 203 734 269 debet,
767 204 948 262 faciat
992 206 1165 265 illum
1194 209 1298 281 qui
1327 208 1380 265 ei
1410 205 1759 266 contradicit
1789 203 1869 260 ad
1899 206 1946 257 A
1977 208 2045 263 Si
2068 210 2321 269 Judaeus
2348 227 2591 270 servum
2621 211 2835 271 alienw
2864 210 3124 271 nationis
3165 210 3628 269 circumcideril.

236 293 589 371 praesentiam
638 298 913 351 nostram
957 295 1178 369 venire,
1226 302 1289 354 ut
1336 314 1475 354 eum
1534 293 1868 353 secundum

240 393 449 457 tempus
491 382 658 454 quod
708 384 883 439 nobis
932 385 1218 457 placuerit
1268 389 1327 443 in
1377 387 1650 443 exsilium
1679 384 1873 442 mitta-

237 492 378 540 mus,
423 472 612 529 donec
662 471 745 528 ibi
775 475 1113 545 castigetur,
1156 482 1221 533 ut
1264 478 1466 534 comiti
1512 494 1622 532 suo
1670 475 1869 531 inobe-

2048 388 2178 445 XCI.
2206 390 2408 460 (Ιόἁί.)
2434 301 2727 459 Judefsli
2742 300 3234 449 mnationis
3253 390 3634 468 comparatos

1980 492 2182 532 servos
2212 477 2711 544 circumciderint,
2736 480 2845 535 aut
2864 477 3076 539 exsilio
3099 477 3507 554 deportentur,
3532 479 3638 533 aut

238 564 387 620 diens
410 560 652 617 ulterius
678 578 807 618 esse
833 579 955 619 non
981 565 1219 636 audeat,
1250 570 1307 622 et
1345 566 1545 637 majus
1574 565 1869 621 damnum
1980 565 2172 637 capite
2202 566 2546 637 puniantur.

235 669 342 709 non
375 654 695 708 accrescat.

242 763 311 816 De
325 758 545 828 femina
563 758 914 830 quxivirum
927 774 1043 828 per
1056 762 1422 830 maleﬁch
1444 762 1744 830 interﬁcit.
1774 761 1873 816 Ea:

686 829 1114 895 Pwnitentiali,
1147 829 1278 902 cap.
1320 833 1405 888 I5.
1603 829 1606 830 ⁷
1732 868 1739 873 -

297 918 540 973 LXXXII.
584 914 800 984 Mulier,
836 917 887 973 si
917 918 1151 993 aliquos
1194 921 1475 977 interimit
1496 926 1622 977 arte
1655 918 1876 977 maleﬁ-

237 1023 316 1072 ca,
344 1004 401 1060 id
445 1008 535 1059 est
581 1020 687 1075 per
734 1004 1020 1076 poculum
1070 1014 1173 1064 aut
1213 1025 1321 1081 per
1352 1009 1619 1083 aliquam
1662 1013 1873 1074 artem,

232 1100 440 1168 septem
471 1093 651 1149 annis
680 1093 983 1166 paeniteat.
1012 1096 1077 1152 Si
1108 1098 1479 1170 paupercula
1504 1098 1702 1169 fuerit,
1729 1114 1876 1170 qua-

232 1190 355 1240 tuor
380 1183 558 1239 annis
590 1183 896 1255 pceniteat.

390 1270 476 1324 De
502 1268 713 1323 eadem
734 1282 824 1323 re.
866 1269 967 1324 Ea:
992 1270 1248 1326 concilio
1278 1273 1697 1328 Helibeﬂensi.

293 1357 580 1411 LXXXlﬂ.
630 1355 887 1423 (Coucil.
936 1357 1190 1427 Eliber.,
1221 1375 1273 1414 c.
1306 1364 1376 1426 6;
1422 1363 1739 1415 BU‘RGHARD.
1773 1358 1876 1415 lib.

226 1462 300 1515 v1,
322 1461 371 1499 c.
390 1445 502 1514 26.)
520 1440 585 1500 Si
605 1444 743 1515 quis
765 1459 909 1501 vero
934 1445 1230 1502 maleﬁcio
1258 1447 1571 1504 interﬁciat
1596 1448 1876 1518 alterum,

2040 652 2129 707 De
2155 652 2248 709 his
2273 654 2381 724 qui
2400 654 2738 724 semetipsos
2770 654 3163 724 interﬂuant.
3195 654 3295 713 Em
3325 653 3574 711 concilio

2464 743 2855 811 Bracarensi,
2886 756 3021 815 cap.
3060 741 3148 799 l5.

2054 829 2204 884 XCll.
2237 830 2492 901 (Concil.
2522 832 2781 886 Bracar.
2811 847 2849 898 1,
2874 847 2924 887 c.
2964 831 3061 898 16;
3095 828 3536 889 HALITGAR..llb.
3562 845 3641 895 IV,

1983 933 2034 972 c.
2068 922 2141 985 6;
2174 919 2504 977 Eunaeum.
2536 918 2640 977 lib.
2672 936 2795 991 nx,
2833 936 2885 979 ο.
2923 920 3067 992 130.)
3108 917 3332 976 Placuit
3362 921 3424 977 ut
3446 915 3508 972 hi
3534 916 3643 991 qui

1985 1006 2097 1062 sibi
2128 1006 2272 1079 ipsis
2315 1013 2419 1064 aut
2464 1024 2573 1081 per
2618 1009 2868 1080 ferrum,
2898 1013 3007 1068 aut
3048 1024 3157 1081 per
3182 1022 3508 1070 venenum,
3541 1009 3645 1061 aut

1987 1110 2092 1167 per
2137 1097 2553 1170 precipitium,
2600 1102 2710 1153 aut
2756 1096 3182 1170 suspendium,
3236 1095 3329 1153 vel
3374 1093 3645 1168 quolibet

1986 1184 2171 1239 modo
2216 1185 2480 1242 inferunt
2518 1185 2700 1260 ξω
2748 1191 3025 1253 mortem,
3071 1185 3237 1245 nulla
3264 1201 3377 1257 pro
3422 1183 3538 1243 illis
3584 1182 3646 1240 in

1987 1271 2288 1329 oblatione
2316 1275 2812 1334 commemoratio
2838 1276 2966 1343 ﬁat.
2994 1290 3195 1348 neque
3220 1288 3368 1331 cum
3397 1271 3647 1344 psalmis

1988 1361 2067 1416 ad
2092 1362 2463 1434 sepulturam
2503 1379 2714 1420 eorum
2743 1364 3040 1424 cadavera
3064 1362 3458 1423 deducantur.
3492 1359 3649 1418 Multi

1988 1450 2149 1505 enim
2178 1450 2293 1506 sibi
2343 1451 2457 1507 hoc
2489 1467 2597 1524 per
2622 1452 3028 1521 ignorantiam
3057 1454 3449 1523 usurparunt.
3482 1448 3651 1507 Simi-

222 1550 290 1590 eo
315 1534 473 1607 quod
497 1532 628 1588 sine
652 1532 990 1591 idololatria
1014 1534 1297 1606 perﬁcere
1333 1536 1513 1610 244
1532 1538 1725 1595 scelus
1756 1552 1879 1592 non
1904 1558 1950 1611 Β
1986 1538 2115 1594 liter
2141 1544 2200 1595 et
2224 1539 2300 1595 de
2327 1540 2420 1596 his
2448 1541 2672 1613 placuit
2698 1541 2828 1599 ﬁeri
2879 1541 2985 1614 qui
3024 1557 3139 1617 pro
3186 1538 3509 1597 sceleribus
3539 1553 3648 1610 pu-

211 1624 416 1696 potuit,
450 1639 567 1679 nec
595 1624 658 1678 in
686 1623 868 1679 ﬁnem
912 1625 1369 1697 percipiendam
1406 1626 1487 1682 illi
1532 1644 1667 1683 esse
1712 1643 1879 1682 com-

218 1713 594 1769 munionem.

853 1804 1017 1860 Unde
1040 1820 1251 1875 supra.

280 1892 599 1949 LXXXIV.
634 1892 967 1973 (HALirciu.
996 1892 1100 1949 lib.
1133 1911 1211 1961 vr,
1245 1912 1297 1951 c.
1328 1896 1402 1968 ὅ.)
1438 1896 1494 1952 Si
1538 1896 1672 1970 quis
1698 1895 1878 1952 male-

207 1981 342 2037 ﬁcio
373 1998 490 2038 suo
536 1981 806 2055 aliquem
847 1982 1191 2055 perdiderit,
1227 1989 1458 2057 septem
1485 1986 1661 2043 annis
1688 1985 1877 2059 pceni-

208 2075 343 2138 teat,
376 2075 439 2128 et
470 2071 894 2143 eleemosynas
928 2071 1150 2129 multas
1182 2074 1380 2132 faciat.

838 2163 926 2219 De
954 2162 1156 2219 eadem
1189 2179 1273 2219 re.

273 2250 529 2305 LXXXV.
561 2249 907 2319 (Bnncuanc.
938 2248 1043 2304 lib.
1080 2266 1155 2316 vr,
1188 2267 1240 2306 c.
1275 2251 1390 2321 39.)
1432 2250 1486 2308 Si
1522 2250 1733 2306 mulier
1760 2267 1885 2307 ma-

201 2337 387 2393 ritum
420 2354 611 2394 suum
662 2353 848 2393 causa
890 2337 1297 2394 fornicationis
1326 2354 1559 2395 veneno
1589 2338 1883 2408 interﬁcit,

196 2432 299 2482 aut
328 2442 723 2500 quacunque
750 2429 875 2481 arte
901 2425 1191 2497 perimere
1214 2426 1372 2491 facit,
1396 2426 1540 2500 quia
1569 2426 1886 2484 dominum

195 2521 245 2571 et
278 2515 612 2570 seniorem
643 2530 823 2570 suum
869 2513 1105 2582 occidit,
1137 2515 1348 2572 decem
1376 2518 1550 2573 annis
1580 2516 1883 2589 poeniteat.

193 2626 273 2680 De
307 2626 416 2679 lus
453 2623 573 2693 qui
590 2621 890 2695 nominer):
908 2623 1162 2679 suadent
1190 2624 1466 2692 interﬁci.
1500 2626 1597 2680 Ea:
1629 2626 1755 2695 lege
1774 2625 1886 2681 Bo-

301 2707 538 2749 mana.
574 2692 763 2747 Pauli
794 2693 1266 2750 Sententiarum.
1304 2695 1403 2750 lib.
1442 2712 1490 2750 v.
1514 2711 1647 2765 cap.
1678 2692 1774 2750 725.

262 2780 558 2838 LXXXVI.
606 2780 801 2850 (PAULI
830 2780 989 2836 Sent.
1023 2780 1125 2836 lib.
1171 2799 1225 2848 v,
1270 2799 1321 2838 c.
1358 2784 1469 2855 23.)
1510 2784 1884 2839 Mandatores

195 2870 406 2965 caedis,
444 2868 515 2924 id
553 2873 661 2939 est,
694 2868 1102 2965 quihomines
1128 2871 1486 2965 praecipiunt
1508 2872 1596 2928 vel
1629 2872 1888 2929 suadent
1914 2907 1957 2965 Ο

192 2958 576 3025 interﬁcere,
606 2957 855 3031 perinde
886 2962 951 3014 ut
977 2959 1293 3016 homicidia
1321 2961 1669 3035 puniantur.

848 3051 935 3106 De
963 3051 1164 3107 eadem
1196 3068 1280 3107 re.

261 3138 616 3198 LXXXVII.
651 3137 851 3211 (Ibid)
884 3139 995 3204 Qui
1020 3136 1161 3195 vero
1192 3140 1453 3213 aliquem
1485 3141 1761 3197 interﬁcit
1788 3143 1890 3198 ho-

189 3232 450 3296 minem,
484 3227 834 3302 aliquando
884 3227 1241 3297 absolvitur;
1289 3234 1347 3286 et
1372 3231 1477 3303 qui
1505 3247 1627 3287 non
1652 3231 1887 3303 occidit,

185 3326 249 3378 ut
274 3317 629 3378 homicida
652 3321 882 3374 tenetur
906 3318 997 3374 vel
1013 3319 1358 3376 damnatur.
1380 3321 1705 3377 Consilium
1730 3322 1891 3377 enim

186 3410 482 3481 uniuscuj
492 3423 859 3480 usque,non
868 3406 1092 3462 factum
1095 3408 1496 3479 ,puniendum
1509 3413 1614 3465 est.
1632 3410 1891 3485 Ideoque

187 3496 294 3570 qui
325 3512 483 3553 cum
512 3493 707 3550 vellet
730 3494 1021 3565 occidere,
1055 3495 1115 3550 id
1147 3512 1291 3551 casu
1321 3495 1524 3569 aliquo
1546 3502 1891 3571 perpetrare

187 3602 310 3642 non
338 3585 588 3660 potuit,
625 3587 693 3639 ut
718 3582 1024 3639 homicida
1060 3585 1359 3658 punietur.
1395 3588 1463 3641 Et
1508 3586 1557 3640 is
1609 3586 1711 3657 qui
1744 3604 1893 3643 casu

181 3670 353 3741 jactu
376 3670 481 3727 teli
504 3666 835 3725 hominem
856 3666 1268 3741 imprudenter
1284 3670 1520 3737 occidit,
1540 3670 1889 3728 absolvitur.

294 3761 390 3817 De
423 3775 498 3817 eo
530 3759 653 3831 qui
684 3756 975 3815 hominem
1016 3760 1393 3814 castraverit.
1436 3760 1535 3817 Ex
1563 3759 1783 3817 eodem.

262 3847 633 3907 LXXXVIII.
673 3847 871 3920 (Ῑόἱίί.)
902 3846 1013 3913 Qui
1060 3847 1371 3904 hominem
1417 3848 1681 3907 libidinis
1715 3848 1891 3922 245

186 3943 292 3995 aut
339 3935 801 4009 negotiationis
835 3950 1021 3991 causa
1050 3934 1414 4003 castraverit,
1449 3939 1894 4009 castratumque

191 4028 547 4101 tradiderit,
562 4026 704 4084 sive
722 4040 948 4093 servus,
965 4024 1088 4081 sive
1103 4024 1253 4081 liber
1274 4025 1365 4095 sit,
1382 4024 1573 4101 capite
1588 4026 1892 4100 puniatur.

874 4112 1037 4170 Unde
1065 4128 1272 4184 supra.

260 4207 566 4265 LXXXIX.
625 4204 974 4275 (Bnncnann.
1000 4201 1108 4258 lib.
1152 4219 1291 4270 xvu,
1324 4220 1375 4259 c.
1426 4203 1540 4276 5‘7.)
1591 4202 1647 4260 Si
1677 4202 1894 4276 aliquis

185 4259 764 4369 causa—eglendee
802 4290 1090 4360 libidinis,
1119 4291 1211 4348 vel
1241 4259 1363 4347 odii
1393 4259 1800 4360 meditatione:
1826 4295 1900 4348 ut
1926 4259 1973 4313 Β

184 4401 311 4443 non
352 4402 443 4442 ex
488 4399 583 4441 ω
634 4380 886 4437 soboles
930 4384 1233 4448 nascatur,
1264 4380 1497 4438 homini
1535 4385 1639 4437 aut
1664 4379 1900 4438 mulieri

183 4475 428 4549 aliquid
444 4470 706 4541 fecerit,
720 4468 814 4525 vel
832 4468 914 4525 ad
926 4468 1273 4541 potandum
1292 4468 1598 4525 dederitut
1616 4484 1744 4526 non
1763 4485 1901 4542 pos-

186 4562 261 4621 sit
288 4555 624 4636 generare
657 4562 766 4615 aut
790 4558 1126 4631 concipere,
1158 4563 1224 4614 ut
1258 4558 1563 4615 homicida
1602 4563 1897 4616 teneatur.

255 4658 386 4714 Hoc
421 4656 653 4711 totum
685 4648 908 4704 idcirco
937 4663 1011 4703 ex
1037 4646 1168 4718 lege
1194 4650 1467 4706 Romam
1490 4647 1810 4721 posuimus
1837 4653 1905 4704 ut

187 4743 495 4801 sacerdos
529 4757 622 4796 ex
654 4737 787 4808 lege
816 4735 1152 4810 perpendat
1174 4736 1429 4794 modum
1449 4736 1810 4810 poenitentiae
1838 4737 1902 4794 in

186 4835 422 4893 talibus
456 4826 1094 4900 transgressionibus.
1127 4827 1430 4884 Canonica
1459 4826 1620 4884 enim
1646 4826 1901 4885 auctori-

189 4927 279 4979 tas
306 4939 471 4979 cum
496 4920 660 4990 lege
691 4919 964 4973 Romana
983 4930 1057 4971 ex
1075 4915 1345 4972 maxima
1362 4925 1529 4988 parte
1558 4914 1900 4973 concordat.

185 5013 273 5069 De
290 5012 390 5068 his
412 5010 543 5082 qui
556 5004 1116 5063 circumciduntur.
1144 5005 1245 5059 Ex
1258 5004 1462 5060 eadem
1487 5005 1632 5075 lege,
1655 5019 1786 5073 cap.
1806 5003 1902 5061 2‘.

256 5103 387 5157 XC.
428 5102 673 5169 (PAULI
699 5094 865 5150 Sent.
897 5092 1001 5148 lib.
1026 5109 1082 5163 v,
1109 5109 1159 5149 c.
1191 5097 1307 5162 22.)
1334 5093 1503 5149 Cives
1530 5092 1781 5151 [inmani
1801 5093 1905 5166 qui

184 5209 250 5249 se
274 5190 565 5250 Iudaico
602 5184 733 5243 ritu
761 5182 852 5240 vel
880 5200 1086 5240 servos
1116 5200 1260 5239 suos
1294 5178 1639 5240 circumcidi
1667 5183 1905 5257 patiun-

183 5288 301 5351 tur,
330 5281 539 5338 bonis
576 5274 918 5346 ademptis,
948 5273 1009 5329 in
1033 5272 1296 5330 insulam
1326 5273 1745 5346 deportentur;
1779 5289 1905 5331 me-

182 5372 305 5431 dici
328 5369 558 5446 capite
592 5364 957 5440 puniuntur.

1988 1628 2235 1685 niuntur
2263 1630 2433 1699 (291).

1988 1720 2073 1774 De
2104 1719 2194 1774 his
2218 1720 2327 1789 qui
2364 1720 2427 1775 in
2460 1720 2740 1788 patibulo
2768 1718 3241 1790 suspendantur.
3270 1718 3375 1777 Ea:
3397 1716 3649 1775 concilio

2553 1807 3088 1878 Mangontiaeenni.

2057 1894 2236 1950 XCIII.
2282 1894 2538 1966 (Concil.
2588 1897 2864 1967 Magum.
2914 1896 3023 1954 sub
3062 1896 3241 1962 Rab.,
3270 1910 3325 1955 ο.
3352 1898 3463 1960 27;
3505 1894 3653 1948 Bun-

1989 2000 2194 2039 cmao.
2226 1982 2330 2040 lib.
2360 2000 2437 2049 vr,
2472 2001 2522 2039 c.
2558 1986 2671 2055 76.)
2700 1984 3029 2051 (iurantium
3081 1983 3159 2043 ab
3205 1987 3296 2043 est
3341 1981 3651 2054 aliquibus

1988 2072 2272 2129 fratribus
2298 2072 2373 2128 de
2398 2073 2490 2128 his
2518 2074 2625 2146 qui
2650 2074 2711 2129 in
2740 2073 3026 2146 patibulis
3058 2071 3513 2145 suspenduntur
3538 2085 3653 2143 pro

1992 2162 2117 2217 suis
2150 2162 2472 2219 sceleribus
2509 2167 2652 2234 post
2694 2161 3140 2221 confessionem
3168 2164 3293 2219 Deo
3324 2163 3652 2233 peractam,

1990 2255 2195 2305 utrum
2207 2250 2504 2307 cadavera
2514 2250 2759 2309 illorum:
2768 2250 2857 2311 ad
2869 2250 3154 2309 ecclesias
3164 2248 3495 2309 deferenda
3518 2246 3605 2301 sin
3614 2251 3653 2315 t,

1993 2343 2051 2394 et
2072 2337 2408 2394 oblationes
2436 2355 2550 2410 pro
2564 2339 2650 2397 eis
2670 2337 3013 2405 oﬂerendae,
3040 2341 3099 2398 et
3124 2337 3324 2398 missae
3355 2335 3658 2393 celebran-

1994 2427 2110 2491 die,
2136 2442 2213 2482 an
2240 2442 2389 2483 non.
2418 2427 2653 2493 Quibus
2686 2427 3157 2499 respondemus;
3186 2426 3249 2485 Si
3279 2425 3561 2490 omnibus
3581 2423 3655 2482 de

1995 2515 2255 2588 peccatis
2279 2516 2408 2572 suis
2428 2532 2650 2588 puram
2680 2515 3120 2575 couieasionem
3143 2514 3461 2586 agentibus
3490 2518 3545 2569 et
3565 2512 3657 2570 di-

1996 2620 2111 2675 gne
2140 2604 2569 2676 paenitentibus
2596 2604 2944 2663 communio
2968 2605 3035 2663 in
3056 2604 3179 2665 ﬁne
3197 2602 3535 2663 secundum
3564 2618 3659 2657 ca—

1996 2709 2227 2749 nonum
2242 2694 2481 2764 jussum
2504 2693 2712 2753 danda
2730 2698 2841 2762 est,
2864 2710 2972 2753 cur
2996 2709 3122 2753 non
3142 2692 3228 2751 eis
3250 2692 3355 2764 qui
3378 2706 3492 2764 pro
3516 2706 3657 2763 pec-

1995 2783 2139 2839 catis
2158 2783 2278 2837 suis
2305 2787 2636 2842 extremam
2658 2799 2906 2854 poenam
2922 2781 3330 2855 pervolvunt?
3365 2780 3658 2852 Scriptum

1995 2875 2083 2926 est
2112 2871 2271 2926 enim
2296 2888 2308 2925 :
2343 2874 2481 2927 Non
2505 2873 2747 2941 judico!
2770 2870 3181 2931 Βωηίηιιεκὲκὶς
3211 2870 3274 2925 in
3305 2869 3584 2939 idipsum.

1996 2962 2082 3017 De
2107 2960 2349 3030 furibus
2393 2966 2447 3016 et
2475 2960 2812 3019 latronibus
2842 2960 3250 3029 deprehensis.
3284 2960 3382 3015 Ea:
3404 2957 3657 3015 concilio

2634 3051 3022 3111 meum:

2066 3140 2257 3194 XCIV.
2291 3140 2549 3209 (Concil.
2577 3140 2819 3195 Tribur.
2847 3156 2900 3197 ο.
2927 3139 2988 3194 31
3022 3156 3035 3207 ;
3080 3140 3417 3199 BUBOHABD.
3448 3136 3553 3194 lib.
3577 3153 3658 3204 Xi,

1997 3245 2048 3285 c.
2082 3233 2169 3291 59,
2202 3232 2259 3284 et
2286 3228 2454 3302 apud
2484 3231 2661 3287 Guar.
2693 3230 2774 3287 l3.
2799 3244 2862 3301 q.
2896 3233 2949 3295 2,
2977 3244 3029 3286 ο.
3056 3228 3175 3298 31.)
3202 3229 3387 3284 Fures
3404 3231 3466 3282 et
3486 3225 3666 3283 latro-

1997 3334 2121 3373 nes.
2148 3317 2196 3373 si
2222 3317 2287 3372 in
2316 3318 2577 3374 iurando
2601 3322 2657 3374 et
2685 3316 3021 3390 prmdando
3050 3316 3421 3384 occidantur,
3463 3314 3662 3373 Visum

1999 3411 2087 3463 est
2116 3422 2227 3479 pro
2254 3406 2341 3463 eis
2364 3422 2494 3463 non
2518 3406 2858 3472 orandum;
2888 3404 2941 3463 si
2966 3403 3385 3477 comprehensi
3405 3406 3509 3458 aut
3537 3400 3663 3456 vul-

1999 3495 2209 3561 nerati,
2262 3493 2614 3565 presbytero
2659 3491 2756 3547 vel
2798 3491 3056 3549 diacono
3106 3490 3373 3551 confossi
3421 3489 3657 3555 fuerint,

2000 3580 2497 3636 communionem
2525 3579 2611 3635 eis
2641 3594 2767 3636 non
2795 3593 3112 3647 negamus.

2005 3667 2172 3739 247
2222 3668 2338 3734 Qui
2354 3672 2610 3736 μωρῶν
2628 3667 3020 3736 cupiditatem
3047 3666 3324 3725 Judaeum
3350 3666 3446 3720 vel
3467 3678 3659 3734 paga-

2135 3771 2280 3811 num
2307 3755 2610 3813 occiderit.
2639 3756 2738 3813 Ea:
2763 3756 3016 3812 concilio
3036 3753 3535 3825 logontiacensi.

2072 3844 2236 3899 XCV.
2266 3843 2531 3911 (Concil.
2568 3846 2854 3905 Wormat.
2880 3861 2933 3903 ο.
2956 3848 3024 3902 27
3052 3862 3064 3912 ;
3094 3845 3428 3909 Buucuaan,
3585 3858 3665 3913 vx,

2001 3948 2052 3989 c.
2092 3934 2226 4003 ,33.)
2270 3932 2392 3999 .Qui
2446 3932 2589 3991 «odii
2640 3933 3048 3999 meditatione,
3098 3932 3196 3989 vel
3251 3935 3494 4006 propter
3566 3947 3667 3990 cu-

2000 4022 2333 4096 piditatem.
2379 4022 2656 4082 Judaeum
2698 4023 2793 4081 vel
2822 4038 3134 4096 paganum
3180 4022 3482 4091 occiderit,
3518 4022 3668 4095 quia

2004 4128 2128 4171 non
2152 4112 2280 4171 lere
2303 4111 2515 4171 vitium
2540 4112 3028 4181 communiumin
3042 4112 3418 4175 homicidam
3446 4128 3666 4171 conve-

2005 4201 2093 4258 nit
2143 4201 2471 4275 pmitere;
2518 4200 3021 4274 quandoquidem
3066 4218 3179 4263 nec
3223 4201 3438 4259 exteris
3477 4201 3666 4271 genti-

2004 4290 2143 4357 bus,
2178 4289 2298 4347 nisi
2338 4289 2611 4349 oblatam
2659 4305 2874 4363 pacem
2920 4288 3276 4363 respuerint,
3314 4288 3541 4347 bellum
3578 4292 3668 4345 est

2006 4379 2235 4454 populo
2257 4379 2504 4451 antiquo
2534 4381 2771 4452 penitus
2794 4379 3010 4437 iniam
3034 4381 3421 4451 praeceptum.

2040 4470 2264 4541 Siquis
2284 4471 2595 4529 immicus
2623 4470 2917 4525 hominem
2942 4467 3248 4523 occiderit.
3280 4466 3379 4521 Em
3408 4465 3627 4521 eodem.

2080 4560 2268 4615 XCVI.
2293 4559 2551 4627 (Caecil.
2569 4559 2856 4615 Wormat.
2883 4573 2934 4612 c.
2961 4559 3030 4613 28
3055 4573 3069 4623 ;
3098 4556 3433 4621 Bnncnann,
3456 4553 3558 4610 lib.
3582 4570 3663 4623 vr,

2007 4664 2059 4704 c.
2087 4653 2177 4717 25,
2204 4652 2267 4705 et
2295 4648 2463 4720 apud
2483 4650 2761 4705 GBATIAN.
2793 4651 2880 4702 15.
2911 4661 2972 4717 q,
3000 4650 3049 4715 1,
3076 4659 3129 4700 c.
3156 4644 3239 4700 l2.
3266 4642 3325 4701 Si
3351 4642 3488 4714 quis
3513 4641 3669 4698 insa-

2006 4738 2178 4796 niens
2193 4737 2457 4813 aliquem
2470 4736 2769 4805 occiderit,
2785 4735 2834 4792 si
2855 4734 2935 4791 ad
2951 4749 3168 4791 sanam
3181 4735 3443 4788 mentem
3465 4747 3670 4804 perve-

2006 4828 2369 4896 nerit,levior
2388 4827 2442 4884 ei
2456 4825 2805 4901 paenitentia
2814 4823 3185 4898 imponenda
3198 4825 3484 4894 estquam
3501 4821 3553 4877 ei
3565 4822 3669 4895 qni

2009 4932 2159 4974 sana
2177 4921 2376 4973 mente
2386 4916 2510 4974 tale
2524 4915 2672 4989 quid
2706 4912 3087 4971 commiserit.
3116 4910 3225 4977 Qui
3245 4911 3525 4982 quamvis
3544 4928 3670 4984 poe-

2009 5005 2256 5062 nitentia
2276 5006 2361 5060 sit
2378 5003 2772 5077 imponenda,
2803 5002 2949 5075 quia
2970 5002 3105 5075 ipsa
3126 5000 3446 5058 inﬁrmitas
3486 5016 3670 5057 causa

2010 5095 2259 5169 peccati,
2291 5094 2424 5150 licet
2450 5092 2719 5149 fortassis
2766 5091 3000 5146 occulta
3043 5089 3362 5160 contigisse
3386 5089 3667 5159 creditur,

2014 5188 2180 5241 tanto
2206 5189 2407 5241 tamen
2438 5182 2511 5237 sit
2537 5180 2723 5236 levior
2754 5196 2939 5255 quam
2978 5180 3031 5236 ei
3058 5180 3162 5255 qui
3193 5196 3376 5238 sanus
3406 5179 3671 5250 aliquem

2014 5273 2317 5343 occiderit,
2347 5273 2646 5343 quantum
2684 5269 2835 5326 inter
2863 5286 3079 5329 sanum
3110 5273 3167 5326 et
3192 5269 3494 5340 insanum,
3523 5268 3669 5327 irra-

2016 5360 2305 5421 tionabile
2334 5377 2371 5418 a
2399 5359 2737 5418 rationabili
2765 5364 3000 5419 constat
3021 5377 3151 5418 esse
3179 5359 3562 5417 discriminis.

256 5533 429 5607 (29!)
480 5528 657 5586 Vide
688 5523 791 5581 lib.
826 5541 903 5582 VI.
938 5523 1212 5595 Capitul.,
1244 5541 1377 5598 cap.
1415 5529 1499 5596 10,
1541 5529 1598 5582 et
1618 5524 1723 5581 lib.
1747 5541 1855 5597 vn,
1883 5540 2026 5601 cap.
2049 5526 2177 5580 344.
