4044 6196
374 184 487 277 ἶὲογ

1459 192 1464 215 τ
1500 210 1876 271 REGINONIS
1914 188 2326 263 PRUMIENSIS
2365 209 2683 269 ABBATIS.

3702 224 3804 279 308

381 338 588 418 Itaque
629 359 767 399 cum
798 322 919 398 non
967 338 1039 395 sit
1083 337 1420 410 apostolicae
1474 337 1630 393 sedis
1662 333 2027 398 auctoritate,
2060 332 2107 384 Α
2145 328 2279 402 ipsa
2308 330 2532 390 femina
2575 341 2784 407 postea
2831 337 3009 393 fuerit
3037 338 3342 408 inservita,
3376 341 3423 395 si
3450 357 3587 398 eam
3617 359 3654 399 a
3683 360 3807 402 ser-

381 451 516 509 quse
560 433 881 489 amborum
930 427 1238 498 negotium
1287 435 1567 483 exsecuta
1615 430 1721 497 est,
1771 438 2033 496 usquam
2144 419 2326 509 vitute
2367 422 2657 480 redimere
2704 431 2917 499 potest,
2969 427 3185 496 faciat;
3232 427 3280 484 si
3322 444 3443 486 non
3493 436 3706 506 potest,
3757 437 3807 491 si

382 523 579 595 major
606 517 946 587 auctoritas,
978 515 1279 571 nescimus
1310 515 1358 571 si
1389 516 1565 572 alicui
1590 515 1762 570 liceat
1801 512 1876 567 de
1906 511 2035 582 ejus
2146 508 2411 578 voluerit,
2444 511 2623 569 aliam
2669 515 2941 589 accipiat.
2972 516 3248 573 Similiter
3291 522 3347 574 et
3383 520 3600 576 mulier
3644 522 3807 594 inge-

376 608 647 680 judicare
673 603 901 676 judicio
928 601 1025 660 vel
1054 603 1183 675 ejus
1214 607 1530 661 retractare
1558 601 1931 658 sententiam.

384 698 561 771 256
608 697 681 752 Ut
705 695 913 751 nullus
945 709 1187 751 causam
1198 694 1539 764 judicatam
1565 694 1785 749 iterare
1811 704 2038 760 prensu-

572 790 719 843 mat.
753 786 851 842 Ea:
877 785 1326 857 Capitularium
1355 784 1456 840 lib.
1491 799 1568 849 ιιι,
1602 798 1733 854 cap.
1766 786 1851 838 3t.

452 877 601 933 CXV.
635 874 781 949 (Lib.
818 890 856 929 ιι
903 874 1270 943 Capitular.,
1302 890 1353 929 c.
1389 872 1502 944 31.)
1545 872 1600 929 Si
1629 871 1764 944 quis
1790 884 2037 926 causam

376 965 709 1036 judicatam
736 968 1000 1035 repetere
1032 963 1480 1040 praesumpserit
1515 962 1574 1018 in
1605 960 1808 1031 mallo,
1836 959 2038 1031 ibique

381 1054 631 1113 testibus
682 1052 988 1111 convictus
1035 1051 1229 1121 fuerit,
1281 1057 1384 1108 aut
1427 1050 1773 1124 quindecim
1819 1047 2041 1105 solidos

383 1147 726 1217 componat,
749 1145 853 1197 aut
877 1140 1224 1215 quindecim
1252 1141 1403 1197 ictus
1433 1158 1468 1196 a
1495 1139 1752 1196 scabinis
1776 1138 1879 1212 qui
1906 1153 2042 1194 cau-

380 1250 512 1291 sam
540 1232 706 1305 prius
731 1231 1155 1302 judicaverunt
1185 1231 1456 1303 accipiat.

387 1323 453 1377 Ul
480 1322 707 1392 femina
739 1321 811 1378 de
855 1320 1155 1377 adulterio
1198 1321 1533 1389 inculpata,
1564 1320 1617 1374 si
1656 1334 1787 1375 cum
1824 1319 2042 1373 marito

451 1410 619 1467 debet
648 1411 805 1466 inire
831 1415 1132 1466 certamen
1167 1410 1378 1479 legale,
1409 1424 1532 1464 suae
1568 1408 1853 1477 potestati
1878 1407 2044 1462 debet

452 1500 534 1556 ad
561 1504 790 1570 tempus
822 1500 1077 1554 restitui.
1112 1498 1211 1553 Ea:
1242 1499 1493 1568 epistola
1523 1497 1765 1553 Nicolai
1783 1511 1981 1565 papze.

453 1591 627 1646 CXVI.
693 1591 906 1654 (NICOL.
956 1592 993 1642 I.
1045 1589 1215 1659 epist.
1279 1592 1384 1657 50;
1444 1590 1760 1642 Brncusnn.
1809 1585 1909 1640 lib.
1961 1601 2046 1639 ιχ,

2146 613 2268 654 nua
2297 599 2371 655 de
2398 617 2571 658 servo
2603 604 2842 662 alterius
2869 606 3063 663 facere
3092 611 3303 680 potest.

2151 705 2329 778 258
2350 707 2420 762 Si
2444 724 2649 766 servus
2680 728 2849 769 suam
2877 714 3167 771 ancillam
3191 717 3582 774 concubinam
3608 719 3802 776 habet.

2643 784 2744 840 Ex
2772 785 2989 854 eodem,
3024 787 3222 856 capite
3249 790 3302 842 8.
3656 812 3659 813 ν

2218 865 2365 922 CXX.
2403 867 2651 939 (Concil.
2699 873 2956 930 Vermer.
2992 891 3043 931 c.
3077 874 3152 947 7.)
3182 874 3239 932 Si
3270 891 3475 932 servus
3504 892 3675 933 suam
3701 893 3810 934 an-

2150 953 2345 1010 cillam
2390 959 2793 1017 concubinam
2821 961 3118 1031 habuerit,
3155 965 3204 1021 si
3232 960 3315 1021 ita
3339 964 3554 1038 placet,
3586 971 3804 1040 potest,

2149 1042 2250 1100 illa
2278 1044 2547 1117 dimissa,
2575 1066 2785 1123 parem
2814 1068 2987 1108 suam
3018 1054 3299 1112 ancillam
3331 1054 3562 1112 domini
3591 1056 3683 1112 sui
3714 1073 3809 1114 ac-

2148 1149 2365 1207 cnpere.
2564 1148 2567 1151 ‘

2153 1223 2239 1279 De
2269 1223 2476 1281 liberto
2498 1229 2606 1298 qui
2617 1232 2905 1288 ancillam
2922 1233 3153 1290 domini
3170 1236 3445 1292 tenuerit.
3467 1236 3567 1293 Ex
3585 1237 3803 1294 eodem.

2227 1315 2411 1370 CXXI.
2438 1316 2689 1387 (Concil.
2737 1320 2991 1378 Vermcr.
3019 1338 3068 1378 c.
3093 1328 3173 1395 8.)
3206 1324 3262 1381 Si
3285 1341 3513 1396 servus,
3539 1326 3808 1383 libertate

2155 1418 2191 1457 a
2220 1402 2466 1460 domino
2517 1423 2626 1463 suo
2678 1414 2942 1483 accepta,
2975 1417 3182 1485 postea
3234 1430 3372 1469 cum
3417 1415 3631 1472 ancilla
3679 1417 3808 1488 ejus

2157 1492 2515 1550 adulterium
2561 1500 3007 1570 perpetraverit,
3063 1501 3112 1556 si
3159 1502 3441 1559 dominus
3489 1505 3618 1574 ejus
3662 1505 3805 1573 vult,

2158 1581 2292 1637 velit
2324 1583 2489 1653 nolit,
2523 1584 2717 1657 ipsam
2751 1603 2997 1645 uxorem
3026 1589 3290 1647 habebit.

383 1694 435 1733 c.
471 1677 583 1747 52.)
626 1679 932 1746 Praeterea,
967 1677 1090 1732 sive
1135 1677 1209 1732 de
1253 1677 1385 1748 conj
1400 1676 1496 1747 ugi
1545 1675 1787 1747 foedere,
1821 1675 1939 1731 sive
1971 1675 2032 1730 de

2162 1688 2220 1742 Si
2249 1690 2600 1747 venditionis
2631 1708 2813 1749 causa
2823 1710 3046 1770 __servus
3086 1703 3141 1753 et
3172 1699 3402 1755 ancilla
3430 1706 3807 1770 separentur.

383 1766 657 1823 adulterii
677 1766 923 1822 crimine
948 1766 1243 1838 judicium
1271 1765 1343 1822 sit
1367 1766 1743 1837 agitandum,
1768 1765 1935 1821 nulla
1960 1781 2050 1821 ra-

382 1856 538 1912 tione
587 1859 749 1929 patet
794 1857 1002 1927 [Apud
1027 1857 1357 1926 Sirmond.,
1390 1855 1556 1911 nulla
1606 1854 1754 1911 ratio
1800 1855 2041 1927 patitur]

379 1945 783 2015 Thietbirgam
814 1962 951 2001 cum
983 1945 1258 2002 Lothario
1298 1960 1474 2018 posse
1502 1944 1651 2000 inire
1679 1943 2044 2014 conflictum,

380 2034 475 2091 vel
520 2034 855 2105 legitimum
906 2035 1337 2093 controversiae
1387 2034 1538 2091 inire
1592 2034 2047 2105 certamen,nisi

380 2124 548 2197 prius
577 2124 656 2180 ad
686 2128 923 2197 tempus
951 2122 1125 2180 fuerit
1151 2141 1274 2180 suae
1296 2123 1573 2197 potestati
1604 2129 1660 2180 et
1689 2124 2047 2194 consangui-

379 2213 508 2270 neis
538 2213 795 2288 propriis
838 2212 1020 2270 libere
1070 2213 1297 2270 sociata
1323 2231 1335 2282 ;
1383 2213 1533 2269 inter
1562 2230 1715 2288 quos
1747 2213 1926 2269 etiam
1956 2213 2043 2269 Io-

379 2319 485 2359 cus
516 2300 927 2377 providendus
955 2306 1044 2358 est
1069 2302 1132 2357 in
1162 2319 1284 2377 quo
1313 2302 1482 2359 nulla
1509 2303 1581 2358 sit
1600 2302 1688 2358 vis
1719 2301 2044 2358 multitudi-

378 2392 472 2447 nis
501 2390 905 2461 formidanda,
939 2396 1141 2447 etnon
1170 2391 1244 2450 sit
1272 2391 1509 2449 difﬁcile
1541 2395 1715 2449 te$tes
1747 2391 2041 2465 produce-

377 2496 441 2535 re
468 2479 560 2535 vel
584 2483 825 2535 cazteras
853 2495 1141 2553 personas
1174 2496 1308 2552 quae
1342 2484 1464 2536 tam
1492 2497 1527 2536 a
1554 2480 1772 2536 sanctis
1800 2479 2041 2536 canoni-

379 2567 496 2625 bus
542 2584 729 2641 quam
774 2584 810 2624 a
838 2568 1197 2625 venerandis
1236 2568 1524 2625 Romanis
1574 2568 1808 2639 legibus
1838 2568 1897 2623 in
1928 2567 2039 2624 hu-

372 2657 642 2729 jusmodi
699 2658 1119 2713 controversiis
1169 2657 1562 2731 requirentur.
1622 2661 1754 2713 Haec
1820 2657 2040 2712 idcirco

378 2746 641 2803 diximus
686 2750 752 2802 ut
797 2746 1188 2803 ostendamus
1227 2763 1410 2820 quem
1453 2747 1654 2818 legum
1696 2746 2039 2802 conﬂictum

380 2835 688 2892 Lotharius
730 2834 1017 2906 congredi
1046 2851 1226 2908 posse
1272 2839 1547 2892 autumat
1597 2853 1734 2891 cum
1783 2850 2041 2910 persona

377 2941 566 2999 quam
592 2926 654 2980 in
681 2925 804 2979 suis
834 2923 1239 2997 penetralibus
1264 2924 1529 2999 quotidie
1573 2926 1782 2997 fatigat
1818 2929 1875 2981 et
1899 2942 2038 2982 con-

378 3014 529 3081 terit,
578 3013 826 3087 quando
878 3014 1006 3070 vult
1054 3013 1131 3070 ad
1177 3014 1473 3085 judicium
1518 3015 1733 3083 educit,
1790 3016 2037 3089 quando

378 3103 502 3160 vult
544 3102 623 3160 ad
653 3102 912 3161 claustra
949 3102 1199 3171 reducit,
1231 3107 1288 3160 et
1314 3105 1562 3184 quando
1600 3104 1815 3161 educta
1844 3105 2036 3173 fuerit,

379 3192 496 3249 nisi
525 3208 595 3249 ea
626 3192 975 3266 proﬁteatur
1027 3210 1161 3267 quae
1211 3194 1336 3269 ipse
1365 3194 1732 3269 praeceperit,
1760 3200 1867 3251 etc.
1902 3198 2040 3251 Pro-

380 3284 527 3355 priae
558 3282 735 3353 igitur
764 3282 1021 3341 libertati
1052 3283 1341 3340 committi
1386 3286 1443 3340 et
1486 3282 1564 3340 ab
1603 3284 1767 3341 omni
1794 3301 2041 3359 oppres-

378 3371 545 3427 sione
577 3387 647 3428 ac
679 3372 849 3444 257
879 3375 1168 3445 potestate
1195 3372 1372 3445 illius,
1394 3389 1534 3428 cum
1556 3379 1678 3447 qlio
1704 3374 1885 3430 initiu'
1907 3391 2045 3431 con-

376 3460 592 3529 ﬂictus,
610 3464 847 3534 oportet
868 3460 1109 3518 liberari
1130 3465 1309 3535 atque
1341 3461 1464 3517 suis
1490 3461 1730 3519 liberter
1759 3463 2043 3537 [licenter]

374 3548 480 3617 uti,
512 3553 566 3605 et
597 3553 905 3622 suspectas
954 3565 1250 3624 personas
1291 3550 1571 3607 convenit
1614 3551 1915 3608 declinare
1940 3554 2045 3626 qui

376 3653 438 3692 se
469 3637 548 3694 ab
573 3637 1166 3709 objectislostendere
1205 3639 1370 3714 cupit
1397 3639 1754 3698 immunem.

372 3727 462 3782 Ne
493 3727 753 3799 episcopi
771 3729 1064 3784 sententia
1081 3734 1463 3786 retractetur.
1484 3730 1583 3787 Ep
1610 3731 1734 3801 lege
1753 3731 2043 3788 Romana.

445 3817 644 3873 CXVII.
699 3817 779 3886 (L.
814 3821 831 3871 t
873 3817 1022 3872 Cod.
1062 3818 1345 3874 Theodos.
1388 3819 1476 3875 De
1516 3821 1658 3889 epis.
1700 3820 1866 3892 jud.)
1899 3822 2047 3878 Con'

373 3903 673 3960 stantinus
703 3903 1028 3977 imperator
1053 3905 1226 3962 dicit:
1260 3909 1369 3962 Pro
1394 3908 1612 3963 sanctis
1641 3924 1710 3964 ac
1738 3910 2047 3965 venerabi-

371 3991 532 4047 libus
560 3992 854 4049 habeatur
894 3993 1191 4069 quidquid
1233 3996 1658 4071 episcoporum
1698 3997 1871 4054 fuerit
1905 4016 2041 4057 sen-

346 4078 557 4135 tentia
589 4078 994 4150 terminatum,
1016 4098 1126 4138 nec
1152 4082 1326 4141 liceat
1350 4084 1594 4141 ulterius
1619 4087 1922 4143 retractari
1949 4106 2046 4144 ne-

373 4166 603 4238 gotium
631 4169 798 4241 quod
831 4170 1254 4243 episcoporum
1288 4174 1578 4231 sententia
1606 4175 1910 4233 deciderit.

371 4258 442 4313 Si
468 4272 589 4328 qua
616 4259 837 4316 mulier
864 4266 1115 4318 mortem
1149 4262 1267 4318 viri
1307 4279 1400 4318 sui
1429 4280 1563 4320 cum
1593 4266 1731 4321 aliis
1761 4269 2040 4323 consilia-

444 4351 507 4403 ta
540 4347 638 4404 sit.
670 4347 768 4405 Ex
796 4349 1047 4405 concilio
1077 4350 1240 4423 quod
1276 4352 1509 4421 factum
1535 4354 1659 4424 fuit
1692 4355 1774 4411 ad
1810 4357 2039 4413 Ver-me-

442 4436 599 4493 riam
630 4439 1274 4511 temporibus-Pippini
1290 4443 1470 4514 regis,
1501 4458 1631 4514 cap.
1662 4447 1714 4500 6.

443 4525 673 4582 CXVIII.
708 4523 938 4585 Concil.
978 4529 1237 4586 Vermer.
1272 4547 1322 4585 c.
1358 4534 1387 4586 5
1416 4550 1428 4599 ;
1463 4533 1789 4591 Buncusnu.
1826 4533 1929 4591 lib.
1958 4553 2034 4604 v1,

369 4632 419 4671 c.
454 4615 570 4687 41.)
591 4614 649 4670 Si
677 4632 801 4689 qua
826 4616 1042 4674 mulier
1065 4623 1323 4676 mortem
1338 4619 1449 4677 viri
1475 4621 1567 4678 sui
1598 4638 1735 4678 cum
1754 4623 1884 4680 aliis
1900 4641 2039 4681 con-

371 4704 569 4762 siliata
595 4709 706 4777 est,
737 4710 795 4763 et
830 4705 959 4781 ipse
1004 4708 1091 4765 vir
1130 4707 1322 4784 ipsius
1367 4709 1699 4781 hominem,
1733 4730 1797 4770 se
1839 4713 2043 4771 defen-

370 4791 594 4861 dendo,
627 4793 929 4860 occiderit,
949 4801 1006 4854 et
1028 4797 1143 4854 hoc
1176 4798 1435 4872 probare
1465 4803 1683 4873 potest,
1708 4800 1802 4856 ille
1832 4801 1922 4858 vir
1944 4818 2048 4876 po:

371 4884 503 4946 test,
540 4886 601 4939 ut
630 4883 807 4941 nobis
836 4885 1091 4955 videtur,
1127 4865 1330 4961 ipsam
1364 4865 1612 4945 uxorem
1644 4865 1965 4964 dimittere:
1992 4865 2049 4947 et

371 4968 422 5023 si
452 4969 723 5042 voluerit,
756 4973 939 5030 aliam
970 4977 1243 5050 accipiat.
1280 4981 1417 5050 Ipsa
1454 4982 1658 5035 autem
1685 4980 2041 5052 insidiatrix,

370 5056 732 5128 punnitentiae
764 5061 1037 5135 subacta,
1074 5065 1310 5140 absque
1342 5084 1446 5140 spe
1485 5069 1749 5142 conjugii
1779 5076 2040 5127 maneat.

410 5147 497 5203 De
524 5149 783 5220 ingenuo
814 5155 921 5224 qui
945 5158 1235 5214 ancillam
1280 5159 1536 5215 alterius
1563 5162 1879 5231 acceperit.
1910 5162 2009 5220 Ea-

971 5245 1191 5317 eodem,
1226 5264 1357 5318 cap.
1394 5253 1444 5305 7.

448 5326 911 5425 CXIX:_(Concil_.
955 5332 1196 5390 Vermer
1263 5352 1312 5391 c.
1345 5341 1409 5406 6;
1465 5337 1780 5395 Buncasnn.
1822 5339 1925 5398 lib.
1960 5359 2037 5425 ιχ,

370 5432 421 5471 c.
450 5419 565 5488 26.)
597 5417 654 5479 Si
700 5418 837 5491 quis
882 5419 1181 5491 ingenuus
1228 5425 1413 5482 homo
1470 5426 1748 5485 ancillam
1799 5417 2039 5488 alterius

370 5522 618 5563 uxorem
645 5510 958 5583 acceperit,
990 5516 1047 5567 et
1075 5512 1327 5570 aestimat
1370 5516 1533 5588 quod
1563 5517 1825 5589 ingenua
1868 5521 1958 5595 sit,
1992 5523 2043 5579 si

370 5674 375 5679 ’
445 5683 592 5755 (294)
625 5684 764 5740 Vide
791 5684 893 5744 lib.
923 5702 961 5740 ιι
994 5687 1127 5756 Leg.
1165 5689 1454 5759 Longob.,
1491 5692 1570 5748 tit.
1612 5694 1692 5762 12,
1717 5711 1830 5769 cap
1888 5702 1969 5753 to.

2697 1842 2699 1845 ι
2804 1766 2903 1820 Ea:
2932 1768 3149 1824 eodem.

2230 1850 2423 1904 CXXII.
2457 1849 2708 1920 (Concil.
2743 1854 3000 1911 Vermer.
3035 1859 3229 1925 c.19.)
3265 1857 3319 1914 Si
3370 1874 3573 1914 servus
3617 1864 3675 1914 et
3704 1875 3814 1915 an-

2156 1936 2289 1992 cilla
2318 1954 2426 2009 per
2454 1941 2805 1997 venditionis
2837 1958 3084 2001 causam
3116 1948 3375 2019 separati
3406 1948 3642 2015 fuerint,
3667 1964 3816 2022 prae-

2155 2025 2395 2082 dicandi
2445 2034 2581 2085 sunt
2632 2034 2697 2086 ut
2744 2031 2824 2088 sic
2874 2040 3181 2102 maneant,
3215 2037 3261 2092 si
3314 2052 3415 2093 eos
3446 2038 3815 2109 conjungere

2154 2130 2275 2170 non
2305 2131 2654 2190 possumus.

2228 2205 2339 2261 Sed
2369 2205 2463 2262 lex
2494 2210 2764 2265 Romana
2809 2210 2987 2281 longe
3020 2212 3230 2270 melius
3273 2214 3348 2271 de
3377 2215 3492 2272 hac
3521 2214 3817 2274 duntaxat

2153 2294 2470 2366 praecipere
2500 2296 2750 2353 videtur.

2329 2384 2416 2439 De
2442 2385 2643 2442 eadem
2676 2402 2757 2444 re.
2792 2391 2863 2444 In
2899 2391 3025 2461 lege
3049 2390 3339 2459 Romana,
3373 2407 3502 2462 cap.
3539 2396 3625 2448 25.

2225 2476 2442 2529 CXXIII.
2480 2475 2801 2551 (lnterpret.
2835 2477 2871 2533 I.
2908 2495 3009 2535 un.
3046 2481 3190 2536 Cod.
3231 2482 3511 2538 Theodos.
3546 2483 3621 2537 de
3658 2496 3807 2538 com.

2151 2562 2358 2633 divid.)
2392 2566 2454 2618 In
2484 2562 2796 2638 divisione,
2827 2567 3038 2641 inquit,
3071 2569 3570 2643 patrimoniorum
3607 2587 3713 2626 seu
3744 2572 3809 2626 ti-

2152 2651 2397 2707 scalium
2449 2652 2856 2724 dominorum,
2910 2672 3017 2714 seu
3064 2659 3452 2731 privatorum,
3503 2660 3809 2716 observari

2151 2742 2483 2813 specialiter
2509 2744 2687 2801 debet
2727 2751 2791 2803 ut
2832 2747 2974 2820 quia
3014 2747 3304 2820 injustam
3332 2755 3419 2807 est
3461 2750 3615 2807 ﬁlios
3646 2768 3683 2807 a
3709 2767 3813 2824 pa—

2148 2831 2439 2903 rentibus,
2471 2848 2687 2890 uxores
2720 2851 2755 2891 a
2788 2837 3035 2907 maritis,
3067 2854 3205 2894 cum
3261 2838 3339 2895 ad
3383 2855 3811 2913 quemcunque

2151 2921 2452 2991 possessio
2480 2923 2832 2994 pervenerit,
2855 2927 3232 2997 sequestrari,
3260 2929 3327 2983 ut
3349 2929 3654 3002 mancipia
3674 2945 3812 3002 quae

2147 3007 2435 3080 permista
2465 3009 2698 3080 fuerint,
2732 3012 2793 3068 id
2824 3018 2929 3081 est,
2958 3031 3110 3070 uxor
3139 3031 3278 3072 cum
3330 3015 3466 3072 filiis
3507 3021 3564 3073 et
3592 3017 3813 3074 marito

2151 3113 2282 3169 suo,
2309 3099 2465 3155 datis
2490 3100 2744 3171 vicariis,
2773 3103 2850 3159 ad
2880 3120 3068 3160 unum
3098 3104 3357 3162 debeant
3379 3111 3693 3179 pertinere,
3716 3109 3813 3164 cui

2149 3202 2391 3244 necesse
2434 3188 2608 3245 fuerit
2637 3196 3011 3249 commutare
3056 3193 3225 3267 quod
3272 3194 3607 3251 sollicitudo
3657 3194 3816 3252 ordi-

2150 3277 2425 3332 nantium
2468 3279 2647 3335 debet
2676 3280 3008 3353 specialiter
3050 3283 3367 3353 custodire,
3402 3290 3464 3341 ut
3513 3287 3813 3358 separatio

2156 3363 2332 3438 259
2362 3364 2489 3421 ﬁeri
2513 3368 2759 3424 omnino
2792 3385 2915 3425 non
2944 3370 3150 3442 possit.

2224 3453 2288 3509 Id
2316 3455 2495 3511 etiam
2528 3456 2586 3511 in
2619 3458 2959 3514 venditione
2990 3459 3079 3515 vel
3104 3461 3407 3533 emptione
3437 3462 3675 3518 videtur
3702 3465 3813 3519 ob-

2155 3544 2378 3600 servari
2421 3544 2658 3613 debere,
2694 3552 2757 3602 ut
2801 3548 3050 3620 quando
3080 3549 3217 3622 quis
3266 3551 3550 3607 maritum
3582 3555 3815 3622 emerit,

2153 3638 2314 3689 emat
2337 3633 2558 3707 pariter
2586 3640 2649 3692 et
2667 3638 3010 3708 conjugem,
3044 3639 3171 3694 nisi
3188 3640 3337 3697 forte
3366 3640 3612 3703 alterius
3633 3643 3819 3701 ancil-

2153 3721 2212 3778 la
2241 3722 2432 3778 fuerit.
2467 3727 2584 3780 Hac
2614 3724 2689 3781 de
2730 3742 2792 3781 re
2840 3725 2932 3782 lex
2960 3727 3132 3798 jubet
3179 3732 3358 3802 atque
3410 3729 3707 3787 intercidit
3750 3738 3817 3786 ut

2154 3810 2356 3867 nullus
2386 3829 2596 3869 servus
2626 3830 2822 3887 neque
2852 3815 3132 3889 proprius
3158 3832 3354 3890 neque
3376 3817 3816 3874 ecclesiasticus

2153 3917 2349 3975 neque
2375 3903 2449 3959 de
2478 3904 2623 3960 ﬁsco
2654 3905 2933 3962 ancillam
2957 3906 3221 3963 alienum
3243 3908 3304 3962 in
3329 3909 3683 3979 conjugium
3706 3910 3820 3965 du-

2155 3995 2269 4059 cat,
2303 3991 2569 4048 similiter
2595 3993 2809 4050 ancilla
2839 3994 3080 4050 alterius
3125 4006 3366 4051 sentum
3417 4012 3815 4070 nequaquam

2155 4080 2435 4153 accipiat:
2470 4082 2637 4159 quod
2678 4083 2727 4137 si
2774 4081 2991 4153 fecerit,
3024 4084 3252 4140 irritum
3285 4084 3584 4140 habeatur
3606 4086 3820 4157 hujus-

2154 4161 2773 4242 cemodiconjugium,
2793 4178 2848 4229 et
2868 4188 2978 4245 pro
3001 4173 3292 4230 adulterio
3304 4174 3625 4248 deputetur
3639 4178 3817 4247 (294}.

2152 4277 2224 4333 Si
2246 4279 2497 4334 maritus
2531 4285 2694 4336 certa
2725 4282 3070 4338 necessitate
3098 4282 3460 4352 impellente,
3493 4288 3670 4338 extra
3699 4283 3820 4338 du-

2323 4356 2519 4406 catum
2548 4352 2794 4423 fugerit.
2837 4353 2937 4407 Ex
2965 4353 3218 4409 concilio
3250 4354 3408 4410 unde
3433 4368 3644 4422 supra.

2069 4413 2112 4468 Β
2226 4440 2441 4495 CXXIV.
2477 4413 2725 4511 (Cbnbil.
2770 4442 3027 4498 Vermer.
3060 4458 3111 4497 c.
3144 4445 3217 4511 9;
3251 4413 3571 4498 ΒωιοηΑιίι).
3599 4441 3703 4498 lib.
3732 4458 3822 4513 ix,

2153 4545 2203 4585 c.
2238 4532 2351 4599 54.)
2385 4529 2441 4586 Si
2488 4529 2643 4605 quis,
2676 4529 3030 4587 necessitate
3076 4530 3403 4587 inevitabili
3448 4536 3717 4600 cogente,
3755 4532 3820 4587 in

2153 4617 2335 4675 alium
2368 4618 2656 4675 ducatum
2687 4635 2793 4674 seu
2822 4620 3195 4693 provinciam
3222 4620 3455 4691 fugerit,
3489 4625 3593 4676 aut
3619 4620 3825 4676 senio-

2152 4725 2277 4764 rem
2331 4726 2528 4778 suum,
2562 4708 2659 4764 cui
2705 4709 2888 4765 ﬁdem
2944 4715 3000 4765 et
3049 4709 3394 4767 ﬁdelitatem
3445 4711 3819 4784 promissam

2153 4799 2387 4856 mentiri
2428 4815 2551 4855 non
2598 4803 2811 4873 potest,
2845 4804 3083 4855 secutus
3133 4800 3325 4872 fuerit,
3357 4805 3417 4856 et
3458 4814 3612 4856 uxor
3657 4799 3821 4870 ejus,

2154 4905 2291 4944 cum
2322 4888 2479 4944 valet
2506 4892 2563 4944 et
2590 4892 2802 4964 potest,
2837 4904 3041 4944 amore
3090 4893 3408 4962 parentum
3456 4893 3562 4946 aut
3608 4904 3823 4944 rerum

2155 4994 2404 5035 suarum
2434 4995 2574 5034 eum
2627 4978 2796 5052 sequi
2832 4978 3107 5048 noluerit,
3139 4978 3273 5050 ipsa
3315 4979 3479 5035 omni
3521 4984 3823 5052 tempore,

2153 5068 2424 5143 quandiu
2453 5068 2542 5123 vir
2572 5068 2702 5139 ejus
2733 5084 2914 5142 quem
2939 5072 3141 5125 secuta
3168 5083 3289 5124 non
3320 5067 3428 5124 fuit
3459 5068 3622 5137 vivit,
3656 5084 3824 5124 sem-

2152 5174 2261 5235 per
2288 5157 2543 5231 innupta
2585 5161 2955 5232 permaneat.
2992 5157 3090 5213 Ille
3118 5173 3260 5213 vero
3309 5157 3413 5233 qui
3463 5158 3827 5214 necessitate

2153 5251 2420 5320 cogente,
2476 5248 2536 5302 in
2587 5247 2704 5305 alia
2753 5247 2947 5321 patria
2999 5251 3223 5317 manet,
3283 5247 3329 5302 si
3380 5262 3702 5319 nunquam
3761 5247 3825 5301 in

2153 5353 2329 5393 suam
2358 5336 2617 5411 patriam
2658 5352 2720 5392 se
2762 5350 3148 5393 reversurum
3204 5339 3422 5412 sperat,
3456 5335 3504 5390 si
3537 5350 3599 5390 se
3626 5334 3827 5391 conti-

2151 5443 2292 5483 nere
2338 5443 2462 5483 non
2510 5430 2723 5500 potest,
2757 5425 2936 5482 aliam
2980 5440 3229 5482 uxorem
3280 5425 3554 5499 accipiat,
3610 5429 3827 5481 tamen

2153 5533 2288 5575 cum
2324 5515 2692 5593 poenitentia.
