4044 6196
249 247 353 300 309

1194 242 1284 295 DE
1324 239 1607 296 ECCLES.
1650 230 1943 290 DISCIPL.
1984 225 2163 280 LIBRI
2205 226 2469 281 DUO.'—
2501 225 2626 280 LIB.
2670 228 2735 279 ll.

3559 218 3666 272 310

247 370 333 424 De
348 383 413 425 eo
427 366 532 438 qui
554 380 800 431 uxorem
822 380 991 427 suam
1010 364 1280 435 permisit
1312 364 1531 420 velare.
1554 362 1652 419 Ex
1673 359 1890 423 eodem,
1939 355 1986 407 A
2014 350 2084 406 Si
2111 367 2228 407 non
2245 352 2458 407 sociali
2475 352 2613 420 conj
2618 350 2753 418 ugio
2779 345 3068 417 fornicati
3078 343 3330 412 fuerint.
3348 343 3446 395 Ec
3466 341 3664 396 eodem

944 452 1076 492 can.
1108 438 1198 489 '22.

944 452 1013 492 ca
1065 452 1198 490 .22.

316 525 541 581 CXXV.
573 525 828 593 (Concil.
875 452 1133 582 Vernfer.
1183 539 1234 579 c.
1284 527 1387 591 2t;
1443 525 1762 578 Buncrunn.
1796 515 1898 572 lib.

247 633 322 683 ιχ,
365 632 417 671 c.
451 614 565 687 46).
614 614 726 680 Qui
766 630 1015 670 uxorem
1066 628 1239 668 suam
1293 610 1629 685 permiserit
1679 607 1899 676 velare,

246 705 427 762 aliam
452 719 577 760 non
608 702 881 776 accipiat.

250 812 428 885 260
444 812 516 869 Si
528 812 754 893 mulier
780 811 908 893 sine
929 810 1170 893 licentia
1184 810 1401 893 vitarit:
1424 809 1527 893 sui.
1538 808 1729 890 celum
1754 801 1905 861 acci-

467 883 620 952 piat.
653 882 753 938 Ex
776 881 1011 937 decreto
1032 880 1198 951 apud
1225 876 1672 949 Compendium.

315 973 571 1039 CXXVI.
590 970 1174 1044 (Concilﬂompend.
1204 987 1253 1026 c.
1281 975 1309 1026 3
1333 988 1345 1039 ;
1370 970 1473 1025 lib.
1490 986 1525 1024 v
1556 966 1899 1038 Capilular.

245 1080 295 1120 c.
327 1067 428 1131 I6;
461 1064 784 1118 Buncusnn.
817 1060 919 1119 lib.
946 1077 1025 1134 1x,
1052 1077 1103 1115 c.
1130 1060 1239 1133 47).
1269 1058 1469 1127 Mulier
1499 1058 1546 1113 si
1580 1056 1705 1113 sine
1728 1054 1904 1109 licen-

245 1152 325 1209 tia
353 1149 553 1209 mariti
600 1150 693 1206 sui
721 1149 921 1206 velum
953 1149 1013 1206 in
1045 1152 1227 1222 caput
1258 1147 1500 1226 miserit,
1550 1146 1597 1201 si
1627 1144 1750 1200 Vll‘O
1781 1142 1904 1216 pla-

244 1241 449 1310 cuerit,
476 1239 725 1312 recipiat
753 1254 890 1295 eam
918 1216 1141 1295 iterum
1162 1237 1241 1294 ad
1273 1216 1642 1309 conjugium.
1882 1216 1885 1221 ’

244 1351 332 1407 De
363 1349 597 1407 homine
622 1348 726 1421 qui
750 1348 830 1421 ig
841 1348 969 1409 alia
989 1348 1301 1421 prouincia
1320 1359 1563 1421 uxorem
1586 1341 1901 1413 acceperit.

776 1418 876 1477 Ea:
908 1418 1106 1474 eodem
1146 1433 1278 1487 cap.
1313 1418 1363 1471 8.

324 1507 561 1564 CXXVII.
595 1506 847 1579 (Concil.
876 1505 1195 1576 Compend.
1222 1522 1273 1561 c.
1307 1509 1382 1572 6).
1419 1504 1611 1560 Homo
1644 1505 1900 1558 Francus

246 1596 476 1671 accepit
502 1594 863 1652 beneﬁcium
887 1611 922 1651 a
950 1594 1179 1650 seniore
1204 1611 1315 1657 suo
1345 1593 1405 1650 in
1437 1593 1551 1649 alia
1574 1590 1898 1667 provincia,

244 1688 302 1739 et
332 1683 502 1739 duxit
528 1699 733 1755 secum
759 1700 938 1747 suum
980 1682 1311 1747 vassallum
1336 1700 1349 1755 ς
1381 1687 1437 1737 et
1474 1686 1611 1755 post
1640 1682 1767 1735 haec
1794 1677 1901 1733 fuit
1930 1701 1976 1755 Β

246 1772 329 1831 ibi
356 1776 637 1831 mortuus
667 1773 795 1846 ipse
825 1772 1043 1841 senior,
1078 1776 1132 1834 et
1161 1771 1447 1837 remansit
1473 1770 1555 1829 ibi
1582 1768 1899 1844 praedictus

247 1861 559 1918 vassallus.
594 1862 835 1935 Accepit
862 1865 1066 1925 autem
1094 1861 1280 1929 homo
1307 1859 1460 1919 alius
1490 1860 1688 1932 ipsum
1716 1858 1897 1919 bene-

242 1952 451 2007 ﬁcium
477 1970 490 2019 ;
524 1957 581 2011 et
604 1956 669 2007 ut
707 1968 956 2015 securus
981 1956 1179 2024 posset
1204 1950 1427 2017 habere
1445 1950 1647 2023 ipsum
1677 1946 1891 2009 vassal-

424 2038 697 2138 dedit
726 2039 1039 2138 mulierem
1081 2039 1157 2099 de
1183 2039 1316 2112 ipso
1363 2037 1677 2108 beneﬁcio,
1718 2040 1775 2091 et
1799 2035 1902 2091 ha-

148 2175 160 2188 .
243 2128 376 2189 buit
405 2144 541 2189 eam
570 2129 775 2202 aliqua
801 2134 1088 2202 tempore.
1122 2130 1350 2195 Etcum
1380 2127 1476 2197 ille
1506 2126 1705 2187 senior
1751 2124 1900 2181 dure

243 2222 447 2288 ageret
488 2223 692 2287 contra
730 2234 890 2287 eum,
926 2216 1178 2279 dimissa
1225 2218 1483 2289 conjuge
1511 2231 1787 2289 reversus
1816 2216 1904 2269 est

243 2307 323 2363 ad
371 2312 648 2380 parentes
707 2308 956 2363 senioris
1002 2307 1097 2367 sui
1148 2306 1388 2375 mortui,
1448 2309 1505 2371 et
1552 2303 1780 2375 accepit
1820 2301 1904 2358 ibi

246 2411 516 2541 υξοιιὲἶι.
534 2396 852 2463 Definitum
878 2399 1062 2455 estut
1090 2394 1253 2455 illam
1278 2410 1463 2466 quam
1489 2395 1703 2466 postea
1733 2406 1902 2449 acce-

246 2501 303 2541 m
487 2490 603 2541 eat.

242 2485 329 2557 pit
356 2485 603 2551 habeat.

270 2593 370 2646 De
400 2605 589 2646 uxore
617 2596 758 2646 ante
780 2590 1202 2646 certaminum.
1235 2589 1334 2645 Ea:
1360 2588 1583 2657 eodem,
1611 2602 1745 2656 cap.
1780 2590 1865 2642 I0.

315 2678 1199 2749 CXXVIII.(Concil.Oompend.
1231 2693 1284 2732 o.
1317 2678 1389 2747 7).
1426 2675 1635 2748 Siquis
1655 2690 1904 2735 uxorem

245 2765 499 2838 accepit,
549 2771 605 2822 et
655 2782 793 2821 eam
846 2765 1317 2822 contaminatam
1345 2764 1658 2819 inveniens
1700 2762 1907 2819 dereli-

243 2855 394 2929 quit,
424 2859 483 2912 et
505 2854 686 2911 aliam
716 2855 965 2928 accepit,
998 2858 1289 2911 statutum
1316 2857 1403 2909 est
1433 2858 1498 2909 ut
1538 2852 1905 2909 omnimodis

246 2945 325 3001 ad
353 2944 617 3017 priorem
643 2948 1006 3013 revertatur;
1038 2943 1182 3016 quia
1210 2948 1269 2999 et
1292 2943 1444 3016 ipse,
1475 2941 1723 3015 quando
1737 2940 1904 2997 illam

2717 434 2849 474 can.
2882 422 2970 471 '22.

2717 434 2795 474 ca
2837 463 2849 474 .
2882 434 2970 471 zz.

2084 512 2325 567 CXXXII.
2360 511 2612 578 (Concil.
2656 434 2917 563 Nanfiet.
2949 521 3001 559 c.
3053 503 3162 559 13).
3198 500 3254 556 Si
3301 515 3424 572 qua
3453 498 3667 555 mulier

2012 618 2135 659 non
2183 602 2416 657 habens
2445 599 2637 654 virum
2671 596 2846 666 262
2881 596 2985 648 aut
3004 591 3095 647 vir
3116 606 3240 647 non
3269 587 3501 645 habens
3523 602 3666 643 uxo-

2013 708 2138 747 rein
2170 690 2383 745 fuerint
2416 685 2703 751 fornicati,
2732 682 2922 740 tribus
2951 680 3125 736 annis
3144 676 3485 750 poeniteant.

2017 792 2171 859 Quid
2207 792 2260 847 si
2308 806 2464 845 unus
2490 788 2796 859 absolutus
2823 784 3066 859 et__aller
3088 779 3411 859 copulatus
3439 776 3667 831 adulte-

2462 862 2584 917 rali
2610 857 2837 928 fuerint
2862 855 2963 911 Ειιτ
2990 851 3209 913 eadem.

2085 954 2351 1010 CXXXIII.
2395 951 2649 1021 (Com-it.
2684 949 2940 1003 .Vannel.
2973 960 3024 999 θ.
3059 941 3155 1007 lli;
3203 940 3526 997 BI‘RCUARD.
3560 936 3663 990 lib.

2016 1062 2093 1114 1x,
2124 1061 2173 1100 c.
2208 1044 2320 1114 70).
2379 1039 2548 1106 Quod
2576 1038 2627 1093 si
2678 1036 2765 1092 vir
2791 1050 2914 1091 non
2961 1030 3194 1088 habens
3226 1040 3475 1085 uxorem
3526 1040 3667 1081 cum

2016 1134 2256 1192 alterius
2283 1113 2471 1189 uxore
2500 1129 2573 1185 ad
2585 1122 2937 1192 ulteraverit,
2953 1124 3057 1178 aut
3086 1118 3134 1177 si
3162 1131 3285 1191 qua
3310 1113 3523 1175 mulier
3541 1129 3665 1167 non

2014 1225 2248 1282 habens
2291 1222 2487 1278 virum
2527 1234 2661 1274 cum
2723 1212 2963 1270 alterius
2990 1209 3144 1275 viro,
3182 1207 3277 1264 ille
3329 1202 3433 1275 qui
3468 1201 3664 1259 l‘wdus

2013 1314 2256 1371 violavit
2295 1309 2578 1379 conjugii,
2623 1310 2850 1378 septem
2908 1299 3100 1365 annis,
3133 1300 3197 1353 ut
3226 1310 3411 1366 supra
3437 1292 3666 1349 dictum

2014 1410 2119 1471 est,
2150 1401 2477 1475 poeniteat:
2523 1396 2618 1453 ille
2657 1393 2761 1465 qui
2789 1392 2920 1462 lege
2950 1384 3215 1457 coniugii
3246 1398 3369 1453 non
3412 1383 3664 1446 tenetur,

2012 1468 2279 1564 quinque
2311 1486 2484 1542 annis
2514 1484 2812 1556 pleniteat.
2844 1482 3046 1549 Neque
3075 1474 3235 1530 enim
3267 1468 3512 1541 aequalis
3537 1484 3664 1539 pue-

2011 1554 2256 1637 nitentia
2281 1573 2486 1631 «lanula
2516 1554 2605 1627 est
2632 1570 2726 1624 his
2765 1566 2987 1640 quibus
3025 1560 3297 1617 sufﬁcere
3326 1560 3559 1629 poterat
3588 1554 3665 1611 ad

2012 1666 2372 1742 explendam
2402 1660 2713 1718 libidinem
2744 1670 2923 1711 suam
2952 1648 3217 1721 conjugii
3239 1646 3575 1717 amplexus,
3608 1647 3666 1696 ct

2012 1729 2123 1815 illis
2156 1755 2281 1829 qui,
2323 1752 2579 1822 conjuge
2622 1748 2889 1803 carentes
2922 1739 3136 1797 ardore
3164 1732 3427 1792 libidinis
3456 1729 3664 1801 impel-

2009 1848 2183 1913 lente,
2215 1845 2274 1899 in
2306 1837 2757 1901 fornicationem
2786 1830 3144 1888 ceciderunt.

2332 1952 2415 2005 De
2440 1947 2641 2003 eadem
2668 1958 2750 1998 re.
2784 1941 2885 1995 Ex
2908 1932 3339 1993 Pamitenliali.

2082 2041 2342 2100 CXXXIV.
2378 2038 2435 2095 Si
2473 2035 2608 2108 quis
2655 2045 2880 2087 vacans
2929 2038 3115 2080 uxore
3166 2019 3381 2094 polluit
3423 2034 3487 2073 se
3524 2022 3663 2071 cunt

2011 2130 2250 2189 alterius
2281 2108 2484 2191 uxore,
2518 2122 2692 2179 annis
2722 2115 2962 2174 duobus
2977 2110 3280 2185 paeniteat.
3298 2105 3571 2164 Similiter
3590 2102 3664 2156 de

2013 2218 2250 2276 feminis
2283 2211 2754 2270 observandum.

2154 2316 2220 2370 Si
2244 2317 2534 2370 uxoralus
2565 2306 2851 2364 ancillam
2902 2299 3212 2372 propriam
3246 2291 3519 2349 tenuerit.

2088 2405 2320 2463 CXXXV.
2345 2399 2399 2467 Si
2432 2402 2716 2454 uxoratus
2750 2389 3030 2448 ancillam
3060 2383 3369 2459 propriam
3395 2377 3664 2444 tenuerit,

2015 2510 2244 2553 annum
2269 2505 2460 2546 unum
2489 2485 2791 2561 poeniteat,
2823 2478 2919 2534 vel
2946 2477 3007 2533 in
3037 2473 3153 2531 alio
3183 2485 3344 2528 anno
3371 2472 3487 2525 tres
3516 2482 3666 2538 qua-

2014 2581 2390 2653 dragesimus
2418 2581 2471 2632 et
2490 2552 2795 2645 legitimas
2822 2567 2999 2628 ferias
3028 2567 3087 2653 et
3128 2561 3319 2617 tribus
3359 2552 3668 2625 mensibus

2014 2673 2180 2749 prius
2230 2687 2291 2725 se
2332 2685 2367 2724 ει
2396 2682 2506 2721 sua
2531 2660 2830 2727 contineat
2858 2642 3133 2726 conjuge.
3170 2647 3398 2705 Ancilla
3420 2659 3584 2713 vero,
3620 2642 3669 2697 si

2014 2733 2134 2820 vim
2182 2774 2360 2835 passa
2393 2760 2500 2824 est,
2549 2747 2952 2826 quadraginta
2988 2742 3148 2808 dies;
3196 2739 3244 2795 si
3291 2733 3670 2793 consentiens

2014 2822 2207 2920 fuerit,
2262 2852 2379 2904 tres
2426 2822 2493 2899 in-
2531 2822 2691 2897 anno
2746 2829 3245 2912 quadragesimus
3274 2829 3333 2882 et
3372 2822 3669 2895 legitimas

2015 2940 2189 3007 ferias
2226 2935 2526 3011 pmniteat.

246 3014 497 3108 accepit,
515 3038 711 3107 potest
735 3034 865 3090 ﬁeri
892 3038 960 3090 ut
985 3014 1154 3103 virgo
1182 3048 1307 3089 non
1318 3014 1517 3100 esset;
1552 3047 1661 3087 nec
1692 3030 1906 3086 mulier

2028 3042 2193 3123 263
2222 3040 2286 3109 Si
2308 3039 2495 3094 laicus
2513 3050 2647 3090 cum
2676 3025 3076 3123 Laicahae‘nfna
3095 3019 3437 3092 fornicatus
3454 3014 3665 3083 fuerit.

244 3124 375 3194 lege
402 3123 515 3179 viri
536 3128 770 3179 tenetur
790 3138 1110 3196 quousque
1134 3122 1347 3178 merito
1373 3119 1907 3194 conjungaturJlla

245 3228 435 3286 quam
464 3217 680 3286 postea
707 3212 955 3285 accepit,
987 3213 1178 3268 nubat
1203 3212 1301 3267 cui
1328 3210 1473 3267 vult.

252 3320 426 3392 201
466 3320 556 3376 Ne
583 3319 805 3390 furiosi
829 3318 1214 3447 ηιαὲῃένέἰὲ
1235 3320 1603 3395 junguntur.
1652 3317 1752 3372 Ex
1782 3317 1907 3386 lege

985 3405 1226 3447 omana.

317 3480 534 3536 CXXIX.
569 3482 762 3548 (ΡΑιιι.
794 3478 896 3535 lib.
930 3496 971 3535 ιι
1002 3480 1193 3548 Sent,
1220 3478 1287 3535 tit
1310 3483 1382 3537 t9
1408 3496 1421 3547 ;
1452 3481 1767 3533 Buncumn.
1799 3476 1903 3533 lib.

244 3586 328 3637 ix,
360 3586 411 3626 c.
441 3573 553 3637 30).
594 3572 796 3642 Neque
828 3568 1086 3625 furiosus
1114 3584 1312 3641 neque
1344 3568 1566 3623 furiosa
1596 3566 1907 3622 matrimo-

244 3662 420 3717 nium
436 3660 786 3717 contrahere
809 3659 1070 3732 possint:
1104 3659 1211 3715 sed
1239 3659 1290 3714 si
1314 3662 1687 3717 conuentum
1712 3656 1904 3723 fuerit,

244 3766 373 3807 non
402 3754 727 3823 separetur.

313 3839 384 3895 Si
408 3841 516 3910 qui
537 3840 927 3896 matrimonia
950 3838 1088 3896 sani
1104 3834 1585 3907 μανιωδῶς
1613 3833 1833 3891 eodem.

318 3928 553 4029 CXXX.
602 3930 952 4029 (Buucuann.
980 3927 1083 3984 lib.
1116 3943 1197 3994 ix,
1244 3942 1297 3982 ο.
1326 3929 1440 3994 28).
1476 3924 1534 3981 Si
1580 3922 1687 3997 qui
1710 3922 1911 3979 matri~

240 4018 521 4075 monium
578 4018 708 4075 sani
757 4020 1208 4084 contraxerunt,
1269 4018 1329 4071 et
1380 4013 1486 4069 uni
1542 4028 1618 4068 ex
1666 4011 1908 4068 duobus

239 4106 511 4164 amentia
566 4112 672 4163 aut
724 4105 911 4173 furor,
940 4110 1046 4162 aut
1098 4104 1306 4177 aliqua
1360 4102 1677 4160 inﬁrmitas
1704 4116 1907 4157 δοθείη

241 4195 407 4265 serit,
439 4195 519 4251 ob
542 4196 700 4251 hanc
730 4193 1141 4251 inﬁrmitatem
1172 4191 1457 4264 conjugia
1504 4189 1715 4246 talium
1757 4187 1909 4244 solvi

236 4299 369 4341 non
429 4289 705 4358 possunt.
766 4282 1042 4340 Similiter
1096 4280 1476 4341 sentiendum
1532 4279 1608 4343 de
1657 4278 1749 4335 his
1802 4285 1912 4350 qui

237 4373 321 4431 ab
378 4373 741 4433 adversariis
797 4375 1116 4441 caecantur,
1176 4375 1281 4429 aut
1324 4368 1613 4427 membris
1664 4368 1906 4425 detrun-
1944 4396 1988 4452 ι)
2019 4370 2060 4428 Ρ

232 4469 475 4522 cantur.

232 4554 308 4611 Si
329 4557 506 4624 cujus
536 4568 693 4610 uxor
1125 4550 1584 4637 perpetrauerit.
1640 4550 1741 4605 Ex
1766 4563 1904 4605 con-

672 4626 812 4681 cilio
835 4624 1228 4694 Nametensi,
1260 4637 1392 4692 cup.
1418 4624 1510 4677 2|.

312 4713 579 4771 CXXXI.
614 4714 864 4785 (Concil.
889 4714 1149 4775 Nummi.
1209 4728 1259 4769 c.
1296 4715 1404 4777 ιιι).
1466 4708 1524 4766 Si
1550 4708 1723 4780 cujus
1753 4722 1906 4765 uxor

236 4802 606 4860 adulterium
643 4801 1090 4876 perpetraverit,
1118 4805 1176 4858 et
1201 4800 1317 4857 hoc
1347 4815 1384 4856 a
1412 4798 1541 4854 viro
1570 4796 1902 4869 deprehen-

238 4910 383 4951 sum
411 4893 588 4951 fuerit
647 4898 706 4951 et
750 4893 1145 4967 publicatum,
1207 4890 1469 4947 dimittat
1522 4903 1795 4957 uxorem,
1852 4886 1903 4942 si

236 4983 516 5051 voluerit,
547 4988 793 5058 propter
820 4981 1274 5040 fornicationem
1300 4999 1313 5049 ;
1352 4979 1455 5036 illa
1500 4993 1643 5035 vero
1673 4979 1903 5051 septem

237 5073 421 5130 annis
450 5072 690 5146 publice
720 5072 1024 5146 paeniteat.
1046 5071 1144 5127 Vir
1172 5085 1315 5127 vero
1343 5069 1494 5141 ejus,
1526 5068 1625 5124 illa
1649 5066 1898 5134 vivente,

234 5161 586 5218 nullotenus
640 5162 821 5219 aliam
852 5160 1122 5234 accipiat.
1155 5159 1327 5225 Quod
1371 5159 1421 5214 si
1448 5156 1703 5214 voluerit
1729 5154 1900 5212 adul-

233 5256 435 5307 teram
483 5250 597 5307 sibi
650 5249 1041 5318 reconciliari,
1118 5248 1421 5305 licentiam
1497 5247 1761 5314 habeat;
1820 5244 1901 5300 ita

232 5346 446 5399 tamen
493 5345 562 5397 ut
623 5341 846 5414 pariter
895 5356 1036 5396 cum
1088 5339 1188 5396 illa
1242 5337 1655 5412 paenitentiam
1713 5338 1897 5406 agat;

228 5436 294 5488 et
353 5434 562 5495 exacta
630 5430 1002 5504 paenitentia,
1077 5433 1218 5504 post
1273 5432 1502 5501 septem
1554 5442 1747 5489 annos
1820 5423 1901 5481 ad

233 5521 741 5578 communionem
792 5523 1043 5592 uterque
1094 5518 1359 5579 accedat.
1438 5515 1654 5574 Similis
1706 5515 1901 5571 forma

224 5616 289 5668 et
351 5610 414 5666 in
444 5609 691 5669 muliere
742 5608 1097 5679 servabitur,
1145 5607 1195 5665 si
1233 5623 1368 5665 eam
1395 5607 1486 5664 vir
1514 5606 1644 5680 ejus
1674 5603 1898 5673 adulte-

219 5700 412 5761 tavit.

2662 3102 2762 3158 Ex
2791 3097 2989 3155 eodem

2088 3201 2346 3263 CXXXVI.
2381 3197 2731 3265 (BL’RCHARD.
2760 3188 2866 3249 lib.
2891 3200 2970 3255 ix,
3002 3199 3054 3240 c.
3085 3180 3194 3251 68).
3227 3178 3285 3233 Si
3313 3175 3502 3232 laicus
3532 3188 3671 3228 cum

2015 3292 2168 3349 laica
2193 3264 2435 3357 femina,
2467 3283 2526 3340 id
2560 3286 2667 3350 est,
2693 3284 2943 3351 uterque
2974 3269 3285 3330 absolutus
3316 3282 3352 3322 a
3371 3264 3502 3333 lege
3532 3277 3672 3316 con-

2018 3381 2182 3452 iugii,
2216 3353 2347 3434 tres
2392 3353 2583 3432 annos
2633 3368 2958 3447 paeniteat;
3001 3366 3059 3418 et
3086 3361 3318 3434 quanto
3364 3353 3586 3426 saepius
3617 3353 3675 3405 et

2016 3467 2411 3541 negligentius
2442 3480 2512 3519 ea
2537 3441 2784 3535 peccata
2811 3442 3261 3514 commiserunt,
3290 3448 3455 3501 tanto
3474 3441 3670 3511 magis

2017 3564 2074 3617 et
2097 3532 2338 3629 tempus
2377 3532 2635 3607 addatur
2672 3550 2729 3601 et
2755 3542 2977 3599 modus
3005 3532 3387 3609 paenitentiae.

2022 3664 2105 3718 De
2123 3660 2446 3728 conjugato
2472 3651 2576 3723 qui
2590 3648 2809 3728 smpiu‘s
2823 3641 3167 3728 fornicatus
3183 3634 3393 3704 fuerit.
3418 3632 3518 3686 Ea:
3541 3645 3676 3685 con-

2562 3712 2698 3777 cilio
2729 3712 3126 3772 Eliberitano.

2093 3817 2376 3876 CXXXVII.
2430 3808 2680 3882 (Concil.
2714 3801 2941 3859 Eliber.
2984 3812 3035 3852 c.
3063 3798 3172 3862 47;
3220 3793 3359 3857 Ras.
3395 3788 3564 3882 epist.
3598 3786 3673 3882 ab

2018 3874 2333 3966 Heribald.
2368 3874 2547 3966 0:22;
2595 3898 2921 3951 Buncnmn.
2952 3886 3056 3942 lib.
3090 3899 3170 3953 ιχ,
3198 3897 3249 3937 c.
3291 3883 3404 3946 67).
3454 3875 3510 3933 Si
3539 3874 3674 3946 quis

2019 3963 2213 4054 fidelis
2264 3990 2497 4049 habens
2537 3963 2805 4045 uxorem
2861 3991 2985 4034 non
3040 3970 3222 4028 semel
3282 3966 3389 4024 sed
3455 3963 3674 4049 saepius

2018 4084 2193 4144 fuerit
2220 4080 2574 4149 moechatus,
2614 4074 2674 4131 in
2708 4072 2825 4126 fine
2857 4063 3062 4123 mortis
3090 4065 3179 4118 est
3201 4044 3671 4116 conveniendus.

2021 4173 2193 4243 Quod
2224 4171 2273 4241 si
2304 4186 2369 4225 se
2407 4144 2747 4242 promiserit
2793 4158 3187 4219 cessaturum,
3234 4148 3408 4204 detur
3431 4144 3484 4201 ei
3513 4158 3672 4200 com-

2019 4262 2249 4321 munio.
2296 4258 2353 4314 Si
2397 4251 2800 4317 resuscitatus,
2832 4259 3043 4302 rursus
3094 4239 3269 4296 fuerit
3314 4234 3671 4301 mmchatus,

2062 4351 2242 4409 Iacuit
2266 4346 2512 4404 ulterius
2538 4357 2661 4415 non
2690 4336 2935 4395 illudere
2964 4332 3113 4389 alios
3142 4329 3218 4384 de
3248 4322 3672 4383 communione

2016 4458 2204 4516 pacis.

2052 4547 2138 4602 De
2166 4559 2230 4599 eo
2261 4543 2364 4616 qui
2405 4540 2610 4608 lapsus
2646 4530 2823 4590 semel
2854 4530 2959 4583 est.
2990 4523 3089 4578 Ex
3125 4519 3321 4616 eodeni
3359 4513 3632 4616 concilio.

2088 4599 2397 4691 cxxxi’m.
2433 4599 2683 4697 (ἓοὴεέι.
2715 4614 2994 4673 Eliberit.
3036 4627 3087 4666 c.
3122 4608 3231 4677 69).
3267 4603 3323 4660 Si
3353 4599 3669 4697 quisforte

2012 4721 2246 4797 habens
2272 4690 2543 4784 uxorem,
2599 4705 2785 4771 semel
2814 4701 2987 4763 fuerit
3031 4699 3265 4775 lapsus,
3312 4690 3535 4782 placuit
3563 4705 3671 4764 per

2012 4790 2495 4886 quinquennium
2526 4778 2701 4873 agere
2750 4794 2825 4850 de
2849 4808 2920 4848 ea
2947 4804 3010 4846 re
3038 4778 3472 4860 paenitentiam,
3503 4783 3560 4835 et
3587 4778 3670 4834 sic

2012 4867 2401 4963 reconciliari,
2450 4867 2596 4948 nisi.
2621 4881 2945 4943 necessitas
2999 4871 3359 4933 inﬁrmitatis
3412 4867 3668 4943 coegerit

2012 4992 2149 5045 ante
2195 4956 2434 5058 tempus
2492 4979 2636 5035 dare
2688 4965 3199 5029 communionem.
3246 4959 3369 5017 Hoc
3406 4961 3464 5014 et
3510 4956 3668 5014 circa

2010 5076 2266 5134 feminas
2306 5063 2777 5133 observandum.

2013 5175 2139 5233 Cur
2168 5189 2288 5231 non
2339 5164 2780 5233 communicant
2829 5155 2948 5233 viri
2976 5150 3433 5233 cum‘adulteris
3463 5149 3664 5207 uxori-

2280 5225 2405 5298 bus.
2434 5239 2533 5294 Ex
2561 5231 2812 5305 epistola
2842 5225 3176 5283 Innocentii
3198 5236 3392 5293 papa.

2081 5335 2340 5392 CXXXIX.
2386 5328 2664 5397 (Decreta
2684 5320 2871 5375 Iunce.
2901 5316 2946 5385 I,
2975 5330 3027 5371 c.
3058 5316 3168 5383 24;
3214 5313 3354 5368 Iun.
3385 5312 3552 5381 epist.
3582 5310 3664 5366 ad

2010 5420 2329 5491 Heribald.
2360 5396 2415 5474 cf.
2443 5420 2504 5474 2t
2538 5433 2552 5485 ;
2590 5416 2919 5475 Burmann.
2944 5403 3048 5461 lib.
3074 5418 3227 5479 me.
3260 5399 3374 5473 77).
3406 5401 3475 5457 Et
3512 5396 3661 5469 illud

2009 5511 2415 5570 desideratum
2438 5509 2530 5562 est
2552 5500 2707 5572 sciri,
2740 5513 2846 5557 cur
2882 5493 3355 5555 communicatos
3381 5487 3489 5544 viri
3521 5502 3661 5542 cum

2009 5600 2292 5660 adulteris
2322 5596 2609 5654 uxoribus
2637 5610 2761 5655 non
2791 5588 3169 5659 conveniant,
3201 5597 3341 5639 cum
3369 5595 3401 5635 e
3452 5577 3662 5632 contra

2014 5706 2233 5755 uxores
2259 5690 2322 5749 in
2348 5685 2531 5760 264
2561 5684 2927 5749 consortium
2959 5677 3368 5739 adulterorum
3393 5667 3661 5724 virorum
