4044 6196
350 190 444 242 311
1470 183 1847 242 REGINONIS
1886 181 2300 239 PRUMIENSIS
2338 183 2651 247 ABBATIS
3669 191 3771 247 312

349 325 595 366 manere
639 310 977 391 videantur.
1029 312 1217 383 Super
1261 311 1376 366 hoc
1423 310 1757 383 Christiana
1802 305 2010 377 reiigio
2040 306 2088 359 A
2120 320 2304 362 uxore
2346 307 2616 364 adultera
2646 308 2896 366 maritus
2924 312 3201 383 paratam
3239 310 3421 367 fuisse
3458 314 3775 386 conqueri'

349 399 710 455 adulterium
739 399 800 454 in
847 392 1099 470 utquue
1131 414 1278 455 sexu
1308 400 1439 473 pari
1469 400 1697 457 ratione
1727 396 2009 454 condem-
2117 396 2229 450 tur.
2264 394 2537 453 Similiter
2564 398 2743 454 etiam
2784 397 3023 455 familia:
3061 398 3374 473 utriusque
3400 416 3583 474 paena
3611 418 3774 476 quaa-

349 492 473 545 nat.
493 488 606 546 Sed
626 489 787 543 viros
814 503 958 542 suos
981 486 1261 545 mulieres
1286 505 1410 546 non
1430 489 1599 546 facile
1620 489 1695 545 dc
1718 485 2008 543 adulteria
2118 482 2374 541 rendam
2402 490 2491 542 est
2520 486 2572 542 si
2598 487 2848 544 maritus
2867 492 3122 545 mortem
3156 489 3330 547 uxori
3354 489 3625 564 qualibet
3643 507 3775 549 ora-

349 582 654 644 accusant,
669 582 727 632 et
746 592 867 633 non
891 575 1117 633 habent
1133 578 1375 636 latentia
1397 584 1643 653 peccata
1658 577 2001 635 vindic!am.
2116 571 2277 629 tione
2306 575 2625 647 paraverit.

347 668 444 723 Vir
468 672 665 723 autem
696 682 915 722 uxores
948 666 1251 725 adulteras
1274 669 1518 726 liberius
1541 668 1704 743 apud
1736 666 2007 725 sacerdo-
2111 662 2184 718 Si
2207 662 2470 734 ingenua
2496 680 2664 723 servo
2687 668 2936 737 proprio
2978 682 3040 724 se
3066 668 3390 724 miscuerit.
3420 669 3522 726 Ex
3547 670 3771 741 eodem,

348 762 434 812 tes
461 755 689 811 deferre
720 760 1182 813 consueverunt.
1218 761 1282 814 Et
1306 758 1441 814 ideo
1476 742 1846 827 mulieribus,
1872 773 2006 831 pro-
2462 824 2500 831 _
2556 829 2563 831 ᾗ
2758 830 2762 831 ν
2820 753 2961 831 _cap
2982 742 3034 794 6.

344 844 467 900 dito
498 860 708 901 earum
725 845 994 915 crimine,
1014 848 1359 904 communio
1375 848 1983 919 denegatur.Virorun

2182 824 2423 880 CXLVII.
2455 824 2787 900 (Interpret.
2820 827 2859 883 l.
2893 843 2996 884 un.
3032 828 3176 885 Cod.
3214 829 3496 886 Theodos.
3530 830 3621 886 De
3644 846 3771 930 mu-

343 937 546 989 autem
584 933 912 991 commisso
940 934 1180 1007 latente,
1209 952 1335 992 non
1365 937 1534 993 facile
1571 937 1897 1010 quispam
1928 951 1983 992 e1

2110 913 2238 968 lier.
2271 928 2401 984 quae
2429 928 2490 970 se
2518 930 2632 972 ser.
2661 931 2764 986 pr.
2788 917 2997 989 junx).
3025 916 3079 972 Si
3111 932 3233 990 qua
3261 918 3541 1010 ingenua
3555 919 3771 975 mulier

344 1021 791 1094 suspicionibus
824 1022 1156 1079 abstinetur
1183 1042 1196 1092 ;
1254 1025 1355 1097 qui
1380 1026 1585 1098 utique
1613 1024 1983 1082 submovebi-

2110 1016 2278 1057 servo
2317 1003 2561 1076 proprio
2591 1020 2652 1060 se
2683 1005 2913 1063 occulte
2939 1006 3275 1077 miscuerit,
3307 1006 3638 1080 capitaliter
3663 1023 3772 1081 pu-
3798 1052 3803 1055 ν

343 1093 467 1177 tur,
504 1111 555 1166 si
585 1113 714 1182 ejus
742 1110 1039 1182 ﬂagitium
1088 1093 1416 1184 detegatur.
1465 1093 1614 1171 Cum
1643 1131 1786 1185 ergo
1817 1129 2000 1172 causa
2104 1093 2769 1185 ηξαιιινχδθτγυεᾼθίίξιξη
2793 1094 2897 1167 qui
2923 1094 2984 1151 in
3012 1094 3308 1151 adulterio
3339 1094 3603 1152 domum
3632 1113 3771 1153 con'

341 1215 453 1271 par
497 1200 588 1269 sit,
616 1179 942 1269 interdum,
989 1179 1346 1273 probatione
1389 1208 1678 1272 cessarte,
1722 1203 1997 1260 vindictae
2104 1179 2299 1273 Vif’tus
2328 1180 2522 1253 fuerit:
2573 1183 2814 1273 ignibus
2841 1188 3143 1241 exuram“
3198 1186 3395 1242 Serv”
3444 1190 3624 1243 eum”
3653 1187 3770 1242 hoc

340 1287 492 1341 ratio
517 1287 906 1359 conquiescit.

337 1388 405 1443 Si
424 1390 657 1445 conscio
684 1391 905 1446 marito
935 1406 1089 1447 uvor
1113 1393 1303 1460 fuerit
1334 1395 1652 1451 mwchata.
1687 1395 1788 1451 Ea:
1807 1397 1999 1451 conci-

916 1462 995 1518 lio
1034 1463 1429 1521 Eliberitano.

410 1549 557 1604 CXL.
591 1549 845 1620 (Concil.
879 1550 1158 1607 Eliberit.
1192 1568 1244 1606 c.
1276 1556 1384 1619 70;
1424 1556 1741 1610 Buucaann.
1782 1554 1885 1610 lib.
1920 1572 1998 1626 IX,

2109 1269 2334 1326 crimen
2357 1286 2643 1330 accusare
2662 1272 2797 1329 licet
2822 1291 2835 1341 ;
2858 1278 2915 1329 et
2934 1274 2979 1329 si
3006 1273 3410 1346 probaverint,
3432 1274 3767 1334 libertatem

2111 1365 2598 1432 consequantur;
2655 1366 2712 1418 et
2759 1362 2805 1417 si
2849 1378 2994 1432 non,
3044 1362 3393 1436 puniantur.
3445 1365 3769 1422 Haeredilas

2108 1448 2373 1505 mulieris
2403 1449 2496 1505 vel
2523 1450 2678 1528 ﬁliis,
2712 1451 2760 1507 si
2794 1456 3029 1508 suntex
3073 1452 3303 1510 maritis
3344 1455 3626 1527 suscepti,
3675 1455 3769 1512 vel

2109 1537 2469 1610 propinquis
2500 1555 2571 1594 ex
2600 1538 2731 1610 lege
2761 1540 3137 1597 venientibus
3164 1541 3478 1599 tribuatur.

335 1652 386 1692 (ι.
417 1638 527 1705 69).
564 1637 622 1693 Si
647 1637 888 1693 conscio
915 1638 1128 1695 marito
1154 1656 1307 1696 uxor
1327 1641 1502 1697 fuerit
1529 1643 1846 1709 maechata,
1870 1644 1983 1716 pla-

2112 1625 2362 1693 Ouando
2395 1630 2994 1716 pennittaturnua‘or
3036 1631 3231 1688 occidi
3244 1632 3489 1716 ⁸-Ραιιιί
3519 1635 3767 1690 Senten-

334 1725 455 1779 cuit
484 1739 594 1779 nec
620 1725 682 1780 in
707 1724 827 1780 ﬁne
858 1724 1130 1783 dandam
1160 1727 1212 1784 ei
1239 1730 1751 1787 communionem.
1784 1733 1840 1788 Si
1861 1748 1999 1788 vero

335 1828 471 1868 eam
498 1812 819 1885 reliquerit,
850 1819 987 1887 post
1012 1815 1219 1872 decem
1244 1832 1438 1874 annos
1461 1818 1713 1892 accipiat
1733 1836 1997 1877 commu-

334 1902 579 1957 nionem
605 1902 772 1974 (295).

332 2003 401 2059 Si
423 2004 556 2075 quis
584 2020 719 2061 cum
746 2007 965 2063 Judaea
987 2008 1079 2063 vel
1106 2009 1662 2135 (gientilimtechatus
1679 2013 1998 2081 /uerit.Ea'

900 2108 917 2119 ι
1039 2094 1104 2135 eo
1150 2094 1260 2134 em.

900 2108 917 2119 ι
1039 2094 1237 2135 eadem
1247 2121 1260 2134 .

406 2166 576 2219 CXLI.
614 2164 847 2236 (Concil
878 2166 1154 2223 Eliberit.
1189 2183 1240 2222 τι.
1275 2174 1384 2236 78).
1421 2170 1477 2227 Si
1511 2171 1647 2244 quis
1675 2171 1868 2228 ﬁdelis
1894 2173 1997 2229 lia-

332 2251 484 2306 bens
531 2268 801 2323 uxorem,
834 2269 974 2309 cum
1019 2254 1225 2312 Iudaea
1276 2257 1372 2312 vel
1414 2258 1616 2328 gentili
1648 2259 1823 2316 fuerit
1851 2277 1996 2316 moe-

333 2339 617 2409 chatus,a
646 2342 1074 2398 communione
1095 2349 1385 2401 arceatur.
1403 2347 1573 2413 Quod
1602 2348 1651 2404 si
1680 2348 1834 2405 alius
1857 2365 1993 2406 eam

332 2428 584 2496 duxerit,
617 2435 754 2502 post
780 2431 1285 2505 quinquennium,
1327 2450 1398 2491 ac
1421 2434 1686 2505 legitima
1706 2439 1995 2511 paeniten-

334 2517 433 2584 tia,
466 2517 680 2589 poterit
708 2520 1027 2575 Dominicae
1054 2521 1267 2578 sociari
1298 2524 1710 2582 communioni
1740 2528 1909 2600 (296).

517 2607 693 2680 265
726 2609 811 2664 De
835 2610 1150 2666 lenocinio.
1192 2612 1289 2668 Ea:
1312 2614 1507 2670 eodem
1538 2617 1791 2671 com-ilio

406 2695 605 2751 CXLII.
642 2696 890 2767 (Concil.
921 2698 1390 2763 Eliberit.e.78).
1415 2701 1735 2770 Mulier,vel
1751 2720 1990 2776 parens,

329 2782 421 2837 vel
451 2783 733 2855 quaelibet
751 2785 938 2842 ﬁlibet
962 2786 1237 2855 ﬁdelis,si
1257 2788 1619 2847 lenocinium
1643 2796 1990 2866 exercuerit,

330 2885 403 2925 eo
422 2871 585 2943 quod
606 2872 870 2928 alienum
882 2874 1214 2932 vendiderit
1233 2892 1450 2950 corpus
1463 2878 1553 2935 vel
1570 2881 1768 2953 potius
1790 2899 1989 2950 suum,

330 2958 556 3030 placuit
585 2975 721 3016 eam
750 2975 860 3016 nec
884 2962 944 3016 in
975 2961 1158 3019 ﬁnem
1186 2965 1453 3039 accipere
1474 2970 1988 3030 communionem.
2028 3011 2069 3067 ρ
2104 3025 2137 3079 b

330 3060 422 3115 Ne
459 3061 708 3117 Judaeus
748 3062 1159 3148 Christianam
1198 3068 1381 3148 ducat
1430 3085 1697 3129 uxorem.
1733 3077 1824 3131 Ex
1867 3078 1993 3148 lege

828 3136 1258 3208 Theodosiana,
1292 3141 1395 3196 lib.
1425 3157 1501 3196 ix.

405 3221 625 3277 CXLIII.
660 3223 962 3298 Interpret.
991 3224 1029 3281 1.
1065 3230 1095 3280 5
1129 3226 1297 3301 (Στοά.
1339 3230 1619 3287 Theodos.
1661 3234 1735 3291 de
1761 3237 1990 3295 adulte-

331 3311 463 3382 ris).
518 3314 632 3367 Nec
686 3313 925 3370 Iudaeus
984 3315 1404 3390 Christianam,
1460 3336 1569 3377 nec
1625 3323 1989 3384 Christianus

328 3400 601 3457 Judaeum
625 3401 807 3458 ducat
836 3420 1107 3461 uxorem.
1143 3408 1316 3473 Quod
1341 3410 1389 3465 si
1418 3410 1638 3483 fecerit,
1672 3416 1990 3487 cujuslibet

330 3491 710 3569 accusatione
741 3492 904 3550 velut
932 3494 992 3550 in
1025 3495 1387 3555 adulterium
1419 3501 1774 3560 vindicetur.

335 3592 407 3649 Ut
453 3595 705 3651 alterius
753 3598 1062 3725 mulier???
1094 3602 1323 3728 nulla:
1340 3610 1595 3661 accuset.
1651 3608 1753 3665 Ex
1784 3611 1987 3668 eodem

999 3686 1017 3726 ε
1063 3713 1101 3728 ..
1143 3687 1256 3728 can
1332 3717 1344 3728 .

999 3686 1101 3738 20.,
1143 3687 1256 3742 cap
1291 3686 1344 3729 4.

401 3755 622 3835 CXLIV.
652 3756 984 3830 (Interpret.
1012 3758 1051 3814 l.
1086 3764 1118 3816 2
1153 3762 1295 3818 Cod.
1336 3764 1615 3824 Theodos.
1649 3769 1722 3826 de
1758 3772 1987 3829 adulte-

327 3842 455 3914 ris).
486 3846 547 3897 In
578 3842 871 3921 adulterio
895 3851 1247 3906 extraneum
1276 3852 1590 3912 mulierem
1611 3872 1792 3914 nemo
1812 3875 1987 3917 accu-

330 3935 435 3997 set,
480 3930 585 4017 sed
612 3932 939 4006 propinqui
972 3935 1046 3990 ad
1076 3952 1336 4008 quorum
1378 3946 1587 3998 notam
1620 3947 1891 4017 pertinet,
1923 3950 1985 4006 id

328 4021 435 4083 est,
468 4016 646 4074 frater
671 4034 1014 4089 germanus,
1047 4024 1358 4097 patruelis,
1390 4016 1640 4101 patruus
1691 4038 1748 4089 et
1776 4052 1986 4094 conso-

326 4103 558 4160 brinus.
594 4106 823 4180 Reliqui
853 4113 1053 4166 tamen
1072 4117 1209 4169 ante
1237 4113 1707 4192 inscriptionem,
1740 4121 1787 4177 si
1813 4139 1986 4179 accu-

330 4195 459 4248 sata
474 4194 1118 4270 aequieverit,possunt
1134 4216 1243 4274 per
1262 4205 1725 4267 satisfactionem
1744 4212 1983 4270 veniam

326 4282 674 4353 promereri.

556 4373 644 4429 De
670 4375 904 4431 maritis
929 4381 1371 4439 accusantibus.
1400 4383 1500 4441 Ea:
1527 4388 1747 4446 eodem.

399 4461 593 4517 CLXV.
629 4462 782 4531 (Cod
812 4465 1027 4523 l’heod.
1060 4466 1225 4539 ibid;
1277 4474 1601 4531 BURCHARD.
1632 4476 1734 4534 lib.
1765 4497 1884 4549 xvr,
1914 4499 1970 4538 c.

325 4548 434 4622 37).
463 4550 676 4607 Meritis
704 4568 847 4609 sane
878 4554 1059 4613 etiam
1080 4573 1154 4614 ex
1176 4559 1517 4632 suspicione
1548 4580 1831 4626 accusare
1852 4586 1981 4643 per-

322 4637 576 4696 missum
606 4644 713 4698 est.

326 4736 585 4809 266m
592 4739 838 4809 familia
849 4742 1234 4804 deadulterio
1245 4750 1767 4823 distringaturﬂz
1778 4758 1978 4815 eodem

395 4836 612 4928 CXLYI.
645 4840 972 4928 (interpret.
1026 4845 1063 4898 Ι.
1105 4845 1138 4899 4
1172 4845 1319 4901 Cod.
1376 4848 1657 4907 Theodos.
1700 4853 1833 4910 eod.
1868 4855 1975 4928 tit.)

323 4921 403 4975 De
427 4921 720 5009 adulterio
749 4944 1008 4987 uxorum
1027 4933 1257 4991 maritis
1285 4951 1392 5009 per
1412 4941 1706 4998 tormenta
1738 4921 1976 5004 familiae

321 5007 661 5106 utriusque,
702 5015 765 5072 id
795 5024 887 5075 est
913 5036 1036 5077 sum
1074 5026 1131 5079 et
1161 5007 1659 5102 uxoris,quaerere
1688 5036 1976 5106 permitti-

321 5101 416 5197 tur
443 5115 456 5166 ;
481 5098 536 5197 .si
566 5103 768 5159 tamen
798 5104 897 5163 illo
929 5111 1198 5184 tempore
1227 5130 1351 5188 quo
1380 5098 1714 5177 admissum
1739 5122 1975 5197 dicitur,

318 5185 445 5243 haec
477 5187 609 5261 ipsa
638 5195 943 5269 mancipia
967 5185 1287 5270 praesentia
1332 5212 1438 5265 aut
1463 5207 1521 5265 in
1551 5211 1766 5269 eadem
1791 5185 1975 5273 domo

318 5276 507 5334 fuisse
552 5279 907 5352 probantur.
961 5288 1235 5351 Similiter
1265 5300 1323 5352 et
1351 5296 1398 5354 si
1441 5305 1696 5358 mortem
1731 5302 1845 5361 sibi
1894 5306 1973 5363 ab

386 5408 513 5479 (295
568 5411 712 5496 Vide
740 5416 964 5485 Legum
1004 5420 1269 5492 Longob.
1302 5426 1405 5484 lib.
1434 5446 1473 5499 1,
1515 5430 1599 5486 tit.
1633 5437 1721 5500 32,
1749 5450 1818 5492 ca
1870 5480 1882 5492 .
1916 5440 1967 5492 6.

388 5410 537 5553 (296i
567 5483 756 5541 Editio
790 5487 1327 5551 Helmaastadiensis
1356 5503 1412 5553 et
1453 5500 1642 5553 codex
1672 5521 1785 5553 ms-
1820 5451 1967 5553 gari.

328 5516 361 5560 η.
388 5483 536 5563 (2911)
567 5483 756 5564 Εάὶῆρ
790 5483 1327 5564 Helmtestadiensis
1356 5503 1412 5554 et
1453 5483 1973 5564 codex'insfﬁari;

316 5558 529 5647 mensis
538 5560 905 5647 constanter
915 5558 1124 5647 legunt
1142 5580 1280 5647 eam.
1292 5568 1557 5647 eriserit.
1585 5558 1761 5647 Apud
1773 5558 1972 5636 IIl—aba-

315 5637 463 5679 num
491 5640 633 5683 vero
663 5626 733 5683 in'
754 5626 1010 5703 epistola
1038 5633 1115 5690 ad
1147 5626 1558 5715 Heribaldum,
1586 5626 1968 5721 οὲῖρῖξᾶξὲἆῆι

2535 1702 2759 1756 tiarum
2795 1701 2946 1757 libro
2978 1718 3036 1771 ιι,
3078 1717 3210 1773 cap.
3242 1707 3333 1759 27.

2181 1783 2447 1838 CXLVIII.
2481 1785 2723 1850 (PAULUS
2761 1784 2864 1841 lib.
2900 1802 2936 1840 ιι
2966 1786 3152 1854 Sent.,
3193 1787 3277 1843 tit.
3309 1788 3420 1855 27).
3456 1791 3766 1845 Inventam

2106 1870 2167 1925 in
2196 1871 2485 1929 adulterio
2516 1889 2763 1930 uxorem
2806 1875 3056 1932 maritus
3102 1876 3183 1932 ita
3211 1876 3458 1933 demum
3487 1879 3764 1935 occidere

2106 1964 2321 2032 potest,
2357 1960 2405 2016 si
2427 1961 2765 2018 adulterum
2788 1963 2953 2020 domi
2984 1965 3475 2039 comprehendat.

2468 2050 2555 2106 De
2578 2066 2678 2107 reo
2710 2052 3013 2109 lenocinii.
3051 2054 3151 2109 Ea:
3179 2053 3393 2110 eodem.

2179 2138 2407 2194 CXLIX.
2439 2137 2626 2209 (PAUL.
2659 2139 2993 2211 ibid.)Eum
3022 2139 3127 2214 qui
3151 2140 3213 2196 in
3242 2141 3535 2199 adulterio
3556 2142 3767 2217 depre-

2105 2226 2364 2282 hensam
2394 2227 2565 2298 267
2598 2244 2846 2285 uxorem
2877 2245 3001 2286 non
3025 2230 3226 2287 statim
3251 2230 3558 2299 dimiserit,
3591 2248 3763 2289 reum

2104 2313 2386 2370 lenocinii
2410 2316 2713 2388 postulare
2741 2316 2985 2390 placuit.

2210 2402 2298 2458 De
2316 2402 2610 2461 dilatione
2656 2406 2718 2460 in
2750 2421 2931 2461 causa
2963 2406 3269 2463 adulterii.
3303 2408 3405 2465 Ea:
3431 2409 3651 2466 eodem.

2176 2493 2279 2547 CL.
2323 2490 2541 2563 (PAUL,
2570 2492 2739 2561 ibid.)
2774 2497 2836 2548 In
2885 2511 3068 2552 causa
3096 2495 3370 2552 adulterii
3401 2497 3451 2552 si
3476 2496 3760 2553 manifes-

2103 2582 2231 2634 tum
2273 2579 2469 2650 fuerit,
2509 2580 2715 2639 dilatio
2736 2583 3036 2655 postulata
3081 2584 3368 2657 impertiri
3415 2601 3538 2642 non
3567 2591 3763 2660 potest

2103 2668 2293 2738 [apud
2320 2670 2601 2737 Paulum,
2665 2671 2869 2728 dilatio
2921 2673 3223 2745 postulata
3276 2674 3583 2748 impetrari
3636 2691 3760 2734 non

2104 2758 2340 2830 potest].

2173 2849 2260 2903 De
2288 2849 2623 2919 virginibus
2665 2852 2854 2907 laicis.
2881 2852 2982 2908 Ex
3007 2855 3257 2911 concilio
3284 2855 3685 2914 Eliberitano.

2176 2938 2305 2992 CLI.
2331 2938 2579 3004 (Concil.
2606 2940 2884 2996 Eliberit.
2911 2958 2962 2998 c.
3000 2945 3093 3010 I-t;
3117 2943 3260 2999 Rm.
3295 2946 3563 3015 epist.ad
3586 2947 3763 3004 Heri-

2139 3025 2266 3081 ald.
2301 3042 2352 3082 c.
2385 3030 2452 3083 23
2480 3045 2492 3095 ;
2523 3028 2844 3084 Βιῖιιειιλιιι).
2879 3029 2981 3085 lib.
3015 3047 3093 3101 1x,
3123 3048 3174 3088 c.
3211 3036 3319 3105 14).
3341 3033 3604 3105 Virgines
3623 3051 3761 3109 quae

2100 3113 2501 3183 virginitatem
2531 3133 2706 3173 suam
2735 3133 2860 3174 non
2881 3119 3289 3189 custodierint,
3321 3122 3371 3178 si
3391 3122 3637 3179 eosdem
3653 3124 3760 3197 qui

2100 3216 2203 3256 eas
2232 3202 2584 3260 violaverint
2612 3207 2858 3264 maritos
2896 3207 3254 3281 acceperint,
3286 3225 3359 3265 eo
3406 3210 3572 3283 quod
3597 3209 3761 3266 solas

2099 3290 2341 3362 nuptias
2373 3292 2744 3362 violaverint,
2787 3301 2921 3369 post
2959 3297 3373 3369 pmnitentiam
3405 3297 3583 3354 unius
3612 3299 3760 3355 anni

2098 3379 2572 3436 reconcilientur.
2603 3381 2659 3437 Si
2690 3381 2837 3438 alios
2863 3384 3255 3455 cognoverint
3285 3385 3461 3454 viros,
3488 3402 3561 3442 eo
3587 3386 3760 3460 quod

2100 3467 2414 3524 moecham
2447 3472 2604 3537 sunt,
2632 3470 3047 3544 quinquennio
3087 3473 3435 3545 poeniteant,
3482 3480 3539 3531 et
3562 3476 3648 3531 sic
3676 3475 3758 3532 ad

2098 3556 2591 3615 communionem
2622 3561 2931 3617 accedant.

2096 3644 2184 3700 De
2199 3644 2291 3701 his
2319 3647 2427 3716 qui
2439 3647 2615 3716 ﬁdem
2632 3651 3073 3718 sponsaliorum
3085 3654 3388 3724 frangunt
3395 3654 3511 3710 .Ex
3530 3655 3753 3711 eodm.

2167 3734 2320 3791 CLII.
2374 3735 2627 3806 (Concil.
2662 3739 2932 3795 Eliberit.
2967 3756 3018 3796 c.
3052 3742 3160 3813 54).
3215 3741 3272 3797 Si
3318 3743 3424 3815 qui
3472 3738 3759 3816 parentes

2094 3821 2275 3880 ﬁdem
2288 3824 3045 3902 fregerintsponsaliorum,
3060 3830 3297 3888 triennii
3327 3837 3597 3906 tempore
3621 3833 3759 3889 abs-

2093 3912 2338 3971 tineant.
2357 3914 2416 3972 Si
2439 3919 2643 3974 tamen
2668 3916 2830 3974 idem
2860 3934 3120 3993 sponsus
3141 3920 3235 3976 vel
3253 3937 3481 3994 sponsa
3500 3922 3565 3979 in
3585 3922 3759 3993 gravi

2095 4001 2340 4059 crimine
2350 4003 2958 4080 fuerintdeprehensi,
2972 4010 3240 4067 excusati
3254 4015 3430 4067 erunt
3446 4016 3756 4085 parentes.

2092 4091 2180 4147 De
2195 4091 2592 4152 benedicenda
2606 4111 2843 4165 sponsa.
2863 4098 2962 4154 Ea."
2986 4100 3239 4156 concilio
3258 4099 3755 4171 Carthaginensi.

2166 4179 2345 4235 CLIII.
2373 4180 2623 4251 (Concil.
2656 4183 2948 4256 Carthag.
2976 4202 3059 4250 iv.
3092 4201 3143 4242 c.
3174 4192 3236 4244 13
3267 4206 3281 4256 ;
3316 4188 3754 4246 Βυιιωιειιιιιλὶι).

2093 4282 2172 4337 1x,
2204 4283 2255 4323 e.
2285 4269 2358 4341 5).
2391 4271 2658 4343 Sponsus
2680 4277 2737 4329 et
2757 4288 3003 4346 sponsa,
3027 4291 3167 4332 cum
3191 4276 3588 4334 benedicendi
3611 4284 3758 4335 sunt

2015 4358 2059 4414 D
2093 4374 2130 4411 ιι
2159 4357 2558 4431 εδοθιιάοιε,·α
2586 4361 2937 4434 parentibus
2969 4365 3093 4421 suis
3123 4365 3212 4421 vel
3241 4382 3278 4422 a
3306 4367 3754 4441 paranympbis

2091 4444 2436 4505 offerantur.
2508 4450 2620 4515 Qui
2673 4466 2812 4507 cum
2858 4452 3336 4511 benedictionem
3389 4457 3752 4530 acceperint,

2090 4534 2304 4592 eadem
2344 4542 2517 4594 nocte
2564 4555 2674 4611 pro
2702 4541 3029 4598 reverentia
3079 4543 3257 4615 263
3286 4544 3477 4617 ipsius
3504 4544 3755 4602 benedi-

2090 4624 2300 4680 ctionis
2330 4624 2390 4681 in
2421 4627 2757 4698 virginitate
2779 4638 3177 4703 permaneant

2093 4715 2165 4771 Ut
2203 4716 2412 4771 nullus
2443 4718 3001 4795 alteﬁusgsponsam
3040 4723 3324 4792 accipiat.
3363 4724 3465 4780 Ea:
3492 4725 3756 4795 epistola

2689 4790 2899 4847 Siricii
2932 4806 3134 4862 papas.

2160 4870 2336 4928 CLIV.
2368 4871 2642 4943 (Decreta
2668 4876 2882 4945 Simon,
2909 4892 2942 4932 c
2992 4879 3027 4932 4
3053 4895 3066 4945 ;
3102 4877 3414 4935 Burrum.
3445 4879 3551 4936 lib.
3584 4897 3659 4953 iv,
3690 4899 3749 4938 e.

2092 4962 2195 5027 l5;
2230 4962 2556 5018 Buncumn.
2588 4962 2692 5019 lib.
2739 4981 2819 5031 ix,
2850 4982 2901 5021 c.
2934 4966 3044 5035 31).
3080 4968 3157 5022 De
3196 4967 3500 5040 conjugali
3543 4976 3751 5027 autem

2085 5046 2408 5105 violatione
2437 5050 2756 5123 requisisti,
2792 5052 2843 5109 si
2871 5053 3302 5126 desponsatam
3347 5056 3450 5113 alii
3472 5058 3753 5131 puellam

2086 5135 2234 5193 alter
2260 5136 2322 5194 in
2348 5138 2805 5201 matrimonium
2834 5142 3024 5214 possit
3051 5142 3344 5217 accipere.
3391 5147 3511 5201 Hoc
3537 5146 3759 5202 neiiat

2084 5225 2282 5283 modis
2311 5228 2597 5285 omnibus
2626 5228 2971 5287 inhibemus
3006 5249 3020 5287 :
3052 5232 3198 5305 quia
3248 5232 3349 5290 illa
3382 5233 3752 5301 benedictio,

2081 5329 2268 5388 quam
2279 5321 2557 5391 nupturae
2576 5318 2855 5375 sacerdos
2865 5319 3225 5394 imponit,ap
3233 5322 3312 5378 ud
3324 5321 3532 5379 ﬁdeles
3548 5325 3643 5396 cuj
3653 5341 3751 5380 us-

2080 5437 2695 5499 duxeﬁtﬂonsensus
2718 5442 2826 5499 iste
2854 5442 2988 5499 fecit
3014 5460 3091 5500 ne
3119 5460 3255 5502 eam
3272 5445 3591 5505 lectionem
3616 5464 3752 5506 mu-

2080 5512 2365 5593 taremus.
2398 5514 2553 5593 Nam
2578 5513 2934 5593 suspicabar
2962 5530 3174 5593 vocem
3490 5536 3750 5593 corrup-

2080 5584 2203 5660 tam
2218 5596 2364 5660 esse
2393 5583 2558 5660 apud
2588 5583 2974 5660 Reginonem,
3005 5587 3173 5660 quod
3201 5588 3566 5647 editionibus
3590 5583 3746 5649 con-

2080 5651 2196 5708 cilii
2218 5651 2561 5712 Eliberi'tani
2585 5651 2874 5730 scriptum
2899 5651 2972 5715 sit
2999 5651 3131 5715 eum
3168 5660 3478 5719 detexerit.
