4046 6190
183 214 295 268 313

1126 211 1223 267 DE
1264 213 1552 271 ECCLES.
1596 214 1883 271 DISCIPL.
1925 211 2107 266 LIBRI
2148 211 2312 268 DUO.
2358 244 2426 253 --
2468 217 2595 272 LIB.
2638 217 2706 272 ῐῐ.

3559 228 3664 287 314

181 334 329 391 dam
362 332 652 405 sacrilegii
679 333 868 391 instar
896 321 987 389 est
1019 333 1072 390 si
1102 334 1207 391 illa
1235 338 1718 409 transgressione
1747 335 1869 392 vio-
1899 336 1947 387 A
1984 333 2073 389 De
2100 336 2452 403 raptoribus
2483 340 2790 410 virginum
2818 347 2873 398 et
2906 342 3250 401 viduarum.
3279 345 3382 403 Ea:
3408 352 3662 409 concilio

181 423 357 480 letur.

252 517 338 570 De
386 516 585 585 raptis
633 515 859 584 puellis
889 521 945 571 et
973 515 1378 586 desponsatis.
1411 519 1513 574 Ea:
1542 521 1800 577 concilio

843 586 891 641 A
901 601 1181 657 ncyrano
1194 631 1207 645 .

254 676 407 731 CLV.
438 674 695 746 (συπρα.
725 674 953 745 Ancyr.
988 691 1042 730 c.
1083 664 1195 744 10';
1232 677 1551 733 Hum-cm.
1576 678 1682 734 lib.
1707 696 1790 748 1v,
1814 693 1867 732 c.

189 766 250 820 i8
278 782 292 832 ;
326 766 468 820 ΒΑ».
501 765 674 835 epist.
711 764 791 820 ad
817 764 1165 836 Heribald,
1201 783 1252 823 c.
1282 771 1371 835 20;
1407 770 1733 824 Buncumn.
1759 766 1867 822 lib.

185 869 260 920 ιι,
302 869 355 908 c.
385 853 498 924 38.)
534 854 932 926 Desponsatas
960 854 1223 928 puellas,
1255 859 1311 911 et
1332 860 1473 928 post
1502 855 1581 912 ab
1612 855 1750 913 aliis
1781 870 1875 910 ra-

186 946 339 1014 ptas,
374 941 600 1015 placuit
619 942 767 1012 erui,
794 947 851 999 et
874 943 958 998 eis
981 944 1157 1000 reddi
1182 944 1406 1019 quibus
1434 948 1570 1000 ante
1624 943 1879 999 fuerant

185 1031 586 1105 desponsatze,
616 1031 847 1089 etiamsi
878 1032 961 1088 eis
994 1049 1033 1090 a
1056 1034 1403 1107 raptoribus
1428 1032 1516 1089 vis
1536 1032 1710 1089 illata
1736 1047 1880 1087 con-

187 1122 410 1178 stiterit.
1127 1156 1131 1159 -

252 1212 339 1268 De
365 1212 568 1267 eadem
593 1227 677 1268 re.
710 1212 811 1267 Ex
844 1212 1306 1282 Capitularium
1335 1213 1435 1270 lib.
1468 1229 1507 1280 1,
1553 1226 1697 1281 cap.
1736 1212 1805 1266 99

252 1299 432 1356 CLVI.
490 1300 639 1372 (Lib,
694 1306 713 1356 ‘1
773 1302 1115 1372 Capitular.
1180 1319 1235 1359 c.
1298 1304 1438 1371 105;
1502 1301 1880 1372 Capitulare

182 1389 552 1460 Aquisgran.
586 1391 854 1445 Lunov1c1
883 1393 984 1458 Pu,
1019 1407 1072 1447 c.
1106 1394 1179 1447 24
1210 1410 1225 1460 ;
1271 1392 1590 1448 ΒΒΒΟΗΑΒΙ).
1639 1387 1762 1446 lib.
1790 1407 1870 1447 1x.

189 1478 307 1548 37.)
338 1478 576 1535 Proinde
599 1479 825 1553 placuit
858 1484 1039 1553 atque
1097 1485 1395 1538 statutum
1450 1485 1539 1538 est
1594 1498 1629 1538 a
1692 1496 1870 1539 sacro

181 1570 484 1623 conventu
505 1571 563 1623 ut
607 1572 815 1641 raptor
861 1568 1109 1642 publica
1134 1571 1491 1644 paenitentia
1515 1560 1861 1628 mulctetur.

2671 412 2985 470 Meldensi.

2055 495 2232 550 CLIX.
2259 494 2506 566 (Concil.
2532 500 2715 557 Meld.
2750 518 2800 557 c.
2850 506 2965 571 64.)
3024 505 3312 577 Raptores
3356 508 3663 579 virginum

1981 579 2079 635 vel
2102 580 2450 654 viduarum,
2484 586 2589 659 qui
2620 588 2799 645 etiam
2824 594 3035 658 postea
3091 592 3397 651 voluntate
3446 611 3663 670 paren-

1982 672 2137 739 tum,
2178 674 2236 726 et
2257 676 2492 730 caetera.
2522 677 2775 750 Require
2802 682 2957 736 retro
2983 680 3045 737 in
3075 682 3272 755 primo
3301 682 3526 757 libello,
3584 688 3661 747 de

1983 758 2370 818 ordinatione
2402 763 2778 837 clericorum,
2805 785 2938 842 cap.
2974 771 3099 827 416.

2278 851 2366 907 De
2393 854 2597 911 eadem
2625 871 2708 912 re.
2734 857 2833 914 Ea:
2863 860 3083 931 eodem,
3112 876 3245 932 cap.
3274 867 3366 921 65.

2242 938 2496 1011 (Concil.
2525 944 2707 1001 Meld.
2732 962 2783 1001 c.
2817 951 2883 1003 65
2919 967 2932 1016 ;
2961 949 3282 1009 Buncumn.
3314 951 3419 1011 lib.
3470 970 3554 1027 1x,
3603 974 3656 1013 c.

1988 1025 2107 1114 39.)
2129 1026 2187 1082 Si
2214 1032 2415 1086 autem
2436 1032 2543 1104 qui
2567 1034 2827 1092 necdum
2849 1052 2951 1094 eas
2973 1055 3126 1112 quas
3143 1047 3493 1114 rapuerunt,
3516 1025 3660 1102 cum

1988 1112 2296 1202 voluntate
2316 1124 2633 1191 parentum
2668 1124 2783 1180 sub
2814 1127 3062 1199 praefato
3091 1112 3516 1202 desponsionis
3563 1134 3659 1190 vel

1989 1200 2243 1261 dotalitii
2272 1207 2518 1265 nomine
2547 1210 2610 1266 in
2668 1214 3020 1286 conjugium
3076 1200 3351 1291 sumptas
3409 1220 3655 1292 habent,

1988 1293 2241 1383 quando
2271 1295 2332 1351 in
2362 1299 2636 1356 omnium
2651 1317 2824 1358 aures
2843 1304 2968 1361 haec
2980 1305 3503 1366 fueritconstitutio
3519 1327 3657 1383 pro-

1987 1381 2281 1472 mulgata,
2305 1385 2384 1442 ab
2401 1402 2609 1445 earum
2636 1392 3059 1463 conjunctione
3081 1401 3451 1468 separentur,
3467 1381 3654 1472 etpu-

1981 1470 2155 1528 blicae
2186 1475 2551 1547 poenitentiae
2570 1480 2930 1549 subigantur
2954 1501 2967 1550 ;
2999 1488 3186 1556 raptae
3212 1489 3414 1543 autem
3438 1470 3654 1561 paren-

1982 1561 2142 1617 tibus
2174 1562 2442 1633 legaliter
2460 1567 2865 1626 restituantur.
2900 1572 3034 1627 Post
3064 1577 3263 1629 actam
3281 1590 3425 1630 vero
3447 1577 3650 1648 publi-

179 1657 438 1728 Raptam
462 1671 596 1711 vero
614 1657 663 1712 si
702 1673 964 1730 sponsus
991 1659 1272 1731 recipere
1303 1660 1575 1729 noluerit,
1608 1665 1668 1716 et
1726 1659 1860 1733 ipsa
1894 1684 1938 1739 Β
1978 1665 2115 1739 eam
2143 1652 2579 1724 paenitentiam,
2613 1657 2661 1711 si
2677 1660 2821 1713 aetas
2849 1663 2907 1714 et
2926 1659 3647 1736 incontinentiaexegerit,

180 1743 378 1800 eidem
396 1744 627 1802 crimini
644 1748 1026 1804 consentiens
1044 1764 1177 1804 non
1215 1748 1348 1813 fuit,
1370 1748 1606 1817 licentia
1625 1749 1861 1807 nuben-

178 1834 239 1891 di
260 1835 362 1891 alii
378 1851 499 1892 non
533 1840 802 1907 negetur.
840 1838 1009 1905 Quod
1041 1839 1091 1895 si
1124 1839 1278 1913 ipsa
1313 1840 1628 1911 consensit,
1679 1841 1859 1898 simili

179 1924 485 1981 sententiae
517 1925 867 1998 subjacebit.
900 1927 1068 1993 Quod
1091 1928 1145 1984 si
1185 1932 1251 1985 et
1294 1928 1407 2001 ipsi
1443 1933 1577 2003 post
1618 1930 1747 1986 haec
1790 1946 1860 1987 se

177 2014 547 2085 conjungere
591 2016 1094 2089 praesumpserint,
1164 2017 1417 2089 utrique
1460 2018 1857 2076 anathemati-

176 2106 403 2159 rentur.

266 2195 356 2250 De
384 2192 587 2251 eadem
617 2210 701 2251 re.
734 2196 833 2251 Ea;
859 2196 1104 2253 concilio
1137 2196 1469 2264 Metdensi,
1499 2212 1631 2268 cap.
1663 2200 1751 2254 69.

249 2285 453 2340 CLVII.
490 2284 740 2355 (Concil.
771 2285 950 2342 Meld.
981 2303 1031 2343 c.
1051 2289 1141 2356 68;
1202 2288 1524 2344 Buncuno.
1550 2287 1653 2343 lib.
1686 2304 1764 2356 ιι,
1798 2304 1851 2344 c.

181 2374 297 2441 32.)
328 2375 411 2429 De
438 2374 534 2429 his
554 2374 659 2447 qui
680 2390 937 2449 sponsas
959 2375 1197 2433 alienas
1219 2375 1467 2440 rapiunt
1498 2377 1676 2448 269
1706 2378 1857 2432 anti-

176 2479 301 2535 qua
322 2468 381 2519 et
407 2463 721 2536 synodalis
750 2465 1039 2523 sententia
1086 2465 1462 2522 observetur.
1518 2465 1690 2532 Quod
1746 2467 1855 2523 etsi

178 2552 327 2609 forte
348 2552 409 2608 in
443 2554 707 2611 Ecclesia
727 2559 976 2612 eventus
1006 2555 1139 2611 talis
1165 2554 1415 2627 reperiri
1461 2553 1852 2628 dignoscitur,

178 2647 241 2698 ut
260 2658 379 2715 pro
401 2642 615 2699 salutis
644 2649 700 2700 et
726 2643 1034 2713 religionis
1065 2642 1475 2717 competentia
1527 2643 1854 2701 humanius

176 2729 481 2803 quiddam
510 2730 731 2788 debeat
748 2732 991 2789 tractari
1018 2730 1338 2806 pontiﬁces
1368 2730 1653 2802 [debeant
1698 2736 1851 2789 trac-

175 2823 299 2876 tare
331 2821 550 2893 pont.],
582 2820 731 2877 sicut
757 2822 1073 2893 canonica,
1099 2824 1168 2876 ut
1201 2820 1429 2877 eisdem
1477 2821 1675 2878 verbis
1728 2825 1853 2879 uta-

172 2927 332 2979 mur,
364 2909 545 2968 docet
568 2912 911 2983 auctoritas,
942 2911 1087 2985 quia
1115 2910 1302 2984 prior,
1346 2910 1644 2984 inquiens,
1704 2911 1850 2968 deﬁ-

172 3000 322 3056 uitio
343 2999 582 3069 durius,
600 3001 899 3073 posterior
920 3005 1124 3057 autem
1140 2999 1435 3073 quiddam
1456 3001 1730 3057 tractavit
1743 3002 1852 3058 hu-
1880 3031 1923 3086 ο

170 3089 443 3158 manius,
462 3089 632 3145 nullo
653 3091 838 3147 modo
862 3096 928 3147 ut
952 3090 1032 3147 ad
1054 3089 1387 3146 maximam
1414 3090 1847 3161 indulgentiam

168 3177 647 3249 descendamus,
670 3178 913 3235 alterius
938 3194 1181 3252 sponsae
1230 3182 1507 3250 acceptor
1562 3178 1687 3235 sine
1739 3195 1849 3253 pu-

170 3267 336 3323 blica
358 3271 628 3323 transeat
646 3268 1020 3341 paenitentia,
1056 3271 1114 3322 et
1143 3281 1370 3339 sponso
1400 3266 1665 3337 legaliter
1719 3285 1848 3325 mu-

170 3356 360 3411 lctam
377 3360 728 3429 componat.
750 3357 924 3423 Quod
944 3356 995 3411 si
1021 3355 1151 3411 haec
1168 3355 1411 3412 obedire
1434 3358 1848 3425 renuerit,sine

170 3443 300 3500 ulla
323 3444 729 3514 refragatione
759 3461 872 3502 ana
886 3443 1297 3500 thematizetur
1328 3462 1341 3511 ;
1388 3443 1648 3501 fautores
1705 3462 1846 3503 vero

168 3533 353 3601 illius,
375 3534 554 3604 juxta
581 3535 832 3591 modum
862 3534 1076 3606 culpae,
1110 3533 1692 3606 episcopalidecreto
1722 3552 1846 3609 pce-

172 3624 427 3680 niteant.
456 3624 515 3680 Si
540 3639 702 3692 vero,
735 3624 904 3697 quod
930 3638 1054 3680 non
1085 3625 1390 3696 optamus,
1423 3623 1498 3679 de
1528 3625 1721 3693 gradu
1749 3641 1844 3682 ec-

170 3710 514 3768 clesiastico
544 3711 763 3767 talibus
792 3711 1018 3784 nuptiis
1044 3726 1106 3766 se
1131 3725 1552 3767 consensorem
1610 3712 1703 3768 vel
1754 3713 1844 3770 in-

171 3805 578 3857 terventorem
607 3800 921 3857 manifeste
944 3798 1291 3873 prodiderit,
1325 3815 1361 3855 a
1391 3799 1581 3869 gradu
1602 3801 1846 3874 proprio

168 3889 504 3963 repellatur
543 3907 556 3944 :
591 3894 647 3946 et
676 3889 725 3945 si
755 3888 1178 3946 verisimilibus
1227 3887 1441 3944 exinde
1500 3889 1847 3962 suspicioni-

166 3979 293 4034 bus
319 3978 496 4035 t‘nerit
519 3978 928 4051 propulsatus,
957 3976 1245 4035 canonice
1276 3993 1338 4033 se
1357 3980 1592 4050 purget.

166 4069 262 4124 De
288 4084 413 4124 non
435 4068 753 4137 sponsatis.
785 4067 889 4123 Ea:
915 4067 1361 4137 Capitularium
1394 4065 1494 4122 lib.
1520 4083 1557 4133 ι,
1593 4082 1723 4138 cap.
1751 4071 1840 4125 98.

248 4146 479 4214 CLVIII.
531 4156 679 4227 (Lib.
738 4174 757 4211 1
816 4157 1151 4226 Capitular.
1206 4158 1440 4224 0.104;
1496 4156 1845 4226 Capitulare

167 4249 670 4319 Aquisgranense
701 4249 960 4303 Lunovml
981 4248 1066 4315 P.,
1110 4261 1159 4301 c.
1194 4249 1261 4301 23
1292 4263 1306 4314 ;
1363 4248 1677 4302 Buncmno.
1735 4247 1836 4304 lib.

168 4354 256 4403 IX,
289 4354 343 4393 c.
379 4336 495 4408 36.)
530 4339 606 4392 De
632 4335 845 4409 puellis
868 4335 1056 4410 raptis
1082 4334 1343 4390 necdum
1372 4334 1749 4408 desponsatis
1778 4339 1838 4394 in

175 4425 665 4483 Chalcedonensi
694 4425 948 4482 concilio
979 4425 1266 4498 scriptum
1297 4429 1383 4480 est
1415 4442 1427 4480 :
1479 4446 1508 4474 ‹‹
1569 4428 1680 4481 Eos
1735 4427 1839 4499 qui

166 4516 428 4588 rapiunt
455 4503 688 4587 puellas
719 4514 832 4571 sub
858 4514 1102 4573 nomine
1125 4512 1303 4569 simul
1326 4512 1658 4586 habitandi,
1707 4532 1841 4572 coo«

166 4608 488 4679 perantes,
509 4608 567 4659 et
596 4604 982 4660 conhibentes
1006 4602 1372 4676 raptoribus,
1394 4602 1655 4660 decrevit
1674 4620 1843 4661 sanc-

168 4699 240 4749 ta
294 4691 595 4766 synodus,
655 4692 704 4748 si
759 4691 1005 4765 quidem
1060 4690 1253 4747 clerici
1300 4695 1456 4757 sunt,
1508 4691 1842 4749 decidanta

169 4783 377 4851 gradu
408 4781 655 4855 proprio
688 4800 702 4850 ;
737 4782 785 4837 si
809 4798 949 4838 vero
992 4781 1145 4851 laici,
1180 4781 1776 4838 anathematizentur.
1813 4805 1840 4831 »

169 4870 416 4938 Quibus
434 4869 638 4927 verbis
668 4870 845 4928 datur
865 4870 1111 4941 intelligi
1159 4868 1413 4942 qualiter
1468 4869 1648 4940 hujus
1699 4869 1842 4927 mali

167 4966 462 5018 auctores
491 4958 823 5018 damnandi
847 4963 1004 5028 sunt,
1021 4956 1270 5033 quando
1291 4957 1608 5032 participes
1628 4961 1686 5014 et
1706 4974 1844 5015 con-

166 5051 462 5108 hibentes
491 5054 655 5109 tanto
684 5049 1063 5107 anathemate
1090 5047 1395 5115 feriuntur,
1428 5052 1486 5104 et
1513 5048 1686 5120 juxta
1742 5064 1841 5105 ca-

160 5141 471 5197 nonicam
510 5139 922 5197 auctoritatem
952 5137 1031 5195 ad
1056 5137 1337 5209 conjugia
1354 5136 1613 5208 legitima
1638 5143 1843 5212 raptas

162 5232 291 5287 sibi
320 5231 462 5302 jure
495 5231 606 5302 27
616 5231 675 5303 0
690 5230 994 5287 vindicare
1020 5227 1361 5287 nullatenus
1389 5232 1660 5301 possunt.

249 5384 405 5461 (29])
443 5385 506 5461 In
531 5380 788 5461 editione
804 5377 1312 5461 Helmaistadiepsi
1327 5377 1561 5461 legitur,
1577 5378 1842 5461 publica?

150 5455 559 5533 madentia
596 5454 927 5510 tradantur
972 5458 1028 5508 et
1085 5451 1167 5507 ad
1204 5450 1473 5532 habitum
1532 5451 1841 5532 religionis

154 5526 387 5578 redire
405 5530 723 5578 conantur.
760 5525 1030 5578 Uteraue.
1057 5527 1168 5578 etc.
1211 5521 1444 5578 COdlCls
1495 5536 1634 5576 vero
1686 5523 1841 5576 Pari-

154 5525 387 5581 i'edire
405 5530 723 5595 cogantur.
760 5525 1030 5597 Uterque,
1057 5527 1168 5578 etc.
1211 5525 1444 5578 Codicis
1495 5536 1634 5576 vero
1686 5525 1839 5576 Pari-

154 5596 400 5677 siensis
420 5596 593 5677 lectio
621 5611 693 5651 ea
718 5600 805 5677 est
829 5593 1277 5677 quam__praefer_t
1303 5593 1430 5677 bam
1460 5596 1664 5677 nostra
1719 5591 1839 5674 edi:

154 5669 282 5727 tio.
316 5666 644 5741 Utrobique
669 5662 869 5724 auteni
899 5662 1143 5723 mutilus
1178 5669 1271 5721 est
1314 5665 1410 5721 hic
1464 5662 1631 5720 lacus
1664 5680 1677 5731 ;
1731 5663 1836 5737 qui

1974 1738 2243 1811 legitimo
2263 1747 2320 1797 et
2345 1757 2418 1798 ex
2442 1744 2712 1817 utrisque
2764 1747 3036 1818 partibus
3089 1748 3310 1821 placito
3363 1755 3648 1824 conjugio

1972 1828 2295 1885 socientur.
2328 1833 2474 1886 Nam
2506 1831 2565 1887 in
2588 1831 2681 1887 his
2714 1850 2836 1889 non
2867 1835 3141 1905 regulam
3171 1839 3593 1897 constituimus
3629 1861 3643 1911 ;

1970 1910 2097 1986 sed,
2123 1922 2189 1974 ut
2207 1918 2407 1975 verbis
2431 1921 2638 1992 magni
2672 1923 2882 1998 Leonis
2913 1929 3174 1995 utamur,
3206 1926 3355 2001 quid
3387 1928 3461 1985 sit
3503 1910 3644 1988 toleé

1965 2007 2218 2065 rabilius
2248 2009 2645 2068 aestimamus.
2677 2014 2849 2078 Quod
2882 2014 2930 2068 si
2962 2030 3119 2070 unus
3172 2031 3245 2072 ex
3303 2018 3642 2089 conjugatis

1965 2096 2200 2169 obierit,
2250 2097 2302 2154 is
2354 2099 2459 2172 qui
2514 2100 2822 2172 publicam
2890 2103 3302 2174 paenitentiam
3343 2105 3548 2175 egerit,
3580 2114 3642 2165 et

1966 2187 2267 2259 superstes
2297 2187 2600 2260 exstiterit,
2633 2189 2846 2246 iterare
2875 2191 3229 2262 conjugium
3256 2208 3379 2248 non
3410 2209 3638 2265 praesu-

1964 2278 2110 2341 mat,
2134 2274 2248 2329 nisi
2274 2273 2422 2332 forte
2453 2276 2775 2349 episcopus
2800 2278 3140 2350 praeviderit
3159 2278 3429 2351 aliquam
3487 2294 3635 2334 con-

1963 2362 2172 2419 cedere
2204 2363 2661 2435 indulgentiam,
2687 2371 2752 2421 ut
2773 2366 3111 2436 graviorem
3127 2366 3319 2440 possit
3347 2382 3635 2423 amovere

1963 2451 2259 2508 offensam

2239 2542 2327 2598 De
2354 2542 2557 2599 eadem
2588 2558 2673 2599 re.
2722 2544 2824 2600 Ea-
2868 2544 3088 2601 eodem.
3114 2560 3246 2614 cap.
3282 2547 3350 2600 66

2033 2630 2467 2701 CLXI.(Concil.
2489 2632 2674 2688 Meld.
2696 2648 2745 2707 c.
2766 2635 2862 2699 66;
2880 2634 3097 2689 concil.
3122 2634 3289 2690 Rom.
3311 2635 3422 2690 sub
3447 2634 3627 2705 Greg.

1962 2718 2045 2788 ΙΙ,
2078 2734 2129 2775 c.
2166 2718 2249 2785 10,
2286 2718 2393 2789 H.)
2427 2718 2537 2785 Qui
2575 2734 2720 2776 vero
2768 2720 3053 2795 deinceps
3098 2736 3312 2793 rapere
3364 2721 3628 2791 virgines

1958 2807 2413 2879 praesumpserit
2459 2808 2553 2863 vel
2600 2809 2836 2877 viduas,
2885 2810 3223 2866 secundum
3271 2809 3627 2884 synodalem

1962 2895 2118 2951 beati
2139 2895 2405 2964 Gregorii
2425 2896 2837 2954 deﬁnitionem
2862 2898 2979 2971 ipsi
3005 2904 3062 2955 et
3088 2898 3412 2972 complices
3445 2900 3555 2969 27
3575 2901 3619 2969 ι

1960 3000 2171 3040 eorum
2201 2985 2797 3054 anathematizentnr,
2820 2990 2877 3042 et
2902 2991 3179 3059 raptores
3203 2987 3332 3042 sine
3362 2986 3627 3057 canjugii

1957 3076 2248 3146 perpetuo
2276 3079 2581 3129 maneant.

2065 3164 2149 3217 De
2172 3161 2374 3218 eadem
2398 3178 2484 3218 re.
2516 3162 2614 3218 Ex
2643 3162 2897 3232 epistola
2924 3163 3278 3233 Symmachi
3315 3178 3517 3234 papae.

2030 3249 2230 3306 CLXII.
2267 3249 2585 3319 (Sumen.
2620 3250 2789 3319 epist.
2824 3254 2875 3317 5,
2911 3266 2961 3305 c.
3014 3255 3050 3306 4
3087 3271 3100 3321 ;

1954 3354 2034 3408 1v,
2059 3354 2110 3395 c.
2148 3342 2211 3393 16
2249 3356 2262 3405 ;
2296 3341 2613 3395 BURCHARD.
2633 3338 2734 3395 lib.
2765 3356 2844 3409 ιχ,
2872 3356 2923 3395 c.
2957 3344 3077 3414 3i.)
3108 3344 3395 3415 Raptores
3444 3342 3627 3414 igitur

1955 3427 2275 3483 viduarum
2310 3428 2401 3483 vel
2426 3428 2730 3499 virginum
2751 3429 2831 3484 ob
2852 3429 3295 3488 immanitatem
3315 3432 3463 3489 tanti
3484 3433 3625 3489 faci-

1953 3515 2116 3571 noris
2142 3515 2532 3584 detestamur,
2554 3515 2686 3572 illos
2741 3517 3155 3575 vehementius
3202 3521 3623 3593 persequendo

1953 3603 2056 3677 qui
2087 3618 2290 3659 sacras
2321 3603 2581 3673 virgines
2601 3603 2696 3659 vel
2724 3603 2994 3659 volentes
3025 3606 3120 3661 vel
3168 3607 3385 3664 invitas
3411 3609 3620 3664 matri-

1954 3692 2160 3749 monio
2178 3707 2288 3747 suo
2309 3692 2536 3749 sociare
2558 3691 2928 3748 tentaverint.
2959 3694 3120 3757 Quos
3136 3709 3246 3765 pro
3269 3698 3391 3751 tam
3406 3696 3618 3753 nefan-
3702 3754 3719 3769 ο

1953 3781 2184 3839 dissimi
2238 3781 2346 3852 [ita
2392 3783 2570 3838 etiam
2620 3782 2684 3836 in
2730 3787 2843 3837 vet.
2894 3782 3094 3838 codice
3120 3784 3331 3854 regia]
3353 3784 3618 3842 criminis

1953 3869 2261 3931 atrocitate
2341 3885 2377 3925 a
2468 3868 2895 3927 communione
2978 3871 3267 3944 suspendi
3349 3874 3618 3947 praecipi-

1951 3974 2109 4015 mus.

1952 4049 2041 4105 De
2071 4048 2162 4104 his
2210 4049 2316 4119 qui
2341 4049 2830 4105 sanctimoniales
2878 4048 3151 4119 rapiunt.
3214 4051 3314 4107 Ea:
3361 4054 3616 4110 concilio

2451 4120 2825 4191 supradicto,
2879 4135 3010 4190 cap.
3045 4124 3111 4175 67

2024 4210 2246 4265 CLXIII.
2278 4209 2534 4277 (Concil.
2561 4208 2745 4265 Meld.
2771 4225 2821 4264 c.
2856 4212 2920 4264 67
2951 4228 2963 4278 ;
3001 4212 3318 4267 ancmnn.
3353 4210 3456 4267 lib.
3488 4228 3612 4280 vni,

1953 4313 2005 4354 ο.
2066 4297 2179 4368 52.)
2221 4296 2333 4362 Qui
2389 4296 2874 4353 sanctimoniales
2934 4298 3197 4367 virgines
3252 4299 3347 4355 vel
3397 4300 3615 4357 viduas

1869 4383 1917 4437 D
1950 4387 2212 4460 rapiunt,
2247 4389 2307 4442 et
2330 4402 2659 4459 progressu
2679 4387 2858 4443 etiam
2888 4386 3153 4442 criminis
3168 4387 3228 4441 in
3260 4388 3613 4459 conjugium

1953 4480 2224 4541 sumunt,
2254 4475 2513 4547 publicae
2543 4475 2905 4549 paenitentiae
2932 4474 3306 4543 subigantur.
3359 4479 3613 4548 Uterque

1955 4566 2101 4637 (297)
2137 4568 2337 4621 autem
2369 4564 2495 4620 sine
2524 4564 2646 4620 ulla
2671 4578 2776 4635 spe
2805 4563 3027 4618 uxoriae
3066 4561 3464 4635 copulationis
3505 4578 3613 4636 pe-

1949 4654 2211 4711 renniter
2240 4657 2544 4710 maneant.
2580 4652 2633 4709 Si
2665 4667 2830 4717 vero,
2885 4651 3053 4725 quod
3094 4649 3271 4717 absit,
3326 4651 3613 4723 conjugia

1949 4745 2163 4802 iterare
2183 4741 2700 4817 praesumpserint,
2723 4740 2937 4798 acriori
2957 4739 3297 4796 subdantur
3310 4739 3610 4813 vindictas,

1950 4837 2009 4890 et
2037 4831 2298 4906 amplius
2345 4830 2775 4905 propellantur.
2832 4828 3003 4895 Quod
3055 4827 3104 4883 si
3159 4827 3308 4884 forte
3365 4828 3612 4887 obedire

1950 4924 2193 4981 monitis
2250 4921 2612 4979 salutaribus
2685 4918 2985 4976 noluerint
3016 4961 3030 4987 ,

1952 5017 2065 5070 tur.

2026 5119 2201 5190 272
2235 5118 2326 5174 De
2347 5116 2549 5173 eadem
2590 5130 2675 5171 re.
2706 5114 2807 5171 Ex
2835 5115 3088 5184 epistola
3111 5114 3316 5171 Siricii
3331 5130 3536 5185 papw.

2024 5227 2244 5284 CLXIV.
2281 5224 2557 5294 (Decreta
2590 5223 2783 5279 SIRICII
2814 5239 2864 5278 c.
2899 5225 2930 5278 6
2965 5240 2978 5290 ;
3008 5224 3326 5279 Buncmno.
3354 5221 3456 5279 lib.
3484 5239 3606 5291 vui,

3104 4918 3614 4979 anathematizen-

1952 5374 2441 5448 sicsupplendus
2475 5378 2657 5448 estex
2688 5374 2942 5431 editione
2977 5375 3273 5434 Sirtnondi
3322 5379 3379 5430 et
3428 5373 3608 5448 veteri

1949 5446 2159 5504 codice
2175 5446 2412 5502 nostro:
2434 5447 2694 5516 publica?
2715 5448 3316 5519 pwm'tentiaejua‘ta,
3365 5446 3607 5502 modum

1988 5533 2121 5575 uem
2148 5519 2497 5588 pramiderit
2531 5520 2861 5591 episcopus,
2893 5520 3272 5591 subigantur.
3294 5520 3604 5591 [βεδε-υςιό

1973 5586 2092 5646 ocis
2118 5586 2399 5660 congruis
2421 5586 2795 5661 paenitentia)
2824 5586 3241 5659 reti-uelantur,
3273 5586 3331 5645 et
3371 5588 3451 5644 ad
3502 5586 3604 5641 ha-

1946 5662 2152 5731 bitum,
2181 5667 2293 5719 etc.

3154 3254 3461 3308 HALITGAR.
3516 3252 3622 3309 lib.
3732 3287 3741 3291 -
