4044 6196
390 246 495 304 315

1506 243 1877 302 REGINONIS
1914 241 2330 301 PRUMIENSIS
2366 242 2688 300 ABBA'I‘IS.

3708 247 3818 299 3M

390 386 443 427 c.
474 369 588 442 29).
618 366 959 439 Impudicas
986 366 1482 440 detestabilesque
1507 383 1797 441 personas
1819 368 2041 439 (mona-
2065 372 2111 423 Α
2153 368 2263 435 sui,
2294 368 2406 424 nisi
2435 368 2583 426 forte
2611 367 2795 439 regali
2823 367 3093 439 jussione
3125 369 3393 437 cogatur.
3448 369 3512 423 Et
3543 367 3595 422 si
3623 383 3819 441 quan-

392 460 645 515 cborum
676 455 896 512 scilicet
919 460 1098 532 atque
1124 458 1585 527 monacharum,
1617 474 1773 531 quae,
1806 458 2041 530 abjecto

390 546 697 622 proposito
741 545 1083 615 sanctitatis,
1139 546 1340 604 illicita
1395 564 1465 604 ac
1512 547 1799 619 sacrilega
1843 550 2045 604 conta-

392 638 567 711 gione
597 651 658 692 se
678 634 1044 708 miscuerint)
1071 652 1107 693 a
1131 638 1633 699 monasteriorum
1664 641 1820 694 coetu
1860 636 2044 694 eccle-

390 727 736 798 siarumque
761 724 1153 781 conventibus
1183 725 1579 784 eliminandas
1623 743 1751 783 esse
1796 726 2045 785 manda-

388 832 526 872 mus
554 832 567 870 :
600 817 899 886 quatenus
923 817 1169 871 retrusee
1197 815 1259 870 in
1287 815 1412 871 suis
1440 815 1772 887 ergastulis,
1809 819 2041 872 tantum

388 904 623 961 facinus
654 902 937 963 continua
966 902 1390 962 lamentatione
1418 904 1722 973 deﬂentes,
1771 905 2045 981 puriﬁca-

390 993 541 1049 torio
569 990 805 1065 possint
830 991 1219 1065 pcenitudinis
1249 994 1387 1066 igne
1417 994 1692 1068 decoqui,
1723 997 1785 1052 ut
1831 994 1915 1051 eis
1952 993 2047 1053 vel

392 1081 471 1141 ad
522 1083 778 1137 mortem
828 1080 1058 1151 saltem,
1111 1082 1295 1139 solius
1338 1082 1755 1140 misericordiae
1805 1083 2043 1153 intuitu,

390 1186 499 1244 per
528 1170 970 1227 communionis
1000 1172 1256 1241 gratiam
1284 1172 1474 1248 possit
1494 1172 1819 1229 subveniri.

530 1261 618 1316 De
640 1259 843 1316 eadem
872 1275 957 1318 re.
989 1261 1090 1318 Ex
1123 1263 1373 1332 epistola
1402 1263 1677 1334 Gregorii
1699 1278 1895 1333 papte.

458 1350 650 1406 CLXV.
687 1347 879 1422 (Apud
910 1350 1186 1407 Gnarus.
1220 1356 1309 1425 27,
1351 1368 1411 1431 q.
1449 1352 1496 1406 l.
1535 1368 1585 1408 c.
1619 1352 1723 1424 i5).
1776 1351 2046 1408 Pervenit

389 1437 467 1496 ad
497 1454 610 1495 nos
634 1437 800 1513 quod
835 1439 1088 1515 quidam
1141 1442 1231 1499 vir
1283 1442 1692 1515 nequissimus
1746 1442 2043 1498 diabolico

389 1526 669 1583 instinctu
698 1526 771 1581 de
803 1528 1169 1586 monasterio
1204 1528 1456 1585 suaserit
1510 1528 1667 1586 exire
1710 1529 2044 1603 quamdam

390 1617 510 1670 Deo
551 1617 870 1685 sacratam,
911 1621 1089 1689 atque
1129 1634 1165 1673 a
1197 1618 1467 1689 quodam
1500 1618 1649 1687 viro,
1698 1618 1858 1675 unde
1887 1617 2044 1675 exie-

389 1708 499 1772 rat,
533 1703 605 1760 sit
635 1706 936 1772 revocata,
966 1720 1300 1781 rursusque
1328 1723 1464 1765 eam
1507 1707 1595 1763 vir
1632 1706 1727 1763 ille
1758 1706 2046 1781 nequissi-
2074 1725 2117 1776 Β

392 1809 528 1848 mus
547 1792 756 1865 iniqua
787 1793 1069 1850 suasione
1099 1794 1173 1851 de
1204 1796 1571 1854 monasterio
1603 1796 1863 1871 eiiciens,
1879 1797 2044 1877 apud

393 1899 456 1938 se
485 1898 646 1939 nunc
677 1898 866 1959 usque
897 1883 1143 1941 retineat
1170 1885 1493 1961 impudice.
1523 1886 1810 1943 Volumus
1841 1891 2041 1943 autem

390 1975 454 2028 ut
483 1972 866 2046 episcopatus
898 1972 979 2028 tui
1010 1974 1357 2032 auctoritate
1386 1975 1445 2032 in
1476 1976 1909 2041 monasterium
1950 1992 2041 2033 re-

389 2064 633 2117 vocetur
661 2076 730 2116 ac
760 2060 1116 2119 retrudatur.

565 2168 652 2227 De
678 2167 881 2227 eadem
907 2182 990 2226 re.
1020 2169 1122 2227 Ea:
1148 2170 1400 2238 epistola
1429 2172 1655 2233 Gelasii
1675 2185 1873 2242 papas.

457 2256 691 2317 CLXVI.
719 2256 994 2328 (Decreta
1024 2260 1285 2327 Gausu,
1330 2276 1382 2314 c.
1410 2264 1511 2329 20;
1567 2264 1896 2323 Buscssnc.
1935 2260 2040 2321 lib.

387 2358 510 2412 VIII,
543 2360 594 2401 c.
625 2345 735 2416 32).
766 2344 1105 2416 Virginibus
1143 2347 1326 2405 sacris
1356 2363 1418 2407 se
1460 2349 1765 2422 quosdam
1814 2351 2043 2409 sociare

388 2433 802 2504 cognovimus,
836 2437 894 2490 et
919 2439 1057 2506 post
1092 2435 1359 2492 dicatum
1402 2438 1779 2511 propositum
1816 2439 2046 2505 incesta

387 2522 614 2579 foedera
698 2523 1110 2599 sacrilegaque
1186 2525 1457 2583 miscere.
1545 2527 1703 2590 Quos
1764 2530 2038 2602 protinus

386 2628 631 2685 aequum
660 2615 804 2671 esta
829 2628 1000 2673 sacra
1038 2615 1465 2673 communione
1510 2617 1766 2686 detrudi,
1816 2622 1875 2674 et
1924 2618 2039 2677 nisi

385 2717 494 2775 per
522 2701 831 2775 publicam
855 2702 1273 2777 privatamque
1303 2705 1715 2777 pcenitentiam
1735 2722 1861 2767 non
1899 2708 2040 2766 reci-

384 2790 448 2863 pi
477 2808 491 2847 :
522 2789 667 2849 viati
695 2806 836 2851 cum
864 2795 1067 2855 tamen
1096 2791 1171 2853 de
1200 2792 1419 2849 saeculo
1448 2793 1825 2866 exeuntibus,
1872 2795 1921 2851 si
1958 2800 2042 2854 ta-

385 2895 527 2941 men
554 2878 957 2961 paenituerint,
989 2895 1115 2939 non
1141 2881 1368 2951 negari.

388 2986 565 3056 273
603 2986 678 3041 Ut
706 2986 1013 3054 episcopus
1039 2989 1466 3045 monasterium
1489 2990 1919 3047 monachorum
1945 2994 2039 3049 vel

430 3075 778 3144 puellarum
807 3075 1084 3131 introeat.
1113 3076 1214 3133 Ex
1237 3078 1488 3134 concilio
1516 3079 1998 3152 Rothomagensi.
2065 3077 2105 3130 C

455 3178 711 3235 CLXVII.
755 3179 1099 3251 (Buncnsnn.
1132 3181 1235 3238 lib.
1257 3188 1384 3254 vm,
1418 3199 1467 3240 ο.
1493 3188 1604 3251 66).
1635 3187 1704 3241 Ut
1718 3184 2038 3257 episcopus

384 3265 818 3322 monasterium
897 3269 1338 3325 monachorum
1393 3275 1450 3326 et
1516 3269 2039 3327 sanctimonalium

385 3356 728 3427 frequenter
756 3357 1028 3423 introeat,
1051 3362 1272 3415 etcum
1320 3359 1605 3429 gravibus
1653 3363 1710 3416 et
1750 3360 2038 3429 religiosis

383 3444 657 3519 personis
706 3445 766 3502 in
808 3462 1017 3503 eorum
1064 3447 1159 3503 vel
1183 3463 1392 3505 earum
1427 3454 1721 3506 conventu
1750 3449 2036 3517 residens,

384 3549 594 3591 eorum
617 3534 803 3591 vitam
834 3540 891 3592 et
919 3538 1441 3595 conversationem
1485 3538 1799 3610 diligenter
1844 3539 2042 3595 discu-

383 3624 489 3681 tiat
516 3640 531 3679 :
560 3626 617 3681 et
644 3625 692 3680 si
717 3626 864 3698 quid
888 3627 1352 3700 reprehensibiie
1380 3629 1692 3697 invenerit,
1744 3630 2041 3700 corrigere

382 3715 635 3783 satagat.
671 3713 1226 3772 Sanctimonialium
1256 3717 1434 3774 etiam
1463 3717 1815 3791 pudicitiam
1862 3718 2044 3775 subti-

380 3800 511 3858 liter
537 3802 863 3874 investiget.
908 3806 974 3860 Et
1022 3805 1069 3859 si
1123 3806 1389 3879 aliquam
1437 3807 1726 3864 invenerit
1753 3824 1909 3881 quae,
1943 3823 2044 3864 ne-

383 3890 574 3960 glecto
598 3892 911 3964 proposito
941 3893 1245 3961 castitatis,
1274 3895 1487 3951 clerico
1515 3901 1619 3951 aut
1653 3896 1806 3952 laico
1846 3897 2047 3969 impu-

382 3978 591 4033 denter
615 3979 916 4046 miscetur,
939 3981 1150 4036 acriter
1178 3982 1525 4039 verberibus
1576 3990 1936 4052 coerceatur,
1986 3990 2044 4041 et

383 4065 445 4121 in
497 4065 731 4138 privata
784 4068 1056 4124 custodia
1109 4070 1470 4141 retrudatur,
1526 4071 1631 4127 ubi
1680 4072 1845 4145 quod
1883 4073 2041 4129 male

384 4155 682 4211 commisit
708 4155 889 4225 digne
918 4158 1219 4232 poeniteat.
1256 4160 1571 4217 lnterdicat
1600 4165 1803 4218 autem
1842 4178 1915 4218 ex
1941 4180 2041 4219 au-

383 4244 648 4300 ctoritate
679 4248 1025 4303 sanctorum
1047 4263 1349 4305 canonum
1390 4254 1458 4306 ut
1484 4249 1686 4307 nullus
1718 4250 1906 4309 laicus
1937 4257 2041 4308 aut

383 4331 631 4389 clericus
660 4333 721 4388 in
752 4349 957 4391 earum
996 4335 1270 4393 claustris
1299 4341 1357 4394 et
1376 4340 1614 4395 secretis
1660 4339 2039 4398 habitationi-

2150 458 2229 514 do
2260 458 2421 515 foras
2451 458 2661 531 pergit,
2693 457 2769 513 de
2800 456 3357 514 sanctimonialibus
3406 473 3560 530 quas
3604 474 3815 513 secum

2149 547 2313 603 ducit
2343 564 2550 604 curam
2571 547 2903 604 maximam
2932 546 3174 615 habeat,
3205 550 3271 603 ut
3298 546 3465 602 nulla
3509 547 3593 603 eis
3636 547 3815 603 detur

2149 637 2386 693 occasio
2411 636 2723 711 peccandi.

2206 727 2363 796 Quid
2390 741 2567 797 agere
2594 726 2845 783 debeant
2875 726 3384 781 sanctimoniales.
3413 725 3513 781 Ex
3542 725 3762 783 eodem.

2220 813 2453 871 CLXIX.
2497 815 2748 888 (Concil.
2777 816 3050 886 Mogunt.
3083 813 3190 869 sub
3220 814 3366 869 Rab.
3419 830 3472 869 c.
3508 814 3568 869 16
3602 832 3618 885 ς
3664 815 3817 871 Bun—

2150 920 2356 960 cusnu.
2388 903 2490 960 lib.
2515 921 2636 973 vui,
2662 920 2715 960 ο.
2748 908 2860 973 77).
2897 902 3390 961 Sanctimoniales
3418 902 3479 960 in
3506 907 3815 960 monaste-

2148 992 2236 1049 rio
2267 994 2599 1050 constitutae
2628 993 2893 1051 habeant
2923 993 3192 1049 studium
3229 993 3290 1048 in
3339 992 3594 1063 legendo
3643 996 3702 1049 et
3745 993 3818 1048 in

2150 1082 2474 1151 cantando,
2504 1088 2560 1140 et
2597 1084 2779 1139 horas
2825 1082 3147 1139 canonicas
3201 1082 3544 1139 solemniter
3588 1081 3817 1155 pariter

2151 1172 2468 1245 celebrent,
2515 1177 2571 1230 et
2617 1188 2849 1242 omnes,
2902 1171 3165 1245 exceptis
3208 1189 3362 1246 quas
3391 1171 3706 1229 inﬁrmitas
3733 1175 3816 1229 te-

2150 1267 2269 1329 net,
2326 1262 2388 1317 in
2440 1261 2790 1319 dormitorio
2838 1261 3161 1331 dormiant,
3203 1266 3258 1318 et
3288 1260 3571 1317 omnibus
3596 1259 3816 1317 diebus

2153 1350 2232 1406 ad
2259 1350 2588 1424 capitulum
2621 1355 2678 1406 et
2707 1350 3053 1409 collationes
3082 1350 3342 1417 veniant,
3393 1354 3451 1404 et
3474 1348 3745 1420 regulam
3776 1364 3815 1405 a

2154 1439 2374 1495 sanctis
2405 1440 2676 1497 Patribus
2702 1440 2816 1496 illis
2845 1440 3227 1497 constitutam
3255 1438 3569 1510 diligenter
3614 1438 3818 1494 obser-

2151 1533 2312 1585 vent.

2153 1620 2238 1674 De
2276 1620 2514 1676 cautela
2543 1619 3110 1745 sanctimoniézlium.
3156 1620 3255 1675 Ea:
3300 1618 3552 1674 concilio
3595 1618 3816 1687 Hispa-

2927 1704 3071 1745 ensi.

2927 1704 3071 1746 ensi.

2222 1778 2443 1835 CLXX.
2471 1780 2719 1850 (Concil.
2752 1780 2991 1850 Hispal.
3025 1796 3085 1846 ιι,
3118 1794 3168 1835 c.
3207 1784 3265 1835 il
3299 1797 3311 1847 ;
3346 1780 3682 1836 BUICBAID.
3703 1778 3815 1834 lib.

2150 1885 2269 1939 vm,
2297 1885 2347 1925 c.
2376 1873 2486 1939 53).
2546 1870 2683 1926 Haec
2728 1869 2886 1926 circa
2922 1885 3135 1925 omnes
3175 1868 3408 1925 cautela
3436 1873 3721 1935 servetur,
3752 1874 3823 1924 ut

2150 1958 2362 2013 remoti
2409 1974 2445 2013 a
2494 1956 2900 2031 peculiaritate
2952 1957 3276 2027 virginum,
3334 1972 3445 2012 nec
3501 1972 3694 2028 usque
3736 1956 3822 2012 ad

2136 2045 2510 2118 ~vestibulum
2559 2045 2828 2103 habeant
2876 2046 3201 2103 accedendi
3246 2044 3535 2102 familiare
3566 2046 3823 2119 permis-

2153 2153 2309 2193 sum.
2343 2141 2456 2194 Nec
2485 2138 2613 2211 ipse
2643 2137 2747 2211 qui
2768 2142 2985 2211 praeest
3014 2154 3154 2193 cum
3185 2136 3313 2193 sola
3333 2136 3591 2210 colloqui
3616 2136 3819 2206 debet,

2151 2225 2257 2282 sed
2290 2227 2403 2283 sub
2432 2226 2772 2283 testimonio
2801 2225 3063 2282 duarum
3119 2230 3223 2282 aut
3278 2226 3460 2282 trium
3514 2241 3819 2293 sororum,

2150 2313 2231 2372 ita
2256 2320 2320 2372 ut
2345 2332 2481 2373 rara
2512 2316 2586 2372 sit
2614 2316 2898 2386 accessio,
2927 2315 3121 2372 brevis
3152 2315 3399 2372 locutio.

2151 2407 2241 2462 Ne
2267 2406 2474 2463 clerici
2495 2406 2590 2462 uel
2621 2407 2989 2463 continentes
3036 2406 3117 2461 ad
3159 2406 3426 2476 virgines
3468 2405 3820 2475 ingredian-

2463 2483 2582 2533 tur.
2621 2478 2719 2534 Ea-
2747 2478 3000 2534 concilio
3028 2476 3516 2547 Carthaginensi.

2219 2566 2455 2623 CLXXI.
2503 2566 2734 2639 (Concil
2785 2567 3077 2635 Carthag.
3115 2582 3197 2635 ιιι,
3230 2582 3280 2625 c.
3330 2570 3447 2630 25).
3512 2567 3582 2622 Ut
3620 2564 3821 2621 clerici

2147 2655 2242 2712 vel
2262 2655 2633 2713 continentes
2663 2655 2743 2711 ad
2772 2656 2948 2728 375
2996 2655 3213 2721 viduas
3256 2654 3353 2711 vel
3379 2653 3665 2724 virgines,
3696 2654 3815 2710 nisi

2147 2761 2221 2801 ex
2243 2746 2417 2816 jussu
2446 2750 2552 2802 aut
2579 2745 2879 2818 permissu
2902 2745 3347 2819 episcoporum.
3371 2748 3476 2800 aut
3498 2743 3813 2817 presbyte-

2145 2850 2371 2901 rorum,
2424 2849 2549 2891 non
2592 2834 2884 2891 accedant
2917 2851 2930 2889 :
2963 2839 3022 2890 et
3057 2834 3175 2890 hoc
3217 2848 3342 2890 non
3373 2831 3503 2901 soli,
3548 2832 3659 2889 sed
3702 2848 3818 2889 nec

2145 2923 2261 2997 ipsi
2288 2923 2555 2997 episcopi
2584 2928 2643 2981 et
2668 2922 3045 2997 presbyteri;
3102 2923 3207 2979 sed
3262 2922 3369 2980 ubi
3418 2921 3615 2978 clerici
3663 2939 3815 2995 prae-

2146 3016 2341 3068 sentes
2369 3016 2528 3081 sunt,
2551 3015 2657 3069 aut
2679 3010 2865 3084 aliqui
2886 3026 3099 3081 graves
3120 3010 3453 3069 Christiani.

2146 3103 2233 3158 De
2259 3088 2560 3171 corruptis
2589 3102 3170 3184 sanctimonialibus.
3200 3101 3299 3157 Ra;
3327 3101 3610 3170 cpistosla
3633 3099 3821 3156 Ιππο-

2774 3178 2961 3230 centii
2982 3187 3184 3244 papas.

2219 3261 2453 3323 CLXXII.
2488 3262 2766 3333 (Decreta
2797 3262 2985 3318 lusco.
3019 3261 3061 3327 Ι.
3090 3278 3143 3321 c.
3179 3265 3282 3329 i0;
3339 3260 3658 3325 Hsu'rosl.
3709 3258 3819 3319 lib.

2144 3368 2225 3420 1v,
2259 3367 2312 3406 c.
2350 3354 2413 3408 19
2441 3370 2454 3419 ;
2488 3352 2820 3408 Buncssuu.
2852 3350 2956 3408 lib.
2979 3367 3100 3420 vm,
3130 3367 3180 3408 c.
3211 3352 3325 3421 13).
3360 3351 3501 3416 Quae
3542 3350 3605 3415 in
3653 3348 3817 3407 Chri-

2146 3444 2238 3499 sto
2269 3440 2606 3513 spiritaliter
2629 3440 2887 3507 nubunt,
2911 3439 2960 3497 si
2981 3443 3191 3513 postea
3211 3438 3449 3512 publice
3478 3439 3815 3511 nupserim.

2146 3529 2240 3591 vel
2269 3545 2330 3585 se
2353 3529 2626 3593 clanculo
2655 3531 3047 3602 corruperint,
3086 3544 3210 3589 non
3257 3545 3361 3593 eas
3405 3527 3816 3591 admittendas

2147 3614 2280 3675 esse
2302 3618 2381 3676 ad
2411 3618 2713 3688 agendam
2739 3618 3175 3692 paenitentiam,
3190 3618 3303 3675 nisi
3328 3618 3378 3679 is
3400 3617 3495 3674 cui
3518 3632 3582 3673 se
3603 3618 3819 3689 junxe-

2147 3712 2241 3767 rat
2267 3708 2343 3765 de
2367 3708 2601 3765 mundo
2638 3707 2965 3775 recesserit.
3020 3707 3078 3765 Si
3122 3707 3285 3765 enim
3341 3706 3416 3764 de
3462 3705 3817 3769 hominibus

2147 3797 2277 3854 hac
2304 3795 2457 3857 ratio
2485 3796 2835 3867 custoditur,
2883 3799 2949 3853 ut
3000 3811 3135 3868 quas
3191 3795 3427 3855 vivente
3476 3794 3607 3853 viro
3649 3794 3820 3857 alteri

2145 3884 2434 3958 nupserit,
2463 3884 2734 3949 adultera
2763 3884 3079 3955 habeatur,
3110 3898 3222 3940 nec
3246 3883 3299 3939 ei
3329 3881 3580 3955 agenda:
3624 3883 3818 3957 peni-

2149 3974 2344 4030 tentiaa
2368 3973 2606 4032 licentia
2626 3972 3010 4044 concedatur,
3038 3972 3152 4029 nisi
3180 3988 3339 4041 unus
3380 3987 3452 4028 ex
3498 3971 3593 4028 his
3641 3971 3819 4029 fuerit

2149 4062 2491 4136 defunctus,
2504 4067 2732 4137 quanto
2758 4062 2953 4133 magis
2980 4062 3055 4119 de
3082 4061 3184 4119 illa
3214 4060 3544 4121 tenendum
3565 4064 3660 4117 est
3674 4077 3815 4133 qua

2147 4156 2285 4207 ante
2314 4150 2637 4216 immortali
2669 4166 2731 4213 se
2761 4166 2986 4223 sponso
3038 4151 3451 4222 conjunxerat,
3498 4154 3556 4206 et
3602 4154 3817 4223 postea

2148 4238 2227 4295 ad
2257 4240 2559 4297 humanos
2588 4238 2903 4311 amplexus
2933 4238 3396 4309 transmigravit.

2217 4334 2297 4385 De
2324 4327 2712 4385 sacularibus
2744 4328 2957 4454 vidgis.
3126 4327 3379 4385 concilio
3422 4327 3739 4395 Meldevui,

2881 4414 2979 4454 an.
3090 4441 3101 4454 .

2881 4414 2979 4468 ap.
3014 4414 3101 4454 σι.

526 4423 2039 4545 igc‘ffﬂ‘ff“233133???”Preffyfﬁfffiff:
2068 4436 2111 4490 Β
2218 4468 2498 4526 CLXXIII.
2531 4470 2785 4545 (Concil.
2830 4421 3125 4535 ltitiaf‘g.
3154 4473 3265 4538 7c;
3326 4472 3655 4525 Βυιιοωιυ.
3702 4467 3812 4525 lib.

381 4515 510 4568 tum
531 4511 609 4568 ad
639 4512 908 4569 missam.
943 4513 1185 4587 Expleta
1213 4515 1414 4587 missa,
1460 4516 1536 4573 ad
1587 4518 1866 4575 ecclesias
1896 4536 2037 4575 suas

378 4600 643 4659 redeant.
703 4594 1009 4660 Omnibus
1045 4606 1334 4681 praeterea
1378 4606 1615 4685 publice
1665 4611 1721 4663 et
1755 4608 2035 4683 privatim

378 4691 688 4750 denuntiet
712 4696 1009 4769 quantum
1038 4692 1344 4767 piaculum
1377 4695 1449 4752 sit
1490 4696 1593 4769 qui
1624 4712 1914 4770 sponsam
1955 4698 2036 4754 al—

378 4781 558 4840 terius
613 4782 816 4851 violat,
874 4787 1103 4857 quanto
1150 4785 1344 4855 magis
1386 4801 1523 4842 reus
1553 4786 1883 4858 majestatis
1915 4786 2036 4843 etii-

377 4870 528 4927 citur
577 4871 683 4949 qui
731 4887 1019 4946 sponsam
1087 4875 1514 4948 omnipotentis
1590 4876 1690 4931 Dei
1771 4893 2036 4933 corrum-

377 4958 465 5030 pit
493 4961 661 5029 (298).

280 5048 285 5053 ’
382 5062 560 5137 274
588 5065 663 5120 Ut
692 5065 993 5127 abbatissa
1031 5068 1104 5127 de
1130 5072 1489 5129 monasterio
1524 5088 1645 5128 non
1665 5073 2033 5145 egrediatur.

608 5151 707 5208 Ex
733 5156 983 5211 concile
1007 5157 1495 5231 Mogontiacensi,
1537 5175 1671 5230 cap.
1700 5163 1789 5217 lc.

447 5257 732 5317 CLXVIII.
766 5261 995 5320 Concil.
1025 5265 1298 5337 Mogunt.
1328 5268 1437 5324 sub
1461 5267 1612 5325 Rab.
1644 5284 1697 5324 c.
1729 5273 1795 5324 16
1828 5286 1842 5337 ;
1888 5270 2036 5327 Bun-

377 5365 587 5407 cnun.
617 5348 719 5409 lib.
752 5364 873 5421 vui,
906 5367 956 5408 c.
987 5355 1100 5420 80).
1152 5354 1473 5417 Abbatissa
1515 5374 1907 5433 nequaquam
1958 5360 2033 5417 de

376 5440 742 5497 monasterio
771 5440 1110 5512 egrediatur
1138 5444 1254 5502 nisi
1283 5462 1390 5520 per
1423 5448 1726 5507 licentiam
1762 5450 2033 5523 episcopi

446 5566 597 5647 (298)
635 5564 834 5649 Mutila
879 5571 978 5649 est
1014 5571 1318 5649 postrema
1382 5587 1523 5649 pars
1557 5573 1746 5649 _istius
1800 5575 2030 5649 capitis,

374 5653 512 5721 quas
541 5637 625 5725 sic
656 5637 1034 5725 restituenda
1057 5643 1146 5695 est
1173 5655 1246 5696 ex
1267 5637 1616 5725 Eurchardo
1642 5663 1681 5725 _:
1738 5637 2030 5725 quantum

366 5711 685 5779 piaculum
706 5711 783 5767 sit
808 5711 915 5781 qui
937 5726 1217 5784 sponsam
1258 5712 1490 5771 Christi
1533 5711 1765 5774 violaré
1795 5734 2028 5787 praesu-

2142 4575 2264 4626 vm,
2296 4574 2349 4614 c.
2385 4558 2495 4630 50).
2531 4560 2599 4614 Ut
2624 4558 2737 4614 illae
2767 4574 2902 4632 quae
2934 4558 3108 4632 quasi
3159 4557 3647 4616 sanctimoniales
3693 4558 3815 4614 sub

2144 4647 2437 4704 velamine
2466 4646 2770 4718 religionis
2802 4647 3019 4717 degere
3049 4647 3344 4717 videntur,
3378 4646 3483 4703 sed
3515 4646 3719 4720 potius
3750 4646 3813 4702 in

2143 4736 2368 4792 deliciis
2426 4736 2687 4792 viventes
2739 4740 2988 4792 mortuae
3014 4735 3075 4792 in
3105 4736 3323 4793 divinis
3346 4735 3534 4792 oculis
3563 4751 3815 4809 compu-

2141 4832 2364 4896 tantur,
2390 4826 2734 4902 provincias
2766 4826 3190 4895 discurrentes,
3215 4827 3446 4884 curiose
3476 4830 3534 4882 et
3555 4826 3814 4883 verbose

2141 4918 2202 4985 (Ι
2229 4918 2374 4973 Tim.
2405 4918 2487 4990 v),
2546 4917 2596 4973 si
2649 4916 3001 4973 libidinibus
3057 4916 3401 4990 caeterisque
3457 4914 3811 4972 carnalibus

2140 5005 2447 5062 desideriis
2473 5009 2530 5061 et
2558 5004 2968 5080 voluptatibus
2997 5005 3285 5075 inservire
3335 5008 3721 5077 accusantur,
3764 5006 3813 5061 si

2139 5093 2454 5150 manifeste
2538 5093 2733 5165 detegi
2802 5095 3151 5169 potuerint,
3215 5094 3543 5169 episcopali
3606 5099 3817 5151 aucto-

2138 5182 2309 5239 ritate
2360 5186 2418 5239 et
2487 5183 2652 5253 regia
2725 5187 3017 5255 potestate
3068 5183 3130 5239 in
3185 5182 3403 5240 talibus
3474 5181 3623 5241 locis
3667 5183 3817 5240 resi-

2138 5272 2280 5329 dere
2353 5271 2466 5328 sub
2542 5272 2880 5329 testimonio
2968 5272 3251 5344 religioso
3306 5276 3622 5344 cogantur,
3705 5272 3813 5329 ubi

2138 5364 2551 5438 paenitentiam
2625 5363 2673 5419 si
2728 5362 2973 5420 fecerint
3044 5363 3314 5436 dignam,
3400 5368 3813 5439 assequentur

2138 5454 2319 5511 etiam
2410 5453 2798 5511 fructuosam.
2906 5454 2962 5510 Si
3047 5458 3250 5511 autem
3341 5453 3529 5524 376.
3606 5454 3811 5510 mani-

2140 5580 2267 5635 mit.
2298 5578 2369 5651 Si
2380 5578 2548 5651 enim
2582 5577 2688 5637 ille
2716 5592 2852 5635 reus
2885 5583 3121 5651 tenetur
3162 5582 3271 5651 qui
3294 5592 3571 5649 sponsam
3615 5577 3809 5635 homi-

2140 5651 2233 5706 nis
2267 5650 2475 5720 violat,
2502 5654 2727 5723 quanto
2758 5649 2971 5722 magis,
3002 5653 3113 5713 etc.
