4044 6196
222 216 318 282 317

1190 230 1279 285 DE
1319 229 1600 287 ECCLES.
1645 226 1942 286 DISCIPL.
1986 227 2168 283 LIBRI
2204 228 2347 286 Ι)Πο
2386 261 2455 271 -
2493 230 2624 287 LIB.
2666 233 2736 287 II.

3535 234 3641 292 318

219 352 360 408 feste
383 350 574 421 detegi
599 366 723 406 non
744 351 1059 425 valuerint,
1083 370 1225 425 erga
1250 355 1570 413 Ecclesiam
1596 371 1717 411 sua
1744 352 1868 427 opi-
1898 355 1946 407 A
1978 353 2240 426 sumptio
2302 353 2636 413 fautoribus
2711 356 2907 428 magis
2986 357 3344 431 imputanda
3402 356 3640 415 videtur

215 439 404 497 nionis
434 438 661 495 malam
706 438 933 497 famam
968 441 1235 515 legaliter
1263 460 1523 519 purgare
1553 445 1865 515 cogantur,

216 534 267 587 et
294 535 355 587 ut
382 528 696 600 religiosus
733 528 808 585 de
845 535 1058 589 catero
1100 533 1320 606 vivant,
1353 538 1411 590 et
1454 534 1516 590 in
1561 536 1867 589 monaste-

215 620 306 676 riis
333 622 781 690 conversentur,
812 621 1137 695 episcopali
1183 624 1422 681 decreto
1465 628 1521 680 et
1566 622 1729 694 regia
1759 638 1868 697 po-

214 713 417 766 testate
467 714 872 767 coerceantur.
908 713 988 767 De
1015 711 1108 768 his
1138 713 1298 770 enim
1333 711 1655 786 Apostolus
1684 711 1862 768 dicit:

215 799 352 867 Qua
378 815 511 855 cum
537 798 857 868 fornicata
886 801 1117 873 fuerint
1150 804 1213 859 in
1240 802 1498 873 Christo,
1530 801 1751 858 nubere
1772 817 1859 857 vo-

216 890 342 944 lunt
370 886 575 957 (Ibid)
601 886 771 960 (299).

824 978 909 1035 De
936 979 1140 1036 eadem
1163 996 1247 1037 re.
1656 1008 1659 1015 ·

277 1067 536 1121 CLXXIV.
565 1066 905 1135 (BURCHARD.
937 1066 1042 1123 lib.
1076 1085 1197 1135 VIII,
1240 1086 1290 1125 c.
1324 1070 1414 1136 41,
1447 1073 1504 1126 et
1535 1074 1629 1125 lvo
1674 1072 1864 1142 parte,

209 1171 304 1221 vn,
336 1170 387 1210 c.
416 1154 535 1225 59.)
568 1156 647 1210 De
670 1154 870 1211 viduis
899 1157 1223 1229 Apostolus
1247 1158 1426 1214 dicit:
1459 1159 1748 1229 Pracipe,
1780 1158 1867 1214 in-

209 1243 351 1316 quit,
385 1249 447 1299 ut
478 1244 676 1301 vidua
708 1245 1262 1314 Wehensibiles
1290 1250 1428 1304 sint.
1470 1249 1660 1305 Vidua
1682 1250 1867 1319 eliga-

209 1337 309 1388 tur
331 1348 454 1389 non
471 1334 670 1391 minus
696 1336 1015 1406 saraginta
1044 1351 1367 1408 annorum,
1384 1339 1449 1394 in
1473 1339 1751 1409 operibus
1770 1338 1867 1395 bo-

208 1424 305 1481 nis
356 1424 753 1481 testimonium
809 1424 1055 1495 habens,
1101 1428 1155 1482 si
1192 1429 1353 1497 ﬁlios
1408 1428 1705 1495 educavit,
1749 1433 1862 1484 etc.

205 1511 712 1571 Adolescentiorcs
739 1512 954 1570 viduas
976 1515 1198 1572 devita.
1225 1516 1375 1573 Cum
1393 1518 1551 1573 enim
1581 1518 1863 1572 luxuria-

206 1606 283 1657 ta
326 1601 559 1669 fuerint
600 1602 666 1658 in
720 1602 981 1671 Christo,
1032 1606 1258 1662 nubere
1301 1608 1530 1675 volunt,
1581 1607 1864 1663 habentes

204 1690 669 1759 damnationem,
697 1693 842 1763 quia
885 1695 1147 1762 prunam
1191 1696 1373 1763 ﬁdem
1424 1696 1662 1752 irritam
1708 1695 1862 1764 fece-
1892 1708 1931 1762 Β

203 1785 366 1835 runt.
396 1780 597 1837 Simul
624 1786 682 1837 et
708 1782 912 1838 otiosa
940 1782 1179 1839 discunt
1208 1785 1469 1841 circuire
1493 1785 1717 1853 domos,
1738 1800 1861 1841 non

201 1868 392 1925 solum
421 1870 639 1937 otiosae,
668 1869 772 1926 sed
813 1875 869 1926 et
914 1871 1190 1938 verbosa,
1221 1880 1275 1928 et
1315 1874 1585 1941 curiam,
1617 1874 1859 1943 loquen-

203 1962 283 2013 tes
313 1972 446 2028 qua
489 1973 609 2014 non
637 1964 888 2027 oportet.
936 1961 1078 2016 Volo
1128 1976 1271 2031 ergo
1308 1964 1585 2031 juniores
1611 1963 1858 2033 nubere,

197 2047 353 2114 ﬁlios
394 2062 742 2117 procreare,
770 2051 1262 2121 matresfamilias
1309 2066 1450 2121 esse,
1480 2053 1717 2109 nullam
1767 2068 1862 2108 oc-

200 2138 490 2194 casionem
519 2138 668 2195 dare
717 2139 1065 2197 adversario
1113 2143 1421 2199 maledicti
1464 2143 1688 2213 gratia.
1719 2144 1856 2199 Jam

197 2225 353 2282 enirn
401 2228 674 2298 quaedam
721 2244 1011 2286 conuersa
1061 2235 1145 2286 est
1186 2237 1349 2287 retro
1391 2238 1523 2301 post
1562 2231 1858 2287 Satanam

197 2315 256 2383 (I
274 2316 423 2372 Tim.
452 2318 533 2387 v).

508 2407 595 2462 De
622 2407 826 2464 eadem
856 2422 942 2463 re.
973 2408 1076 2463 Em
1103 2409 1231 2478 lege
1253 2410 1545 2464 Romana.

266 2493 526 2550 CLXXV.
578 2495 746 2563 (Nov.
781 2497 1108 2565 lucrum,
1139 2495 1222 2552 tit.
1252 2497 1329 2567 8.)
1359 2496 1682 2552 Viduarum
1713 2512 1859 2552 sane

193 2580 706 2637 obstinationibus
726 2582 898 2651 277
924 2596 1367 2654 permovemur,
1385 2600 1521 2656 qua
1542 2583 1705 2640 nulla
1724 2600 1861 2656 pro-

192 2669 243 2725 le
264 2674 553 2742 suscepta
574 2670 1003 2728 fecunditatem
1019 2688 1192 2731 suam
1213 2673 1590 2746 reparatione
1616 2674 1856 2731 familia

193 2757 509 2831 repudiata
542 2758 808 2829 conjugii
834 2760 1146 2817 iteratione
1174 2762 1602 2829 condemnant,
1636 2768 1692 2819 et
1718 2763 1856 2818 soli-

195 2846 413 2903 tariam
442 2846 626 2903 vitam
651 2861 795 2914 non,
824 2852 891 2904 ut
919 2848 1233 2919 colligitur,
1254 2850 1555 2920 religionis
1576 2866 1646 2907 ac
1676 2852 1853 2924 pudi-

194 2936 345 2991 citia
375 2952 600 3003 amore,
634 2936 741 2993 sed
767 2938 1049 3009 potentia
1077 2938 1459 3011 lasciviaque
1487 2940 1727 2997 vivendi
1756 2940 1857 2996 eli-

193 3031 345 3096 gunt
368 3026 726 3084 libertatem.
760 3027 990 3093 Quibus
1014 3029 1093 3084 ad
1117 3046 1363 3086 omnem
1394 3030 1646 3087 licentia
1674 3048 1855 3089 usum
1886 3058 1925 3113 ρ

192 3120 299 3171 aut
336 3115 781 3173 sollicitantium
829 3131 1225 3189 personarum
1269 3119 1409 3176 ﬁcta
1438 3119 1727 3191 religione
1755 3125 1861 3178 aut

191 3203 401 3261 favore
423 3204 623 3261 callidi
667 3208 1005 3278 captatores
1053 3206 1452 3280 applaudunt.
1488 3209 1609 3264 Has
1638 3209 1717 3265 ad
1746 3209 1855 3265 bo-

192 3293 467 3349 nestioris
512 3294 648 3351 vita
694 3294 997 3351 tramitem
1032 3301 1395 3353 revocantes
1440 3298 1747 3354 sancimus
1791 3304 1860 3355 ut

189 3382 451 3439 maritali
466 3382 633 3440 obitu
659 3383 940 3442 destituta
964 3384 1181 3440 mulier
1194 3386 1699 3457 quadragenaria,
1715 3404 1856 3445 cum

190 3471 399 3528 adhuc
421 3487 738 3544 procreare
766 3473 987 3531 liberos
1033 3490 1141 3547 per
1192 3480 1428 3532 atatem
1459 3481 1675 3548 potest,
1700 3478 1861 3534 intra

188 3561 678 3633 quinquennium
708 3563 916 3620 nubat.
952 3567 1207 3621 Emenso
1251 3565 1667 3638 quinquennio
1714 3567 1767 3622 si
1796 3567 1859 3622 in

188 3650 480 3707 viduitate
510 3651 792 3724 persistit,
812 3668 954 3709 mox
978 3669 1116 3709 cum
1146 3654 1502 3727 propinquis
1531 3671 1672 3713 suas
1703 3654 1858 3711 divi-

188 3738 297 3794 dat
328 3738 677 3809 facultates;
729 3746 832 3796 aut
883 3741 933 3796 si
978 3741 1041 3799 hi
1089 3740 1337 3799 fortasse
1367 3742 1683 3807 defuerint,
1716 3759 1858 3798 cum

183 3830 342 3886 ﬁsco
373 3831 824 3888 matrimonium
857 3834 957 3903 {In
985 3849 1121 3889 nov.
1153 3832 1506 3905 patrimon.)
1532 3833 1781 3891 dividat.

184 3920 281 3976 Ne
307 3921 798 3979 sanctimoniales
823 3923 1127 3991 palatium
1153 3926 1206 3977 et
1236 3921 1507 3991 publicos
1536 3927 1862 3981 conventus

484 4010 726 4066 adeant.
765 4011 867 4066 Ea:
895 4010 1150 4066 concilio
1177 4010 1569 4067 Nannetensi.

260 4098 532 4155 CLXXVI.
582 4098 831 4169 (Concil.
864 4100 1131 4155 Nannet.
1174 4115 1227 4155 c.
1262 4099 1357 4165 l9;
1404 4101 1720 4157 BURCHARD.
1751 4099 1857 4157 lib.

180 4203 311 4254 vni,
344 4202 398 4243 c.
432 4190 546 4250 85.)
578 4188 727 4245 Cum
756 4187 1075 4260 Apostolus
1111 4187 1308 4244 dicat:
1350 4187 1635 4244 Mulieres
1681 4189 1743 4243 in
1773 4204 1862 4246 ec-

179 4277 377 4332 clesia
423 4281 681 4342 taceant,
715 4292 836 4334 non
881 4278 1036 4335 enim
1077 4277 1453 4348 permittitur
1501 4278 1582 4332 eis
1615 4278 1781 4348 loqui
1806 4278 1865 4348 (Ι

181 4365 331 4460 cor.
364 4364 1024 4460 x1v),»mirum-videtur
1075 4365 1243 4438 quod
1291 4365 1574 4460 quadam
1613 4365 1858 4460 mulier-
1883 4407 1926 4460 ο

177 4453 341 4510 cula
397 4458 606 4511 contra
661 4454 898 4512 divinas
952 4455 1376 4523 humanasque
1449 4454 1610 4526 leges
1659 4456 1859 4515 attrita

178 4542 389 4597 fronte
438 4540 821 4614 impudenter
863 4546 1131 4613 agentes,
1184 4541 1404 4614 placita
1451 4542 1754 4613 generalia
1802 4547 1862 4603 et

179 4627 480 4701 publicos
509 4634 843 4687 conventus
871 4630 1277 4687 indesinenter
1306 4630 1553 4700 adeunt,
1585 4634 1644 4686 et
1670 4647 1859 4700 nego-

182 4719 273 4774 tia
297 4718 471 4788 regni
502 4717 905 4792 utilitatesque
929 4718 1273 4793 reipublica
1288 4719 1487 4789 magis
1507 4719 1863 4791 perturbant

176 4823 385 4879 quam
413 4806 762 4880 disponunt,
797 4824 939 4865 cum
967 4807 1254 4865 indecens
1298 4807 1372 4864 sit
1399 4810 1458 4865 et
1500 4806 1682 4864 etiam
1709 4807 1863 4865 inter

174 4896 492 4953 barbaras
523 4900 730 4967 gentes
758 4896 1223 4969 reprehensibile
1273 4895 1551 4954 mulieres
1592 4895 1860 4955 virorum

177 5001 414 5041 causas
442 4985 761 5056 discutere,
791 4992 850 5044 et
877 5003 1015 5059 qua
1065 4986 1143 5043 de
1172 4985 1449 5044 laniﬁciis
1485 4985 1608 5041 suis
1637 4990 1695 5043 et
1723 5002 1864 5059 ope-

174 5073 363 5129 ribus
394 5074 695 5130 textilibus
725 5079 782 5131 et
803 5074 1159 5131 mulieribus
1185 5074 1338 5132 inter
1354 5072 1694 5146 genitiarias
1718 5090 1861 5131 suas

170 5160 522 5220 residentes
546 5163 882 5221 debuerant
904 5163 1231 5237 disputare,
1259 5164 1321 5219 in
1351 5166 1647 5219 conventu
1667 5162 1861 5235 publi-

171 5268 282 5322 oo,
312 5268 389 5307 ac
414 5252 462 5307 si
490 5252 550 5308 in
581 5253 749 5309 curia
775 5252 1126 5320 residentes,
1147 5251 1508 5308 senatoriam
1546 5249 1724 5321 278
1746 5248 1859 5304 sibi

170 5346 490 5415 usurpant
543 5342 980 5401 auctoritatem.
1041 5344 1185 5409 Qua
1240 5340 1648 5413 ignominiosa
1703 5354 1859 5414 pra-

256 5488 413 5565 (299)
440 5489 633 5565 Caput
654 5486 813 5543 istud
834 5488 1099 5565 multum
1115 5486 1421 5565 diversum
1441 5489 1531 5541 est
1548 5484 1627 5541 ab
1656 5483 1860 5565 editio-

162 5556 376 5616 nibus
398 5556 667 5627 vulgatis
688 5557 924 5614 concilii
956 5556 1284 5615 Meldensis.
1314 5560 1379 5614 Et
1407 5562 1610 5614 tamen
1641 5556 1794 5627 sicut
1824 5570 1861 5610 a

164 5630 373 5687 nobis
404 5625 632 5685 editum
663 5633 754 5685 est
779 5628 995 5698 legitur
1020 5628 1079 5684 in
1110 5627 1314 5684 codice
1328 5646 1442 5686 ms.
1461 5625 1783 5698 Reginonis
1801 5629 1862 5682 et

162 5705 245 5759 in
279 5700 548 5757 editione
579 5696 1119 5768 Helmasfadiensi;
1168 5699 1282 5755 nisi
1312 5698 1476 5772 quod
1506 5696 1569 5753 in
1595 5696 1853 5753 editione

1976 457 2163 515 quam
2193 442 2448 499 feminis.
2493 443 2678 512 Unde,
2712 444 2855 518 quia
2884 443 3103 501 divina
3131 445 3312 515 leges,
3345 448 3413 503 ut
3452 456 3640 519 supra

1975 534 2378 589 monstratum
2408 535 2515 602 est,
2545 532 2659 588 hoc
2690 533 3132 605 contradicunt,
3164 538 3221 590 et
3243 533 3526 595 humana
3556 532 3640 597 ni-

1975 618 2301 676 hilominus
2358 620 2628 695 idipsum
2680 620 3024 699 prohibent,
3083 625 3147 679 ut
3203 620 3439 679 femina
3489 620 3639 679 nihil

1975 707 2139 765 aliud
2187 714 2631 786 prosequantur
2659 710 2721 768 in
2750 710 2994 783 publico
3034 728 3222 784 quam
3275 728 3448 769 suam
3496 728 3637 769 cau-

1974 815 2125 855 sam.
2153 800 2246 859 Ait
2272 799 2434 856 enim
2460 800 2552 857 lex
2573 800 2987 857 Theodosiana
3018 801 3347 875 (lnterpret.
3375 801 3466 858 1.5
3489 801 3637 860 Cod.

1982 889 2197 945 Theod.
2250 890 2323 946 de
2366 892 2661 960 cognitor,
2690 896 2743 946 et
2780 890 3230 962 procurator.):
3274 911 3303 938 «
3328 889 3498 946 Nulla
3541 907 3638 948 ra-

1973 978 2132 1035 tione
2164 978 2401 1035 femina
2452 979 2715 1053 amplius
2763 996 2950 1055 quam
2999 996 3139 1036 suas
3170 994 3388 1036 causas
3417 980 3638 1050 agendi

1972 1067 2240 1125 habeant
2290 1070 2665 1141 potestatem,
2716 1085 2826 1125 nec
2884 1067 3137 1140 alicujus
3195 1084 3443 1125 causam
3494 1084 3533 1124 a
3574 1084 3637 1125 se

1972 1157 2248 1213 noverint
2293 1158 2802 1230 prosequendam.
2827 1181 2855 1209 ››
2901 1158 3126 1215 Idcirco
3165 1174 3239 1215 ex
3288 1157 3635 1215 auctoritate

1973 1247 2265 1305 canonica
2288 1247 2696 1305 interdicimus
2730 1252 2793 1305 ut
2820 1248 2988 1305 nulla
3026 1246 3499 1305 sanctimonialis
3524 1247 3637 1303 vir-

1973 1351 2050 1405 go
2099 1335 2188 1392 vel
2232 1337 2412 1393 vidua
2455 1342 2782 1396 conventus
2832 1337 3141 1409 generales
3189 1336 3389 1404 adeat,
3443 1336 3559 1394 nisi
3600 1354 3638 1395 a

1970 1425 2239 1498 principe
2271 1425 2445 1481 fuerit
2472 1432 2742 1497 evocata,
2775 1432 2879 1484 aut
2916 1427 2994 1484 ab
3043 1427 3328 1499 episcopo
3358 1442 3489 1499 suo,
3521 1426 3636 1483 nisi

1971 1512 2119 1570 forte
2165 1512 2423 1588 propria
2466 1515 2840 1572 necessitatis
2888 1514 3038 1572 ratio
3082 1514 3403 1588 impulerit,
3435 1519 3490 1571 et
3518 1515 3634 1571 hoc

1969 1600 2171 1675 ipsum
2204 1619 2342 1659 cum
2373 1602 2611 1659 licentia
2641 1603 2908 1677 episcopi
2940 1604 3050 1665 sui.

2065 1691 2315 1760 Quando
2346 1707 2513 1764 virgo
2540 1692 2789 1749 veletur.
2826 1692 2921 1749 Ex
2946 1693 3198 1765 concilio
3226 1692 3542 1762 Africano.

2041 1782 2327 1837 CLXXVII.
2358 1782 2612 1852 (Concil.
2647 1781 2841 1851 Afric.
2876 1798 2928 1838 c.
2963 1785 3029 1838 93
3059 1800 3072 1850 ;
3102 1779 3208 1838 lib.
3242 1798 3261 1834 ι
3295 1778 3629 1852 Capitular.

1968 1886 2018 1926 c.
2052 1873 2158 1939 46;
2207 1873 2522 1927 Buncnmn.
2555 1870 2658 1927 lib.
2686 1888 2808 1942 vni,
2851 1887 2902 1928 c.
2938 1873 3042 1939 18;
3084 1872 3337 1928 Decreta
3381 1871 3630 1941 GELASII,

1966 1977 2018 2015 c.
2052 1960 2163 2030 1‘2.)
2191 1962 2260 2016 Ut
2288 1960 2547 2031 virgines
2595 1976 2718 2017 non
2766 1960 3036 2017 velentur
3084 1964 3220 2017 ante
3270 1958 3631 2031 vigesimum

1965 2048 2247 2123 quintum
2278 2064 2509 2104 annum
2540 2049 2751 2119 atatis,
2782 2048 2899 2104 nisi
2927 2048 3075 2105 forte
3104 2047 3453 2105 necessitate
3482 2047 3633 2121 peri-

1967 2135 2221 2193 clitantis
2250 2137 2549 2210 pudicitia
2575 2136 2903 2208 virginalis,
2936 2140 3012 2205 et,
3046 2141 3112 2193 ut
3154 2135 3421 2192 Gelasius
3467 2151 3631 2209 papa

1966 2226 2129 2296 dicit,
2161 2225 2275 2281 nisi
2325 2226 2385 2281 in
2430 2225 2763 2298 Epiphania
2790 2230 2847 2281 et
2874 2228 2937 2281 in
2966 2225 3129 2282 Albis
3159 2224 3547 2298 paschalibus
3576 2228 3633 2280 et

1966 2315 2028 2370 in
2060 2315 2472 2387 apostolorum
2514 2315 2799 2375 natalitiis
2841 2331 2969 2373 non
3012 2318 3155 2373 sunt
3182 2313 3629 2383 consecranda,

1966 2403 2084 2460 nisi
2108 2419 2293 2460 causa
2322 2404 2530 2461 mortis
2558 2407 2827 2473 urgente.

2413 2494 2500 2551 De
2527 2493 2731 2551 eadem
2760 2508 2844 2551 re.
2880 2492 3173 2550 Gelasim.

2037 2581 2364 2637 CLXXVIII.
2400 2580 2669 2653 (Decreta
2709 2583 2955 2638 Gsusu.
2983 2597 3034 2638 c.
3069 2581 3167 2649 13;
3209 2580 3311 2637 lib.
3340 2598 3356 2635 ι
3385 2582 3632 2652 Capitu-

1968 2672 2084 2727 lar.
2114 2686 2165 2727 c.
2201 2675 2267 2727 59
2292 2689 2304 2739 ;
2339 2672 2657 2740 Buncmn,
2683 2669 2788 2725 lib.
2816 2686 2939 2738 VIII,
2964 2686 3015 2726 c.
3045 2672 3162 2741 36.)
3183 2669 3403 2727 Viduas
3428 2674 3631 2729 autem

1966 2759 2161 2815 velare
2186 2758 2542 2830 pontiﬁcum
2572 2757 2777 2815 nullus
2802 2762 3068 2817 attentet.

2038 2846 2287 2917 (Concil.
2329 2848 2567 2903 Tribur.
2599 2863 2653 2904 c.
2686 2850 2752 2903 24
2780 2865 2795 2916 ;
2828 2849 3146 2914 BURCHARD,
3174 2846 3279 2903 lib.
3304 2863 3495 2915 vm,c.
3520 2847 3632 2918 10.)

1964 2937 2231 3007 Virgines
2261 2953 2398 3011 qua
2441 2940 2582 2995 ante
2624 2936 2947 2995 duodecim
2977 2953 3192 3009 annos,
3222 2937 3424 3007 insciis
3461 2953 3635 2993 mun-

1964 3024 2240 3083 diburdis
2268 3025 2416 3092 suis,
2444 3042 2686 3083 sacrum
2701 3025 2977 3097 velamen
3001 3025 3182 3100 capiti
3198 3043 3308 3083 suo
3329 3026 3631 3099 imposue-

1963 3114 2099 3184 rint,
2132 3114 2299 3170 etilli
2335 3114 2733 3171 mundiburdi
2760 3115 3061 3186 integrum
3107 3131 3339 3173 annum
3386 3119 3443 3173 et
3469 3114 3633 3173 diem

1963 3205 2078 3261 hoc
2110 3204 2364 3260 tacendo
2411 3204 2845 3275 consenserint,
2871 3204 2933 3263 in
2967 3205 3145 3276 279
3174 3208 3381 3262 sancto
3408 3218 3632 3277 propo-

1965 3292 2076 3349 sito
2106 3298 2521 3367 permaneant.
2554 3296 2618 3348 Et
2644 3293 2691 3348 si
2721 3293 2783 3349 in
2809 3292 3097 3369 pradicto
3126 3309 3289 3350 anno
3317 3297 3374 3351 et
3399 3292 3494 3348 die
3520 3307 3632 3365 pro

1962 3382 2075 3438 illis
2122 3398 2184 3437 se
2212 3381 2737 3455 proclamaverint,
2770 3382 3041 3455 petitioni
3083 3398 3295 3439 eorum
3346 3397 3631 3441 assensus

1963 3471 2334 3543 prabeatur;
2365 3470 2478 3527 nisi
2508 3470 2654 3526 forte
2681 3471 2783 3526 Dei
2814 3470 3024 3526 timore
3055 3470 3213 3538 tacti,
3247 3486 3389 3527 cum
3418 3485 3629 3525 eorum

1965 3558 2203 3615 licentia
2232 3558 2293 3613 in
2324 3556 2625 3626 religionis
2657 3556 2869 3612 habitu
2899 3561 3303 3629 perseverent.

2254 3648 2339 3703 De
2369 3646 2567 3702 eodem
2597 3661 2681 3699 re.
2718 3645 2812 3700 Ex
2841 3644 3041 3703 eodem
3073 3645 3344 3701 concilio.

2039 3736 2296 3793 CLXXIX.
2343 3734 2592 3805 (Concil.
2632 3732 2869 3788 Tribur.
2930 3748 2981 3786 c.
3018 3734 3085 3787 23
3117 3750 3132 3801 ;
3180 3734 3497 3799 BURCHARD,
3527 3729 3632 3789 lib.

1965 3840 2086 3891 vni,
2123 3839 2175 3878 c.
2207 3823 2322 3893 35.)
2348 3820 2551 3876 Vidua
2581 3836 2718 3894 qua
2746 3823 3081 3894 spontanee
3108 3818 3415 3876 voluntate
3445 3817 3523 3877 ab
3554 3817 3636 3874 al-

1968 3913 2079 3969 tari
2112 3928 2296 3967 sacra
2327 3909 2796 3967 conversationis
2835 3908 3108 3967 velamen
3156 3908 3509 3982 suscipiunt,
3536 3907 3637 3965 de-

1967 4002 2151 4058 crevit
2172 4005 2382 4057 sancta
2409 3999 2680 4072 synodus
2708 4000 2770 4055 in
2798 3999 3012 4055 eodem
3038 3999 3347 4075 proposito
3374 4015 3475 4056 eas
3500 4016 3635 4073 per-

1966 4107 2229 4148 manere.
2263 4092 2395 4146 Non
2439 4088 2599 4144 enim
2643 4086 2733 4145 fas
2780 4103 2909 4145 esse
2959 4087 3342 4145 decernimus
3382 4092 3446 4144 ut
3473 4092 3634 4163 post-

1966 4197 2154 4253 quam
2185 4195 2248 4235 se
2280 4178 2532 4235 Domino
2581 4177 2761 4234 semel
2807 4177 2920 4233 sub
2963 4177 3097 4235 velo
3124 4178 3629 4247 consecraverint,

1967 4272 2025 4325 et
2052 4268 2202 4325 inter
2230 4267 2456 4324 velatas
2482 4266 2814 4323 oblationes
2844 4266 3107 4337 fecerint,
3134 4268 3349 4324 iterum
3375 4266 3460 4323 eis
3487 4282 3630 4323 con-

1968 4358 2098 4414 cedi
2130 4356 2370 4430 Spiritut
2397 4360 2605 4412 sancto
2634 4356 2891 4411 mentiri.

2406 4444 2738 4501 Zacharias
2765 4459 2949 4513 papa,
2982 4458 3114 4512 cap.
3149 4449 3203 4497 7.

2037 4536 2377 4607 (Bcncnmn.
2406 4532 2509 4589 lib.
2542 4550 2625 4603 Ix,
2659 4550 2709 4588 c.
2746 4532 2858 4602 13.)
2898 4530 3198 4600 Virginem
3231 4533 3334 4585 aut
3363 4527 3630 4598 viduam,

1966 4625 2080 4682 nisi
2109 4625 2159 4680 is
2209 4623 2316 4697 qui
2360 4623 2792 4696 desponsatam
2841 4620 3136 4687 habuerit,
3170 4620 3373 4675 nullus
3414 4618 3635 4674 audeat

1966 4715 2151 4772 furari
2180 4714 2240 4770 in
2267 4729 2537 4769 uxorem.
2567 4712 2623 4768 Si
2647 4710 2785 4783 quis
2811 4710 2926 4766 hoc
2954 4709 3267 4765 temerario
3292 4723 3447 4764 ausu
3477 4722 3632 4779 pras

1968 4803 2308 4876 sumpserit,
2339 4802 2666 4859 anathema
2695 4800 2771 4855 sit
2795 4800 2961 4872 (300).

2038 4893 2186 4949 Item
2213 4891 2286 4949 de
2313 4888 2893 4948 sanctimonialibus.
2923 4887 3023 4944 Ex
3056 4885 3254 4946 eodem
3286 4886 3559 4944 concilio.

2041 4983 2272 5037 CLXXX.
2309 4976 2789 5038 Sanctimonialis
2833 4974 2882 5030 si
2922 4991 3033 5049 pro
3060 4975 3228 5031 lucro
3257 4975 3475 5035 anima
3508 4992 3629 5031 sua

1968 5087 2106 5126 cum
2136 5068 2371 5125 licentia
2396 5066 2717 5124 abbatissa
2746 5081 2865 5120 sua
2895 5064 2975 5121 ad
3002 5062 3166 5122 aliud
3198 5064 3630 5122 monasterium

1966 5175 2213 5232 pergere
2238 5154 2620 5230 disposuerit,
2643 5152 2991 5229 ibidemque
3014 5152 3632 5222 commanere,decre-

1965 5248 2050 5303 vit
2078 5246 2348 5319 synodus
2376 5240 2646 5300 concedi.
2672 5242 2729 5298 Si
2748 5257 2889 5297 vero
2916 5241 3060 5312 fuga
3089 5240 3422 5315 disciplina
3445 5240 3629 5299 alium

1968 5336 2172 5393 locum
2198 5334 2431 5408 quaerit,
2458 5332 2653 5389 redire
2681 5336 2953 5404 cogatur.

1965 5480 2085 5551 illa,
2115 5478 2253 5535 vitio
2288 5477 2454 5555 haud
2502 5475 2684 5555 dubie
2724 5476 3130 5555 librariorum,
3154 5475 3347 5555 verba
3372 5490 3510 5547 qua
3541 5489 3629 5555 se.-

2010 5548 2233 5607 uuntur
2258 5548 2483 5606 omissa
2513 5554 2651 5606 sunt
2676 5566 2688 5604 :
2720 5549 3117 5619 fructuosam.
3140 5549 3210 5605 Si
3226 5553 3424 5606 autem
3441 5548 3632 5601 mani-

1997 5619 2116 5699 'es_te
2142 5622 2339 5699 deieci
2366 5636 2495 5699 τιρηΔ
2517 5621 2843 5699 vetuerat.
2872 5634 3016 5699 ςνθςι
3043 5619 3539 5699 Εςιῑζεδίιξνηιβφτ,
3588 5681 3601 5699 ρ

2039 5694 2181 5765 (300)
2207 5688 2397 5765 Caput
2426 5691 2589 5750 istud
2613 5707 2738 5749 non
2758 5688 2953 5747 exstat
2975 5690 3037 5745 in
3063 5688 3266 5745 co'dice
3288 5688 3625 5741 Parisiensi.
