4044 6196
376 135 479 192 319

537 257 622 311 De
650 255 1011 311 concubinis.
1046 257 1144 311 Ea:
1169 257 1419 326 epistola
1448 257 1659 312 Leonis
1682 271 1878 326 papa.

449 344 740 401 CLXXXI.
790 345 1062 414 (Decreta
1114 347 1314 401 Laoms
1361 350 1482 414 I,c.
1521 346 1584 401 18
1633 349 1690 402 et
1743 350 1843 412 19;
1892 347 2031 399 Bun-

377 450 574 489 (πωπω.
604 432 704 488 lib.
729 449 804 499 Ix,
838 449 888 488 c.
920 434 986 505 Ι.)
1007 437 1132 490 Non
1161 435 1361 490 omnis
1391 435 1604 491 mulier
1626 435 1754 490 viro
1785 435 2036 505 conjun—

377 527 471 580 cta
488 524 663 593 280
695 538 845 577 uxor
869 527 960 578 est
979 523 1265 596 viri,quia
1294 541 1414 580 non
1443 525 1638 581 omnis
1657 524 1813 579 ﬁlius
1842 525 2032 579 haeres

375 616 463 668 est
473 610 696 689 patris.
734 611 936 683 Itaque
966 611 1130 668 aliud
1157 617 1243 669 est
1267 629 1438 684 uxor,
1467 613 1629 670 aliud
1661 612 2031 680 concubina;

375 700 526 756 sicut
554 699 720 756 aliud
746 700 983 770 ancilla,
1007 705 1064 757 et
1094 701 1257 758 aliud
1288 702 1494 759 libera.
1515 701 1804 758 Ancillam
1831 702 2034 774 itaque

375 805 412 846 a
438 789 608 844 thoro
635 788 914 860 abjicere,
943 796 1000 846 et
1029 807 1277 848 uxorem
1310 796 1479 848 certae
1527 791 1907 862 ingenuitatis
1934 807 2032 846 ac-

375 880 592 950 cipere,
627 893 750 934 non
779 879 1106 952 duplicatio
1136 881 1421 953 conjugii,
1455 881 1561 937 sed
1598 880 1897 954 profectus
1924 881 2034 936 ho-

376 967 620 1022 nestatis
649 972 755 1024 est.
792 969 1049 1025 Dubium
1094 970 1255 1026 enim
1285 987 1407 1028 non
1439 976 1528 1027 est
1555 987 1690 1028 eam
1721 970 2034 1026 mulierem

377 1071 502 1110 non
557 1056 848 1128 pertinere
897 1059 976 1114 ad
1030 1059 1481 1116 matrimonium
1531 1060 1591 1116 in
1621 1075 1744 1133 qua
1790 1059 2038 1115 docetur

377 1143 642 1215 nuptiale
695 1160 819 1200 non
872 1145 1049 1202 fuisse
1097 1147 1519 1204 ministerium.
1574 1147 1694 1204 Nisi
1745 1147 1892 1203 forte
1937 1147 2036 1202 illa

376 1231 588 1287 mulier
613 1237 670 1288 et
699 1233 961 1304 ingenua
990 1234 1165 1307 facta,
1200 1240 1256 1293 et
1294 1236 1500 1293 dotata
1527 1236 1807 1305 legitime,
1839 1240 1896 1292 et
1922 1251 2035 1309 pu-

375 1318 543 1375 blicis
573 1321 794 1393 nuptiis
823 1323 1138 1380 honestata
1168 1325 1460 1381 videatur.

379 1427 448 1482 Ut
481 1428 552 1483 de
581 1430 928 1497 captivitate
959 1433 1328 1487 venientibus
1378 1433 1614 1489 maritis
1658 1447 1873 1488 uxores
1898 1448 2038 1501 pro-

569 1501 724 1566 pria:
752 1501 1180 1568 reformentur.
1216 1504 1313 1559 Ex
1336 1505 1586 1572 epistola
1617 1504 1844 1559 Leonis.

451 1589 733 1642 CLXXXII.
789 1588 1059 1657 (Decreta
1114 1592 1316 1646 LEOle
1364 1593 1406 1659 Ι,
1454 1607 1505 1646 c.
1560 1596 1662 1661 i2;
1717 1595 2030 1647 Buncnxan.
2064 1606 2106 1658 Β

378 1675 480 1731 lib.
515 1692 590 1740 Ix,
625 1693 674 1731 c.
709 1681 822 1743 55.)
858 1679 1025 1743 Quod
1073 1679 1332 1736 debeant
1375 1681 1606 1737 feminae
1654 1698 1811 1754 quae,
1845 1682 2032 1754 captis

378 1763 519 1818 viris
535 1768 591 1819 et
615 1764 674 1819 in
699 1765 1099 1837 captivitatem
1121 1767 1334 1838 ductis,
1359 1769 1488 1826 aliis
1511 1770 1652 1825 viris
1681 1775 2034 1842 nupserunt,

378 1857 658 1925 putantes
690 1853 1075 1928 interemptos
1107 1857 1370 1925 maritos,
1400 1860 1652 1915 reversis
1681 1860 1756 1915 de
1789 1860 2035 1933 captivi-

379 1946 495 1998 tate
522 1942 822 2014 prioribus
852 1944 992 1999 viris
1019 1946 1306 2018 copulari,
1339 1953 1404 2004 ut
1432 1949 1646 2022 cuique
1676 1949 1738 2004 id
1767 1949 1929 2022 quod
1958 1948 2039 2004 le-

378 2033 580 2102 gitime
606 2033 816 2090 habuit
845 2035 1222 2106 reformetur,
1255 2041 1310 2094 et
1337 2039 1582 2112 recipiat
1621 2039 2036 2112 unusquisque

377 2122 543 2194 quod
597 2139 776 2178 suum
829 2129 936 2195 est,
985 2129 1039 2181 et
1097 2127 1575 2198 redintegrentur
1623 2129 1846 2185 foedera
1889 2145 2039 2202 nup-

380 2210 618 2266 tiarum.

799 2285 882 2340 De
907 2285 1110 2341 eadem
1139 2301 1222 2342 re.
1273 2288 1374 2342 Ex
1397 2289 1613 2343 eodem.

451 2372 785 2426 CLXXXIII.
819 2373 1095 2442 (Decreta
1124 2377 1323 2430 [morus
1360 2379 1398 2445 Ι,
1427 2392 1476 2430 c.
1511 2379 1599 2441 43,
1628 2380 1716 2442 44,
1750 2381 1817 2432 45
1845 2396 1857 2443 ;
1891 2380 2034 2432 Bun-

379 2475 578 2514 cmnn.
611 2459 712 2514 lib.
751 2477 829 2531 IX,
863 2478 912 2516 c.
943 2464 1055 2532 56.)
1085 2463 1256 2527 Quod
1284 2479 1406 2518 non
1436 2463 1727 2536 probatur
1749 2481 1877 2520 esse
1909 2466 2035 2520 cul-

377 2547 593 2620 pabilis
631 2549 736 2620 qui
788 2565 1036 2605 uxorem
1083 2552 1241 2623 capti
1288 2552 1348 2606 in
1393 2553 1777 2608 matrimonio
1805 2554 2038 2609 videtur

379 2653 510 2692 esse
541 2638 800 2693 sortitus.
837 2642 900 2694 Et
951 2640 999 2695 si
1030 2641 1139 2695 viri
1170 2641 1244 2696 de
1277 2641 1613 2713 captivitate
1642 2643 1917 2712 regressi,
1951 2644 2040 2699 in-

378 2728 772 2798 temperantia
795 2743 1053 2784 uxorum
1083 2729 1293 2784 oﬁ‘ensi
1324 2745 1446 2784 non
1491 2731 1727 2800 fuerint,
1759 2736 1816 2787 et
1837 2732 2039 2788 volue-

377 2815 493 2870 rint
522 2829 626 2870 eas
673 2815 733 2869 in
765 2817 1115 2886 conjugium
1164 2818 1443 2890 recipere.
1475 2818 1726 2874 liberam
1773 2820 2038 2876 habeant

379 2903 742 2958 facultatem.
780 2906 844 2957 Et
875 2904 921 2957 si
951 2904 1165 2960 mulier
1195 2907 1270 2960 ad
1314 2907 1541 2978 priores
1568 2908 1815 2964 maritos
1847 2909 2037 2966 redire

379 2989 651 3056 noluerit,
675 2992 1072 3062 posteriorum
1101 2994 1368 3050 virorum
1399 3011 1605 3052 amore
1629 3001 1824 3070 capta,
1857 2999 2038 3055 eccle-

379 3077 614 3134 siastica
645 3080 1070 3136 communione
1097 3083 1376 3154 privetur.

381 3184 551 3254 281
606 3187 693 3241 De
721 3186 976 3240 incestis.
1033 3188 1132 3243 Ex
1161 3190 1412 3245 concilio
1464 3191 1778 3260 Iterdensi,
1815 3207 1946 3262 cap.
1980 3196 2033 3248 4.

449 3275 781 3329 CLXXXIV.
822 3275 1074 3344 (Concil.
1130 3279 1312 3333 Ilerd.
1369 3295 1418 3334 c.
1473 3282 1535 3346 4;
1587 3283 1720 3337 ΗΑΒ.
1755 3283 1922 3351 epist.
1956 3281 2039 3337 ad

376 3363 690 3418 Heribald.
744 3380 794 3419 c.
827 3369 924 3430 20;
973 3367 1294 3434 Buamunu,
1327 3367 1429 3423 lib.
1464 3385 1563 3435 vn,
1614 3387 1664 3426 c.
1699 3373 1774 3440 3).
1831 3373 1908 3426 De
1940 3371 2034 3426 his

374 3451 479 3524 qui
509 3467 570 3507 se
599 3451 826 3508 incesta
855 3453 1183 3525 pollutione
1216 3457 1686 3529 commaculant,
1717 3459 1943 3532 placuit
1973 3465 2038 3516 ut

373 3556 690 3613 quousque
721 3541 780 3597 in
811 3542 942 3614 ipso
973 3543 1329 3600 detestando
1360 3550 1416 3602 et
1445 3545 1642 3603 illicito
1673 3549 1869 3604 carnis
1899 3566 2038 3605 con-

374 3628 648 3685 tubernio
693 3637 1101 3703 perseverant,
1136 3639 1327 3706 usque
1375 3636 1454 3690 ad
1504 3637 1752 3692 missam
1804 3641 2034 3694 tantum

373 3719 941 3776 catechumenorum
990 3721 1050 3777 in
1103 3723 1356 3779 ecclesia
1409 3724 1836 3793 admittantur;
1897 3743 2034 3782 cum

373 3807 593 3878 quibus
623 3809 801 3865 etiam
832 3825 942 3865 nec
970 3811 1171 3866 cibum
1203 3830 1438 3869 sumere
1464 3814 1652 3870 ullum
1682 3817 2036 3872 Christiano-

372 3910 529 3962 rum,
564 3896 714 3951 sicut
743 3898 1062 3969 Apostolus
1091 3900 1288 3970 jussit,
1319 3907 1571 3974 Oportet.

837 4006 937 4060 Ear:
967 4009 1220 4063 concilio
1264 4010 1565 4065 Toletano.

445 4092 698 4161 (Concil.
737 4095 917 4149 Tolet.
945 4111 1004 4164 ιι,
1038 4112 1088 4152 c.
1123 4101 1153 4150 5
1181 4115 1193 4161 ;
1239 4099 1554 4155 Buncuun.
1585 4099 1687 4154 lib.
1739 4117 1834 4172 vu,
1865 4117 1914 4156 c.
1952 4104 2029 4168 6.)

376 4180 700 4238 Salubriter
723 4184 1119 4254 praecavendo
1152 4185 1456 4242 sancimus
1488 4204 1562 4244 ne
1597 4189 1731 4262 quis
1762 4189 2030 4246 fidelium

371 4271 777 4344 propinquam
811 4274 1120 4344 sanguinis
1151 4276 1260 4344 sui,
1293 4293 1606 4350 usquequo
1636 4278 1936 4336 afﬁnitatis
1965 4280 2030 4336 li-
2057 4309 2103 4362 ο

371 4367 691 4418 neamenta
717 4364 1093 4420 successione
1116 4365 1349 4435 generis
1383 4369 1706 4436 cognoscit,
1731 4368 1789 4424 in
1822 4371 2028 4426 matri-

370 4451 574 4506 monio
604 4451 716 4507 sibi
759 4452 1054 4509 desideret
1097 4454 1384 4526 copulari.
1417 4457 1711 4521 Quoniam
1743 4458 2028 4532 scriptum

368 4547 454 4597 est
480 4560 491 4596 :
529 4542 730 4597 Omnis
761 4543 934 4599 homo
963 4543 1044 4598 ad
1068 4545 1410 4613 proximam
1442 4548 1754 4617 sanguinis
1783 4549 1878 4622 sui
1906 4565 2026 4604 non

368 4633 634 4699 accedat,
699 4638 762 4687 ut
823 4633 1043 4689 revelet
1117 4635 1550 4702 turpitudinem
1608 4639 1737 4706 ejus
1808 4639 2023 4704 (Levit.

366 4721 547 4787 xw").
581 4792 668 4845 De
691 4791 892 4846 eadem
924 4808 1006 4845 re.
1043 4791 1143 4846 Ex
1171 4793 1424 4848 concilio
1455 4795 1805 4865 Agathensi.

438 4879 746 4934 CLXXXV
797 4880 1049 4951 (Concil.
1080 4882 1303 4951 Agath.
1337 4899 1388 4938 c.
1423 4884 1482 4937 61
1516 4901 1529 4951 ;
1560 4887 2022 4943 conczl.Arelat.

367 4980 450 5031 vi,
480 4981 529 5021 c.
569 4973 621 5021 Η
651 4987 664 5034 ;
698 4971 1012 5025 Βιτιιαηληι).
1041 4969 1143 5025 lib.
1178 4987 1278 5042 vn,
1313 4989 1363 5027 c.
1393 4975 1473 5039 4.)
1502 4974 1581 5028 De
1607 4973 1846 5030 incestis
1887 4993 2027 5032 con-

361 5054 772 5124 junctionibus
804 5057 947 5112 nihil
979 5075 1224 5130 prorsus
1259 5061 1449 5116 venite
1479 5077 1877 5130 reservamus,
1911 5066 2025 5120 nisi

367 5158 504 5200 cum
531 5143 888 5200 adulterium
916 5148 1288 5218 separatione
1321 5150 1680 5206 sanaverint.
1709 5151 1829 5207 Hos
1860 5153 2020 5209 enim

438 5303 601 5428 ($012))
623 5302 764 5358 Vide
821 5304 1138 5376 epistolam
1201 5307 1429 5364 Rabani
1485 5310 1564 5366 ad
1617 5311 2022 5383 Heribaldum,

365 5389 839 5524 cf‘gibgltlutilus
868 5451 954 5501 est
980 5445 1450 5524 hic_locus_apud
1475 5453 1859 5524 Reginonem,
1887 5459 2024 5512 Bur-

364 5515 746 5601 chrardumet
774 5521 1039 5601 Ivonem.
1076 5521 1221 5600 Nam
1249 5515 1402 5575 libro
1447 5539 1464 5575 ι
1512 5515 2020 5601 Capitular.,_eap.

369 5593 490 5658 102,
513 5591 639 5644 tam
661 5588 722 5644 in
743 5588 916 5646 editis
944 5605 1133 5662 quam
1159 5590 1220 5646 in
1252 5588 1674 5666 manuscriptis
1694 5588 2024 5672 codicibus,

1491 130 1865 190 REGINONIS
1903 131 2318 189 PRUMIENSIS
2355 130 2672 187 ABBATIS.

2058 258 2103 310 A
2144 270 2271 310 esse
2303 270 2638 311 censemus.
2669 252 2723 307 Si
2755 251 2893 324 quis
2924 251 3192 308 relictam
3231 251 3448 320 fratris,
3479 267 3616 324 quae
3644 268 3792 324 pene

3689 131 3789 185 320

2142 344 2308 417 prius
2340 361 2507 401 soror
2531 343 2847 408 exstiterat,
2883 341 3113 398 carnali
3153 341 3572 413 conjunctione
3616 342 3793 399 viola-

2142 435 2322 504 verit;
2356 435 2403 490 si
2433 435 2567 508 quis
2597 432 2789 489 fratris
2819 432 3022 488 uxoris
3049 447 3424 503 germanam,
3453 432 3502 488 si
3530 432 3666 505 quis
3695 448 3794 488 no.

2140 539 2399 591 vercam,
2436 524 2485 579 si
2514 523 2649 596 quis
2678 522 3124 586 consobrinam,
3155 522 3202 577 si
3227 521 3363 594 quis
3393 520 3581 577 ﬁliam
3607 538 3792 578 avun-

2141 613 2278 683 culi,
2310 613 2404 669 vel
2445 612 2710 668 relictam
2759 612 2909 682 ejus,
2944 611 2992 666 si
3037 611 3172 684 quis
3218 610 3416 684 patrui
3469 610 3655 667 ﬁliam
3702 611 3792 667 vel

2140 701 2477 773 privignam
2509 716 2681 756 suam
2725 698 2976 756 duxerit.
3014 701 3165 756 Sane
3204 699 3426 773 quibus
3455 700 3794 771 conjunctio

2141 788 2344 845 illicita
2370 788 2757 858 interdicitur,
2789 787 3100 844 habebunt
3126 788 3258 855 sibi,
3287 792 3424 860 post
3452 793 3648 844 actam
3678 805 3796 861 poe-

2139 877 2469 947 nitentiam,
2502 877 2749 934 ineundi
2792 876 3052 932 melioris
3079 877 3344 948 conjugii
3385 877 3462 948 (id
3494 881 3581 932 est
3608 877 3794 946 legiti-

2142 967 2246 1038 mi)
2273 966 2605 1024 libertatem
2635 966 2718 1036 (id
2749 971 2836 1022 est
2860 971 3215 1039 potestatem
3247 967 3414 1038 (301).

2290 1095 2464 1165 282
2497 1096 2583 1151 De
2611 1095 2813 1151 eadem
2845 1110 2928 1150 re.
2960 1095 3060 1149 Ex
3089 1095 3339 1150 concilio
3367 1096 3651 1152 Romano.

2212 1200 2567 1256 CLXXXVI.
2615 1200 2867 1271 (Concil.
2901 1201 3066 1256 Rom.
3121 1199 3228 1255 sub
3273 1200 3447 1271 Greg.
3486 1201 3568 1267 II,
3599 1217 3650 1256 e.
3681 1205 3712 1256 3
3741 1206 3800 1257 et

2142 1305 2334 1362 seqq.;
2368 1291 2674 1360 ﬁxuram,
2709 1288 2809 1344 lib.
2841 1305 2918 1356 IV,
2943 1305 2993 1344 c.
3026 1292 3135 1356 22;
3180 1288 3282 1344 lib.
3319 1305 3418 1358 vn,
3454 1289 3794 1358 Capitutar.

2141 1395 2192 1434 c.
2230 1379 2376 1449 I27.)
2403 1377 2716 1448 Gregorius
2737 1393 2898 1451 papa
2922 1377 3070 1432 dixit
3094 1395 3106 1432 :
3139 1377 3195 1434 Si
3215 1377 3351 1450 quis
3373 1377 3471 1434 Dei
3497 1377 3796 1447 ancillam,

2142 1467 2202 1522 id
2234 1472 2322 1522 est
2366 1466 2907 1533 sanctimonialem,
2938 1465 3000 1521 in
3045 1466 3328 1538 conjugio
3371 1466 3626 1533 duxerit,
3659 1483 3801 1524 ana-

2146 1557 2346 1612 thema
2371 1555 2461 1612 sit.
2499 1556 2554 1612 Si
2584 1553 2718 1628 quis
2744 1559 3136 1612 commatrem
3168 1554 3537 1628 spiritualem
3567 1556 3627 1611 in
3668 1573 3799 1612 zon-

2141 1646 2310 1715 jugio
2339 1645 2591 1712 duxerit,
2627 1644 2950 1700 anathema
2979 1644 3069 1700 sit.
3105 1644 3162 1701 Si
3189 1644 3326 1717 quis
3356 1653 3595 1718 neptem
3628 1647 3795 1710 [Cod

2145 1737 2367 1796 Paris.
2400 1735 2595 1792 fratris
2627 1735 2899 1805 uxorem]
2946 1735 3009 1790 in
3057 1734 3340 1806 conjugio
3371 1735 3624 1806 duxerit,
3658 1751 3799 1791 ana-

2146 1825 2347 1880 thema
2374 1824 2464 1880 sit.
2502 1824 2558 1882 Si
2587 1825 2723 1896 quis
2753 1839 3076 1880 novercam
3105 1828 3208 1879 aut
3236 1839 3459 1879 nurum
3489 1841 3663 1880 suam
3693 1824 3801 1880 du-

2143 1914 2310 1980 xerit,
2341 1914 2664 1970 anathema
2692 1913 2784 1970 sit.
2819 1913 2876 1970 Si
2918 1913 3054 1986 quis
3090 1912 3517 1969 consobrinam
3548 1913 3798 1981 duxerit,

2143 2003 2469 2059 anathema
2499 2003 2591 2058 sit.
2624 2003 2681 2058 Si
2730 2002 2865 2074 quis
2913 2002 2989 2058 de
3039 2001 3285 2075 propria
3326 2002 3680 2072 cognatione
3709 2002 3803 2058 vel

2145 2108 2335 2165 quam
2385 2097 2678 2163 cognatus
2709 2091 2922 2148 habuit
2961 2092 3024 2147 in
3053 2091 3336 2162 conjugio
3381 2090 3635 2159 duxerit,
3664 2107 3804 2148 ana-

2144 2182 2348 2238 thema
2385 2181 2475 2238 sit.
2509 2181 2565 2236 Si
2607 2181 2744 2255 quis
2781 2180 3028 2236 viduam
3071 2181 3304 2237 furatus
3352 2180 3526 2236 fuerit
3553 2181 3613 2236 in
3659 2198 3802 2236 uxo-

2143 2287 2292 2338 rem,
2324 2270 2415 2326 vel
2445 2270 2954 2327 consentientibus
3001 2270 3074 2338 ei,
3102 2271 3426 2327 anathema
3455 2269 3545 2326 sit.
3581 2271 3636 2326 Si
3668 2271 3802 2344 quis

2142 2359 2453 2429 virginem,
2472 2359 2584 2415 nisi
2612 2359 3086 2433 desponsaverit,
3119 2359 3350 2416 furatus
3370 2359 3544 2415 fuerit
3569 2359 3629 2414 in
3661 2376 3805 2415 uxo-

2143 2463 2290 2514 rem,
2324 2448 2416 2502 vel
2447 2449 2953 2504 consentientibus
2973 2450 3046 2516 ei,
3065 2449 3390 2505 anathema
3419 2449 3509 2504 sit.
3535 2451 3600 2505 Et
3626 2448 3687 2504 in
3707 2449 3802 2505 his

2144 2537 2428 2592 omnibus
2457 2538 2622 2594 tertio
2651 2553 2830 2594 omne
2861 2537 3182 2594 concilium
3208 2537 3556 2609 respondit:
3590 2541 3800 2594 Amen.

2181 2646 2265 2700 De
2279 2644 2532 2713 judicio.
2565 2645 2664 2700 Ex
2693 2646 2945 2700 concilio
2976 2645 3057 2701 ad
3085 2646 3479 2714 Conﬂuentes.
3510 2644 3769 2700 Carolus

2621 2743 2632 2751 -
2713 2716 2793 2771 ad
2821 2717 3227 2772 Ludowicum.

2218 2803 2574 2859 CLXXXVII.
2609 2805 2897 2874 Capitula
2939 2807 3150 2862 Canou
3188 2807 3382 2870 Cum,
3410 2803 3493 2859 tit.
3525 2808 3616 2874 30,
3647 2819 3697 2860 c.
3727 2806 3801 2872 5.)

2146 2891 2348 2948 Filiam
2375 2896 2640 2948 nostram
2671 2893 2877 2949 Judith
2895 2893 3140 2950 viduam
3169 2893 3504 2950 secundum
3535 2893 3694 2962 leges
3720 2893 3805 2948 di-

2145 2980 2316 3036 vinas
2347 2985 2404 3037 et
2430 2981 2730 3038 humanas
2776 2983 2889 3038 sub
2925 2982 3169 3039 tuitione
3198 2981 3598 3045 ecclesiastica
3634 2987 3691 3037 et
3719 2998 3807 3037 re-

2144 3071 2241 3140 gio
2267 3069 2686 3126 mundeburde
2719 3071 3104 3127 constitutam
3136 3071 3458 3142 Balduinus
3489 3071 3604 3128 sibi
3642 3072 3805 3127 fura-

2143 3162 2238 3213 tus
2267 3161 2360 3214 est
2383 3174 2673 3227 uxorem;
2719 3176 2902 3232 quem
2931 3165 3069 3233 post
3104 3159 3295 3230 legale
3333 3160 3629 3231 judicium
3677 3162 3804 3233 epi-

2143 3248 2310 3320 scopi
2338 3249 2524 3304 nostri
2552 3249 2719 3318 regni
2755 3249 3430 3306 excommunicaverunt
3467 3250 3804 3306 secundum

2142 3351 2346 3392 sacros
2373 3352 2635 3393 canones
2660 3342 2717 3394 et
2744 3338 3155 3395 definitionem
3186 3339 3376 3396 sancti
3407 3339 3672 3410 Gregorii
3701 3356 3808 3412 pa-

2144 3440 2259 3497 pte,
2287 3426 2392 3498 qui
2421 3425 2603 3482 dicit:
2653 3449 2680 3474 ‹‹
2704 3427 2761 3482 Si
2790 3428 2928 3500 quis
2974 3428 3218 3485 viduam
3266 3429 3494 3485 furatus
3539 3428 3714 3484 fuerit
3744 3430 3807 3485 in

2141 3530 2414 3583 uxorem,
2445 3515 2539 3570 vel
2568 3516 3076 3573 consentientibus
3106 3517 3180 3584 ei,
3213 3519 3538 3574 anathema
3567 3519 3658 3573 sit.
3680 3539 3712 3570 ›

2147 3638 2320 3709 283
2366 3640 2448 3694 De
2471 3640 2715 3708 feminis
2737 3642 3082 3784 gzal’vgzgs.
3112 3643 3422 3768 ggzittunt.
3453 3642 3805 3711 Capitular.

2213 3798 2596 3856 CLXXXVIII.
2627 3799 2773 3866 (Lib.
2807 3817 2824 3853 1
2856 3801 3222 3870 Capitutar.,
3265 3818 3316 3857 c.
3354 3803 3487 3867 £02;
3539 3803 3595 3854 et
3625 3797 3731 3853 lib.
3770 3814 3806 3851 ιι

2142 3888 2278 3956 Leg.
2311 3889 2573 3958 Longob.
2608 3888 2690 3944 tit.
2723 3894 2775 3956 6,
2805 3906 2856 3945 c.
2885 3893 2956 3956 4;
2987 3892 3303 3946 Buncamn.
3335 3889 3439 3945 11b.
3472 3904 3588 3954 vui,
3618 3905 3669 3943 c.
3695 3891 3805 3946 42:

2141 3980 2260 4043 lvo,
2288 3982 2440 4049 part.
2474 3995 2570 4048 vn,
2603 3995 2652 4034 c.
2683 3981 2797 4049 60.)
2830 3982 2908 4035 De
2949 3979 3185 4036 feminis
3228 3986 3365 4052 quae
3409 3979 3571 4035 viros
3623 3978 3805 4033 amit-

2140 4070 2288 4131 tunt,
2323 4066 2619 4139 plaeetne
2652 4084 2734 4135 se,
2764 4069 2916 4125 sicut
2966 4070 3281 4138 hactenus,
3331 4069 3646 4125 indiscrete
3699 4084 3807 4123 ve-

2139 4154 2291 4223 lent;
2321 4155 2426 4211 sed
2452 4157 2690 4226 triginta
2726 4158 2854 4214 dies
2899 4162 3036 4232 post
3059 4159 3392 4216 discessum
3423 4158 3532 4214 viri
3565 4157 3654 4213 sui
3701 4174 3810 4212 ex-

2140 4249 2434 4317 spectent;
2473 4251 2529 4302 et
2559 4252 2694 4320 post
2723 4247 3086 4304 tricesimum
3113 4249 3294 4305 ‘diem
3345 4263 3451 4321 per
3479 4247 3806 4304 consilium

2140 4332 2405 4406 episcopi
2444 4335 2556 4404 sui,
2588 4334 2702 4401 vel,
2735 4337 2782 4390 si
2811 4335 3132 4409 episcopus
3172 4335 3389 4392 absens
3432 4335 3624 4399 fuerit,
3659 4351 3812 4390 con-

2141 4420 2269 4475 silio
2300 4421 2554 4477 aliorum
2586 4422 2999 4494 religiosorum
3026 4425 3406 4482 sacerdotum
3424 4439 3810 4494 suorumque

2138 4510 2493 4581 amicorum,
2525 4511 2584 4566 id
2613 4513 2778 4584 quod
2805 4513 3020 4584 eligere
3049 4513 3268 4570 debent
3297 4514 3537 4584 eligant.
3565 4515 3630 4568 Et
3648 4513 3808 4584 quia

2135 4614 2172 4654 a
2201 4615 2374 4654 sacro
2400 4606 2701 4656 conventu
2726 4603 2917 4672 rogati
2939 4607 3004 4658 ut
3029 4602 3090 4658 hi
3117 4603 3221 4675 qui
3241 4602 3549 4676 publicam
3581 4607 3810 4670 gerunt

2134 4687 2568 4759 paenitentiam,
2596 4695 2653 4746 et
2701 4691 2937 4747 femina;
2975 4707 3112 4764 quae
3157 4691 3318 4747 viros
3351 4691 3650 4754 amittunt,
3684 4706 3807 4745 no-

2134 4780 2258 4831 stra
2285 4779 2653 4844 auctoritate,
2687 4779 2880 4836 donec
2905 4779 3235 4836 deliberent
3263 4779 3408 4852 quid
3441 4784 3642 4850 agant,
3670 4784 3808 4834 tue-

2133 4869 2355 4931 rentur,
2390 4866 2724 4938 specialiter
2769 4882 2879 4940 pro
2924 4867 3017 4923 his
3060 4867 3320 4941 capitulo
3366 4866 3493 4923 ﬁeri
3542 4873 3598 4923 et
3645 4865 3808 4932 legis

2132 4954 2458 5009 mundanae
2487 4955 2760 5029 capitulis
2789 4956 3100 5013 inferenda
3123 4957 3501 5013 decrevimus
3527 4960 3699 5023 (302).

2237 5063 2326 5118 De
2353 5064 2553 5119 eadem
2585 5080 2667 5120 re.
2699 5066 2798 5122 Ex
2829 5065 3170 5136 Capitular.
3201 5067 3300 5122 lib.
3334 5083 3408 5132 ιν,
3435 5081 3568 5135 cap.
3601 5067 3684 5119 16.

2205 5153 2564 5209 CLXXXIX.
2599 5155 2744 5226 (Lib.
2779 5173 2834 5211 ιν
2867 5156 3211 5226 Capitular.
3238 5171 3288 5211 c.
3326 5159 3424 5223 t7;
3455 5154 3558 5211 lib.
3585 5171 3621 5209 ιι
3650 5155 3807 5224 Leg.

2134 5317 2261 5389 tum
2287 5313 2348 5369 in
2381 5315 2689 5389 capitulari
2719 5316 3188 5389 Aquisgranensi
3220 5315 3499 5372 Ludovici
3531 5316 3628 5380 Pii,
3655 5331 3809 5389 cap.

2131 5384 2220 5453 21,
2255 5391 2390 5458 post
2420 5384 2520 5443 illa
2549 5387 2735 5444 verba
2765 5384 3178 5459 religiosorum
3224 5389 3623 5452 sacerdotum,
3656 5384 3816 5459 legi-

2133 5462 2636 5530 tUIjjsuog'umque
2664 5457 2980 5529 parentum
3031 5466 3210 5530 atque
3237 5461 3588 5530 amicorum.
3626 5457 3816 5512 Unde

2134 5526 2330 5601 colligi
2359 5526 2547 5601 debet
2569 5526 2978 5586 Burchardum
3013 5535 3070 5586 et
3107 5526 3350 5590 lvonem
3382 5546 3493 5585 sua
3530 5529 3820 5601 descrip-

2135 5598 2296 5655 sisse’
2309 5615 2380 5655 ex
2411 5600 2733 5671 Reginone.
3503 5619 3514 5624 '
