4044 6196
197 188 293 241 321

1130 179 1219 233 οε
1258 174 1539 233 sectus.
1584 162 1870 229 DISCIPL.
1915 157 2096 224 LIBRI
2140 154 2306 223 nuo.
2348 197 2416 206 —
2456 152 2588 221 LIB.
2630 168 2695 220 ιι.

3515 173 3622 225 322

204 305 453 377 Longob.
487 304 567 359 tit.
599 307 652 371 6,
678 318 730 358 c.
761 301 836 372 3.)
870 300 981 368 Qui
1023 301 1268 358 viduam
1314 300 1467 356 intra
1493 297 1722 374 primos
1754 293 1847 351 tri-
1878 294 1927 346 Α
1956 307 2067 348 nec
2113 290 2277 347 illam
2327 290 2501 362 cujus
2548 288 2739 345 ﬁlium
2785 288 2864 345 ad
2909 288 3432 346 conﬁrmationem
3483 296 3620 348 ante

199 397 358 467 ginta
384 393 510 449 dies
539 390 843 448 viduitatis
874 390 970 447 vel
996 391 1247 448 invitam
1290 389 1384 446 vel
1411 384 1707 445 volentem
1737 382 1850 440 sibi

199 481 579 556 copulaverit,
611 479 923 551 sexaginta
953 478 1177 537 solidos
1208 482 1552 553 componat.
1588 478 1652 531 Et
1693 473 1742 529 si
1766 473 1851 529 in-

197 573 378 629 vitam
407 586 545 627 eam
576 569 837 637 traxerit,
866 568 1062 641 legem
1100 585 1275 625 suam
1319 569 1372 624 ei
1414 568 1758 639 componat,
1790 561 1853 618 il-

196 662 311 719 lam
342 675 488 716 vero
516 657 761 716 ulterius
788 673 913 715 non
943 656 1211 729 attingat.

202 767 377 840 2“
416 767 534 835 Qui
562 764 1189 840 hominem‘publicam
1229 763 1643 840 penitentiam
1670 774 1851 830 agen-

467 844 584 894 tem
615 838 915 906 interﬁcit.
947 835 1047 891 Ex
1075 835 1294 904 eodem,
1326 850 1459 903 cap.
1500 838 1584 889 I7.

267 930 415 986 CXC.
454 925 605 997 (Lib.
636 942 712 997 1v,
746 924 1081 995 Capitular.
1114 940 1165 980 c.
1203 924 1304 992 18;
1347 923 1451 979 lib.
1484 939 1501 979 ι
1530 923 1670 991 Leg.
1703 920 1854 974 Lon-

199 1018 327 1091 gob.
362 1016 446 1072 tit.
476 1018 531 1083 9,
564 1030 616 1071 c.
649 1014 765 1085 31.)
814 1012 925 1079 Qui
971 1012 1281 1070 hominem
1327 1009 1634 1085 publicam
1663 1005 1853 1082 paeni-

200 1106 441 1166 tentiam
462 1107 784 1176 agenteum
805 1102 1174 1169 interfecerit,
1197 1102 1471 1159 bannum
1492 1101 1769 1156 nostrum
1795 1096 1856 1151 in

200 1196 373 1270 triplo
403 1196 751 1266 componat,
776 1196 833 1248 et
861 1192 992 1264 ejus
1019 1190 1383 1262 wirigildum
1412 1185 1701 1262 proximis
1728 1184 1857 1256 ejus

198 1285 495 1361 persolvat
522 1284 689 1356 (303).

166 1393 290 1449 .Ne
307 1393 507 1462 frater
536 1403 717 1462 super
746 1387 984 1462 (horum
1011 1387 1288 1462 defuncti
1305 1385 1523 1462 fratris
1551 1380 1852 1440 ascendat.

653 1461 701 1517 ’a:
729 1460 981 1516 concilio
1004 1457 1446 1514 Aurelianensi.

271 1551 440 1609 CXCI.
484 1549 738 1622 (Concil.
771 1548 1088 1605 Aurelian.
1120 1563 1160 1613 1,
1192 1564 1243 1602 c.
1286 1547 1376 1613 18;
1421 1547 1556 1601 ΗΑΒ.
1588 1544 1739 1614 epist
1775 1541 1858 1599 ad

1957 380 2312 455 episcopum
2340 378 2611 437 tenuerit.
2648 378 2760 435 Ubi
2804 382 3007 435 autem
3037 378 3259 435 factum
3304 378 3498 450 fuerit,
3533 396 3621 436 se-

1961 474 2266 545 parentur.
2296 492 2323 519 »

2066 559 2134 616 Si
2159 560 2290 632 quis
2320 559 2561 616 viduam
2588 572 2835 613 uxorem
2865 557 3132 614 duxerit.
3166 559 3266 614 Ex
3291 558 3511 615 eodem.

2032 648 2274 704 CXCVII.
2310 647 2497 720 (RAB.,
2521 645 2693 717 ibid.,'
2717 646 2930 702 concil.
2962 645 3235 717 Mogunt.
3261 647 3371 702 sub
3392 646 3541 703 Rab.
3566 662 3619 703 c.

1962 740 2067 804 56;
2110 734 2213 792 lib.
2246 753 2281 791 v
2312 736 2653 805 Capitular.
2697 751 2747 790 c.
2785 738 2918 802 l0l;
2969 734 3293 805 Buncusan,
3332 735 3434 793 lib.
3480 753 3622 805 xvu,

1961 840 2013 881 c.
2046 825 2127 896 9.)
2156 823 2213 881 Si
2259 824 2395 897 quis
2437 822 2681 879 viduam
2736 839 2984 879 uxorem
3027 822 3280 893 duxerit,
3314 828 3372 880 et
3416 828 3626 897 postea

1962 928 2102 969 cum
2133 911 2382 969 ﬁliastra
2406 927 2517 968 sua
2546 910 2869 968 fornicatus
2898 910 3093 979 fuerit,
3127 912 3303 984 286
3334 928 3441 967 seu
3470 912 3622 969 dua-

1962 1001 2080 1058 bus
2128 1001 2437 1058 sororibus
2469 999 2755 1074 nupserit,
2789 1007 2893 1056 aut
2917 998 2964 1055 si
3015 1016 3138 1073 qua
3167 999 3408 1056 duobus
3437 999 3623 1057 fratri-

1962 1092 2079 1149 bus
2125 1091 2414 1165 nupserit,
2445 1107 2551 1147 seu
2579 1107 2719 1147 cum
2750 1094 2917 1164 patre
2947 1095 3005 1147 et
3030 1090 3153 1147 ﬁlio
3182 1090 3473 1148 fornicata
3500 1089 3626 1146 fue-

1963 1180 2058 1248 rit,
2092 1181 2237 1238 tales
2280 1180 2687 1254 copulationes
2736 1179 3226 1236 anathematizari
3256 1184 3312 1235 et
3360 1177 3627 1251 disjungi

1964 1271 2367 1345 praecipimus,
2397 1286 2508 1326 nec
2536 1285 2807 1342 unquam
2840 1269 3099 1343 amplius
3127 1269 3409 1340 conjugio
3439 1284 3625 1341 copu-

1962 1360 2094 1439 lari,
2126 1360 2232 1416 sed
2260 1358 2375 1415 sub
2406 1375 2632 1427 magna
2662 1356 3024 1416 districtione
3050 1358 3177 1415 ﬁeri
3203 1360 3374 1427 (305).

2055 1450 2141 1505 De
2162 1463 2227 1504 eo
2255 1448 2362 1518 qui
2383 1449 2639 1516 ﬁliolam
2666 1464 2837 1504 suam
2855 1449 3103 1518 polluit.
3139 1448 3306 1504 Unde
3324 1463 3533 1517 supra.

2034 1537 2318 1592 CXCVIII.
2360 1538 2520 1603 (Rm.
2553 1536 2725 1605 ibid.;
2751 1538 3067 1603 BURCIIARD,
3108 1535 3211 1592 lib.
3245 1552 3393 1604 xvn,
3428 1553 3478 1592 c.
3514 1536 3629 1607 26.)

196 1640 536 1709 Heribald,
569 1656 621 1695 c.
652 1638 765 1709 20.)
797 1640 876 1693 Ne
901 1636 1080 1693 frater
1108 1650 1288 1708 super
1330 1634 1569 1691 thcrum
1594 1630 1858 1689 defuncti
1889 1645 1928 1699 Β
1962 1629 2155 1692 Quam
2184 1624 2472 1681 destabile
2502 1628 2560 1680 et
2587 1624 2951 1681 exsecrabile
2980 1624 3173 1680 scelus
3204 1623 3277 1680 sit
3302 1624 3628 1697 unicuique

197 1729 397 1788 fratris
424 1726 731 1797 ascendat,
763 1742 874 1784 nec
903 1726 1252 1800 quisquam,
1285 1723 1529 1790 amissa,
1558 1738 1744 1778 uxore
1768 1736 1858 1777 so-

198 1835 394 1877 rorem
422 1818 554 1890 ejus
578 1816 693 1873 sibi
721 1815 943 1872 audeat
970 1814 1217 1871 sociare.

198 1911 285 1966 De
319 1923 526 1965 sorore
560 1921 794 1978 sponsor
824 1906 1070 1963 violata.
1102 1906 1203 1961 Ex
1228 1905 1478 1960 concilio
1507 1903 1855 1973 Ancyrano.

270 1998 470 2055 CXCII.
520 1996 762 2068 (Concil.
788 1995 1019 2077 Ancur.
1048 2010 1098 2051 c.
1131 1993 1244 2063 24.)
1276 1992 1533 2059 Quidam
1572 2006 1860 2065 sponsam

199 2087 457 2159 habens,
486 2101 755 2142 sororem
781 2084 832 2156 ej
843 2100 912 2140 us
944 2082 1204 2153 violavit,
1236 2087 1292 2138 et
1316 2081 1633 2155 gravidam
1660 2080 1858 2136 reddi-

200 2175 306 2233 dit.
334 2174 727 2231 Postmodum
754 2173 1184 2245 desponsatam
1230 2170 1341 2227 sibi
1392 2170 1563 2226 duxit
1586 2184 1857 2225 uxorem.

202 2263 306 2320 Illa
333 2279 476 2320 vero
505 2279 639 2336 quae
684 2265 965 2335 corrupta
1007 2264 1118 2328 est,
1148 2259 1369 2333 laqueo
1401 2274 1463 2314 se
1492 2257 1763 2331 peremit.
1797 2256 1863 2311 Ili

200 2353 305 2426 qui
330 2353 572 2410 fuerunt
599 2349 846 2418 conscii,
873 2353 1011 2421 post
1033 2348 1365 2405 decennem
1395 2344 1865 2420 satisfactionem

195 2442 350 2514 jussi
393 2445 535 2499 sunt
578 2438 801 2512 suscipi
844 2436 1181 2493 secundum
1231 2435 1454 2507 gradus
1504 2434 1865 2508 pmnitentize

200 2531 585 2589 constitutos.

293 2622 388 2676 De
416 2616 668 2674 muliere
693 2613 1079 2687 qua:
1094 2613 1395 2687 fratribus
1422 2613 1646 2684 nupsit.
1680 2612 1780 2668 Ea:

650 2686 902 2743 concilio
929 2686 1411 2742 Neocaesariensi.

277 2777 503 2835 CXCIII.
556 2775 812 2848 (Concil.
851 2774 1191 2831 Neocwsar.
1226 2789 1277 2829 c.
1311 2777 1377 2839 2;
1424 2776 1731 2829 HALITGAR.
1761 2772 1865 2829 lib.

207 2882 288 2937 Iv,
315 2883 367 2923 c.
406 2868 470 2921 14
496 2882 510 2933 ;
539 2866 856 2920 Buaanan.
888 2861 992 2918 lib.
1024 2863 1161 2932 xvii,
1197 2877 1247 2916 c.
1288 2861 1357 2932 ί.)
1389 2860 1598 2916 Mulier
1644 2859 1692 2915 si
1722 2858 1870 2913 duo-

207 2955 325 3013 bus
348 2952 630 3010 fratribus
662 2950 951 3024 nupserit,
983 2948 1298 3022 abjiciatur
1344 2965 1535 3023 usque
1584 2948 1663 3006 ad
1717 2963 1872 3004 mor-

210 3049 360 3112 tem;
384 3046 801 3115 verumtamen
825 3040 887 3096 in
908 3039 1089 3108 exitu,
1112 3042 1355 3112 propter
1374 3037 1868 3105 misericordiam,

209 3133 560 3192 communio
589 3132 644 3188 ei
670 3130 1054 3188 concedatur.
1083 3129 1253 3195 Quod
1280 3129 1329 3184 si
1354 3129 1632 3186 defecerit
1658 3128 1747 3184 vir
1769 3132 1874 3185 aut

210 3223 428 3282 mulier
457 3221 677 3279 talibus
702 3219 948 3294 nuptiis,
979 3218 1235 3275 difﬁcilis
1267 3218 1375 3274 erit
1414 3216 1763 3292 paenitentia
1808 3216 1872 3273 in

210 3313 334 3370 vita
372 3308 749 3385 permanenti
780 3309 946 3380 (304).

287 3401 466 3473 285
507 3401 593 3457 De
621 3400 823 3456 eadem
858 3412 940 3455 re.
989 3398 1086 3453 Ea:
1122 3397 1375 3453 concilio
1402 3396 1799 3454 Eliberitano.

286 3491 508 3547 CXCIV.
541 3488 795 3561 (Concil.
827 3486 1054 3543 Eliber.
1083 3502 1133 3542 c.
1162 3490 1275 3548 62.)
1310 3485 1366 3542 Si
1405 3484 1540 3559 quis
1579 3489 1716 3559 post
1743 3483 1873 3541 obi-

212 3582 344 3634 tum
374 3576 578 3635 uxoris
608 3594 732 3634 suae
758 3592 1025 3633 sororem
1055 3576 1184 3647 ejus
1213 3575 1466 3642 duxerit,
1498 3578 1555 3631 et
1584 3574 1719 3648 ipsa
1748 3574 1875 3630 fue-

211 3668 288 3724 rit
325 3666 539 3734 ﬁdelis,
571 3665 1054 3741 quinquennium
1103 3680 1140 3722 a
1182 3664 1607 3721 communione
1654 3662 1878 3736 placuit

211 3755 524 3824 abstineri,
552 3755 665 3812 nisi
695 3770 861 3811 mors
888 3753 1165 3825 coegerit.

378 3846 467 3902 De
489 3846 691 3903 eadem
720 3860 805 3903 re.
839 3845 940 3901 Ea:
967 3843 1219 3902 concilio
1246 3842 1505 3898 Martini
1526 3857 1721 3912 papae.

289 3934 488 3991 CXCV.
542 3935 799 4007 (Msarm.
851 3937 1097 3990 BRACAR.
1150 3949 1202 3988 c.
1252 3932 1359 3998 79;
1409 3933 1726 4000 Buacusnn,
1772 3928 1878 3987 lib.

214 4041 361 4091 xvn,
394 4039 446 4079 c.
473 4026 554 4091 2.)
584 4024 641 4079 Si
672 4040 795 4097 qua
824 4021 1035 4080 mulier
1063 4020 1219 4077 duos
1262 4018 1493 4089 fratres,
1526 4023 1630 4076 aut
1671 4018 1720 4074 si
1745 4018 1882 4093 quis

211 4112 307 4169 vir
331 4112 491 4169 duas
536 4128 768 4169 sorores
798 4110 1054 4181 duxerit,
1082 4126 1119 4166 a
1147 4108 1573 4166 communione
1605 4124 1883 4183 separen-

211 4209 316 4260 tur
338 4218 539 4276 usque
567 4202 646 4260 ad
670 4205 945 4269 mortem,
975 4201 1039 4257 in
1079 4204 1270 4258 morte
1312 4215 1423 4273 pro
1471 4198 1884 4257 misericordia

212 4291 512 4351 viaticum
536 4290 850 4365 accipiant.
912 4362 917 4365 _

1911 4343 1960 4398 D

1967 1714 2298 1773 Christiano
2327 1712 2574 1769 ﬁliolam
2601 1729 2774 1769 suam
2798 1718 3188 1785 constuprare
3216 1715 3463 1769 testatur
3488 1726 3627 1768 san-

1967 1807 2095 1860 ctus
2122 1802 2435 1873 Gregorius
2477 1817 2639 1875 papa
2678 1802 2740 1857 in
2772 1800 3031 1871 Dialogis
3063 1800 3188 1856 suis
3220 1801 3342 1872 (lib.
3375 1818 3458 1871 IV,
3494 1817 3623 1870 cap.

1966 1895 2077 1959 32),
2114 1890 2215 1947 ubi
2246 1890 2423 1947 refert
2448 1889 2778 1963 quemdam
2824 1889 3133 1946 hominem
3167 1889 3455 1964 polluisse
3479 1889 3629 1945 ﬁlio-

1962 1981 2089 2039 lam
2133 1997 2329 2049 suam,
2370 1984 2428 2036 et
2472 1979 2618 2053 quia
2668 1978 2929 2049 neglexit
2974 1978 3387 2052 paenitentiam
3432 1995 3630 2048 agere,

1969 2069 2167 2128 subito
2189 2068 2513 2126 miserabili
2544 2069 2759 2125 morbo
2789 2073 3099 2141 correptus
3127 2068 3435 2142 expiravit,
3463 2073 3521 2124 et
3549 2085 3636 2125 se-

1969 2160 2195 2234 pultus,
2222 2175 2346 2215 non
2378 2157 2576 2215 solum
2607 2174 2846 2231 corpus,
2880 2156 2987 2214 sed
3016 2158 3197 2213 etiam
3227 2174 3408 2214 omne
3435 2157 3633 2230 sepul-

1970 2265 2163 2315 crum,
2186 2246 2341 2316 ignis
2367 2246 2681 2302 invisibilis
2711 2245 3107 2317 consumpsit.

1974 2356 2120 2412 Item
2152 2354 2225 2409 de
2252 2353 2490 2409 incestis
2519 2359 2572 2409 et
2604 2367 2804 2409 eorum
2836 2354 3208 2421 paenitentia.
3255 2353 3356 2409 Ea:
3384 2354 3637 2410 concilio

2564 2424 3056 2495 Mogontiacensi.

2049 2514 2265 2571 CXCIX.
2320 2513 2481 2584 (Ras.
2526 2512 2698 2581 ibid;
2750 2514 3067 2569 Buncmnn.
3113 2511 3216 2568 lib.
3268 2529 3408 2583 xvn,
3441 2529 3491 2568 c.
3529 2513 3639 2585 18.)

1978 2601 2036 2658 Si
2082 2602 2218 2674 quis
2265 2602 2593 2659 fornicatus
2638 2602 2810 2658 fuerit
2838 2618 2979 2658 cum
3027 2589 3267 2658 duabus
3308 2601 3637 2670 sororibus,

1976 2690 2069 2748 vel
2093 2707 2233 2747 cum
2256 2706 2513 2748 noverca
2542 2708 2671 2758 sua,
2704 2691 2795 2747 vel
2824 2708 2965 2747 cum
2998 2690 3185 2748 amita
3213 2707 3343 2758 sua,
3377 2690 3473 2748 vel
3492 2704 3641 2747 cum

1978 2783 2167 2836 matre
2194 2795 2326 2847 sua,
2346 2779 2439 2835 vel
2468 2796 2608 2836 cum
2638 2778 2761 2836 ﬁlia
2785 2778 2983 2852 patrui
3014 2778 3108 2834 sui
3138 2782 3195 2835 et
3223 2778 3506 2836 avunculi
3527 2777 3641 2849 sui,

1977 2868 2069 2925 vel
2111 2885 2251 2925 cum
2299 2867 2422 2925 ﬁlia
2451 2868 2651 2925 amita:
2696 2885 2821 2925 sum
2850 2868 2976 2925 sive
3007 2872 3340 2925 matertera:
3371 2885 3515 2936 sum,
3548 2869 3643 2925 vel

1979 2974 2117 3014 eum
2143 2963 2320 3031 nepte
2350 2975 2480 3027 sua,
2513 2958 2604 3015 vel
2640 2974 2778 3015 cum
2806 2962 3138 3015 commatre
3168 2962 3274 3015 aut
3296 2957 3481 3015 ﬁliola
3510 2975 3640 3026 sua,

1980 3048 2105 3105 sive
2133 3064 2321 3121 quam
2368 3048 2445 3104 de
2496 3048 2658 3104 fonte
2686 3047 2967 3121 suscepit,
3000 3046 3095 3104 vel
3123 3051 3261 3104 ante
3291 3047 3644 3122 episcopum

1983 3137 2253 3207 tenuerit,
2285 3141 2344 3194 et
2394 3136 2442 3193 si
2485 3153 2608 3210 qua
2654 3136 2871 3194 mulier
2919 3136 3098 3193 simili
3142 3137 3327 3193 modo
3356 3136 3647 3194 fornicata

1981 3225 2175 3296 fuerit,
2208 3225 2508 3284 abstineat
2533 3242 2597 3283 se
2623 3226 2703 3283 ab
2732 3226 3009 3298 ingressu
3032 3225 3255 3283 domus
3283 3226 3384 3283 Dei
3415 3242 3647 3297 annum

1982 3330 2208 3385 unum;
2240 3319 2297 3372 et
2325 3315 2542 3372 eodem
2571 3330 2752 3383 anno,
2773 3314 2887 3371 nisi
2910 3314 3234 3371 Dominicis
3264 3318 3321 3371 et
3340 3313 3503 3371 festis
3528 3314 3651 3371 die-

1982 3402 2117 3470 bus,
2176 3403 2563 3460 solummodo
2614 3419 2771 3477 pane
2819 3407 2878 3460 et
2934 3419 3094 3476 aqua
3136 3406 3193 3460 et
3240 3402 3363 3459 sale
3409 3406 3647 3466 utatur;

1988 3491 2158 3562 287
2196 3507 2367 3548 arma
2395 3507 2521 3548 non
2553 3491 2719 3559 ferat,
2751 3491 3027 3547 osculum
3056 3490 3203 3547 nulli
3225 3489 3528 3563 praebcat;
3562 3505 3652 3546 sa-
3712 3490 3744 3519 '

1985 3579 2294 3647 criﬁcium,
2340 3579 2461 3636 nisi
2511 3595 2622 3652 pro
2672 3580 2907 3646 viatico,
2964 3578 3210 3635 minime
3256 3582 3494 3645 sumat;
3549 3593 3653 3633 sex

1986 3668 2204 3726 deinde
2235 3669 2411 3725 annis
2441 3667 2810 3737 ingrediatur
2834 3665 3082 3740 quidem
3108 3667 3360 3722 domum
3392 3666 3513 3735 Dei,
3546 3665 3654 3721 sed

1988 3757 2274 3816 carnibus
2302 3761 2361 3813 et
2387 3756 2528 3812 vino
2556 3759 2614 3812 et
2632 3755 2821 3812 sicera
2842 3754 3089 3811 minime
3106 3757 3327 3822 utatur,
3352 3753 3467 3810 nisi
3492 3753 3656 3810 festis

1989 3846 2223 3904 diebus.
2249 3848 2329 3903 De
2360 3845 2543 3902 armis
2573 3860 2715 3902 vero
2744 3844 2840 3903 vel
2869 3843 3075 3902 osculo
3106 3843 3227 3900 sive
3256 3843 3658 3914 sacriﬁcio,si-

1990 3940 2092 3994 cut
2120 3952 2304 4010 supra
2332 3934 2561 3992 dictum
2588 3939 2696 3992 est.
2728 3937 2937 3992 Postea
2978 3949 3121 3992 vero
3165 3932 3409 3991 duobus
3458 3932 3654 4003 annis,

1989 4024 2239 4102 quando
2269 4041 2449 4083 carne
2476 4024 2755 4096 vescitur,
2788 4041 2825 4080 a
2854 4028 3002 4098 potu
3031 4023 3197 4081 omni
3223 4023 3330 4097 qui
3357 4022 3657 4081 inebriare

1989 4119 2185 4191 potest
2208 4131 2272 4171 se
2300 4114 2640 4182 contineat;
2686 4118 2744 4170 et
2795 4112 2843 4170 si
2887 4117 3098 4188 potum
3141 4112 3379 4185 biberit,
3410 4112 3659 4170 minime

1993 4219 2172 4263 carne
2201 4207 2499 4271 vescatur,
2532 4202 2767 4277 absque
2792 4201 3112 4277 praecipuis
3133 4201 3296 4259 festis
3322 4201 3558 4259 diebus.
3578 4204 3659 4258 De

1995 4293 2180 4352 armis
2208 4292 2304 4350 vel
2328 4292 2538 4367 osculo
2584 4296 2641 4349 et
2670 4291 2963 4350 sacriﬁcio
3007 4291 3261 4348 modum
3307 4295 3508 4348 teneat
3530 4290 3658 4362 jam

213 4401 308 4455 De
318 4398 519 4467 ﬁliola
537 4404 592 4454 et
608 4402 948 4454 commatre.
970 4397 1070 4454 Ea:
1089 4397 1340 4466 epistola
1355 4396 1594 4452 Rabani
1609 4396 1693 4452 ad
1711 4396 1885 4452 Heri-
1913 4378 1960 4398 υ
1995 4383 2241 4440 dictum
2277 4381 2421 4438 Inde
2452 4398 2645 4456 usque
2689 4381 2769 4439 ad
2806 4381 3039 4467 obitum
3069 4396 3269 4467 suum.
3297 4379 3413 4435 nisi
3443 4378 3660 4467 praedi-

295 4469 547 4527 baldum
576 4469 914 4539 episcopum
943 4468 1538 4536 Antissiodorensem,
1561 4482 1692 4537 cap.
1722 4470 1809 4523 20.

268 4556 522 4615 CXCVI.
556 4558 890 4629 (Buncmnn.
925 4556 1026 4613 lib.
1068 4572 1206 4624 xvn,
1240 4572 1291 4612 c.
1327 4557 1440 4627 24.)
1486 4558 1564 4612 De
1607 4571 1679 4612 eo
1720 4554 1888 4628 quod

214 4648 629 4717 interrogasti,
663 4648 712 4704 si
736 4647 834 4709 ille
877 4648 979 4721 qui
1004 4647 1253 4707 ﬁliolam
1281 4663 1480 4711 suam.
1505 4650 1563 4702 et
1584 4646 1660 4702 de
1688 4662 1760 4702 eo
1783 4645 1889 4719 qui

216 4736 559 4794 concubuit
602 4753 743 4795 cum
792 4740 1121 4794 commatre
1170 4752 1282 4792 sua
1311 4734 1579 4808 spiritali,
1605 4738 1663 4790 et
1685 4734 1760 4790 de
1788 4734 1890 4790 illo

217 4827 333 4901 qui
366 4826 559 4884 ﬁlium
607 4844 787 4883 suum
814 4825 1153 4900 baptizavit,
1185 4830 1243 4882 et
1271 4825 1443 4897 cujus
1472 4840 1623 4880 uxor
1647 4840 1789 4880 eum
1816 4822 1892 4879 de

223 4917 398 4973 fonte
427 4904 706 4990 suscepit,
738 4915 788 4972 si
813 4920 1020 4989 postea
1048 4915 1109 4971 in
1135 4913 1232 4971 tali
1257 4912 1636 4987 copulatione
1661 4928 1894 4986 perma-

220 5021 375 5063 nere
406 5011 673 5078 possent,
700 5006 948 5062 omnino
994 5004 1263 5061 illicitum
1307 5012 1438 5060 ess‘e
1462 5002 1890 5074 judicavimus.

221 5096 476 5171 Namin
506 5096 760 5153 concilio
806 5094 1266 5167 Mogontiacensi
1309 5093 1596 5167 scriptum
1641 5098 1730 5150 cst
1758 5110 1892 5166 cap.

221 5190 301 5241 55
333 5184 881 5256 (Concil.Mogunt.
914 5185 1023 5240 sub
1054 5184 1195 5241 Car.
1215 5184 1296 5239 Μ.
1317 5200 1367 5239 c.
1402 5188 1502 5251 55;
1535 5182 1636 5238 lib.
1661 5200 1699 5238 v
1720 5183 1897 5252 Capi-

226 5276 620 5345 tular.c.100;
640 5278 958 5331 BURCHARD.
988 5273 1089 5329 lib.
1110 5277 1433 5343 xvu,c.25.)
1461 5291 1521 5328 :«
1539 5272 1743 5329 Nullus
1757 5289 1896 5345 pro-

221 5364 443 5437 prium
471 5363 663 5437 filium
689 5370 793 5421 aut
834 5364 1024 5420 ﬁlium
1055 5380 1090 5419 a
1121 5362 1282 5420 fonte
1313 5363 1687 5451 baptismatis
1718 5362 1899 5417 susci-

221 5455 388 5529 piat.
417 5469 525 5511 nec
550 5453 794 5511 ﬁliolam
837 5472 947 5511 nec
991 5456 1381 5511 commatrem
1421 5453 1605 5509 ducat
1628 5468 1899 5522 uxorem,

308 5564 468 5637 (303)
511 5562 650 5637 Vide
680 5579 864 5637 supra
895 5566 1140 5637 cap._30_
1160 5562 1341 5633 hujus
1367 5560 1519 5617 libri.

312 5633 467 5705 (304)
507 5633 648 5691 Vide
678 5633 781 5691 lib'.
811 5650 891 5691 vn
913 5633 1163 5707 capitul,
1196 5646 1328 5706 cap.
1361 5637 1485 5690 296.

1997 4471 2105 4528 ctis
2131 4469 2293 4526 festis
2335 4469 2570 4539 diebus,
2602 4485 2639 4527 a
2666 4485 2845 4526 carne
2875 4483 2938 4522 se
2985 4466 3283 4523 abstineat
3327 4470 3444 4522 tres
3471 4464 3661 4534 legiti-

1998 4575 2136 4616 mas
2164 4558 2340 4616 ferias
2365 4558 2427 4615 in
2456 4557 2623 4616 omni
2653 4554 3064 4622 hebdomada,
3095 4558 3151 4611 et
3179 4557 3297 4610 tres
3321 4552 3662 4627 quadrage-

2000 4650 2187 4706 simas
2216 4648 2278 4705 in
2319 4664 2482 4706 anno
2530 4646 2791 4718 legitime
2839 4644 3154 4702 custodiat.
3198 4646 3277 4699 De
3307 4642 3492 4700 armis
3520 4658 3663 4698 vero

2000 4742 2064 4796 ut
2094 4755 2278 4812 supra
2305 4737 2531 4796 dictum
2562 4742 2668 4794 est.
2700 4739 2766 4793 Et
2796 4751 3065 4809 unquam
3096 4732 3423 4807 aliquando
3452 4732 3662 4803 conju-

2001 4828 2099 4900 gio
2130 4828 2461 4901 copuletur.
2495 4828 2633 4884 Hzec
2664 4826 2877 4886 eadem
2907 4823 3257 4899 paenitentia
3295 4821 3666 4897 imponenda

2001 4922 2094 4974 est
2142 4916 2447 4990 patricidis
2500 4916 2595 4973 vel
2661 4914 2976 4974 fratricidis
3026 4913 3122 4971 vel
3178 4911 3663 4985 consanguineis,

2002 5021 2241 5064 necnon
2289 5011 2345 5063 et
2374 5007 2479 5080 qui
2528 5010 2743 5080 sponte
2789 5022 2897 5079 per
2939 5004 3217 5061 ftaudem
3270 5007 3327 5059 et
3355 5002 3666 5060 avaritiam

2004 5096 2313 5153 hominem
2367 5096 2681 5153 innoxium
2725 5094 3025 5161 occidunt,
3075 5092 3241 5166 quod
3284 5092 3668 5149 morchidum

2008 5190 2244 5243 vocant.

2009 5293 2079 5347 In
2120 5298 2303 5363 quota
2340 5292 2724 5363 generatione
2738 5290 3116 5363 ξορα-ἱρηίων
3148 5289 3371 5363 ﬁdeles.
3404 5288 3504 5343 Ex
3544 5286 3666 5355 epi-

2170 5362 2323 5419 stola
2354 5362 2592 5417 Rabani
2619 5360 2702 5417 ad
2724 5361 3121 5417 Humbertum
3150 5361 3509 5430 episcopum.

2083 5451 2188 5505 CC.
2206 5451 2385 5519 Igitur
2404 5450 2478 5507 de
2502 5449 3164 5524 nuptiis,velquomodo
3182 5445 3671 5518 consanguinitas

2084 5560 2232 5631 (305)
2261 5560 2453 5634 Caput
2499 5560 2656 5634 istud
2703 5560 2979 5634 additum
3022 5563 3130 5634 est
3158 5557 3483 5634 ex_codice
3529 5569 3666 5618 ms-;

2012 5628 2140 5688 non
2167 5628 2366 5688 exstaf
2386 5631 2446 5688 in
2473 5630 2728 5690 editione
2759 5628 3283 5690 Helmaastadiensi.
