4044 6196
405 108 508 162 3'23

1534 100 1904 158 REGINONIS
1942 95 2358 153 PRUMIENSIS
2398 92 2724 154 ABBATIS.

3721 107 3817 160 324

403 227 765 285 honoranda
803 227 898 297 sit,
942 226 1229 283 Dominus
1259 224 1523 299 loquitur
1569 224 1630 280 in
1679 224 1933 281 Levitico
1975 220 2060 278 di-
2091 223 2138 274 Α
2176 222 2409 309 aeternae
2441 220 2644 309 anima
2675 220 3074 291 demergatur.
3104 220 3285 291 Igitur
3298 220 3441 294 quia
3465 238 3503 278 a
3530 240 3668 281 mea
3690 242 3818 309 par-

406 335 551 375 cens
578 335 590 373 :
618 318 820 376 Omnis
842 318 1010 375 homo
1032 316 1113 372 ad
1130 316 1476 386 proximam
1492 317 1805 386 sanguinis
1827 317 1924 371 sui
1944 329 2064 370 non

407 408 675 473 accedat,
699 414 765 462 ut
786 404 1002 462 revelet
1029 396 1467 474 turpitudinem
1488 406 1616 475 ejus
1643 405 1848 475 (Leuit.
1874 405 2062 467 xvm).

406 498 555 553 Cum
580 496 737 552 enim
760 494 1049 550 Dominus
1074 494 1372 567 populum
1390 510 1568 550 suum
1590 495 1664 550 de
1695 492 2063 550 contamina-

408 576 665 642 tionibus
719 583 988 654 gentium
1017 582 1305 639 voluisset
1344 598 1644 656 separare,
1669 583 1935 657 primum
1960 596 2062 652 ge—

403 672 589 729 nerali
618 666 912 729 vocabulo
945 666 1024 728 ad
1054 671 1497 744 proximitatem
1530 670 1840 742 sanguinis
1865 662 2064 744 prohi-

400 760 532 816 buit
568 776 946 835 quemquam
978 758 1283 830 accedere,
1314 776 1390 816 ne
1421 758 1712 817 revelaret
1753 755 2065 833 turpitudi-

399 863 541 905 nem
563 850 722 922 ejus;
747 848 966 905 deinde
984 849 1178 923 ipsam
1213 845 1391 921 288
1409 849 1858 920 generalitatem
1882 846 2065 903 ferme

401 936 464 992 in
489 937 811 995 duodecim
839 940 1065 1012 species
1097 934 1409 995 subdivisit
1433 958 1445 1007 ;
1500 955 1636 1012 quae
1666 936 1869 994 tamen
1910 936 2065 991 ultra

404 1025 639 1083 tertiam
670 1027 764 1083 vel
788 1030 1065 1100 quartam
1099 1026 1543 1099 generationem
1574 1043 1695 1083 non
1728 1024 2066 1099 procedunt

402 1115 571 1188 (306).
607 1115 771 1172 Unde
802 1114 1038 1179 accidit,
1077 1120 1139 1171 ut
1175 1104 1348 1184 reor:
1363 1116 1659 1172 domuum
1713 1114 2062 1183 Gregorium

400 1204 736 1274 Augustino
765 1203 1151 1273 interroganti
1172 1205 1342 1261 tertia
1367 1196 1460 1260 vel
1486 1208 1701 1278 quarta
1733 1203 2062 1273 generatio-

400 1306 476 1347 ne
498 1291 629 1362 jam
649 1291 805 1348 licite
837 1292 1140 1348 connubia
1163 1293 1415 1364 jungere
1446 1292 1856 1367 respondisse.
1889 1290 2062 1348 Simi-

397 1380 530 1437 liter
558 1380 696 1437 etin
724 1377 1016 1438 Theodori
1046 1381 1481 1455 archiepiscopi
1510 1382 1698 1452 gentis
1730 1380 2062 1450 Anglorum

400 1468 707 1544 Capitulis,
738 1487 873 1543 quae
897 1471 972 1527 de
1001 1472 1350 1529 necessariis
1371 1473 1724 1545 conscripsit
1746 1470 1950 1537 rebus,
1974 1471 2061 1526 in-

398 1560 678 1617 venimus
701 1561 869 1635 quod
892 1560 955 1617 in
983 1561 1155 1618 tertia
1174 1562 1618 1636 propinquitate
1640 1558 1836 1617 carnis
1853 1576 2060 1616 secun—
2090 1574 2128 1627 Β

399 1644 548 1705 dum
598 1650 832 1706 Graecos
872 1650 1050 1707 liceat
1089 1648 1337 1718 nubere,
1370 1649 1427 1706 in
1476 1649 1687 1724 quinta
1726 1650 2055 1705 secundum

400 1741 726 1794 Romanos.
761 1737 871 1804 Qui
920 1744 1123 1795 tamen
1171 1738 1454 1811 conjugia
1490 1738 1553 1794 in
1607 1739 1774 1795 tertia
1821 1739 2060 1812 propin-

399 1828 624 1902 quitate
653 1829 810 1902 facta
856 1845 980 1886 non
1011 1828 1327 1895 solverent,
1355 1829 1406 1886 si
1436 1833 1613 1886 antea
1642 1830 1720 1887 ab
1766 1829 2062 1887 inscienti-

398 1901 517 1973 bus
547 1901 865 1990 compacta
893 1916 1164 1989 fuissent,
1198 1916 1622 1992 aequaliterque
1665 1920 2051 1990 conjungere-

397 2010 496 2062 tur
533 2006 622 2061 vir
672 2006 734 2061 in
781 2008 1164 2064 matrimonio
1212 2006 1305 2063 his
1354 2008 1457 2080 qui
1489 2007 1601 2064 sibi
1630 2007 2062 2079 consanguinei

401 2100 563 2162 sunt,
601 2099 657 2151 et
708 2096 911 2151 uxoris
953 2112 1075 2152 suae
1115 2096 1578 2166 consanguineis
1628 2101 1765 2170 post
1806 2101 2058 2153 mortem

401 2184 623 2240 uxoris.
649 2183 818 2240 Hunc
844 2189 1045 2241 autem
1071 2183 1450 2242 Theodorum
1480 2184 1705 2242 Tharso
1731 2186 1937 2242 Ciliciae
1959 2203 2064 2242 na-

400 2278 548 2341 tum,
582 2273 924 2329 Vitellianus
954 2290 1117 2347 papa
1138 2276 1340 2330 Romae
1372 2275 1728 2348 episcopum
1749 2275 2056 2342 ordinans,

400 2362 479 2418 ad
506 2361 869 2419 Britanniam
898 2363 1057 2419 misit
1082 2381 1095 2418 :
1125 2364 1285 2420 unde
1317 2368 1442 2420 tam
1468 2364 1855 2421 Orientalium
1872 2378 2059 2438 quam

401 2451 581 2507 etiam
614 2452 1081 2508 Occidentalium
1100 2453 1498 2509 Ecclesiarum
1525 2453 2059 2510 consuetudinibus

398 2538 649 2612 pleniter
675 2538 999 2596 instructus
1044 2539 1252 2597 fuerat.
1290 2546 1403 2597 Nec
1452 2558 1590 2598 eum
1652 2541 1853 2615 aliqua
1877 2541 2057 2601 latere

397 2628 703 2700 potuerint
751 2645 887 2701 quae
923 2630 984 2684 in
1014 2628 1538 2686 observationibus
1568 2630 1846 2701 legitimis
1875 2630 2057 2686 Graeci

400 2722 458 2773 et
480 2716 735 2774 Romani
765 2733 836 2773 eo
867 2722 1137 2790 tempore
1165 2719 1796 2787 habuerunt,maxime
1829 2736 1967 2776 cum
1995 2719 2057 2775 in

399 2809 654 2878 utraque
683 2804 891 2873 lingua
920 2805 1176 2877 perfecte
1206 2806 1531 2862 instructus
1562 2811 1733 2865 esset.
1761 2807 1931 2874 Quod
1954 2824 2056 2863 au-

398 2896 519 2949 tem
567 2892 857 2965 proximis
915 2894 1288 2966 temporibus
1353 2898 1761 2951 Romanorum
1813 2895 2055 2970 pontiﬁ-
2085 2926 2125 2978 Ο

398 2995 539 3035 cum
571 2979 792 3052 scripta
839 2980 1145 3038 continent
1174 2999 1363 3055 usque
1393 2982 1473 3039 ad
1503 2988 1731 3041 sextam
1764 2984 1853 3041 vel
1883 2986 2057 3058 septi-

398 3082 564 3125 mam
605 3069 1051 3139 generationem
1100 3072 1363 3143 conjugii
1412 3090 1591 3130 usum
1634 3070 2053 3145 differendum,

396 3158 592 3229 magis
635 3174 709 3215 ex
756 3160 1193 3217 consuetudine
1245 3161 1516 3220 humana
1571 3182 1758 3238 quam
1800 3182 1873 3221 ex
1925 3166 2057 3235 lege

396 3248 601 3304 divina
648 3248 763 3305 hoc
807 3266 909 3306 eos
951 3251 1306 3324 praecepisse
1355 3253 1723 3311 credendum
1766 3259 1872 3312 est.
1906 3259 2055 3311 Nam

394 3337 564 3411 quod
593 3338 854 3394 Isidorus
898 3338 958 3394 in
988 3338 1379 3412 Etymologiis
1412 3341 1536 3396 suis
1569 3359 1759 3415 usque
1801 3340 1880 3399 ad
1924 3360 2055 3399 sex-

394 3432 521 3484 tam
552 3428 1001 3498 generationem
1052 3429 1587 3500 consanguinitatis
1631 3431 2055 3489 abstinendum

395 3520 453 3571 et
491 3515 573 3571 sic
615 3515 881 3585 legitimo
925 3515 1228 3572 connubio
1259 3518 1753 3589 conjungendum
1783 3519 2051 3587 asseruit,

391 3604 534 3662 inde
563 3616 698 3661 reor
738 3620 878 3661 eum
909 3604 1119 3661 fecisse
1162 3605 1340 3678 289
1371 3608 1536 3681 quod
1567 3608 1931 3680 genealogiae
1966 3626 2055 3666 se-

390 3693 541 3750 riem
569 3699 862 3762 retexens,
895 3710 1214 3767 quousque
1240 3694 1514 3753 ordinem
1542 3697 1903 3755 numerandi
1918 3714 2053 3772 per-

393 3782 582 3847 duxit,
614 3797 686 3840 eo
713 3783 1138 3853 cognationem
1169 3784 1479 3855 sanguinis
1511 3787 1874 3843 servandam
1904 3788 2057 3844 aesti-

392 3872 606 3940 mavit;
642 3872 847 3945 sicque
870 3872 949 3928 ad
968 3871 1421 3929 innovationem
1453 3876 1687 3944 generis
1708 3880 1765 3933 et
1780 3876 2052 3934 amicitiae

386 3960 489 4032 jus
520 3956 1006 4016 conﬁrmandum
1033 3958 1225 4016 redire
1257 3961 1336 4016 ad
1362 3962 1735 4019 connubium
1779 3965 2052 4038 sancivit,

394 4042 643 4115 quando
696 4043 826 4115 jam
878 4044 1253 4115 cognationis
1310 4044 1458 4102 ordo
1507 4048 1814 4104 numerari
1860 4048 2050 4107 desiit.

394 4124 689 4183 Caeterum
742 4130 878 4184 ante
927 4129 1133 4185 omnia
1182 4130 1693 4187 considerandum
1740 4136 1829 4190 est
1877 4137 1943 4190 ut
1971 4133 2054 4190 sic

394 4231 648 4273 censura
677 4214 1007 4289 disciplinae
1036 4221 1417 4292 temperetur,
1440 4228 1523 4276 ne
1550 4232 1659 4295 per
1686 4221 2051 4280 immodera-

392 4305 618 4364 tionem
665 4306 1095 4381 correptionnis
1137 4308 1365 4381 peccati
1417 4309 1695 4368 cumulus
1737 4317 2048 4384 augeatur.

395 4394 626 4453 Scimus
652 4395 814 4452 enim
844 4396 1012 4470 quod
1041 4396 1146 4469 qui
1165 4397 1228 4454 in
1254 4398 1386 4469 lege
1416 4401 1788 4471 cognationis
1811 4400 1913 4475 ‘jus
1943 4402 2051 4460 ob-

393 4500 627 4543 servare
658 4485 985 4558 constituit,
1001 4486 1064 4542 iu
1086 4486 1406 4559 Evangelio
1427 4488 1623 4547 foedus
1642 4493 1777 4564 conj
1785 4492 1908 4564 ugii
1928 4508 2052 4550 non

390 4574 849 4631 dissolvendum
868 4576 1168 4650 prmcepit.
1195 4576 1252 4635 Si
1278 4577 1437 4634 enim
1464 4579 1808 4653 ubicunque
1826 4582 2053 4655 aliquid

388 4662 789 4736 proximitatis
818 4663 911 4721 vel
936 4665 1492 4738 consanguinitatis,
1520 4666 1657 4723 licet
1681 4666 2049 4742 longinquae,

388 4753 543 4810 inter
570 4754 929 4826 coniugatus
972 4754 1221 4812 inveniri
1267 4759 1481 4828 potest,
1513 4757 1711 4813 statim
1739 4759 2051 4816 matrimo-

388 4841 561 4898 nium
590 4843 970 4913 diSSOlvatur,
1000 4858 1209 4901 vereor
1227 4844 1395 4918 quod
1417 4845 1775 4904 adulterium
1796 4853 1852 4905 et
1871 4848 2051 4907 forni-

392 4930 643 4987 cationis
671 4932 865 4988 scelus
894 4926 1354 5013 multiplicetur;
1388 4934 1532 5008 quia
1561 4951 1695 4992 cum
1724 4939 2048 5013 conjugato

392 5017 839 5076 adolescentulo
883 5021 980 5076 vel
1015 5022 1221 5092 juveni
1272 5024 1522 5082 societas
1578 5028 1877 5099 comparis
1923 5046 2047 5084 suae

392 5106 745 5178 denegatur,
776 5124 886 5165 nec
930 5109 1156 5184 aliquid
1186 5111 1238 5167 ei
1270 5112 1464 5169 solatii
1492 5114 1858 5187 impenditur
1887 5118 2047 5175 unde

392 5196 821 5254 continentiam
868 5197 1094 5256 salvere
1122 5199 1329 5273 possit,
1362 5201 1608 5260 libidine
1632 5205 2045 5264 inﬂammatus

389 5298 500 5356 per
546 5284 775 5341 diaboli
808 5285 1252 5357 instigationem
1302 5290 1612 5366 multiplici
1659 5294 2047 5353 fornicatione

392 5372 641 5432 forsitan
686 5374 990 5449 polluitur,
1030 5393 1100 5435 ac
1151 5378 1233 5434 sic
1286 5379 1348 5435 in
1396 5382 1791 5457 praecipitium
1838 5388 2046 5444 mortis

462 5556 611 5624 (306)
637 5555 720 5611 Cf.
741 5556 899 5613 infra
926 5556 1288 5629 Appendiois
1312 5558 1522 5632 prima;
1553 5576 1685 5637 cap.
1712 5563 1804 5622 ’30.

2172 306 2346 364 vitate
2378 302 2635 379 voluisti,
2657 309 2805 383 quid
2832 309 3111 366 sentirem
3138 310 3212 365 de
3242 311 3358 365 hac
3385 326 3469 378 re,
3498 310 3605 369 tibi
3631 306 3822 372 rescri-

2171 394 2254 466 bi,
2298 401 2541 471 propter
2588 399 2968 469 fragilitatem
3010 399 3322 471 praesentis
3367 402 3653 474 temporis
3696 418 3823 461 reor

2170 484 2283 540 hoc
2309 485 2474 558 quod
2504 484 2850 543 Theodorus
2880 486 3198 560 episcopus
3228 487 3378 544 inter
3398 491 3744 559 Gregorium
3768 498 3823 549 et

2168 573 2462 629 Isidorum
2491 575 2724 631 medius
2749 574 3034 632 incedens
3062 576 3122 631 iu
3157 574 3279 632 suis
3311 577 3596 651 Capitulis
3626 577 3824 637 deﬁni-

2170 662 2254 718 vit
2276 665 2473 735 magis
2508 666 2907 738 sequendum,
2942 670 3005 721 ut
3034 667 3245 739 quinta
3293 669 3673 737 generatione
3698 671 3823 743 jam

2170 751 2396 808 licitum
2422 753 2793 809 connubium
2824 754 2946 821 ﬂat,
2978 755 3123 828 quia
3162 765 3283 810 non
3326 755 3421 811 lex
3460 756 3666 813 divina
3688 752 3825 813 huic

2171 841 2542 909 contradicit,
2589 858 2699 899 nec
2754 843 2931 899 etiam
2985 849 3331 899 sanctorum
3386 842 3627 901 Patrum
3670 846 3827 901 dicta

2171 930 2287 985 hoc
2334 931 2653 1002 prohibent
2714 932 2768 986 Si
2802 936 3002 989 autem
3050 934 3108 987 et
3160 932 3221 987 in
3269 932 3477 1005 quinta
3521 933 3598 990 ab
3626 935 3826 991 insciis

2170 1018 2344 1074 fuerit
2372 1018 2590 1092 copula
2614 1026 2877 1093 peracta,
2906 1020 3121 1077 melius
3153 1021 3298 1077 mihi
3332 1022 3567 1080 videtur
3607 1028 3663 1080 et
3687 1040 3823 1081 cum

2171 1108 2533 1181 paenitentiae
2557 1108 2991 1179 humiliatione,
3018 1109 3196 1183 29o
3229 1110 3277 1166 si
3298 1126 3360 1168 se
3384 1115 3671 1169 uxoratus
3692 1130 3824 1169 con-

2168 1196 2353 1253 tinere
2380 1211 2505 1254 non
2535 1199 2680 1269 vult,
2710 1194 2829 1255 Deo
2857 1199 3196 1255 satisfaciat.

2325 1289 2412 1344 De
2441 1290 2643 1345 eadem
2674 1306 2756 1346 re.
2793 1290 3116 1361 Gregorius
3146 1290 3227 1346 ad
3255 1290 3677 1361 Augustinum.

2240 1375 2369 1432 CCI.
2404 1377 2600 1449 (Apud
2632 1381 2818 1433 Bennu
2846 1377 2950 1433 lib.
2984 1395 3023 1446 ι,
3056 1380 3218 1434 Hist.
3257 1379 3448 1450 Angl.
3476 1396 3533 1435 c.
3564 1380 3657 1450 27,
3688 1382 3716 1450 §
3742 1385 3823 1451 6.)

2168 1467 2416 1522 Necesse
2443 1472 2529 1522 est
2554 1471 2618 1522 ut
2648 1467 2825 1523 etiam
2850 1466 3020 1525 tertia
3062 1468 3157 1526 vel
3188 1472 3404 1540 quarta
3434 1471 3734 1539 generatio
3761 1470 3825 1525 ﬁ-

2167 1553 2392 1610 delium
2421 1553 2665 1611 licenter
2711 1556 2823 1612 sibi
2844 1556 3017 1627 jungi
3047 1555 3283 1613 debeat.
3314 1560 3465 1612 Nam
3495 1573 3533 1613 a
3563 1560 3824 1616 secunda

2167 1660 2355 1716 quam
2384 1645 2773 1717 praediximus
2801 1662 2862 1702 se
2891 1647 3140 1703 omnino
3169 1645 3347 1703 debet
3374 1646 3692 1705 abstinere.

2171 1733 2252 1789 De
2283 1735 2484 1791 eadem
2515 1750 2598 1790 re.
2630 1735 2727 1791 Ea:
2753 1736 3002 1805 epistola
3028 1735 3267 1793 Rabani
3287 1735 3369 1792 ad
3390 1734 3823 1807 Reginbaldum

2750 1825 3232 1895 chorepiscopum
3245 1867 3257 1880 .

2234 1910 2394 1967 ‘CUII.
2436 1912 2516 1966 De
2555 1927 2626 1967 eo
2671 1910 2838 1984 quod
2860 1912 3256 1982 interrogasti,
3289 1912 3335 1968 si
3362 1918 3536 1986 pater
3563 1918 3620 1970 et
3646 1913 3823 1970 ﬁlius.

2167 2000 2262 2055 vel
2291 2000 2339 2055 si
2367 2000 2489 2056 duo
2534 2001 2765 2073 fratres,
2795 1998 2888 2058 vel
2920 2002 2971 2058 si
3000 2003 3337 2060 avunculus
3366 2005 3422 2059 et
3446 2018 3655 2076 nepos,
3688 2019 3827 2059 cum

2170 2105 2290 2146 una
2336 2090 2584 2146 muliere
2626 2091 2901 2147 fornicati
2941 2092 3075 2159 sint,
3108 2091 3255 2166 quid
3298 2090 3440 2148 inde
3487 2091 3828 2148 faciendum

2168 2176 2262 2245 sit,
2296 2178 2682 2235 manifestum
2733 2184 2820 2235 est
2857 2180 3023 2253 quod
3075 2180 3243 2249 gravi
3272 2180 3535 2237 vindicta
3562 2179 3828 2253 plecten-

2168 2267 2317 2323 dum
2344 2270 2433 2323 est
2460 2266 2622 2341 quod
2659 2282 2839 2339 grave
2868 2268 3101 2324 facinus
3128 2282 3257 2326 esse
3284 2270 3593 2343 reperitur.
3622 2268 3832 2327 Omnis

2162 2357 2327 2413 enim
2368 2358 2623 2415 maechia
2653 2357 3020 2415 interdicitur
3060 2358 3165 2415 ubi
3208 2359 3495 2432 scriptum
3523 2365 3609 2416 est
3640 2378 3653 2416 :
3686 2359 3828 2416 Non

2165 2447 2573 2504 mtechaberis.
2604 2449 2838 2515 Quanto
2866 2448 3064 2519 magis
3096 2465 3234 2505 cum
3285 2454 3541 2520 cognata
3564 2450 3661 2506 vel
3686 2465 3829 2506 cum

2165 2537 2421 2607 conjuge
2454 2554 2561 2592 seu
2592 2536 2933 2594 concubina
2979 2538 3237 2609 cognati.
3272 2538 3418 2595 Hinc
3466 2538 3528 2594 in
3572 2538 3829 2595 Levitico

2166 2624 2452 2697 scriptum
2483 2631 2607 2681 est:
2656 2626 2723 2681 Si
2747 2626 3076 2684 maecltatus
3104 2628 3292 2697 fuerit
3323 2628 3455 2700 quis
3483 2642 3613 2683 cum
3644 2642 3830 2683 tta-ore

2164 2714 2436 2780 alterius,
2469 2729 2555 2769 mc
2567 2719 2658 2770 rte
2684 2715 3028 2770 moriantur
3063 2721 3119 2771 et
3146 2715 3410 2772 moechus
3440 2721 3493 2771 et
3524 2716 3827 2773 adultera.

2168 2802 2281 2870 Qui
2303 2802 2615 2859 dormierit
2645 2819 2777 2859 cum
2799 2818 3055 2860 noverca
3082 2819 3195 2861 sua
3225 2804 3321 2861 vel
3348 2820 3481 2861 cum
3507 2820 3670 2859 nuru
3690 2820 3830 2867 sua,

2166 2897 2221 2947 et
2250 2893 2357 2962 qui
2379 2893 2572 2961 ﬁliam
2615 2898 2671 2949 et
2715 2898 2968 2949 matrem
3017 2893 3281 2962 duxerit,
3317 2899 3373 2951 et
3401 2895 3506 2966 qui
3533 2895 3829 2963 acceperit

2164 2996 2424 3037 sororem
2451 2997 2642 3051 suam,
2669 2988 2859 3043 morte
2886 2984 3184 3039 moriatur
3206 2984 3396 3055 (Levi!
3425 2983 3549 3055 xx).
3582 2984 3639 3040 Si
3667 2983 3829 3039 enim

2163 3066 2225 3124 in
2254 3069 2384 3139 lege
2410 3069 2841 3142 turpitudinem
2872 3069 3133 3127 incestus
3164 3071 3373 3127 mortis
3396 3072 3687 3129 sententia
3708 3071 3837 3128 vin-

2163 3157 2362 3215 dicare
2381 3159 2577 3230 jussit,
2608 3159 2918 3232 quomodo
2964 3160 3025 3216 in
3086 3160 3427 3231 Evangelia,
3455 3160 3563 3217 ubi
3590 3177 3838 3217 summa

2159 3247 2388 3319 justitia
2418 3253 2525 3318 est,
2557 3248 2932 3306 iucestuosus
2969 3248 3382 3323 paenitentiam
3424 3249 3655 3323 peccati
3693 3267 3835 3306 eva-

2165 3337 2305 3393 det?
2348 3337 2520 3394 Unde
2550 3338 2911 3411 Apostolus:
2952 3340 3203 3396 Irritam
3255 3342 3360 3413 qui
3397 3340 3608 3411 fecerit
3643 3341 3831 3411 legem

2163 3427 2379 3497 Moysi,
2407 3427 2535 3484 sine
2561 3429 2693 3484 ulta
2722 3429 3099 3485 miseratione
3119 3443 3195 3487 ne
3220 3428 3329 3484 sub
3350 3428 3580 3484 duobus
3604 3429 3700 3484 vel
3728 3429 3837 3485 tri-

2166 3515 2270 3570 bus
2302 3516 2542 3572 testibus
2588 3518 2864 3573 moritur.
2897 3516 3131 3584 Quanto
3177 3518 3368 3588 magis
3391 3522 3627 3587 putatis
3674 3518 3835 3574 dete-

2163 3604 2330 3660 riora
2359 3607 2579 3663 mereri
2616 3608 2916 3678 supplicia
2964 3608 3070 3679 qui
3108 3606 3335 3665 Filium
3379 3606 3491 3663 Dei
3515 3608 3839 3666 conculca—

2164 3700 2337 3763 verat,
2370 3701 2423 3751 et
2460 3698 2812 3767 sanguinem
2850 3698 3190 3755 testamenti
3223 3694 3531 3767 pollutum
3558 3697 3836 3767 duxerit,

2164 3782 2227 3838 in
2260 3797 2376 3853 quo
2406 3785 2817 3854 sanctiﬁcatus
2859 3790 2965 3852 est,
2997 3791 3051 3842 et
3099 3785 3358 3855 Spiritui
3390 3784 3563 3856 291
3611 3787 3841 3855 gratiae

2163 3873 2582 3929 contumeliam
2602 3873 2814 3944 fecerit
2840 3876 2868 3929 ?
2910 3873 3115 3941 (Hebr.
3150 3872 3228 3944 χ.)
3260 3873 3443 3945 Igitur
3479 3872 3839 3930 Theodorus

2155 3958 2449 4030 judicavit
2481 3977 2623 4017 eum
2660 3961 2765 4035 qui
2802 3961 3100 4018 incestum
3143 3961 3344 4018 fecerit
3371 3961 3694 4018 duodecim
3729 3978 3843 4019 an-

2161 4064 2273 4105 nos
2301 4049 2587 4122 poenitere
2630 4051 2867 4108 debere.
2901 4050 3010 4108 Alii
3046 4051 3413 4125 quindecim,
3447 4049 3545 4108 alii
3593 4050 3839 4119 decem,

2164 4136 2263 4194 alii
2295 4142 2543 4212 septem.
2577 4140 2692 4197 Sed
2721 4144 2806 4212 tu,
2834 4139 3172 4214 priscorum
3198 4142 3440 4198 Patrum
3463 4140 3719 4212 vestigia
3753 4157 3841 4197 se-

2162 4243 2379 4300 quens,
2406 4228 2499 4284 his
2527 4228 2667 4285 solis
2706 4229 3073 4302 poenitentia:
3104 4229 3366 4302 spatium
3394 4234 3693 4303 temperes
3725 4230 3842 4303 qui

2162 4317 2375 4374 devote
2401 4321 2458 4373 et
2487 4334 2626 4374 cum
2664 4318 2949 4392 lacrymis
2978 4318 3391 4392 paenitentiam
3418 4318 3674 4390 egerint;
3713 4334 3841 4374 cae-

2158 4406 2269 4462 teri
2292 4404 2607 4463 deﬁuitum
2632 4412 2874 4483 tempus
2902 4412 3158 4466 servent.

2232 4496 2318 4552 De
2341 4497 2449 4552 illo
2479 4498 2585 4568 qui
2602 4514 2836 4555 servum
2862 4515 2922 4556 se
2944 4500 3112 4570 fecit.
3143 4498 3244 4556 Ex
3268 4499 3518 4557 concilio
3544 4498 3767 4555 Tribw

2474 4650 2479 4653 δ
2748 4588 2948 4655 riensi,
2980 4603 3113 4658 cap.
3142 4584 3236 4647 'll.

2233 4672 2414 4732 CCIII.
2462 4674 2808 4746 (Buncusan.
2854 4674 2964 4734 lib.
3015 4694 3095 4745 Ix,
3137 4693 3189 4733 c.
3232 4676 3342 4749 75.)
3388 4675 3690 4734 Perlatum
3745 4682 3849 4735 est

2161 4763 2240 4822 ad
2294 4766 2565 4821 sanctam
2624 4764 2926 4837 synodum
2988 4764 3156 4839 quod
3211 4760 3463 4839 quidam
3520 4765 3847 4838 ingenuus

2159 4853 2485 4925 ingenuam
2559 4855 2854 4928 acceperit
2925 4871 3196 4926 uxorem,
3246 4859 3303 4912 et
3371 4859 3509 4929 post
3558 4852 3847 4912 ﬁliorum

2158 4942 2665 5016 procreationem,
2743 4944 3059 5001 occasione
3151 4943 3415 5013 divortii,
3499 4943 3848 5016 cujusdam

2158 5047 2397 5087 servum
2463 5049 2524 5086 se
2606 5031 2832 5101 fecerit,
2923 5037 3123 5089 utrum
3193 5033 3533 5089 necessario
3611 5032 3854 5089 mulie-

2155 5137 2284 5177 rem
2358 5124 2554 5177 tenere
2622 5120 2889 5192 debeat;
2968 5127 3025 5179 et
3094 5122 3142 5178 si
3242 5123 3523 5191 tenuerit,
3616 5126 3853 5181 utrum

2155 5206 2255 5266 illa
2304 5226 2549 5284 quoque
2603 5212 2933 5268 secundum
2987 5211 3335 5269 saecularem
3392 5212 3587 5284 legem
3636 5213 3856 5269 servi-

2155 5299 2265 5355 tuti
2315 5299 2529 5371 subjici
2578 5300 2812 5358 debeat.
2866 5300 3207 5359 iudicatum
3263 5306 3349 5357 est
3406 5318 3657 5359 uxorem
3722 5304 3859 5357 mi-

2154 5389 2316 5446 nime
2346 5388 2563 5446 debere
2604 5390 2840 5461 dimitti,
2873 5406 2997 5450 non
3026 5396 3227 5448 tamen
3270 5391 3350 5465 ob
3390 5391 3601 5449 Christi
3624 5392 3859 5465 legem
