4046 6190
202 116 306 171 325

202 339 496 381 consensu
554 322 827 394 conjugis
882 338 1132 378 servum
1200 318 1358 391 fecit,
1391 340 1577 397 quem
1624 324 1885 381 liberum

202 415 482 471 maritum
505 414 832 486 acceperat.

578 503 723 559 Item
753 500 827 558 de
847 502 1107 557 incestis.
1135 494 1242 555 Ex
1274 496 1500 558 eodem.

271 590 449 646 CCIV.
478 582 707 647 'COn'cil.
745 589 984 645 Tribur.
1011 606 1062 646 c.
1093 591 1203 655 ’14;
1244 590 1581 647 Blracusun.
1606 589 1711 647 lib.
1746 607 1883 661 xvn,

203 680 399 751 0.15.)
462 682 602 736 Item
651 674 977 734 indicatum
1024 681 1110 733 est
1164 672 1513 750 quemdam
1579 684 1886 751 stuprasse

202 764 538 842 quamdam
568 762 873 837 feminam,
902 783 1087 839 quam
1117 770 1334 839 pastea
1360 766 1555 824 frater
1602 768 1733 838 ejus
1791 784 1880 823 ac-

202 858 358 932 cepit
384 873 654 914 uxorem.
689 857 1026 913 Statuerunt
1054 872 1191 912 eum
1225 855 1331 927 qui
1380 856 1713 928 stupravit,
1763 859 1818 911 et
1849 873 1886 912 a

205 965 266 1003 se
297 951 635 1019 stupratam
664 938 826 1000 fratri
856 943 1079 1015 celavit,
1104 944 1250 1018 quia
1282 943 1635 1013 geminavit
1673 961 1885 1017 pecca-

202 1043 351 1106 tum,
383 1035 731 1109 puenitentia
760 1028 1092 1090 districtiori
1123 1031 1591 1102 castigandum,
1644 1037 1702 1089 et
1744 1049 1884 1089 con-

198 1126 440 1198 jugium
470 1123 586 1179 tale
613 1121 857 1177 dissolvi
887 1126 1173 1195 oportere,
1231 1126 1287 1177 et
1345 1121 1603 1177 mulieri
1634 1121 1882 1195 quidem

200 1215 286 1270 eis
308 1198 644 1269 viventibus
665 1225 786 1266 non
838 1209 959 1266 fore
999 1214 1347 1284 potestatem
1396 1209 1710 1278 nubendi,
1763 1209 1879 1265 illis

201 1307 410 1359 autem
439 1316 549 1374 pro
580 1286 983 1355 misericordia
1014 1298 1361 1371 conjugium
1392 1292 1744 1369 indulgere.

203 1388 389 1464 292
422 1382 488 1448 Si
513 1389 643 1461 quis
673 1388 961 1464 cumjilta
990 1393 1327 1464 matertera
1355 1404 1511 1459 suae,
1559 1393 1693 1455 etc.,
1736 1404 1877 1445 con-

720 1458 963 1516 cuberit.
1000 1459 1097 1515 Ex
1122 1459 1339 1516 eodem.

1181 110 1277 164 DE
1316 109 1601 170 ECCLES.
1631 109 1925 170 DISCIPL.
1955 109 2141 171 LIBRI
2173 116 2342 175 DUO.
2375 149 2445 159 —
2467 118 2598 174 LIB.
2632 118 2701 174 II.

200 235 510 292 mulierem
562 234 624 290 in
676 232 1027 289 servitutem
1075 231 1300 303 redigi,
1348 234 1495 291 dum
1531 237 1626 293 ille
1655 252 1781 292 non
1811 252 1886 292 ex
1915 241 1963 292 A

3568 143 3672 198 326

2432 243 2521 298 De
2535 241 2741 300 eadem
2767 261 2852 303 re.
2884 249 2987 305 Ex
3014 251 3235 310 eodem.

2069 324 2241 419 CCIX.
2277 329 2639 419 (Eugeniae.
2680 328 2784 389 lib.
2820 352 2964 406 xvu,
2997 336 3164 419 c.76.)
3226 341 3283 399 Si
3337 344 3476 419 quis
3533 365 3673 408 cum

1994 413 2237 471 duabus
2316 418 2629 475 sororibus
2676 421 3004 483 fornicatus
3066 418 3259 502 fuerit,
3316 413 3406 490 vir
3459 436 3674 496 diebus

1996 503 2130 559 vitae
2182 523 2307 562 suae
2340 506 2651 582 poeniteat.
2707 513 2887 571 Soror
2935 521 3139 577 autem
3165 538 3303 595 qum
3334 520 3410 583 de
3436 522 3556 584 alia
3586 546 3680 586 so-

1996 610 2129 650 rore
2150 596 2425 663 nescivit,
2458 595 2767 659 licentiam
2792 598 3021 664 habeat
3040 608 3329 670 nubendi.

2436 686 2524 741 De
2548 692 2754 749 eadem
2778 710 2863 751 re.
2896 697 2997 752 Ex
3018 700 3240 757 eadem.

2069 768 2793 871 CCX.A(.Condl._Tzicur.
2828 800 2880 841 c.
2907 786 2977 841 44
3004 805 3015 855 ;
3048 784 3375 850 BURCHARD.
3407 794 3513 853 lib.
3536 814 3677 871 xvn,

1995 876 2047 958 ς.
2080 858 2190 958 l3.)
2216 861 2274 958 Si
2297 861 2497 917 homo
2529 863 2893 958 forcincatus
2924 874 3098 933 fuerit
3118 895 3254 935 cum
3308 883 3580 958 muliere,
3625 858 3683 945 et

1992 948 2174 1005 frater
2199 952 2340 1045 ejus
2376 953 2656 1045 nesciens
2686 958 2921 1020 duxerit
2946 982 3081 1023 eam
3127 985 3377 1028 uxorem
3413 993 3425 1043 ;
3478 948 3677 1045 frater,

1992 1053 2064 1093 eo
2084 1037 2465 1136 quodfratri
2498 1044 2721 1136 crimen
2746 1049 3039 1123 celaverit,
3071 1057 3379 1133 poeniteat,
3416 1037 3490 1118 [et
3544 1037 3684 1136 post

1991 1126 2429 1221 paenitentiam
2453 1134 2661 1221 nubat.
2691 1134 2890 1197 Mulier
2918 1126 3119 1200 autem
3170 1126 3372 1221 usque
3395 1150 3475 1208 ad
3525 1126 3685 1211 mor-

1989 1220 2111 1271 tem
2132 1216 2445 1289 paeniteat
2473 1219 2639 1296 (308).

2316 1302 2505 1382 294
2530 1310 2618 1369 De
2647 1314 2850 1373 eadem
2892 1335 2975 1375 re.
3007 1312 3109 1377 Ea:
3136 1320 3358 1382 eodem.

2059 1393 2242 1449 CCXI.
2272 1394 2547 1464 (Cancri.
2601 1404 2839 1461 Trz'bur.
2901 1423 2952 1463 c.
3014 1411 3126 1479 43;
3184 1408 3517 1473 Burmann).
3564 1417 3671 1477 lib.

1987 1498 2134 1551 xvu,
2161 1499 2218 1538 c.
2258 1483 2386 1556 Ii).
2422 1487 2477 1543 Si
2504 1488 2683 1547 frater
2707 1510 2849 1550 cum
2866 1496 3112 1553 muliere
3168 1500 3499 1562 fornicatus
3548 1507 3675 1566 fue-

278 1548 1875 1665 20:1‘iBlinfff“B-_Ebégflhffﬂllitemjntﬁﬂoga'
1906 1585 1950 1641 Β
1983 1570 2079 1640 rit,
2115 1548 2180 1626 et
2212 1548 2396 1630 frater
2414 1579 2685 1635 nesciens
2707 1548 2847 1639 cum
2867 1548 3522 1665 ἐξιᾶὦόὁῇἑῖιξξέἷᾶ,

197 1643 332 1696 tum
356 1639 485 1705 fuit,
514 1638 567 1693 si
588 1638 728 1711 quis
748 1652 886 1694 cum
914 1635 1039 1694 ﬁlia
1066 1641 1402 1695 matertera
1425 1654 1557 1696 suae
1576 1640 1673 1697 vel
1692 1656 1876 1698 avun-

194 1729 340 1799 culi,
367 1729 568 1785 amitaa
592 1728 689 1785 vel
724 1727 938 1801 patrui,
972 1728 1391 1795 concubuerit,
1432 1729 1481 1785 si
1511 1731 1876 1802 conjugatus

193 1819 398 1881 fuerit,
430 1817 683 1874 liceatne
716 1816 798 1873 illi
842 1816 1092 1873 ulterius
1125 1817 1209 1877 uti
1246 1818 1557 1890 conjugio,
1615 1825 1720 1877 aut
1750 1837 1874 1878 non

196 1908 538 1980 coniugata
572 1920 823 1962 uxorem
856 1905 1149 1979 accipere.
1196 1906 1441 1962 Justum
1489 1912 1670 1981 esset,
1725 1909 1878 1966 sicut

196 1998 411 2071 aliqua
468 1995 738 2068 priorum
798 1998 1019 2052 statuta
1058 1995 1424 2064 habeantur,
1455 2002 1523 2053 ut
1569 1997 1631 2054 in
1661 2014 1877 2073 perpe-

198 2094 399 2155 tuum,
426 2102 467 2143 a
494 2085 781 2155 coniugio
810 2085 959 2143 tales
987 2084 1353 2143 abstineant.
1388 2086 1504 2143 Sed
1533 2088 1727 2144 visum
1766 2094 1873 2157 est,

195 2177 491 2234 humanae
532 2169 868 2244 ﬁagilitatis
892 2174 1132 2243 intuitu,
1170 2180 1232 2231 ut
1286 2179 1427 2247 post
1468 2176 1876 2248 paenitentiam

197 2283 323 2324 non
357 2265 612 2339 quidem
662 2264 899 2338 penitus
928 2266 1239 2337 priventur
1277 2266 1583 2336 conjugio,
1635 2266 1881 2325 durissi-

200 2372 299 2412 me
354 2359 565 2411 tamen
623 2358 751 2411 tam
802 2353 1091 2410 immanis
1160 2354 1473 2411 foruieatio
1527 2354 1878 2429 vindicetur,

202 2446 364 2501 sicut
392 2448 642 2501 sanctus
672 2459 836 2517 papa
876 2442 1154 2499 Nicolaus
1185 2448 1242 2499 et
1272 2443 1371 2499 alii
1401 2444 1653 2500 Romani
1692 2446 1880 2517 ponti-

199 2532 349 2590 ﬁces
399 2535 762 2600 statuerunt,
812 2546 887 2586 ne
941 2529 1093 2587 forte
1141 2530 1463 2604 desperata
1516 2532 1882 2590 conscientia

196 2622 599 2697 multiplicius
625 2625 894 2696 peccent.

598 2712 747 2767 Item
776 2710 850 2767 de
878 2710 1139 2767 incestis.
1162 2712 1264 2767 Εξι·
1284 2712 1504 2768 eodem.

270 2803 461 2860 CCVI.
491 2804 826 2859 Buncnnn.
859 2799 965 2855 lib.
996 2816 1158 2867 xvm,
1183 2815 1232 2855 ο.
1257 2804 1290 2856 4
1319 2802 1678 2869 ;P(em'tent.
1711 2804 1877 2858 Rom.

197 2894 279 2950 tit.
314 2899 374 2963 3,
408 2909 462 2948 c.
488 2884 575 2963 Β.)
605 2895 672 2946 In
701 2889 925 2946 lectum
947 2888 1168 2957 mariti,
1200 2889 1446 2948 absente
1479 2906 1680 2958 uxore,
1714 2906 1884 2948 soror

192 2984 301 3039 ivit
334 2980 548 3038 uxoris
585 2998 599 3047 ;
633 2996 819 3053 quam
840 2978 939 3035 ille
962 2994 1217 3035 uxorem
1247 2996 1417 3035 suam
1467 2983 1708 3053 putans,
1749 2981 1882 3038 dor-

194 3071 377 3129 mivit
405 3086 552 3126 cum
580 3084 672 3125 ea.
713 3070 904 3140 Super
932 3066 1051 3123 hoc
1082 3066 1279 3123 visum
1323 3072 1433 3134 est,
1491 3068 1542 3123 si
1596 3068 1723 3141 ipse
1774 3086 1883 3143 per
1921 3058 1927 3065 ’

163 3159 600 3217 'securitatem
639 3172 843 3212 veram
902 3156 1021 3212 hoc
1058 3154 1403 3228 probaverit
1458 3156 1625 3229 quod
1658 3157 1883 3216 inscius

191 3247 409 3306 fecerit
438 3246 558 3302 hoc
601 3242 819 3311 scelus,
852 3242 1275 3316 paenitentiam
1322 3244 1571 3317 quidem
1613 3245 1716 3318 qui
1766 3247 1883 3305 sibi

187 3338 473 3395 indicata
497 3332 677 3390 fuerit
703 3338 862 3404 agat,
888 3337 946 3389 et
969 3331 1304 3402 legitimum
1329 3350 1507 3390 suum
1533 3336 1884 3407 conjugium

184 3424 428 3480 habere
456 3416 838 3496 permittatur
863 3441 876 3492 ;
901 3410 1071 3478 illam
1093 3421 1340 3492 dignam
1370 3420 1629 3479 vindicta
1676 3422 1880 3496 afﬂigi,

190 3517 251 3569 et
279 3513 351 3569 in
376 3516 677 3568 internum
708 3511 994 3584 conjugio
1016 3509 1239 3583 privari
1264 3510 1438 3583 (307).

542 3600 722 3673 293
754 3602 841 3659 De
869 3602 1079 3659 eadem
1108 3615 1191 3657 re.
1223 3601 1324 3658 Ea:
1346 3601 1567 3659 eodem.

264 3688 787 3757 (πωλῶνται.
837 3689 1083 3745 Tribur.
1134 3702 1185 3744 c.
1240 3691 1347 3757 43;
1389 3690 1718 3749 Buaannn.
1776 3688 1877 3749 lib.

187 3792 342 3849 xm,
371 3794 426 3836 c.
458 3776 579 3846 i6.)
605 3776 867 3844 Quidam
896 3776 1226 3835 fornicatus
1257 3782 1349 3835 est
1368 3795 1508 3836 cum
1530 3779 1733 3854 aliqua
1752 3794 1883 3838 mu-

186 3868 368 3925 liere.
399 3869 619 3924 Pestea
635 3866 817 3936 ﬁlius,
847 3865 1130 3924 nesciens
1161 3867 1345 3940 patris
1378 3867 1625 3938 factum,
1655 3876 1883 3944 stupra-

183 3960 281 4016 vit
302 3957 625 4016 eamdem.
654 3958 827 4025 Quod
853 3974 995 4015 cum
1016 3961 1190 4031 pater
1210 3958 1502 4027 rescisset,
1533 3957 1609 4015 de
1641 3975 1704 4017 se
1736 3959 1883 4017 ﬁlio-

178 4062 322 4123 que
354 4046 677 4105 Confessus
705 4052 814 4105 est.
850 4050 1176 4105 Satuerunt
1204 4048 1416 4105 melius
1444 4064 1573 4105 esse
1603 4054 1667 4107 ut
1692 4048 1884 4107 taliter

180 4138 399 4212 lapsis
430 4155 577 4194 cum
605 4137 789 4209 digna
829 4137 1187 4212 paenitentia
1240 4137 1508 4209 legitima
1536 4140 1881 4213 permittan-

182 4234 295 4285 ιω·
360 4227 665 4298 conjugis.
712 4237 904 4301 quam
956 4227 1108 4283 forte
1152 4226 1418 4284 deterius
1466 4226 1827 4303 delinquant
1865 4248 1879 4299 ;

177 4334 349 4375 cum
366 4315 710 4374 familiaria
738 4320 949 4375 autem
974 4316 1081 4374 illa
1107 4318 1351 4387 gravius
1368 4318 1703 4389 agendum.

642 4407 1075 4464 Deeademrc.
1108 4407 1459 4466 Excedam.

1984 1659 2096 1716 lier
2128 1658 2356 1753 diebus
2388 1666 2515 1722 vitae
2543 1686 2669 1725 suae
2709 1672 2995 1744 pceniteat
3022 1694 3035 1745 ;
3090 1684 3227 1749 post
3255 1658 3672 1753 paenitentiam

1983 1754 2205 1849 autem
2234 1751 2414 1849 frater
2454 1756 2700 1826 ignarus
2740 1763 2975 1819 sceleris
3012 1751 3366 1838 conjugium
3421 1777 3678 1849 accipiat
3750 1823 3754 1827 ς

1986 1838 2032 1895 si
2054 1839 2198 1895 vult
2230 1840 2401 1916 (309).

1983 1929 2070 1986 De
2087 1934 2484 2000 separatione
2531 1936 2905 2024 Ergone-ilio
2935 1940 3421 2024 quermeriam
3452 1956 3671 2024 tempo-

2592 2008 2759 2065 ribus
2784 2011 3055 2081 Pippim'.

2058 2091 2267 2148 CCXI].
2303 2094 2560 2164 (Concil.
2601 2092 2858 2154 Ver‘mer.
2895 2114 2943 2155 c.
2973 2096 2992 2154 l
3025 2119 3037 2167 ;
3069 2103 3302 2162 Concil.
3338 2108 3664 2180 Commnd.

1988 2195 2039 2234 c.
2082 2179 2154 2250 1.)
2192 2182 2255 2235 In
2282 2180 2454 2238 tertio
2488 2185 2766 2253 geniculo
2796 2195 3172 2260 separentur.
3205 2197 3269 2249 In
3319 2179 3536 2269 quarta
3565 2212 3669 2259 au-

1990 2271 2106 2323 tem
2137 2269 2569 2340 conjugatione
2596 2274 2644 2328 si
2664 2273 2894 2332 inventi
2925 2276 3161 2347 fuerint,
3195 2296 3322 2338 non
3351 2301 3454 2341 eos
3498 2304 3668 2361 sepa-

1987 2373 2216 2427 ramus,
2246 2358 2352 2413 sed
2382 2360 2801 2432 paenitentiam
2829 2363 2915 2419 eis
2940 2365 3285 2427 indicimus.
3346 2377 3412 2431 Et
3459 2358 3665 2435 tamen

1989 2444 2039 2499 si
2064 2445 2290 2536 factum
2322 2461 2445 2503 non
2476 2448 2671 2516 fuerit,
2722 2450 2983 2536 nullam‘
3008 2452 3357 2516 facultatem
3414 2465 3665 2536 conjun-

1986 2532 2168 2604 gendi
2200 2533 2261 2589 in
2290 2538 2509 2607 quarta
2538 2538 2927 2607 generatione
2955 2520 3204 2600 damus.

2414 2625 2503 2681 De
2526 2627 2736 2683 eadem
2758 2640 2842 2684 re.
2876 2629 2977 2685 Ex
3001 2633 3228 2691 cadent.

2064 2711 2286 2768 CCXIII.
2316 2712 2573 2782 (L-‘oncz'l.
2614 2716 2877 2772 Vermer.
2908 2734 2959 2773 c.
2990 2720 3072 2790 ἓ.)
3131 2722 3191 2778 Si
3240 2723 3461 2797 aliquis
3516 2746 3657 2786 cum

1988 2798 2237 2855 ﬁliastra
2261 2816 2372 2856 sua
2401 2806 2628 2873 manet,
2656 2818 2769 2859 nec
2816 2809 3074 2863 matrem
3104 2824 3219 2865 nec
3244 2812 3435 2870 ﬁliam
3463 2816 3655 2890 ipsius

1988 2892 2185 2961 potest
2211 2888 2454 2960 habere,
2494 2906 2605 2946 nec
2655 2891 2758 2948 illa
2786 2908 2897 2949 nec
2926 2893 3024 2949 ille
3080 2897 3213 2953 aliis
3257 2918 3318 2956 se
3376 2888 3658 2975 poterunt

1989 2976 2121 3048 conj
2135 2992 2353 3047 ungere
2395 2977 2515 3033 ullo
2553 2994 2828 3052 unquam
2860 2986 3149 3056 tempore.
3200 2990 3474 3047 Attamen
3505 3011 3658 3052 uxor

1989 3067 2138 3138 ejus,
2175 3065 2221 3121 si
2249 3066 2332 3122 ita
2357 3066 2626 3135 voluerit,
2661 3069 2711 3125 si
2767 3086 2829 3126 se
2861 3058 3167 3130 continere
3194 3092 3319 3133 non
3352 3084 3570 3152 potest,
3603 3084 3652 3140 si

1988 3158 2198 3228 postea
2226 3171 2413 3228 quam
2442 3158 2725 3226 cognovit
2753 3159 2921 3231 quod
2947 3177 3087 3216 cum
3108 3163 3233 3221 ﬁlia
3264 3183 3374 3223 sua
3402 3170 3493 3226 vir
3520 3172 3572 3241 ej
3583 3189 3651 3228 us

1987 3243 2097 3299 fuit
2123 3242 2185 3299 in
2214 3243 2525 3312 adulterio,
2555 3248 2792 3304 carnale
2814 3251 3248 3309 commercium
3277 3273 3417 3313 cum
3438 3275 3509 3315 eo
3524 3275 3649 3317 non

1988 3333 2246 3402 habeat;
2278 3334 2326 3390 si
2357 3334 2483 3390 vult
2510 3339 2707 3408 potest
2735 3337 2834 3394 alii
2860 3339 3111 3397 nubere.

2412 3423 2502 3479 De
2523 3420 2729 3481 eadem
2750 3441 2833 3482 re.
2865 3426 2967 3485 Ex
2994 3430 3217 3487 eodem.

2060 3510 2276 3566 CCXIV.
2302 3509 2562 3581 (Concil.
2607 3513 2868 3571 Ver-mer.
2908 3532 2960 3571 c.
2997 3521 3100 3586 10;
3158 3520 3488 3578 BURCHARD.
3540 3524 3643 3581 lib.

1988 3616 2148 3669 xvm,
2179 3615 2230 3655 c.
2269 3599 2373 3668 ll.)
2403 3599 2617 3672 Siquis
2642 3617 2781 3657 cum
2832 3618 3095 3661 noverca
3152 3624 3263 3664 sua
3319 3610 3643 3675 dormierit,

1989 3688 2340 3762 neutiquam
2370 3692 2626 3762 possunt
2672 3688 2751 3746 ad
2799 3692 3152 3763 conjugium
3198 3699 3528 3769 pervenire.
3591 3701 3648 3757 Si

1987 3778 2078 3834 vir
2106 3777 2237 3849 ejus
2268 3777 2352 3833 sic
2376 3776 2521 3845 vult,
2548 3780 2749 3850 potest
2777 3778 2957 3837 aliam
2990 3783 3279 3856 accipere,
3310 3786 3357 3841 si
3386 3803 3449 3842 se
3502 3802 3646 3846 con-

1988 3868 2172 3924 tinere
2199 3878 2324 3923 non
2348 3868 2567 3940 potest.
2599 3864 2873 3925 Similiter
2901 3870 3006 3943 qui
3024 3867 3201 3946 295
3234 3887 3374 3931 cum
3396 3875 3649 3935 ﬁliastra

1984 3971 2099 4014 sua
2126 3953 2223 4013 vel
2251 3971 2392 4013 cum
2420 3971 2629 4013 sorore
2656 3958 2863 4014 uxoris
2891 3957 3217 4030 dormierit,
3246 3966 3401 4021 stare
3430 3970 3644 4038 potest.

2413 4042 2499 4102 De
2528 4044 2732 4103 eadem
2760 4060 2842 4103 re.
2874 4046 2976 4104 Ex
2999 4050 3224 4107 eodem.

2064 4135 2215 4192 CCV.
2276 4136 2524 4205 (Gentii.
2595 4137 2855 4194 Vermer.
2912 4153 2967 4194 θ.
3005 4137 3116 4207 12;
3163 4141 3493 4200 Buacmnn.
3540 4144 3646 4200 lib.

1988 4236 2205 4293 xvu,c.
2240 4224 2319 4297 3.)
2374 4224 2483 4289 Qui
2508 4224 2823 4283 dormierit
2844 4242 2989 4284 eum
3025 4227 3267 4285 duabus
3317 4232 3645 4302 sororibus,

1913 4294 1957 4350 θ
1990 4294 2624 4373 etumexillisantea
2648 4331 2806 4373 uxor
2852 4317 3048 4386 fuerit,
3097 4318 3331 4376 nullam
3370 4334 3452 4378 ex

1982 4405 2229 4475 habeat,
2250 4412 2369 4463 nec
2392 4404 2539 4479 ipsis
2568 4406 2823 4464 adulteri
2850 4423 3124 4481 unquam
3152 4409 3438 4481 Magio
3466 4427 3649 4485 copu-

258 4498 523 4556 (ξενίη.
548 4494 809 4566 (Concil.
836 4497 1078 4553 Tribur.
1122 4513 1178 4553 θ.
1232 4500 1344 4567 45;
1393 4501 1723 4555 ﬁrmamen.
1776 4497 1881 4555 lib.
1980 4494 2204 4552 lentur.

170 4603 340 4656 ιτα,
362 4602 426 4642 e.
460 4584 541 4655 5.)
575 4584 635 4641 Si
658 4585 798 4657 quis
820 4601 966 4643 cum
990 4584 1236 4642 duabus
1292 4587 1596 4644 serenitas
1626 4588 1885 4646 fornica-

172 4684 286 4737 tus
322 4673 548 4744 fuerit,
574 4679 633 4731 et
668 4690 838 4732 soror
875 4692 1146 4734 sororem
1199 4677 1278 4734 ab
1307 4678 1524 4735 eodem
1553 4682 1731 4736 antea
1760 4682 1885 4736 stu-

170 4772 460 4843 pratum
492 4764 786 4836 nescierit,
818 4766 912 4824 vel
938 4766 988 4823 si
1032 4766 1162 4841 ipse
1203 4784 1471 4825 sororem
1510 4769 1644 4841 ejus
1696 4784 1885 4842 quam

166 4864 391 4917 antea
410 4855 722 4927 stupravit
744 4872 867 4914 non
888 4856 1264 4929 intelhixerit,
1296 4857 1346 4913 si
1368 4858 1555 4928 digne
1596 4858 1887 4931 pmnitue-

161 4948 330 5017 rint,
352 4950 434 5003 et
465 4960 534 5001 se
555 4945 861 5004 continere
888 4963 1013 5005 non
1038 4948 1350 5020 valuerint,
1378 4953 1522 5022 post
1542 4963 1737 5005 annos
1750 4964 1888 5022 sep-

172 5044 314 5097 tem
354 5034 665 5105 conjugis.
699 5035 809 5091 illis
847 5053 971 5093 non
1014 5042 1324 5108 negentur.
1396 5038 1455 5095 Si
1505 5042 1708 5096 autem
1763 5053 1889 5095 non

162 5129 678 5200 ignoraverunt,
713 5141 901 5199 usque
927 5126 1006 5183 ad
1037 5131 1293 5184 mortem
1324 5144 1361 5185 a
1392 5128 1674 5199 coniugio
1705 5128 1888 5185 absti-

161 5220 422 5276 neant.

244 5326 536 5397 (307)11}
566 5320 824 5397 editione
871 5323 1373 5397 Helmaastadiensi
1420 5325 1635 5397 legitur
1686 5340 1888 5387 veram

154 5392 307 5456 no'n
342 5392 749 5467 proqbazgerit,
783 5395 1028 5467 omnino
1059 5400 1265 5451 contra
1293 5392 1567 5467 mente'm
1612 5398 1883 5463 canonis.

150 5460 547 5542 Nos,fquia
567 5460 1042 5542 destituebamur
1070 5482 1184 5542 ope
1212 5466 1610 5542 manuscrip‘ti
1641 5460 1885 5542 codicis,

149 5544 286 5619 qui
314 5536 762 5619 'irilperfectuls
786 5538 955 5619 estin
986 5536 1289 5619 _hoc'loco,
1322 5536 1546 5619 veram“
1574 5536 1888 5619 Ie_ct_ipn_em

146 5609 577 5686 iccepimus
606 5625 679 5664 ex
708 5609 1047 5667 Burehardo
1102 5615 1159 5666 et
1215 5628 1287 5667 ex
1330 5612 1720 5669 Pcnnitentiali
1771 5614 1884 5668 Ro-

2362 4652 2377 4659 -
2408 4586 2495 4641 De
2518 4585 2727 4642 eadem
2756 4596 2840 4641 re.
2874 4585 2975 4640 Ea:
3000 4585 3224 4641 eodem.

2059 4676 2284 4733 CCXVI.
2309 4675 2562 4746 (Concit.
2592 4674 2921 4744 Compend.
2960 4690 3017 4731 c.
3043 4678 3116 4743 8;
3166 4676 3499 4734 BURCHARD.
3539 4676 3644 4735 lib.

1992 4782 2136 4836 xvu,
2161 4782 2213 4821 c.
2250 4764 2360 4835 I7.)
2385 4764 2440 4821 Si
2470 4763 2607 4836 quis
2633 4779 2778 4820 cum
2808 4778 2994 4820 uxore
3030 4762 3231 4819 fratris
3264 4765 3356 4821 sui
3380 4767 3647 4823 dormie-

1978 4855 2105 4925 rit,,
2143 4854 2378 4913 adulter
2406 4856 2463 4909 et
2518 4853 2759 4910 moecha
2802 4852 3016 4908 diebus
3072 4852 3207 4908 vitae
3262 4869 3389 4911 sua:
3412 4855 3648 4931 absque

1995 4944 2276 5016 conjugio
2306 4946 2609 5000 maneant.
2642 4942 2741 4997 Ille
2771 4957 2913 4997 vero
2948 4940 3044 4997 cui
3066 4957 3214 4998 uxor
3260 4942 3389 5012 fuit,
3422 4944 3470 5001 si
3498 4946 3646 5016 vult,

1994 5032 2112 5091 alia
2141 5034 2461 5106 conjugem
2493 5030 2764 5104 accipiat.

2414 5120 2500 5176 De
2523 5119 2727 5176 eadem
2758 5135 2841 5175 re.
2876 5120 2975 5175 Ex
3005 5117 3225 5176 eodem.

2067 5208 2312 5272 CCXVII.
2335 5212 2584 5285 (Concil.
2617 5202 2940 5281 Compend.
2965 5228 3016 5267 c.
3047 5215 3111 5267 IO
3140 5204 3277 5279 ;h'b.
3300 5229 3358 5269 v.
3394 5213 3647 5285 Capitu-

1994 5338 2180 5381 mano
2204 5321 2372 5403 quod
2402 5319 2631 5402 editum
2660 5319 2854 5400 est
2885 5320 3142 5378 Antonio
3168 5322 3526 5392 Augustino.

2067 5395 2217 5443 (308i
2247 5392 2383 5443 Vide
2412 5390 2513 5443 11b.
2541 5407 2613 5443 vn
2645 5389 2918 5443 CanltuL
2951 5406 3084 5443 can.
3117 5390 3241 5443 290.

2410 5390 3361 5545 ὲιὲἁηέἱὲῃῗξρὲῗϊέᾖὲἓέξξὲιίῒςαὺ
3376 5464 3646 5538 Pippino,

1996 5535 2132 5612 cap.
2165 5535 2203 5594 8’
2227 5540 2284 5594 et
2308 5535 2410 5593 lib.
2443 5553 2482 5592 x
2502 5535 2950 5621 Capitulariuni,
2986 5552 3037 5592 c.
3068 5537 3149 5591 l9.
