4044 6196
409 172 510 238 32“]

1540 159 1914 231 REGINONIS
1954 154 2370 223 PRUMIENSIS
2409 166 2735 225 ABBATIS.’

3722 164 3830 226 328

412 307 530 361 lar.
559 319 611 357 υ.
636 307 666 357 5
695 320 707 369 ;
742 303 1070 356 Buacumu.
1102 298 1204 355 lib.
1239 290 1399 366 xm,
1432 294 1592 354 c.18.
1627 295 1685 353 Si
1708 294 1846 368 quis
1880 305 2062 365 spon-
2095 291 2141 343 A
2172 290 2315 359 tam,
2349 296 2452 347 aut
2480 291 2823 364 privignam
2853 290 3149 364 polluerit,
3181 307 3284 348 eos
3313 291 3580 362 disjungi
3631 295 3690 348 et
3742 293 3831 349 ul-

409 409 541 449 sam
573 390 677 447 filii
708 388 799 445 sui
830 386 1209 460 oppresserit,
1243 386 1297 443 et
1326 391 1546 459 postea
1564 384 1721 441 ﬁlius
1773 397 1910 438 eam
1955 378 2062 434 du-

406 481 557 539 xerit
586 482 753 552 pater
780 473 1170 548 postmodum
1209 490 1332 532 non
1361 475 1583 531 habeat
1633 486 1906 539 uxorem,
1952 478 2062 523 nec

407 570 542 644 ipsa
562 566 772 624 mulier
800 563 1016 619 virum.
1044 563 1219 619 Filius
1244 564 1349 637 qui
1396 563 1627 620 facinus
1653 560 1842 634 patris
1896 558 2065 629 igno-

406 658 561 717 ravit
590 655 768 713 aliam
797 650 1070 725 accipiat.

824 742 913 797 De
940 742 1141 798 eadem
1178 756 1261 798 re.
1294 742 1390 798 Ex
1419 742 1640 798 eodem.

481 835 751 892 CCXVIII.
786 832 1132 900 (Buacusnn.
1165 829 1268 887 lib.
1291 848 1430 896 xvu,
1463 831 1635 901 c.22.)
1660 827 1715 887 Si
1735 826 1871 900 quis
1886 823 2063 881 ﬁlias-

404 928 563 981 trum
591 926 697 979 aut
723 920 1038 977 filiastram
1068 936 1242 977 suam
1273 925 1409 976 ante
1440 919 1790 992 episcopum
1824 914 1903 972 ad
1926 920 2063 970 con-

404 1011 807 1069 ﬁrmatiOnem
838 1009 1109 1078 tenuerit,
1146 1014 1453 1083 separetur
1482 1009 1559 1064 ab
1605 1023 1788 1064 uxore
1821 1021 1950 1068 sua,
2007 1006 2063 1057 et

406 1101 589 1159 aliam
613 1115 931 1173 nunquam
961 1098 1233 1171 accipiat.
1262 1097 1536 1177 Similiter
1567 1101 1623 1152 et
1653 1095 1882 1152 mulier.

827 1189 915 1243 De
942 1188 1146 1244 eadem
1177 1203 1260 1244 re.
1288 1187 1385 1243 Ex
1413 1187 1634 1243 eodem.

476 1282 691 1338 CCXIX.
724 1278 978 1350 (Concil.
1013 1276 1337 1347 Compend.
1373 1293 1426 1332 c.
1455 1276 1558 1344 14;
1593 1278 1918 1331 Buucusan.
1956 1271 2059 1328 lib.

402 1384 548 1437 xvn,
584 1384 635 1424 c.
673 1367 782 1439 l2.)
811 1364 867 1423 Si
893 1364 1030 1438 quis
1060 1381 1199 1421 cum
1230 1369 1419 1421 matre
1468 1368 1525 1420 et
1567 1362 1690 1419 ﬁlia
1739 1361 2063 1418 fornicatus

404 1463 512 1527 est,
544 1458 857 1530 ignorante
890 1460 1079 1512 matre
1107 1455 1181 1511 de
1208 1454 1352 1525 ﬁlia,
1379 1458 1435 1511 et
1461 1453 1584 1510 tilia
1608 1452 1683 1508 de
1706 1454 1918 1519 matre,
1968 1449 2062 1505 ille

403 1563 722 1620 nunquam
748 1545 1001 1617 accipiat
1039 1561 1312 1601 uxorem.
1364 1544 1479 1600 Illae
1526 1558 1680 1609 vero,
1729 1541 1780 1597 si
1830 1539 2059 1608 volunt,

2171 378 2354 434 terius
2386 395 2702 453 nunquam
2731 379 3018 451 conjugio
3049 379 3318 452 copulari
3348 380 3757 454 prrecipimus.

2598 470 2687 526 De
2712 469 2917 526 eadem
2943 484 3028 525 re.
3054 469 3153 525 Ex
3184 469 3400 526 eodem.

2243 559 2502 614 CCXXVI.
2541 559 2793 627 (Concil.
2827 559 3075 629 Mogun.
3123 559 3234 614 sub
3264 559 3411 615 Car.
3460 559 3545 615 Μ.
3606 575 3661 614 c.
3716 565 3829 627 54;

2170 644 2274 701 lib.
2310 663 2348 701 v
2384 648 2756 719 Capitular.,
2781 663 2832 703 c.
2865 650 2972 715 99;
2999 649 3321 704 Buncuun.
3365 646 3470 703 lib.
3501 663 3599 718 vn,
3630 664 3684 704 c.
3719 650 3836 718 I8.)

2171 734 2646 791 Contradicimus
2678 750 2924 808 quoque
2953 741 3017 791 ut
3036 740 3252 807 quarta
3281 735 3666 806 generatione
3684 735 3833 792 nul-

2169 822 2263 878 lus
2291 824 2552 897 amplius
2584 824 2869 896 conjugio
2908 820 3240 898 copuletur.
3284 824 3394 881 Ubi
3438 830 3638 881 autem
3690 829 3839 899 post

2168 911 2548 969 interdictum
2576 913 2802 970 factum
2832 913 3028 982 fuerit,
3057 918 3427 986 separentur.

2341 1004 2426 1059 De
2450 1004 2653 1060 eadem
2685 1019 2767 1060 re.
2798 1003 2898 1060 Ex
2926 1004 3176 1060 concilio
3223 1004 3661 1060 Wormatiensi.

2242 1091 2531 1149 CCXXVII.
2565 1092 2815 1164 (Concil.
2860 1092 3151 1149 Wormat.
3184 1108 3237 1149 c.
3266 1093 3376 1165 33.)
3421 1092 3479 1149 Si
3523 1092 3658 1166 quis
3688 1100 3837 1149 cum

2169 1179 2410 1238 duabus
2441 1182 2769 1249 sororibus,
2803 1198 2907 1240 seu
2938 1199 3079 1239 cum
3100 1182 3344 1239 duobus
3373 1182 3679 1250 fratribus,
3725 1187 3841 1239 aut

2170 1286 2310 1325 cum
2339 1270 2433 1326 his
2452 1270 2729 1344 personis
2757 1271 2832 1327 de
2863 1271 3087 1345 quibus
3112 1287 3285 1328 sacra
3339 1271 3660 1344 Scriptura,
3689 1288 3839 1344 pro-

2168 1358 2353 1427 hibet,
2381 1360 2836 1418 fornicationem
2866 1360 3087 1429 fecerit,
3121 1361 3170 1416 si
3198 1360 3447 1432 dignam
3468 1360 3653 1431 egerit
3701 1377 3839 1434 pae-

2168 1448 2499 1517 nitentiam,
2535 1455 2594 1506 et
2630 1466 2692 1505 se
2743 1450 3047 1507 continere
3109 1466 3233 1507 non
3278 1454 3494 1523 potest,
3553 1449 3726 1507 liceat
3781 1450 3839 1506 ei

2167 1538 2498 1609 legitimam
2528 1555 2782 1596 uxorem
2804 1539 2895 1596 vel
2923 1539 3115 1596 virum
3146 1539 3438 1613 accipere.
3814 1554 3821 1559 ·

404 1636 702 1708 accipiant
729 1633 996 1690 maritos.
1024 1632 1081 1690 Si
1128 1637 1329 1689 autem
1371 1634 1485 1689 hoc
1516 1630 1756 1687 scierint
1782 1629 1930 1703 ipsae
1978 1628 2059 1684 fe-
2092 1640 2135 1693 Β
2169 1647 2240 1702 εί
2263 1647 2394 1717 quis
2423 1662 2556 1703 cum
2583 1647 3258 1716 commatrefomicams
3271 1647 3590 1716 καθήμεθα,
3608 1647 3835 1703 eodem.

404 1724 605 1791 minae,
636 1724 868 1796 absque
893 1721 1121 1778 maritis
1146 1722 1207 1778 in
1238 1727 1528 1795 perpetuo
1557 1724 1861 1777 maneant.

728 1813 904 1884 296
932 1813 1018 1867 De
1046 1812 1249 1868 eadem
1284 1828 1366 1868 re.
1398 1812 1493 1867 Ex
1521 1811 1741 1868 eodem.

478 1906 669 1962 CCXX.
713 1902 964 1973 (Concil.
997 1901 1321 1971 Compend.
1355 1918 1405 1955 c.
1446 1906 1507 1956 15
1539 1917 1550 1955 :
1589 1899 1907 1955 Bu'ncumn.
1958 1897 2060 1953 lib.

407 2010 554 2063 xvu,
590 2010 641 2049 c.
667 1992 742 2064 7.)
777 1989 1050 2048 Similiter
1080 1996 1137 2046 et
1188 1990 1262 2046 de
1315 1989 1553 2047 duabus
1610 1987 1938 2055 sororibus,
1961 1985 2065 2059 qui

408 2099 548 2138 cum
581 2097 701 2137 una
722 2079 782 2135 in
811 2078 1104 2135 adulterio
1132 2079 1375 2146 mansit,
1407 2083 1463 2135 et
1491 2078 1674 2153 aliam
1704 2075 1942 2151 publice
1971 2091 2067 2131 ac-

407 2171 580 2244 cepit,
614 2185 738 2226 non
765 2167 987 2224 habeat
1016 2168 1330 2224 mulierem
1374 2183 1565 2240 usque
1596 2166 1657 2223 in
1713 2166 1869 2222 diem
1904 2180 2062 2221 mor-

408 2259 482 2314 tis
506 2278 518 2325 ;
550 2264 607 2314 et
636 2258 736 2313 illa
760 2273 897 2330 quae
929 2255 1200 2326 nescivit,
1233 2255 1490 2329 accipiat
1508 2255 1813 2311 maritum.

568 2366 640 2422 Si
660 2365 792 2436 quis
816 2369 1070 2433 propter
1087 2364 1323 2434 faidam
1350 2364 1532 2434 fugit.
1560 2363 1657 2419 Ex
1677 2362 1897 2418 eodem.

478 2456 693 2513 CCXXI.
731 2453 972 2525 (Concit.
1013 2450 1338 2523 Compend.
1367 2468 1418 2508 c.
1456 2456 1562 2520 18;
1617 2450 1720 2507 lib.
1782 2467 1840 2506 v.
1893 2449 2068 2520 Capi-

408 2546 620 2611 tular.,
653 2559 704 2599 c.
738 2542 814 2613 6.)
848 2542 907 2599 Si
930 2541 1036 2614 qui
1063 2546 1309 2615 propter
1336 2540 1663 2597 vindictam
1712 2538 1949 2609 fugiunt
2003 2537 2066 2594 in

405 2633 552 2690 alias
579 2631 829 2705 patrias,
852 2635 910 2686 et
937 2629 1245 2688 dimittunt
1275 2646 1492 2687 uxores
1509 2644 1672 2699 suas,
1703 2643 1813 2684 nec
1844 2626 1926 2684 illi
1955 2642 2067 2684 nec

403 2721 517 2779 illis
547 2719 715 2778 alteri
737 2719 1112 2792 copulentur.

778 2828 925 2884 Item
957 2827 1029 2883 de
1054 2826 1313 2883 incestis.
1345 2826 1442 2882 Ex
1471 2825 1689 2881 eodem.

2242 1753 2556 1810 CCXXVIII.
2590 1753 2854 1823 (Concil.
2890 1754 3179 1810 Wormat.
3200 1769 3252 1808 c.
3283 1755 3398 1821 34.)
3431 1753 3489 1811 Si
3514 1752 3650 1827 quis
3690 1770 3839 1809 cum

2171 1845 2502 1899 commatre
2535 1841 2827 1916 spirituali
2873 1841 3049 1898 fuerit
3100 1841 3449 1911 fornicatus,
3503 1858 3694 1916 usque
3752 1843 3839 1899 ad

2171 1931 2421 2001 dignam
2455 1930 2633 2002 298
2664 1930 3082 2003 pmnitentiam
3112 1930 3495 1988 anathemate
3533 1936 3841 2004 percutia-

2172 2024 2285 2076 tur.
2322 2018 2598 2077 Similiter
2629 2019 2679 2075 si
2711 2036 2850 2076 cum
2881 2036 2954 2076 ea
2994 2036 3183 2093 quam
3239 2019 3315 2076 de
3360 2020 3518 2076 fonte
3548 2014 3838 2093 suscepit,

2171 2108 2263 2166 vel
2283 2125 2469 2182 quam
2484 2112 2620 2165 ante
2636 2108 2993 2182 episcopum
3011 2108 3280 2178 tenuerit,
3296 2108 3619 2167 fornicatus
3634 2109 3839 2166 fuerit.

2173 2196 2524 2277 Legitimam
2550 2201 2773 2267 autem,
2806 2197 2856 2254 si
2884 2196 3180 2264 habuerit,
3213 2213 3336 2254 non
3376 2197 3634 2255 dimittat
3679 2215 3842 2256 uxo-

2171 2302 2300 2343 rem
2308 2331 2320 2343 .

2555 2377 2701 2433 Hem
2727 2377 2800 2433 de
2817 2378 3075 2435 incestis.
3107 2378 3208 2436 Ex
3236 2379 3451 2436 eodem.

2243 2483 2502 2539 CCXXIX.
2540 2482 2769 2540 Concit.
2817 2483 3106 2541 Wormat.
3142 2502 3192 2541 c.
3222 2486 3336 2558 36.)
3395 2485 3453 2543 Si
3506 2484 3642 2559 quis
3688 2502 3841 2542 cum

2172 2571 2419 2628 ﬁliastra
2444 2588 2555 2628 sua
2574 2570 2900 2629 fornicatus
2921 2572 3114 2647 fuerit,
3136 2578 3278 2647 post
3302 2573 3660 2630 dissolutum
3685 2590 3841 2631 con-

2167 2659 2407 2731 jugium
2426 2659 2837 2734 paenitentiam
2866 2665 3024 2732 agat.
3035 2661 3268 2719 Scilicet
3296 2678 3405 2736 per
3433 2661 3667 2718 triennii
3688 2667 3846 2719 tem-

2171 2764 2288 2823 pus
2313 2765 2350 2805 a
2407 2764 2656 2822 corpore
2695 2754 2752 2805 et
2778 2749 3071 2821 sanguine
3122 2751 3355 2807 Domini
3407 2750 3843 2824 suspendatur,

2173 2854 2418 2895 carnem
2438 2854 2562 2894 non
2581 2838 2929 2909 manducet,
2958 2839 3168 2896 vinum
3190 2855 3313 2897 non
3352 2839 3543 2911 bibat,
3590 2846 3649 2898 et
3696 2856 3844 2897 om-

477 2935 717 2991 CCXXII.
759 2931 1017 3001 (Concil.
1041 2930 1182 2986 Met.
1212 2930 1320 2984 sub
1366 2929 1628 2999 Pippmo
1652 2944 1703 2984 c.
1744 2932 1805 2995 I;
1867 2926 1971 2983 lib.
2028 2944 2067 2984 v
2116 2994 2146 3001 Α
2174 2926 2355 2983 nibus
2383 2926 2598 2983 diebus
2624 2926 2867 2999 jejunet,
2901 2928 3163 3001 exceptis
3201 2927 3361 2985 festis
3406 2933 3463 2985 et
3510 2929 3845 2986 Dominicis

415 2994 782 3089 Capitular.,
816 3034 866 3074 c.
899 3021 979 3086 7.)
1011 3016 1224 3090 Siquis
1252 2994 1548 3073 incestum
1593 3033 1731 3072 cum
1788 2994 2066 3088 proxima
2108 2994 2147 3048 (ἶ
2173 3014 2407 3072 diebus.
2445 2994 2721 3073 Sittiiliter
2748 3015 2823 3072 de
2854 2994 3206 3073 mulieribus
3236 3034 3372 3091 quae
3396 3011 3552 3092 patri
3583 3035 3644 3075 se
3674 3018 3847 3075 clan-

406 3124 518 3165 sua
547 3105 934 3177 commiserit,
963 3106 1268 3179 peculium
1295 3122 1474 3161 suum
1499 3104 1730 3179 perdat,
1765 3104 1812 3160 si
1841 3104 2061 3172 habet;

405 3202 463 3254 et
491 3196 540 3252 si
570 3212 632 3251 se
659 3211 782 3252 non
813 3195 1134 3251 emendare
1164 3194 1431 3262 voluerit,
1458 3193 1660 3250 nullus
1685 3208 1825 3249 eum
1872 3192 1935 3249 in
1963 3193 2066 3250 do-

403 3303 507 3344 mo
536 3284 803 3358 recipiat,
833 3299 1032 3357 neque
1061 3282 1115 3339 ei
1143 3282 1347 3340 cibum
1377 3282 1581 3339 donet.
1615 3282 1787 3349 Quod
1832 3282 1881 3338 si
1910 3282 2064 3339 fece-

402 3372 496 3443 rit,
525 3371 839 3443 sexaginta
871 3371 1094 3428 solidos
1124 3371 1251 3444 regi
1276 3375 1622 3445 componat.
1666 3373 1735 3427 Et
1776 3370 1825 3427 si
1879 3387 2064 3444 pecu-

402 3460 569 3517 niam
590 3476 714 3517 non
739 3460 941 3531 habet,
972 3460 1260 3531 mittatur,
1292 3460 1338 3517 si
1387 3459 1538 3517 liber
1594 3463 1700 3528 est,
1733 3459 1815 3515 .in
1863 3476 2063 3516 carce-

401 3565 550 3607 rem.
583 3549 640 3607 Si
669 3565 878 3605 servus
908 3553 1015 3618 est,
1038 3547 1284 3622 vapulet
1302 3548 1503 3606 multis
1526 3547 1741 3621 plagis.

720 3658 868 3715 Item
898 3659 970 3714 de
995 3657 1342 3728 parricidis.
1383 3657 1482 3713 Ex
1521 3657 1740 3713 eodem.

474 3768 741 3823 CCXXIII.
777 3764 835 3824 Si
870 3765 1057 3823 homo
1079 3763 1231 3822 liber
1257 3768 1494 3837 patrem
1518 3756 1920 3831 autmatrem,
1950 3762 2065 3820 fra-

400 3858 552 3911 trem
580 3854 678 3913 vel
708 3854 1079 3912 avunculum
1130 3849 1430 3924 occiderit,
1473 3852 1879 3909 haereditatem
1921 3866 2061 3925 pro-

399 3944 597 4016 priam
643 3943 896 4001 amittat.
950 3946 1019 3999 Et
1071 3943 1120 3998 si
1171 3942 1307 4016 quis
1359 3942 1695 3998 mmehatus
1721 3940 1895 3998 fuerit
1922 3957 2063 3998 cum

401 4036 592 4088 matre
620 4034 678 4088 et
702 4046 905 4088 sorore
933 4034 991 4088 et
1018 4030 1222 4108 amita,
1254 4029 1662 4087 haereditatem
1685 4029 1919 4103 perdat.

784 4137 933 4194 Item
963 4137 1038 4195 de
1067 4137 1324 4194 incestis.
1347 4136 1445 4193 Ex
1464 4135 1684 4192 eodem.

476 4246 740 4302 CCXXIV.
771 4243 1027 4315 (Concit.
1054 4243 1326 4314 Magum.
1355 4242 1463 4299 sub
1509 4242 1650 4299 Car.
1709 4242 1792 4299 Μ.
1849 4257 1900 4299 c.
1950 4246 2057 4312 53;

2174 3105 2309 3162 culo
2334 3104 2398 3161 in
2430 3104 2753 3162 concubitu
2779 3110 3230 3179 prostraverunt
3256 3111 3313 3163 et
3347 3106 3469 3163 ﬁlio
3503 3106 3842 3164 observan-

2172 3195 2320 3252 dum
2362 3199 2470 3265 est,
2498 3199 2557 3251 et
2611 3194 2717 3268 qui
2776 3194 3016 3252 duabus
3071 3212 3132 3253 se
3184 3196 3480 3254 absconse
3524 3197 3845 3255 sororibus

2174 3284 2437 3358 pollutos
2469 3288 2864 3354 cognoscunt.

2176 3391 2345 3460 Quod
2372 3406 2505 3448 cum
2534 3397 2911 3448 sacramento
2947 3392 3166 3450 illicita
3201 3394 3487 3465 conjugia
3540 3396 3841 3452 solvenda

2506 3485 2666 3536 sunt.
2697 3481 2797 3537 Ex
2818 3481 3072 3537 concilio
3110 3479 3497 3538 Triburiensi.

2242 3586 2477 3643 CCXXX.
2513 3585 2765 3655 (Concil.
2800 3588 3038 3644 Tribur.
3072 3605 3126 3645 c.
3159 3588 3267 3661 t9.)
3310 3591 3580 3656 Quorum
3631 3588 3843 3648 illicita

2173 3674 2813 3746 conjugiavscindenda
2861 3681 3018 3746 sunt,
3066 3675 3342 3734 volumus
3380 3682 3447 3734 ut
3483 3678 3840 3751 juramento

2174 3763 2533 3820 conﬁrment
2567 3779 2643 3820 ne
2690 3763 2772 3820 ad
2825 3781 3014 3822 unam
3066 3781 3345 3824 mensam
3386 3782 3499 3823 nec
3547 3767 3664 3824 sub
3705 3784 3841 3824 uno

2175 3855 2326 3909 tecto
2352 3851 2531 3909 simul
2559 3851 2920 3922 cohabitent,
2950 3852 3040 3910 vel
3057 3853 3327 3928 quolibet
3349 3854 3628 3913 familiari
3648 3855 3840 3914 collo-

2173 3941 2316 4014 quio
2333 3940 2737 4014 perfruantur,
2768 3941 2887 3999 nisi
2910 3941 2972 3998 in
3001 3942 3243 4017 publico
3284 3949 3387 4001 aut
3440 3944 3501 4001 in
3557 3944 3840 4003 ecclesia.

2171 4029 2287 4086 Res
2310 4045 2465 4104 quas
2485 4046 2840 4087 communes
2862 4029 3184 4089 habuerint
3210 4032 3501 4102 dividant,
3524 4049 3599 4090 ne
3627 4032 3841 4108 aliqua

2173 4118 2434 4192 suspicio
2459 4120 2649 4193 possit
2674 4120 2842 4179 nasci
2870 4125 3050 4195 atque
3076 4121 3424 4181 increscere.

2168 4186 2591 4289 Juramen-tum
2622 4229 2697 4286 de
2714 4186 3035 4299 parentem
3065 4231 3356 4302 quomodo

409 4334 514 4390 lib.
542 4351 578 4391 v
608 4333 970 4404 Capitulan,
1032 4349 1084 4389 c.
1116 4334 1186 4390 98
1210 4335 1268 4389 et
1301 4336 1437 4402 152;
1466 4332 1696 4389 Concil.
1730 4333 1953 4389 Turon.
1977 4347 2057 4401 in,
2091 4338 2136 4392 D
2243 4334 2505 4392 CCXXXI.
2531 4336 2880 4408 (Buncnnn.
2906 4336 3009 4393 lib.
3037 4353 3139 4408 vn,
3186 4354 3239 4395 c.
3276 4338 3390 4411 25.)
3441 4341 3522 4396 De
3566 4337 3669 4396 illa
3728 4354 3844 4412 pa-

402 4439 455 4480 c.
485 4424 602 4495 41.)
642 4421 921 4496 Episcopi
940 4421 1241 4478 incestuos
1264 4420 1625 4492 investigare
1655 4419 1950 4478 studeant.
1996 4423 2064 4477 Et

402 4513 452 4570 si
478 4511 766 4588 pmnitere
786 4511 1105 4581 noluerint,
1132 4510 1207 4568 de
1229 4510 1489 4568 Ecclesia
1515 4500 1910 4584 expellantur,
1956 4510 2062 4568 do-

401 4619 512 4661 nec
541 4602 616 4659 ad
649 4600 1064 4675 pcenitentiam
1102 4601 1273 4673 297
1335 4602 1724 4657 revertantur.
1784 4599 1958 4666 Quod
2011 4600 2061 4654 si

400 4692 648 4749 obedire
695 4690 1110 4748 sacerdotibus
1156 4688 1476 4758 noluerint,
1532 4691 1769 4762 oportet
1806 4705 1909 4746 eos
1955 4703 2065 4762 per

402 4782 753 4839 saecularem
781 4779 1165 4853 disciplinam
1195 4778 1474 4837 coerceri.

404 4893 490 4949 De
507 4891 711 4947 eadem
732 4905 816 4946 re.
843 4891 941 4946 Ex
960 4889 1215 4946 concilio
1234 4887 1781 4959 Monguntiacensi,
1804 4903 1936 4956 cap.
1967 4890 2060 4943 29.

476 4997 693 5054 CCXXV
724 4996 891 5069 (310),
926 4995 983 5053 Si
1013 4994 1150 5068 quis
1187 4993 1437 5051 viduam
1500 5007 1751 5048 uxorem
1803 4991 2059 5065 duxerit,

405 5089 464 5142 et
487 5089 697 5157 postea
729 5100 868 5161 cum
895 5082 1143 5141 ﬁliastra
1168 5082 1342 5139 fuerit
1384 5080 1731 5151 fornicatus,
1767 5095 1873 5136 seu
1922 5097 2062 5137 cum

405 5173 647 5231 duabus
674 5173 980 5230 sororibus
1008 5173 1296 5246 nupserit,
1321 5175 1425 5228 aut
1445 5170 1493 5226 si
1513 5186 1636 5243 qua
1661 5186 1801 5225 cum
1822 5168 2063 5226 duobus

406 5261 708 5331 fratribus,
741 5261 863 5317 sive
895 5277 1033 5316 cum
1064 5265 1231 5333 patre
1268 5265 1325 5315 et
1353 5258 1497 5326 ﬁlio,
1550 5258 1598 5314 si
1627 5258 1766 5330 quis
1795 5256 2060 5314 relictam

405 5350 625 5418 fratris,
660 5351 708 5406 si
732 5350 867 5423 quis
897 5353 1160 5422 neptem,
1192 5353 1297 5406 aut
1321 5364 1671 5418 novercam,
1699 5351 2061 5420 autnurum,

404 5440 852 5509 consobrinam,
884 5444 988 5497 aut
1015 5438 1201 5496 tiliam
1226 5438 1532 5510 avunculi,
1563 5442 1667 5496 aut
1706 5438 1836 5510 ejus
1894 5437 2060 5495 relic-

476 5622 621 5696 (3I0)
654 5620 795 5678 Vide
826 5635 1009 5695 supra
1035 5636 1166 5694 cap.
1205 5622 1302 5677 197
1326 5621 1506 5692 hujus
1527 5609 1679 5676 libri.

2166 4422 2396 4481 rentela
2424 4440 2612 4497 quam
2636 4424 2847 4483 dicunt
2873 4441 3006 4483 esse
3033 4425 3189 4484 inter
3211 4426 3382 4484 illum
3409 4431 3469 4485 et
3490 4427 3667 4485 istam
3696 4428 3843 4500 ejus

2168 4512 2304 4584 conj
2312 4527 2513 4583 ugem,
2537 4513 2837 4587 quidquid
2859 4513 3000 4571 inde
3022 4514 3136 4572 scis
3164 4515 3256 4572 vel
3303 4515 3523 4573 audisti
3575 4532 3845 4590 compu-

2170 4606 2296 4660 tare
2327 4618 2364 4658 a
2393 4602 2509 4658 tuis
2541 4603 2721 4676 299
2764 4602 2975 4660 vicinis
3017 4609 3123 4662 aut
3164 4604 3280 4661 tuis
3325 4605 3841 4675 antecessoribus,

2167 4690 2337 4764 quod
2366 4694 2432 4747 tu
2459 4706 2568 4765 per
2594 4691 2830 4748 nullum
2858 4692 3189 4763 ingenium,
3221 4708 3333 4751 nec
3372 4698 3617 4768 propter
3660 4693 3848 4752 timo-

2168 4795 2319 4851 rem,
2348 4783 2453 4837 aut
2478 4779 2818 4854 praemium,
2846 4786 2952 4838 aut
2976 4782 3567 4854 consanguinitatem
3609 4781 3848 4841 celabis

2168 4868 2452 4943 episcopo
2482 4873 2607 4939 tuo,
2637 4874 2743 4927 aut
2769 4870 2900 4941 ejus
2958 4871 3165 4940 misso,
3212 4872 3309 4929 cui
3366 4872 3483 4929 hoc
3526 4872 3843 4946 inquirere

2162 4957 2425 5029 jusserit,
2451 4975 2612 5031 quan
2620 4959 2945 5032 docunque
2959 4975 3032 5017 ex
3050 4960 3164 5017 hoc
3181 4966 3235 5018 te
3262 4960 3852 5034 interrogaveriLSic

2166 5051 2224 5104 te
2255 5050 2410 5104 Deus
2435 5048 2698 5120 adjuvet.

2782 5158 2872 5212 De
2900 5156 3100 5214 eadem
3141 5173 3225 5213 re.

2243 5262 2525 5320 CCXXXII.
2555 5262 2898 5332 (BIIRCHARD.
2931 5262 3033 5319 lib.
3067 5279 3170 5332 vn,
3194 5280 3247 5320 c.
3297 5265 3409 5336 26.)
3471 5263 3634 5321 Istud
3658 5265 3851 5337 jura-

2170 5356 2440 5407 mentum
2471 5352 2635 5424 quod
2666 5352 3005 5426 istejuravit
3033 5354 3108 5409 de
3138 5354 3237 5410 illa
3262 5354 3570 5428 parentela
3590 5370 3731 5429 quae
3752 5356 3854 5413 in-

2168 5443 2256 5498 ter
2275 5439 2439 5497 illum
2457 5445 2515 5499 et
2534 5442 2666 5513 ejus
2679 5444 3000 5516 conjugem
3018 5444 3595 5519 computatur,un
3607 5451 3668 5502 tu
3685 5444 3857 5503 illud
