4044 6196
230 109 330 163 329

231 226 581 285 observabis
631 225 991 297 inquantum
1043 227 1206 300 sapis
1259 230 1363 284 aut
1411 222 1650 282 audisti.
1704 221 1796 278 Sic
1831 224 1889 277 te
1917 222 1965 273 Α

234 321 388 374 Deus
418 316 675 386 adjuvet.
1143 377 1152 388 '

452 406 909 460 Sacramentum
934 405 1008 460 de
1032 406 1361 462 incestuoso
1390 405 1657 462 discidio.
1708 474 1723 491 .

297 492 651 554 CCXXXIII.
687 494 1027 564 (Bcncuun.
1051 493 1156 551 lib.
1192 512 1288 564 vn,
1321 512 1372 550 c.
1405 495 1515 565 2‘7.)
1547 493 1637 549 Ab
1660 490 1775 548 isto
1796 490 1892 546 die

222 583 455 656 jurabis
485 581 652 655 quod
688 587 751 637 tu
782 597 889 654 per
915 582 1148 638 nullum
1179 583 1491 655 ingenium
1536 587 1590 639 te
1633 579 1893 637 sociabis

225 673 363 733 huic
393 677 508 728 tuae
538 670 1000 741 consanguineae
1029 671 1275 728 nomine
1304 672 1405 741 illi,
1432 688 1567 745 quae
1588 674 1795 727 contra
1814 669 1892 725 le-

225 780 361 835 gem
425 767 483 818 et
528 765 753 817 rectam
813 761 1310 818 Christianitatem
1367 777 1556 834 usque
1611 761 1674 816 in
1729 760 1891 816 hunc

224 853 385 909 diem
407 856 511 907 tua
539 866 690 905 uxor
719 850 846 917 fuit,
879 865 990 905 nec
1020 850 1080 905 in
1111 850 1413 921 conjugio,
1454 866 1565 906 nec
1613 851 1673 906 in
1716 847 1889 905 adul-

226 941 392 1010 terio,
426 939 522 995 vel
549 938 957 1007 fornicatione,
985 955 1095 995 nec
1129 955 1266 995 cum
1297 939 1397 995 illa
1421 939 1501 995 ad
1521 954 1708 994 unam
1728 953 1893 993 men-

226 1048 356 1088 sam
386 1028 790 1086 manducabis
822 1033 880 1084 et
901 1028 1097 1100 bibes,
1132 1032 1234 1086 aut
1263 1029 1377 1085 sub
1416 1045 1539 1086 uno
1582 1032 1735 1086 tecto
1764 1044 1889 1084 ma-

224 1119 414 1188 nebis,
443 1117 557 1175 nisi
584 1117 733 1173 forte
756 1116 818 1172 in
848 1117 1097 1173 ecclesia
1143 1122 1248 1173 aut
1289 1117 1352 1173 in
1398 1117 1600 1190 aliquo
1645 1116 1889 1189 publico

223 1209 379 1276 loco,
411 1207 516 1264 ubi
546 1205 714 1262 nulla
746 1206 908 1262 mala
953 1206 1213 1279 suspicio
1262 1207 1452 1279 possit
1497 1222 1650 1275 esse,
1697 1210 1762 1261 ut
1806 1205 1889 1262 ibi

221 1313 432 1355 coram
458 1295 705 1354 testibus
731 1312 842 1368 pro
873 1299 1035 1351 certa
1071 1296 1419 1353 necessitate
1446 1295 1669 1369 pariter
1712 1294 1889 1351 collo-

221 1384 520 1456 quamini.
550 1387 663 1440 Nec
689 1383 871 1440 aliam
916 1386 1238 1456 conjugem
1283 1384 1561 1457 accipies,
1592 1383 1710 1440 nisi
1737 1383 1886 1440 forte

221 1476 367 1544 post
388 1479 581 1529 actam
626 1472 1039 1545 paenitentiam
1079 1473 1183 1530 tibi
1234 1472 1472 1529 licentia
1519 1472 1661 1529 data
1714 1471 1887 1528 fuerit

1146 104 1235 159 DE
1276 101 1552 159 ECCLES.
1596 96 1882 153 DISCIPL.
1925 95 2106 152 LIBRI
2146 100 2309 157 DUO.
2350 131 2419 140 —
2458 101 2589 157 LIB.
2632 102 2697 158 II.

3553 115 3659 167 330

2234 225 2541 281 Invocatio
2566 226 2641 282 de
2665 230 2855 283 morte
2880 228 3089 284 mariti
3116 230 3212 285 vel
3235 232 3461 286 uxoris.

2075 311 2472 369 CCXXXVIII.
2508 316 2588 369 De
2616 314 2732 370 hoc
2761 315 2928 388 quod
2957 320 3020 371 tu
3035 320 3314 374 accusata
3337 334 3400 374 es
3426 318 3485 374 in
3512 337 3659 392 prae-

2002 400 2191 457 sentia
2228 401 2396 458 istius
2440 403 2725 477 episcopi,
2770 403 2830 459 in
2874 404 2988 461 hac
3037 406 3294 477 synodo,
3344 408 3508 481 quod
3553 426 3662 481 per

2002 493 2171 545 tuum
2192 490 2416 547 factum
2443 496 2499 548 et
2524 508 2631 565 per
2671 498 2842 549 tuum
2888 495 3207 552 consilium
3232 500 3370 552 tuus
3409 497 3659 554 maritus

1999 576 2156 634 illius
2183 579 2274 636 vel
2304 584 2408 637 tua
2450 581 2674 652 conjux
2713 580 2872 636 illius
2916 588 3172 639 mortem
3219 585 3555 659 recepisset,
3604 591 3663 643 et

1998 666 2183 724 vitam
2199 669 2576 742 perdidisset,
2604 670 2853 727 omnino
2896 687 3020 727 non
3046 677 3141 728 est
3176 673 3280 742 ita,
3334 690 3444 730 nec
3489 680 3554 731 tu
3598 678 3661 731 in

2001 756 2131 828 ejus
2162 759 2283 815 vita
2311 764 2416 816 aut
2443 760 2732 816 membris
2760 760 3100 833 quidquam
3130 762 3316 818 fecisti
3366 769 3472 820 aut
3520 781 3661 821 cum

1999 844 2129 901 aliis
2158 846 2508 904 conciliatus
2530 863 2595 903 es
2638 848 2798 903 unde
2838 848 3053 921 merito.
3091 850 3425 907 secundum
3471 853 3661 909 eccle-

1999 933 2303 992 siasticum
2326 936 2623 1008 judicium
2659 937 3021 1010 paenitentiae
3058 938 3324 995 remedia
3368 941 3661 1013 suscipias

1999 1026 2104 1079 aut
2129 1025 2462 1081 secundum
2492 1026 2871 1082 mundanam
2900 1026 3095 1098 legem
3120 1032 3376 1085 mortem
3427 1034 3533 1086 aut
3559 1029 3663 1087 ali.-

1997 1111 2165 1183 quod
2193 1112 2488 1169 damnum
2516 1112 2829 1170 sustineas.
2863 1114 2955 1171 Sic
3000 1119 3054 1171 te
3098 1118 3254 1173 Deus
3306 1117 3551 1188 adjuvet
3580 1118 3659 1175 ad

1997 1197 2157 1255 istud
2182 1201 2474 1272 judicium
2487 1244 2499 1257 .

1993 1289 2415 1347 Juramentum
2440 1293 2535 1347 vel
2560 1294 2857 1349 invocatio
2881 1294 2955 1349 de
2996 1295 3312 1351 homicidio
3341 1296 3657 1364 imputata.

2064 1396 2426 1453 CCXXXIX.
2461 1400 2539 1454 De
2568 1398 2683 1455 hoc
2724 1399 2891 1472 quod
2932 1400 3036 1456 tibi
3083 1400 3447 1472 imputatum
3487 1402 3659 1457 estin

1992 1484 2314 1555 praesentia
2370 1485 2449 1541 tui
2510 1486 2795 1559 episcopi,
2852 1489 3023 1558 cujus
3073 1489 3501 1560 parcechianus
3571 1506 3657 1555 es,

219 1560 302 1616 ab
332 1561 615 1634 episcopo
641 1566 743 1617 ῖυο
770 1566 875 1618 ὃῠῖ
900 1562 1029 1633 elus
1054 1561 1260 1618 Πιίεεο-
1295 1562 1387 1619 Sic
1418 1566 1472 1618 te
1514 1564 1667 1617 Deus
1715 1561 1884 1633 adju-
1909 1566 1957 1621 Β
1992 1572 2158 1644 quod
2185 1577 2248 1628 tu
2275 1572 2443 1628 illum
2468 1573 2779 1630 hominem
2810 1591 2949 1630 cum
2988 1575 3120 1631 aliis
3166 1576 3514 1632 hominibus
3564 1595 3656 1632 se-

217 1653 313 1704 vet
340 1654 399 1705 et
426 1649 550 1704 istae
577 1654 923 1705 sanctorum
953 1649 1235 1723 reliquiae.

758 1740 1065 1795 [avocatio
1104 1740 1345 1810 judicii.

288 1828 627 1884 C.ZXXXIV.
656 1829 996 1899 (Bumzmnn.
1021 1827 1123 1884 lib.
1159 1846 1236 1895 IX,
1268 1847 1318 1885 c.
1351 1829 1462 1901 79.)
1484 1832 1561 1886 De
1581 1830 1696 1885 hoc
1715 1828 1883 1902 quod

217 1915 367 1970 mihi
398 1919 739 1989 reputatum
760 1920 852 1972 est
879 1915 939 1971 in
957 1916 1069 1972 hac
1092 1916 1325 1987 synodo
1346 1916 1511 1989 quod
1541 1916 1720 1972 simul
1742 1932 1881 1971 cum

214 2002 333 2058 ista
363 2004 587 2060 femina
616 2005 794 2076 300
825 2003 1184 2059 adulterium
1213 2004 1307 2060 vel
1332 2004 1784 2061 fornicationem
1804 2004 1875 2060 fe-

215 2092 437 2148 cissem
464 2109 476 2147 :
508 2093 676 2165 quod
705 2108 817 2164 ego
848 2108 969 2149 non
1000 2093 1081 2149 ita
1104 2092 1236 2163 feci,
1263 2109 1374 2149 nec
1396 2093 1533 2150 inde
1553 2110 1650 2150 me
1678 2093 1881 2167 culpa-

212 2181 402 2237 bilem
432 2170 820 2253 recognosco.
870 2183 961 2239 Sic
989 2182 1086 2238 me
1118 2185 1272 2239 Deus
1301 2183 1547 2254 adjuvet
1594 2184 1673 2239 ad
1720 2182 1884 2238 istud

205 2270 513 2340 judicium
544 2288 745 2328 suum.

207 2379 644 2435 Juramentum
661 2384 792 2448 post
805 2379 1011 2436 datam
1022 2379 1436 2447 paenitentiam
1449 2379 1523 2435 de
1533 2383 1884 2448 perpetrata

917 2468 1185 2522 luxuria.

282 2551 623 2614 CCXXXV.
650 2482 1231 2627 (Bnecmrﬁﬂima,
1268 2571 1319 2611 c.
1354 2556 1469 2627 80.)
1512 2556 1605 2612 Ab
1645 2556 1757 2626 isto
1789 2556 1885 2613 die

199 2662 359 2702 cum
388 2644 617 2700 femina
638 2660 777 2700 cum
803 2659 924 2716 qua
941 2643 1299 2700 adulterium
1323 2644 1417 2701 vel
1433 2645 1884 2703 fornicationem

194 2733 430 2803 fecisti,
459 2733 619 2789 unde
657 2732 1041 2805 disciplinam
1090 2733 1183 2789 vel
1222 2734 1635 2806 paenitentiam
1684 2752 1884 2793 susce-

188 2823 380 2898 pisti,
408 2821 670 2901 amplius
710 2838 833 2877 non
878 2821 1265 2891 adulterabis,
1317 2838 1429 2879 nec
1472 2823 1881 2893 fornicaberis,

1990 1661 2284 1733 quacibus
2308 1661 2423 1718 tuis
2448 1662 2768 1719 occidisses
2801 1667 3048 1737 propter
3093 1665 3251 1720 hanc
3300 1680 3549 1721 causam
3593 1671 3659 1722 ut

1989 1749 2154 1807 bona
2181 1750 2338 1807 illius
2362 1750 2648 1824 diriperes
2675 1756 2732 1807 et
2759 1751 2888 1823 ejus
2914 1769 3166 1809 uxorem
3205 1752 3311 1809 tibi
3341 1753 3403 1809 in
3450 1754 3655 1810 matri-

1990 1838 2266 1895 monium
2286 1839 2563 1908 sociares,
2595 1840 2657 1896 in
2696 1840 2934 1897 veritate
2975 1857 3100 1897 non
3147 1846 3239 1897 est
3286 1841 3389 1909 ita,
3440 1857 3550 1898 nec
3594 1847 3657 1898 tu

1991 1927 2152 1983 solus
2181 1944 2293 1984 nec
2322 1945 2463 1984 cum
2493 1929 2669 2000 302
2703 1928 2833 1984 aliis
2861 1929 3211 1985 hominibus
3244 1929 3414 1985 illum
3464 1931 3656 1987 homi-

1989 2031 2130 2071 nem
2177 2016 2464 2085 occidisti,
2513 2033 2625 2073 nec
2673 2022 2737 2074 ut
2783 2034 2956 2074 suam
3002 2018 3187 2074 vitam
3233 2023 3337 2075 aut
3380 2020 3659 2076 membra

1989 2104 2263 2175 perderet
2316 2122 2455 2161 cum
2515 2105 2645 2161 aliis
2703 2106 3049 2162 consiliatus
3105 2122 3188 2174 es,
3243 2122 3354 2162 nec
3418 2107 3481 2162 in
3528 2107 3659 2177 ejus

1991 2196 2181 2249 morte
2218 2192 2554 2266 quidquam
2594 2193 2785 2250 habes
2831 2194 3053 2250 factum
3098 2194 3258 2250 unde
3301 2195 3513 2250 merito
3558 2199 3663 2251 aut

1990 2281 2401 2352 pcenitentiam
2421 2282 2737 2354 suseipias,
2757 2287 2861 2338 aut
2880 2282 3206 2338 vindictam
3223 2283 3536 2355 suscipias,
3553 2288 3656 2339 aut

1991 2369 2249 2441 pretium
2279 2368 2525 2442 aliquod
2545 2370 2875 2443 persolvas.
2911 2371 3003 2427 Sic
3033 2374 3090 2426 te
3118 2373 3272 2427 Deus
3297 2371 3561 2443 adjuvet.

2052 2459 2476 2515 Juramentum
2496 2460 2571 2517 de
2598 2460 3087 2516 reconciliatione
3110 2463 3592 2532 coniugatorum.

2065 2544 2274 2601 CCXL.
2306 2546 2656 2614 (Bmcuann.
2684 2546 2787 2602 lib.
2815 2563 2893 2614 Ix,
2927 2563 2977 2602 c.
3008 2548 3125 2619 81.)
3150 2547 3242 2602 ΑΙ)
3297 2548 3414 2603 isto
3451 2548 3547 2605 die
3593 2549 3654 2605 in

1993 2637 2171 2689 antea
2197 2633 2378 2691 istam
2411 2639 2576 2691 tuam
2603 2636 2736 2706 conj
2748 2652 2945 2707 ugem,
2976 2636 3223 2692 nomine
3250 2636 3437 2705 illam,
3468 2654 3658 2710 quam

1992 2719 2210 2787 injuste
2261 2721 2595 2790 dimiseras,
2643 2722 2726 2779 ita
2772 2723 3031 2779 tenebris
3079 2723 3231 2780 sicut
3274 2740 3383 2797 per
3427 2729 3657 2783 rectum

1992 2810 2244 2866 maritus
2281 2826 2458 2867 suam
2505 2810 2683 2867 debet
2726 2811 2950 2868 habere
2998 2813 3322 2884 conjugem
3365 2814 3427 2869 in
3480 2814 3658 2871 dilec-

192 2930 328 2970 nec
358 2900 496 2968 eam
520 2911 581 2967 in
609 2926 859 2967 uxorem
893 2910 1171 2983 accipies,
1197 2911 1312 2967 nisi
1359 2911 1507 2969 forte
1536 2917 1672 2985 post
1716 2930 1886 2987 pera-
1914 2928 1917 2953 ε

2006 2900 2151 2956 tione
2177 2904 2235 2956 et
2262 2900 2465 2957 debita
2492 2900 2829 2973 disciplina,
2862 2917 2972 2957 nec
3010 2917 3146 2958 eam
3174 2917 3281 2975 per
3311 2902 3502 2959 ullum
3533 2920 3658 2961 ma-

194 3006 379 3059 ctam
404 2999 714 3073 pcenitiam
744 2999 852 3056 tibi
881 2999 1117 3056 licentia
1136 3000 1279 3058 data
1305 3000 1480 3058 fuerit
1498 3003 1577 3061 ab
1598 3002 1885 3077 episcopo

194 3097 327 3149 aut
354 3092 485 3162 ejus
514 3089 716 3145 misso.
738 3088 830 3145 Sic
857 3093 911 3146 te
943 3090 1100 3146 Deus
1130 3089 1396 3161 adjuvet.

194 3202 305 3256 De
328 3214 393 3255 eo
427 3198 547 3270 qui,
582 3198 812 3254 vivente
839 3198 1077 3254 marito.
1112 3197 1425 3269 conjugem
1452 3199 1619 3255 illius
1659 3200 1888 3257 adulte-

237 3300 424 3344 rasse
446 3290 760 3342 accusatus
810 3284 1180 3354 perhibetur.
1208 3284 1308 3343 Ea:
1325 3286 1551 3358 synodo
1575 3287 1884 3345 Meldensi.

287 3392 629 3451 CCXXXVI.
656 3392 911 3464 (Conczl.
941 3392 1149 3463 Meti,
1190 3409 1241 3448 c.
1274 3395 1374 3462 69;
1410 3395 1732 3451 Buncmnn.
1778 3395 1884 3452 lib.

201 3503 295 3553 ix,
340 3501 395 3540 c.
432 3484 544 3554 65.)
571 3486 624 3537 Is
673 3482 779 3555 qui
821 3480 1052 3538 vivente
1100 3482 1316 3540 marito
1363 3484 1686 3556 conjugem
1730 3484 1887 3558 illius

202 3572 591 3632 adulterasse
615 3574 951 3640 accusatur,
991 3575 1048 3626 et
1084 3586 1155 3627 eo
1183 3571 1247 3627 in
1286 3572 1565 3645 proximo
1602 3573 1886 3630 defuncto

204 3660 503 3719 eamdem
523 3658 853 3732 sumpsisse
878 3657 1269 3729 dignoscitur,
1301 3660 1669 3718 omnimodis
1694 3661 1887 3735 publi-

206 3768 305 3806 cae
329 3747 693 3823 pcenitentiae
721 3746 1051 3818 subigatur.
1080 3750 1159 3803 De
1180 3763 1303 3820 quo
1337 3747 1516 3806 etiam
1541 3754 1678 3822 post
1701 3749 1888 3823 poeni-

211 3838 492 3906 tc'ntiam,
521 3835 791 3909 praefata,
831 3835 882 3890 si
920 3834 1266 3908 expedierit,
1294 3836 1629 3893 servabitur
1657 3837 1885 3909 regula,

209 3927 337 3984 nisi
352 3925 504 3982 forte
527 3924 689 3980 idem
702 3928 814 3981 ‘aut
844 3923 1060 3979 mulier
1079 3924 1297 3992 virum,
1321 3925 1428 3997 qui
1455 3931 1728 3983 mortuus
1761 3926 1888 3983 fue-

209 4008 341 4087 rat,
361 4014 654 4073 occidisse
679 4017 980 4085 notentur,
1020 4017 1125 4069 aut
1167 4014 1586 4087 propinquitas
1636 4014 1729 4072 vel
1772 4014 1892 4073 alia

208 4102 508 4177 quaslibet
531 4102 685 4160 actio
700 4102 1024 4159 criminalis
1050 4102 1357 4177 impediat.
1390 4103 1564 4170 Quod
1591 4105 1643 4161 si
1667 4105 1888 4178 proba-

208 4198 350 4249 tmn
386 4190 584 4260 fuerit,
622 4192 748 4249 sine
772 4192 896 4249 ulla
938 4208 1043 4266 spe
1078 4193 1344 4265 conjugii
1373 4209 1510 4249 cum
1540 4194 1889 4267 paenitentia

1991 2988 2120 3045 lum
2142 2988 2453 3060 ingenium
2484 2989 2796 3063 separabis
2826 3005 2861 3046 a
2890 2994 2966 3061 te,
2997 3007 3107 3047 nec
3132 3006 3206 3049 ea
3225 2990 3452 3050 vivente
3473 2993 3655 3051 aliam

1994 3077 2270 3152 accipies.
2305 3079 2398 3136 Sic
2422 3082 2479 3136 te
2508 3081 2665 3135 Deus
2690 3079 2956 3151 adjuvet.

2600 3187 2689 3241 De
2713 3186 2917 3243 eadem
2950 3201 3033 3243 re.

2066 3292 2298 3349 CCXLI.
2326 3294 2669 3361 (ancnmn,
2711 3292 2815 3349 lib.
2849 3310 2904 3361 χ,
2934 3310 2985 3348 c.
3020 3294 3134 3366 82.)
3164 3294 3398 3352 Amodo
3444 3293 3508 3350 in
3548 3311 3658 3351 an-

1994 3378 2090 3433 tea
2117 3376 2297 3435 istum
2350 3384 2542 3448 tuum,
2598 3380 2883 3436 maritum
2924 3396 3108 3455 quem
3155 3381 3373 3453 injuste
3412 3382 3656 3438 dimise-

1993 3480 2112 3536 ras,
2145 3466 2226 3524 ita
2267 3468 2498 3524 tenebis
2540 3473 2599 3524 et
2626 3468 3088 3540 amplexaberis,
3115 3474 3173 3525 et
3209 3470 3262 3525 ei
3308 3470 3371 3525 in
3401 3470 3660 3541 servitio,

1992 3554 2055 3611 in
2085 3570 2289 3611 amore
2315 3560 2373 3611 et
2392 3556 2452 3611 in
2482 3556 2695 3612 timore
2725 3556 2806 3612 ita
2835 3556 2949 3611 eris
2971 3557 3241 3628 subjecta
3270 3562 3327 3613 et
3346 3557 3657 3625 obediens,

1994 3643 2147 3699 sicut
2170 3660 2279 3717 per
2306 3649 2536 3700 rectum
2567 3660 2720 3699 uxor
2747 3645 2927 3700 debet
2957 3644 3228 3715 subjecta
3258 3662 3387 3701 esse
3419 3646 3657 3713 marito,

1993 3747 2103 3787 nec
2134 3747 2405 3804 unquam
2436 3731 2514 3787 ab
2541 3747 2613 3787 eo
2644 3735 2699 3788 te
2748 3731 3079 3804 separabis,
3130 3748 3239 3788 nec
3287 3731 3388 3788 illo
3425 3734 3662 3790 vivente

1995 3820 2161 3877 alteri
2188 3820 2317 3876 viro
2348 3825 2403 3877 te
2455 3820 2713 3877 sociabis
2757 3821 2833 3877 in
2868 3820 3153 3893 conjugio
3197 3826 3301 3879 aut
3346 3820 3660 3879 adulterio.

1998 3910 2090 3967 Sic
2118 3914 2174 3967 te
2205 3912 2359 3966 Deus
2389 3909 2654 3981 adjuvet.

1995 4017 2084 4073 De
2112 4016 2204 4073 his
2230 4017 2335 4088 qui
2362 4017 2746 4073 matrimonio
2765 4019 2974 4087 juncti
3000 4023 3141 4074 sunt
3184 4025 3239 4075 et
3287 4019 3511 4076 nubere
3544 4035 3664 4077 non

2210 4110 2483 4175 possunt.
2507 4106 2609 4161 Ea:
2637 4106 2889 4175 epistola
2910 4106 3168 4176 Rabani,
3196 4121 3331 4177 cap.
3356 4111 3446 4165 29.

2072 4213 2293 4270 CCXLI!
2324 4214 2487 4284 (ΗΑΒ.
2514 4213 2683 4283 epist.
2724 4214 2806 4270 ad
2854 4214 3195 4282 Heribald,
3244 4230 3295 4270 c.
3326 4218 3434 4283 29;
3475 4214 3578 4271 lib.
3609 4231 3665 4270 vr

210 4286 516 4375 perpetuo
543 4286 858 4375 ιπξευιιιεειιίιιο⁸
878 4282 933 4340 Si
957 4260 1160 4375 autem
1187 4260 1495 4353 ﬁesaverit
1518 4260 1887 4340 sseamdem
1916 4260 1962 4314 Β
2001 4260 2343 4373 Capita-lar:
2390 4318 2441 4357 c.
2471 4260 2964 4371 ἐςῖξΒυξειιΑιιυ.
2987 4260 3151 4359 vui:
3165 4260 3222 4373 ἑ,
3269 4260 3447 4375 αἶρ’)
3475 4260 3667 4369 ἷιᾷοά

212 4373 516 4431 feminam
540 4371 775 4429 vivente
802 4372 932 4429 viro
953 4372 1347 4443 adulterasse,
1369 4378 1428 4429 et
1445 4374 1676 4447 praefati
1691 4374 1887 4431 homi-

211 4462 365 4520 cidii
381 4476 567 4518 nemo
603 4477 815 4518 eorum
836 4477 976 4518 reus
1020 4462 1320 4531 exstiterit,
1352 4467 1410 4519 et
1437 4463 1707 4537 probatis
1737 4465 1893 4522 testi-

209 4552 340 4608 bus
369 4550 726 4624 neutiquam
745 4550 1020 4607 convinci
1041 4551 1319 4623 potuerit,
1347 4558 1607 4624 purgent
1624 4553 1891 4626 legaliter

212 4640 457 4698 famam
496 4655 620 4696 suae
649 4638 972 4713 opinionis,
1005 4642 1064 4696 et
1103 4644 1349 4714 sumpto
1396 4645 1640 4699 utantur
1687 4644 1892 4715 conju-

213 4730 344 4799 gio,
363 4729 415 4785 si
437 4729 612 4800 θοι
635 4727 773 4799 alia,
797 4731 861 4783 ut
878 4726 1161 4798 diximus,
1187 4744 1315 4785 non
1338 4728 1676 4802 impedierit
1717 4731 1887 4788 ratio.

432 4819 522 4873 De
543 4816 748 4874 eadem
778 4832 860 4872 re.
894 4818 995 4873 Ex
1014 4818 1268 4874 concilio
1299 4817 1692 4874 Triburiensi.

258 4906 678 4965 -CCXXXVII.
732 4907 960 4963 Concil.
1017 4907 1255 4963 Tribur.
1307 4923 1359 4963 c.
1402 4910 1513 4977 40;
1558 4909 1887 4965 Buacmnn.

211 4998 328 5053 lib.
365 5013 442 5065 Ix,
472 5013 524 5052 c.
558 4995 667 5067 66.)
697 4994 974 5052 Relatum
1012 4999 1103 5052 est
1126 4995 1373 5053 auribus
1422 5001 1767 5054 sanctorum
1795 5014 1890 5055 sa-

208 5084 542 5142 cerdotum
572 5082 904 5156 quemdam
948 5082 1189 5139 alterius
1236 5100 1486 5140 uxorem
1513 5089 1721 5158 stupro
1770 5086 1894 5142 vio-

208 5171 406 5241 lasse,
435 5171 681 5244 insuper
708 5176 765 5227 et
783 5171 1035 5227 mmchae
1056 5173 1291 5227 vivente
1316 5173 1442 5239 viro
1464 5190 1575 5232 suo
1589 5175 1895 5245 juramen-

210 5267 356 5317 tum
381 5259 618 5339 dedisse
649 5265 713 5317 ut
739 5265 876 5333 post
903 5260 1149 5330 legitimi
1178 5263 1378 5318 mariti
1409 5269 1682 5332 mortem,
1715 5265 1763 5319 si
1795 5282 1892 5320 su-

204 5350 603 5427 pervixisset,
640 5350 886 5427 duceret
911 5350 974 5407 in
1011 5368 1304 5422 uxorem;
1353 5353 1520 5426 quod
1568 5359 1625 5410 et
1673 5356 1896 5411 factum

204 5418 329 5497 est.
359 5420 504 5495 .Tale
528 5439 707 5510 igitur
746 5418 1119 5497 connubium
1148 5418 1541 5515 prohibemus
1571 5448 1626 5500 et
1652 5445 1898 5501 anathe-

203 5528 610 5586 matizamus.

592 5621 835 5675 Puncta
878 5618 1140 5675 CXXXII.

1997 4396 2199 4447 autem
2227 4390 2606 4461 interrogasti
2634 4390 2709 4447 de
2752 4391 2845 4447 his
2888 4392 2994 4463 qui
3048 4390 3431 4447 matrimonio
3468 4390 3670 4461 juncti

2001 4484 2164 4551 sunt,
2198 4484 2256 4536 et
2286 4479 2444 4536 coire
2474 4495 2597 4537 non
2624 4484 2901 4553 possunt,
2943 4495 3021 4535 an
3068 4478 3165 4535 ille
3205 4478 3387 4535 aliam
3431 4478 3526 4533 vel
3571 4478 3673 4533 illa

1998 4568 2188 4626 alium
2224 4568 2443 4626 ducere
2484 4569 2695 4642 possit.
2751 4567 2977 4633 Quibus
3021 4566 3309 4639 scriptum
3345 4569 3472 4621 est:
3522 4587 3549 4613 ‹‹
3577 4565 3675 4620 Vir

1999 4663 2057 4715 et
2078 4657 2299 4715 mulier
2328 4658 2374 4714 si
2399 4675 2461 4714 se
2486 4658 2662 4730 303
2692 4655 3130 4728 conjunxerint,
3151 4658 3207 4711 et
3234 4657 3444 4727 postea
3462 4653 3678 4709 dixerit

2000 4746 2215 4803 mulier
2245 4747 2321 4803 de
2352 4746 2505 4818 viro,
2536 4745 2706 4819 quod
2732 4761 2856 4801 non
2885 4744 3077 4818 possit
3104 4743 3261 4799 coire
3305 4758 3444 4798 cum
3488 4758 3581 4813 eo,
3629 4741 3680 4798 si

1999 4840 2197 4909 potest
2223 4836 2489 4909 probare
2514 4850 2623 4908 per
2646 4834 2881 4906 justum
2918 4831 3213 4904 judicium
3261 4831 3424 4905 quod
3464 4847 3677 4888 verum

2001 4925 2095 4993 sit,
2123 4924 2379 4998 accipiat
2408 4923 2625 4981 alium.
2840 5000 2843 5003 ν
3051 4998 3056 5002 .

2000 5016 2088 5071 De
2115 5015 2317 5071 eadem
2345 5030 2431 5071 re.
2465 5015 2567 5069 Ex
2599 5012 2855 5069 concilio
2909 5010 2991 5066 ad
3046 5010 3406 5067 Vermeriam
3458 5016 3680 5081 tempo-

2356 5085 2522 5141 ribus
2552 5083 2803 5153 Pippini
2833 5083 3011 5152 regis,
3046 5083 3179 5150 cap.
3230 5082 3321 5136 l7.

2074 5175 2340 5232 CCXLIII.
2374 5173 2631 5245 (Concil.
2670 5172 2936 5227 Vermer.
2958 5213 2976 5241 ,
3008 5186 3058 5226 c.
3090 5170 3149 5224 l7
3182 5189 3194 5237 ;
3225 5170 3545 5227 BURCHARD.
3576 5171 3681 5227 lib.

2007 5281 2087 5333 rx,
2119 5280 2170 5318 c.
2205 5266 2321 5334 41.)
2353 5263 2409 5319 Si
2436 5276 2558 5333 qua
2591 5258 2805 5315 mulier
2844 5275 2907 5314 se
2934 5259 3391 5332 proclamaverit
3414 5261 3581 5332 quod
3600 5258 3688 5314 vir

2007 5370 2153 5409 suus
2179 5366 2496 5424 nunquam
2525 5365 2665 5405 cum
2726 5365 2798 5405 ea
2849 5350 3086 5420 coisset,
3143 5354 3366 5407 exeant
3424 5350 3562 5405 inde
3609 5348 3688 5404 ad

2008 5458 2248 5500 crucem
2281 5460 2294 5510 ;
2329 5445 2406 5509 et,
2439 5440 2485 5496 si
2516 5456 2724 5497 verum
2780 5439 2972 5507 fuerit,
3024 5444 3397 5513 separentur,
3458 5443 3517 5494 et
3581 5436 3685 5493 illa

2008 5533 2190 5591 faciat
2212 5531 2379 5604 quod
2409 5531 2556 5587 vult.

3329 5623 3423 5673 II.
