4044 6196
365 150 459 202 331

988 264 1073 317 De
1102 259 1301 317 eadem
1329 273 1410 315 re.

440 357 703 416 CCXLIV.
738 350 987 420 (ϐοηθεῖ.
1015 349 1354 419 Compend.,
1378 364 1428 403 c.
1454 347 1546 412 l7;
1582 338 2021 400 BIYRCHAltDJib.

365 465 447 517 ix,
472 464 522 502 c.
556 445 666 515 42.)
700 443 757 500 Si
783 440 919 513 quis
947 438 1174 511 accepit
1203 450 1474 502 uxorem,
1507 438 1565 490 et
1592 431 1803 488 habuit
1825 429 2023 502 ipsam

367 535 572 609 aliquo
626 538 910 604 tempore,
943 533 1001 585 et
1046 529 1181 601 ipsa
1232 525 1455 581 femina
1508 523 1664 579 dicat
1708 519 1875 594 quod
1905 532 2026 573 non

366 625 580 681 coisset
595 636 735 678 cum
756 623 918 689 ea,et
947 617 1041 673 ille
1066 618 1156 673 vir
1171 615 1313 672 dicit
1342 614 1505 688 quod
1540 613 1620 668 sic
1653 610 1807 677 fecit,
1839 609 1898 663 in
1928 622 2026 661 ve-

364 713 533 770 ritate
558 710 669 766 viri
696 708 1000 774 consistat,
1033 706 1178 779 quia
1205 704 1293 760 vir
1317 707 1499 776 caput
1519 706 1607 757 est
1636 697 1918 755 mulieris.

578 803 662 857 De
692 799 893 856 eadem
921 812 1004 854 re.
1040 796 1136 852 Ea:
1162 796 1411 851 concilio
1446 789 1829 848 Tribmn’ensi.

436 892 675 949 CCXLV.
726 889 982 960 (Concit.
1022 886 1283 955 Tribun,
1317 902 1345 939 (ξ
1410 887 1465 938 Η
1502 900 1512 947 ;
1573 882 1890 941 limatum),
1923 876 2024 931 lib.

364 995 445 1048 1x,
477 992 529 1034 c.
557 979 672 1039 43.)
717 975 775 1033 Si
826 972 1061 1031 duxerit
1088 973 1178 1028 vir
1219 987 1489 1034 uxorem,
1527 974 1583 1025 et
1633 965 2031 1023 concumbere

367 1084 507 1124 cum
538 1082 609 1123 ea
638 1081 763 1121 non
791 1063 1023 1134 valens,
1056 1062 1234 1117 frater
1260 1061 1389 1139 ejus
1407 1057 1680 1115 clanculo
1702 1070 1837 1112 eam
1867 1054 2031 1109 vitia-

366 1155 533 1222 verit,
566 1158 623 1209 et
672 1150 987 1222 gravidam
1040 1148 1383 1214 reddiderit,
1418 1149 1785 1219 separentur.
1828 1139 2029 1197 Consi-

368 1244 575 1300 derata
622 1246 826 1297 autem
868 1239 1293 1307 imbecillitate,
1344 1234 1748 1291 misericordia
1798 1232 1880 1288 eis
1921 1231 2031 1285 im-

367 1333 658 1407 pertiatur
687 1331 765 1388 ad
797 1329 1171 1400 conjugium,
1205 1331 1436 1383 tantum
1464 1326 1523 1380 in
1560 1323 1828 1379 Domino.

368 1443 457 1497 De
482 1440 889 1510 fornicatione
918 1439 1293 1510 diversarum
1310 1447 1738 1510 personarum.
1778 1430 2032 1510 Exnl’cp-

441 1500 750 1567 ni'tentiati
796 1512 1085 1577 Romano,
1125 1500 1418 1563 Theodori
1462 1504 1741 1573 episcopi,
1773 1508 1827 1557 et
1857 1500 2034 1555 Beda?

440 1581 793 1653 presbyteri.

445 1672 720 1727 CCXLVI.
756 1665 1116 1723 Adolescens
1149 1664 1196 1719 si
1228 1680 1365 1727 cum
1408 1662 1633 1731 virgine
1684 1660 2033 1733 peccaverit,

376 1774 605 1817 annum
635 1757 941 1829 poeniteat.

449 1848 506 1909 Si
535 1846 721 1903 semel
744 1850 800 1902 et
818 1843 1060 1900 fortuito
1083 1843 1550 1914 casu,levigetur
1582 1841 1634 1897 ei
1665 1839 2038 1913 pmnitentia,

375 1936 557 2009 304
579 1940 635 1992 et
655 1940 886 1991 tantum
902 1948 1094 2004 usque
1117 1932 1192 1989 ad
1216 1947 1443 1988 annum
1468 1930 1713 2003 plenum
1734 1928 2037 2000 pix-niteat.

451 2026 508 2082 Si
536 2025 691 2082 infra
720 2022 956 2093 triginta
980 2038 1174 2078 annos
1197 2021 1549 2078 adolescens
1584 2018 2039 2075 fornicationem

375 2114 576 2183 faciat,
609 2118 728 2173 tres
759 2110 1259 2185 quadragesimas
1289 2116 1345 2165 et
1372 2109 1670 2179 legitimas
1704 2106 1902 2165 ferias.

451 2203 507 2261 Si
538 2206 780 2275 propter
809 2201 926 2256 hoc
953 2204 1268 2272 peccatum
1295 2199 1533 2256 servitio
1565 2198 1835 2257 humano
1867 2195 2039 2252 abdi-

377 2292 451 2351 cti
484 2295 643 2360 sunt,
678 2289 1082 2363 quadraginta
1108 2288 1235 2344 dies
1265 2288 1609 2360 poenitcant.

454 2383 512 2438 Si
544 2385 830 2439 uxoratus
857 2394 999 2434 cum
1028 2377 1257 2447 virgine
1288 2376 1613 2435 fornicatus
1660 2375 1853 2441 fuerit,
1887 2374 2041 2431 duos

380 2486 575 2535 annos
599 2469 903 2542 paeniteat,
933 2467 1016 2526 ita
1046 2467 1311 2540 primum
1357 2465 1652 2534 omnium,
1686 2469 1748 2522 ut
1776 2480 1814 2520 a
1841 2480 1952 2520 sua
1979 2480 2041 2518 se

384 2559 701 2617 contineat.
738 2557 797 2615 Si
841 2556 893 2614 ei
938 2555 1323 2621 consenserit,
1358 2554 1529 2613 uxori
1557 2554 1737 2611 etiam
1786 2552 2043 2609 addatur

380 2648 601 2706 modus
626 2645 1006 2719 pmnitentite.

455 2736 514 2794 Si
537 2735 726 2793 laicus
758 2750 900 2791 cum
925 2732 1079 2791 laica
1111 2732 1437 2790 fornicatus
1470 2731 1661 2797 fuerit,
1697 2735 1812 2785 tres
1846 2744 2041 2786 annos

382 2825 703 2901 paeniteat;
755 2828 813 2881 et
839 2825 1069 2893 quanto
1112 2820 1352 2892 saepius,
1388 2823 1551 2875 tanto
1581 2819 1776 2889 magis
1806 2824 2042 2891 tempus

384 2914 665 2975 addatur.

454 3002 662 3065 Laicus
691 2998 1008 3061 maculans
1032 3014 1097 3057 se
1125 3014 1267 3054 cum
1293 2997 1508 3054 ancilla
1532 2997 1649 3065 Dei,
1674 2996 1829 3053 duos
1846 3012 2039 3052 annos

384 3090 690 3164 poeniteat.
728 3089 784 3146 Si
814 3087 1085 3161 genuerit
1112 3103 1183 3143 ex
1215 3103 1286 3144 ea
1314 3086 1523 3151 ﬁliuni,
1559 3102 1750 3143 annos
1781 3093 1893 3142 tres
1922 3102 2045 3158 pca-

380 3179 585 3235 niteat.
622 3178 679 3234 Si
709 3177 833 3232 sine
865 3176 996 3245 conj
1010 3176 1147 3246 ugio
1176 3182 1282 3243 est,
1317 3180 1433 3233 tres
1463 3175 1963 3247 quadragesimas
1988 3180 2047 3229 ct

380 3266 676 3337 legitimas
704 3264 904 3321 ferias.
938 3264 997 3321 Si
1042 3264 1313 3320 canonici
1368 3268 1506 3319 sunt
1545 3269 1600 3321 et
1652 3265 2040 3334 fornicamur,

382 3371 614 3413 annum
647 3370 869 3421 unum;
904 3354 948 3409 si
982 3353 1342 3427 frequenter,
1375 3352 1551 3409 duos.

388 3440 393 3445 ’
453 3442 563 3511 Qui
608 3443 667 3498 in
701 3440 893 3516 gradu
931 3445 1038 3514 est,
1079 3457 1271 3498 annos
1320 3444 1434 3498 tres
1485 3442 1786 3515 paeniteat.
1842 3447 2040 3501 Mona-

382 3535 531 3591 chus
559 3532 684 3589 sine
716 3532 908 3603 gradu
937 3530 1032 3588 vel
1061 3530 1387 3588 canonicus
1427 3528 1686 3605 gradum
1710 3532 1961 3600 habens,
1996 3532 2045 3589 si

382 3640 521 3680 cum
550 3620 754 3697 puella
797 3618 950 3677 laica
998 3618 1271 3677 fornicati
1302 3622 1461 3692 sunt,
1490 3636 1683 3677 annos
1714 3625 1828 3677 tres
1858 3620 2046 3695 paeni-

381 3716 564 3770 teant.
600 3713 657 3769 Si
687 3728 826 3770 cum
878 3707 1336 3776 sanctimoniali,
1370 3725 1563 3767 annos
1593 3715 1821 3783 septem
1852 3710 2047 3784 poeni-

381 3806 561 3860 teant.
595 3801 863 3860 Monachi
892 3817 1031 3857 cum
1076 3798 1272 3872 gradu
1321 3798 1773 3858 fornicationem
1822 3800 2047 3859 facien-

381 3897 491 3962 tes,
524 3895 755 3962 septem
781 3906 972 3945 annos
1003 3887 1345 3962 poenitcant.
1384 3887 1441 3945 Si
1469 3889 2048 3947 monachuslaicam

383 3979 639 4048 duxerit,
670 3982 787 4033 tres
818 3993 1010 4032 annos
1058 3977 1405 4050 poeniteant,
1438 3975 1539 4032 illa
1584 3976 1739 4033 duos
1772 3982 1828 4033 et
1857 3977 2047 4049 legiti-

278 4078 289 4087 ·
385 4080 517 4122 mas
543 4064 742 4120 ferias.
772 4063 828 4120 Si
847 4078 1037 4136 usque
1065 4061 1139 4119 ad
1167 4064 1611 4133 generationem
1642 4062 1767 4137 filii,
1789 4068 2050 4138 quatuor

388 4171 583 4212 annos
636 4150 937 4225 paeniteat.
971 4152 1025 4207 Si
1082 4152 1381 4220 occiderit,
1416 4157 1645 4225 septem
1694 4168 1887 4211 annos
1924 4171 2049 4228 pm-

388 4243 594 4300 niteat.

462 4331 521 4387 Si
547 4329 869 4404 episcopus
898 4328 1225 4384 fornicatus
1258 4327 1448 4397 fuerit,
1477 4334 1615 4387 octo
1628 4345 1823 4388 annos
1853 4331 2045 4406 pomi-

387 4424 525 4478 teat.
559 4418 667 4477 Alii
689 4418 1111 4491 judicaverunt
1157 4417 1477 4474 duodecim
1528 4435 1828 4477 annorum
1854 4422 2050 4495 pecni-

387 4510 653 4570 tentiam.
694 4512 829 4567 Post
855 4520 1087 4564 annum
1116 4508 1356 4564 tertium
1385 4507 1571 4565 levius
1601 4511 1904 4582 paeniteat.

464 4616 640 4689 305
694 4612 1010 4687 Presbyter
1053 4628 1191 4669 cum
1235 4608 1434 4686 puella
1486 4612 1807 4685 fornicans,
1860 4634 2053 4676 annos

389 4711 652 4782 quatuor
676 4709 731 4762 et
770 4709 886 4761 tres
937 4700 1437 4776 quadragesimae
1482 4702 1541 4759 in
1572 4719 1753 4777 anno,
1789 4710 1845 4763 et
1876 4706 2052 4766 ferias

391 4800 670 4870 quartam
694 4798 749 4851 et
771 4799 1003 4849 sextam
1038 4793 1095 4848 in
1126 4809 1281 4866 pane
1304 4797 1358 4849 et
1390 4793 1641 4867 aqua.Si
1672 4810 1810 4850 cum
1839 4793 2054 4851 ancilla

395 4886 495 4940 Dei
526 4883 850 4940 fornicatus
880 4880 1075 4952 fuerit,
1107 4884 1336 4954 septem
1366 4897 1559 4938 annos
1590 4882 1893 4956 pmniteat.

466 4975 805 5045 (ΒιτῐηιιιΑηυ.
860 4971 961 5027 lib.
996 4988 1135 5040 xvu,
1168 4987 1218 5027 c.
1253 4976 1365 5037 39.)
1418 4969 1766 5045 Episcopus,
1809 4973 2057 5045 presby-

398 5063 505 5129 ter,
536 5064 592 5115 et
638 5058 952 5127 diaconus,
1002 5060 1048 5113 si
1097 5059 1156 5114 in
1217 5058 1624 5129 fornicatione,
1657 5062 1922 5133 perjurio
1968 5062 2054 5117 vel

398 5150 555 5206 furto
587 5153 799 5220 captus
843 5152 949 5215 est,
983 5147 1354 5220 deponatur;
1404 5165 1525 5205 non
1559 5155 1761 5208 tamen
1791 5145 2063 5208 commué

399 5236 581 5296 nione
606 5236 890 5311 privetur,
921 5237 1065 5310 quia
1092 5240 1214 5295 non
1245 5237 1510 5296 vindicat
1559 5238 1845 5297 Dominus
1873 5236 1965 5298 bis
1996 5242 2059 5301 in

399 5326 668 5401 idipsum
693 5326 863 5398 (3H).

970 5414 1120 5470 Item
1150 5415 1222 5471 de
1250 5417 1504 5474 incestis.

478 5504 765 5562 CCXLVII.
802 5503 856 5559 Si
888 5502 1237 5560 adolescens
1282 5521 1547 5563 sororem
1598 5525 1770 5567 suam
1802 5510 2056 5577 duxerit,

475 5643 631 5725 (3H)
672 5650 753 5705 lix
785 5664 1013 5704 canone
1048 5652 1113 5705 25
1143 5648 1575 5719 apostolorum.

1492 128 1864 187 REGINONIS
1904 124 2313 181 PRUMIENSIS
2353 124 2659 178 ABBATIS.

2050 250 2095 302 Λ
2138 247 2405 320 quinque
2436 262 2629 303 annos
2677 238 2978 319 paeniteat.
3017 247 3074 303 Si
3111 252 3388 317 matrem,
3422 248 3652 322 septem
3684 263 3793 304 an-

3685 129 3793 181 332

2134 352 2267 391 nos.
2303 340 2368 392 Et
2396 337 2667 409 quandiu
2720 336 2947 401 vixerit,
2982 353 3298 409 nunquam
3329 336 3401 392 sit
3449 338 3576 393 sine
3608 337 3793 393 conti-

2135 426 2337 495 nentia
2367 424 2506 496 [feg.
2539 425 2934 498 paenitentia].

2805 532 2951 587 Item
2992 531 3121 588 alii.

2210 619 2317 685 Qui
2350 636 2486 675 cum
2520 624 2707 679 matre
2736 618 3061 675 fornicatus
3095 619 3286 691 fuerit,
3317 614 3664 693 quindecim
3688 637 3799 677 an-

2139 720 2249 763 nos
2278 708 2579 780 pleniteat.

2208 799 2315 863 Qui
2365 814 2503 853 cum
2554 796 2675 854 filia
2719 794 2813 853 vel
2855 804 3055 853 sorore
3104 796 3428 854 fornicatus
3476 797 3670 867 fuerit,
3718 796 3801 855 ab

2138 888 2301 943 omni
2332 903 2509 943 carne
2542 903 2605 942 se
2634 886 2950 955 abstineat,
2985 892 3041 942 et
3066 883 3413 960 quindecim
3444 903 3637 944 annos
3666 905 3801 963 pce—

2138 977 2340 1032 niteat.

2212 1067 2267 1122 Si
2300 1070 2488 1121 mater
2522 1080 2661 1121 cum
2691 1059 2812 1120 filio
2859 1080 2970 1120 suo
2999 1065 3251 1138 parvulo
3282 1064 3572 1122 fornicata
3604 1066 3804 1137 fuerit,

2140 1160 2254 1211 tres
2286 1170 2478 1211 annos
2509 1154 2805 1211 abstineat
2835 1171 2896 1210 se
2926 1171 2960 1210 a
2991 1171 3191 1226 carne,
3220 1160 3278 1211 et
3305 1153 3466 1211 diem
3516 1172 3712 1212 unum
3741 1156 3806 1213 in

2142 1260 2507 1318 unaquaque
2523 1243 2992 1317 hebdomadajej
3007 1249 3146 1301 unet
3164 1262 3352 1318 usque
3366 1244 3444 1301 ad
3456 1262 3775 1318 vesperam
3786 1289 3799 1301 .

2886 1354 3057 1409 Item.

2214 1443 2324 1510 Qui
2356 1443 2535 1501 habet
2563 1447 2818 1500 matrem
2850 1446 2906 1498 et
2935 1439 3143 1509 ﬁliam,
3178 1442 3332 1499 duas
3363 1459 3622 1512 sorores,
3652 1460 3807 1500 uxo-

2143 1550 2269 1590 rem
2296 1533 2479 1606 patris
2517 1539 2575 1589 et
2603 1532 2818 1603 fratris,
2851 1532 3138 1606 patruelis
3182 1537 3287 1588 aut
3315 1532 3619 1599 avunculi,
3652 1549 3807 1606 nep-

2146 1629 2260 1679 tem
2289 1627 2391 1679 aut
2420 1621 2867 1692 consobrinam,
2897 1626 2999 1679 aut
3029 1621 3132 1695 qui
3162 1622 3222 1679 in
3264 1621 3480 1695 prima,
3511 1622 3805 1691 secunda,

2145 1713 2237 1768 vel
2264 1712 2431 1768 tertia
2459 1711 2837 1781 generatione
2859 1711 3051 1783 juncti
3080 1715 3239 1782 sunt,
3267 1711 3393 1766 istis
3412 1711 3694 1766 volumus
3721 1712 3808 1767 in-

2144 1803 2343 1859 dicare
2372 1806 2437 1858 ut
2464 1806 2832 1874 separentur.
2868 1800 2934 1857 Et
2975 1805 3219 1875 propter
3274 1801 3452 1872 303
3501 1801 3809 1857 novellam

2145 1891 2575 1966 plantationem
2628 1889 2923 1955 Ecclesiae,
2968 1895 3034 1946 ut
3085 1894 3317 1963 septem
3369 1906 3561 1947 annos
3621 1895 3813 1961 agant

2147 1980 2578 2055 paenitentiam,
2612 1983 2727 2034 tres
2772 1978 2995 2051 primos
3025 1993 3219 2036 annos
3266 1983 3387 2036 tres
3415 1978 3543 2035 dies
3568 1979 3635 2035 in
3661 1978 3812 2036 heb-

2148 2070 2436 2139 domade,
2462 2069 2523 2126 id
2548 2073 2659 2135 est,
2690 2067 2837 2125 feria
2866 2068 3153 2138 secunda,
3174 2072 3234 2124 et
3260 2072 3497 2141 quarta,
3528 2072 3587 2125 et
3612 2073 3814 2133 sexta.

2147 2157 2551 2233 quadraginta
2580 2157 2707 2213 dies
2736 2160 2872 2213 ante
2901 2156 3147 2224 Pascha,
3164 2155 3374 2227 viginti
3394 2160 3531 2214 ante
3557 2156 3814 2214 missam

2150 2249 2339 2303 sancti
2383 2247 2652 2316 Joannis,
2686 2245 2893 2315 viginti
2923 2249 3059 2301 ante
3107 2245 3308 2302 Natale
3359 2246 3614 2303 Domini.
3649 2249 3813 2313 Qua—

2151 2342 2282 2393 tuor
2311 2352 2452 2392 vero
2491 2335 2772 2409 reliquos,
2806 2334 2950 2391 feria
2986 2338 3202 2407 quarta
3252 2339 3310 2392 et
3358 2339 3549 2404 sexta,
3575 2340 3635 2393 et
3660 2352 3814 2409 qun-

2152 2425 2480 2482 Iuordecim
2511 2429 2715 2480 noctes
2759 2427 2894 2479 ante
2944 2423 3194 2481 missam
3240 2422 3431 2480 sancti
3474 2425 3727 2481 Joannis
3757 2432 3815 2481 et

2150 2514 2297 2570 alias
2330 2518 2467 2569 ante
2497 2512 2695 2569 Natale
2729 2509 2982 2567 Domini.
3019 2510 3075 2568 Si
3108 2527 3169 2567 se
3198 2510 3493 2570 redimere
3518 2512 3667 2580 vult,
3697 2513 3812 2570 do-

2149 2608 2248 2660 net
2277 2612 2467 2659 unum
2492 2601 2806 2658 denarium
2836 2599 3212 2674 autpretium
3241 2600 3420 2657 unius
3450 2598 3677 2659 denarii
3697 2619 3811 2676 pro

2152 2708 2271 2747 uno
2296 2689 2413 2747 die.
2450 2689 2508 2747 Si
2537 2705 2769 2765 pauper
2797 2692 2905 2756 est,
2921 2687 3105 2745 donet
3127 2684 3443 2745 dimidium
3467 2687 3810 2747 denarium.

2529 2799 2615 2853 De
2642 2794 3049 2853 sordidatione
3067 2811 3425 2866 puerorum.

2222 2889 2532 2945 CCXLVIII.
2577 2885 2743 2943 Pueri
2791 2900 2853 2941 se
2913 2884 3195 2941 manibus
3232 2884 3488 2943 invicem
3536 2885 3815 2959 coinqui-

2088 2952 2110 3004 Ῑ
2150 2981 2389 3043 nantes,
2408 2974 2811 3050 quadraginta
2832 2972 2959 3029 dies
2977 2974 3336 3047 pceniteant;
3357 2975 3628 3046 majores
3643 2952 3815 3043 vero,

2150 3071 2389 3123 centum
2433 3066 2580 3121 dies.
2616 3064 2785 3122 Pueri
2823 3080 2885 3121 se
2937 3064 3090 3123 inter
3132 3064 3364 3121 femora
3409 3063 3815 3133 sordidatos.

2150 3162 2386 3213 centum
2419 3155 2547 3211 dies
2593 3154 2939 3227 pmniteant,
2973 3153 3234 3225 majores
3264 3156 3380 3209 tres
3414 3152 3815 3227 quadragesi-

2152 3262 2281 3301 mas
2312 3248 2367 3300 et
2390 3242 2685 3313 legitimas
2716 3240 2907 3297 ferias.
2942 3239 3230 3297 Parvulus
3252 3257 3288 3296 a
3307 3242 3536 3312 majore
3561 3257 3815 3317 oppres-

2151 3352 2252 3390 sus
2302 3336 2530 3406 septem
2573 3330 2701 3387 dies
2738 3326 3043 3404 paeniteat.
3087 3328 3143 3386 Si
3184 3328 3569 3397 consenserit,
3603 3326 3815 3402 viginti

2150 3422 2299 3479 dies.
2332 3424 2481 3479 Puer
2507 3418 2839 3477 voluntarie
2887 3434 2949 3475 se
2994 3418 3292 3492 pollnens,
3327 3418 3613 3490 tringinta
3660 3417 3814 3488 dies,

2146 3511 2383 3582 juvenis
2409 3525 2552 3565 vero
2579 3504 2981 3581 quadraginta
3005 3504 3132 3562 dies
3157 3505 3462 3579 poeniteat.

2561 3618 2643 3671 De
2668 3614 2987 3671 menstruis
3016 3612 3404 3669 abstinendis.

2224 3711 2492 3773 CCXLIX.
2535 3712 2645 3780 Qui
2675 3729 2815 3770 cum
2841 3708 3085 3768 muliere
3116 3714 3490 3769 menstruata
3514 3711 3819 3785 nupserit,

2152 3802 2555 3879 quadraginta
2582 3800 2709 3859 dies
2737 3798 3043 3874 poeniteat.

2832 3909 2902 3964 Ut
2935 3922 3142 3964 supra.
3426 3948 3433 3955 -

2833 3914 2881 3961 U
3129 3950 3142 3964 .
3426 3948 3433 3955 ο

2228 4003 2284 4065 Si
2314 4002 2449 4076 quis
2488 4017 2631 4062 cum
2676 4014 2863 4057 uxore
2879 3914 3200 4058 iis.ng
3229 3997 3516 4072 nupserit,
3547 3999 3819 4071 quadra-

2156 4093 2323 4164 ginta
2348 4091 2477 4149 dies
2506 4089 2810 4164 paeniteat.
2845 4087 2904 4146 Si
2930 4087 2993 4147 in
3024 4092 3194 4158 terga
3239 4086 3529 4161 nupserit,
3556 4090 3676 4145 tres
3705 4104 3820 4145 nn-

2156 4198 2291 4249 nos,
2322 4179 2471 4253 quia
2491 4177 2914 4237 sodomiticum
2943 4175 3135 4233 scelus
3162 4180 3269 4234 est.
3302 4175 3417 4233 Viri
3444 4175 3599 4233 inter
3626 4175 3824 4233 femo-

2076 4297 2119 4353 D
2156 4287 2227 4333 ra
2245 4268 2607 4327 fornicantes
2631 4281 2860 4327 annum
2888 4281 3082 4323 unum
3100 4264 3448 4338 peaniteant.
3466 4264 3523 4322 Si
3537 4264 3605 4322 in
3627 4267 3825 4335 terga,

2158 4366 2285 4421 tres.
2304 4374 2517 4421 annos.
2552 4357 2610 4416 Si
2639 4355 2813 4431 pueri
2854 4360 3014 4426 sunt,
3043 4355 3202 4414 «lnios
3229 4370 3426 4413 annos
3465 4353 3823 4429 poenith

2437 4465 2608 4537 θοι]
2653 4465 2742 4520 De
2768 4463 3089 4520 mediarum
3116 4462 3541 4531 fornicatione.

2232 4566 2378 4623 CCL.
2407 4565 2748 4631 (Buneman.
2780 4557 2882 4616 lib.
2902 4575 3050 4631 xm,
3074 4574 3124 4615 c.
3158 4562 3274 4629 27.)
3300 4558 3521 4627 Mulier,
3544 4571 3823 4631 quoum-

2158 4668 2278 4728 que
2308 4650 2617 4709 molimine
2642 4653 2748 4705 aut
2790 4649 2850 4707 in
2896 4649 3094 4722 seipse
3124 4653 3227 4705 aut
3255 4662 3393 4706 cum
3420 4648 3605 4705 altera
3634 4646 3825 4704 torni.

2161 4756 2328 4814 cans,
2358 4746 2477 4797 tres
2506 4752 2700 4797 annos
2729 4737 3031 4811 pceniteat.

2799 4843 2961 4900 Unde
2988 4834 3194 4915 supra.

2234 4949 2573 5017 (Brncumn.
2626 4940 2729 4999 lib.
2778 4957 2916 5010 xvn,
2967 4958 3019 4999 c.
3074 4946 3187 5009 28.)
3240 4941 3297 4999 Si
3346 4938 3830 4998 sanctimonialis

2166 5050 2303 5089 cum
2347 5033 2464 5089 alia
2489 5030 2925 5087 sanctimoniali
2956 5046 3063 5106 per
3091 5026 3338 5105 aliquod
3365 5028 3833 5085 machinamen-

2166 5129 2294 5181 tum
2321 5123 2672 5193 fornicatur,
2704 5125 2931 5195 septem
2958 5136 3152 5179 annos
3176 5119 3478 5194 poeniteat.

2603 5232 2691 5288 De
2718 5228 3061 5287 illecebroso
3087 5229 3392 5300 amplexu.

2238 5333 2413 5390 CCLI.
2444 5330 2786 5402 (Buncmnn.
2817 5327 2923 5385 lib.
2952 5343 3097 5395 xvn,
3128 5343 3180 5382 c.
3214 5325 3330 5399 42.)
3361 5325 3472 5392 Qui
3502 5322 3840 5397 perinane.

2168 5416 2382 5478 brosos
2402 5416 2717 5491 amplexus
2738 5415 2976 5473 femine:
2996 5414 3091 5471 vel
3110 5412 3505 5489 perosculum
3519 5410 3837 5486 polluitur,

2170 5511 2405 5581 triginta
2453 5508 2579 5565 dies
2624 5506 2925 5580 poeniteat.
2984 5504 3094 5571 Qui
3138 5502 3387 5575 tetigerit
3427 5499 3839 5578 inverecunde
