4046 6190
172 141 262 196 333
1117 130 1207 185 DE
1246 129 1524 187 ECCLES.
1568 130 1870 187 DISCIPL.
1915 134 2092 193 LIBRI
2134 141 2293 198 DUO.
2336 174 2403 183 -—
2443 146 2571 199 LIB.
2614 145 2677 199 ll.

3505 151 3609 204 334

168 273 401 319 carnem
423 253 718 327 ejusdem
743 251 1137 341 femina,tres
1154 266 1391 309 menses
1411 252 1851 324 pmniteatﬂui
1881 257 1930 310 Α
1962 258 2143 318 inusti
2172 264 2433 322 criminis
2473 266 2622 322 alios
2659 266 3019 340 polluerunt,
3072 268 3353 341 praecepit
3403 272 3611 326 sancta

167 367 261 426 per
285 342 745 419 turpiloquium
772 340 1083 414 polluitur,
1116 346 1341 415 septem
1370 340 1498 397 dies
1528 342 1849 414 poeniteat.

228 436 555 508 Presbyter
608 432 661 488 si
709 430 1020 487 osculatus
1066 430 1241 487 fuerit
1277 430 1566 488 feminam
1596 447 1706 505 per
1730 432 1850 488 im-

169 526 457 587 mundum
488 520 897 591 desiderium,
930 520 1138 592 viginti
1164 520 1293 577 dies
1320 521 1627 593 poeniteat.
1664 520 1725 577 Si
1757 522 1851 577 in-

166 618 438 691 quinatus
462 613 666 679 fuerit,
697 609 1114 685 quadraginta
1138 609 1265 666 dies
1293 611 1597 683 poeniteat.
1639 610 1760 676 Qui
1789 611 1851 667 in

164 705 401 764 ecclesia
430 720 546 778 per
575 716 872 759 somnum
904 699 1214 774 polluitur,
1232 705 1349 756 tres
1375 698 1505 756 dies
1534 698 1849 773 poeniteat.

168 795 262 862 Qui
306 795 371 851 in
425 793 668 850 somnis
720 791 1031 848 voluntate
1076 788 1342 863 pollutus
1383 795 1495 861 est,
1526 792 1761 859 surgat,
1796 795 1853 847 et

165 888 347 941 cantet
376 887 621 955 septem
645 881 919 954 psalmos
946 878 1411 950 pcenitentiales,
1462 883 1520 935 et
1571 878 1699 934 dies
1747 878 1851 935 tri-

168 973 333 1043 ginta.
361 970 476 1035 Qui
505 985 764 1042 peccare
792 965 1049 1024 voluerit
1078 965 1143 1021 in
1177 965 1425 1035 somnis,
1478 970 1537 1022 et
1564 980 1687 1022 non
1719 966 1847 1023 fue-

168 1061 225 1117 rit
246 1058 540 1133 pollutus,
574 1057 820 1129 triginta
843 1057 1118 1127 quatuor
1142 1053 1413 1127 psalmos
1444 1058 1663 1111 cantet.

661 1185 751 1239 De
776 1178 1099 1252 fundendo
1118 1193 1342 1236 semen.

226 1294 429 1352 CCLII.
470 1293 821 1354 (BURCBABD.
847 1286 951 1343 lib.
980 1302 1134 1353 xvn,
1200 1302 1251 1343 c.
1304 1288 1413 1358 43).
1474 1284 1740 1343 Clericus
1799 1287 1850 1344 si

165 1397 367 1441 semen
396 1380 621 1438 fuderit
651 1393 776 1435 non
820 1376 1164 1445 tangendo,
1225 1382 1456 1450 septem
1502 1375 1637 1433 dies
1665 1378 1854 1450 pugni-

166 1478 296 1531 teat.
334 1471 393 1529 Si
422 1470 614 1541 tangit
644 1483 782 1525 cum
806 1462 1248 1534 manu,viginti
1270 1465 1418 1522 dies.
1447 1465 1501 1522 Si
1532 1464 1850 1536 diaconus,

168 1562 401 1631 triginta
424 1559 576 1613 dies.
616 1556 673 1614 Si
702 1554 1028 1630 presbyter,
1084 1552 1519 1611 hebdomadas
1567 1559 1850 1625 quatuor.

1962 351 2228 421 synodus
2259 354 2410 411 inter
2437 371 2540 411 eos
2576 370 2746 412 orare
2798 357 2905 430 qui
2949 355 3159 428 spiritu
3205 357 3612 431 periclitantur

1960 436 2294 498 immundo.

2030 566 2117 621 De
2146 566 2346 625 eadem
2378 586 2459 626 re.
2493 570 2591 626 Ex
2625 569 2723 626 lib.
2759 586 2778 627 1
2813 570 3280 642 Capitutarium,
3307 587 3437 642 cap.
3479 569 3541 627 19

2030 674 2271 731 CCLVII.
2303 676 2449 747 (Lib.
2486 694 2501 729 ι
2543 678 2901 747 Capitular.,
2931 693 2980 733 c.
3010 681 3079 734 49
3107 696 3119 747 ;
3153 681 3473 749 Βυκωλιιυ,
3504 676 3611 733 lib.

1958 778 2106 832 xvn,
2139 779 2189 818 c.
2215 765 2325 835 33).
2362 765 2418 821 Si
2447 766 2671 822 inventi
2697 766 2915 822 fuerint
2937 766 3043 839 qui
3080 783 3219 824 cum
3263 767 3612 840 quadrupe-

1958 850 2136 907 dibus
2166 852 2257 908 vel
2282 854 2567 911 masculis
2606 859 2812 912 contra
2838 860 3119 913 naturam
3157 860 3428 928 peccant,
3458 855 3616 912 dura

1958 945 2016 997 et
2044 941 2309 998 districta
2334 943 2684 1015 poenitentia
2712 944 3023 1002 coercendi
3050 950 3208 1001 sunt.
3243 947 3618 1019 Quapropter

1958 1030 2229 1104 episcopi
2258 1032 2352 1089 vel
2381 1032 2753 1105 presbyterii,
2785 1050 2823 1091 a
2850 1034 3072 1107 quibus
3092 1035 3390 1105 judicium
3428 1032 3619 1106 poeni-

1959 1119 2156 1175 tentiae
2188 1120 2539 1191 injungitur,
2584 1126 2873 1179 conentur
2918 1123 3285 1179 omnimodis
3327 1124 3442 1180 hoc
3484 1138 3618 1179 ma-
3732 1108 3737 1117 ’

1957 1206 2085 1263 lum
2115 1208 2401 1265 radicitus
2431 1210 2759 1268 abscidere.

2281 1333 2367 1388 De
2396 1333 2597 1389 eadem
2630 1349 2714 1390 re.
2737 1333 2837 1390 Εεῑ·
2860 1334 3034 1390 dictis
3059 1334 3296 1390 Basilii.

2031 1440 2299 1496 CCLVIII.
2334 1442 2675 1508 (Burmann.
2705 1442 2808 1497 lib.
2842 1458 2993 1508 xvn,
3022 1457 3073 1496 c.
3104 1446 3217 1508 35).
3243 1439 3501 1498 Clericus
3530 1439 3625 1496 vel

1961 1529 2300 1583 monachus
2332 1528 2800 1586 adolescentium
2830 1529 2920 1585 vel
2945 1528 3337 1603 parvulorum
3367 1528 3625 1586 insecta-

170 1608 1027 1723 ggsg;m;';‘i'sg;nggmeﬁi
1057 1608 1856 1715 percoéitg‘ﬁoneg3“
1886 1608 1929 1663 Β
1964 1621 2088 1723 tor,‘
2104 1616 2200 1673 vel
2226 1616 2564 1723 qui’osculo
2595 1616 3289 1723 velvaliqua‘occasione.
3329 1618 3487 1691 turpi
3532 1634 3627 1675 re-

172 1743 395 1811 septem
452 1736 583 1791 dies
633 1732 933 1807 poeniteat.
987 1729 1333 1797 Monachus
1391 1729 1692 1786 similiter.
1747 1728 1857 1796 Qui

170 1827 499 1886 voluntarie
531 1836 742 1882 semen
771 1821 918 1877 fudit
943 1820 1002 1875 in
1029 1821 1309 1891 ecclesia,
1351 1822 1405 1877 si
1438 1818 1702 1877 clericus
1749 1826 1855 1891 est,

174 1914 632 1992 quatuordecim
665 1930 678 1979 ;
711 1911 762 1967 si
790 1909 1126 1967 monachus
1160 1916 1262 1967 aut
1290 1911 1622 1980 diaconus,
1658 1910 1862 1980 trigin-

176 2014 228 2064 ta
251 2007 382 2063 dies
409 2025 422 2073 ;
458 2005 509 2059 si
536 2001 871 2076 presbyter,
903 1998 1341 2071 quadraginta;
1393 2001 1444 2056 si
1492 2000 1858 2073 episcopus,

177 2095 621 2171 quinquaginta
645 2093 773 2148 dies
803 2089 1100 2163 poeniteat.

502 2201 586 2255 De
617 2195 1072 2269 quadrupedum
1092 2194 1518 2264 fornicatione.

243 2308 477 2366 (DCLIII.
513 2304 854 2377 (BI‘BCHARD.
878 2300 980 2357 lib.
1014 2318 1155 2368 xvn,
1187 2318 1237 2357 c.
1267 2302 1374 2372 32).
1425 2301 1533 2367 Qui
1582 2318 1729 2357 cum
1760 2318 1861 2374 pe-

182 2397 329 2453 cude
360 2398 597 2468 peccat,
632 2405 861 2449 annum
891 2404 1104 2445 unum.
1154 2388 1414 2455 Quidam
1440 2389 1723 2460 judicent
1754 2407 1861 2445 an-

183 2500 288 2541 nos
317 2484 558 2547 decem,
588 2479 838 2555 quidam
865 2482 1119 2552 septem,
1151 2477 1403 2550 quidam
1425 2482 1712 2551 quatuor,
1733 2479 1863 2551 qui-

180 2575 323 2631 dam
355 2576 605 2629 centum
634 2568 781 2626 dies.

946 2674 1117 2731 Item.

250 2788 308 2844 Si
369 2785 511 2859 quis
566 2782 812 2840 clericus
862 2797 1009 2838 cum
1082 2780 1477 2853 quadrupede
1531 2781 1861 2838 fornicatus

182 2876 382 2941 fuerit,
425 2888 623 2931 annos
650 2872 828 2939 duos,
860 2870 1274 2926 subdiaconus
1306 2874 1445 2937 tres,
1484 2870 1778 2926 diaconus
1806 2875 1865 2927 et

181 2964 533 3021 monachus
557 2961 845 3034 quinque,
897 2959 1217 3033 presbyter
1254 2963 1503 3032 septem,
1544 2958 1865 3032 episcopus
1899 2957 1941 3010 C
1978 3005 1990 3034 ς

179 3054 399 3110 decem
434 3049 738 3124 poeniteat.

794 3158 885 3213 De
912 3156 1257 3213 Sodomitas.
1759 3219 1767 3226 _

249 3269 494 3327 CCLIV.
531 3265 866 3337 (Hum-can.
897 3264 1005 3320 lib.
1034 3278 1115 3331 v1,
1148 3278 1196 3318 c.
1229 3265 1338 3330 25;
1392 3264 1713 3320 BURCHARD.
1760 3264 1865 3321 lib.

175 3375 325 3425 xvii,
349 3374 406 3413 c.
440 3358 561 3421 34).
593 3353 703 3420 Qui
735 3351 1116 3410 fornicaverit
1151 3352 1304 3408 sicut
1337 3338 1679 3423 Sodomitas,
1738 3354 1868 3426 qui-

178 3448 332 3505 dam
358 3444 793 3518 judicaverunt
817 3442 1033 3499 decem
1062 3456 1274 3507 annos,
1324 3439 1576 3512 quidam
1612 3447 1867 3515 septem,

177 3534 280 3592 alii
316 3534 543 3590 unum;
575 3530 746 3587 Pueri
771 3535 1019 3587 centum
1064 3528 1214 3584 dies.
1276 3527 1387 3584 Alii
1426 3529 1868 3602 judicaverunt,

181 3624 233 3680 si
264 3624 333 3679 in
365 3619 806 3678 consuetudine
835 3623 945 3686 est,
976 3617 1167 3674 laicus
1190 3633 1388 3675 annos
1418 3616 1710 3690 quinque,
1759 3619 1874 3676 cle-

176 3713 350 3771 ricus
384 3716 647 3784 septem,
674 3709 1090 3765 subdiaconus
1114 3712 1171 3764 et
1199 3705 1539 3764 monachus
1554 3713 1713 3777 octo,
1747 3708 1872 3765 dia-

179 3817 387 3859 conus
410 3798 650 3866 decem,
678 3797 992 3871 presbyter
1016 3795 1363 3865 duodecim,
1390 3793 1713 3870 episcopus
1756 3800 1871 3853 tre-

179 3890 734 3963 deeimpcaniteat.

418 4017 511 4070 De
538 4014 738 4071 eadem
769 4026 853 4069 re.
894 4012 997 4069 Ex
1028 4012 1274 4069 concilio
1304 4012 1656 4081 Ancyrano.

256 4123 483 4178 CCLV.
517 4119 768 4188 (ϐοτη-ξι.
798 4120 1054 4189 Ancyra,
1090 4117 1192 4188 15;
1224 4121 1362 4175 ΗΑΒ.
1397 4118 1567 4187 epist.
1592 4120 1675 4177 ad
1701 4121 1875 4177 Heri-

182 4214 391 4282 bald.,
433 4226 489 4267 c.
520 4213 626 4278 32;
657 4206 968 4285 Burman.
998 4207 1101 4265 lib.
1132 4224 1211 4276 1v,
1242 4225 1292 4265 c.
1322 4214 1354 4264 7
1387 4226 1399 4277 ;
1434 4209 1873 4267 Βυιιουλιιολὶὶ).

1964 1706 2297 1777 prehensus
2327 1704 2518 1776 fuerit,
2550 1706 2788 1779 publice
2825 1706 3192 1773 verberetur,
3238 1710 3295 1763 et
3338 1721 3628 1764 coronam

1968 1791 2199 1848 amittat
2223 1811 2235 1860 ;
2268 1792 2730 1869 decalvatusque
2757 1794 3022 1867 turpiter,
3058 1794 3454 1867 sputamentis
3476 1793 3629 1851 obli-

1967 1880 2166 1937 niatur
2190 1880 2250 1937 in
2278 1881 2427 1938 facie
2453 1901 2465 1950 ;
2498 1883 2867 1957 vinculisque
2897 1886 3158 1940 arctatus
3185 1883 3411 1954 ferreis,
3436 1900 3633 1941 carce-

1966 1969 2076 2026 rali
2116 1985 2219 2026 sex
2248 1970 2557 2027 mensibus
2587 1973 2865 2043 angustia
2912 1977 3267 2041 macerctur,
3327 1977 3384 2030 et
3436 1971 3632 2029 triduo

1968 2074 2075 2132 per
2093 2058 2512 2117 hebdomadas
2530 2060 2796 2132 singulas
2817 2077 2891 2118 ex
2910 2076 3068 2133 pane
3087 2060 3425 2118 hordeaceo
3451 2062 3503 2132 3
3518 2063 3632 2133 ιο

1971 2144 2049 2203 ad
2079 2161 2392 2220 vesperam
2419 2147 2734 2205 reﬁcietur.
2768 2152 2905 2205 Post
2939 2147 3090 2221 haec,
3127 2148 3255 2205 aliis
3281 2166 3386 2205 sex
3417 2149 3635 2205 mensi-

1970 2236 2085 2291 bus
2135 2236 2247 2291 sub
2294 2237 2544 2293 senioris
2578 2238 2858 2311 spiritalis
2907 2237 3178 2295 custodia
3230 2242 3543 2310 segregata
3572 2238 3636 2293 in

1973 2324 2260 2380 curticula
2288 2323 2532 2395 degens,
2574 2327 2740 2399 operi
2766 2342 3062 2382 manuum
3092 2330 3149 2381 et
3178 2325 3433 2382 orationi
3455 2326 3529 2381 sit
3548 2326 3637 2382 in-

1972 2418 2187 2478 tentus,
2212 2412 2425 2482 vigiliis
2450 2418 2507 2469 et
2535 2414 2773 2471 ﬂetibus
2802 2413 3127 2485 subjectus,
3146 2419 3203 2471 et
3223 2414 3336 2471 sub
3362 2415 3638 2473 custodia

1974 2516 2212 2574 semper
2241 2500 2502 2557 ducrum
2528 2502 2776 2560 fratrum
2797 2501 3151 2576 spiritalium
3168 2501 3456 2573 ambulet,
3470 2503 3639 2560 nulla

1970 2592 2203 2666 privata
2232 2589 2530 2647 locutione
2562 2591 2652 2648 vel
2696 2591 2944 2649 consilio
2989 2590 3272 2666 deinceps
3308 2592 3637 2664 juvenibus

1975 2680 2460 2753 conjungendus.

2292 2807 2380 2863 De
2409 2806 2611 2863 eadem
2636 2823 2721 2863 re.
2752 2808 2853 2865 ΕΩ)
2878 2808 3056 2864 dictis
3085 2807 3322 2863 Isidori.

2046 2916 2263 2969 IJCLIX.
2298 2915 2644 2979 (BURCHABD.
2678 2913 2781 2971 lib.
2810 2931 2961 2985 xvu,
3010 2929 3067 2971 c.
3122 2915 3234 2986 36).
3276 2914 3336 2971 Si
3383 2915 3521 2987 quis
3562 2930 3641 2971 ex

1971 3002 2296 3075 juvenibus
2323 3002 2420 3057 vel
2441 3002 2649 3075 aliqua
2682 3004 3019 3078 suspiciosa
3049 3018 3312 3076 persona
3337 3020 3477 3059 cum
3506 3019 3642 3077 par-

1975 3093 2130 3150 vulis
2153 3092 2464 3165 jocaverit,
2491 3092 2779 3151 diuturna
2804 3094 3155 3168 prenitentia
3177 3098 3531 3151 macerctur.

2369 3219 2455 3273 De
2485 3218 2688 3274 eadem
2721 3236 2805 3275 re.
2851 3219 3019 3275 Unde
3041 3234 3247 3289 supra.

2050 3325 2239 3381 CCLX.
2274 3326 2617 3392 (BURCHARD.
2649 3325 2752 3382 lib.
2786 3343 2886 3393 vn,
2920 3343 2969 3381 c.
3004 3326 3116 3397 37).
3152 3325 3210 3384 Si
3230 3325 3642 3400 deprehensus

1980 3411 2155 3468 fuerit
2182 3411 2397 3484 aliquis
2426 3412 2607 3469 frater
2642 3413 2850 3472 ludere
2880 3431 3021 3471 cum
3065 3415 3268 3489 pueris
3321 3420 3379 3472 et
3419 3415 3643 3473 habere

1981 3500 2271 3557 amicitias
2300 3500 2485 3557 aetatis
2528 3499 2805 3576 inﬁrmae,
2860 3504 3029 3560 tertio
3077 3509 3533 3563 commoneatur
3580 3511 3646 3564 ut

1981 3604 2215 3645 memor
2267 3587 2340 3643 sit
2395 3588 2725 3646 honestatis
2768 3596 2948 3664 atque
2988 3590 3215 3649 timoris
3267 3592 3388 3648 Dei.
3433 3593 3489 3650 Si
3520 3610 3642 3650 non

1982 3678 2321 3748 cessaverit,
2354 3677 2727 3736 severissime
2753 3680 3124 3753 corripiatur.

2113 3806 2195 3859 De
2224 3802 2425 3859 eadem
2458 3817 2542 3858 re.
2573 3802 2676 3860 Ex
2706 3806 2835 3876 lege
2856 3804 3287 3873 Theodosium,
3322 3805 3423 3862 lib.
3454 3811 3509 3862 9.

2054 3927 2269 3984 CCLXI.
2301 3925 2627 4000 (Interpret.
2656 3927 2696 3984 1.
2722 3933 2753 3986 6
2794 3930 2928 3987 Cod.
2963 3929 3242 3987 Theodos.
3291 3933 3374 3989 De
3417 3932 3648 3990 adulte-

1984 4019 2092 4091 ris)
2142 4015 2434 4076 Omnibus
2462 4017 2831 4087 ﬂagitiosum
2857 4024 2945 4076 est
2973 4017 3138 4076 virile
3169 4037 3387 4093 corpus
3436 4021 3646 4078 mulie-
3716 4044 3719 4047 ν

1983 4108 2166 4165 briter
2194 4106 2583 4163 constitutum
2604 4106 2781 4164 alieni
2802 4109 3025 4180 [Editio
3050 4111 3464 4182 Helmazslad.,
3504 4127 3648 4168 con-

1987 4197 2224 4254 stituere
2250 4200 2306 4252 et
2330 4194 2409 4252 ad
2439 4194 2542 4267 al.]
2577 4212 2755 4253 sexus
2785 4197 3076 4255 damnare
3102 4199 3475 4272 patientiam.
3500 4200 3650 4257 Nihil

178 4320 332 4373 πυ,
366 4319 445 4358 οη
464 4302 575 4370 30),
607 4300 688 4356 De
714 4298 808 4356 his
837 4299 944 4373 qui
974 4296 1457 4356 irrationabiliter
1488 4300 1704 4357 versati
1743 4305 1882 4357 sunt
1914 4309 1957 4363 ι)
1988 4287 2150 4344 enim
2179 4285 2507 4341 discretum
2537 4284 2811 4342 videntur
2831 4287 3060 4344 habere
3088 4305 3231 4345 cum
3245 4287 3502 4347 feminis.
3530 4291 3648 4346 Hu-

180 4372 318 4451 sive
352 4393 707 4458 versantur,
736 4392 1036 4463 quotquot
1058 4392 1194 4447 ante
1224 4387 1435 4458 viginti
1464 4404 1658 4446 annos
1688 4389 1882 4447 artatis
1985 4373 2253 4448 jusmodi
2285 4373 2479 4431 scelus
2513 4380 2815 4447 spectante
2844 4376 3071 4450 populo
3104 4377 3366 4434 ﬂammis
3406 4379 3650 4435 vindici-

180 4482 310 4541 tale
344 4480 590 4538 crimen
638 4478 1084 4546 commiserunt,
1137 4476 1487 4551 quindecim
1534 4479 1709 4536 annis
1748 4496 1860 4538 exe

1991 4467 2105 4523 bus
2135 4464 2405 4537 expiabis
2437 4464 2600 4535 [edit.
2628 4466 3040 4532 Helmwstad.,
3074 4466 3443 4539 expiabunt].

180 4574 303 4629 etis
331 4570 405 4627 in
440 4567 795 4641 pcenitentia
827 4568 1319 4623 communionem
1340 4567 1519 4639 309
1542 4574 1887 4628 mereantur

180 4662 586 4720 orationum.
612 4656 751 4712 POSt
775 4656 1281 4730 quinquennium,
1314 4655 1374 4712 id
1402 4660 1493 4712 est
1515 4662 1652 4730 post
1680 4659 1889 4731 viginti

183 4762 440 4818 annos,
495 4744 813 4802 oblationis
860 4750 1237 4803 sacramenta
1291 4746 1661 4816 contingant.
1706 4750 1889 4815 Quot-

184 4844 353 4916 quot
387 4840 603 4895 autem
631 4838 767 4910 post
795 4835 1002 4906 viginti
1051 4851 1244 4892 annos
1274 4835 1479 4904 aetatis,
1522 4853 1738 4894 uxores
1785 4837 1892 4895 ha-

182 4931 453 4996 bentes,
511 4925 575 4981 in
624 4922 737 4981 hoc
795 4928 1111 4997 peccatum
1161 4922 1431 4998 prolapsi
1475 4929 1632 4995 sunt,
1684 4923 1890 4996 viginti

185 5020 497 5094 quinque
524 5027 719 5070 annos
746 5012 1163 5087 paenitentiam
1191 5017 1455 5082 agentes,
1492 5013 1570 5069 ad
1603 5013 1890 5070 orationis

184 5103 723 5166 communionem
744 5102 1125 5176 recipiantur.
1150 5104 1217 5159 Et
1243 5107 1381 5175 post
1407 5102 1890 5177 quinquennium

184 5198 405 5256 iidem
438 5198 582 5269 past
603 5193 844 5265 triginta
873 5208 1066 5250 annos
1095 5192 1559 5251 communicent.

1994 4592 2080 4646 De
2105 4590 2487 4659 copulatione
2513 4590 2801 4658 fidelium.
2820 4590 2914 4643 eu:
2942 4590 3194 4645 concilio
3238 4568 3657 4647 anaaensi

2062 4714 2302 4772 CCLXII.
2337 4714 2582 4784 (Concil.
2630 4712 2940 4783 Wormat.,
2974 4729 3023 4768 c.
3058 4718 3163 4780 32;
3212 4712 3314 4769 lib.
3350 4731 3382 4768 v
3419 4716 3655 4785 Capitu-

2001 4806 2140 4871 lar.,
2165 4820 2216 4859 c.
2245 4807 2314 4859 80
2339 4821 2352 4870 ;
2388 4805 2703 4858 Bonosus.
2733 4800 2835 4858 lib.
2866 4818 2976 4869 vu,
3011 4817 3061 4857 c.
3090 4802 3164 4873 2).
3190 4801 3255 4858 In
3280 4801 3656 4875 copulatione

1998 4893 2267 4953 ﬁdelium
2297 4891 2754 4963 generationum
2784 4907 3106 4949 numerum
3137 4908 3260 4948 non
3286 4891 3608 4950 deﬁnimus
3643 4913 3656 4962 ;

2000 4983 2105 5040 sed
2136 4981 2197 5038 id
2223 4980 2562 5047 statuimus,
2592 4980 2764 5052 311
2820 4985 2887 5037 ut
2935 4980 3080 5036 nulli
3118 4981 3292 5037 liceat
3328 4981 3661 5039 Christiano

2000 5070 2076 5128 de
2099 5070 2345 5145 propria
2366 5069 2886 5139 consanguinitate
2910 5086 3016 5126 seu
3039 5070 3394 5141 cognatione
3413 5088 3663 5129 uxorem

2002 5160 2272 5234 accipere
2297 5174 2489 5232 usque
2518 5158 2667 5213 dum
2697 5158 3000 5228 generatio
3028 5160 3396 5228 recordatur,
3439 5177 3662 5232 cogno-

2003 5249 2204 5317 scitur,
2238 5252 2342 5304 aut
2372 5246 2667 5304 memoria
2693 5246 2996 5301 retinetur.

522 5324 608 5378 De
630 5321 836 5378 eadem
867 5336 950 5377 re.
981 5320 1079 5379 Ea:
1108 5319 1308 5376 eodem
1330 5320 1602 5375 concilio.

2074 5340 2204 5393 Haec
2257 5337 2331 5392 de
2405 5334 2764 5391 multimoda
2809 5334 3200 5393 fornicatione
3277 5355 3349 5393 ex
3413 5339 3668 5395 diversis

272 5428 533 5491 CCLVI.
568 5428 790 5498 (Concil
821 5429 1079 5497 Ancyra,
1099 5442 1149 5481 c.
1186 5424 1504 5494 I6;lib.vn
1534 5426 1895 5498 Capitutar.,
2006 5425 2309 5501 opusculis
2334 5424 2811 5498 perstrinximus,
2839 5426 3216 5483 sacerdotum
3246 5428 3473 5499 judicio
3494 5426 3669 5483 relin-

186 5543 247 5583 c.
287 5525 450 5579 273.
482 5516 825 5575 Burman.
852 5514 956 5574 lib.
989 5533 1063 5584 ιν,
1088 5531 1143 5572 c.
1174 5519 1247 5584 8;
1274 5515 1593 5575 Βυιωιωω.
1628 5514 1732 5574 lib.
1754 5533 1898 5589 xvn,
2008 5520 2259 5591 quentes
2288 5514 2436 5590 quid
2476 5514 2775 5573 salubrius
2826 5519 2884 5572 et
2938 5517 3135 5574 utilius
3177 5536 3307 5574 esse
3344 5519 3405 5574 in
3453 5517 3669 5575 dandis

192 5635 257 5676 c.
307 5611 457 5682 31).
508 5612 619 5666 Eos
642 5608 747 5681 qui
774 5605 1248 5665 irrationabiliter
1272 5606 1583 5675 vixerunt,
1635 5611 1693 5664 et
1737 5606 1903 5680 lepra
2012 5606 2373 5681 pcenitentiis
2404 5606 2745 5663 decernant.
