4044 6196
405 145 509 199 335
1512 131 1890 188 REGINONIS
1926 130 2144 187 PRUMI
2153 129 2345 187 ENSIS
2382 127 2693 184 ABBATIS.
3708 116 3821 188 339’

393 265 483 320 Ne
528 263 591 318 in
650 259 918 317 domibus
962 258 1229 326 ﬁdelium
1262 258 1567 313 adulteria
1608 258 2048 326 perpetrentur.
2083 257 2131 309 A
2158 252 2260 309 lib.
2300 270 2387 319 χι,
2415 269 2465 309 c.
2496 252 2605 322 64).
2639 250 2695 305 Si
2723 249 2859 322 quis
2888 247 3136 305 clericus
3164 250 3270 302 aut
3316 245 3656 301 monachus
3700 244 3822 299 fur-

871 348 967 402 Ex
995 347 1248 402 concilio
1275 346 1586 403 Meldensi.

470 437 742 497 CCLXIII.
772 436 1021 508 (Concit.
1046 435 1256 501 Metd.,
1309 450 1359 489 c.
1391 436 1504 505 74).
1550 432 1906 489 Provideant
1948 430 2053 486 viri

396 531 690 601 potentes,
721 528 779 581 et
800 522 1062 580 maxime
1089 526 1361 596 potentes
1391 521 1649 592 femina,
1705 523 1768 575 ut
1816 519 1878 574 in
1929 517 2051 573 suis

394 615 676 673 domibus
708 610 999 670 adulteria
1023 613 1081 665 et
1106 608 1357 666 luxuriae
1391 607 1856 665 concubinaticae
1887 609 1945 661 et
1968 604 2054 659 in-

394 709 557 762 cesta
586 702 876 760 adulteria
903 715 1027 756 non
1056 699 1318 769 vigeant.
1356 701 1423 754 Et
1473 713 1614 754 suos
1670 695 2054 769 presbyteros

396 795 582 866 [vetus
612 793 800 849 eodem
827 805 961 859 ms.,
994 788 1084 843 sui
1110 787 1488 860 presbyteri],
1516 786 1619 858 qui
1668 801 1805 841 cum
1835 784 1938 869 eis
1991 782 2054 838 in

396 878 631 956 capella
675 879 927 945 vadunt,
974 876 1327 948 hujusmodi
1370 876 1647 953 virtutem
1694 873 1917 952 habere
1970 871 2052 928 fa-

395 971 556 1027 ciant
586 971 884 1041 quatenus
911 966 973 1021 in
1003 965 1285 1021 domibus
1319 964 1442 1019 suis
1490 962 1694 1019 omnia
1722 961 2052 1017 vitiarese-

396 1062 551 1123 cent,
582 1060 641 1113 et
667 1055 996 1113 orationem
1026 1054 1396 1110 Dominicam
1428 1070 1497 1109 ac
1528 1051 1884 1124 Symbolum
1911 1065 2051 1105 cun-

397 1150 523 1203 ctos
552 1150 749 1203 tenere
775 1148 831 1200 et
858 1144 1233 1216 frequentare
1262 1141 1645 1214 compellant,
1672 1139 1815 1213 quia
1853 1154 2051 1211 parae-

398 1234 594 1292 chiani
621 1232 953 1306 presbyteri
978 1236 1035 1288 et
1077 1231 1499 1304 episcoporum
1545 1228 1795 1285 ministri
1840 1227 1915 1283 de
1945 1226 2053 1282 mi-

394 1322 642 1380 noribus
671 1325 729 1378 et
749 1320 1073 1377 levioribus
1100 1319 1371 1393 personis
1409 1319 1524 1376 hoc
1573 1317 1886 1390 providere
1931 1320 2050 1370 stu-

395 1412 643 1469 debunt.

572 1503 659 1557 De
687 1500 890 1557 eadem
918 1496 1000 1555 re.
1021 1500 1119 1555 Ex
1146 1498 1614 1568 Capitutarium,
1649 1497 1751 1552 lib.
1787 1511 1871 1550 ιιι.

469 1589 735 1646 CCLXIV.
772 1588 1022 1658 (Concil.
1060 1587 1321 1643 Cabilon.
1359 1602 1423 1653 ιι,
1454 1602 1503 1640 c.
1541 1585 1643 1651 18;
1675 1583 1775 1639 lib.
1809 1601 1847 1638 ιι
1874 1582 2051 1652 Capi-
2085 1602 2127 1655 Β

406 1680 617 1746 tutan,
652 1693 702 1732 c.
738 1679 838 1742 38;
890 1675 995 1731 lib.
1030 1692 1073 1731 ιι
1124 1678 1263 1745 Leg.
1292 1675 1578 1745 Longob.,
1635 1674 1715 1729 tit.
1752 1678 1803 1741 3,
1855 1690 1905 1728 c.
1944 1672 2048 1744 10).

394 1763 628 1819 Dictum
657 1767 745 1818 est
772 1762 948 1819 nobis
976 1762 1142 1835 quod
1171 1762 1231 1818 in
1259 1761 1626 1835 quibusdam
1647 1761 1793 1818 locis
1821 1760 2051 1833 episco-

393 1852 456 1924 pi
486 1856 543 1908 et
564 1852 809 1908 comites
839 1850 916 1907 ab
945 1851 1320 1920 incestuosis,
1352 1856 1408 1906 et
1433 1850 1511 1907 ab
1540 1851 1632 1906 his
1663 1850 1767 1923 qui
1787 1848 2052 1905 decimas

394 1957 520 1997 non
549 1941 715 2013 dant,
747 1940 979 1997 wadios
1010 1940 1327 2012 accipiant,
1374 1944 1430 1996 et
1473 1955 1510 1995 a
1548 1938 1913 2012 presbyteris
1942 1954 2052 2010 pro

393 2029 764 2102 quibusdam
792 2028 1186 2107 negligentiis,
1218 2033 1275 2086 et
1301 2029 1453 2085 inter
1492 2045 1553 2083 se
1598 2028 1918 2102 pecuniam
1962 2027 2051 2083 di-

392 2117 618 2188 vidant,
651 2117 818 2191 quod
846 2117 1085 2190 penitus
1131 2116 1498 2174 abolendum
1547 2117 1946 2187 decrevimus,
1978 2132 2052 2172 ne

394 2206 543 2263 forte
572 2207 836 2263 avaritiae
865 2206 1030 2262 locus
1061 2207 1253 2263 detur.

694 2295 870 2367 312
906 2312 1107 2351 ABHINC
1137 2312 1208 2352 nn
1237 2311 1417 2351 FUBTO
1446 2312 1508 2350 ET
1540 2310 1767 2350 namus.

943 2384 1041 2440 Ex
1066 2385 1502 2441 Pwnitentiati.

467 2474 706 2530 CCLXV.
737 2473 1071 2544 (Hatram.
1102 2472 1206 2528 lib.
1240 2489 1324 2542 1v,
1352 2489 1403 2529 c.
1432 2474 1542 2544 29).
1591 2471 1699 2538 Qui
1729 2471 2054 2545 cupiditate

396 2565 606 2635 captus
631 2561 855 2618 furtum
886 2561 1104 2629 fecerit,
1141 2561 1309 2635 quod
1358 2561 1666 2618 abstulerit
1722 2561 1954 2632 reddat,
1999 2566 2055 2617 et

400 2666 594 2708 annos
618 2650 887 2725 quinque
912 2651 1216 2723 poeniteat.

712 2740 801 2797 De
827 2741 1029 2797 eadem
1058 2756 1141 2796 re.
1168 2742 1260 2797 Ea:
1284 2741 1411 2810 lege
1438 2741 1728 2796 Romana.

466 2831 728 2887 CCLXVI.
769 2829 1027 2885 Pecunia
1056 2828 1452 2885 ecclesiastica
1484 2829 1838 2897 furata,sive
1859 2833 2048 2901 rapta,

395 2917 657 2974 solvatur
682 2915 1443 2989 quadruplum,popularia
1469 2915 1783 2989 dupliciter
1811 2917 1977 2989 (312).

713 3007 800 3061 De
827 3006 1040 3062 eadem.
1058 3020 1140 3061 re.
1184 3007 1275 3061 Ex
1303 3006 1730 3061 Paenitentiali.

466 3092 771 3148 CCLXVII.
803 3091 915 3159 Qui
943 3107 1103 3164 saepe
1132 3091 1358 3149 furtum
1398 3092 1616 3163 fecerit,
1666 3096 1895 3165 septem
1943 3109 2049 3150 an-

392 3194 506 3236 nos
534 3181 841 3254 paeniteat.

819 3270 906 3325 De
933 3270 1137 3326 eadem
1167 3286 1250 3326 re.
1282 3272 1373 3326 Enr
1400 3269 1619 3326 eodem.

463 3358 791 3415 CCLXVIII.
828 3359 1194 3430 (HALITGARD.
1226 3358 1329 3415 lib.
1357 3376 1431 3426 v1,
1480 3376 1531 3415 c.
1578 3363 1651 3427 4;
1710 3360 2073 3430 (BURCHARD.'

386 3449 490 3505 lib.
515 3465 595 3520 x1,
630 3464 680 3505 c.
714 3452 815 3517 58;
850 3451 1120 3506 GRATIAN.
1158 3451 1243 3520 l7,
1273 3466 1334 3522 q.
1366 3453 1421 3518 4,
1454 3466 1504 3505 c.
1543 3452 1647 3521 1‘7).
1684 3450 1738 3507 Si
1769 3450 1904 3522 quis
1930 3451 2046 3505 fur-

388 3541 516 3593 tum
539 3536 791 3611 capitale
817 3537 1199 3605 commiserit,
1233 3538 1291 3593 id
1324 3542 1431 3609 est,
1464 3538 1883 3611 quadrupedia
1907 3539 2048 3594 tule-

384 3623 477 3692 rit,
508 3624 602 3681 vel
633 3639 805 3681 casas
834 3624 1146 3695 effregerit,
1176 3629 1401 3698 septem
1432 3642 1625 3681 annos
1655 3625 1961 3698 poeniteat,
1992 3630 2049 3682 et

382 3714 549 3786 quod
572 3714 836 3771 furatum
866 3718 958 3771 est
978 3714 1225 3771 reddat.
1282 3714 1339 3772 Si
1366 3715 1502 3787 quis
1534 3731 1675 3771 vero
1701 3715 1774 3770 de
1808 3715 2047 3771 minori-

381 3801 497 3858 bus
530 3803 716 3860 semel
746 3807 849 3860 aut
873 3803 965 3859 bis
991 3803 1216 3860 furtum
1242 3803 1690 3872 fecerit,reddat
1706 3803 1869 3875 quod
1896 3803 2041 3868 tulit,

381 3894 438 3945 et
465 3906 695 3946 annum
728 3906 919 3946 unum
949 3890 1236 3963 poeniteat
1256 3891 1316 3945 in
1343 3906 1503 3962 pane
1543 3895 1600 3947 et
1649 3908 1829 3963 aqua.
1887 3895 1951 3947 Et
1995 3892 2043 3947 si

379 3978 627 4033 reddere
657 3993 779 4032 non
810 3979 1086 4048 potuerit,
1119 3994 1313 4033 annos
1346 3984 1464 4033 tros
1497 3980 1799 4050 pceniteat.

1018 4066 1183 4122 Unde
1210 4082 1415 4136 supra.

453 4151 508 4205 Si
530 4151 664 4223 quis
687 4152 1027 4224 sepulcrum
1062 4153 1384 4222 violaverit,
1416 4159 1643 4226 septem
1687 4171 1880 4211 annos
1918 4174 2039 4228 pm-

377 4239 582 4308 niteat,
611 4244 727 4295 tres
760 4256 833 4295 ex
858 4239 949 4294 his
978 4240 1038 4294 in
1068 4257 1224 4312 pane
1251 4246 1305 4297 et
1335 4259 1512 4314 aqua.

520 4329 696 4401 313
731 4330 816 4385 De
843 4329 1044 4386 eadem
1077 4345 1158 4385 re.
1178 4331 1277 4385 Ea:
1302 4332 1552 4388 concilio
1588 4334 1889 4389 Toletauo.

444 4418 717 4474 CCLXIX.
779 4419 1033 4487 (Concit.
1095 4420 1388 4486 Tolet.1v,
1442 4438 1492 4477 c.
1533 4425 1635 4490 46;
1691 4424 2032 4490 (BlillCHAltl).

371 4506 472 4564 lib.
506 4525 586 4578 x1,
620 4525 669 4564 c.
700 4509 810 4582 63).
849 4509 903 4565 Si
937 4509 1073 4583 quis
1102 4508 1352 4566 clericus
1381 4509 1441 4565 in
1492 4510 1888 4568 demoliendis
1943 4530 2033 4569 se-

370 4598 592 4670 pulcris
624 4599 796 4654 fuerit
823 4599 1255 4670 deprehensus,
1311 4604 1544 4673 oportet
1591 4600 1652 4657 in
1684 4601 1784 4657 tali
1816 4603 2033 4659 scelere

370 4688 674 4758 proditum
703 4703 738 4740 a
771 4685 1086 4740 clericatus
1135 4689 1342 4745 ordine
1391 4690 1732 4747 submoveri
1763 4697 1820 4747 et
1848 4695 2035 4765 pinni—

369 4776 560 4830 tentias
590 4770 842 4828 triennio
873 4772 1168 4846 deputari.

589 4864 669 4917 De
698 4862 899 4919 eadem
931 4879 1015 4919 re.
1064 4864 1164 4919 Ex
1187 4866 1438 4921 concilio
1470 4868 1818 4937 Agathensi.

441 4952 689 5006 CCLXX.
723 4952 975 5023 (Concit.
1009 4952 1259 5023 Agat/1.,
1318 4970 1366 5007 c.
1403 4958 1477 5025 ὅ).
1532 4956 1587 5012 Si
1617 4957 1752 5029 quis
1783 4959 2030 5017 clericus

366 5038 590 5094 furtum
644 5040 905 5096 ecclesiae
957 5041 1176 5107 fecerit,
1225 5044 1538 5114 peregrina
1590 5045 1642 5101 ei
1682 5050 2030 5105 communio

365 5126 679 5185 tribuatur.

794 5220 878 5273 De
907 5221 1106 5275 eadem
1138 5238 1219 5275 re.
1249 5222 1344 5275 Ea,"
1373 5223 1591 5279 eodem.

437 5317 445 5353 :
479 5306 723 5361 CLXXI.
752 5306 1167 5375 (Ereeptiones
1192 5300 1455 5378 EGBERTI,
1482 5329 1530 5366 ο.
1559 5317 1626 5370 68
1652 5332 1663 5379 ;
1700 5316 2024 5372 Burmann.

433 5429 591 5510 (312)-
616 5427 931 5510 Videtoni.
972 5431 1356 5510 IXSpicilegii
1402 5437 1773 5510 Dacheriani,
1830 5455 1887 5510 p.
1936 5446 2025 5510 357,

361 5503 711 5574 cap._5/i,_et
736 5500 997 5574 Gra_tian_.
1030 5500 1121 5569 t7,
1142 5517 1201 5574 q.
1233 5500 1364 5571 4η).
1394 5506 1483 5561 lo.
1766 5500 1769 5503 ’
1830 5500 1847 5510 ³
2010 5500 2029 5567 ’ν

436 5571 585 5641 (313)
628 5572 816 5643 Caput
840 5571 999 5628 istud
1046 5571 1180 5628 non
1218 5579 1408 5631 exstat
1448 5577 1603 5634 inter
1642 5596 1904 5638 canones
1932 5600 2026 5655 sy-

2156 346 2287 399 tuin
2312 342 2530 409 fecerit,
2553 340 2719 414 quod
2748 344 2947 412 potius
2997 334 3376 406 sacrilegium
3431 334 3547 390 dici
3599 337 3816 407 potest,

2158 430 2218 487 id
2249 430 2596 487 censuimus
2624 426 3050 493 ordinandum,
3077 429 3144 480 ut
3164 424 3369 495 junior
3396 422 3577 492 virgis
3606 438 3816 490 caesus,

2160 517 2306 574 tanti
2336 516 2599 573 criminis
2624 532 2782 581 reus,
2821 529 3137 585 nunquam
3174 510 3441 567 ofﬁcium
3468 509 3822 566 ecclesiasti-

2160 624 2298 663 cum
2320 606 2592 679 accipiat.
2623 605 2680 660 Si
2707 620 2851 660 vero
2880 604 3010 675 jam
3053 601 3365 658 ordinatus
3406 600 3468 656 in
3511 600 3630 656 hoc
3682 598 3825 655 iaci-

2160 711 2305 751 nore
2332 695 2508 751 fuerit
2535 694 2964 766 deprehensus,
3005 689 3266 747 nominis
3313 688 3501 763 ipsius
3531 688 3823 758 dignitate

2159 784 2444 857 privetur,
2459 784 2554 840 cui
2587 782 2857 838 sufﬁcere
2884 785 3095 854 potest,
3108 795 3221 853 pro
3251 783 3419 835 actus
3448 778 3541 833 sui
3562 777 3822 843 levitate,

2159 874 2405 946 impleta
2461 871 2823 945 paenitentia),
2898 868 3303 927 satisfactione
3368 867 3495 924 sola
3552 883 3825 923 commu-

2160 963 2262 1019 nio
2294 964 2462 1032 (313).

2231 1071 2316 1123 De
2346 1068 2549 1124 eadem
2582 1082 2663 1122 re.
2696 1068 2797 1122 Ex
2824 1067 2998 1122 dictis
3028 1065 3389 1135 Hieronymi
3416 1064 3497 1120 ad
3528 1065 3749 1119 Titum.

2232 1174 2521 1229 CCLXXII
2549 1176 2888 1243 (Buncnsno,
2931 1170 3035 1228 lib.
3066 1187 3150 1239 XI,
3197 1188 3248 1227 c.
3291 1172 3382 1242 55)
3459 1173 3571 1226 Fur
3619 1175 3822 1227 autem

2160 1279 2283 1319 non
2313 1261 2509 1317 solum
2534 1261 2595 1316 in
2627 1260 2981 1332 majoribus,
3010 1259 3116 1315 sed
3149 1259 3330 1315 etiam
3377 1259 3437 1314 in
3486 1257 3827 1314 minoribus

2158 1352 2479 1422 judicatur.
2537 1355 2662 1406 Non
2711 1349 2873 1405 enim
2910 1349 3059 1421 quid
3086 1350 3243 1405 furto
3275 1348 3547 1405 ablatum
3572 1352 3679 1415 est,
3715 1347 3826 1404 sed

2161 1457 2332 1496 mens
2356 1439 2604 1495 iurantis
2634 1437 2973 1494 attenditur.
3008 1436 3321 1501 Quomodo
3344 1436 3407 1492 in
3433 1435 3825 1493 fornicatione

2159 1545 2282 1585 non
2311 1528 2531 1584 idcirco
2558 1527 2795 1583 diversa
2825 1531 2913 1582 est
2950 1526 3282 1595 fornicatio,
3334 1525 3383 1581 si
3430 1525 3646 1581 mulier
3695 1524 3830 1596 pul-

2160 1619 2304 1674 chra
2351 1621 2454 1673 aut
2501 1615 2812 1685 deformis,
2865 1615 3081 1671 ancilla
3136 1619 3241 1670 aut
3294 1614 3578 1685 ingenua,
3641 1613 3827 1685 315

2161 1722 2393 1780 pauper
2422 1710 2526 1762 aut
2553 1705 2840 1777 opulenta
2912 1703 3021 1758 Sed
3074 1702 3513 1776 qualiscunque
3561 1702 3662 1759 illa
3699 1703 3832 1758 fue-

2157 1797 2249 1862 rit,
2281 1812 2403 1851 una
2432 1799 2521 1851 est
2549 1794 2879 1850 fornicatio.
2913 1794 2998 1848 Ita
3039 1793 3100 1848 in
3148 1792 3325 1859 furto,
3381 1797 3833 1865 quantumcun-

2161 1903 2278 1959 que
2308 1884 2445 1958 quis
2473 1883 2800 1953 abstulerit,
2824 1882 2959 1938 furti
2987 1882 3213 1939 crimen
3232 1881 3495 1937 incurrit.

2268 2044 2273 2049 .
2492 1993 2578 2046 De
2604 1990 2807 2047 eadem
2837 2006 2920 2046 re.
2953 1990 3281 2060 Augustini
3302 1990 3485 2045 dicta.

2231 2078 2571 2134 CCLXXIII.
2603 2080 2864 2150 (Aucus'r.
2898 2080 2961 2133 in
2994 2078 3189 2134 Exod.
3237 2094 3296 2150 p.
3340 2082 3444 2145 39;
3499 2080 3825 2157 Buncnsan,

2160 2167 2262 2222 lit).
2296 2184 2382 2238 x1,
2411 2183 2462 2223 c.
2497 2168 2607 2239 53).
2643 2167 2794 2223 Dixit
2822 2167 3112 2223 Dominus
3143 2166 3223 2223 ad
3241 2169 3482 2239 Moysen
3506 2184 3519 2221 :
3543 2168 3829 2237 Accipiat

2161 2257 2566 2328 unusquisque
2590 2271 2628 2313 a
2652 2257 2926 2326 proximo
2954 2272 3060 2311 suo
3117 2262 3173 2312 et
3213 2257 3493 2326 proxima
3545 2271 3683 2312 vasa
3717 2270 3827 2312 ar-

2161 2352 2374 2415 gentea
2398 2353 2452 2402 et
2483 2361 2669 2402 aurea
2700 2351 2754 2402 et
2786 2350 2989 2415 vestes,
3017 2348 3127 2401 etc.
3170 2349 3298 2401 Non
3325 2344 3464 2401 hinc
3490 2345 3827 2418 quisquam

2164 2435 2509 2507 exemplum
2558 2435 2923 2491 sumendum
2944 2439 3155 2507 putare
3185 2434 3365 2491 debet
3384 2434 3462 2491 ad
3490 2434 3832 2507 exspolian-

2159 2523 2307 2579 dum
2334 2525 2697 2595 proximum.
2727 2527 2843 2580 Hoc
2874 2524 3034 2579 enim
3066 2526 3218 2579 Deus
3242 2523 3440 2595 jussit,
3480 2524 3582 2597 qui
3632 2539 3827 2580 nove—

2158 2617 2251 2669 rat
2273 2613 2420 2685 quid
2451 2629 2754 2686 quemque
2784 2613 2909 2685 pati
2933 2618 3250 2685 oporteret.
3293 2616 3408 2669 Nec
3440 2610 3713 2667 Israelita!
3747 2611 3829 2667 fe-

2159 2707 2365 2758 cerunt
2390 2720 2402 2769 ;
2436 2702 2541 2758 sed
2572 2705 2691 2758 Deo
2717 2702 2963 2773 jubente
2994 2701 3391 2758 ministerium
3413 2700 3824 2774 praebuerunt.

2161 2791 2686 2856 Quemadmodum
2718 2808 2854 2847 cum
2901 2791 3170 2847 minister
3212 2791 3430 2848 occidit
3466 2806 3606 2846 eum
3633 2806 3823 2863 quem

2153 2879 2338 2951 judex
2364 2880 2542 2951 jussit
2569 2880 2798 2949 occidi;
2856 2881 3121 2954 profecto
3177 2880 3224 2936 si
3269 2880 3330 2936 id
3365 2884 3574 2952 sponte
3618 2879 3825 2951 faciat,

2089 2952 2131 3005 Ο
2158 2971 2462 3027 homicida
2490 2976 2597 3037 est,
2628 2952 3025 3028 etiamsieum
3054 2972 3289 3028 occidat
3311 2987 3495 3045 quem
3526 2971 3633 3027 scit
3659 2987 3698 3026 a
3725 2971 3829 3042 ju-

2158 3058 2289 3115 dice
2316 3059 2508 3116 occidi
2532 3059 2835 3116 debuisse.

2695 3167 2843 3223 Item
2885 3167 3282 3237 Augustinus.

2232 3255 2495 3324 (Arcusr.
2526 3256 2589 3310 in
2617 3256 2800 3311 Exod.
2826 3272 2884 3328 q.
2920 3260 2977 3310 71
3002 3274 3015 3324 ;
3043 3258 3358 3311 Buncnun.
3382 3253 3484 3310 lib.
3513 3271 3598 3325 x1,
3628 3270 3679 3310 c.
3703 3258 3824 3326 54).

2159 3343 2395 3398 Poenale
2426 3348 2515 3399 est
2541 3344 2770 3400 occulte
2808 3344 3059 3401 auferre.
3115 3344 3291 3402 Multo
3337 3343 3582 3416 majoris
3634 3360 3829 3417 parua

2157 3437 2245 3488 est
2293 3432 2593 3489 visibiliter
2636 3434 2881 3507 eripere.
2937 3434 3180 3491 Auferre
3222 3449 3364 3503 ergo
3408 3434 3651 3505 nolenti,
3692 3435 3827 3491 sive

2157 3521 2406 3592 occulte,
2437 3538 2543 3578 seu
2572 3522 2798 3594 palam,
2830 3522 3013 3579 habet
3040 3527 3407 3595 praeceptum
3435 3540 3635 3579 suum.
3660 3526 3827 3581 Furti

2155 3609 2316 3666 enim
2340 3610 2583 3666 nomine
2606 3611 2760 3668 bene
2789 3610 3133 3682 intelligitur
3163 3613 3361 3668 omnis
3403 3611 3603 3669 illicita
3649 3629 3827 3669 usur-

2156 3698 2320 3770 patio
2350 3698 2434 3754 rei
2465 3698 2694 3755 alienee.
2737 3703 2864 3755 Non
2889 3699 3051 3755 enim
3078 3699 3357 3773 rapinam
3405 3700 3673 3773 permisit
3715 3701 3827 3774 qui

2154 3787 2377 3844 furtum
2405 3788 2730 3860 prohibuit,
2786 3788 2892 3844 sed
2936 3789 3140 3862 utique
3166 3789 3278 3845 sub
3317 3789 3456 3846 furti
3486 3791 3736 3846 nomine
3764 3796 3825 3847 et

2153 3877 2430 3950 rapinam
2456 3876 2700 3949 intelligi
2730 3877 2932 3934 voluit.
2966 3881 3014 3931 A
3039 3883 3209 3951 parte
3236 3878 3395 3935 enim
3421 3883 3613 3936 totum
3636 3879 3827 3951 signi-

2151 3966 2352 4023 ﬁcavit
2380 3966 2679 4040 quidquid
2707 3965 2985 4040 proximo
3015 3966 3298 4024 aufertur.

2455 4077 2537 4131 De
2565 4077 2765 4131 eadem
2791 4090 2874 4131 re.
2904 4077 2997 4131 Ex
3028 4075 3508 4146 Capitularibus.

2217 4163 2391 4218 CCLX
2405 4164 2548 4220 XIV.
2607 4164 2756 4234 (Lib.
2784 4181 2843 4221 v1
2869 4165 3236 4236 Capitutar.,
3266 4184 3316 4222 c.
3339 4172 3428 4235 96,
3454 4171 3511 4223 et
3540 4166 3602 4223 in
3634 4168 3827 4239 Capi-

2139 4252 2288 4311 tulis
2317 4254 2535 4308 CAROLI
2569 4253 2765 4321 CALVI,
2798 4253 2881 4310 tit.
2928 4259 3018 4322 20,
3062 4255 3171 4326 27).
3226 4254 3283 4312 Si
3339 4255 3475 4328 quis
3522 4256 3677 4313 infra
3728 4274 3827 4314 re-

2142 4356 2330 4411 gnum
2360 4342 2636 4415 rapinam
2668 4343 2887 4415 fecerit,
2939 4350 3043 4401 aut
3093 4346 3377 4419 cuiquam
3413 4350 3629 4403 nostro
3654 4347 3829 4404 ﬁdeli

2140 4433 2245 4486 aut
2294 4431 2425 4501 ejus
2481 4430 2713 4487 homini
2766 4432 2995 4506 aliquid
3044 4433 3100 4488 vi
3146 4433 3480 4501 abstulerit,
3524 4434 3585 4491 in
3615 4435 3825 4509 triplo,

2142 4518 2236 4574 cui
2270 4518 2418 4592 tulit,
2451 4521 2626 4593 315
2658 4520 2892 4591 legibus
2923 4527 3267 4597 componat,
3294 4528 3351 4580 et
3378 4523 3626 4597 insuper
3660 4524 3829 4583 ban-

2142 4623 2288 4663 num
2343 4612 2615 4664 nostrum
2670 4609 2994 4681 persolvat.
3049 4610 3440 4668 Postmodum
3483 4628 3627 4668 vero
3670 4618 3826 4672 ante

2142 4710 2254 4750 nos
2309 4712 2345 4751 a
2392 4696 2606 4752 comite
2633 4696 2990 4771 adducatur,
3011 4704 3076 4755 ut
3100 4699 3161 4754 in
3184 4698 3515 4757 bastiniaco
3544 4706 3826 4760 retrusus

2143 4800 2335 4856 usque
2392 4784 2539 4840 dum
2587 4784 2762 4841 nobis
2809 4786 3115 4859 placuerit,
3171 4804 3387 4860 poenas
3444 4787 3588 4845 luat.
3660 4792 3820 4848 Nam

2142 4871 2190 4926 si
2233 4873 2471 4944 publice
2511 4878 2710 4930 actum
2744 4873 2939 4946 fuerit,
2983 4876 3292 4949 publicam
3338 4877 3479 4933 inde
3509 4881 3652 4949 agat
3690 4895 3824 4951 pae-

2141 4961 2448 5019 nitentiam
2498 4964 2670 5034 juxta
2720 4968 3063 5022 sanctorum
3107 4982 3414 5023 canonum
3442 4967 3814 5024 sanctiones.

2144 5050 2199 5107 Si
2229 5067 2372 5107 vero
2402 5052 2651 5122 occulte,
2685 5054 3062 5111 sacerdotum
3115 5055 3363 5112 consilio
3407 5055 3624 5113 exinde
3664 5064 3824 5128 agat

2139 5140 2551 5211 poanitentiam
2616 5158 2628 5195 :
2688 5142 2979 5214 quoniam
3038 5148 3329 5217 raptores,
3371 5150 3436 5201 ut
3480 5145 3824 5217 Apostolus

2138 5228 2238 5295 ait,
2270 5227 2379 5282 nisi
2412 5228 2548 5283 inde
2577 5245 2781 5286 veram
2810 5232 3036 5300 egerint
3065 5234 3499 5304 paenitentiam,
3546 5246 3819 5302 regnum

2138 5316 2237 5371 Dei
2296 5333 2415 5371 non
2473 5319 2883 5389 possidebunt.
2967 5322 3077 5384 Qui
3112 5334 3286 5377 vero
3343 5323 3417 5378 de
3477 5323 3659 5379 rebus
3719 5341 3819 5381 ec-

2134 5441 2275 5519 nodi
2310 5442 2995 5519 Agathensis.3Ettamen
3028 5440 3317 5517 Egbertus
3335 5448 3815 5519 Cantuariensis,

2134 5512 2239 5585 qui
2269 5512 2456 5589 multo
2485 5515 2786 5589 antiquior
2810 5522 2897 5574 est
2925 5512 3248 5589 Reginone,
3280 5518 3427 5577 illud
3474 5519 3683 5577 laudat
3736 5512 3819 5579 ei

2136 5584 2389 5641 concilio
2427 5584 2772 5657 Agathénsi.
