4044 6196
200 239 304 292 337

1153 238 1245 293 DE
1276 240 1559 298 ECCLES.
1595 240 1879 298 DISCIPL.
1913 239 2098 297 LIBRI
2130 243 2295 299 DUO.
2326 273 2397 285 —
2426 244 2552 300 LIB.
2590 244 2657 300 lI.

3516 256 3625 310 338

200 359 515 416 clesiarum
546 357 775 431 aliquid
824 359 1196 431 abstulerint,
1230 363 1472 433 gravius
1524 365 1663 421 inde
1693 364 1855 436 judi-
1886 365 1934 418 Α
1965 367 2022 420 et
2068 363 2128 419 in
2173 369 2325 423 terra
2359 366 2589 423 alienus
2638 366 2944 434 efﬁcietur,
2997 370 3054 422 et
3098 367 3283 437 regali
3333 375 3625 442 potestate

196 453 429 515 cantur,
454 447 600 520 quia
630 464 940 505 sacrarum
988 466 1188 507 rerum
1225 452 1448 509 ablatio
1479 454 1853 524 sacrilegium

197 541 301 603 est,
326 540 383 592 et
416 536 744 607 sacrilegus
783 542 1034 595 vocatur
1075 540 1180 613 qui
1208 541 1422 597 exinde
1451 542 1679 615 aliquid
1708 540 1855 598 t'ule-

192 626 286 681 rit.
325 628 601 681 Extorres
644 642 913 699 namque
941 644 978 683 a
1006 628 1315 685 liminibus
1349 635 1571 686 sanctae
1620 631 1717 687 Dei
1748 634 1853 686 Ec-

192 715 385 771 clesiae
416 713 565 771 tales
594 730 866 788 personas
897 734 1088 790 usque
1102 718 1181 774 ad
1194 719 1657 776 satisfactionem
1670 720 1852 776 eccle-

193 805 294 860 siae
322 819 515 877 quam
544 804 845 875 laeserunt,
891 812 1029 863 sunt
1056 806 1354 864 habendae
1397 813 1576 882 atque
1608 809 1854 865 ﬁrmiter

192 893 555 949 denotandaa
587 895 755 966 (314).

512 982 600 1038 De
629 983 831 1038 eadem
860 999 943 1040 re.
974 985 1076 1042 Ea:
1101 987 1534 1043 Ptenitentiali.

257 1071 542 1126 CCLXXV.
578 1070 917 1136 (Buacutan
970 1072 1073 1130 lib.
1109 1091 1149 1146 ι,
1189 1090 1241 1129 c.
1276 1077 1391 1137 65).
1440 1075 1497 1131 Si
1527 1074 1743 1147 aliquis
1774 1074 1849 1129 de

190 1159 523 1215 ministerio
546 1159 815 1215 Ecclesiae
845 1162 1115 1234 quolibet
1142 1165 1328 1219 modo
1359 1163 1588 1237 aliquid
1617 1164 1848 1219 furatus

188 1247 384 1317 fuerit,
418 1252 647 1320 septem
677 1263 870 1306 annos
900 1252 1205 1323 poeniteat.

356 1339 448 1394 De
474 1338 676 1394 eadem
704 1353 790 1394 re.
821 1340 920 1395 Ex
945 1342 1198 1397 concilio
1243 1341 1681 1398 Wormatiensi.

263 1426 528 1493 CCLXXI.
560 1426 814 1494 (Concil.
848 1428 1286 1498 Wormat.c.l5;
1323 1416 1863 1500 Buncaxnn.,lib.XI'

188 1530 241 1569 c.
279 1518 396 1583 66.)
427 1516 589 1588 Saepe
619 1516 910 1587 contingit
939 1522 1001 1573 ut
1038 1517 1101 1573 in
1128 1518 1506 1574 monasteriis
1536 1518 1692 1575 furta
1717 1535 1847 1592 per-

184 1605 514 1673 petrantur.
536 1602 759 1658 Idcirco
781 1604 1096 1661 statuimus
1129 1610 1192 1662 ut
1220 1605 1468 1678 quando
1496 1606 1610 1680 ipsi
1634 1606 1844 1667 fratres

184 1691 261 1746 de
289 1691 514 1747 talibus
575 1709 636 1748 se
669 1708 927 1766 purgare
979 1695 1219 1765 debent,
1273 1696 1460 1753 missa
1500 1697 1579 1753 ab
1627 1697 1845 1753 abbate

185 1780 541 1851 celebretur,
590 1781 685 1837 vel
742 1782 819 1838 ab
859 1783 1061 1856 aliquo
1111 1784 1504 1857 praesentibus
1542 1785 1842 1843 fratribus.

185 1871 253 1924 Et
282 1870 389 1938 sic,
415 1870 648 1944 expleta
695 1871 899 1942 missa,
927 1889 1137 1929 omnes
1177 1876 1623 1931 communicent
1640 1875 1700 1931 in
1721 1876 1846 1931 haec

182 1956 404 2014 verba:
441 1959 619 2030 316
662 1959 893 2030 Corpus
917 1963 1157 2019 Domini
1181 1964 1257 2018 sit
1289 1962 1398 2019 tibi
1439 1963 1521 2019 ad
1539 1965 1847 2033 probatio-

183 2063 318 2103 nem
349 2047 705 2121 hodie(315).

500 2139 588 2194 De
615 2153 797 2196 causa
829 2141 1153 2196 criminali.
1187 2141 1286 2197 Ex
1314 2142 1536 2198 eodem.

256 2224 593 2281 CCLXXVII.
643 2226 898 2297 (Concil.
955 2229 1265 2291 Wormat.,
1298 2232 1472 2295 c.10;
1518 2231 1842 2284 Buacasan.

176 2311 290 2370 lib.
322 2329 387 2384 ιι,
418 2330 471 2370 c.
509 2315 651 2386 199).
709 2316 767 2372 Si
814 2315 1099 2388 episcopo
1129 2320 1232 2371 aut
1281 2316 1634 2389 presbytero
1664 2332 1847 2373 causa

172 2401 532 2471 criminalis,
563 2403 979 2471 homicidium,
994 2404 1377 2475 adulterium,
1399 2409 1457 2461 et
1483 2404 1847 2461 maleﬁcium

170 2495 530 2563 reputatum
561 2491 753 2560 fuerit,
812 2492 874 2547 in
904 2491 1153 2560 singulis
1182 2492 1432 2548 missam
1473 2496 1726 2549 tractare
1752 2492 1849 2548 de—

168 2578 298 2646 bet,
333 2583 395 2634 et
420 2583 710 2635 secretam
754 2578 992 2651 publice
1021 2579 1237 2642 dicere,
1271 2584 1328 2636 et
1375 2582 1845 2651 communicare,

170 2670 234 2721 et
262 2665 348 2720 de
385 2664 637 2735 singulis
678 2666 791 2722 sibi
818 2666 1107 2740 reputatis
1149 2667 1528 2723 innocentem
1556 2684 1620 2724 se
1646 2673 1846 2725 osten-

176 2753 345 2809 dere.
383 2753 558 2819 Quod
588 2753 783 2810 sinon
816 2754 1036 2823 fecerit,
1073 2756 1446 2828 quinquenio
1476 2773 1513 2813 a
1537 2756 1846 2814 liminibus

174 2838 450 2895 ecclesiae
480 2844 801 2897 extraneus
830 2841 1141 2899 habeatur.

376 2931 466 2987 De
492 2932 713 3000 rapina
744 2937 799 2987 et
829 2933 1133 2989 violentia.
1166 2934 1263 2989 Ea:
1295 2933 1666 3003 Capitulari.

256 3017 616 3075 DCLXXVIII.
650 3020 693 3091 ((

161 3112 225 3176 4,
245 3110 310 3162 et
334 3106 419 3163 tit.
446 3110 535 3175 29,
556 3124 606 3163 c.
631 3112 709 3175 t).
730 3108 1004 3189 Episcopi
1034 3110 1388 3181 evangelicae
1419 3115 1474 3168 et
1503 3110 1846 3184 apostolicae

162 3206 422 3247 necnon
470 3192 830 3264 propheticus
878 3194 1243 3251 auctoritatis
1275 3196 1597 3251 sententias
1640 3195 1714 3251 de
1759 3211 1851 3252 ra-

162 3280 329 3353 pina
360 3284 416 3335 et
445 3280 501 3336 vi
531 3285 585 3337 et
609 3281 847 3338 decreta
875 3283 1167 3339 canonica
1197 3290 1255 3340 ct
1296 3284 1630 3357 apostolica
1655 3284 1847 3341 brevi-

164 3375 271 3425 ter
299 3367 520 3425 debent
563 3369 784 3426 habere
814 3371 1121 3441 adnotata,
1153 3376 1211 3427 et
1238 3373 1369 3428 haec
1397 3372 1685 3429 omnibus
1734 3389 1847 3446 pu-

164 3457 345 3515 blice
379 3457 658 3527 relegant.
676 3458 828 3516 Missi
856 3476 1101 3532 quoque
1121 3461 1435 3532 legationis
1463 3462 1684 3533 legales
1713 3478 1847 3518 sen-

167 3546 400 3602 tentias
428 3551 485 3602 et
509 3547 1049 3618 praedesesssorum
1080 3554 1422 3607 nostrorum
1450 3555 1509 3607 et
1537 3555 1745 3607 nostra
1771 3550 1846 3606 de

164 3636 295 3691 hac
324 3650 511 3693 causa
542 3635 803 3708 capitula
846 3637 1131 3693 omnibus
1172 3642 1315 3695 nota
1357 3639 1597 3696 faciant.
1634 3643 1698 3695 Et
1728 3639 1849 3712 epi-

168 3724 352 3798 scopi
382 3725 482 3780 Dei
515 3729 571 3781 et
616 3725 942 3799 episcopali
990 3727 1336 3784 auctoritate
1384 3728 1846 3800 depredationes

168 3818 233 3870 et
266 3812 515 3887 rapinas
536 3814 819 3870 omnibus
841 3815 1216 3872 interdicant.
1237 3819 1303 3872 Et
1333 3817 1499 3872 missi
1520 3821 1577 3873 et
1601 3817 1848 3873 comites

171 3903 357 3975 317
416 3902 608 3959 nostri
650 3904 879 3959 cunctis
924 3920 999 3959 ex
1022 3908 1228 3960 nostro
1275 3905 1485 3960 banno
1528 3904 1847 3978 prohibere

169 3991 433 4047 ﬁrmiter
460 3991 738 4049 studeant
757 3996 821 4048 ut
841 3998 1211 4063 cognoscant
1240 4009 1452 4050 omnes
1477 3994 1641 4067 quod
1665 3994 1713 4050 si
1732 3993 1847 4050 tale

171 4081 415 4155 aliquid
463 4082 657 4137 facere
706 4083 1174 4156 praesumpserit,
1217 4083 1552 4139 secundum
1609 4084 1847 4140 divinas

171 4168 509 4225 sententias
564 4170 971 4243 episcopalem
1034 4170 1288 4244 excipiet
1342 4171 1735 4240 sententiam;
1790 4176 1848 4228 et

173 4258 521 4314 secundum
547 4258 708 4330 leges
738 4265 794 4316 et
830 4259 1094 4333 capitula
1121 4260 1288 4331 regia
1319 4262 1640 4318 emendare
1670 4277 1845 4331 coga—

173 4350 294 4413 tur,
342 4352 403 4403 et
458 4348 792 4404 secundum
845 4348 1143 4420 judicium
1192 4350 1461 4406 ﬁdelium
1499 4355 1844 4407 nostrorum

172 4435 550 4507 condignam
576 4437 902 4493 vindictam
932 4438 1201 4511 excipiet.

610 4527 698 4582 De
728 4527 929 4584 eadem
962 4542 1046 4583 re.
1080 4528 1176 4583 Εα·
1200 4530 1416 4584 eodem.

251 4614 565 4669 CCLXXIX.
600 4614 798 4685 (Ibid,
828 4632 878 4671 c.
912 4619 988 4683 7).
1024 4615 1197 4680 Quod
1222 4617 1291 4684 si,
1319 4617 1484 4689 quod
1512 4617 1687 4687 absit,
1716 4617 1847 4673 talis

168 4701 487 4758 emerserit
515 4703 623 4775 qui
644 4703 744 4759 Dei
774 4703 1047 4760 timorem
1070 4709 1395 4778 postponat
1423 4710 1480 4761 et
1500 4706 1847 4762 ecclesiasti-

171 4807 314 4847 cam
337 4792 756 4848 auctoritatem
783 4796 1147 4860 contemnat,
1163 4798 1221 4849 et
1245 4794 1475 4864 regiam
1490 4799 1846 4866 potestatem

171 4879 456 4949 refugiat,
476 4880 643 4947 sciat,
659 4880 1007 4953 quicunque
1034 4880 1129 4937 ille
1158 4881 1352 4951 fuerit,
1376 4881 1521 4954 quia
1549 4886 1606 4938 et
1635 4899 1844 4939 secun-

173 4968 335 5023 dum
363 4969 721 5025 canonicam
745 4968 1158 5025 auctoritatem
1174 4969 1251 5024 ab
1274 4970 1548 5026 omnium
1571 4970 1845 5028 Christia-

172 5070 403 5113 norum
420 5063 580 5114 coetu
608 5062 667 5114 et
689 5074 726 5114 a
751 5062 974 5114 sanctas
997 5057 1273 5113 Ecclesiae
1293 5059 1594 5115 consortio
1617 5059 1843 5118 inoculo

250 5252 402 5325 (314)
425 5256 566 5310 Pars
586 5254 799 5311 ultima
827 5254 994 5310 istius
1021 5254 1229 5325 capitis
1249 5254 1485 5312 diversa
1503 5260 1592 5312 est
1616 5256 1695 5312 ab
1718 5256 1842 5312 edi-

172 5324 348 5397 tione
378 5324 517 5397 quze
543 5330 735 5382 exstat
760 5326 820 5381 in
868 5325 1035 5381 libris
1064 5324 1512 5397 Capitularium.
1562 5327 1676 5384 Sed
1704 5343 1845 5383 con-

172 5394 354 5469 venit
376 5394 515 5451 c'um
536 5413 610 5469 ea
628 5413 817 5469 quam
837 5397 1121 5452 exhibent
1140 5394 1378 5469 Caitula
1400 5397 1591 5453 Caroli
1620 5397 1801 5469 Calvi.

252 5465 687 5539 (_315)_Multum
717 5468 989 5539 diversus
1032 5484 1109 5539 es
1138 5467 1235 5522 hic
1259 5483 1456 5523 canon
1485 5484 1523 5523 a
1564 5468 1839 5539 vulgatis,

166 5536 551 5594 editionibus
580 5538 814 5595 concilii
834 5538 1299 5594 Wormatiensis.
1334 5543 1516 5594 Istam
1547 5536 1748 5596 tamen
1768 5536 1846 5595 1e-

169 5607 451 5663 ctionem
471 5615 713 5666 secutus
731 5614 819 5666 est
844 5609 1240 5677 Burchardus,
1253 5614 1311 5665 et
1328 5625 1402 5665 ex
1415 5626 1487 5666 eo
1507 5610 1841 5667 Gratianus.

168 5679 396 5751 Itaque
407 5685 715 5751 postrema
723 5696 866 5754 pars
876 5680 959 5737 ita
966 5679 1220 5736 habetin
1235 5681 1569 5737 canonibus
1584 5679 1837 5737 concilii:

1963 455 2143 524 atque
2198 454 2473 510 omnium
2516 454 2642 525 regi
2688 454 2959 510 ﬁdelium
3004 445 3414 528 unanimitate,
3468 460 3622 518 sicut

1964 541 2064 596 Dei
2114 541 2414 613 inimicus,
2468 548 2525 599 et
2578 543 2747 613 regni
2801 543 3160 611 devastator,
3228 553 3623 621 persequetur

1962 646 2154 704 usque
2176 649 2212 688 a
2237 648 2425 703 regno
2455 633 2899 689 exterminetur.

2591 740 2757 796 Unde
2783 755 2992 809 supra.

2030 827 2307 883 CCLXXX.
2333 828 2591 898 (Ibid.,c.
2630 832 2738 895 l0).
2771 827 3034 884 Audiant
3065 845 3315 902 rapaces
3340 832 3489 904 quid
3513 834 3623 888 Do-

1958 915 2161 971 minus
2192 931 2299 988 per
2325 916 2540 973 Isaiam
2571 916 2750 973 dicit:
2776 918 3014 986 Rapina
3036 920 3326 987 pauperis
3348 921 3413 975 in
3444 922 3616 977 domo

1962 1010 2177 1060 vestra.
2212 1007 2276 1061 Et
2304 1020 2410 1077 per
2438 1005 2791 1078 Apostolum
2811 1022 2832 1061 :
2888 1007 3092 1078 Neque
3128 1021 3398 1079 rapaces,
3430 1024 3621 1079 neque

1960 1093 2272 1150 homicidce
2352 1096 2639 1159 adulteri.
2711 1112 2961 1167 regnum
3031 1098 3143 1152 Dei
3202 1098 3613 1167 possidebunt.

1961 1181 2125 1237 Unde
2160 1182 2473 1239 intendant
2498 1183 2674 1255 quale
2717 1188 3135 1257 quantumque
3185 1188 3501 1256 peccatum
3530 1190 3618 1242 est

1956 1271 2189 1343 rapina,
2218 1287 2403 1344 quam
2435 1289 2572 1328 cum
2605 1272 2898 1329 adulterio
2932 1278 2989 1329 et
3017 1272 3342 1329 homicidio
3375 1279 3616 1331 sanctus

1957 1361 2332 1432 comparavit
2378 1361 2723 1434 Apostolus.
2776 1363 2920 1418 Item
2976 1362 3104 1434 ipse
3137 1362 3315 1418 dicit:
3371 1362 3438 1419 Si
3483 1364 3615 1433 quis

1954 1449 2315 1519 fornicator,
2343 1457 2451 1506 aut
2479 1452 2743 1520 adulter,
2773 1457 2879 1508 aut
2923 1466 3145 1521 rapax,
3176 1458 3280 1507 aut
3322 1452 3620 1508 homicida

1956 1541 2061 1603 est,
2102 1552 2234 1592 cum
2268 1538 2615 1607 hujusmodi
2648 1555 2755 1595 nec
2785 1540 2980 1595 cibum
3010 1555 3242 1596 sumere
3273 1540 3619 1596 Christiano

1958 1627 2091 1682 licet
2121 1632 2264 1682 ante
2305 1629 2778 1697 satisfactionem
2833 1631 2899 1684 Et
2924 1628 3138 1683 beatus
3167 1630 3429 1684 Joannes
3479 1645 3623 1701 apo-

1889 1713 1926 1766 Β
1956 1715 2143 1770 stolus
2176 1716 2353 1771 talem
2383 1717 2690 1773 hominem
2718 1716 3172 1788 318salutare
3197 1720 3355 1772 vetat
3375 1716 3611 1772 dicens:

1955 1805 2076 1860 Nec
2105 1820 2214 1861 ave
2237 1807 2294 1860 ei
2312 1804 2559 1870 dixeris,
2589 1821 2783 1877 neque
2809 1807 2873 1861 in
2903 1806 3140 1861 domum
3170 1806 3479 1875 receperis.
3506 1805 3622 1873 Qui

1955 1893 2107 1949 enim
2140 1908 2249 1950 ave
2277 1895 2333 1950 ei
2357 1895 2522 1963 dicit,
2566 1895 2967 1950 communicat
2997 1894 3274 1963 operibus
3296 1896 3421 1963 ejus
3449 1894 3620 1949 mali-

1954 1983 2108 2052 gnis.
2164 1982 2423 2038 Audiant
2467 1983 2571 2055 qui
2621 1983 2680 2038 in
2726 1982 3008 2038 Toletano
3051 1982 3302 2039 concilio
3331 1982 3619 2055 scriptum

1955 2073 2061 2125 est.
2097 2070 2349 2142 Require
2381 2086 2514 2143 cap.
2550 2074 2639 2126 36.

2027 2159 2329 2214 CCLXXXI.
2379 2159 2437 2215 Si
2487 2158 2647 2230 quis,
2702 2160 3007 2229 inquiunt,
3069 2157 3144 2213 de
3182 2156 3621 2231 potentioribus

1957 2246 2237 2302 clericum
2281 2251 2384 2303 aut
2408 2262 2740 2319 pauperem
2768 2246 3204 2319 exspoliaverit.
3250 2245 3502 2317 Require
3531 2260 3619 2299 re-

1958 2339 2048 2389 tro
2078 2334 2183 2390 ubi
2211 2334 2287 2391 de
2315 2335 2655 2390 homicidiis
2684 2335 3037 2391 continetur.

2029 2421 2293 2478 Audiant
2318 2427 2591 2495 raptores
2620 2426 2675 2478 et
2704 2422 3021 2495 praedones
3046 2437 3248 2478 rerum
3275 2420 3623 2477 ecclesiasti—

1957 2526 2168 2567 carum
2216 2511 2364 2584 quid
2412 2516 2656 2568 sanctus
2708 2511 3024 2567 Anacletus
3052 2527 3089 2568 a
3134 2514 3301 2567 Petro
3345 2509 3620 2582 apostolo

1958 2599 2271 2656 ordinatus
2300 2599 2477 2655 dicat.

2383 2709 2473 2762 De
2500 2707 2705 2763 eadem
2733 2722 2817 2763 re.
2852 2707 3199 2763 Anacletus.

2030 2796 2361 2851 CCLXXXII.
2395 2797 2708 2865 (Capitula
2758 2796 2975 2851 CAROLI
3016 2796 3216 2865 CALVI,
3266 2795 3428 2866 ibid;
3478 2797 3621 2850 Bun-

1958 2899 2165 2938 cmmn.
2194 2881 2456 2951 1ib.xvn,
2481 2899 2532 2938 c.
2572 2883 2678 2954 18).
2714 2882 2824 2949 Qui
2851 2882 3113 2951 abstulit,
3147 2882 3356 2953 inquit,
3390 2881 3619 2955 aliquid

1957 2972 2133 3044 patri,
2171 2971 2489 3027 homicidae
2537 2971 2838 3044 particeps
2888 2975 2993 3027 est.
3045 2972 3218 3027 Pater
3264 2974 3467 3027 noster
3496 2971 3622 3026 sine

697 3021 1576 3132 Cfﬂf‘f‘fﬁCﬁ‘ﬂE’f‘fi‘;
1594 3026 1842 3132 ἓξὲξςῇ
1875 3058 1918 3113 c
1958 3021 2146 3116 δᾷὶξὲὸ
2172 3021 2488 3127 ’ὁὲξᾴξῆ
2499 3021 3012 3132 ειῖλῖιίξὲἓιῖεεξέἑὲ.
3042 3021 3220 3116 agi;
3242 3021 3623 3116 νῖεὲξῌοέὶῖεἱ

1960 3148 2239 3217 Ecclesia,
2272 3165 2407 3221 quae
2437 3164 2549 3205 nos
2580 3148 2641 3204 in
2687 3148 2990 3222 baptismo
3031 3148 3366 3222 spiritaliter
3395 3149 3620 3220 genuit.

1959 3241 2111 3309 Ergo
2142 3237 2249 3310 qui
2281 3237 2492 3293 Christi
2516 3238 2803 3310 pecunias
2830 3241 2886 3293 et
2914 3237 3421 3309 Ecclesiae£aufert,
3444 3237 3621 3309 rapit,

1958 3332 2061 3383 aut
2086 3326 2417 3393 fraudetur,
2445 3326 2752 3382 homicida
2780 3331 2888 3394 est,
2920 3331 3101 3399 atque
3127 3332 3263 3384 ante
3298 3330 3484 3383 Deum
3512 3326 3623 3380 ho-

1956 3416 2179 3472 micida
2210 3415 2553 3489 deputatur.
2587 3416 2698 3483 Qui
2726 3417 2888 3472 enim
2927 3432 3022 3472 res
3056 3416 3330 3473 Ecclesiae
3360 3414 3621 3471 abstule-

1958 3506 2050 3576 rit,
2070 3505 2452 3575 sacrilegium
2468 3505 2626 3571 facit,
2642 3508 2775 3560 etut
2786 3504 3112 3574 sacrilegus
3127 3504 3495 3575 judicandus
3512 3507 3617 3559 est.

2193 3612 2342 3667 Item
2383 3611 2659 3666 Urbanus
2686 3625 2851 3679 papa
2881 3615 2936 3665 et
2966 3616 3204 3679 martyr
3224 3610 3389 3666 dicit.

2027 3699 2380 3755 (CLXXXIII.
2406 3698 2721 3768 (Capitula
2744 3698 2961 3751 CAROLI
2992 3698 3187 3762 Cum,
3224 3697 3390 3765 ibid).
3422 3698 3531 3750 Res
3564 3698 3623 3749 et

1958 3787 2272 3844 facultates
2337 3783 2750 3839 ecclesiasticae
2819 3782 3153 3839 oblationes
3222 3781 3620 3855 appellantur,

1955 3875 2101 3948 quia
2137 3873 2392 3929 Domino
2420 3871 2772 3942 offeruntur,
2819 3875 2875 3927 et
2905 3875 3041 3928 vota
3067 3877 3207 3928 sunt
3252 3870 3521 3926 ﬁdelium
3551 3886 3622 3926 ac

1955 3961 2145 4035 pretia
2174 3964 2560 4035 peccatorum
2583 3964 2761 4033 atque
2787 3959 3149 4032 patrimonia
3165 3974 3524 4032 pauperum.
3564 3957 3622 4015 Si

1954 4052 2090 4125 quis
2121 4050 2222 4107 illa
2250 4049 2536 4123 rapuerit,
2581 4064 2719 4104 reus
2748 4052 2807 4105 et
2843 4047 3251 4105 damnationis
3287 4046 3532 4104 Ananiae
3563 4050 3621 4103 et

1954 4139 2253 4213 Saphirae;
2293 4142 2350 4194 et
2395 4140 2629 4210 oportet
2680 4134 3033 4208 hujusmodi
3081 4136 3314 4193 tradere
3361 4138 3614 4204 Satanae,

1954 4233 2018 4285 ut
2049 4229 2292 4302 spiritus
2323 4226 2525 4284 salvus
2557 4226 2633 4283 sit
2655 4226 2717 4282 in
2749 4226 2845 4283 die
2876 4225 3130 4283 Domini.

2397 4335 2577 4407 319
2608 4337 2751 4392 Item
2783 4336 3000 4391 Lucius
3016 4349 3203 4404 papa.

1878 4410 1921 4464 θ
2026 4442 2379 4500 CCLXXXIV.
2438 4443 2747 4513 (Capitula
2804 4442 2947 4496 Cm.
3001 4441 3196 4509 CALVI,
3248 4440 3415 4506 ibid;
3472 4442 3616 4494 Bun-

1956 4549 2165 4590 cusan.
2193 4532 2297 4587 lib.
2330 4549 2414 4602 x1,
2444 4549 2495 4587 c.
2548 4532 2653 4602 l9).
2699 4533 2919 4585 Rerum
2970 4526 3512 4583 ecclesiasticarum
3557 4529 3617 4580 et

1954 4613 2309 4679 facultatum
2358 4624 2629 4693 raptores
2658 4634 2695 4674 a
2725 4616 3035 4673 liminibus
3083 4618 3301 4672 sanctae
3340 4613 3611 4670 Ecclesia;

1954 4711 2527 4768 anathematizantes
2567 4706 2897 4782 apostolica
2939 4704 3285 4762 auctoritate
3332 4703 3611 4777 pellimus

1953 4805 2010 4856 et
2038 4800 2404 4855 damnamus
2432 4802 2613 4870 atque
2642 4795 2963 4867 sacrilegos
2994 4809 3121 4850 esse
3155 4792 3523 4863 judicamus,
3554 4796 3612 4848 et

1949 4904 2075 4944 non
2106 4886 2300 4942 solum
2358 4902 2484 4953 eos,
2520 4885 2626 4942 sed
2674 4884 2855 4940 etiam
2907 4898 3117 4939 omnes
3171 4879 3609 4939 consentientes

1950 4977 2073 5032 eis:
2108 4976 2252 5048 quia
2281 4991 2404 5030 non
2458 4973 2654 5030 solum
2684 4973 2791 5045 qui
2840 4971 3087 5035 faciunt,
3146 4969 3255 5025 sed
3292 4969 3471 5029 etiam
3502 4969 3607 5042 qui

1950 5063 2350 5133 consentiunt,
2372 5064 2457 5119 rei
2487 5061 2855 5133 judicantur.

1949 5259 2027 5313 Et
2051 5258 2136 5313 sic
2163 5259 2226 5313 in
2257 5258 2474 5312 ultima
2504 5256 2696 5310 missae
2725 5254 3138 5323 celebratione,
3155 5269 3272 5325 pro
3303 5270 3606 5326 expurga-

1951 5330 2111 5384 tione
2159 5343 2271 5383 sua
2338 5342 2555 5396 corpus
2615 5331 2671 5382 et
2726 5326 3074 5396 sanguinem
3132 5327 3374 5381 Domini
3416 5328 3609 5381 nostri

1950 5401 2093 5478 Jesu
2123 5399 2354 5456 Christi
2392 5398 3094 5478 percipianthquatenus
3132 5399 3226 5478 ita
3259 5398 3406 5478 inde
3434 5399 3603 5478 inno-

1952 5475 2145 5526 centes
2169 5485 2229 5525 se
2258 5483 2377 5525 esse
2394 5466 2736 5525 ostendant.
2760 5466 2907 5523 Vide
2936 5469 3171 5526 Missam
3200 5467 3410 5523 Judicii
3437 5466 3600 5521 Glos-

1952 5540 2110 5597 sario
2142 5540 2438 5596 Francisci
2483 5539 2707 5608 Pithaei,
2757 5540 2816 5596 in
2859 5540 3044 5595 verbo
3082 5540 3275 5611 Aqua!
3309 5538 3600 5608 ferventis

1951 5618 2057 5669 aut
2082 5611 2327 5683 frigida?
2345 5612 2666 5681 judicium.
