4046 6190
391 227 497 283 339

1011 342 1097 395 De
1124 338 1331 396 eadem
1362 353 1445 394 re.

466 434 788 491 CCLXXXV.
819 428 1120 502 (Capitula
1149 428 1288 484 CAR.
1304 430 1504 494 Cum,
1521 426 1666 482 ibid.
1675 438 1698 496 ;
1725 426 2055 480 Buacasan.

394 520 498 580 lib.
527 537 608 590 XI,
635 536 688 589 c.
733 518 844 589 9I).
899 515 1272 586 Augustinus
1321 514 1508 571 dicit:
1558 512 1669 579 Qui
1707 510 1935 585 aliquid
1980 509 2057 566 de

397 609 646 665 ecclesia
677 606 906 662 furatur
935 608 992 661 et
1016 604 1192 677 rapit,
1222 602 1389 660 Judze
1416 601 1707 676 proditori
1738 614 2058 672 compara-

400 702 511 753 tur.

864 783 936 838 In
955 773 1285 839 canonib'us
1315 782 1631 851 scriptum.

468 873 820 930 CCLXXXVI.
856 872 1061 944 (Cone.
1098 872 1351 941 Gangr.,
1394 886 1446 925 c.
1480 875 1546 937 7;
1595 872 1923 924 BLRCBARD.
1955 866 2060 922 lib.

396 980 478 1032 x1,
513 979 564 1019 c.
591 966 704 1031 2i).
753 963 810 1019 Si
850 960 985 1034 quis
1006 959 1338 1017 oblationes
1370 958 1628 1014 ecclesiae
1660 961 1825 1013 extra
1875 956 2061 1012 eccle-

402 1052 553 1109 siam
582 1067 792 1126 rapere
812 1050 903 1105 vel
928 1049 1072 1106 dare
1100 1048 1352 1106 voluerit
1375 1052 1584 1121 praeter
1636 1045 2065 1101 conscientiam

403 1139 666 1215 episcopi
719 1138 815 1196 vel
836 1139 965 1209 ejus
986 1138 1092 1211 qui
1120 1136 1471 1209 hujusmodi
1505 1134 1703 1192 ofﬁcia
1744 1133 2069 1191 commissa

405 1232 562 1297 sunt,
595 1227 919 1284 anathema
950 1225 1041 1282 sit.

476 1336 559 1391 De
586 1333 788 1399 eadem
819 1347 902 1388 re.
959 1333 1059 1389 Ex
1115 1333 1370 1389 concilio
1397 1330 1708 1388 Meldensi.
1741 1344 1874 1398 cap.
1909 1331 1997 1382 61.

479 1423 850 1480 CCLXXXVII.
880 1421 1138 1492 (Concil.
1194 1421 1378 1477 Meld.
1407 1436 1459 1476 c.
1492 1424 1551 1475 61
1581 1436 1594 1485 ;
1628 1414 2069 1473 Βυιιριιλιωλίὶ).

406 1527 487 1582 x1,
520 1526 571 1568 c.
595 1510 706 1581 61.)
741 1512 811 1567 Ut
844 1524 1200 1582 pervasores
1252 1525 1454 1565 rerum
1511 1506 2073 1574 ecclesiasticarum,

411 1598 515 1671 qui
541 1600 790 1655 easdem
814 1614 911 1654 res
940 1601 1148 1654 contra
1178 1597 1591 1653 auctoritatem
1621 1611 1742 1651 non
1766 1593 1959 1650 solum
1992 1608 2077 1648 re

1523 212 1899 271 REGINONIS
1937 210 2354 267 PRUMlENSlS
2394 210 2715 268 ABBATIS.

2084 335 2130 388 Α
2167 345 2278 388 sua
2307 332 2716 389 admonitione
2772 348 2879 407 per
2907 348 3086 390 suum
3118 333 3399 392 nuntium
3426 335 3726 392 canonice
3759 336 3841 391 ad

3728 212 3840 270 340

2168 421 2648 479 emendationem
2684 424 2807 479 sive
2829 422 3323 496 compositionem
3347 427 3403 479 et
3430 423 3510 480 ad
3534 424 3842 497 poeniten-

2168 510 2335 581 tiam,
2377 516 2442 568 ut
2473 515 2591 568 Deo
2618 517 2676 568 et
2728 512 2989 569 ecclesiae
3022 513 3193 584 321
3240 511 3588 579 satisfaciat,
3646 528 3845 587 quam

2168 599 2336 656 Ιεεεὶι.
2362 600 2420 658 Si
2449 604 2651 657 autem
2680 600 3017 675 despexerit
3046 605 3227 674 atque
3262 602 3696 675 contempserit
3710 602 3849 673 ejus

2171 688 2647 747 admonitionem
2675 695 2733 747 et
2761 689 3219 747 saluberrimam
3255 690 3696 759 invitationem,
3760 690 3848 747 fe-

2172 777 2285 834 riat
2310 777 2479 835 illum
2512 780 2798 852 pastorali
2827 780 3011 851 virga,
3034 780 3150 836 hoc
3171 783 3258 836 est
3281 779 3575 836 sententia
3598 794 3853 837 excom-

2175 866 2616 937 municationis,
2649 874 2715 925 ut
2742 886 2778 925 a
2829 868 3255 925 communione
3306 872 3528 925 sanctas
3561 869 3853 925 Ecclesiae

2176 956 2571 1030 omniumque
2599 958 3072 1015 Christianorum
3103 958 3177 1013 sit
3197 962 3511 1031 separatus
3537 975 3741 1031 usque
3774 959 3855 1015 ad

2177 1059 2509 1115 congruam
2561 1046 3031 1103 satisfactionem
3058 1051 3115 1102 et
3160 1045 3406 1116 dignam
3464 1045 3856 1103 emendatio-

2177 1148 2337 1191 nem.
2382 1136 2577 1200 Quam
2632 1135 3314 1193 excommunicationem
3342 1135 3592 1192 debebit
3652 1136 3859 1193 isdem

2179 1223 2499 1297 episcopus
2530 1225 2747 1281 seniori
2777 1225 2935 1281 illius
2968 1229 3176 1281 notam
3224 1225 3419 1282 facere
3447 1229 3503 1282 et
3558 1226 3860 1283 omnibus

2181 1312 2305 1368 suis
2338 1313 2729 1387 coepiscopis,
2743 1329 2819 1370 ne
2830 1330 2971 1371 eum
2983 1313 3273 1387 recipiant
3291 1328 3485 1388 usque
3497 1315 3576 1372 ad
3594 1312 3859 1387 dignam

2184 1399 2649 1458 satisfactionem
2676 1403 2845 1474 (316).

2220 1508 2306 1563 De
2333 1507 2424 1564 his
2454 1510 2559 1580 qui
2587 1510 2838 1567 alterius
2872 1511 3251 1580 parcre/tiam
3272 1515 3431 1567 sunt.
3465 1511 3562 1567 Ea:
3587 1510 3822 1567 eodem.

2258 1599 2448 1654 CCXC.
2484 1598 2705 1668 (Capit.
2757 1598 3111 1661 CARLOMAN..
3144 1598 3287 1654 ibid.
3322 1614 3372 1655 c.
3407 1602 3479 1667 6;
3512 1600 3858 1655 Bracnmn.

412 1685 620 1750 tinere,
648 1701 861 1741 verum
882 1685 1062 1741 etiam
1092 1684 1406 1742 crudeliter
1434 1682 1792 1757 depopulari
1820 1697 2076 1737 noscun-
2104 1687 2148 1739 Β
2185 1684 2287 1740 lib.
2325 1702 2397 1754 xx,
2452 1702 2501 1743 c.
2536 1691 2602 1743 45
2632 1706 2644 1755 ;
2699 1692 2799 1744 Ivo
2829 1692 2997 1761 parte
3051 1704 3170 1759 xxv,
3204 1704 3254 1744 c.
3292 1690 3389 1745 109
3422 1707 3435 1756 ;
3490 1692 3777 1745 Gnarus.
3807 1692 3859 1757 ϐ,

412 1778 529 1838 tur,
558 1774 811 1847 quidam
832 1775 1010 1830 etiam
1040 1778 1100 1829 et
1126 1772 1436 1831 facultates
1465 1772 1731 1829 ecclesiae
1753 1771 1813 1827 in
1842 1770 2077 1826 diversa

414 1863 884 1922 collaboratione
913 1868 972 1920 et
998 1862 1290 1919 reditibus
1341 1878 1443 1918 eas
1486 1861 1855 1934 exspoliant;
1889 1860 1996 1916 sed
2024 1863 2081 1915 et

414 1969 713 2027 pauperes
744 1958 804 2010 et
845 1952 1075 2010 vicinos
1104 1957 1161 2009 et
1187 1951 1732 2008 circummanentes
1762 1949 2080 2006 immiseri-

415 2042 671 2098 corditer
717 2028 1072 2114 exspoliant,
1115 2041 1451 2110 devastant,
1484 2043 1542 2097 et
1592 2039 1960 2112 opprimunt,
2019 2042 2084 2093 ut

415 2145 689 2203 rapaces,
747 2130 853 2203 qui
907 2130 1242 2186 secundum
1292 2128 1650 2202 Apostolum
1693 2130 1752 2199 (Ι
1772 2130 1913 2185 Cor.
1942 2127 2019 2196 vx)
2049 2144 2085 2183 a

411 2233 601 2290 regno
650 2218 751 2274 Dei
809 2218 1228 2288 excluduntur,
1260 2233 1336 2274 ex
1385 2217 1679 2273 criminali
1729 2222 1786 2273 et
1841 2215 2085 2289 publico

414 2311 661 2380 peccato
681 2307 859 2378 320
880 2306 1126 2378 publica
1143 2306 1494 2379 paenitentia
1512 2306 1899 2362 satisfaciant.
1913 2303 2085 2370 Quod

416 2396 465 2451 si
486 2397 603 2452 hoc
633 2410 813 2465 agere
866 2393 1187 2464 noluerint,
1229 2399 1287 2451 et
1314 2398 1606 2467 potestate
1635 2393 1803 2464 regia
1843 2393 1922 2450 ad
1969 2393 2084 2448 hoc

416 2483 713 2543 exbortati
741 2482 839 2540 vel
867 2470 1212 2540 coacti’non
1239 2483 1479 2553 fuerint,
1511 2485 1848 2555 proferatur
1876 2486 2087 2539 contra

417 2590 520 2630 eos
566 2572 896 2646 apostolica
925 2572 1200 2629 terribilis
1233 2572 1543 2643 sententia,
1587 2587 1713 2644 qua
1740 2571 1956 2628 dicitur
1983 2589 1996 2626 :
2019 2572 2088 2627 Si

417 2665 551 2734 quis
578 2663 783 2733 frater
805 2663 1174 2732 nominatur,
1191 2667 1245 2717 et
1278 2667 1361 2717 est
1385 2676 1608 2730 rapax,
1623 2676 1757 2717 cum
1781 2662 2085 2730 hujusmo-

420 2752 485 2810 di
516 2767 624 2808 nec
654 2751 848 2808 cibum
882 2752 1196 2823 quisquam
1226 2765 1457 2806 sumere
1505 2756 1830 2819 praesumat
1861 2750 1922 2817 (Ι
1946 2750 2082 2806 Cor.

417 2840 499 2913 v).
542 2840 693 2907 Quia
743 2838 1024 2913 iniquum
1051 2842 1108 2895 et
1138 2836 1498 2907 sacrilegum
1550 2841 1657 2904 est,
1690 2841 1756 2893 ut
1813 2840 2087 2910 Symma-

418 2932 569 2987 chus
594 2944 759 3002 papa
787 2928 979 2999 (sexta
990 2928 1255 2998 synodus
1273 2928 1543 2984 Romana
1564 2928 1673 2983 sub
1703 2928 2085 3000 Symmacho)

2186 1788 2247 1847 q.
2281 1780 2335 1839 3,
2366 1791 2417 1831 c.
2451 1780 2516 1847 5;
2546 1777 2756 1834 Prima
2800 1777 2953 1834 Coll.
2988 1779 3288 1835 Decretal.
3320 1777 3423 1835 lib.
3458 1796 3518 1846 v,
3555 1777 3641 1834 tit.
3683 1780 3776 1847 14,
3810 1792 3858 1835 c.

2192 1868 2267 1932 1.)
2299 1866 2378 1920 De
2405 1865 2518 1922 illis
2548 1868 2747 1922 autem
2768 1867 2872 1941 qui
2897 1864 3049 1923 infra
3080 1867 3449 1940 parmchiam
3486 1863 3862 1923 beneficium

2189 1957 2291 2009 aut
2320 1954 2727 2012 luereditatem
2786 1955 3032 2025 habent,
3058 1961 3116 2013 et
3161 1955 3402 2013 alterius
3440 1957 3724 2031 episcopi
3754 1971 3863 2030 pa-

2188 2042 2476 2099 rmchiani
2505 2049 2662 2113 sunt,
2690 2049 2747 2101 et
2774 2045 2923 2100 dum
2960 2046 3035 2101 de
3061 2045 3193 2101 loco
3239 2045 3317 2100 ad
3367 2044 3571 2102 locum
3633 2042 3752 2102 iter
3784 2038 3862 2102 fa-

2191 2130 2374 2203 ciunt,
2405 2133 2649 2205 rapinas
2670 2138 2728 2190 et
2751 2132 3226 2207 deprmdaliones
3253 2139 3576 2208 peragunt,
3628 2134 3866 2208 placuit

2190 2220 2366 2275 nobis
2395 2225 2452 2277 et
2487 2219 2767 2278 ﬁdelibus
2827 2222 3064 2291 nostris,
3121 2228 3187 2279 ut
3233 2224 3866 2295 excommunicentur,

2189 2324 2300 2364 nec
2327 2313 2463 2365 ante
2493 2325 2564 2366 ex
2595 2311 2897 2383 parcechia
2924 2317 3137 2369 exeant
3163 2328 3351 2386 quam
3379 2326 3515 2385 quae
3546 2318 3864 2386 perpetra-

2189 2403 2328 2454 runt
2358 2398 2538 2469 digne
2578 2400 2916 2457 emendent.
2982 2403 3249 2467 Quorum
3307 2401 3866 2458 excommunicatio

2194 2488 2412 2544 seniori
2443 2504 2651 2545 eorum
2706 2493 2762 2545 et
2813 2487 3057 2563 proprio
3114 2489 3398 2564 episcopo
3457 2488 3868 2561 signiﬁcanda

2194 2578 2369 2649 322
2404 2582 2510 2650 est,
2540 2593 2615 2634 ne
2646 2594 2749 2635 eos
2772 2578 3063 2652 recipiant
3083 2584 3409 2652 antequam
3438 2574 3582 2635 illuc
3613 2576 3868 2636 redeant

2192 2665 2295 2722 ubi
2314 2667 2592 2740 rapinam
2626 2667 2891 2724 fecerunt
2919 2671 2975 2724 et
3003 2667 3208 2725 omnia
3238 2667 3489 2742 pleniter
3536 2668 3869 2725 emendent

2196 2757 2360 2827 (317).

2584 2847 2672 2902 De
2697 2847 2897 2903 eadem
2929 2860 3010 2902 re.
3061 2844 3224 2903 Unde
3252 2860 3457 2917 supra.

2265 2931 2478 2991 CCXCI.
2524 2933 2809 3004 Capitula
2838 2934 3116 3003 CARLOM.,
3142 2934 3310 3006 ibid.,
3339 2949 3390 2991 c.
3419 2938 3492 3003 8;
3537 2937 3867 2991 BITRCEABD.

421 3023 479 3076 et
505 3021 644 3091 post
673 3032 813 3073 eum
838 3015 1053 3073 beatus
1079 3015 1396 3086 Gregorius
1419 3018 1501 3084 (S.
1534 3018 1784 3072 Ganooa.
1816 3015 1921 3072 lib.
1952 3033 2085 3084 vni;
2117 3038 2161 3093 ο
2194 3018 2297 3076 lib.
2323 3036 2403 3089 xx,
2438 3038 2487 3079 c.
2525 3020 2631 3093 l2.)
2661 3022 2882 3079 Placuit
2899 3023 3076 3079 nobis
3102 3026 3158 3080 et
3181 3021 3459 3080 ﬁdelibus
3485 3023 3721 3080 nostris
3764 3036 3871 3099 pro

421 3105 550 3162 Ind.
583 3109 642 3175 3,
668 3103 840 3178 epist.
872 3104 927 3175 6)
960 3103 1181 3161 Sabino
1207 3104 1580 3161 subdiacono
1614 3104 1836 3175 scribit,
1864 3112 1921 3162 et
1944 3121 2086 3162 con-

424 3198 513 3249 tra
541 3190 705 3262 leges
730 3196 838 3263 est,
863 3190 913 3246 si
949 3191 1086 3265 quis
1116 3190 1285 3264 quod
1327 3190 1771 3248 venerabilibus
1825 3189 1970 3246 locis
2000 3206 2088 3246 re-

418 3279 735 3353 linquitur,
761 3294 962 3352 pravze
974 3279 1294 3337 voluntatis
1324 3279 1534 3335 studiis
1562 3279 1684 3335 suis
1715 3277 2087 3351 compendiis

419 3368 732 3426 tentaverit
759 3368 1034 3424 retinere.
1060 3367 1403 3425 Secundum
1433 3372 1655 3424 statuta
1677 3383 1982 3424 canonum
2009 3366 2086 3427 ab

419 3456 587 3514 omni
614 3455 1013 3514 ecclesiastica
1068 3457 1495 3515 communione
1526 3462 1592 3514 ut
1629 3456 1954 3526 sacrilegus
1983 3455 2086 3512 de-

418 3545 519 3603 bet
547 3546 755 3619 arceri,
785 3545 979 3602 donec
1012 3546 1250 3603 studeat
1278 3546 1463 3615 digna
1490 3545 1893 3602 satisfactione
1922 3545 2090 3617 quod

418 3635 660 3692 admisit
697 3635 1013 3705 corrigere.

400 3758 409 3765 ’
451 3743 541 3799 De
570 3742 660 3799 his
690 3742 797 3814 qui
826 3742 958 3821 loca
1003 3745 1248 3798 sacrata
1300 3741 1672 3811 infringunt.
1705 3740 1806 3795 Ea:
1831 3739 2052 3796 eodem.

491 3832 892 3890 CCLXXXVIII.
933 3828 1188 3897 (Concil.
1212 3829 1423 3897 Meld.,
1446 3845 1498 3885 c.
1522 3832 1590 3885 60
1616 3847 1629 3898 ;
1653 3828 2087 3886 BuacaaanJib.

417 3936 500 3990 xx,
527 3936 583 3977 c.
611 3920 726 3992 22.)
758 3921 829 3975 Ut
857 3916 921 3973 hi
949 3902 1058 3990 qui
1078 3916 1456 3973 monasteria
1484 3916 1688 3973 etloca
1710 3916 1830 3973 Deo
1857 3921 2091 3974 sacrata

422 4013 481 4066 et
503 4006 787 4065 ecclesias
816 4004 1172 4084 infringunt,
1205 4007 1262 4061 et
1290 4005 1565 4078 deposita
1604 4005 1700 4061 vel
1736 4005 1854 4062 alia
1881 4006 2089 4081 quasli-

421 4091 527 4148 bet
552 4091 766 4150 exinde
799 4091 1183 4163 abstrahunt,
1216 4096 1275 4151 et
1313 4092 1653 4149 sacerdotes
1708 4109 1779 4149 ac
1806 4094 1966 4151 viros
1995 4111 2091 4150 ec-

424 4179 784 4237 clesiasticos
802 4195 926 4234 non
944 4179 1141 4237 solum
1160 4180 1592 4252 deshonorant,
1613 4196 1824 4237 verum
1854 4181 2091 4239 diverso

422 4269 609 4327 modo
639 4268 934 4339 afﬂigunt,
967 4269 1131 4325 velut
1180 4269 1469 4342 sacrilegi,
1503 4270 1804 4327 canonicae
1862 4277 2093 4327 senten-

424 4358 518 4414 tiae
543 4358 919 4429 subigantur,
946 4360 1127 4433 atque
1159 4358 1776 4416 excommunicentur.

426 4464 726 4535 Quomodo
752 4467 1058 4537 episcopus
1075 4465 1159 4522 ad
1177 4465 1479 4538 synodum
1506 4473 1669 4523 vocet
1696 4467 2085 4538 praedatores.

1054 4537 1222 4594 Unde
1246 4552 1458 4608 supra.

497 4626 841 4683 CCLXXXIX.
903 4626 1205 4696 Capitula
1255 4626 1646 4695 CARLOMANNI,
1701 4626 1784 4682 tit.
1849 4630 1904 4695 2,
1937 4644 1987 4683 c.
2021 4633 2088 4696 5;

425 4717 743 4770 Buacasan.
775 4713 880 4770 lib.
906 4730 989 4780 xi,
1020 4728 1071 4770 c.
1104 4713 1219 4785 13.)
1246 4712 1584 4787 Episcopus
1608 4714 1671 4770 in
1701 4715 1872 4786 cujus
1893 4730 2089 4787 parm-

426 4803 561 4859 ehia
591 4802 806 4876 aliquis
826 4801 1394 4875 consistensaliquid
1411 4802 1630 4873 injuste
1653 4802 1872 4874 fecerit,
1907 4803 2092 4860 semel

427 4895 487 4947 et
510 4890 603 4948 bis
629 4895 813 4965 atque
838 4892 1029 4960 tertio,
1063 4891 1116 4946 si
1153 4906 1397 4947 necesse
1431 4889 1624 4960 fuerit,
1658 4892 1895 4949 vocabit
1921 4892 2091 4948 illum

502 5017 650 5089 (316)
676 5016 1145 5100 Βιξι-ριλειιθάιξεηίη
1173 5016 1293 5100 ﬁne
1321 5017 1493 5075 istius
1544 5019 1756 5100 capitis
1783 5018 2089 5100 quaedam,

430 5092 497 5163 ut
524 5087 638 5163 ego
662 5089 919 5163 quidem
936 5087 1209 5163 arbitror,
1242 5087 1465 5163 de_suo
1497 5087 1748 5157 addidit,
1781 5087 1945 5162 quod
1978 5087 2090 5163 pu}

430 5162 581 5228 taret
604 5157 770 5228 haud
817 5157 1000 5213 dubie
1052 5159 1453 5215 necessarium
1482 5176 1610 5216 esse
1642 5165 1706 5216 ut
1769 5157 1905 5216 cum
1956 5157 2091 5228 quis

430 5227 807 5315 Christianus
838 5233 968 5287 erat
1018 5230 1593 5315 διᾳρζηωιιῑιὶθεξωε,
1705 5230 1771 5286 in
1787 5227 2095 5315 __omnium

429 5297 940 5384 parochianorum
1018 5298 1295 5359 notitiam
1344 5297 1732 5383 perferretur.
1787 5306 1989 5376 Itaque
2013 5304 2095 5385 in

429 5374 551 5427 nne
581 5374 811 5443 capitis,
845 5374 988 5443 post
1028 5386 1234 5443 vocem
1287 5376 1661 5443 coepiscopis,
1716 5377 1833 5431 ista
1885 5374 2094 5433 addita

431 5445 573 5515 sunt
599 5439 762 5514 apud
795 5439 1228 5508 Burchardum,
1260 5450 1315 5501 et
1344 5439 1613 5502 omnibus
1630 5439 1751 5501 suis
1768 5448 2091 5515 parochia-

429 5514 570 5585 m’s;
599 5528 735 5585 quas
758 5518 992 5590 “tamen
1043 5528 1178 5590 non
1217 5520 1450 5590 exstant
1478 5518 1643 5590 apud
1698 5514 2087 5590 Reginonem,

428 5599 715 5711 ἓῗὲἓθὲη
738 5584 1027 5693 Capitulis
1051 5585 1457 5657 Carlomanni,
1489 5584 1648 5645 unde
1702 5584 1950 5661 petitum
2002 5584 2091 5647 est

2196 3110 2506 3167 communi
2529 3111 2775 3168 utilitate
2810 3117 2867 3168 et
2894 3108 3136 3169 instanti
3165 3111 3519 3169 necessitate
3552 3119 3619 3169 ut
3670 3110 3873 3170 nullus

2195 3192 2621 3273 episcoporum
2653 3199 2912 3272 graviter
2950 3202 3098 3258 ferat
3142 3203 3190 3258 si
3219 3201 3348 3273 ejus
3401 3202 3871 3276 paroechianum

2195 3304 2305 3362 pro
2335 3288 2684 3361 hujusmodi
2710 3288 3172 3365 depraedationis
3214 3307 3401 3348 causa
3457 3289 3610 3348 alter
3639 3293 3874 3366 episco-

2197 3395 2310 3450 pus
2338 3377 2963 3437 excommunicaverit.

2624 3470 2710 3525 De
2735 3468 2937 3526 eadem
2970 3482 3050 3526 re.
3085 3468 3183 3526 Ex
3208 3470 3426 3527 eodem.

2268 3557 2509 3612 CCXCII.
2549 3555 2863 3627 (Capitula
2895 3558 3174 3630 CARLOM.,
3221 3556 3386 3627 ibid.,
3419 3576 3470 3614 c.
3506 3560 3617 3632 10.)
3652 3556 3712 3616 Si
3771 3559 3874 3616 ali-

2195 3643 2329 3716 quis
2355 3649 2555 3700 autem
2586 3645 2814 3715 regiam
2845 3646 3232 3719 protestatem
3253 3651 3308 3703 et
3329 3647 3754 3722 episcopalem
3780 3665 3880 3705 au-

2197 3732 2527 3789 ctoritatem
2557 3749 2668 3807 pro
2694 3732 2881 3791 nihilo
2937 3734 3191 3807 duxerit,
3226 3741 3281 3792 et
3310 3735 3549 3793 rebellis
3607 3736 3878 3794 existens

2196 3821 2256 3878 in
2287 3823 2498 3897 rapina
2526 3824 2759 3880 occisus
2786 3823 2982 3891 fuerit,
3007 3822 3151 3881 nulli
3174 3824 3443 3882 fidelium
3495 3830 3875 3897 nostrorum,

2196 3912 2301 3986 qui
2339 3928 2477 3968 eum
2503 3912 2801 3979 occiderit,
2835 3912 3050 3988 aliquis
3109 3912 3335 3971 faidam
3390 3914 3612 3990 portet,
3677 3929 3878 3990 neque

2196 4016 2307 4075 pro
2337 4002 2466 4073 ejus
2495 4004 2685 4058 morte
2716 4000 2944 4075 aliquid
2970 4007 3313 4077 componat.

2196 4109 2263 4167 Si
2279 4113 2583 4181 episcopus
2623 4127 2741 4167 non
2791 4114 3256 4170 excommunicet
3297 4113 3754 4182 praedatorem.
3786 4114 3882 4170 Ez-

2734 4184 2988 4239 concilio
3018 4183 3101 4239 ad
3127 4184 3345 4240 Pisias.

2269 4271 2535 4329 CCXClll.
2581 4271 2886 4344 (Capitula
2911 4273 3120 4330 CAROLI
3143 4272 3340 4344 CALVI,
3372 4271 3453 4329 tit.
3482 4274 3589 4341 29;
3624 4272 3882 4330 Concil.

2123 4382 2167 4437 ι)
2207 4363 2413 4430 Tolet.,
2448 4365 2501 4426 6,
2534 4378 2584 4417 c.
2617 4360 2696 4433 '7.)
2724 4360 3285 4443 Epis00pus‘autem
3317 4361 3657 4418 secundum
3700 4356 3880 4435 323

2197 4451 2460 4507 Toletani
2472 4450 2706 4507 concilii
2718 4450 3049 4525 capitulum
3075 4451 3422 4525 septimum,
3443 4450 3523 4507 ad
3539 4467 3741 4523 quem
3756 4467 3886 4525 per—

2199 4540 2381 4595 tinere
2412 4541 2743 4595 noscuntur
2763 4537 2841 4594 illi
2868 4539 2972 4613 qui
3006 4538 3143 4597 talia
3155 4540 3362 4597 contra
3391 4540 3578 4596 Deum
3602 4544 3669 4596 et
3687 4539 3887 4597 Eccle-

2199 4626 2297 4682 siae
2320 4642 2535 4700 pacem
2567 4624 2815 4695 faciunt,
2851 4625 2899 4681 si
2929 4642 3030 4683 eos
3070 4627 3334 4700 quolibet
3372 4642 3627 4682 munere
3662 4624 3768 4684 vel
3804 4627 3884 4683 fa-

2196 4730 2339 4772 vore
2362 4720 2465 4771 aut
2494 4714 2851 4785 negligentia
2869 4714 3194 4771 admonere
3219 4718 3322 4772 aut
3336 4717 3887 4773 excommunicare

2196 4803 2506 4873 distulerit,
2536 4808 2601 4860 ut
2647 4809 2751 4861 aut
2795 4808 3154 4861 revertentes
3180 4803 3271 4876 [In
3318 4803 3616 4874 Capitulis
3671 4804 3888 4863 Caroli

2201 4895 2395 4963 Calvi,
2446 4894 2609 4951 adm.
2658 4892 2932 4965 noluerit,
2962 4898 3025 4950 ut
3074 4898 3181 4949 aut
3222 4893 3367 4965 rem]
3422 4892 3751 4968 suscipiat,
3786 4896 3893 4952 aut

2273 5019 2415 5089 (317)
2452 5023 2513 5074 In
2541 5017 2825 5091 Capitulis
2847 5017 3256 5091 Carlomaani,
3279 5022 3335 5074 et
3364 5018 3533 5091 apud
3574 5018 3895 5077 Barcha-

2199 5087 2367 5161 dum,
2402 5094 2528 5161 tum
2550 5087 2729 5161 etiam
2759 5089 2923 5161 apud
2954 5088 3199 5161 Ivonem
3230 5087 3286 5161 et
3316 5087 3706 5161 Gratianum,
3743 5096 3806 5147 et
3831 5091 3891 5146 in

2198 5160 2394 5233 prima
2408 5159 2779 5233 collectione
2798 5159 3230 5233 ’Decretalium,
3262 5159 3451 5233 longe
3476 5159 3743 5233 diversa
3804 5167 3892 5233 est

2199 5226 2378 5313 editio
2403 5230 2814 5313 istiusearitis
2842 5230 2925 5312 sb
3058 5226 3543 5313 euenerint
3591 5231 3890 5313 σουθοςίο
3998 5226 3999 5229 ‘

2198 5304 2535 5374 Reginonis.
2579 5300 2755 5359 Nulla
2771 5302 2934 5358 enim
2957 5300 3328 5374 illic—mentio
3356 5300 3632 5374 ﬁdelium
3698 5302 3889 5374 regis,

2197 5378 2264 5447 ut
2288 5373 2493 5447 neque
2512 5374 2577 5430 in
2598 5374 2869 5447 sequenti
2900 5373 3115 5447 capite.
3148 5373 3303 5439 Quin
3353 5376 3415 5447 et_
3436 5373 3498 5428 in
3528 5374 3737 5447 veteri
3793 5373 3891 5429 co-

2198 5445 2327 5502 dice
2355 5443 2705 5515 Keginonis;
2726 5461 2853 5517 quo
2883 5443 2997 5517 nos
3028 5444 3120 5501 usi
3149 5459 3378 5511 sumas,
3400 5443 3535 5517 haec
3577 5445 3808 5517 verba,
3835 5452 3890 5502 et

2500 5514 2979 5589 nostrisfcnltelli
3010 5531 3126 5589 ope
3152 5528 3325 5589 erasa
3352 5514 3570 5570 suntin
3593 5515 3707 5589 bis
3726 5516 3892 5573 duo-

2194 5589 2311 5646 bus
2338 5587 2651 5660 capitibus,
2680 5587 2763 5660 sic
2794 5593 2997 5660 tamen
3016 5586 3083 5643 ut
3108 5586 3429 5643 manifesta
3474 5586 3751 5659 vestigia
3785 5600 3892 5644 su-

2195 5657 2430 5731 persint
2448 5658 2662 5715 veteris
2688 5657 2979 5715 lectionis.
