4044 6196
43 0 291 11 -Ϊ
334 0 345 1 ⁷⁷

786 0 1227 7 Ἦ,

150 218 237 275 341
680 268 683 277 λ
877 231 881 236 ’
1041 222 1130 277 ne
1170 223 1452 283 ECCLES.
1500 200 1762 282 uiscum

1888 225 2024 281 lBRl
2064 224 2230 281 nuo.
2274 256 2342 265 -
2386 228 2511 301 μθ.
2556 230 2619 282 n.

3432 238 3534 295 342

150 338 561 401 contemnentes
590 336 667 394 de
694 339 952 400 Ecclesia
978 343 1192 416 eiiciat,
1215 349 1770 409 excommunicatus
1804 354 1849 405 Α
1884 347 2078 405 blicus
2105 348 2323 405 divinae
2352 349 2498 419 legis
2522 351 2961 423 praevaricator,
2974 352 3068 409 vel
3087 368 3194 425 pro
3206 356 3537 414 manifestis

148 446 180 484 a
202 427 424 496 collegio
445 431 796 485 cmterorum
816 431 1136 502 habebitur
1154 452 1471 511 quousque
1493 439 1771 495 emenda-

148 517 302 574 tionis
326 514 409 572 vel
434 515 841 576 damnationis
872 537 1080 581 eorum
1113 524 1191 583 ab
1222 542 1292 583 eo
1319 528 1610 585 sententia
1638 544 1773 601 pro-

146 606 427 677 mulgetur.
462 607 760 681 Quoniam
784 610 901 667 nisi
931 617 1330 674 communiter
1351 618 1775 677 certaverimus

146 702 199 753 ut
224 697 280 752 in
305 694 582 753 omnibus
618 698 850 770 justitia
877 709 1284 773 conservetur,
1317 723 1428 765 nec
1457 724 1561 766 rex
1604 713 1774 781 pater

142 784 342 859 patriae,
368 800 478 841 nec
508 786 775 862 episcopi
808 791 1229 864 propitiatores
1267 800 1324 853 et
1364 797 1772 857 reconciliato~

141 890 220 932 res
246 873 465 947 populi,
495 890 607 935 nec
635 877 743 948 qui
785 879 1236 953 participatione
1266 886 1527 942 nominis
1559 886 1772 943 Christi

139 962 423 1023 Christiani
453 979 764 1035 vocamur,
796 968 913 1025 hoc
949 971 1117 1043 quod
1164 972 1434 1031 humano
1478 992 1579 1033 ore
1622 976 1769 1031 dici-

138 1070 253 1113 mur
276 1053 335 1109 in
360 1051 577 1111 divinis
607 1055 793 1113 oculis
823 1073 954 1115 esse
983 1060 1279 1119 valemus.

180 1164 313 1217 Item
334 1160 408 1219 de
432 1163 776 1229 rapacibus.
816 1166 911 1221 Ex
940 1169 1193 1224 concilio
1222 1171 1708 1240 Mcgontiacensi.

193 1249 442 1307 CCXCIV.
481 1248 737 1317 (Concil.
771 1253 1048 1323 Magum.
1097 1258 1205 1311 sub
1248 1259 1397 1314 Bob.
1433 1275 1484 1314 c.
1518 1265 1585 1328 6;
1630 1262 1771 1316 Bun-

129 1353 309 1395 casae.
338 1336 445 1394 lib.
476 1354 561 1407 ιι,
584 1355 635 1395 c.
666 1343 786 1401 23.)
811 1343 1094 1416 Quisquis
1138 1348 1297 1402 iastu
1327 1349 1624 1421 superbiae
1654 1349 1771 1405 ela-

129 1432 215 1483 tus
241 1426 487 1485 domum
524 1428 625 1484 Dei
669 1428 835 1488 ducit
881 1434 1414 1506 contemptibilem,
1440 1442 1502 1494 et
1526 1454 1769 1511 posses~

126 1515 309 1572 siones
335 1517 455 1573 Deo
483 1523 750 1574 sacratas
779 1525 959 1592 atque
984 1522 1065 1577 ad
1092 1523 1387 1581 honorem
1421 1526 1519 1584 Dei
1546 1527 1662 1582 sub
1685 1543 1771 1583 re-

125 1605 229 1674 gias
250 1604 641 1664 immanitatis
670 1607 1015 1666 defensione
1059 1613 1408 1671 constitutas
1454 1616 1769 1672 inhoneste

1881 436 2253 507 criminibus,
2275 438 2680 497 ecclesiastica
2705 441 2870 512 justa
2895 444 2952 497 et
2976 441 3350 499 rationabilia
3373 445 3537 515 judi-

1881 525 1970 582 cia
2001 531 2377 601 contemptor
2406 533 2674 602 repertus
2706 527 2881 589 fuerit
2909 547 2921 597 ;
2954 546 3024 585 ac
3051 535 3394 588 sanctorum
3426 533 3536 589 Pas

1881 618 2036 675 trum
2085 617 2605 677 constitutionibus
2655 618 3076 689 contradictor,
3105 618 3154 674 si
3196 620 3537 677 monitioni-

1876 704 1994 760 bus
2019 705 2466 778 episcopalibus
2501 706 2919 781 obtemperare
2948 707 3258 777 distulerit,
3291 712 3537 768 anathe-

1878 795 2205 851 matizetur.

2412 885 2509 940 Ex
2538 884 2756 952 eodem,
2785 900 2916 954 cap.
2951 890 3002 940 2.

1952 971 2210 1028 CCXCIX.
2265 972 2321 1029 Si
2371 972 2507 1045 quis
2554 977 2759 1028 contra
2800 973 3027 1043 regiam
3059 973 3410 1042 dignitatem
3438 976 3542 1030 do-

1879 1060 2005 1116 lose
2055 1077 2124 1117 ae
2154 1061 2365 1117 callide
2410 1067 2466 1117 et
2514 1062 2844 1136 perniciose
2887 1076 3063 1132 agere
3110 1064 3539 1134 comprobatus

1878 1148 2072 1218 fuerit,
2132 1151 2245 1206 nisi
2312 1152 2659 1219 dignissime
2718 1152 3085 1218 satisfecerit,
3143 1152 3538 1208 anathemati-

1879 1244 2061 1294 zetur.

2406 1331 2503 1385 Ex
2542 1331 2760 1397 eodem,
2793 1346 2923 1399 cap.
2960 1336 3011 1386 3.

1951 1418 2099 1473 CCC.
2137 1419 2477 1485 (Burnmann.
2512 1418 2614 1474 lib.
2641 1436 2740 1485 xv,
2774 1435 2824 1475 c.
2856 1420 2973 1491 '22.)
3017 1420 3073 1475 Si
3102 1420 3239 1491 quis
3268 1420 3542 1491 potestati

1878 1505 2075 1574 regiae,
2110 1521 2245 1577 qum
2292 1522 2413 1562 non
2464 1513 2550 1562 cst
2596 1509 2767 1577 juxta
2808 1509 3161 1581 Apostolum
3192 1510 3382 1576 (Rom.
3416 1513 3542 1578 xm)

1877 1593 1989 1648 nisi
2020 1608 2056 1649 a
2088 1596 2226 1663 Deo,
2255 1596 2595 1651 contumaci
2627 1601 2683 1651 et
2710 1596 2916 1651 inﬂato
2944 1596 3153 1668 spiritu
3175 1598 3541 1653 contradice-

121 1693 465 1761 (mcgavern,
486 1694 579 1751 vel
597 1694 920 1767 ίηενίηεεη
943 1703 1407 1773 ρωευωρωτῆ,
1436 1708 1540 1760 ειη
1562 1704 1767 1760 meam
1800 1700 1841 1759 Β
1866 1696 1938 1773 re
1963 1681 2056 1773 vel
2082 1683 2355 1773 resistere
2385 1685 2853 1757 praesumpserit,
2885 1688 2941 1740 et
2975 1686 3105 1755 ejus
3147 1685 3323 1755 justis
3365 1690 3421 1740 et
3450 1700 3540 1742 ra-

121 1782 209 1838 dia
238 1782 325 1839 vel
361 1784 731 1843 vastationes
760 1803 917 1844 ausu
954 1791 1272 1847 temerario
1317 1794 1763 1865 perpetraverit,

117 1871 276 1943 quasi
301 1871 551 1930 invasor
574 1878 633 1930 et
652 1874 906 1937 violator
932 1877 1206 1934 Ecclesia
1232 1880 1352 1947 Dei,
1384 1898 1522 1954 quis
1550 1885 1639 1937 est
1663 1882 1767 1938 do-

120 1976 240 2018 mus
268 1961 367 2017 Dei
384 1961 535 2027 vivi,
561 1978 598 2018 a
622 1966 1051 2023 communione
1072 1967 1344 2027 omnium
1365 1970 1634 2027 fidelium
1656 1971 1766 2027 ab-

118 2047 379 2107 scidatur.
407 2052 589 2109 Decet
610 2051 793 2110 etiam
824 2058 888 2110 ut
914 2054 1390 2125 indignationem
1420 2059 1651 2116 domini
1678 2076 1767 2116 re-

116 2135 194 2204 gis
248 2137 488 2207 sentiat,
544 2138 716 2211 cujus
770 2139 1203 2199 benevolentia)
1267 2151 1645 2219 contemptor
1709 2153 1765 2205 et

116 2223 540 2286 constitutionis
562 2228 988 2299 praevaricator
1010 2231 1249 2288 exstitit.

115 2330 279 2402 324
312 2333 487 2411 Quod
512 2335 774 2411 episcopi
794 2343 1111 2411 protegere
1138 2345 1195 2394 et
1219 2341 1539 2409 defendere
1582 2357 1767 2411 popu-

360 2405 488 2460 lum
515 2406 746 2464 debent.
778 2408 882 2465 Ea:
909 2405 1162 2465 concilio
1195 2405 1495 2467 Toletano.

184 2491 433 2548 CCXCV.
462 2492 712 2562 (Concil.
750 2496 935 2568 Tolei.
963 2511 1040 2563 Iv,
1073 2513 1123 2551 c.
1157 2501 1262 2564 32;
1297 2498 1638 2567 BUBCBARD.,
1664 2500 1767 2557 lib.

106 2596 187 2648 xv,
223 2597 277 2635 c.
317 2582 399 2651 i.)
429 2580 700 2655 Episcopi
726 2581 787 2637 in
808 2584 1193 2656 protegendis
1218 2586 1458 2660 populis
1479 2604 1549 2644 ac
1567 2588 1769 2646 defen-

105 2662 315 2724 dendis
337 2667 691 2741 impositam
719 2669 831 2726 sibi
852 2688 1061 2730 curam
1084 2689 1205 2729 non
1224 2674 1536 2749 ambigant
1560 2696 1573 2745 ;
1605 2677 1769 2735 ideo-

106 2760 210 2831 que
240 2757 399 2812 dum
454 2757 830 2830 conspiciunt
867 2758 1101 2832 judices
1132 2778 1201 2821 ac
1233 2768 1506 2839 potentes
1533 2783 1764 2841 paupe-

104 2864 228 2903 rum
281 2862 678 2920 oppressores
732 2848 1000 2917 existere,
1050 2853 1215 2927 prius
1263 2868 1366 2909 eos
1414 2856 1766 2913 sacerdotali

108 2933 528 2992 communione
558 2935 695 3009 [leg.
730 2939 1217 3013 commonitione]
1254 2941 1658 3015 redarguant;
1711 2951 1767 3003 et

1866 1769 2264 1828 'tionabilibus
2313 1772 2575 1845 imperiis
2607 1773 2942 1829 secundum
2975 1775 3159 1829 Deum
3204 1777 3261 1829 et
3290 1773 3539 1829 auctori-

1875 1863 2059 1917 tatem
2085 1860 2546 1919 ecclesiasticam
2576 1877 2647 1919 ac
2667 1866 2770 1933 jus
2801 1861 2970 1918 civile
2996 1861 3413 1935 obtemperare
3433 1877 3538 1919 no-

1871 1948 2069 2015 luerit,
2098 1950 2650 2008 anathematiZetur.

2269 2075 2447 2147 326
2493 2077 2660 2132 Unde
2681 2090 2888 2146 supra,
2922 2090 3055 2145 cap.
3086 2079 3140 2132 4.

1948 2181 2124 2237 CCCI.
2169 2182 2520 2254 Quicunque
2571 2182 2864 2255 superbiae
2892 2182 3125 2238 facibus
3156 2182 3413 2251 accensi,
3444 2182 3539 2238 vel

1874 2270 2174 2343 protervia
2206 2272 2579 2339 stomachati,
2607 2272 2735 2327 haec
2766 2289 2901 2344 quae
2932 2287 3042 2344 pro
3071 2274 3288 2328 sanctae
3332 2272 3539 2329 matris

1877 2358 2150 2414 Ecclesiae
2182 2360 2606 2431 tranquillitate
2652 2359 3125 2434 sacerdotalique
3153 2361 3345 2430 rigore
3373 2375 3408 2416 a
3438 2376 3539 2416 no-

1877 2448 1972 2503 bis
2000 2448 2362 2504 unanimiter
2393 2448 2657 2517 definita,
2690 2450 3096 2523 manibusque
3141 2450 3398 2524 propriis
3440 2467 3536 2506 ro-

1877 2536 2108 2604 borata,
2143 2537 2515 2606 violaverint,
2551 2538 2743 2613 placet
2773 2552 2875 2595 eos
2901 2554 3113 2596 omnes
3146 2540 3538 2596 anathemati-

1877 2627 2015 2683 zari.

1972 2735 2042 2791 Si
2071 2735 2242 2793 homo
2273 2742 2599 2794 accusatur
2625 2741 2680 2792 et
2712 2737 3039 2807 negaverit.
3069 2736 3169 2792 Ex
3198 2737 3448 2793 concilio

2512 2807 2901 2863 Tribm‘iensi.

1947 2913 2139 2968 CCCII.
2190 2914 2447 2979 (Concil.
2505 2914 2767 2983 Tribur.,
2816 2931 2868 2983 c,
2900 2917 3005 2982 22;
3058 2915 3379 2971 Bnncnsnn.
3430 2912 3533 2970 lib.

108 3024 149 3080 si
174 3023 604 3099 contempserit
651 3026 977 3097 emendari,
1007 3000 1217 3087 eorum
1260 3000 1640 3090 insolentiam
1671 3052 1762 3093 re-
1798 3048 1839 3111 ο
1874 3000 2805 3111 ξξηχίῖχξῗχθλῗἮίδ-Ῐξῗίξλξζῗί
2836 3017 3343 3111 ξξλξῗξλξηῗζξξ
3359 3018 3538 3111 53:133-

108 3114 205 3185 giis
232 3113 490 3171 auribus
518 3114 792 3173 intiment
817 3135 830 3186 ;
864 3121 929 3173 ut
956 3135 1113 3192 quos
1137 3119 1522 3178 sacerdotalis
1551 3123 1761 3183 admo-

106 3204 236 3260 nitio
266 3220 393 3260 non
451 3202 632 3261 ﬂectit
678 3204 757 3261 ad
797 3205 1110 3278 justitiam,
1143 3208 1359 3279 regalis
1388 3212 1657 3283 potestas
1685 3210 1762 3266 ab

107 3290 480 3366 improbitate
514 3298 802 3352 coerceat.

107 3402 239 3461 Item
268 3403 342 3460 de
378 3403 901 3474 male/actoribus.
934 3406 1034 3532 ΕΞ
1062 3407 1316 3464 concilio
1371 3408 1758 3477 Tribuﬁensi,

829 3491 962 3532 can.
1037 3521 1047 3532 .

829 3491 962 3547 cap.
996 3491 1047 3532 δ.

173 3564 433 3621 0οΧον1.
463 3562 717 3635 (Concil.
747 3564 1010 3632 Tribur.,
1038 3583 1088 3622 c.
1120 3571 1171 3637 3,
1193 3567 1266 3638 8.)
1289 3566 1606 3640 Conquesti
1624 3573 1765 3625 sunt

105 3651 339 3723 quidam
388 3653 469 3709 de
524 3653 891 3726 quibusdam
944 3653 1453 3724 malefactoribus,
1500 3673 1760 3729 quorum

107 3742 216 3796 tam
235 3741 421 3799 nimia
448 3741 812 3816 improbitas
841 3745 930 3799 est
958 3747 1020 3799 ut
1060 3742 1533 3801 admonitionem
1564 3762 1760 3803 sacer-

105 3828 297 3888 dotum
327 3848 454 3889 non
485 3835 719 3898 curent,
744 3832 1021 3889 bannum
1041 3833 1466 3907 episcoporum
1493 3839 1761 3890 contem-

104 3925 254 3991 nant,
280 3922 358 3979 ad
393 3921 709 3996 synodum
740 3925 827 3978 ter
854 3926 1189 3995 quaterque
1209 3924 1406 3979 vocati
1426 3924 1627 3979 venire
1655 3924 1761 3979 de-

104 4009 361 4081 spiciant,
408 4012 496 4069 ad
541 4016 876 4068 extremum
925 4010 1357 4067 communicari
1413 4027 1524 4084 pro
1574 4012 1761 4070 nihilo

104 4095 327 4157 ducant.
361 4105 442 4157 De
478 4100 704 4158 talibus
729 4100 909 4157 etiam
939 4100 1001 4156 in
1022 4099 1346 4172 Capitulari
1362 4103 1647 4158 statutum
1673 4106 1763 4159 est

102 4186 262 4255 regite
308 4188 645 4260 cognitioni
695 4188 934 4246 suaderi
987 4187 1225 4245 debere.
1274 4191 1339 4244 Et
1375 4188 1593 4246 devoto
1632 4189 1760 4259 regi

104 4276 334 4346 Arnulfo
373 4296 524 4336 cum
569 4282 779 4335 sancta
807 4277 1043 4350 synodo
1067 4277 1292 4351 placuit
1320 4282 1384 4334 ut
1410 4279 1759 4352 quicunque

1875 3090 1955 3146 do
2000 3095 2316 3149 accusatur
2368 3096 2426 3147 et
2475 3091 2799 3163 negaverit,
2833 3091 2882 3149 si
2925 3107 3064 3147 eum
3110 3090 3353 3148 ﬁdelem
3405 3107 3535 3147 esse

1875 3178 2087 3244 sciunt,
2115 3179 2459 3250 juramento
2490 3196 2550 3235 sc
2582 3184 2890 3252 expurget.
2927 3180 2985 3237 Si
3013 3185 3190 3236 antea
3208 3179 3537 3254 deprehen-

1874 3283 1975 3322 sus
2005 3266 2178 3323 fuerit
2206 3267 2265 3323 in
2296 3260 2451 3323 furto
2494 3272 2673 3341 atque
2702 3266 2985 3343 periurio,
3014 3268 3092 3325 ad
3118 3268 3532 3341 juramentum

1872 3371 1995 3412 non
2038 3355 2404 3413 admittatur.
2440 3357 2573 3424 Sed,
2605 3356 2760 3414 sicut
2788 3357 2894 3433 qui
2940 3357 3239 3429 ingenuus
3276 3373 3400 3417 non
3423 3361 3531 3426 cst,

1874 3444 2117 3502 ferventi
2151 3461 2310 3519 aqua
2340 3452 2397 3502 et
2425 3445 2725 3507 candendi
2754 3446 2908 3504 ferro
2940 3463 3001 3511 se
3031 3451 3338 3527 expurget.

1914 3554 1985 3609 Ut
2016 3555 2225 3610 nullus
2248 3554 2500 3609 alterius
2526 3554 2987 3622 parreehz‘anum
3010 3555 3500 3617 excommunicet.

2225 3624 2324 3679 Ex
2353 3624 2604 3692 epistola
2624 3624 2958 3694 Zephyrim‘
2976 3639 3175 3695 papte.

1945 3729 2166 3786 000111.
2223 3727 2371 3795 (Lib.
2422 3744 2460 3780 v
2510 3728 2877 3796 Capitutar.,
2915 3745 2968 3783 c.
3023 3732 3152 3795 159;
3204 3729 3527 3794 BURCIIARD,

1870 3817 1974 3874 lib.
2008 3834 2124 3884 xvi,
2162 3833 2213 3871 c.
2255 3816 2361 3887 13.)
2408 3818 2591 3877 Nemo
2628 3815 2850 3871 absens
2890 3814 3192 3885 iudicetur
3233 3816 3379 3888 quia
3418 3816 3532 3873 hu~

1870 3922 2066 3965 manas
2096 3909 2155 3961 et
2180 3904 2399 3963 divina:
2429 3905 2545 3960 hoc
2573 3903 2894 3975 prohibent
2911 3903 3093 3974 leges.
3117 3904 3352 3963 Nullam
3366 3921 3535 3963 nam-

1870 4011 1989 4069 que
2018 4011 2250 4063 eorum,
2283 3994 2345 4061 id
2383 3998 2472 4051 est
2518 3997 2959 4062 accusatorum,
2993 3994 3286 4055 sententia
3321 4009 3445 4053 non
3495 4011 3533 4055 a

1871 4100 1984 4141 suo
2007 4084 2210 4157 judice
2245 4083 2403 4143 dicta
2447 4083 2836 4153 constringat,
2867 4083 3012 4156 quia
3036 4087 3091 4143 et
3122 4082 3322 4143 sinenti
3370 4082 3531 4152 leges

1868 4173 2133 4246 idipsum
2158 4172 2285 4231 ﬁeri
2314 4171 2669 4245 praecipiunt
2695 4174 2865 4242 (319).

2110 4298 2195 4354 De
2223 4296 2424 4353 eadem
2456 4310 2539 4352 re.
2573 4295 2672 4352 Ea:
2704 4297 2829 4368 tege
2861 4293 3286 4353 Theodosiana.

104 4370 224 4473 posit
250 4367 948 4473 910?”?Ei‘iaﬁmﬁnf
975 4367 1177 4424 debita
1227 4368 1310 4473 Si?
1360 4368 1760 4473 99m???
1791 4400 1837 4466 Β
1942 4404 2162 4461 CCCIV.
2218 4404 2539 4473 (Interpret.
2586 4400 2624 4457 l.
2676 4367 2778 4457 un.
2831 4401 2973 4458 Cod.
3012 4400 3317 4472 Theodos.,
3348 4401 3421 4456 de
3447 4398 3531 4457 Re

105 4454 383 4515 aestimant
439 4463 504 4515 et
553 4456 1075 4528 Christianitatem,
1134 4456 1404 4514 saeculari
1469 4460 1758 4531 potestate

1858 4492 2082 4564 judic.)
2113 4490 2175 4548 In
2207 4490 2404 4547 causis
2428 4491 2801 4564 privatorum
2827 4490 2959 4553 talis
2983 4490 3132 4546 ratio
3156 4488 3526 4557 observetur,

102 4548 585 4645 persequgydos;
626 4550 683 4603 et
707 4546 760 4605 si
785 4546 1497 4619 iamrﬁciantur’jacemt
1526 4546 1757 4620 absque
2246 4546 2745 4645 alteriusjudicis
2792 4546 2907 4629 nisi
2960 4572 3053 4629 sui
3106 4568 3397 4627 sententia
3446 4546 3527 4625 te:

105 4637 553 4707 compositione.

108 4739 265 4815 325
298 4745 386 4802 De
415 4744 635 4803 εαάθηι
679 4758 763 4801 re.
796 4744 897 4799 Ea:
924 4743 1179 4800 concilio
1207 4743 1374 4812 apud
1401 4742 1753 4800 Suessionis.

166 4831 448 4891 CCXCVII.
482 4833 739 4906 (Concil.
779 4832 1077 4891 Suession.
1112 4848 1172 4893 ιι.
1201 4847 1253 4888 c.
1287 4830 1396 4902 I2.)
1435 4829 1757 4888 Obtentum

105 4922 179 4974 est
201 4921 378 4985 etiam
408 4939 449 4981 a
475 4921 870 4979 devotissimo
901 4920 1170 4997 principe
1207 4918 1416 4977 Carolo
1458 4923 1523 4975 ut
1552 4918 1758 4977 incesti

105 5007 332 5093 quilibet
354 5011 585 5089 aliique
614 5010 829 5085 perditi
856 5025 1112 5067 examen
1143 5008 1568 5083 episcoporum
1595 5007 1756 5065 refu-

104 5094 456 5174 gientes,per
472 5099 710 5173 judices
730 5098 1004 5173 publicos
1035 5097 1115 5161 ad
1135 5113 1343 5157 eorum
1370 5097 1756 5171 praesentiam

103 5181 488 5265 deducantur,
522 5206 598 5245 ne
628 5188 873 5245 ulterius
914 5186 1259 5244 illecebram
1309 5186 1599 5259 peccandi
1646 5202 1756 5243 nu-

102 5273 222 5331 triat
242 5275 580 5353 impunitas
609 5275 905 5335 vitiorum.

102 5378 189 5436 Ex
216 5387 471 5442 concilio
497 5386 665 5456 apud
690 5384 1057 5441 Lauriacum
1077 5385 1141 5438 in
1160 5399 1324 5453 pago
1338 5383 1755 5456 Andecavensi

163 5469 317 5512 anno
350 5461 460 5513 844
487 5450 697 5513 indici.
731 5460 784 5528 6,
819 5472 891 5513 c..
931 5456 979 5527 l,
1011 5450 1208 5512 mense
1238 5450 1476 5511 Octobri
1508 5450 1677 5524 (318).

162 5544 479 5602 CCXCVII].
528 5545 870 5618 (BURCIIARD.
901 5539 1005 5599 lib.
1038 5559 1139 5613 xv,
1185 5558 1236 5599 c.
1268 5548 1342 5615 7.)
1378 5542 1436 5600 Si
1478 5542 1614 5615 quis
1647 5557 1757 5615 pu-

160 5685 309 5759 (318)
344 5684 497 5747 γωδ
525 5689 669 5749 tam.
700 5690 772 5747 lll
796 5685 1199 5748 Conciliorum
1239 5683 1458 5754 Galliis,
1486 5698 1626 5758 pag.
1660 5686 1751 5744 36.

1868 4669 2102 4722 neatur.

2334 4754 2507 4827 327
2553 4753 2652 4809 Ea:
2678 4751 2904 4818 eadem,
2934 4765 3069 4819 cap.

1940 4862 2267 4931 (lnterpret.
2292 4858 2330 4914 l.
2357 4874 2415 4913 ιι.
2449 4857 2577 4915 Cod
2595 4904 2598 4908 .
2649 4855 2865 4913 Theod.
2888 4856 2963 4910 de
2983 4854 3284 4924 Judicz’is.)
3315 4851 3524 4910 Nullus

1865 4949 2104 5022 penitus
2131 4947 2411 5009 audiatur
2450 4947 2557 5019 qui
2601 4945 2781 5001 unius
2809 4960 3006 5001 causas
3048 4942 3524 5017 propositionem

1867 5036 2032 5113 apud
2060 5037 2215 5093 duos
2236 5034 2471 5107 iudices
2499 5033 2705 5109 partiri
2732 5031 3004 5103 voluerit.

2154 5166 2236 5219 De
2262 5162 2465 5219 eadem
2494 5175 2578 5216 re.
2623 5160 2724 5216 Et
2756 5157 3233 5228 Capitulartbus.

1937 5270 2133 5330 CCCV.
2162 5269 2475 5342 (Capitula
2519 5267 2729 5323 CAROLI
2777 5268 2974 5336 CALVI,
3014 5266 3097 5323 tit.
3130 5269 3221 5337 26,
3253 5283 3306 5327 c.
3339 5270 3416 5337 6.)
3448 5266 3524 5323 Ut

1864 5376 2045 5418 nemo
2055 5360 2477 5433 episcoporum
2493 5354 2801 5411 hominem
2811 5359 3159 5427 peccantem
3173 5356 3253 5411 ab
3266 5354 3523 5412 Ecclesia

1864 5453 1921 5506 et
1947 5444 2278 5505 Christiana
2302 5444 2584 5515 religione
2613 5440 2710 5499 vel
2732 5443 3156 5501 communione
3183 5442 3398 5499 alienet
3415 5442 3521 5497 do-

1863 5554 1975 5597 nec
1998 5536 2167 5594 illum
2194 5541 2259 5593 ut
2276 5534 2610 5592 secundum
2628 5532 3039 5605 evangelicum
3063 5537 3429 5610 praeceptum
3440 5529 3520 5586 ad

1938 5681 2088 5753 (319)
2126 5679 2273 5736 Vide
2300 5679 2401 5735 lib.
2434 5694 2511 5734 vn
2540 5674 2815 5750 Capitul.,
2847 5693 2978 5750 cap.
3014 5679 3117 5732 229
3140 5678 3199 5730 et
3220 5676 3348 5729 266.
