  <div class='ocr_page' id='page_1' title='image "/cluster/home/n/w/nwhite01/storage/ocr_20150623/132/hvd.32044054759931/177.png"; bbox 0 0 4044 6196; ppageno 0'>
   <div class='ocr_carea' id='block_1_1' title="bbox 458 179 561 235">
    <p class='ocr_par' dir='ltr' id='par_1_1' title="bbox 458 179 561 235">
     <span class='ocr_line' id='line_1_1' title="bbox 458 179 561 235; baseline -0.019 -1"><span class='ocrx_word' id='word_1_1' title='bbox 458 179 561 235; x_wconf 78' lang='grc'><strong>343</strong></span> 
     </span>
    </p>
   </div>
   <div class='ocr_carea' id='block_1_2' title="bbox 1554 164 2763 233">
    <p class='ocr_par' dir='ltr' id='par_1_2' title="bbox 1554 164 2763 233">
     <span class='ocr_line' id='line_1_2' title="bbox 1554 164 2763 233; baseline -0.006 -1"><span class='ocrx_word' id='word_1_2' title='bbox 1554 164 1942 233; x_wconf 68' lang='grc' dir='ltr'>ἰιιςθιΝοΝιε</span> <span class='ocrx_word' id='word_1_3' title='bbox 1994 169 2411 227; x_wconf 77' lang='lat' dir='ltr'><strong>PRUMIENSIS</strong></span> <span class='ocrx_word' id='word_1_4' title='bbox 2449 171 2763 228; x_wconf 80' lang='lat' dir='ltr'><strong>ABBATIS.</strong></span> 
     </span>
    </p>
   </div>
   <div class='ocr_carea' id='block_1_3' title="bbox 3762 175 3864 229">
    <p class='ocr_par' dir='ltr' id='par_1_3' title="bbox 3762 175 3864 229">
     <span class='ocr_line' id='line_1_3' title="bbox 3762 175 3864 229; baseline 0.02 -2"><span class='ocrx_word' id='word_1_5' title='bbox 3762 175 3864 229; x_wconf 70' lang='grc'><strong>344</strong></span> 
     </span>
    </p>
   </div>
   <div class='ocr_carea' id='block_1_4' title="bbox 446 292 3863 371">
    <p class='ocr_par' dir='ltr' id='par_1_4' title="bbox 446 292 3863 371">
     <span class='ocr_line' id='line_1_4' title="bbox 446 292 3863 371; baseline -0.002 -15"><span class='ocrx_word' id='word_1_6' title='bbox 446 299 931 356; x_wconf 81' lang='lat' dir='ltr'><strong>emendationem</strong></span> <span class='ocrx_word' id='word_1_7' title='bbox 948 303 1005 354; x_wconf 91' lang='lat' dir='ltr'><strong>et</strong></span> <span class='ocrx_word' id='word_1_8' title='bbox 1024 297 1431 371; x_wconf 87' lang='lat' dir='ltr'><strong>paenitentiam</strong></span> <span class='ocrx_word' id='word_1_9' title='bbox 1446 298 1650 355; x_wconf 88' lang='lat' dir='ltr'><strong>redeat</strong></span> <span class='ocrx_word' id='word_1_10' title='bbox 1663 297 2099 354; x_wconf 90' lang='lat' dir='ltr'><strong>commonitum</strong></span> <span class='ocrx_word' id='word_1_11' title='bbox 2132 298 2179 350; x_wconf 82' lang='grc' dir='ltr'><strong>Α</strong></span> <span class='ocrx_word' id='word_1_12' title='bbox 2225 294 2296 349; x_wconf 88' lang='lat' dir='ltr'><strong>Ut</strong></span> <span class='ocrx_word' id='word_1_13' title='bbox 2328 294 2488 365; x_wconf 82' lang='lat' dir='ltr'><strong>quod</strong></span> <span class='ocrx_word' id='word_1_14' title='bbox 2512 295 2573 349; x_wconf 87' lang='lat' dir='ltr'><strong>in</strong></span> <span class='ocrx_word' id='word_1_15' title='bbox 2604 296 2789 371; x_wconf 78' lang='lat' dir='ltr'><strong>Deu_m</strong></span> <span class='ocrx_word' id='word_1_16' title='bbox 2815 296 2948 371; x_wconf 74' lang='lat' dir='ltr'><strong>quis</strong></span> <span class='ocrx_word' id='word_1_17' title='bbox 2969 298 3178 371; x_wconf 63' lang='lat' dir='ltr'><strong>peccat</strong></span> <span class='ocrx_word' id='word_1_18' title='bbox 3207 292 3394 371; x_wconf 79' lang='lat' dir='ltr'><strong>nullis</strong></span> <span class='ocrx_word' id='word_1_19' title='bbox 3423 292 3653 349; x_wconf 82' lang='lat' dir='ltr'><strong>donare</strong></span> <span class='ocrx_word' id='word_1_20' title='bbox 3668 295 3863 363; x_wconf 81' lang='lat' dir='ltr'><strong>possit.</strong></span> 
     </span>
    </p>
   </div>
   <div class='ocr_carea' id='block_1_5' title="bbox 445 385 2103 461">
    <p class='ocr_par' dir='ltr' id='par_1_5' title="bbox 445 385 2103 461">
     <span class='ocr_line' id='line_1_5' title="bbox 445 385 2103 461; baseline -0.004 -15"><span class='ocrx_word' id='word_1_21' title='bbox 445 390 688 446; x_wconf 90' lang='lat' dir='ltr'><strong>habeat.</strong></span> <span class='ocrx_word' id='word_1_22' title='bbox 723 388 894 454; x_wconf 88' lang='lat' dir='ltr'><strong>Quod</strong></span> <span class='ocrx_word' id='word_1_23' title='bbox 945 388 994 443; x_wconf 88' lang='lat' dir='ltr'><strong>si</strong></span> <span class='ocrx_word' id='word_1_24' title='bbox 1039 387 1458 457; x_wconf 90' lang='lat' dir='ltr'><strong>incorrigibilis</strong></span> <span class='ocrx_word' id='word_1_25' title='bbox 1491 387 1903 461; x_wconf 85' lang='lat' dir='ltr'><strong>permanserit,</strong></span> <span class='ocrx_word' id='word_1_26' title='bbox 1930 385 2103 455; x_wconf 82' lang='lat' dir='ltr'><strong>regiae</strong></span> 
     </span>
    </p>
   </div>
   <div class='ocr_carea' id='block_1_6' title="bbox 448 476 2102 551">
    <p class='ocr_par' dir='ltr' id='par_1_6' title="bbox 448 476 2102 551">
     <span class='ocr_line' id='line_1_6' title="bbox 448 476 2102 551; baseline -0.004 -17"><span class='ocrx_word' id='word_1_27' title='bbox 448 478 727 551; x_wconf 80' lang='lat' dir='ltr'><strong>potestati</strong></span> <span class='ocrx_word' id='word_1_28' title='bbox 753 477 1071 549; x_wconf 88' lang='lat' dir='ltr'><strong>episcopus</strong></span> <span class='ocrx_word' id='word_1_29' title='bbox 1100 481 1309 532; x_wconf 87' lang='lat' dir='ltr'><strong>notum</strong></span> <span class='ocrx_word' id='word_1_30' title='bbox 1343 476 1542 549; x_wconf 86' lang='lat' dir='ltr'><strong>faciat,</strong></span> <span class='ocrx_word' id='word_1_31' title='bbox 1556 483 1621 534; x_wconf 91' lang='lat' dir='ltr'><strong>ut</strong></span> <span class='ocrx_word' id='word_1_32' title='bbox 1645 476 2102 546; x_wconf 80' lang='lat' dir='ltr'><strong>constringatur.</strong></span> 
     </span>
    </p>
   </div>
   <div class='ocr_carea' id='block_1_7' title="bbox 451 564 2107 637">
    <p class='ocr_par' dir='ltr' id='par_1_7' title="bbox 451 564 2107 637">
     <span class='ocr_line' id='line_1_7' title="bbox 451 564 2107 637; baseline -0.003 -15"><span class='ocrx_word' id='word_1_33' title='bbox 451 566 623 632; x_wconf 87' lang='lat' dir='ltr'><strong>Quod</strong></span> <span class='ocrx_word' id='word_1_34' title='bbox 669 565 720 620; x_wconf 91' lang='lat' dir='ltr'><strong>si</strong></span> <span class='ocrx_word' id='word_1_35' title='bbox 768 581 875 621; x_wconf 91' lang='lat' dir='ltr'><strong>nec</strong></span> <span class='ocrx_word' id='word_1_36' title='bbox 912 566 995 622; x_wconf 90' lang='lat' dir='ltr'><strong>sic</strong></span> <span class='ocrx_word' id='word_1_37' title='bbox 1025 566 1363 637; x_wconf 82' lang='lat' dir='ltr'><strong>correxerit,</strong></span> <span class='ocrx_word' id='word_1_38' title='bbox 1396 570 1537 622; x_wconf 89' lang='lat' dir='ltr'><strong>tunc</strong></span> <span class='ocrx_word' id='word_1_39' title='bbox 1578 565 1915 622; x_wconf 90' lang='lat' dir='ltr'><strong>secundum</strong></span> <span class='ocrx_word' id='word_1_40' title='bbox 1944 564 2107 634; x_wconf 83' lang='lat' dir='ltr'><strong>leges</strong></span> 
     </span>
    </p>
   </div>
   <div class='ocr_carea' id='block_1_8' title="bbox 451 655 2106 725">
    <p class='ocr_par' dir='ltr' id='par_1_8' title="bbox 451 655 2106 725">
     <span class='ocr_line' id='line_1_8' title="bbox 451 655 2106 725; baseline -0.002 -14"><span class='ocrx_word' id='word_1_41' title='bbox 451 656 771 711; x_wconf 90' lang='lat' dir='ltr'><strong>canonicas</strong></span> <span class='ocrx_word' id='word_1_42' title='bbox 797 670 833 710; x_wconf 89' lang='lat' dir='ltr'><strong>a</strong></span> <span class='ocrx_word' id='word_1_43' title='bbox 862 655 1289 711; x_wconf 87' lang='lat' dir='ltr'><strong>communione</strong></span> <span class='ocrx_word' id='word_1_44' title='bbox 1322 655 1721 712; x_wconf 90' lang='lat' dir='ltr'><strong>ecclesiastica</strong></span> <span class='ocrx_word' id='word_1_45' title='bbox 1746 657 2106 725; x_wconf 85' lang='lat' dir='ltr'><strong>segregetur.</strong></span> 
     </span>
    </p>
   </div>
   <div class='ocr_carea' id='block_1_9' title="bbox 591 778 1964 849">
    <p class='ocr_par' dir='ltr' id='par_1_9' title="bbox 591 778 1964 849">
     <span class='ocr_line' id='line_1_9' title="bbox 591 778 1964 849; baseline -0.001 -15"><span class='ocrx_word' id='word_1_46' title='bbox 591 781 679 834; x_wconf 90' lang='lat' dir='ltr'><strong>De</strong></span> <span class='ocrx_word' id='word_1_47' title='bbox 703 778 903 835; x_wconf 84' lang='lat' dir='ltr'><strong>eadem</strong></span> <span class='ocrx_word' id='word_1_48' title='bbox 931 793 1015 835; x_wconf 86' lang='lat' dir='ltr'><strong>re.</strong></span> <span class='ocrx_word' id='word_1_49' title='bbox 1045 779 1117 833; x_wconf 89' lang='lat' dir='ltr'><strong>In</strong></span> <span class='ocrx_word' id='word_1_50' title='bbox 1144 779 1369 847; x_wconf 82' lang='lat' dir='ltr'><strong>synodo</strong></span> <span class='ocrx_word' id='word_1_51' title='bbox 1393 779 1702 847; x_wconf 83' lang='lat' dir='ltr'><strong>Meldensi,</strong></span> <span class='ocrx_word' id='word_1_52' title='bbox 1729 794 1860 849; x_wconf 95' lang='lat' dir='ltr'><strong>cap.</strong></span> <span class='ocrx_word' id='word_1_53' title='bbox 1878 783 1964 833; x_wconf 75' lang='lat'><strong>55.</strong></span> 
     </span>
    </p>
   </div>
   <div class='ocr_carea' id='block_1_10' title="bbox 530 886 2108 958">
    <p class='ocr_par' dir='ltr' id='par_1_10' title="bbox 530 886 2108 958">
     <span class='ocr_line' id='line_1_10' title="bbox 530 886 2108 958; baseline -0.004 -13"><span class='ocrx_word' id='word_1_54' title='bbox 530 890 750 946; x_wconf 86' lang='lat' dir='ltr'><strong>CCCVI.</strong></span> <span class='ocrx_word' id='word_1_55' title='bbox 787 887 1035 958; x_wconf 85' lang='lat' dir='ltr'><strong>(Concil.</strong></span> <span class='ocrx_word' id='word_1_56' title='bbox 1068 887 1273 955; x_wconf 74' lang='lat' dir='ltr'><strong>Meld,</strong></span> <span class='ocrx_word' id='word_1_57' title='bbox 1307 903 1357 944; x_wconf 92' lang='lat' dir='ltr'><strong>c.</strong></span> <span class='ocrx_word' id='word_1_58' title='bbox 1392 893 1497 957; x_wconf 84' lang='lat'><strong>56;</strong></span> <span class='ocrx_word' id='word_1_59' title='bbox 1533 890 1850 943; x_wconf 74' lang='lat' dir='ltr'><strong>BURCBARD.</strong></span> <span class='ocrx_word' id='word_1_60' title='bbox 1893 886 1992 942; x_wconf 89' lang='lat' dir='ltr'><strong>lib.</strong></span> <span class='ocrx_word' id='word_1_61' title='bbox 2026 902 2108 952; x_wconf 69' lang='grc' dir='ltr'><strong>χι,</strong></span> 
     </span>
    </p>
   </div>
   <div class='ocr_carea' id='block_1_11' title="bbox 453 975 2114 1050">
    <p class='ocr_par' dir='ltr' id='par_1_11' title="bbox 453 975 2114 1050">
     <span class='ocr_line' id='line_1_11' title="bbox 453 975 2114 1050; baseline -0.002 -17"><span class='ocrx_word' id='word_1_62' title='bbox 453 994 504 1033; x_wconf 94' lang='lat' dir='ltr'><strong>c.</strong></span> <span class='ocrx_word' id='word_1_63' title='bbox 544 976 650 1047; x_wconf 88' lang='grc'>16.)</span> <span class='ocrx_word' id='word_1_64' title='bbox 683 978 754 1032; x_wconf 88' lang='lat' dir='ltr'><strong>Ut</strong></span> <span class='ocrx_word' id='word_1_65' title='bbox 784 990 962 1031; x_wconf 91' lang='lat' dir='ltr'><strong>nemo</strong></span> <span class='ocrx_word' id='word_1_66' title='bbox 992 975 1411 1048; x_wconf 89' lang='lat' dir='ltr'><strong>episcoporum</strong></span> <span class='ocrx_word' id='word_1_67' title='bbox 1442 976 1771 1050; x_wconf 87' lang='lat' dir='ltr'><strong>quemlibet</strong></span> <span class='ocrx_word' id='word_1_68' title='bbox 1798 975 1924 1032; x_wconf 88' lang='lat' dir='ltr'><strong>sine</strong></span> <span class='ocrx_word' id='word_1_69' title='bbox 1954 978 2114 1031; x_wconf 90' lang='lat' dir='ltr'><strong>certa</strong></span> 
     </span>
    </p>
   </div>
   <div class='ocr_carea' id='block_1_12' title="bbox 455 1062 2111 1137">
    <p class='ocr_par' dir='ltr' id='par_1_12' title="bbox 455 1062 2111 1137">
     <span class='ocr_line' id='line_1_12' title="bbox 455 1062 2111 1137; baseline -0.001 -17"><span class='ocrx_word' id='word_1_70' title='bbox 455 1068 514 1120; x_wconf 91' lang='lat' dir='ltr'><strong>et</strong></span> <span class='ocrx_word' id='word_1_71' title='bbox 537 1062 853 1119; x_wconf 88' lang='lat' dir='ltr'><strong>manifesta</strong></span> <span class='ocrx_word' id='word_1_72' title='bbox 872 1063 1102 1136; x_wconf 85' lang='lat' dir='ltr'><strong>peccati</strong></span> <span class='ocrx_word' id='word_1_73' title='bbox 1133 1079 1317 1120; x_wconf 90' lang='lat' dir='ltr'><strong>causa</strong></span> <span class='ocrx_word' id='word_1_74' title='bbox 1348 1064 1773 1121; x_wconf 89' lang='lat' dir='ltr'><strong>communione</strong></span> <span class='ocrx_word' id='word_1_75' title='bbox 1803 1065 1995 1137; x_wconf 87' lang='lat' dir='ltr'><strong>privet</strong></span> <span class='ocrx_word' id='word_1_76' title='bbox 2022 1079 2111 1119; x_wconf 91' lang='lat' dir='ltr'><strong>ec-</strong></span> 
     </span>
    </p>
   </div>
   <div class='ocr_carea' id='block_1_13' title="bbox 457 1151 2114 1209">
    <p class='ocr_par' dir='ltr' id='par_1_13' title="bbox 457 1151 2114 1209">
     <span class='ocr_line' id='line_1_13' title="bbox 457 1151 2114 1209; baseline -0.001 0"><span class='ocrx_word' id='word_1_77' title='bbox 457 1152 804 1209; x_wconf 87' lang='lat' dir='ltr'><strong>clesiastica.</strong></span> <span class='ocrx_word' id='word_1_78' title='bbox 830 1152 1164 1207; x_wconf 87' lang='lat' dir='ltr'><strong>Anathema</strong></span> <span class='ocrx_word' id='word_1_79' title='bbox 1189 1157 1388 1208; x_wconf 85' lang='lat' dir='ltr'><strong>autem</strong></span> <span class='ocrx_word' id='word_1_80' title='bbox 1420 1152 1544 1209; x_wconf 91' lang='lat' dir='ltr'><strong>sine</strong></span> <span class='ocrx_word' id='word_1_81' title='bbox 1570 1169 1869 1209; x_wconf 88' lang='lat' dir='ltr'><strong>consensu</strong></span> <span class='ocrx_word' id='word_1_82' title='bbox 1891 1151 2114 1208; x_wconf 89' lang='lat' dir='ltr'><strong>archie-</strong></span> 
     </span>
    </p>
   </div>
   <div class='ocr_carea' id='block_1_14' title="bbox 454 1241 2116 1315">
    <p class='ocr_par' dir='ltr' id='par_1_14' title="bbox 454 1241 2116 1315">
     <span class='ocr_line' id='line_1_14' title="bbox 454 1241 2116 1315; baseline 0.001 -19"><span class='ocrx_word' id='word_1_83' title='bbox 454 1241 685 1313; x_wconf 90' lang='lat' dir='ltr'><strong>piscopi</strong></span> <span class='ocrx_word' id='word_1_84' title='bbox 732 1244 836 1295; x_wconf 86' lang='lat' dir='ltr'><strong>aut</strong></span> <span class='ocrx_word' id='word_1_85' title='bbox 882 1241 1401 1314; x_wconf 88' lang='lat' dir='ltr'><strong>coepiscoporum,</strong></span> <span class='ocrx_word' id='word_1_86' title='bbox 1433 1242 1680 1315; x_wconf 77' lang='lat' dir='ltr'><strong>praelata</strong></span> <span class='ocrx_word' id='word_1_87' title='bbox 1724 1243 1901 1299; x_wconf 86' lang='lat' dir='ltr'><strong>etiam</strong></span> <span class='ocrx_word' id='word_1_88' title='bbox 1940 1258 2116 1297; x_wconf 87' lang='lat' dir='ltr'><strong>evan-</strong></span> 
     </span>
    </p>
   </div>
   <div class='ocr_carea' id='block_1_15' title="bbox 455 1329 2116 1404">
    <p class='ocr_par' dir='ltr' id='par_1_15' title="bbox 455 1329 2116 1404">
     <span class='ocr_line' id='line_1_15' title="bbox 455 1329 2116 1404; baseline 0.002 -19"><span class='ocrx_word' id='word_1_89' title='bbox 455 1329 645 1400; x_wconf 89' lang='lat' dir='ltr'><strong>gelica</strong></span> <span class='ocrx_word' id='word_1_90' title='bbox 675 1329 1102 1398; x_wconf 87' lang='lat' dir='ltr'><strong>admonitione,</strong></span> <span class='ocrx_word' id='word_1_91' title='bbox 1137 1331 1371 1386; x_wconf 89' lang='lat' dir='ltr'><strong>nullum</strong></span> <span class='ocrx_word' id='word_1_92' title='bbox 1417 1336 1622 1404; x_wconf 88' lang='lat' dir='ltr'><strong>ponat,</strong></span> <span class='ocrx_word' id='word_1_93' title='bbox 1653 1332 1768 1389; x_wconf 88' lang='lat' dir='ltr'><strong>nisi</strong></span> <span class='ocrx_word' id='word_1_94' title='bbox 1820 1332 1981 1388; x_wconf 92' lang='lat' dir='ltr'><strong>unde</strong></span> <span class='ocrx_word' id='word_1_95' title='bbox 2023 1347 2116 1388; x_wconf 89' lang='lat' dir='ltr'><strong>ca-</strong></span> 
     </span>
    </p>
   </div>
   <div class='ocr_carea' id='block_1_16' title="bbox 453 1408 2114 1493">
    <p class='ocr_par' dir='ltr' id='par_1_16' title="bbox 453 1408 2114 1493">
     <span class='ocr_line' id='line_1_16' title="bbox 453 1408 2114 1493; baseline 0.001 -19"><span class='ocrx_word' id='word_1_96' title='bbox 453 1417 671 1474; x_wconf 85' lang='lat' dir='ltr'><strong>nonica</strong></span> <span class='ocrx_word' id='word_1_97' title='bbox 712 1418 887 1475; x_wconf 89' lang='lat' dir='ltr'><strong>docet</strong></span> <span class='ocrx_word' id='word_1_98' title='bbox 938 1408 1298 1475; x_wconf 78' lang='lat' dir='ltr'><strong>auctoritas:</strong></span> <span class='ocrx_word' id='word_1_99' title='bbox 1345 1421 1488 1493; x_wconf 87' lang='lat' dir='ltr'><strong>quia</strong></span> <span class='ocrx_word' id='word_1_100' title='bbox 1529 1422 1853 1477; x_wconf 77' lang='lat' dir='ltr'><strong>anathema</strong></span> <span class='ocrx_word' id='word_1_101' title='bbox 1881 1423 2114 1477; x_wconf 66' lang='lat' dir='ltr'><strong>internae</strong></span> 
     </span>
    </p>
   </div>
   <div class='ocr_carea' id='block_1_17' title="bbox 456 1507 2118 1583">
    <p class='ocr_par' dir='ltr' id='par_1_17' title="bbox 456 1507 2118 1583">
     <span class='ocr_line' id='line_1_17' title="bbox 456 1507 2118 1583; baseline 0.001 -19"><span class='ocrx_word' id='word_1_102' title='bbox 456 1514 545 1565; x_wconf 91' lang='lat' dir='ltr'><strong>est</strong></span> <span class='ocrx_word' id='word_1_103' title='bbox 571 1507 780 1564; x_wconf 90' lang='lat' dir='ltr'><strong>mortis</strong></span> <span class='ocrx_word' id='word_1_104' title='bbox 807 1507 1137 1579; x_wconf 86' lang='lat' dir='ltr'><strong>damnatio,</strong></span> <span class='ocrx_word' id='word_1_105' title='bbox 1166 1513 1223 1564; x_wconf 90' lang='lat' dir='ltr'><strong>et</strong></span> <span class='ocrx_word' id='word_1_106' title='bbox 1253 1509 1492 1565; x_wconf 92' lang='lat' dir='ltr'><strong>nonnisi</strong></span> <span class='ocrx_word' id='word_1_107' title='bbox 1532 1526 1643 1583; x_wconf 87' lang='lat' dir='ltr'><strong>pro</strong></span> <span class='ocrx_word' id='word_1_108' title='bbox 1672 1509 1908 1566; x_wconf 86' lang='lat' dir='ltr'><strong>mortali</strong></span> <span class='ocrx_word' id='word_1_109' title='bbox 1940 1509 2118 1565; x_wconf 91' lang='lat' dir='ltr'><strong>debet</strong></span> 
     </span>
    </p>
   </div>
   <div class='ocr_carea' id='block_1_18' title="bbox 454 1596 2118 1671">
    <p class='ocr_par' dir='ltr' id='par_1_18' title="bbox 454 1596 2118 1671">
     <span class='ocr_line' id='line_1_18' title="bbox 454 1596 2118 1671; baseline 0.001 -18"><span class='ocrx_word' id='word_1_110' title='bbox 454 1597 686 1671; x_wconf 81' lang='lat' dir='ltr'><strong>imponi</strong></span> <span class='ocrx_word' id='word_1_111' title='bbox 739 1596 1005 1663; x_wconf 88' lang='lat' dir='ltr'><strong>crimine,</strong></span> <span class='ocrx_word' id='word_1_112' title='bbox 1055 1602 1111 1653; x_wconf 92' lang='lat' dir='ltr'><strong>et</strong></span> <span class='ocrx_word' id='word_1_113' title='bbox 1165 1597 1248 1652; x_wconf 92' lang='lat' dir='ltr'><strong>illi</strong></span> <span class='ocrx_word' id='word_1_114' title='bbox 1305 1599 1409 1670; x_wconf 90' lang='lat' dir='ltr'><strong>qui</strong></span> <span class='ocrx_word' id='word_1_115' title='bbox 1458 1598 1626 1655; x_wconf 85' lang='lat' dir='ltr'><strong>aliter</strong></span> <span class='ocrx_word' id='word_1_116' title='bbox 1678 1614 1800 1655; x_wconf 92' lang='lat' dir='ltr'><strong>non</strong></span> <span class='ocrx_word' id='word_1_117' title='bbox 1858 1599 2118 1671; x_wconf 91' lang='lat' dir='ltr'><strong>potuerit</strong></span> 
     </span>
    </p>
   </div>
   <div class='ocr_carea' id='block_1_19' title="bbox 459 1697 693 1753">
    <p class='ocr_par' dir='ltr' id='par_1_19' title="bbox 459 1697 693 1753">
     <span class='ocr_line' id='line_1_19' title="bbox 459 1697 693 1753; baseline 0.004 -15"><span class='ocrx_word' id='word_1_118' title='bbox 459 1697 693 1753; x_wconf 76' lang='lat' dir='ltr'><strong>corrigi.</strong></span> 
     </span>
    </p>
   </div>
   <div class='ocr_carea' id='block_1_20' title="bbox 463 1810 2119 1884">
    <p class='ocr_par' dir='ltr' id='par_1_20' title="bbox 463 1810 2119 1884">
     <span class='ocr_line' id='line_1_20' title="bbox 463 1810 2119 1884; baseline 0.001 -17"><span class='ocrx_word' id='word_1_119' title='bbox 463 1810 642 1880; x_wconf 78' lang='lat'><strong>328</strong></span> <span class='ocrx_word' id='word_1_120' title='bbox 675 1811 744 1866; x_wconf 95' lang='lat' dir='ltr'><strong>Ut</strong></span> <span class='ocrx_word' id='word_1_121' title='bbox 776 1825 894 1866; x_wconf 87' lang='lat' dir='ltr'><strong>non</strong></span> <span class='ocrx_word' id='word_1_122' title='bbox 922 1813 1037 1867; x_wconf 86' lang='lat' dir='ltr'><strong>cito</strong></span> <span class='ocrx_word' id='word_1_123' title='bbox 1068 1814 1163 1867; x_wconf 82' lang='lat' dir='ltr'><strong>ira</strong></span> <span class='ocrx_word' id='word_1_124' title='bbox 1194 1818 1514 1868; x_wconf 89' lang='lat' dir='ltr'><strong>commotus</strong></span> <span class='ocrx_word' id='word_1_125' title='bbox 1537 1813 1796 1884; x_wconf 79' lang='lat' dir='ltr'><strong>aliquem</strong></span> <span class='ocrx_word' id='word_1_126' title='bbox 1814 1814 2119 1883; x_wconf 87' lang='lat' dir='ltr'><strong>episcopus</strong></span> 
     </span>
    </p>
   </div>
   <div class='ocr_carea' id='block_1_21' title="bbox 588 1884 2009 1954">
    <p class='ocr_par' dir='ltr' id='par_1_21' title="bbox 588 1884 2009 1954">
     <span class='ocr_line' id='line_1_21' title="bbox 588 1884 2009 1954; baseline 0.004 -18"><span class='ocrx_word' id='word_1_127' title='bbox 588 1884 1072 1938; x_wconf 71' lang='lat' dir='ltr'><strong>excommunicet.</strong></span> <span class='ocrx_word' id='word_1_128' title='bbox 1106 1884 1205 1938; x_wconf 74' lang='lat' dir='ltr'><strong>Ex</strong></span> <span class='ocrx_word' id='word_1_129' title='bbox 1236 1884 1487 1952; x_wconf 85' lang='lat' dir='ltr'><strong>epistola</strong></span> <span class='ocrx_word' id='word_1_130' title='bbox 1517 1884 1788 1939; x_wconf 84' lang='lat' dir='ltr'><strong>Evaristi</strong></span> <span class='ocrx_word' id='word_1_131' title='bbox 1810 1899 2009 1954; x_wconf 71' lang='lat' dir='ltr'><strong>papae.</strong></span> 
     </span>
    </p>
   </div>
   <div class='ocr_carea' id='block_1_22' title="bbox 543 1987 2117 2059">
    <p class='ocr_par' dir='ltr' id='par_1_22' title="bbox 543 1987 2117 2059">
     <span class='ocr_line' id='line_1_22' title="bbox 543 1987 2117 2059; baseline 0.005 -20"><span class='ocrx_word' id='word_1_132' title='bbox 543 1987 787 2042; x_wconf 91' lang='lat' dir='ltr'><strong>CCCVII.</strong></span> <span class='ocrx_word' id='word_1_133' title='bbox 817 1988 1069 2056; x_wconf 89' lang='lat' dir='ltr'><strong>(Concil.</strong></span> <span class='ocrx_word' id='word_1_134' title='bbox 1116 1989 1377 2058; x_wconf 84' lang='lat' dir='ltr'><strong>Tribur.,</strong></span> <span class='ocrx_word' id='word_1_135' title='bbox 1407 2006 1458 2046; x_wconf 91' lang='lat' dir='ltr'><strong>c.</strong></span> <span class='ocrx_word' id='word_1_136' title='bbox 1491 1995 1598 2059; x_wconf 90' lang='lat'><strong>22;</strong></span> <span class='ocrx_word' id='word_1_137' title='bbox 1652 1993 1968 2047; x_wconf 78' lang='lat' dir='ltr'><strong>BURCHARD.</strong></span> <span class='ocrx_word' id='word_1_138' title='bbox 2014 1991 2117 2047; x_wconf 89' lang='lat' dir='ltr'><strong>lib.</strong></span> 
     </span>
    </p>
   </div>
   <div class='ocr_carea' id='block_1_23' title="bbox 462 2076 2122 2153">
    <p class='ocr_par' dir='ltr' id='par_1_23' title="bbox 462 2076 2122 2153">
     <span class='ocr_line' id='line_1_23' title="bbox 462 2076 2122 2153; baseline 0.004 -23"><span class='ocrx_word' id='word_1_139' title='bbox 462 2092 542 2145; x_wconf 85' lang='lat' dir='ltr'><strong>x1,</strong></span> <span class='ocrx_word' id='word_1_140' title='bbox 569 2092 621 2131; x_wconf 92' lang='lat' dir='ltr'><strong>c.</strong></span> <span class='ocrx_word' id='word_1_141' title='bbox 652 2076 727 2147; x_wconf 89' lang='lat'><strong>9).</strong></span> <span class='ocrx_word' id='word_1_142' title='bbox 767 2078 923 2131; x_wconf 90' lang='lat' dir='ltr'><strong>Deus</strong></span> <span class='ocrx_word' id='word_1_143' title='bbox 966 2076 1367 2149; x_wconf 86' lang='lat' dir='ltr'><strong>omnipotens,</strong></span> <span class='ocrx_word' id='word_1_144' title='bbox 1408 2082 1471 2134; x_wconf 90' lang='lat' dir='ltr'><strong>ut</strong></span> <span class='ocrx_word' id='word_1_145' title='bbox 1512 2095 1625 2134; x_wconf 90' lang='lat' dir='ltr'><strong>nos</strong></span> <span class='ocrx_word' id='word_1_146' title='bbox 1672 2096 1709 2135; x_wconf 92' lang='lat' dir='ltr'><strong>a</strong></span> <span class='ocrx_word' id='word_1_147' title='bbox 1754 2079 2122 2153; x_wconf 83' lang='lat' dir='ltr'><strong>praecipitata</strong></span> 
     </span>
    </p>
   </div>
   <div class='ocr_carea' id='block_1_24' title="bbox 464 2164 2123 2240">
    <p class='ocr_par' dir='ltr' id='par_1_24' title="bbox 464 2164 2123 2240">
     <span class='ocr_line' id='line_1_24' title="bbox 464 2164 2123 2240; baseline 0.002 -21"><span class='ocrx_word' id='word_1_148' title='bbox 464 2164 797 2237; x_wconf 86' lang='lat' dir='ltr'><strong>prolatione</strong></span> <span class='ocrx_word' id='word_1_149' title='bbox 828 2166 1131 2222; x_wconf 72' lang='lat' dir='ltr'><strong>sententiae</strong></span> <span class='ocrx_word' id='word_1_150' title='bbox 1164 2172 1587 2240; x_wconf 84' lang='lat' dir='ltr'><strong>compesceret,</strong></span> <span class='ocrx_word' id='word_1_151' title='bbox 1617 2185 1755 2225; x_wconf 91' lang='lat' dir='ltr'><strong>cum</strong></span> <span class='ocrx_word' id='word_1_152' title='bbox 1784 2170 1992 2225; x_wconf 86' lang='lat' dir='ltr'><strong>omnia</strong></span> <span class='ocrx_word' id='word_1_153' title='bbox 2017 2185 2123 2224; x_wconf 91' lang='lat' dir='ltr'><strong>nu-</strong></span> 
     </span>
    </p>
   </div>
   <div class='ocr_carea' id='block_1_25' title="bbox 465 2252 2121 2326">
    <p class='ocr_par' dir='ltr' id='par_1_25' title="bbox 465 2252 2121 2326">
     <span class='ocr_line' id='line_1_25' title="bbox 465 2252 2121 2326; baseline 0.004 -18"><span class='ocrx_word' id='word_1_154' title='bbox 465 2252 547 2308; x_wconf 90' lang='lat' dir='ltr'><strong>da</strong></span> <span class='ocrx_word' id='word_1_155' title='bbox 578 2258 633 2310; x_wconf 92' lang='lat' dir='ltr'><strong>et</strong></span> <span class='ocrx_word' id='word_1_156' title='bbox 662 2258 868 2326; x_wconf 90' lang='lat' dir='ltr'><strong>aperta</strong></span> <span class='ocrx_word' id='word_1_157' title='bbox 894 2254 1011 2310; x_wconf 90' lang='lat' dir='ltr'><strong>sint</strong></span> <span class='ocrx_word' id='word_1_158' title='bbox 1032 2254 1220 2311; x_wconf 90' lang='lat' dir='ltr'><strong>oculis</strong></span> <span class='ocrx_word' id='word_1_159' title='bbox 1251 2256 1400 2326; x_wconf 87' lang='lat' dir='ltr'><strong>ejus,</strong></span> <span class='ocrx_word' id='word_1_160' title='bbox 1430 2257 1589 2313; x_wconf 87' lang='lat' dir='ltr'><strong>mala</strong></span> <span class='ocrx_word' id='word_1_161' title='bbox 1618 2262 1815 2314; x_wconf 89' lang='lat' dir='ltr'><strong>tamen</strong></span> <span class='ocrx_word' id='word_1_162' title='bbox 1846 2259 2121 2315; x_wconf 79' lang='lat' dir='ltr'><strong>Sodomae</strong></span> 
     </span>
    </p>
   </div>
   <div class='ocr_carea' id='block_1_26' title="bbox 470 2341 2124 2417">
    <p class='ocr_par' dir='ltr' id='par_1_26' title="bbox 470 2341 2124 2417">
     <span class='ocr_line' id='line_1_26' title="bbox 470 2341 2124 2417; baseline 0.004 -21"><span class='ocrx_word' id='word_1_163' title='bbox 470 2341 658 2397; x_wconf 84' lang='lat' dir='ltr'><strong>noluit</strong></span> <span class='ocrx_word' id='word_1_164' title='bbox 685 2341 892 2398; x_wconf 90' lang='lat' dir='ltr'><strong>audita</strong></span> <span class='ocrx_word' id='word_1_165' title='bbox 914 2342 1184 2413; x_wconf 89' lang='lat' dir='ltr'><strong>judicare</strong></span> <span class='ocrx_word' id='word_1_166' title='bbox 1213 2344 1567 2417; x_wconf 79' lang='lat' dir='ltr'><strong>priusquam</strong></span> <span class='ocrx_word' id='word_1_167' title='bbox 1594 2346 1906 2403; x_wconf 86' lang='lat' dir='ltr'><strong>manifeste</strong></span> <span class='ocrx_word' id='word_1_168' title='bbox 1939 2362 2124 2417; x_wconf 83' lang='lat' dir='ltr'><strong>agno-</strong></span> 
     </span>
    </p>
   </div>
   <div class='ocr_carea' id='block_1_27' title="bbox 470 2431 2123 2503">
    <p class='ocr_par' dir='ltr' id='par_1_27' title="bbox 470 2431 2123 2503">
     <span class='ocr_line' id='line_1_27' title="bbox 470 2431 2123 2503; baseline 0.005 -19"><span class='ocrx_word' id='word_1_169' title='bbox 470 2435 661 2486; x_wconf 89' lang='lat' dir='ltr'><strong>sceret</strong></span> <span class='ocrx_word' id='word_1_170' title='bbox 706 2447 843 2503; x_wconf 84' lang='lat' dir='ltr'><strong>quae</strong></span> <span class='ocrx_word' id='word_1_171' title='bbox 881 2431 1252 2488; x_wconf 86' lang='lat' dir='ltr'><strong>dicebantur.</strong></span> <span class='ocrx_word' id='word_1_172' title='bbox 1299 2433 1463 2490; x_wconf 89' lang='lat' dir='ltr'><strong>Unde</strong></span> <span class='ocrx_word' id='word_1_173' title='bbox 1498 2434 1614 2491; x_wconf 88' lang='lat' dir='ltr'><strong>ait:</strong></span> <span class='ocrx_word' id='word_1_174' title='bbox 1656 2436 2040 2500; x_wconf 64' lang='lat' dir='ltr'><strong>Descendunt,</strong></span> <span class='ocrx_word' id='word_1_175' title='bbox 2070 2442 2123 2492; x_wconf 90' lang='lat' dir='ltr'><strong>et</strong></span> 
     </span>
    </p>
   </div>
   <div class='ocr_carea' id='block_1_28' title="bbox 470 2519 2125 2593">
    <p class='ocr_par' dir='ltr' id='par_1_28' title="bbox 470 2519 2125 2593">
     <span class='ocr_line' id='line_1_28' title="bbox 470 2519 2125 2593; baseline 0.004 -19"><span class='ocrx_word' id='word_1_176' title='bbox 470 2519 675 2575; x_wconf 79' lang='lat' dir='ltr'><strong>videbo</strong></span> <span class='ocrx_word' id='word_1_177' title='bbox 704 2526 907 2575; x_wconf 79' lang='lat' dir='ltr'><strong>utrum</strong></span> <span class='ocrx_word' id='word_1_178' title='bbox 938 2523 1256 2579; x_wconf 82' lang='lat' dir='ltr'><strong>clamorem</strong></span> <span class='ocrx_word' id='word_1_179' title='bbox 1288 2523 1394 2593; x_wconf 83' lang='lat' dir='ltr'><strong>qui</strong></span> <span class='ocrx_word' id='word_1_180' title='bbox 1420 2522 1722 2579; x_wconf 76' lang='lat' dir='ltr'><strong>descendit</strong></span> <span class='ocrx_word' id='word_1_181' title='bbox 1750 2524 1833 2580; x_wconf 88' lang='lat' dir='ltr'><strong>ad</strong></span> <span class='ocrx_word' id='word_1_182' title='bbox 1869 2539 1962 2579; x_wconf 89' lang='lat' dir='ltr'><strong>me</strong></span> <span class='ocrx_word' id='word_1_183' title='bbox 1989 2539 2125 2593; x_wconf 86' lang='lat' dir='ltr'><strong>ope-</strong></span> 
     </span>
    </p>
   </div>
   <div class='ocr_carea' id='block_1_29' title="bbox 470 2610 2122 2684">
    <p class='ocr_par' dir='ltr' id='par_1_29' title="bbox 470 2610 2122 2684">
     <span class='ocr_line' id='line_1_29' title="bbox 470 2610 2122 2684; baseline 0.004 -21"><span class='ocrx_word' id='word_1_184' title='bbox 470 2624 536 2665; x_wconf 85' lang='lat' dir='ltr'><strong>re</strong></span> <span class='ocrx_word' id='word_1_185' title='bbox 588 2610 1032 2678; x_wconf 82' lang='lat' dir='ltr'><strong>eompteverint,</strong></span> <span class='ocrx_word' id='word_1_186' title='bbox 1078 2625 1281 2666; x_wconf 86' lang='lat' dir='ltr'><strong>annon</strong></span> <span class='ocrx_word' id='word_1_187' title='bbox 1328 2616 1411 2666; x_wconf 90' lang='lat' dir='ltr'><strong>est</strong></span> <span class='ocrx_word' id='word_1_188' title='bbox 1463 2612 1569 2678; x_wconf 82' lang='lat' dir='ltr'><strong>ita,</strong></span> <span class='ocrx_word' id='word_1_189' title='bbox 1621 2618 1687 2667; x_wconf 84' lang='lat' dir='ltr'><strong>ut</strong></span> <span class='ocrx_word' id='word_1_190' title='bbox 1733 2613 1914 2669; x_wconf 88' lang='lat' dir='ltr'><strong>sciam</strong></span> <span class='ocrx_word' id='word_1_191' title='bbox 1957 2613 2122 2684; x_wconf 88' lang='lat' dir='ltr'><strong>(Gen.</strong></span> 
     </span>
    </p>
   </div>
   <div class='ocr_carea' id='block_1_30' title="bbox 466 2697 2127 2772">
    <p class='ocr_par' dir='ltr' id='par_1_30' title="bbox 466 2697 2127 2772">
     <span class='ocr_line' id='line_1_30' title="bbox 466 2697 2127 2772; baseline 0.003 -21"><span class='ocrx_word' id='word_1_192' title='bbox 466 2698 653 2761; x_wconf 81' lang='lat' dir='ltr'><strong>xvm).</strong></span> <span class='ocrx_word' id='word_1_193' title='bbox 677 2697 858 2769; x_wconf 89' lang='lat' dir='ltr'><strong>Cujus</strong></span> <span class='ocrx_word' id='word_1_194' title='bbox 881 2698 1158 2771; x_wconf 89' lang='lat' dir='ltr'><strong>exemplo</strong></span> <span class='ocrx_word' id='word_1_195' title='bbox 1175 2714 1495 2755; x_wconf 76' lang='lat' dir='ltr'><strong>monemur</strong></span> <span class='ocrx_word' id='word_1_196' title='bbox 1515 2716 1589 2754; x_wconf 92' lang='lat' dir='ltr'><strong>ne</strong></span> <span class='ocrx_word' id='word_1_197' title='bbox 1607 2699 1685 2755; x_wconf 92' lang='lat' dir='ltr'><strong>ad</strong></span> <span class='ocrx_word' id='word_1_198' title='bbox 1705 2700 2127 2772; x_wconf 84' lang='lat' dir='ltr'><strong>proferendam</strong></span> 
     </span>
    </p>
   </div>
   <div class='ocr_carea' id='block_1_31' title="bbox 472 2786 2128 2860">
    <p class='ocr_par' dir='ltr' id='par_1_31' title="bbox 472 2786 2128 2860">
     <span class='ocr_line' id='line_1_31' title="bbox 472 2786 2128 2860; baseline 0.004 -20"><span class='ocrx_word' id='word_1_199' title='bbox 472 2786 832 2841; x_wconf 89' lang='lat' dir='ltr'><strong>sententiam</strong></span> <span class='ocrx_word' id='word_1_200' title='bbox 870 2802 1143 2859; x_wconf 87' lang='lat' dir='ltr'><strong>unquam</strong></span> <span class='ocrx_word' id='word_1_201' title='bbox 1174 2787 1508 2860; x_wconf 71' lang='lat' dir='ltr'><strong>praecipites</strong></span> <span class='ocrx_word' id='word_1_202' title='bbox 1536 2788 1748 2859; x_wconf 91' lang='lat' dir='ltr'><strong>simus,</strong></span> <span class='ocrx_word' id='word_1_203' title='bbox 1776 2794 1879 2845; x_wconf 91' lang='lat' dir='ltr'><strong>aut</strong></span> <span class='ocrx_word' id='word_1_204' title='bbox 1908 2794 2128 2846; x_wconf 87' lang='lat' dir='ltr'><strong>temere</strong></span> 
     </span>
    </p>
   </div>
   <div class='ocr_carea' id='block_1_32' title="bbox 471 2873 2127 2949">
    <p class='ocr_par' dir='ltr' id='par_1_32' title="bbox 471 2873 2127 2949">
     <span class='ocr_line' id='line_1_32' title="bbox 471 2873 2127 2949; baseline 0.004 -21"><span class='ocrx_word' id='word_1_205' title='bbox 471 2873 969 2946; x_wconf 88' lang='lat' dir='ltr'><strong>indiligenterque</strong></span> <span class='ocrx_word' id='word_1_206' title='bbox 1024 2874 1357 2931; x_wconf 89' lang='lat' dir='ltr'><strong>indiscussa</strong></span> <span class='ocrx_word' id='word_1_207' title='bbox 1410 2891 1658 2948; x_wconf 90' lang='lat' dir='ltr'><strong>quoquo</strong></span> <span class='ocrx_word' id='word_1_208' title='bbox 1723 2877 1906 2933; x_wconf 91' lang='lat' dir='ltr'><strong>modo</strong></span> <span class='ocrx_word' id='word_1_209' title='bbox 1967 2879 2127 2949; x_wconf 90' lang='lat' dir='ltr'><strong>judi-</strong></span> 
     </span>
    </p>
   </div>
   <div class='ocr_carea' id='block_1_33' title="bbox 470 2964 700 3016">
    <p class='ocr_par' dir='ltr' id='par_1_33' title="bbox 470 2964 700 3016">
     <span class='ocr_line' id='line_1_33' title="bbox 470 2964 700 3016; baseline -0.004 0"><span class='ocrx_word' id='word_1_210' title='bbox 470 2964 700 3016; x_wconf 51' lang='lat' dir='ltr'><strong>‘eemus.</strong></span> 
     </span>
    </p>
   </div>
   <div class='ocr_carea' id='block_1_34' title="bbox 756 3050 1844 3125">
    <p class='ocr_par' dir='ltr' id='par_1_34' title="bbox 756 3050 1844 3125">
     <span class='ocr_line' id='line_1_34' title="bbox 756 3050 1844 3125; baseline 0.005 -20"><span class='ocrx_word' id='word_1_211' title='bbox 756 3052 844 3105; x_wconf 88' lang='lat' dir='ltr'><strong>De</strong></span> <span class='ocrx_word' id='word_1_212' title='bbox 870 3050 1074 3107; x_wconf 85' lang='lat' dir='ltr'><strong>eadem</strong></span> <span class='ocrx_word' id='word_1_213' title='bbox 1105 3066 1188 3107; x_wconf 89' lang='lat' dir='ltr'><strong>re.</strong></span> <span class='ocrx_word' id='word_1_214' title='bbox 1221 3052 1319 3108; x_wconf 70' lang='lat' dir='ltr'><strong>Ex</strong></span> <span class='ocrx_word' id='word_1_215' title='bbox 1349 3052 1522 3109; x_wconf 87' lang='lat' dir='ltr'><strong>dictis</strong></span> <span class='ocrx_word' id='word_1_216' title='bbox 1554 3055 1844 3125; x_wconf 82' lang='lat' dir='ltr'><strong>Gregorii.</strong></span> 
     </span>
    </p>
   </div>
   <div class='ocr_carea' id='block_1_35' title="bbox 543 3137 2133 3215">
    <p class='ocr_par' dir='ltr' id='par_1_35' title="bbox 543 3137 2133 3215">
     <span class='ocr_line' id='line_1_35' title="bbox 543 3137 2133 3215; baseline 0.008 -26"><span class='ocrx_word' id='word_1_217' title='bbox 543 3137 814 3194; x_wconf 88' lang='lat' dir='ltr'><strong>CCCVIII.</strong></span> <span class='ocrx_word' id='word_1_218' title='bbox 850 3140 921 3211; x_wconf 91' lang='lat' dir='ltr'><strong>(S.</strong></span> <span class='ocrx_word' id='word_1_219' title='bbox 957 3141 1201 3196; x_wconf 69' lang='lat' dir='ltr'><strong>Gnaeos.</strong></span> <span class='ocrx_word' id='word_1_220' title='bbox 1230 3140 1332 3196; x_wconf 87' lang='lat' dir='ltr'><strong>lib.</strong></span> <span class='ocrx_word' id='word_1_221' title='bbox 1370 3158 1467 3197; x_wconf 69' lang='grc' dir='ltr'>χιι(</span> <span class='ocrx_word' id='word_1_222' title='bbox 1493 3143 1736 3211; x_wconf 83' lang='lat' dir='ltr'><strong>Moral.,</strong></span> <span class='ocrx_word' id='word_1_223' title='bbox 1767 3160 1817 3199; x_wconf 90' lang='lat' dir='ltr'><strong>c.</strong></span> <span class='ocrx_word' id='word_1_224' title='bbox 1852 3144 1966 3215; x_wconf 87' lang='lat'><strong>23.)</strong></span> <span class='ocrx_word' id='word_1_225' title='bbox 1992 3145 2133 3201; x_wconf 86' lang='lat' dir='ltr'><strong>Bea-</strong></span> 
     </span>
    </p>
   </div>
   <div class='ocr_carea' id='block_1_36' title="bbox 469 3226 2130 3306">
    <p class='ocr_par' dir='ltr' id='par_1_36' title="bbox 469 3226 2130 3306">
     <span class='ocr_line' id='line_1_36' title="bbox 469 3226 2130 3306; baseline 0.006 -25"><span class='ocrx_word' id='word_1_226' title='bbox 469 3231 566 3282; x_wconf 92' lang='lat' dir='ltr'><strong>tus</strong></span> <span class='ocrx_word' id='word_1_227' title='bbox 596 3226 707 3283; x_wconf 86' lang='lat' dir='ltr'><strong>Job</strong></span> <span class='ocrx_word' id='word_1_228' title='bbox 739 3227 916 3284; x_wconf 88' lang='lat' dir='ltr'><strong>dicit:</strong></span> <span class='ocrx_word' id='word_1_229' title='bbox 953 3230 1230 3297; x_wconf 87' lang='lat' dir='ltr'><strong>Causam,</strong></span> <span class='ocrx_word' id='word_1_230' title='bbox 1263 3246 1441 3303; x_wconf 88' lang='lat' dir='ltr'><strong>quam</strong></span> <span class='ocrx_word' id='word_1_231' title='bbox 1488 3234 1840 3300; x_wconf 80' lang='lat' dir='ltr'><strong>nesciebam,</strong></span> <span class='ocrx_word' id='word_1_232' title='bbox 1879 3235 2130 3306; x_wconf 85' lang='lat' dir='ltr'><strong>diligen-</strong></span> 
     </span>
    </p>
   </div>
   <div class='ocr_carea' id='block_1_37' title="bbox 471 3318 2132 3397">
    <p class='ocr_par' dir='ltr' id='par_1_37' title="bbox 471 3318 2132 3397">
     <span class='ocr_line' id='line_1_37' title="bbox 471 3318 2132 3397; baseline 0.006 -26"><span class='ocrx_word' id='word_1_233' title='bbox 471 3319 695 3374; x_wconf 79' lang='lat' dir='ltr'><strong>tissime</strong></span> <span class='ocrx_word' id='word_1_234' title='bbox 717 3318 1146 3389; x_wconf 82' lang='lat' dir='ltr'><strong>investigabam</strong></span> <span class='ocrx_word' id='word_1_235' title='bbox 1179 3322 1331 3387; x_wconf 87' lang='lat' dir='ltr'><strong>(Job.</strong></span> <span class='ocrx_word' id='word_1_236' title='bbox 1363 3325 1549 3388; x_wconf 72' lang='lat' dir='ltr'><strong>xxxx).</strong></span> <span class='ocrx_word' id='word_1_237' title='bbox 1576 3323 1966 3397; x_wconf 88' lang='lat' dir='ltr'><strong>Summopere</strong></span> <span class='ocrx_word' id='word_1_238' title='bbox 1988 3340 2132 3397; x_wconf 82' lang='lat' dir='ltr'><strong>prae-</strong></span> 
     </span>
    </p>
   </div>
   <div class='ocr_carea' id='block_1_38' title="bbox 471 3405 2129 3485">
    <p class='ocr_par' dir='ltr' id='par_1_38' title="bbox 471 3405 2129 3485">
     <span class='ocr_line' id='line_1_38' title="bbox 471 3405 2129 3485; baseline 0.006 -25"><span class='ocrx_word' id='word_1_239' title='bbox 471 3420 683 3461; x_wconf 88' lang='lat' dir='ltr'><strong>cavere</strong></span> <span class='ocrx_word' id='word_1_240' title='bbox 713 3405 937 3461; x_wconf 90' lang='lat' dir='ltr'><strong>debent</strong></span> <span class='ocrx_word' id='word_1_241' title='bbox 964 3410 1222 3463; x_wconf 91' lang='lat' dir='ltr'><strong>rectores</strong></span> <span class='ocrx_word' id='word_1_242' title='bbox 1263 3406 1679 3478; x_wconf 87' lang='lat' dir='ltr'><strong>Ecclesiarum,</strong></span> <span class='ocrx_word' id='word_1_243' title='bbox 1714 3416 1770 3468; x_wconf 91' lang='lat' dir='ltr'><strong>et</strong></span> <span class='ocrx_word' id='word_1_244' title='bbox 1799 3413 1903 3485; x_wconf 88' lang='lat' dir='ltr'><strong>qui</strong></span> <span class='ocrx_word' id='word_1_245' title='bbox 1932 3408 2129 3485; x_wconf 88' lang='lat' dir='ltr'><strong>publi-</strong></span> 
     </span>
    </p>
   </div>
   <div class='ocr_carea' id='block_1_39' title="bbox 469 3486 2132 3564">
    <p class='ocr_par' dir='ltr' id='par_1_39' title="bbox 469 3486 2132 3564">
     <span class='ocr_line' id='line_1_39' title="bbox 469 3486 2132 3564; baseline 0.005 -15"><span class='ocrx_word' id='word_1_246' title='bbox 469 3507 542 3549; x_wconf 87' lang='lat' dir='ltr'><strong>ca</strong></span> <span class='ocrx_word' id='word_1_247' title='bbox 557 3493 785 3564; x_wconf 90' lang='lat' dir='ltr'><strong>judicia</strong></span> <span class='ocrx_word' id='word_1_248' title='bbox 804 3497 1099 3562; x_wconf 87' lang='lat' dir='ltr'><strong>exercent,</strong></span> <span class='ocrx_word' id='word_1_249' title='bbox 1122 3498 1186 3551; x_wconf 91' lang='lat' dir='ltr'><strong>ut</strong></span> <span class='ocrx_word' id='word_1_250' title='bbox 1209 3495 1268 3551; x_wconf 90' lang='lat' dir='ltr'><strong>in</strong></span> <span class='ocrx_word' id='word_1_251' title='bbox 1293 3486 1589 3554; x_wconf 79' lang='lat' dir='ltr'><strong>dictandis</strong></span> <span class='ocrx_word' id='word_1_252' title='bbox 1614 3500 1917 3556; x_wconf 88' lang='lat' dir='ltr'><strong>sententiis</strong></span> <span class='ocrx_word' id='word_1_253' title='bbox 1944 3501 2132 3558; x_wconf 89' lang='lat' dir='ltr'><strong>nulla-</strong></span> 
     </span>
    </p>
   </div>
   <div class='ocr_carea' id='block_1_40' title="bbox 468 3581 2131 3662">
    <p class='ocr_par' dir='ltr' id='par_1_40' title="bbox 468 3581 2131 3662">
     <span class='ocr_line' id='line_1_40' title="bbox 468 3581 2131 3662; baseline 0.005 -25"><span class='ocrx_word' id='word_1_254' title='bbox 468 3586 643 3638; x_wconf 85' lang='lat' dir='ltr'><strong>tenus</strong></span> <span class='ocrx_word' id='word_1_255' title='bbox 670 3581 905 3639; x_wconf 87' lang='lat' dir='ltr'><strong>levitate</strong></span> <span class='ocrx_word' id='word_1_256' title='bbox 930 3588 1032 3639; x_wconf 90' lang='lat' dir='ltr'><strong>aut</strong></span> <span class='ocrx_word' id='word_1_257' title='bbox 1059 3582 1259 3641; x_wconf 88' lang='lat' dir='ltr'><strong>furore</strong></span> <span class='ocrx_word' id='word_1_258' title='bbox 1290 3585 1453 3642; x_wconf 89' lang='lat' dir='ltr'><strong>ducti</strong></span> <span class='ocrx_word' id='word_1_259' title='bbox 1480 3586 1595 3643; x_wconf 90' lang='lat' dir='ltr'><strong>sint</strong></span> <span class='ocrx_word' id='word_1_260' title='bbox 1622 3588 1954 3662; x_wconf 67' lang='lat' dir='ltr'><strong>praecipites</strong></span> <span class='ocrx_word' id='word_1_261' title='bbox 1979 3608 1992 3658; x_wconf 92' lang='lat'><strong>;</strong></span> <span class='ocrx_word' id='word_1_262' title='bbox 2026 3591 2131 3646; x_wconf 91' lang='lat' dir='ltr'><strong>sed</strong></span> 
     </span>
    </p>
   </div>
   <div class='ocr_carea' id='block_1_41' title="bbox 468 3670 2130 3751">
    <p class='ocr_par' dir='ltr' id='par_1_41' title="bbox 468 3670 2130 3751">
     <span class='ocr_line' id='line_1_41' title="bbox 468 3670 2130 3751; baseline 0.005 -26"><span class='ocrx_word' id='word_1_263' title='bbox 468 3670 665 3725; x_wconf 83' lang='lat' dir='ltr'><strong>eausis</strong></span> <span class='ocrx_word' id='word_1_264' title='bbox 716 3671 882 3742; x_wconf 88' lang='lat' dir='ltr'><strong>prius</strong></span> <span class='ocrx_word' id='word_1_265' title='bbox 933 3670 1247 3741; x_wconf 84' lang='lat' dir='ltr'><strong>diligenter</strong></span> <span class='ocrx_word' id='word_1_266' title='bbox 1294 3673 1613 3744; x_wconf 88' lang='lat' dir='ltr'><strong>ventilatis,</strong></span> <span class='ocrx_word' id='word_1_267' title='bbox 1663 3691 1801 3733; x_wconf 89' lang='lat' dir='ltr'><strong>cum</strong></span> <span class='ocrx_word' id='word_1_268' title='bbox 1848 3693 1944 3733; x_wconf 90' lang='lat' dir='ltr'><strong>res</strong></span> <span class='ocrx_word' id='word_1_269' title='bbox 1994 3694 2130 3751; x_wconf 67' lang='lat' dir='ltr'><strong>quae</strong></span> 
     </span>
    </p>
   </div>
   <div class='ocr_carea' id='block_1_42' title="bbox 467 3757 2130 3835">
    <p class='ocr_par' dir='ltr' id='par_1_42' title="bbox 467 3757 2130 3835">
     <span class='ocr_line' id='line_1_42' title="bbox 467 3757 2130 3835; baseline 0.007 -23"><span class='ocrx_word' id='word_1_270' title='bbox 467 3757 860 3827; x_wconf 86' lang='lat' dir='ltr'><strong>ignorabatur</strong></span> <span class='ocrx_word' id='word_1_271' title='bbox 898 3758 1151 3831; x_wconf 85' lang='lat' dir='ltr'><strong>pleniter</strong></span> <span class='ocrx_word' id='word_1_272' title='bbox 1178 3761 1255 3816; x_wconf 91' lang='lat' dir='ltr'><strong>ad</strong></span> <span class='ocrx_word' id='word_1_273' title='bbox 1286 3761 1559 3819; x_wconf 86' lang='lat' dir='ltr'><strong>notitiam</strong></span> <span class='ocrx_word' id='word_1_274' title='bbox 1590 3764 1835 3835; x_wconf 83' lang='lat' dir='ltr'><strong>venerit,</strong></span> <span class='ocrx_word' id='word_1_275' title='bbox 1870 3770 2010 3822; x_wconf 92' lang='lat' dir='ltr'><strong>tunc</strong></span> <span class='ocrx_word' id='word_1_276' title='bbox 2039 3767 2130 3822; x_wconf 91' lang='lat' dir='ltr'><strong>di-</strong></span> 
     </span>
    </p>
   </div>
   <div class='ocr_carea' id='block_1_43' title="bbox 466 3844 2132 3927">
    <p class='ocr_par' dir='ltr' id='par_1_43' title="bbox 466 3844 2132 3927">
     <span class='ocr_line' id='line_1_43' title="bbox 466 3844 2132 3927; baseline 0.006 -26"><span class='ocrx_word' id='word_1_277' title='bbox 466 3846 611 3902; x_wconf 89' lang='lat' dir='ltr'><strong>vina</strong></span> <span class='ocrx_word' id='word_1_278' title='bbox 641 3851 697 3902; x_wconf 92' lang='lat' dir='ltr'><strong>et</strong></span> <span class='ocrx_word' id='word_1_279' title='bbox 720 3847 992 3903; x_wconf 89' lang='lat' dir='ltr'><strong>humana</strong></span> <span class='ocrx_word' id='word_1_280' title='bbox 1020 3844 1115 3904; x_wconf 82' lang='lat' dir='ltr'><strong>lex</strong></span> <span class='ocrx_word' id='word_1_281' title='bbox 1136 3849 1497 3922; x_wconf 86' lang='lat' dir='ltr'><strong>revolvatur,</strong></span> <span class='ocrx_word' id='word_1_282' title='bbox 1514 3855 1573 3907; x_wconf 91' lang='lat' dir='ltr'><strong>et</strong></span> <span class='ocrx_word' id='word_1_283' title='bbox 1602 3854 1939 3910; x_wconf 88' lang='lat' dir='ltr'><strong>secundum</strong></span> <span class='ocrx_word' id='word_1_284' title='bbox 1965 3854 2132 3927; x_wconf 91' lang='lat' dir='ltr'><strong>quod</strong></span> 
     </span>
    </p>
   </div>
   <div class='ocr_carea' id='block_1_44' title="bbox 474 3934 2134 4016">
    <p class='ocr_par' dir='ltr' id='par_1_44' title="bbox 474 3934 2134 4016">
     <span class='ocr_line' id='line_1_44' title="bbox 474 3934 2134 4016; baseline 0.007 -28"><span class='ocrx_word' id='word_1_285' title='bbox 474 3934 559 3989; x_wconf 89' lang='lat' dir='ltr'><strong>ibi</strong></span> <span class='ocrx_word' id='word_1_286' title='bbox 585 3935 971 3990; x_wconf 88' lang='lat' dir='ltr'><strong>constitutum</strong></span> <span class='ocrx_word' id='word_1_287' title='bbox 1018 3940 1126 4003; x_wconf 90' lang='lat' dir='ltr'><strong>est,</strong></span> <span class='ocrx_word' id='word_1_288' title='bbox 1158 3942 1389 3994; x_wconf 90' lang='lat' dir='ltr'><strong>remota</strong></span> <span class='ocrx_word' id='word_1_289' title='bbox 1416 3954 1814 4012; x_wconf 90' lang='lat' dir='ltr'><strong>personarum</strong></span> <span class='ocrx_word' id='word_1_290' title='bbox 1844 3945 2134 4016; x_wconf 87' lang='lat' dir='ltr'><strong>acceptio-</strong></span> 
     </span>
    </p>
   </div>
   <div class='ocr_carea' id='block_1_45' title="bbox 469 4021 2134 4105">
    <p class='ocr_par' dir='ltr' id='par_1_45' title="bbox 469 4021 2134 4105">
     <span class='ocr_line' id='line_1_45' title="bbox 469 4021 2134 4105; baseline 0.009 -30"><span class='ocrx_word' id='word_1_291' title='bbox 469 4037 567 4091; x_wconf 89' lang='lat' dir='ltr'><strong>ne,</strong></span> <span class='ocrx_word' id='word_1_292' title='bbox 600 4021 905 4079; x_wconf 84' lang='lat' dir='ltr'><strong>detinitiva</strong></span> <span class='ocrx_word' id='word_1_293' title='bbox 947 4024 1284 4097; x_wconf 84' lang='lat' dir='ltr'><strong>proferatur</strong></span> <span class='ocrx_word' id='word_1_294' title='bbox 1313 4029 1624 4086; x_wconf 88' lang='lat' dir='ltr'><strong>sententia.</strong></span> <span class='ocrx_word' id='word_1_295' title='bbox 1659 4030 1803 4086; x_wconf 88' lang='lat' dir='ltr'><strong>Hinc</strong></span> <span class='ocrx_word' id='word_1_296' title='bbox 1851 4038 1941 4087; x_wconf 91' lang='lat' dir='ltr'><strong>est</strong></span> <span class='ocrx_word' id='word_1_297' title='bbox 1966 4034 2134 4105; x_wconf 91' lang='lat' dir='ltr'><strong>quod</strong></span> 
     </span>
    </p>
   </div>
   <div class='ocr_carea' id='block_1_46' title="bbox 470 4111 2133 4191">
    <p class='ocr_par' dir='ltr' id='par_1_46' title="bbox 470 4111 2133 4191">
     <span class='ocr_line' id='line_1_46' title="bbox 470 4111 2133 4191; baseline 0.007 -25"><span class='ocrx_word' id='word_1_298' title='bbox 470 4112 703 4180; x_wconf 82' lang='lat' dir='ltr'><strong>Moyses</strong></span> <span class='ocrx_word' id='word_1_299' title='bbox 733 4111 1009 4183; x_wconf 88' lang='lat' dir='ltr'><strong>querelas</strong></span> <span class='ocrx_word' id='word_1_300' title='bbox 1040 4113 1251 4185; x_wconf 88' lang='lat' dir='ltr'><strong>populi</strong></span> <span class='ocrx_word' id='word_1_301' title='bbox 1298 4116 1643 4189; x_wconf 78' lang='lat' dir='ltr'><strong>semperad</strong></span> <span class='ocrx_word' id='word_1_302' title='bbox 1674 4119 2017 4191; x_wconf 90' lang='lat' dir='ltr'><strong>Dominum,</strong></span> <span class='ocrx_word' id='word_1_303' title='bbox 2048 4125 2133 4178; x_wconf 88' lang='lat' dir='ltr'><strong>ta-</strong></span> 
     </span>
    </p>
   </div>
   <div class='ocr_carea' id='block_1_47' title="bbox 468 4197 2131 4283">
    <p class='ocr_par' dir='ltr' id='par_1_47' title="bbox 468 4197 2131 4283">
     <span class='ocr_line' id='line_1_47' title="bbox 468 4197 2131 4283; baseline 0.009 -30"><span class='ocrx_word' id='word_1_304' title='bbox 468 4197 867 4255; x_wconf 89' lang='lat' dir='ltr'><strong>bernaculum</strong></span> <span class='ocrx_word' id='word_1_305' title='bbox 909 4199 1235 4271; x_wconf 86' lang='lat' dir='ltr'><strong>ingressus,</strong></span> <span class='ocrx_word' id='word_1_306' title='bbox 1292 4203 1605 4275; x_wconf 87' lang='lat' dir='ltr'><strong>referebat,</strong></span> <span class='ocrx_word' id='word_1_307' title='bbox 1656 4209 1713 4262; x_wconf 89' lang='lat' dir='ltr'><strong>et</strong></span> <span class='ocrx_word' id='word_1_308' title='bbox 1748 4207 1921 4277; x_wconf 82' lang='lat' dir='ltr'><strong>juxta</strong></span> <span class='ocrx_word' id='word_1_309' title='bbox 1965 4211 2131 4283; x_wconf 90' lang='lat' dir='ltr'><strong>quod</strong></span> 
     </span>
    </p>
   </div>
   <div class='ocr_carea' id='block_1_48' title="bbox 472 4286 2133 4369">
    <p class='ocr_par' dir='ltr' id='par_1_48' title="bbox 472 4286 2133 4369">
     <span class='ocr_line' id='line_1_48' title="bbox 472 4286 2133 4369; baseline 0.008 -26"><span class='ocrx_word' id='word_1_310' title='bbox 472 4286 758 4343; x_wconf 88' lang='lat' dir='ltr'><strong>Dominus</strong></span> <span class='ocrx_word' id='word_1_311' title='bbox 805 4288 1164 4362; x_wconf 86' lang='lat' dir='ltr'><strong>imperabat,</strong></span> <span class='ocrx_word' id='word_1_312' title='bbox 1218 4291 1448 4362; x_wconf 91' lang='lat' dir='ltr'><strong>judicia</strong></span> <span class='ocrx_word' id='word_1_313' title='bbox 1503 4296 1910 4369; x_wconf 88' lang='lat' dir='ltr'><strong>proponebat;</strong></span> <span class='ocrx_word' id='word_1_314' title='bbox 1961 4299 2133 4356; x_wconf 91' lang='lat' dir='ltr'><strong>nimi-</strong></span> 
     </span>
    </p>
   </div>
   <div class='ocr_carea' id='block_1_49' title="bbox 470 4377 2129 4461">
    <p class='ocr_par' dir='ltr' id='par_1_49' title="bbox 470 4377 2129 4461">
     <span class='ocr_line' id='line_1_49' title="bbox 470 4377 2129 4461; baseline 0.01 -30"><span class='ocrx_word' id='word_1_315' title='bbox 470 4392 607 4432; x_wconf 88' lang='lat' dir='ltr'><strong>rum</strong></span> <span class='ocrx_word' id='word_1_316' title='bbox 636 4392 749 4433; x_wconf 91' lang='lat' dir='ltr'><strong>nos</strong></span> <span class='ocrx_word' id='word_1_317' title='bbox 779 4377 1093 4461; x_wconf 75' lang='lat' dir='ltr'><strong>instituens</strong></span> <span class='ocrx_word' id='word_1_318' title='bbox 1120 4384 1185 4436; x_wconf 89' lang='lat' dir='ltr'><strong>ut</strong></span> <span class='ocrx_word' id='word_1_319' title='bbox 1214 4396 1337 4438; x_wconf 93' lang='lat' dir='ltr'><strong>non</strong></span> <span class='ocrx_word' id='word_1_320' title='bbox 1367 4398 1438 4438; x_wconf 88' lang='lat' dir='ltr'><strong>ex</strong></span> <span class='ocrx_word' id='word_1_321' title='bbox 1469 4384 1648 4440; x_wconf 89' lang='lat' dir='ltr'><strong>corde</strong></span> <span class='ocrx_word' id='word_1_322' title='bbox 1674 4390 1900 4456; x_wconf 90' lang='lat' dir='ltr'><strong>nostro,</strong></span> <span class='ocrx_word' id='word_1_323' title='bbox 1926 4388 2030 4445; x_wconf 92' lang='lat' dir='ltr'><strong>sed</strong></span> <span class='ocrx_word' id='word_1_324' title='bbox 2057 4405 2129 4447; x_wconf 86' lang='lat' dir='ltr'><strong>ex</strong></span> 
     </span>
    </p>
   </div>
   <div class='ocr_carea' id='block_1_50' title="bbox 471 4464 2131 4545">
    <p class='ocr_par' dir='ltr' id='par_1_50' title="bbox 471 4464 2131 4545">
     <span class='ocr_line' id='line_1_50' title="bbox 471 4464 2131 4545; baseline 0.009 -25"><span class='ocrx_word' id='word_1_325' title='bbox 471 4464 719 4521; x_wconf 89' lang='lat' dir='ltr'><strong>oraculo</strong></span> <span class='ocrx_word' id='word_1_326' title='bbox 759 4465 985 4538; x_wconf 91' lang='lat' dir='ltr'><strong>divino,</strong></span> <span class='ocrx_word' id='word_1_327' title='bbox 1016 4468 1536 4528; x_wconf 88' lang='lat' dir='ltr'><strong>condemnationis</strong></span> <span class='ocrx_word' id='word_1_328' title='bbox 1565 4473 1659 4530; x_wconf 91' lang='lat' dir='ltr'><strong>vel</strong></span> <span class='ocrx_word' id='word_1_329' title='bbox 1685 4474 2131 4545; x_wconf 88' lang='lat' dir='ltr'><strong>justiﬁcationis</strong></span> 
     </span>
    </p>
   </div>
   <div class='ocr_carea' id='block_1_51' title="bbox 469 4555 1836 4628">
    <p class='ocr_par' dir='ltr' id='par_1_51' title="bbox 469 4555 1836 4628">
     <span class='ocr_line' id='line_1_51' title="bbox 469 4555 1836 4628; baseline 0.007 -20"><span class='ocrx_word' id='word_1_330' title='bbox 469 4555 825 4612; x_wconf 88' lang='lat' dir='ltr'><strong>sententiam</strong></span> <span class='ocrx_word' id='word_1_331' title='bbox 858 4555 1256 4628; x_wconf 84' lang='lat' dir='ltr'><strong>proferamus.</strong></span> <span class='ocrx_word' id='word_1_332' title='bbox 1826 4566 1836 4576; x_wconf 87' lang='lat'>‘</span> 
     </span>
    </p>
   </div>
   <div class='ocr_carea' id='block_1_52' title="bbox 545 4697 2128 4845">
    <p class='ocr_par' dir='ltr' id='par_1_52' title="bbox 545 4697 2128 4845">
     <span class='ocr_line' id='line_1_52' title="bbox 545 4697 2128 4845; baseline 0 -76"><span class='ocrx_word' id='word_1_333' title='bbox 545 4697 850 4845; x_wconf 52' lang='lat'><strong>3291:»</strong></span> <span class='ocrx_word' id='word_1_334' title='bbox 872 4699 1073 4757; x_wconf 76' lang='lat' dir='ltr'><strong>eadem</strong></span> <span class='ocrx_word' id='word_1_335' title='bbox 1102 4717 1187 4758; x_wconf 87' lang='lat' dir='ltr'><strong>re.</strong></span> <span class='ocrx_word' id='word_1_336' title='bbox 1234 4703 1332 4760; x_wconf 73' lang='lat' dir='ltr'><em>Ex</em></span> <span class='ocrx_word' id='word_1_337' title='bbox 1358 4704 1513 4775; x_wconf 85' lang='lat' dir='ltr'><strong>Lege</strong></span> <span class='ocrx_word' id='word_1_338' title='bbox 1565 4707 1991 4779; x_wconf 88' lang='lat' dir='ltr'><strong>Theodosiana,</strong></span> <span class='ocrx_word' id='word_1_339' title='bbox 2028 4711 2128 4769; x_wconf 85' lang='lat' dir='ltr'><strong>lib.</strong></span> 
     </span>
     <span class='ocr_line' id='line_1_53' title="bbox 563 4801 955 4845; baseline 0 -2"><span class='ocrx_word' id='word_1_340' title='bbox 563 4801 698 4845; x_wconf 82' lang='lat' dir='ltr'><strong>cap.</strong></span> <span class='ocrx_word' id='word_1_341' title='bbox 806 4831 819 4845; x_wconf 95' lang='lat'><strong>.</strong></span> <span class='ocrx_word' id='word_1_342' title='bbox 951 4836 955 4843; x_wconf 94' lang='lat'><strong>.</strong></span> 
     </span>
    </p>
   </div>
   <div class='ocr_carea' id='block_1_53' title="bbox 470 4801 819 4857">
    <p class='ocr_par' dir='ltr' id='par_1_53' title="bbox 470 4801 819 4857">
     <span class='ocr_line' id='line_1_54' title="bbox 470 4801 819 4857; baseline 0.017 -17"><span class='ocrx_word' id='word_1_343' title='bbox 470 4802 531 4851; x_wconf 83' lang='grc' dir='ltr'>ιι,</span> <span class='ocrx_word' id='word_1_344' title='bbox 563 4801 698 4857; x_wconf 89' lang='lat' dir='ltr'><strong>cap.</strong></span> <span class='ocrx_word' id='word_1_345' title='bbox 735 4801 819 4845; x_wconf 76' lang='grc' dir='ltr'>ιδ.</span> 
     </span>
    </p>
   </div>
   <div class='ocr_carea' id='block_1_54' title="bbox 543 4884 2165 4973">
    <p class='ocr_par' dir='ltr' id='par_1_54' title="bbox 543 4884 2165 4973">
     <span class='ocr_line' id='line_1_55' title="bbox 543 4884 2165 4973; baseline 0.012 -27"><span class='ocrx_word' id='word_1_346' title='bbox 543 4893 757 4951; x_wconf 87' lang='lat' dir='ltr'><strong>CCClX.</strong></span> <span class='ocrx_word' id='word_1_347' title='bbox 803 4898 1131 4970; x_wconf 88' lang='lat' dir='ltr'><strong>(Interpret.</strong></span> <span class='ocrx_word' id='word_1_348' title='bbox 1179 4898 1283 4957; x_wconf 89' lang='lat' dir='ltr'><strong>lib.</strong></span> <span class='ocrx_word' id='word_1_349' title='bbox 1327 4916 1343 4953; x_wconf 91' lang='grc' dir='ltr'><strong>ι</strong></span> <span class='ocrx_word' id='word_1_350' title='bbox 1392 4902 1540 4959; x_wconf 84' lang='lat' dir='ltr'><strong>Cod.</strong></span> <span class='ocrx_word' id='word_1_351' title='bbox 1588 4903 1829 4973; x_wconf 72' lang='lat' dir='ltr'><strong>Theod,</strong></span> <span class='ocrx_word' id='word_1_352' title='bbox 1860 4884 2165 4965; x_wconf 31' lang='lat' dir='ltr'><strong>deJudiQ</strong></span> 
     </span>
    </p>
   </div>
   <div class='ocr_carea' id='block_1_55' title="bbox 473 4981 2136 5066">
    <p class='ocr_par' dir='ltr' id='par_1_55' title="bbox 473 4981 2136 5066">
     <span class='ocr_line' id='line_1_56' title="bbox 473 4981 2136 5066; baseline 0.011 -30"><span class='ocrx_word' id='word_1_353' title='bbox 473 4981 623 5052; x_wconf 89' lang='lat' dir='ltr'><strong>ciis.)</strong></span> <span class='ocrx_word' id='word_1_354' title='bbox 651 4983 840 5040; x_wconf 70' lang='lat' dir='ltr'><strong>iudex</strong></span> <span class='ocrx_word' id='word_1_355' title='bbox 888 5002 1029 5043; x_wconf 89' lang='lat' dir='ltr'><strong>cum</strong></span> <span class='ocrx_word' id='word_1_356' title='bbox 1077 5003 1325 5045; x_wconf 90' lang='lat' dir='ltr'><strong>causam</strong></span> <span class='ocrx_word' id='word_1_357' title='bbox 1355 4991 1561 5048; x_wconf 89' lang='lat' dir='ltr'><strong>audire</strong></span> <span class='ocrx_word' id='word_1_358' title='bbox 1593 4994 1855 5066; x_wconf 73' lang='lat' dir='ltr'><strong>cmperit,</strong></span> <span class='ocrx_word' id='word_1_359' title='bbox 1882 4994 2136 5066; x_wconf 87' lang='lat' dir='ltr'><strong>litigato-</strong></span> 
     </span>
    </p>
   </div>
   <div class='ocr_carea' id='block_1_56' title="bbox 470 5073 2132 5156">
    <p class='ocr_par' dir='ltr' id='par_1_56' title="bbox 470 5073 2132 5156">
     <span class='ocr_line' id='line_1_57' title="bbox 470 5073 2132 5156; baseline 0.011 -31"><span class='ocrx_word' id='word_1_360' title='bbox 470 5084 607 5156; x_wconf 85' lang='lat' dir='ltr'><strong>rum</strong></span> <span class='ocrx_word' id='word_1_361' title='bbox 643 5073 999 5132; x_wconf 86' lang='lat' dir='ltr'><strong>assertiones</strong></span> <span class='ocrx_word' id='word_1_362' title='bbox 1042 5076 1136 5134; x_wconf 87' lang='lat' dir='ltr'><strong>vel</strong></span> <span class='ocrx_word' id='word_1_363' title='bbox 1175 5079 1600 5152; x_wconf 87' lang='lat' dir='ltr'><strong>responsiones</strong></span> <span class='ocrx_word' id='word_1_364' title='bbox 1642 5083 1934 5156; x_wconf 88' lang='lat' dir='ltr'><strong>patienter</strong></span> <span class='ocrx_word' id='word_1_365' title='bbox 1975 5088 2132 5143; x_wconf 90' lang='lat' dir='ltr'><strong>acci-</strong></span> 
     </span>
    </p>
   </div>
   <div class='ocr_carea' id='block_1_57' title="bbox 470 5155 2132 5246">
    <p class='ocr_par' dir='ltr' id='par_1_57' title="bbox 470 5155 2132 5246">
     <span class='ocr_line' id='line_1_58' title="bbox 470 5155 2132 5246; baseline 0.013 -35"><span class='ocrx_word' id='word_1_366' title='bbox 470 5155 615 5246; x_wconf 85' lang='lat' dir='ltr'><strong>piat,</strong></span> <span class='ocrx_word' id='word_1_367' title='bbox 647 5163 706 5215; x_wconf 92' lang='lat' dir='ltr'><strong>et</strong></span> <span class='ocrx_word' id='word_1_368' title='bbox 746 5162 953 5220; x_wconf 87' lang='lat' dir='ltr'><strong>omnia</strong></span> <span class='ocrx_word' id='word_1_369' title='bbox 998 5164 1180 5237; x_wconf 90' lang='lat' dir='ltr'><strong>plena</strong></span> <span class='ocrx_word' id='word_1_370' title='bbox 1221 5166 1596 5227; x_wconf 88' lang='lat' dir='ltr'><strong>discussione</strong></span> <span class='ocrx_word' id='word_1_371' title='bbox 1626 5155 1975 5246; x_wconf 86' lang='lat' dir='ltr'><strong>perquirat;</strong></span> <span class='ocrx_word' id='word_1_372' title='bbox 2021 5190 2132 5232; x_wconf 90' lang='lat' dir='ltr'><strong>nec</strong></span> 
     </span>
    </p>
   </div>
   <div class='ocr_carea' id='block_1_58' title="bbox 467 5245 2133 5335">
    <p class='ocr_par' dir='ltr' id='par_1_58' title="bbox 467 5245 2133 5335">
     <span class='ocr_line' id='line_1_59' title="bbox 467 5245 2133 5335; baseline 0.014 -36"><span class='ocrx_word' id='word_1_373' title='bbox 467 5245 637 5319; x_wconf 90' lang='lat' dir='ltr'><strong>prius</strong></span> <span class='ocrx_word' id='word_1_374' title='bbox 659 5246 1027 5319; x_wconf 84' lang='lat' dir='ltr'><strong>litigantibus</strong></span> <span class='ocrx_word' id='word_1_375' title='bbox 1064 5270 1175 5312; x_wconf 90' lang='lat' dir='ltr'><strong>sua</strong></span> <span class='ocrx_word' id='word_1_376' title='bbox 1213 5258 1505 5317; x_wconf 87' lang='lat' dir='ltr'><strong>sententia</strong></span> <span class='ocrx_word' id='word_1_377' title='bbox 1533 5259 1673 5318; x_wconf 88' lang='lat' dir='ltr'><strong>velit</strong></span> <span class='ocrx_word' id='word_1_378' title='bbox 1713 5245 1981 5335; x_wconf 87' lang='lat' dir='ltr'><strong>obviare,</strong></span> <span class='ocrx_word' id='word_1_379' title='bbox 2013 5264 2133 5323; x_wconf 89' lang='lat' dir='ltr'><strong>nisi</strong></span> 
     </span>
    </p>
   </div>
   <div class='ocr_carea' id='block_1_59' title="bbox 467 5335 2130 5422">
    <p class='ocr_par' dir='ltr' id='par_1_59' title="bbox 467 5335 2130 5422">
     <span class='ocr_line' id='line_1_60' title="bbox 467 5335 2130 5422; baseline 0.014 -34"><span class='ocrx_word' id='word_1_380' title='bbox 467 5335 716 5406; x_wconf 91' lang='lat' dir='ltr'><strong>quando</strong></span> <span class='ocrx_word' id='word_1_381' title='bbox 763 5338 897 5411; x_wconf 87' lang='lat' dir='ltr'><strong>ipsi,</strong></span> <span class='ocrx_word' id='word_1_382' title='bbox 924 5343 1201 5413; x_wconf 87' lang='lat' dir='ltr'><strong>peractis,</strong></span> <span class='ocrx_word' id='word_1_383' title='bbox 1234 5346 1538 5417; x_wconf 89' lang='lat' dir='ltr'><strong>omnibus,</strong></span> <span class='ocrx_word' id='word_1_384' title='bbox 1565 5350 1696 5422; x_wconf 91' lang='lat' dir='ltr'><strong>jam</strong></span> <span class='ocrx_word' id='word_1_385' title='bbox 1739 5351 1802 5407; x_wconf 93' lang='lat' dir='ltr'><strong>in</strong></span> <span class='ocrx_word' id='word_1_386' title='bbox 1841 5353 2130 5412; x_wconf 90' lang='lat' dir='ltr'><strong>concione</strong></span> 
     </span>
    </p>
   </div>
   <div class='ocr_carea' id='block_1_60' title="bbox 464 5422 2126 5517">
    <p class='ocr_par' dir='ltr' id='par_1_60' title="bbox 464 5422 2126 5517">
     <span class='ocr_line' id='line_1_61' title="bbox 464 5422 2126 5517; baseline 0.014 -40"><span class='ocrx_word' id='word_1_387' title='bbox 464 5422 557 5517; x_wconf 63' lang='lat' dir='ltr'><strong>vel</strong></span> <span class='ocrx_word' id='word_1_388' title='bbox 597 5427 975 5517; x_wconf 88' lang='lat' dir='ltr'><strong>contentione</strong></span> <span class='ocrx_word' id='word_1_389' title='bbox 1018 5446 1143 5488; x_wconf 92' lang='lat' dir='ltr'><strong>non</strong></span> <span class='ocrx_word' id='word_1_390' title='bbox 1190 5433 1513 5496; x_wconf 88' lang='lat' dir='ltr'><strong>habuerint</strong></span> <span class='ocrx_word' id='word_1_391' title='bbox 1549 5441 1716 5512; x_wconf 92' lang='lat' dir='ltr'><strong>quod</strong></span> <span class='ocrx_word' id='word_1_392' title='bbox 1765 5447 2126 5517; x_wconf 89' lang='lat' dir='ltr'><strong>proponant.</strong></span> 
     </span>
    </p>
   </div>
   <div class='ocr_carea' id='block_1_61' title="bbox 466 5513 2125 5614">
    <p class='ocr_par' dir='ltr' id='par_1_61' title="bbox 466 5513 2125 5614">
     <span class='ocr_line' id='line_1_62' title="bbox 466 5513 2125 5614; baseline 0.015 -47"><span class='ocrx_word' id='word_1_393' title='bbox 466 5513 826 5614; x_wconf 76' lang='lat' dir='ltr'><strong>Frequenter</strong></span> <span class='ocrx_word' id='word_1_394' title='bbox 852 5516 1206 5614; x_wconf 84' lang='lat' dir='ltr'><strong>interrogari</strong></span> <span class='ocrx_word' id='word_1_395' title='bbox 1233 5530 1485 5598; x_wconf 85' lang='lat' dir='ltr'><strong>Oportet,</strong></span> <span class='ocrx_word' id='word_1_396' title='bbox 1518 5543 1594 5588; x_wconf 87' lang='lat' dir='ltr'><strong>ne</strong></span> <span class='ocrx_word' id='word_1_397' title='bbox 1625 5529 1852 5613; x_wconf 89' lang='lat' dir='ltr'><strong>aliquid</strong></span> <span class='ocrx_word' id='word_1_398' title='bbox 1877 5513 2125 5614; x_wconf 69' lang='lat' dir='ltr'><strong>praster-</strong></span> 
     </span>
    </p>
   </div>
   <div class='ocr_carea' id='block_1_62' title="bbox 473 5602 1375 5674">
    <p class='ocr_par' dir='ltr' id='par_1_62' title="bbox 473 5602 1375 5674">
     <span class='ocr_line' id='line_1_63' title="bbox 473 5602 1375 5674; baseline 0.02 -17"><span class='ocrx_word' id='word_1_399' title='bbox 473 5602 734 5661; x_wconf 89' lang='lat' dir='ltr'><strong>missum</strong></span> <span class='ocrx_word' id='word_1_400' title='bbox 762 5603 1018 5667; x_wconf 82' lang='lat' dir='ltr'><strong>fortasse</strong></span> <span class='ocrx_word' id='word_1_401' title='bbox 1046 5622 1375 5674; x_wconf 83' lang='lat' dir='ltr'><strong>remaneat.</strong></span> 
     </span>
    </p>
   </div>
   <div class='ocr_carea' id='block_1_63' title="bbox 2698 364 3406 433">
    <p class='ocr_par' dir='ltr' id='par_1_63' title="bbox 2698 364 3406 433">
     <span class='ocr_line' id='line_1_64' title="bbox 2698 364 3406 433; baseline -0.007 -11"><span class='ocrx_word' id='word_1_402' title='bbox 2698 366 2799 422; x_wconf 77' lang='lat' dir='ltr'><strong>Ea:</strong></span> <span class='ocrx_word' id='word_1_403' title='bbox 2824 364 3003 421; x_wconf 78' lang='lat' dir='ltr'><strong>dictis</strong></span> <span class='ocrx_word' id='word_1_404' title='bbox 3036 364 3406 433; x_wconf 76' lang='lat' dir='ltr'><strong>Hieronymi.</strong></span> 
     </span>
    </p>
   </div>
   <div class='ocr_carea' id='block_1_64' title="bbox 2295 470 3865 544">
    <p class='ocr_par' dir='ltr' id='par_1_64' title="bbox 2295 470 3865 544">
     <span class='ocr_line' id='line_1_65' title="bbox 2295 470 3865 544; baseline 0.003 -19"><span class='ocrx_word' id='word_1_405' title='bbox 2295 473 2502 528; x_wconf 83' lang='lat' dir='ltr'><strong>CCCX.</strong></span> <span class='ocrx_word' id='word_1_406' title='bbox 2539 472 2795 544; x_wconf 83' lang='lat' dir='ltr'><strong>(HIERON.</strong></span> <span class='ocrx_word' id='word_1_407' title='bbox 2832 474 2894 529; x_wconf 86' lang='lat' dir='ltr'><strong>in</strong></span> <span class='ocrx_word' id='word_1_408' title='bbox 2932 470 3152 528; x_wconf 80' lang='lat' dir='ltr'><strong>Matth.</strong></span> <span class='ocrx_word' id='word_1_409' title='bbox 3186 487 3235 526; x_wconf 94' lang='lat' dir='ltr'><strong>c.</strong></span> <span class='ocrx_word' id='word_1_410' title='bbox 3272 470 3371 537; x_wconf 86' lang='lat' dir='ltr'><strong>l8;</strong></span> <span class='ocrx_word' id='word_1_411' title='bbox 3424 470 3740 526; x_wconf 66' lang='lat' dir='ltr'><strong>Buncaann.</strong></span> <span class='ocrx_word' id='word_1_412' title='bbox 3768 470 3865 529; x_wconf 96' lang='lat' dir='ltr'><strong>lib.</strong></span> 
     </span>
    </p>
   </div>
   <div class='ocr_carea' id='block_1_65' title="bbox 2220 558 3869 635">
    <p class='ocr_par' dir='ltr' id='par_1_65' title="bbox 2220 558 3869 635">
     <span class='ocr_line' id='line_1_66' title="bbox 2220 558 3869 635; baseline 0 -18"><span class='ocrx_word' id='word_1_413' title='bbox 2220 578 2301 629; x_wconf 82' lang='lat' dir='ltr'><strong>x1,</strong></span> <span class='ocrx_word' id='word_1_414' title='bbox 2340 579 2392 617; x_wconf 89' lang='lat' dir='ltr'><strong>c.</strong></span> <span class='ocrx_word' id='word_1_415' title='bbox 2440 566 2533 630; x_wconf 72' lang='lat'><strong>15;</strong></span> <span class='ocrx_word' id='word_1_416' title='bbox 2583 566 2683 618; x_wconf 87' lang='lat' dir='ltr'><strong>Ivo</strong></span> <span class='ocrx_word' id='word_1_417' title='bbox 2728 568 2897 635; x_wconf 85' lang='lat' dir='ltr'><strong>parte</strong></span> <span class='ocrx_word' id='word_1_418' title='bbox 2929 578 3050 628; x_wconf 71' lang='lat' dir='ltr'><strong>xxv,</strong></span> <span class='ocrx_word' id='word_1_419' title='bbox 3083 577 3134 616; x_wconf 92' lang='lat' dir='ltr'><strong>c.</strong></span> <span class='ocrx_word' id='word_1_420' title='bbox 3166 560 3277 631; x_wconf 78' lang='lat'><strong>85).</strong></span> <span class='ocrx_word' id='word_1_421' title='bbox 3323 558 3762 615; x_wconf 84' lang='lat' dir='ltr'><strong>Attendendum</strong></span> <span class='ocrx_word' id='word_1_422' title='bbox 3788 567 3869 617; x_wconf 87' lang='lat' dir='ltr'><strong>est</strong></span> 
     </span>
    </p>
   </div>
   <div class='ocr_carea' id='block_1_66' title="bbox 2222 647 3871 722">
    <p class='ocr_par' dir='ltr' id='par_1_66' title="bbox 2222 647 3871 722">
     <span class='ocr_line' id='line_1_67' title="bbox 2222 647 3871 722; baseline 0 -17"><span class='ocrx_word' id='word_1_423' title='bbox 2222 649 2369 722; x_wconf 87' lang='lat' dir='ltr'><strong>quid</strong></span> <span class='ocrx_word' id='word_1_424' title='bbox 2420 649 2708 706; x_wconf 88' lang='lat' dir='ltr'><strong>Dominus</strong></span> <span class='ocrx_word' id='word_1_425' title='bbox 2750 651 2948 707; x_wconf 87' lang='lat' dir='ltr'><strong>dicat:</strong></span> <span class='ocrx_word' id='word_1_426' title='bbox 2998 651 3065 707; x_wconf 91' lang='lat' dir='ltr'><strong>Si</strong></span> <span class='ocrx_word' id='word_1_427' title='bbox 3102 649 3443 719; x_wconf 79' lang='lat' dir='ltr'><strong>peccaverit</strong></span> <span class='ocrx_word' id='word_1_428' title='bbox 3488 647 3552 703; x_wconf 90' lang='lat' dir='ltr'><strong>in</strong></span> <span class='ocrx_word' id='word_1_429' title='bbox 3596 652 3658 704; x_wconf 82' lang='lat' dir='ltr'><strong>te</strong></span> <span class='ocrx_word' id='word_1_430' title='bbox 3683 650 3871 718; x_wconf 80' lang='lat' dir='ltr'><strong>frater</strong></span> 
     </span>
    </p>
   </div>
   <div class='ocr_carea' id='block_1_67' title="bbox 2225 736 3870 813">
    <p class='ocr_par' dir='ltr' id='par_1_67' title="bbox 2225 736 3870 813">
     <span class='ocr_line' id='line_1_68' title="bbox 2225 736 3870 813; baseline -0.001 -18"><span class='ocrx_word' id='word_1_431' title='bbox 2225 745 2382 795; x_wconf 83' lang='lat' dir='ltr'><strong>tuus.</strong></span> <span class='ocrx_word' id='word_1_432' title='bbox 2419 740 2475 796; x_wconf 90' lang='lat' dir='ltr'><strong>Si</strong></span> <span class='ocrx_word' id='word_1_433' title='bbox 2504 739 2565 795; x_wconf 93' lang='lat' dir='ltr'><strong>in</strong></span> <span class='ocrx_word' id='word_1_434' title='bbox 2615 755 2727 796; x_wconf 92' lang='lat' dir='ltr'><strong>nos</strong></span> <span class='ocrx_word' id='word_1_435' title='bbox 2764 740 2980 813; x_wconf 87' lang='lat' dir='ltr'><strong>aliquis</strong></span> <span class='ocrx_word' id='word_1_436' title='bbox 3009 737 3362 812; x_wconf 83' lang='lat' dir='ltr'><strong>peccaverit,</strong></span> <span class='ocrx_word' id='word_1_437' title='bbox 3392 736 3689 793; x_wconf 87' lang='lat' dir='ltr'><strong>habemus</strong></span> <span class='ocrx_word' id='word_1_438' title='bbox 3710 742 3870 811; x_wconf 89' lang='lat' dir='ltr'><strong>pote-</strong></span> 
     </span>
    </p>
   </div>
   <div class='ocr_carea' id='block_1_68' title="bbox 2226 824 3874 898">
    <p class='ocr_par' dir='ltr' id='par_1_68' title="bbox 2226 824 3874 898">
     <span class='ocr_line' id='line_1_69' title="bbox 2226 824 3874 898; baseline 0 -16"><span class='ocrx_word' id='word_1_439' title='bbox 2226 831 2435 883; x_wconf 85' lang='lat' dir='ltr'><strong>statem</strong></span> <span class='ocrx_word' id='word_1_440' title='bbox 2462 826 2755 883; x_wconf 89' lang='lat' dir='ltr'><strong>dimittere</strong></span> <span class='ocrx_word' id='word_1_441' title='bbox 2788 828 2859 883; x_wconf 91' lang='lat' dir='ltr'><strong>ei.</strong></span> <span class='ocrx_word' id='word_1_442' title='bbox 2891 827 2948 885; x_wconf 94' lang='lat' dir='ltr'><strong>Si</strong></span> <span class='ocrx_word' id='word_1_443' title='bbox 2978 830 3178 883; x_wconf 85' lang='lat' dir='ltr'><strong>autem</strong></span> <span class='ocrx_word' id='word_1_444' title='bbox 3207 824 3270 881; x_wconf 92' lang='lat' dir='ltr'><strong>in</strong></span> <span class='ocrx_word' id='word_1_445' title='bbox 3297 828 3485 881; x_wconf 88' lang='lat' dir='ltr'><strong>Deum</strong></span> <span class='ocrx_word' id='word_1_446' title='bbox 3505 825 3643 898; x_wconf 89' lang='lat' dir='ltr'><strong>quis</strong></span> <span class='ocrx_word' id='word_1_447' title='bbox 3673 840 3874 898; x_wconf 86' lang='lat' dir='ltr'><strong>pecca-</strong></span> 
     </span>
    </p>
   </div>
   <div class='ocr_carea' id='block_1_69' title="bbox 2224 913 3870 988">
    <p class='ocr_par' dir='ltr' id='par_1_69' title="bbox 2224 913 3870 988">
     <span class='ocr_line' id='line_1_70' title="bbox 2224 913 3870 988; baseline -0.001 -17"><span class='ocrx_word' id='word_1_448' title='bbox 2224 916 2389 983; x_wconf 85' lang='lat' dir='ltr'><strong>verit,</strong></span> <span class='ocrx_word' id='word_1_449' title='bbox 2421 931 2543 972; x_wconf 91' lang='lat' dir='ltr'><strong>non</strong></span> <span class='ocrx_word' id='word_1_450' title='bbox 2575 921 2663 972; x_wconf 92' lang='lat' dir='ltr'><strong>est</strong></span> <span class='ocrx_word' id='word_1_451' title='bbox 2690 917 2878 973; x_wconf 87' lang='lat' dir='ltr'><strong>nostri</strong></span> <span class='ocrx_word' id='word_1_452' title='bbox 2907 915 3153 973; x_wconf 89' lang='lat' dir='ltr'><strong>arbitrii.</strong></span> <span class='ocrx_word' id='word_1_453' title='bbox 3182 914 3476 987; x_wconf 88' lang='lat' dir='ltr'><strong>Scriptum</strong></span> <span class='ocrx_word' id='word_1_454' title='bbox 3502 913 3729 988; x_wconf 86' lang='lat' dir='ltr'><strong>quippe</strong></span> <span class='ocrx_word' id='word_1_455' title='bbox 3754 920 3870 970; x_wconf 85' lang='lat' dir='ltr'><strong>est:</strong></span> 
     </span>
    </p>
   </div>
   <div class='ocr_carea' id='block_1_70' title="bbox 2225 1006 3873 1076">
    <p class='ocr_par' dir='ltr' id='par_1_70' title="bbox 2225 1006 3873 1076">
     <span class='ocr_line' id='line_1_71' title="bbox 2225 1006 3873 1076; baseline -0.001 -17"><span class='ocrx_word' id='word_1_456' title='bbox 2225 1007 2292 1061; x_wconf 86' lang='lat' dir='ltr'><strong>Si</strong></span> <span class='ocrx_word' id='word_1_457' title='bbox 2314 1008 2649 1076; x_wconf 78' lang='lat' dir='ltr'><strong>peccaverit</strong></span> <span class='ocrx_word' id='word_1_458' title='bbox 2679 1009 2773 1062; x_wconf 85' lang='lat' dir='ltr'><strong>vir</strong></span> <span class='ocrx_word' id='word_1_459' title='bbox 2802 1007 2863 1062; x_wconf 88' lang='lat' dir='ltr'><strong>in</strong></span> <span class='ocrx_word' id='word_1_460' title='bbox 2894 1008 3109 1072; x_wconf 87' lang='lat' dir='ltr'><strong>virum,</strong></span> <span class='ocrx_word' id='word_1_461' title='bbox 3136 1006 3386 1075; x_wconf 85' lang='lat' dir='ltr'><strong>placari</strong></span> <span class='ocrx_word' id='word_1_462' title='bbox 3404 1010 3595 1074; x_wconf 80' lang='lat' dir='ltr'><strong>potest</strong></span> <span class='ocrx_word' id='word_1_463' title='bbox 3623 1006 3681 1061; x_wconf 87' lang='lat' dir='ltr'><strong>ei</strong></span> <span class='ocrx_word' id='word_1_464' title='bbox 3703 1006 3873 1061; x_wconf 79' lang='lat' dir='ltr'><strong>Deus.</strong></span> 
     </span>
    </p>
   </div>
   <div class='ocr_carea' id='block_1_71' title="bbox 2226 1095 3876 1167">
    <p class='ocr_par' dir='ltr' id='par_1_71' title="bbox 2226 1095 3876 1167">
     <span class='ocr_line' id='line_1_72' title="bbox 2226 1095 3876 1167; baseline -0.001 -15"><span class='ocrx_word' id='word_1_465' title='bbox 2226 1097 2296 1152; x_wconf 86' lang='lat' dir='ltr'><strong>Si</strong></span> <span class='ocrx_word' id='word_1_466' title='bbox 2322 1102 2519 1153; x_wconf 88' lang='lat' dir='ltr'><strong>autem</strong></span> <span class='ocrx_word' id='word_1_467' title='bbox 2547 1098 2612 1153; x_wconf 85' lang='lat' dir='ltr'><strong>in</strong></span> <span class='ocrx_word' id='word_1_468' title='bbox 2640 1099 2829 1153; x_wconf 86' lang='lat' dir='ltr'><strong>Deum</strong></span> <span class='ocrx_word' id='word_1_469' title='bbox 2852 1101 3213 1167; x_wconf 79' lang='lat' dir='ltr'><strong>peccaverit,</strong></span> <span class='ocrx_word' id='word_1_470' title='bbox 3245 1097 3376 1167; x_wconf 84' lang='lat' dir='ltr'><strong>quis</strong></span> <span class='ocrx_word' id='word_1_471' title='bbox 3411 1095 3607 1151; x_wconf 87' lang='lat' dir='ltr'><strong>orabit</strong></span> <span class='ocrx_word' id='word_1_472' title='bbox 3629 1110 3748 1164; x_wconf 83' lang='lat' dir='ltr'><strong>pro</strong></span> <span class='ocrx_word' id='word_1_473' title='bbox 3774 1110 3833 1151; x_wconf 89' lang='lat' dir='ltr'><strong>eo</strong></span> <span class='ocrx_word' id='word_1_474' title='bbox 3851 1099 3876 1150; x_wconf 73' lang='lat'><strong>.9</strong></span> 
     </span>
    </p>
   </div>
   <div class='ocr_carea' id='block_1_72' title="bbox 2228 1183 3875 1257">
    <p class='ocr_par' dir='ltr' id='par_1_72' title="bbox 2228 1183 3875 1257">
     <span class='ocr_line' id='line_1_73' title="bbox 2228 1183 3875 1257; baseline -0.002 -16"><span class='ocrx_word' id='word_1_475' title='bbox 2228 1186 2288 1256; x_wconf 87' lang='grc' dir='ltr'><strong>(Ι</strong></span> <span class='ocrx_word' id='word_1_476' title='bbox 2312 1188 2454 1256; x_wconf 84' lang='lat' dir='ltr'><strong>Reg.</strong></span> <span class='ocrx_word' id='word_1_477' title='bbox 2482 1188 2571 1257; x_wconf 88' lang='grc' dir='ltr'>ιι.)</span> <span class='ocrx_word' id='word_1_478' title='bbox 2600 1190 2715 1242; x_wconf 88' lang='lat' dir='ltr'><strong>Nos</strong></span> <span class='ocrx_word' id='word_1_479' title='bbox 2741 1202 2773 1242; x_wconf 93' lang='lat' dir='ltr'><strong>e</strong></span> <span class='ocrx_word' id='word_1_480' title='bbox 2804 1185 3103 1242; x_wconf 88' lang='lat' dir='ltr'><strong>contrario</strong></span> <span class='ocrx_word' id='word_1_481' title='bbox 3132 1183 3193 1240; x_wconf 91' lang='lat' dir='ltr'><strong>in</strong></span> <span class='ocrx_word' id='word_1_482' title='bbox 3240 1184 3335 1240; x_wconf 89' lang='lat' dir='ltr'><strong>Dei</strong></span> <span class='ocrx_word' id='word_1_483' title='bbox 3381 1183 3603 1254; x_wconf 88' lang='lat' dir='ltr'><strong>injuria</strong></span> <span class='ocrx_word' id='word_1_484' title='bbox 3639 1183 3875 1253; x_wconf 83' lang='lat' dir='ltr'><strong>benigni</strong></span> 
     </span>
    </p>
   </div>
   <div class='ocr_carea' id='block_1_73' title="bbox 2228 1272 3874 1345">
    <p class='ocr_par' dir='ltr' id='par_1_73' title="bbox 2228 1272 3874 1345">
     <span class='ocr_line' id='line_1_74' title="bbox 2228 1272 3874 1345; baseline -0.001 -14"><span class='ocrx_word' id='word_1_485' title='bbox 2228 1279 2284 1331; x_wconf 91' lang='lat' dir='ltr'><strong>et</strong></span> <span class='ocrx_word' id='word_1_486' title='bbox 2330 1275 2744 1331; x_wconf 87' lang='lat' dir='ltr'><strong>misericordes</strong></span> <span class='ocrx_word' id='word_1_487' title='bbox 2790 1292 3023 1342; x_wconf 87' lang='lat' dir='ltr'><strong>sumus,</strong></span> <span class='ocrx_word' id='word_1_488' title='bbox 3054 1278 3112 1329; x_wconf 91' lang='lat' dir='ltr'><strong>et</strong></span> <span class='ocrx_word' id='word_1_489' title='bbox 3148 1273 3246 1328; x_wconf 89' lang='lat' dir='ltr'><strong>Dei</strong></span> <span class='ocrx_word' id='word_1_490' title='bbox 3273 1273 3586 1340; x_wconf 77' lang='lat' dir='ltr'><strong>offensam,</strong></span> <span class='ocrx_word' id='word_1_491' title='bbox 3619 1272 3798 1345; x_wconf 84' lang='lat' dir='ltr'><strong>quasi</strong></span> <span class='ocrx_word' id='word_1_492' title='bbox 3821 1273 3874 1329; x_wconf 88' lang='lat' dir='ltr'><strong>in</strong></span> 
     </span>
    </p>
   </div>
   <div class='ocr_carea' id='block_1_74' title="bbox 2222 1362 3877 1437">
    <p class='ocr_par' dir='ltr' id='par_1_74' title="bbox 2222 1362 3877 1437">
     <span class='ocr_line' id='line_1_75' title="bbox 2222 1362 3877 1437; baseline -0.001 -17"><span class='ocrx_word' id='word_1_493' title='bbox 2222 1369 2428 1421; x_wconf 87' lang='lat' dir='ltr'><strong>nostra</strong></span> <span class='ocrx_word' id='word_1_494' title='bbox 2456 1368 2745 1437; x_wconf 87' lang='lat' dir='ltr'><strong>potestate</strong></span> <span class='ocrx_word' id='word_1_495' title='bbox 2791 1364 2868 1420; x_wconf 89' lang='lat' dir='ltr'><strong>sit</strong></span> <span class='ocrx_word' id='word_1_496' title='bbox 2894 1365 3026 1435; x_wconf 89' lang='lat' dir='ltr'><strong>ejus</strong></span> <span class='ocrx_word' id='word_1_497' title='bbox 3052 1363 3199 1420; x_wconf 86' lang='lat' dir='ltr'><strong>velle</strong></span> <span class='ocrx_word' id='word_1_498' title='bbox 3229 1367 3286 1418; x_wconf 89' lang='lat' dir='ltr'><strong>et</strong></span> <span class='ocrx_word' id='word_1_499' title='bbox 3315 1363 3445 1434; x_wconf 89' lang='lat' dir='ltr'><strong>ejus</strong></span> <span class='ocrx_word' id='word_1_500' title='bbox 3478 1362 3656 1430; x_wconf 88' lang='lat' dir='ltr'><strong>nolle,</strong></span> <span class='ocrx_word' id='word_1_501' title='bbox 3692 1363 3877 1436; x_wconf 82' lang='lat' dir='ltr'><strong>impu-</strong></span> 
     </span>
    </p>
   </div>
   <div class='ocr_carea' id='block_1_75' title="bbox 2225 1451 3847 1526">
    <p class='ocr_par' dir='ltr' id='par_1_75' title="bbox 2225 1451 3847 1526">
     <span class='ocr_line' id='line_1_76' title="bbox 2225 1451 3847 1526; baseline -0.001 -17"><span class='ocrx_word' id='word_1_502' title='bbox 2225 1469 2300 1509; x_wconf 91' lang='lat' dir='ltr'><strong>ne</strong></span> <span class='ocrx_word' id='word_1_503' title='bbox 2340 1453 2574 1526; x_wconf 89' lang='lat' dir='ltr'><strong>absque</strong></span> <span class='ocrx_word' id='word_1_504' title='bbox 2604 1454 2955 1523; x_wconf 87' lang='lat' dir='ltr'><strong>congruenti</strong></span> <span class='ocrx_word' id='word_1_505' title='bbox 2996 1453 3358 1526; x_wconf 79' lang='lat' dir='ltr'><strong>poenitentiae</strong></span> <span class='ocrx_word' id='word_1_506' title='bbox 3398 1452 3664 1508; x_wconf 87' lang='lat' dir='ltr'><strong>vindicta</strong></span> <span class='ocrx_word' id='word_1_507' title='bbox 3691 1451 3847 1507; x_wconf 83' lang='lat' dir='ltr'><strong>dona</strong></span> 
     </span>
    </p>
   </div>
   <div class='ocr_carea' id='block_1_76' title="bbox 2227 1540 3868 1614">
    <p class='ocr_par' dir='ltr' id='par_1_76' title="bbox 2227 1540 3868 1614">
     <span class='ocr_line' id='line_1_77' title="bbox 2227 1540 3868 1614; baseline -0.001 -17"><span class='ocrx_word' id='word_1_508' title='bbox 2227 1557 2395 1609; x_wconf 89' lang='lat' dir='ltr'><strong>mus;</strong></span> <span class='ocrx_word' id='word_1_509' title='bbox 2445 1558 2584 1598; x_wconf 89' lang='lat' dir='ltr'><strong>cum</strong></span> <span class='ocrx_word' id='word_1_510' title='bbox 2615 1547 2814 1598; x_wconf 86' lang='lat' dir='ltr'><strong>tamen</strong></span> <span class='ocrx_word' id='word_1_511' title='bbox 2844 1541 3010 1614; x_wconf 84' lang='lat' dir='ltr'><strong>quod</strong></span> <span class='ocrx_word' id='word_1_512' title='bbox 3038 1541 3100 1596; x_wconf 91' lang='lat' dir='ltr'><strong>in</strong></span> <span class='ocrx_word' id='word_1_513' title='bbox 3130 1540 3307 1596; x_wconf 88' lang='lat' dir='ltr'><strong>nobis</strong></span> <span class='ocrx_word' id='word_1_514' title='bbox 3346 1540 3743 1596; x_wconf 84' lang='lat' dir='ltr'><strong>commissum</strong></span> <span class='ocrx_word' id='word_1_515' title='bbox 3774 1545 3868 1605; x_wconf 88' lang='lat' dir='ltr'><strong>est,</strong></span> 
     </span>
    </p>
   </div>
   <div class='ocr_carea' id='block_1_77' title="bbox 2148 1628 3870 1701">
    <p class='ocr_par' dir='ltr' id='par_1_77' title="bbox 2148 1628 3870 1701">
     <span class='ocr_line' id='line_1_78' title="bbox 2148 1628 3870 1701; baseline -0.001 -16"><span class='ocrx_word' id='word_1_516' title='bbox 2148 1646 2188 1699; x_wconf 78' lang='grc' dir='ltr'><strong>Β</strong></span> <span class='ocrx_word' id='word_1_517' title='bbox 2227 1646 2338 1686; x_wconf 91' lang='lat' dir='ltr'><strong>nec</strong></span> <span class='ocrx_word' id='word_1_518' title='bbox 2368 1630 2565 1686; x_wconf 88' lang='lat' dir='ltr'><strong>saltim</strong></span> <span class='ocrx_word' id='word_1_519' title='bbox 2602 1630 2856 1687; x_wconf 89' lang='lat' dir='ltr'><strong>verbum</strong></span> <span class='ocrx_word' id='word_1_520' title='bbox 2905 1629 3406 1686; x_wconf 87' lang='lat' dir='ltr'><strong>contumeliosum</strong></span> <span class='ocrx_word' id='word_1_521' title='bbox 3452 1628 3658 1685; x_wconf 87' lang='lat' dir='ltr'><strong>leviter</strong></span> <span class='ocrx_word' id='word_1_522' title='bbox 3683 1628 3870 1701; x_wconf 84' lang='lat' dir='ltr'><strong>prola-</strong></span> 
     </span>
    </p>
   </div>
   <div class='ocr_carea' id='block_1_78' title="bbox 2227 1717 3872 1791">
    <p class='ocr_par' dir='ltr' id='par_1_78' title="bbox 2227 1717 3872 1791">
     <span class='ocr_line' id='line_1_79' title="bbox 2227 1717 3872 1791; baseline -0.001 -18"><span class='ocrx_word' id='word_1_523' title='bbox 2227 1722 2376 1785; x_wconf 90' lang='lat' dir='ltr'><strong>tum,</strong></span> <span class='ocrx_word' id='word_1_524' title='bbox 2406 1717 2535 1774; x_wconf 92' lang='lat' dir='ltr'><strong>sine</strong></span> <span class='ocrx_word' id='word_1_525' title='bbox 2578 1718 2841 1775; x_wconf 80' lang='lat' dir='ltr'><strong>Vindicta</strong></span> <span class='ocrx_word' id='word_1_526' title='bbox 2878 1718 3236 1791; x_wconf 89' lang='lat' dir='ltr'><strong>pertransire</strong></span> <span class='ocrx_word' id='word_1_527' title='bbox 3265 1717 3586 1790; x_wconf 88' lang='lat' dir='ltr'><strong>patiamur.</strong></span> <span class='ocrx_word' id='word_1_528' title='bbox 3613 1717 3872 1773; x_wconf 85' lang='lat' dir='ltr'><strong>Dimitta-</strong></span> 
     </span>
    </p>
   </div>
   <div class='ocr_carea' id='block_1_79' title="bbox 2230 1806 3875 1881">
    <p class='ocr_par' dir='ltr' id='par_1_79' title="bbox 2230 1806 3875 1881">
     <span class='ocr_line' id='line_1_80' title="bbox 2230 1806 3875 1881; baseline -0.001 -18"><span class='ocrx_word' id='word_1_529' title='bbox 2230 1823 2366 1863; x_wconf 90' lang='lat' dir='ltr'><strong>mus</strong></span> <span class='ocrx_word' id='word_1_530' title='bbox 2397 1823 2540 1877; x_wconf 87' lang='lat' dir='ltr'><strong>ergo</strong></span> <span class='ocrx_word' id='word_1_531' title='bbox 2568 1813 2821 1881; x_wconf 90' lang='lat' dir='ltr'><strong>propter</strong></span> <span class='ocrx_word' id='word_1_532' title='bbox 2845 1810 3031 1864; x_wconf 90' lang='lat' dir='ltr'><strong>Deum</strong></span> <span class='ocrx_word' id='word_1_533' title='bbox 3077 1807 3241 1879; x_wconf 87' lang='lat' dir='ltr'><strong>quod</strong></span> <span class='ocrx_word' id='word_1_534' title='bbox 3271 1807 3333 1863; x_wconf 92' lang='lat' dir='ltr'><strong>in</strong></span> <span class='ocrx_word' id='word_1_535' title='bbox 3372 1806 3546 1863; x_wconf 91' lang='lat' dir='ltr'><strong>nobis</strong></span> <span class='ocrx_word' id='word_1_536' title='bbox 3586 1810 3875 1879; x_wconf 83' lang='lat' dir='ltr'><strong>perpetra-</strong></span> 
     </span>
    </p>
   </div>
   <div class='ocr_carea' id='block_1_80' title="bbox 2228 1895 3877 1970">
    <p class='ocr_par' dir='ltr' id='par_1_80' title="bbox 2228 1895 3877 1970">
     <span class='ocr_line' id='line_1_81' title="bbox 2228 1895 3877 1970; baseline -0.001 -18"><span class='ocrx_word' id='word_1_537' title='bbox 2228 1900 2357 1952; x_wconf 89' lang='lat' dir='ltr'><strong>tum</strong></span> <span class='ocrx_word' id='word_1_538' title='bbox 2386 1901 2502 1964; x_wconf 89' lang='lat' dir='ltr'><strong>est;</strong></span> <span class='ocrx_word' id='word_1_539' title='bbox 2556 1901 2612 1953; x_wconf 91' lang='lat' dir='ltr'><strong>et</strong></span> <span class='ocrx_word' id='word_1_540' title='bbox 2652 1896 2818 1969; x_wconf 90' lang='lat' dir='ltr'><strong>quod</strong></span> <span class='ocrx_word' id='word_1_541' title='bbox 2857 1897 2919 1952; x_wconf 93' lang='lat' dir='ltr'><strong>in</strong></span> <span class='ocrx_word' id='word_1_542' title='bbox 2965 1898 3152 1953; x_wconf 92' lang='lat' dir='ltr'><strong>Deum</strong></span> <span class='ocrx_word' id='word_1_543' title='bbox 3181 1896 3572 1952; x_wconf 90' lang='lat' dir='ltr'><strong>commissum</strong></span> <span class='ocrx_word' id='word_1_544' title='bbox 3602 1900 3716 1966; x_wconf 87' lang='lat' dir='ltr'><strong>est,</strong></span> <span class='ocrx_word' id='word_1_545' title='bbox 3748 1895 3877 1970; x_wconf 87' lang='lat' dir='ltr'><strong>quia</strong></span> 
     </span>
    </p>
   </div>
   <div class='ocr_carea' id='block_1_81' title="bbox 2230 1985 3876 2060">
    <p class='ocr_par' dir='ltr' id='par_1_81' title="bbox 2230 1985 3876 2060">
     <span class='ocr_line' id='line_1_82' title="bbox 2230 1985 3876 2060; baseline -0.001 -18"><span class='ocrx_word' id='word_1_546' title='bbox 2230 1986 2524 2043; x_wconf 89' lang='lat' dir='ltr'><strong>dimittere</strong></span> <span class='ocrx_word' id='word_1_547' title='bbox 2576 2003 2701 2043; x_wconf 92' lang='lat' dir='ltr'><strong>non</strong></span> <span class='ocrx_word' id='word_1_548' title='bbox 2754 2002 3113 2060; x_wconf 90' lang='lat' dir='ltr'><strong>possumus,</strong></span> <span class='ocrx_word' id='word_1_549' title='bbox 3162 1986 3333 2057; x_wconf 85' lang='lat' dir='ltr'><strong>juxta</strong></span> <span class='ocrx_word' id='word_1_550' title='bbox 3384 1985 3876 2042; x_wconf 85' lang='lat' dir='ltr'><strong>consuetudinem</strong></span> 
     </span>
    </p>
   </div>
   <div class='ocr_carea' id='block_1_82' title="bbox 2232 2074 3921 2147">
    <p class='ocr_par' dir='ltr' id='par_1_82' title="bbox 2232 2074 3921 2147">
     <span class='ocr_line' id='line_1_83' title="bbox 2232 2074 3921 2147; baseline 0.001 -16"><span class='ocrx_word' id='word_1_551' title='bbox 2232 2075 2460 2146; x_wconf 74' lang='lat' dir='ltr'><strong>[Codex</strong></span> <span class='ocrx_word' id='word_1_552' title='bbox 2505 2091 2613 2131; x_wconf 85' lang='lat' dir='ltr'><strong>ms.</strong></span> <span class='ocrx_word' id='word_1_553' title='bbox 2661 2075 3092 2147; x_wconf 88' lang='lat' dir='ltr'><strong>constitution.]</strong></span> <span class='ocrx_word' id='word_1_554' title='bbox 3147 2077 3495 2131; x_wconf 89' lang='lat' dir='ltr'><strong>sanctorum</strong></span> <span class='ocrx_word' id='word_1_555' title='bbox 3542 2074 3727 2146; x_wconf 78' lang='lat' dir='ltr'><strong>33o</strong></span> <span class='ocrx_word' id='word_1_556' title='bbox 3784 2076 3878 2129; x_wconf 83' lang='lat' dir='ltr'><strong>Pa—</strong></span> <span class='ocrx_word' id='word_1_557' title='bbox 3914 2132 3921 2133; x_wconf 62' lang='lat'><strong><em>,</em></strong></span> 
     </span>
    </p>
   </div>
   <div class='ocr_carea' id='block_1_83' title="bbox 2230 2162 3876 2232">
    <p class='ocr_par' dir='ltr' id='par_1_83' title="bbox 2230 2162 3876 2232">
     <span class='ocr_line' id='line_1_84' title="bbox 2230 2162 3876 2232; baseline -0.001 -13"><span class='ocrx_word' id='word_1_558' title='bbox 2230 2168 2413 2232; x_wconf 89' lang='lat' dir='ltr'><strong>trum,</strong></span> <span class='ocrx_word' id='word_1_559' title='bbox 2457 2164 2791 2220; x_wconf 88' lang='lat' dir='ltr'><strong>secundum</strong></span> <span class='ocrx_word' id='word_1_560' title='bbox 2840 2165 3195 2220; x_wconf 90' lang='lat' dir='ltr'><strong>canonicam</strong></span> <span class='ocrx_word' id='word_1_561' title='bbox 3236 2163 3643 2220; x_wconf 81' lang='lat' dir='ltr'><strong>auctoritatem</strong></span> <span class='ocrx_word' id='word_1_562' title='bbox 3694 2162 3876 2219; x_wconf 84' lang='lat' dir='ltr'><strong>vindi-</strong></span> 
     </span>
    </p>
   </div>
   <div class='ocr_carea' id='block_1_84' title="bbox 2232 2269 2457 2310">
    <p class='ocr_par' dir='ltr' id='par_1_84' title="bbox 2232 2269 2457 2310">
     <span class='ocr_line' id='line_1_85' title="bbox 2232 2269 2457 2310; baseline -0.004 0"><span class='ocrx_word' id='word_1_563' title='bbox 2232 2269 2457 2310; x_wconf 79' lang='grc'><strong>08111118.</strong></span> 
     </span>
    </p>
   </div>
   <div class='ocr_carea' id='block_1_85' title="bbox 2751 2358 3373 2398">
    <p class='ocr_par' dir='ltr' id='par_1_85' title="bbox 2751 2358 3373 2398">
     <span class='ocr_line' id='line_1_86' title="bbox 2751 2358 3373 2398; baseline 0 -1"><span class='ocrx_word' id='word_1_564' title='bbox 2751 2358 2952 2398; x_wconf 74' lang='grc' dir='ltr'><strong>ΑΒΗΙΝΟ</strong></span> <span class='ocrx_word' id='word_1_565' title='bbox 2991 2358 3060 2397; x_wconf 79' lang='lat' dir='ltr'><strong>DE</strong></span> <span class='ocrx_word' id='word_1_566' title='bbox 3100 2358 3373 2398; x_wconf 75' lang='lat' dir='ltr'><strong>PEBJUBIO.</strong></span> 
     </span>
    </p>
   </div>
   <div class='ocr_carea' id='block_1_86' title="bbox 2927 2449 3199 2519">
    <p class='ocr_par' dir='ltr' id='par_1_86' title="bbox 2927 2449 3199 2519">
     <span class='ocr_line' id='line_1_87' title="bbox 2927 2449 3199 2519; baseline 0.007 -17"><span class='ocrx_word' id='word_1_567' title='bbox 2927 2449 3022 2504; x_wconf 80' lang='lat' dir='ltr'><strong>Ea:</strong></span> <span class='ocrx_word' id='word_1_568' title='bbox 3051 2449 3199 2519; x_wconf 85' lang='lat' dir='ltr'><strong>Cap.</strong></span> 
     </span>
    </p>
   </div>
   <div class='ocr_carea' id='block_1_87' title="bbox 2308 2555 3878 2628">
    <p class='ocr_par' dir='ltr' id='par_1_87' title="bbox 2308 2555 3878 2628">
     <span class='ocr_line' id='line_1_88' title="bbox 2308 2555 3878 2628; baseline 0.001 -19"><span class='ocrx_word' id='word_1_569' title='bbox 2308 2556 2525 2611; x_wconf 89' lang='lat' dir='ltr'><strong>CCCXI.</strong></span> <span class='ocrx_word' id='word_1_570' title='bbox 2557 2555 2937 2626; x_wconf 87' lang='lat' dir='ltr'><strong>(Capitulare</strong></span> <span class='ocrx_word' id='word_1_571' title='bbox 2964 2558 3331 2628; x_wconf 82' lang='lat' dir='ltr'><strong>Aquisgran.</strong></span> <span class='ocrx_word' id='word_1_572' title='bbox 3362 2558 3574 2612; x_wconf 62' lang='lat' dir='ltr'><strong>Csnou</strong></span> <span class='ocrx_word' id='word_1_573' title='bbox 3604 2559 3705 2627; x_wconf 71' lang='lat' dir='ltr'><strong>LL,</strong></span> <span class='ocrx_word' id='word_1_574' title='bbox 3727 2574 3780 2613; x_wconf 89' lang='lat' dir='ltr'><strong>c.</strong></span> <span class='ocrx_word' id='word_1_575' title='bbox 3802 2559 3878 2624; x_wconf 89' lang='lat'><strong>63,</strong></span> 
     </span>
    </p>
   </div>
   <div class='ocr_carea' id='block_1_88' title="bbox 2236 2643 3880 2717">
    <p class='ocr_par' dir='ltr' id='par_1_88' title="bbox 2236 2643 3880 2717">
     <span class='ocr_line' id='line_1_89' title="bbox 2236 2643 3880 2717; baseline 0.002 -18"><span class='ocrx_word' id='word_1_576' title='bbox 2236 2648 2293 2699; x_wconf 91' lang='lat' dir='ltr'><strong>et</strong></span> <span class='ocrx_word' id='word_1_577' title='bbox 2318 2643 2422 2700; x_wconf 90' lang='lat' dir='ltr'><strong>lib.</strong></span> <span class='ocrx_word' id='word_1_578' title='bbox 2450 2661 2469 2699; x_wconf 91' lang='grc' dir='ltr'><strong>ι</strong></span> <span class='ocrx_word' id='word_1_579' title='bbox 2502 2646 2869 2716; x_wconf 85' lang='lat' dir='ltr'><strong>Capitular.,</strong></span> <span class='ocrx_word' id='word_1_580' title='bbox 2897 2661 2947 2701; x_wconf 92' lang='lat' dir='ltr'><strong>c.</strong></span> <span class='ocrx_word' id='word_1_581' title='bbox 2977 2648 3049 2701; x_wconf 82' lang='lat'><strong>63</strong></span> <span class='ocrx_word' id='word_1_582' title='bbox 3076 2665 3088 2713; x_wconf 87' lang='lat'><strong>;</strong></span> <span class='ocrx_word' id='word_1_583' title='bbox 3121 2647 3446 2717; x_wconf 63' lang='lat' dir='ltr'><strong>Buncuaan,</strong></span> <span class='ocrx_word' id='word_1_584' title='bbox 3476 2645 3576 2701; x_wconf 88' lang='lat' dir='ltr'><strong>lib.</strong></span> <span class='ocrx_word' id='word_1_585' title='bbox 3607 2662 3721 2713; x_wconf 82' lang='lat' dir='ltr'><strong>xu,</strong></span> <span class='ocrx_word' id='word_1_586' title='bbox 3749 2650 3880 2703; x_wconf 54' lang='grc' dir='ltr'>ολ.)</span> 
     </span>
    </p>
   </div>
   <div class='ocr_carea' id='block_1_89' title="bbox 2237 2732 3881 2807">
    <p class='ocr_par' dir='ltr' id='par_1_89' title="bbox 2237 2732 3881 2807">
     <span class='ocr_line' id='line_1_90' title="bbox 2237 2732 3881 2807; baseline 0.002 -18"><span class='ocrx_word' id='word_1_587' title='bbox 2237 2732 2540 2789; x_wconf 82' lang='lat' dir='ltr'><strong>Habemus</strong></span> <span class='ocrx_word' id='word_1_588' title='bbox 2567 2734 2629 2789; x_wconf 92' lang='lat' dir='ltr'><strong>in</strong></span> <span class='ocrx_word' id='word_1_589' title='bbox 2657 2733 2787 2803; x_wconf 88' lang='lat' dir='ltr'><strong>lege</strong></span> <span class='ocrx_word' id='word_1_590' title='bbox 2816 2734 3048 2790; x_wconf 89' lang='lat' dir='ltr'><strong>Domini</strong></span> <span class='ocrx_word' id='word_1_591' title='bbox 3080 2734 3368 2807; x_wconf 89' lang='lat' dir='ltr'><strong>scriptum</strong></span> <span class='ocrx_word' id='word_1_592' title='bbox 3394 2752 3406 2789; x_wconf 92' lang='lat'><strong>:</strong></span> <span class='ocrx_word' id='word_1_593' title='bbox 3448 2736 3583 2791; x_wconf 88' lang='lat' dir='ltr'><strong>Non</strong></span> <span class='ocrx_word' id='word_1_594' title='bbox 3609 2738 3881 2805; x_wconf 79' lang='lat' dir='ltr'><strong>perjura-</strong></span> 
     </span>
    </p>
   </div>
   <div class='ocr_carea' id='block_1_90' title="bbox 2239 2822 3883 2893">
    <p class='ocr_par' dir='ltr' id='par_1_90' title="bbox 2239 2822 3883 2893">
     <span class='ocr_line' id='line_1_91' title="bbox 2239 2822 3883 2893; baseline 0.002 -17"><span class='ocrx_word' id='word_1_595' title='bbox 2239 2822 2323 2879; x_wconf 90' lang='lat' dir='ltr'><strong>bis</strong></span> <span class='ocrx_word' id='word_1_596' title='bbox 2349 2823 2411 2878; x_wconf 84' lang='lat' dir='ltr'><strong>in</strong></span> <span class='ocrx_word' id='word_1_597' title='bbox 2442 2825 2679 2879; x_wconf 83' lang='lat' dir='ltr'><strong>nomine</strong></span> <span class='ocrx_word' id='word_1_598' title='bbox 2704 2838 2851 2889; x_wconf 90' lang='lat' dir='ltr'><strong>meo,</strong></span> <span class='ocrx_word' id='word_1_599' title='bbox 2883 2838 2991 2880; x_wconf 83' lang='lat' dir='ltr'><strong>nec</strong></span> <span class='ocrx_word' id='word_1_600' title='bbox 3013 2824 3246 2893; x_wconf 81' lang='lat' dir='ltr'><strong>pollues</strong></span> <span class='ocrx_word' id='word_1_601' title='bbox 3275 2838 3488 2880; x_wconf 85' lang='lat' dir='ltr'><strong>nomen</strong></span> <span class='ocrx_word' id='word_1_602' title='bbox 3518 2825 3768 2880; x_wconf 86' lang='lat' dir='ltr'><strong>Domini</strong></span> <span class='ocrx_word' id='word_1_603' title='bbox 3794 2825 3883 2879; x_wconf 82' lang='lat' dir='ltr'><strong>Dei</strong></span> 
     </span>
    </p>
   </div>
   <div class='ocr_carea' id='block_1_91' title="bbox 2239 2914 3880 2981">
    <p class='ocr_par' dir='ltr' id='par_1_91' title="bbox 2239 2914 3880 2981">
     <span class='ocr_line' id='line_1_92' title="bbox 2239 2914 3880 2981; baseline 0 -13"><span class='ocrx_word' id='word_1_604' title='bbox 2239 2914 2347 2981; x_wconf 90' lang='lat' dir='ltr'><strong>tui,</strong></span> <span class='ocrx_word' id='word_1_605' title='bbox 2374 2928 2480 2970; x_wconf 89' lang='lat' dir='ltr'><strong>nec</strong></span> <span class='ocrx_word' id='word_1_606' title='bbox 2527 2929 2788 2970; x_wconf 87' lang='lat' dir='ltr'><strong>assumes</strong></span> <span class='ocrx_word' id='word_1_607' title='bbox 2817 2929 3031 2969; x_wconf 87' lang='lat' dir='ltr'><strong>nomen</strong></span> <span class='ocrx_word' id='word_1_608' title='bbox 3063 2914 3306 2968; x_wconf 86' lang='lat' dir='ltr'><strong>Domini</strong></span> <span class='ocrx_word' id='word_1_609' title='bbox 3333 2915 3444 2970; x_wconf 91' lang='lat' dir='ltr'><strong>Dei</strong></span> <span class='ocrx_word' id='word_1_610' title='bbox 3468 2915 3559 2969; x_wconf 88' lang='lat' dir='ltr'><strong>tui</strong></span> <span class='ocrx_word' id='word_1_611' title='bbox 3577 2915 3640 2969; x_wconf 87' lang='lat' dir='ltr'><strong>in</strong></span> <span class='ocrx_word' id='word_1_612' title='bbox 3675 2930 3880 2970; x_wconf 84' lang='lat' dir='ltr'><strong>vanum</strong></span> 
     </span>
    </p>
   </div>
   <div class='ocr_carea' id='block_1_92' title="bbox 2158 2992 3883 3074">
    <p class='ocr_par' dir='ltr' id='par_1_92' title="bbox 2158 2992 3883 3074">
     <span class='ocr_line' id='line_1_93' title="bbox 2158 2992 3883 3074; baseline -0.002 -14"><span class='ocrx_word' id='word_1_613' title='bbox 2158 2992 2200 3046; x_wconf 76' lang='grc' dir='ltr'>ο</span> <span class='ocrx_word' id='word_1_614' title='bbox 2241 3002 2444 3074; x_wconf 77' lang='lat' dir='ltr'><strong>(Levii.</strong></span> <span class='ocrx_word' id='word_1_615' title='bbox 2472 3004 2613 3074; x_wconf 87' lang='lat' dir='ltr'><strong>x1x).</strong></span> <span class='ocrx_word' id='word_1_616' title='bbox 2648 3001 2788 3058; x_wconf 89' lang='lat' dir='ltr'><strong>Ideo</strong></span> <span class='ocrx_word' id='word_1_617' title='bbox 2836 3002 3205 3058; x_wconf 87' lang='lat' dir='ltr'><strong>admonendi</strong></span> <span class='ocrx_word' id='word_1_618' title='bbox 3254 3005 3391 3057; x_wconf 90' lang='lat' dir='ltr'><strong>sunt</strong></span> <span class='ocrx_word' id='word_1_619' title='bbox 3421 3018 3632 3058; x_wconf 91' lang='lat' dir='ltr'><strong>omnes</strong></span> <span class='ocrx_word' id='word_1_620' title='bbox 3676 3009 3743 3057; x_wconf 90' lang='lat' dir='ltr'><strong>ut</strong></span> <span class='ocrx_word' id='word_1_621' title='bbox 3774 3001 3883 3057; x_wconf 86' lang='lat' dir='ltr'><strong>dili-</strong></span> 
     </span>
    </p>
   </div>
   <div class='ocr_carea' id='block_1_93' title="bbox 2240 3091 3885 3165">
    <p class='ocr_par' dir='ltr' id='par_1_93' title="bbox 2240 3091 3885 3165">
     <span class='ocr_line' id='line_1_94' title="bbox 2240 3091 3885 3165; baseline -0.001 -19"><span class='ocrx_word' id='word_1_622' title='bbox 2240 3096 2444 3161; x_wconf 85' lang='lat' dir='ltr'><strong>genter</strong></span> <span class='ocrx_word' id='word_1_623' title='bbox 2471 3096 2724 3148; x_wconf 86' lang='lat' dir='ltr'><strong>caveant</strong></span> <span class='ocrx_word' id='word_1_624' title='bbox 2751 3093 2877 3165; x_wconf 91' lang='lat' dir='ltr'><strong>pcrj</strong></span> <span class='ocrx_word' id='word_1_625' title='bbox 2889 3091 3104 3157; x_wconf 88' lang='lat' dir='ltr'><strong>urium,</strong></span> <span class='ocrx_word' id='word_1_626' title='bbox 3132 3107 3256 3147; x_wconf 88' lang='lat' dir='ltr'><strong>non</strong></span> <span class='ocrx_word' id='word_1_627' title='bbox 3282 3091 3478 3147; x_wconf 91' lang='lat' dir='ltr'><strong>solum</strong></span> <span class='ocrx_word' id='word_1_628' title='bbox 3504 3092 3563 3147; x_wconf 93' lang='lat' dir='ltr'><strong>in</strong></span> <span class='ocrx_word' id='word_1_629' title='bbox 3593 3091 3771 3148; x_wconf 90' lang='lat' dir='ltr'><strong>altari</strong></span> <span class='ocrx_word' id='word_1_630' title='bbox 3794 3107 3885 3145; x_wconf 87' lang='lat' dir='ltr'><strong>seu</strong></span> 
     </span>
    </p>
   </div>
   <div class='ocr_carea' id='block_1_94' title="bbox 2240 3179 3884 3255">
    <p class='ocr_par' dir='ltr' id='par_1_94' title="bbox 2240 3179 3884 3255">
     <span class='ocr_line' id='line_1_95' title="bbox 2240 3179 3884 3255; baseline 0.001 -21"><span class='ocrx_word' id='word_1_631' title='bbox 2240 3184 2583 3237; x_wconf 89' lang='lat' dir='ltr'><strong>sanctorum</strong></span> <span class='ocrx_word' id='word_1_632' title='bbox 2614 3181 2898 3255; x_wconf 90' lang='lat' dir='ltr'><strong>reliquiis,</strong></span> <span class='ocrx_word' id='word_1_633' title='bbox 2933 3181 3037 3236; x_wconf 91' lang='lat' dir='ltr'><strong>sed</strong></span> <span class='ocrx_word' id='word_1_634' title='bbox 3088 3186 3145 3236; x_wconf 90' lang='lat' dir='ltr'><strong>et</strong></span> <span class='ocrx_word' id='word_1_635' title='bbox 3172 3181 3231 3236; x_wconf 90' lang='lat' dir='ltr'><strong>in</strong></span> <span class='ocrx_word' id='word_1_636' title='bbox 3264 3179 3429 3236; x_wconf 89' lang='lat' dir='ltr'><strong>omni</strong></span> <span class='ocrx_word' id='word_1_637' title='bbox 3458 3180 3722 3254; x_wconf 89' lang='lat' dir='ltr'><strong>loquela.</strong></span> <span class='ocrx_word' id='word_1_638' title='bbox 3761 3186 3884 3237; x_wconf 89' lang='lat' dir='ltr'><strong>Item</strong></span> 
     </span>
    </p>
   </div>
   <div class='ocr_carea' id='block_1_95' title="bbox 2239 3268 3885 3344">
    <p class='ocr_par' dir='ltr' id='par_1_95' title="bbox 2239 3268 3885 3344">
     <span class='ocr_line' id='line_1_96' title="bbox 2239 3268 3885 3344; baseline -0.001 -20"><span class='ocrx_word' id='word_1_639' title='bbox 2239 3268 2578 3325; x_wconf 89' lang='lat' dir='ltr'><strong>cavendum</strong></span> <span class='ocrx_word' id='word_1_640' title='bbox 2625 3276 2715 3327; x_wconf 91' lang='lat' dir='ltr'><strong>est</strong></span> <span class='ocrx_word' id='word_1_641' title='bbox 2764 3286 2840 3326; x_wconf 90' lang='lat' dir='ltr'><strong>ne</strong></span> <span class='ocrx_word' id='word_1_642' title='bbox 2896 3270 3113 3344; x_wconf 88' lang='lat' dir='ltr'><strong>aliquis</strong></span> <span class='ocrx_word' id='word_1_643' title='bbox 3180 3269 3315 3342; x_wconf 87' lang='lat' dir='ltr'><strong>plus</strong></span> <span class='ocrx_word' id='word_1_644' title='bbox 3379 3286 3593 3326; x_wconf 90' lang='lat' dir='ltr'><strong>aurum</strong></span> <span class='ocrx_word' id='word_1_645' title='bbox 3642 3271 3885 3326; x_wconf 89' lang='lat' dir='ltr'><strong>honoret</strong></span> 
     </span>
    </p>
   </div>
   <div class='ocr_carea' id='block_1_96' title="bbox 2238 3358 3887 3432">
    <p class='ocr_par' dir='ltr' id='par_1_96' title="bbox 2238 3358 3887 3432">
     <span class='ocr_line' id='line_1_97' title="bbox 2238 3358 3887 3432; baseline 0 -20"><span class='ocrx_word' id='word_1_646' title='bbox 2238 3373 2426 3430; x_wconf 90' lang='lat' dir='ltr'><strong>quam</strong></span> <span class='ocrx_word' id='word_1_647' title='bbox 2455 3358 2659 3427; x_wconf 90' lang='lat' dir='ltr'><strong>altare,</strong></span> <span class='ocrx_word' id='word_1_648' title='bbox 2686 3368 2799 3415; x_wconf 90' lang='lat' dir='ltr'><strong>‘nec</strong></span> <span class='ocrx_word' id='word_1_649' title='bbox 2849 3360 2903 3415; x_wconf 90' lang='lat' dir='ltr'><strong>ei</strong></span> <span class='ocrx_word' id='word_1_650' title='bbox 2936 3359 3223 3415; x_wconf 90' lang='lat' dir='ltr'><strong>Dominus</strong></span> <span class='ocrx_word' id='word_1_651' title='bbox 3256 3358 3452 3415; x_wconf 87' lang='lat' dir='ltr'><strong>dicat:</strong></span> <span class='ocrx_word' id='word_1_652' title='bbox 3504 3361 3723 3427; x_wconf 83' lang='lat' dir='ltr'><strong>Stulte,</strong></span> <span class='ocrx_word' id='word_1_653' title='bbox 3759 3358 3887 3432; x_wconf 81' lang='lat' dir='ltr'><strong>quid</strong></span> 
     </span>
    </p>
   </div>
   <div class='ocr_carea' id='block_1_97' title="bbox 2240 3449 3884 3520">
    <p class='ocr_par' dir='ltr' id='par_1_97' title="bbox 2240 3449 3884 3520">
     <span class='ocr_line' id='line_1_98' title="bbox 2240 3449 3884 3520; baseline -0.001 -17"><span class='ocrx_word' id='word_1_654' title='bbox 2240 3453 2321 3503; x_wconf 84' lang='lat' dir='ltr'><strong>est</strong></span> <span class='ocrx_word' id='word_1_655' title='bbox 2352 3450 2571 3518; x_wconf 83' lang='lat' dir='ltr'><strong>majus,</strong></span> <span class='ocrx_word' id='word_1_656' title='bbox 2602 3464 2842 3519; x_wconf 88' lang='lat' dir='ltr'><strong>aurum,</strong></span> <span class='ocrx_word' id='word_1_657' title='bbox 2870 3456 2975 3506; x_wconf 88' lang='lat' dir='ltr'><strong>aut</strong></span> <span class='ocrx_word' id='word_1_658' title='bbox 3006 3451 3205 3506; x_wconf 85' lang='lat' dir='ltr'><strong>altare</strong></span> <span class='ocrx_word' id='word_1_659' title='bbox 3232 3449 3392 3520; x_wconf 89' lang='lat' dir='ltr'><strong>quod</strong></span> <span class='ocrx_word' id='word_1_660' title='bbox 3424 3450 3769 3518; x_wconf 72' lang='lat' dir='ltr'><strong>sanctiﬁcat</strong></span> <span class='ocrx_word' id='word_1_661' title='bbox 3796 3463 3884 3503; x_wconf 83' lang='lat' dir='ltr'><strong>au-</strong></span> 
     </span>
    </p>
   </div>
   <div class='ocr_carea' id='block_1_98' title="bbox 2240 3536 2913 3609">
    <p class='ocr_par' dir='ltr' id='par_1_98' title="bbox 2240 3536 2913 3609">
     <span class='ocr_line' id='line_1_99' title="bbox 2240 3536 2913 3609; baseline 0.003 -17"><span class='ocrx_word' id='word_1_662' title='bbox 2240 3552 2373 3592; x_wconf 81' lang='lat' dir='ltr'><strong>rum</strong></span> <span class='ocrx_word' id='word_1_663' title='bbox 2396 3537 2424 3593; x_wconf 89' lang='lat'><strong><em>?</em></strong></span> <span class='ocrx_word' id='word_1_664' title='bbox 2454 3536 2692 3608; x_wconf 82' lang='lat' dir='ltr'><strong>(Matth.</strong></span> <span class='ocrx_word' id='word_1_665' title='bbox 2723 3539 2913 3609; x_wconf 83' lang='lat' dir='ltr'><strong>xxni.)</strong></span> 
     </span>
    </p>
   </div>
   <div class='ocr_carea' id='block_1_99' title="bbox 2789 3647 3361 3718">
    <p class='ocr_par' dir='ltr' id='par_1_99' title="bbox 2789 3647 3361 3718">
     <span class='ocr_line' id='line_1_100' title="bbox 2789 3647 3361 3718; baseline -0.005 -15"><span class='ocrx_word' id='word_1_666' title='bbox 2789 3648 2936 3703; x_wconf 89' lang='lat' dir='ltr'><strong>Item</strong></span> <span class='ocrx_word' id='word_1_667' title='bbox 2971 3647 3127 3704; x_wconf 88' lang='lat' dir='ltr'><strong>unde</strong></span> <span class='ocrx_word' id='word_1_668' title='bbox 3156 3663 3361 3718; x_wconf 86' lang='lat' dir='ltr'><strong>supra.</strong></span> 
     </span>
    </p>
   </div>
   <div class='ocr_carea' id='block_1_100' title="bbox 2311 3750 3884 3823">
    <p class='ocr_par' dir='ltr' id='par_1_100' title="bbox 2311 3750 3884 3823">
     <span class='ocr_line' id='line_1_101' title="bbox 2311 3750 3884 3823; baseline 0 -19"><span class='ocrx_word' id='word_1_669' title='bbox 2311 3750 2568 3807; x_wconf 81' lang='lat' dir='ltr'><strong>CCCXII.</strong></span> <span class='ocrx_word' id='word_1_670' title='bbox 2626 3751 2769 3823; x_wconf 91' lang='lat' dir='ltr'><strong>(Lib.</strong></span> <span class='ocrx_word' id='word_1_671' title='bbox 2812 3768 2831 3807; x_wconf 86' lang='grc' dir='ltr'><strong>ι</strong></span> <span class='ocrx_word' id='word_1_672' title='bbox 2883 3753 3249 3823; x_wconf 83' lang='lat' dir='ltr'><strong>Capitular.,</strong></span> <span class='ocrx_word' id='word_1_673' title='bbox 3288 3771 3338 3810; x_wconf 74' lang='grc' dir='ltr'>ο.</span> <span class='ocrx_word' id='word_1_674' title='bbox 3374 3757 3480 3819; x_wconf 85' lang='grc'><strong>63;</strong></span> <span class='ocrx_word' id='word_1_675' title='bbox 3520 3753 3624 3809; x_wconf 87' lang='lat' dir='ltr'><strong>lib.</strong></span> <span class='ocrx_word' id='word_1_676' title='bbox 3678 3770 3718 3809; x_wconf 89' lang='grc' dir='ltr'><strong>ιι</strong></span> <span class='ocrx_word' id='word_1_677' title='bbox 3761 3754 3884 3821; x_wconf 85' lang='lat' dir='ltr'><strong>Leg.</strong></span> 
     </span>
    </p>
   </div>
   <div class='ocr_carea' id='block_1_101' title="bbox 2243 3840 3885 3912">
    <p class='ocr_par' dir='ltr' id='par_1_101' title="bbox 2243 3840 3885 3912">
     <span class='ocr_line' id='line_1_102' title="bbox 2243 3840 3885 3912; baseline -0.001 -17"><span class='ocrx_word' id='word_1_678' title='bbox 2243 3840 2524 3911; x_wconf 84' lang='lat' dir='ltr'><strong>Longob.,</strong></span> <span class='ocrx_word' id='word_1_679' title='bbox 2569 3840 2653 3897; x_wconf 88' lang='lat' dir='ltr'><strong>tit.</strong></span> <span class='ocrx_word' id='word_1_680' title='bbox 2697 3846 2786 3912; x_wconf 82' lang='lat'><strong>55,</strong></span> <span class='ocrx_word' id='word_1_681' title='bbox 2819 3856 2870 3897; x_wconf 89' lang='lat' dir='ltr'><strong>c.</strong></span> <span class='ocrx_word' id='word_1_682' title='bbox 2902 3844 3011 3908; x_wconf 89' lang='lat'><strong>22;</strong></span> <span class='ocrx_word' id='word_1_683' title='bbox 3058 3843 3377 3899; x_wconf 61' lang='lat' dir='ltr'><strong>Buacuxan.</strong></span> <span class='ocrx_word' id='word_1_684' title='bbox 3408 3843 3511 3898; x_wconf 91' lang='lat' dir='ltr'><strong>lib.</strong></span> <span class='ocrx_word' id='word_1_685' title='bbox 3556 3859 3659 3910; x_wconf 85' lang='lat' dir='ltr'><strong>xu,</strong></span> <span class='ocrx_word' id='word_1_686' title='bbox 3707 3859 3760 3899; x_wconf 90' lang='lat' dir='ltr'><strong>c.</strong></span> <span class='ocrx_word' id='word_1_687' title='bbox 3790 3842 3885 3909; x_wconf 83' lang='lat' dir='ltr'><strong>t2.)</strong></span> 
     </span>
    </p>
   </div>
   <div class='ocr_carea' id='block_1_102' title="bbox 2244 3928 3887 4005">
    <p class='ocr_par' dir='ltr' id='par_1_102' title="bbox 2244 3928 3887 4005">
     <span class='ocr_line' id='line_1_103' title="bbox 2244 3928 3887 4005; baseline -0.002 -20"><span class='ocrx_word' id='word_1_688' title='bbox 2244 3928 2359 3985; x_wconf 92' lang='lat' dir='ltr'><strong>Sed</strong></span> <span class='ocrx_word' id='word_1_689' title='bbox 2389 3934 2444 3985; x_wconf 91' lang='lat' dir='ltr'><strong>et</strong></span> <span class='ocrx_word' id='word_1_690' title='bbox 2485 3929 2663 3985; x_wconf 90' lang='lat' dir='ltr'><strong>nobis</strong></span> <span class='ocrx_word' id='word_1_691' title='bbox 2694 3929 3013 3986; x_wconf 85' lang='lat' dir='ltr'><strong>honestum</strong></span> <span class='ocrx_word' id='word_1_692' title='bbox 3045 3930 3281 3987; x_wconf 88' lang='lat' dir='ltr'><strong>videtur</strong></span> <span class='ocrx_word' id='word_1_693' title='bbox 3326 3937 3389 3988; x_wconf 89' lang='lat' dir='ltr'><strong>ut</strong></span> <span class='ocrx_word' id='word_1_694' title='bbox 3439 3932 3545 4005; x_wconf 91' lang='lat' dir='ltr'><strong>qui</strong></span> <span class='ocrx_word' id='word_1_695' title='bbox 3587 3932 3647 3986; x_wconf 91' lang='lat' dir='ltr'><strong>in</strong></span> <span class='ocrx_word' id='word_1_696' title='bbox 3681 3929 3887 3987; x_wconf 87' lang='lat' dir='ltr'><strong>sanctis</strong></span> 
     </span>
    </p>
   </div>
   <div class='ocr_carea' id='block_1_103' title="bbox 2241 4017 3885 4089">
    <p class='ocr_par' dir='ltr' id='par_1_103' title="bbox 2241 4017 3885 4089">
     <span class='ocr_line' id='line_1_104' title="bbox 2241 4017 3885 4089; baseline 0.001 -17"><span class='ocrx_word' id='word_1_697' title='bbox 2241 4017 2423 4073; x_wconf 91' lang='lat' dir='ltr'><strong>audet</strong></span> <span class='ocrx_word' id='word_1_698' title='bbox 2445 4018 2666 4087; x_wconf 87' lang='lat' dir='ltr'><strong>jurare,</strong></span> <span class='ocrx_word' id='word_1_699' title='bbox 2698 4019 2816 4074; x_wconf 89' lang='lat' dir='ltr'><strong>hoc</strong></span> <span class='ocrx_word' id='word_1_700' title='bbox 2854 4019 3097 4089; x_wconf 86' lang='lat' dir='ltr'><strong>jejunus</strong></span> <span class='ocrx_word' id='word_1_701' title='bbox 3126 4019 3306 4077; x_wconf 87' lang='lat' dir='ltr'><strong>faciat</strong></span> <span class='ocrx_word' id='word_1_702' title='bbox 3335 4036 3471 4076; x_wconf 90' lang='lat' dir='ltr'><strong>cum</strong></span> <span class='ocrx_word' id='word_1_703' title='bbox 3515 4020 3683 4075; x_wconf 90' lang='lat' dir='ltr'><strong>omni</strong></span> <span class='ocrx_word' id='word_1_704' title='bbox 3716 4020 3885 4075; x_wconf 83' lang='lat' dir='ltr'><strong>hone-</strong></span> 
     </span>
    </p>
   </div>
   <div class='ocr_carea' id='block_1_104' title="bbox 2243 4106 3889 4182">
    <p class='ocr_par' dir='ltr' id='par_1_104' title="bbox 2243 4106 3889 4182">
     <span class='ocr_line' id='line_1_105' title="bbox 2243 4106 3889 4182; baseline 0.001 -23"><span class='ocrx_word' id='word_1_705' title='bbox 2243 4109 2390 4162; x_wconf 90' lang='lat' dir='ltr'><strong>state</strong></span> <span class='ocrx_word' id='word_1_706' title='bbox 2416 4110 2473 4161; x_wconf 91' lang='lat' dir='ltr'><strong>et</strong></span> <span class='ocrx_word' id='word_1_707' title='bbox 2499 4106 2708 4162; x_wconf 90' lang='lat' dir='ltr'><strong>timore</strong></span> <span class='ocrx_word' id='word_1_708' title='bbox 2739 4107 2859 4163; x_wconf 91' lang='lat' dir='ltr'><strong>Dei.</strong></span> <span class='ocrx_word' id='word_1_709' title='bbox 2895 4110 2960 4162; x_wconf 87' lang='lat' dir='ltr'><strong>Et</strong></span> <span class='ocrx_word' id='word_1_710' title='bbox 2988 4112 3053 4163; x_wconf 88' lang='lat' dir='ltr'><strong>ut</strong></span> <span class='ocrx_word' id='word_1_711' title='bbox 3075 4109 3332 4181; x_wconf 88' lang='lat' dir='ltr'><strong>parvuli,</strong></span> <span class='ocrx_word' id='word_1_712' title='bbox 3354 4110 3456 4182; x_wconf 86' lang='lat' dir='ltr'><strong>qui</strong></span> <span class='ocrx_word' id='word_1_713' title='bbox 3488 4109 3617 4165; x_wconf 86' lang='lat' dir='ltr'><strong>sine</strong></span> <span class='ocrx_word' id='word_1_714' title='bbox 3646 4109 3889 4165; x_wconf 85' lang='lat' dir='ltr'><strong>rationa-</strong></span> 
     </span>
    </p>
   </div>
   <div class='ocr_carea' id='block_1_105' title="bbox 2242 4192 3437 4268">
    <p class='ocr_par' dir='ltr' id='par_1_105' title="bbox 2242 4192 3437 4268">
     <span class='ocr_line' id='line_1_106' title="bbox 2242 4192 3437 4268; baseline 0.004 -20"><span class='ocrx_word' id='word_1_715' title='bbox 2242 4192 2345 4248; x_wconf 90' lang='lat' dir='ltr'><strong>bili</strong></span> <span class='ocrx_word' id='word_1_716' title='bbox 2374 4197 2544 4250; x_wconf 72' lang='lat' dir='ltr'><strong>aetate</strong></span> <span class='ocrx_word' id='word_1_717' title='bbox 2571 4200 2727 4265; x_wconf 90' lang='lat' dir='ltr'><strong>sunt,</strong></span> <span class='ocrx_word' id='word_1_718' title='bbox 2758 4210 2882 4251; x_wconf 91' lang='lat' dir='ltr'><strong>non</strong></span> <span class='ocrx_word' id='word_1_719' title='bbox 2904 4200 3196 4266; x_wconf 87' lang='lat' dir='ltr'><strong>cogantur</strong></span> <span class='ocrx_word' id='word_1_720' title='bbox 3216 4197 3437 4268; x_wconf 88' lang='lat' dir='ltr'><strong>jurarc.</strong></span> 
     </span>
    </p>
   </div>
   <div class='ocr_carea' id='block_1_106' title="bbox 2987 4305 3157 4360">
    <p class='ocr_par' dir='ltr' id='par_1_106' title="bbox 2987 4305 3157 4360">
     <span class='ocr_line' id='line_1_107' title="bbox 2987 4305 3157 4360; baseline 0.006 -3"><span class='ocrx_word' id='word_1_721' title='bbox 2987 4305 3157 4360; x_wconf 89' lang='lat' dir='ltr'><strong>Item.</strong></span> 
     </span>
    </p>
   </div>
   <div class='ocr_carea' id='block_1_107' title="bbox 2316 4408 3884 4484">
    <p class='ocr_par' dir='ltr' id='par_1_107' title="bbox 2316 4408 3884 4484">
     <span class='ocr_line' id='line_1_108' title="bbox 2316 4408 3884 4484; baseline 0.001 -22"><span class='ocrx_word' id='word_1_722' title='bbox 2316 4408 2598 4466; x_wconf 82' lang='lat' dir='ltr'><strong>CCCXIII.</strong></span> <span class='ocrx_word' id='word_1_723' title='bbox 2649 4409 2798 4481; x_wconf 88' lang='lat' dir='ltr'><strong>(Lib.</strong></span> <span class='ocrx_word' id='word_1_724' title='bbox 2838 4426 2855 4463; x_wconf 89' lang='grc' dir='ltr'><strong>ι</strong></span> <span class='ocrx_word' id='word_1_725' title='bbox 2902 4410 3267 4483; x_wconf 86' lang='lat' dir='ltr'><strong>Capitular.,</strong></span> <span class='ocrx_word' id='word_1_726' title='bbox 3312 4428 3363 4467; x_wconf 93' lang='lat' dir='ltr'><strong>c.</strong></span> <span class='ocrx_word' id='word_1_727' title='bbox 3400 4416 3507 4477; x_wconf 83' lang='lat'><strong>63;</strong></span> <span class='ocrx_word' id='word_1_728' title='bbox 3554 4411 3657 4467; x_wconf 90' lang='lat' dir='ltr'><strong>lib.</strong></span> <span class='ocrx_word' id='word_1_729' title='bbox 3692 4429 3729 4467; x_wconf 87' lang='grc' dir='ltr'><strong>ιι</strong></span> <span class='ocrx_word' id='word_1_730' title='bbox 3758 4414 3884 4484; x_wconf 81' lang='lat' dir='ltr'><strong>Leg.</strong></span> 
     </span>
    </p>
   </div>
   <div class='ocr_carea' id='block_1_108' title="bbox 2241 4498 3889 4574">
    <p class='ocr_par' dir='ltr' id='par_1_108' title="bbox 2241 4498 3889 4574">
     <span class='ocr_line' id='line_1_109' title="bbox 2241 4498 3889 4574; baseline 0 -21"><span class='ocrx_word' id='word_1_731' title='bbox 2241 4498 2528 4569; x_wconf 90' lang='lat' dir='ltr'><strong>Longob.,</strong></span> <span class='ocrx_word' id='word_1_732' title='bbox 2560 4498 2645 4555; x_wconf 90' lang='lat' dir='ltr'><strong>tit.</strong></span> <span class='ocrx_word' id='word_1_733' title='bbox 2678 4503 2768 4571; x_wconf 85' lang='lat' dir='ltr'><strong>5t,</strong></span> <span class='ocrx_word' id='word_1_734' title='bbox 2800 4516 2850 4555; x_wconf 93' lang='lat' dir='ltr'><strong>c.</strong></span> <span class='ocrx_word' id='word_1_735' title='bbox 2884 4502 2959 4573; x_wconf 76' lang='grc'><strong>4.)</strong></span> <span class='ocrx_word' id='word_1_736' title='bbox 2993 4501 3104 4567; x_wconf 86' lang='lat' dir='ltr'><strong>Qui</strong></span> <span class='ocrx_word' id='word_1_737' title='bbox 3129 4502 3310 4558; x_wconf 89' lang='lat' dir='ltr'><strong>semel</strong></span> <span class='ocrx_word' id='word_1_738' title='bbox 3332 4501 3676 4574; x_wconf 85' lang='lat' dir='ltr'><strong>perjuratus</strong></span> <span class='ocrx_word' id='word_1_739' title='bbox 3708 4501 3889 4563; x_wconf 85' lang='lat' dir='ltr'><strong>fuerit,</strong></span> 
     </span>
    </p>
   </div>
   <div class='ocr_carea' id='block_1_109' title="bbox 2241 4587 3889 4660">
    <p class='ocr_par' dir='ltr' id='par_1_109' title="bbox 2241 4587 3889 4660">
     <span class='ocr_line' id='line_1_110' title="bbox 2241 4587 3889 4660; baseline 0.001 -19"><span class='ocrx_word' id='word_1_740' title='bbox 2241 4601 2352 4642; x_wconf 89' lang='lat' dir='ltr'><strong>nec</strong></span> <span class='ocrx_word' id='word_1_741' title='bbox 2364 4587 2524 4643; x_wconf 86' lang='lat' dir='ltr'><strong>testis</strong></span> <span class='ocrx_word' id='word_1_742' title='bbox 2546 4587 2617 4644; x_wconf 69' lang='lat' dir='ltr'><strong>sit</strong></span> <span class='ocrx_word' id='word_1_743' title='bbox 2636 4588 2925 4660; x_wconf 72' lang='lat' dir='ltr'><strong>posthaec,</strong></span> <span class='ocrx_word' id='word_1_744' title='bbox 2940 4605 3049 4645; x_wconf 91' lang='lat' dir='ltr'><strong>nec</strong></span> <span class='ocrx_word' id='word_1_745' title='bbox 3066 4590 3143 4647; x_wconf 88' lang='lat' dir='ltr'><strong>ad</strong></span> <span class='ocrx_word' id='word_1_746' title='bbox 3167 4594 3615 4647; x_wconf 88' lang='lat' dir='ltr'><strong>sacramentum</strong></span> <span class='ocrx_word' id='word_1_747' title='bbox 3633 4589 3889 4649; x_wconf 85' lang='lat' dir='ltr'><strong>accedat.</strong></span> 
     </span>
    </p>
   </div>
   <div class='ocr_carea' id='block_1_110' title="bbox 2241 4675 3707 4751">
    <p class='ocr_par' dir='ltr' id='par_1_110' title="bbox 2241 4675 3707 4751">
     <span class='ocr_line' id='line_1_111' title="bbox 2241 4675 3707 4751; baseline 0.002 -19"><span class='ocrx_word' id='word_1_748' title='bbox 2241 4691 2352 4733; x_wconf 90' lang='lat' dir='ltr'><strong>nec</strong></span> <span class='ocrx_word' id='word_1_749' title='bbox 2380 4675 2442 4732; x_wconf 90' lang='lat' dir='ltr'><strong>in</strong></span> <span class='ocrx_word' id='word_1_750' title='bbox 2472 4693 2582 4735; x_wconf 90' lang='lat' dir='ltr'><strong>sua</strong></span> <span class='ocrx_word' id='word_1_751' title='bbox 2610 4692 2796 4736; x_wconf 85' lang='lat' dir='ltr'><strong>causa</strong></span> <span class='ocrx_word' id='word_1_752' title='bbox 2816 4678 2911 4735; x_wconf 88' lang='lat' dir='ltr'><strong>vel</strong></span> <span class='ocrx_word' id='word_1_753' title='bbox 2941 4679 3185 4735; x_wconf 89' lang='lat' dir='ltr'><strong>alterius</strong></span> <span class='ocrx_word' id='word_1_754' title='bbox 3209 4680 3442 4751; x_wconf 85' lang='lat' dir='ltr'><strong>jurator</strong></span> <span class='ocrx_word' id='word_1_755' title='bbox 3471 4680 3707 4737; x_wconf 83' lang='lat' dir='ltr'><strong>existat.</strong></span> 
     </span>
    </p>
   </div>
   <div class='ocr_carea' id='block_1_111' title="bbox 2476 4787 3659 4845">
    <p class='ocr_par' dir='ltr' id='par_1_111' title="bbox 2476 4787 3659 4845">
     <span class='ocr_line' id='line_1_112' title="bbox 2476 4787 3659 4845; baseline 0.001 -2"><span class='ocrx_word' id='word_1_756' title='bbox 2476 4789 2559 4843; x_wconf 89' lang='lat' dir='ltr'><strong>De</strong></span> <span class='ocrx_word' id='word_1_757' title='bbox 2584 4787 2787 4845; x_wconf 86' lang='lat' dir='ltr'><strong>eadem</strong></span> <span class='ocrx_word' id='word_1_758' title='bbox 2813 4803 2896 4845; x_wconf 83' lang='lat' dir='ltr'><strong>re.</strong></span> <span class='ocrx_word' id='word_1_759' title='bbox 2925 4789 3025 4845; x_wconf 74' lang='lat' dir='ltr'><strong>Ea:</strong></span> <span class='ocrx_word' id='word_1_760' title='bbox 3052 4789 3304 4845; x_wconf 85' lang='lat' dir='ltr'><strong>concilio</strong></span> <span class='ocrx_word' id='word_1_761' title='bbox 3331 4788 3413 4844; x_wconf 88' lang='lat' dir='ltr'><strong>ad</strong></span> <span class='ocrx_word' id='word_1_762' title='bbox 3440 4788 3659 4844; x_wconf 84' lang='lat' dir='ltr'><strong>Pistas.</strong></span> 
     </span>
    </p>
   </div>
   <div class='ocr_carea' id='block_1_112' title="bbox 2315 4893 3891 4968">
    <p class='ocr_par' dir='ltr' id='par_1_112' title="bbox 2315 4893 3891 4968">
     <span class='ocr_line' id='line_1_113' title="bbox 2315 4893 3891 4968; baseline -0.001 -17"><span class='ocrx_word' id='word_1_763' title='bbox 2315 4893 2577 4951; x_wconf 84' lang='lat' dir='ltr'><strong>CCCXIV.</strong></span> <span class='ocrx_word' id='word_1_764' title='bbox 2606 4894 2972 4965; x_wconf 82' lang='lat' dir='ltr'><strong>(Capit-utar.</strong></span> <span class='ocrx_word' id='word_1_765' title='bbox 3004 4894 3106 4951; x_wconf 91' lang='lat' dir='ltr'><strong>lib.</strong></span> <span class='ocrx_word' id='word_1_766' title='bbox 3143 4911 3221 4963; x_wconf 86' lang='grc' dir='ltr'>ιιι,</span> <span class='ocrx_word' id='word_1_767' title='bbox 3255 4911 3387 4968; x_wconf 91' lang='lat' dir='ltr'><strong>cap.</strong></span> <span class='ocrx_word' id='word_1_768' title='bbox 3423 4896 3498 4968; x_wconf 93' lang='lat'><strong>8.)</strong></span> <span class='ocrx_word' id='word_1_769' title='bbox 3542 4896 3611 4952; x_wconf 89' lang='lat' dir='ltr'><strong>Ut</strong></span> <span class='ocrx_word' id='word_1_770' title='bbox 3638 4893 3786 4951; x_wconf 87' lang='lat' dir='ltr'><strong>nulli</strong></span> <span class='ocrx_word' id='word_1_771' title='bbox 3814 4893 3891 4949; x_wconf 81' lang='lat' dir='ltr'><strong>al-</strong></span> 
     </span>
    </p>
   </div>
   <div class='ocr_carea' id='block_1_113' title="bbox 2241 4983 3885 5058">
    <p class='ocr_par' dir='ltr' id='par_1_113' title="bbox 2241 4983 3885 5058">
     <span class='ocr_line' id='line_1_114' title="bbox 2241 4983 3885 5058; baseline -0.001 -19"><span class='ocrx_word' id='word_1_772' title='bbox 2241 4983 2346 5039; x_wconf 92' lang='lat' dir='ltr'><strong>teri</strong></span> <span class='ocrx_word' id='word_1_773' title='bbox 2372 4998 2479 5055; x_wconf 91' lang='lat' dir='ltr'><strong>per</strong></span> <span class='ocrx_word' id='word_1_774' title='bbox 2511 4989 2961 5041; x_wconf 89' lang='lat' dir='ltr'><strong>sacramentum</strong></span> <span class='ocrx_word' id='word_1_775' title='bbox 2988 4984 3241 5042; x_wconf 80' lang='lat' dir='ltr'><strong>ﬁdelitas</strong></span> <span class='ocrx_word' id='word_1_776' title='bbox 3269 4984 3650 5058; x_wconf 89' lang='lat' dir='ltr'><strong>promittatur</strong></span> <span class='ocrx_word' id='word_1_777' title='bbox 3669 4984 3779 5040; x_wconf 86' lang='lat' dir='ltr'><strong>nisi</strong></span> <span class='ocrx_word' id='word_1_778' title='bbox 3801 4999 3885 5039; x_wconf 86' lang='lat' dir='ltr'><strong>no</strong></span> 
     </span>
    </p>
   </div>
   <div class='ocr_carea' id='block_1_114' title="bbox 2239 5066 3892 5145">
    <p class='ocr_par' dir='ltr' id='par_1_114' title="bbox 2239 5066 3892 5145">
     <span class='ocr_line' id='line_1_115' title="bbox 2239 5066 3892 5145; baseline 0.003 -22"><span class='ocrx_word' id='word_1_779' title='bbox 2239 5066 2333 5123; x_wconf 90' lang='lat' dir='ltr'><strong>bis</strong></span> <span class='ocrx_word' id='word_1_780' title='bbox 2362 5072 2419 5124; x_wconf 91' lang='lat' dir='ltr'><strong>et</strong></span> <span class='ocrx_word' id='word_1_781' title='bbox 2446 5069 2770 5143; x_wconf 90' lang='lat' dir='ltr'><strong>unicuique</strong></span> <span class='ocrx_word' id='word_1_782' title='bbox 2800 5072 2971 5144; x_wconf 79' lang='lat'><strong>331</strong></span> <span class='ocrx_word' id='word_1_783' title='bbox 3009 5075 3255 5145; x_wconf 87' lang='lat' dir='ltr'><strong>proprio</strong></span> <span class='ocrx_word' id='word_1_784' title='bbox 3283 5072 3505 5129; x_wconf 89' lang='lat' dir='ltr'><strong>seniori</strong></span> <span class='ocrx_word' id='word_1_785' title='bbox 3523 5073 3603 5129; x_wconf 89' lang='lat' dir='ltr'><strong>ad</strong></span> <span class='ocrx_word' id='word_1_786' title='bbox 3632 5078 3892 5129; x_wconf 85' lang='lat' dir='ltr'><strong>nostram</strong></span> 
     </span>
    </p>
   </div>
   <div class='ocr_carea' id='block_1_115' title="bbox 2241 5156 3894 5237">
    <p class='ocr_par' dir='ltr' id='par_1_115' title="bbox 2241 5156 3894 5237">
     <span class='ocr_line' id='line_1_116' title="bbox 2241 5156 3894 5237; baseline 0.002 -25"><span class='ocrx_word' id='word_1_787' title='bbox 2241 5156 2551 5213; x_wconf 87' lang='lat' dir='ltr'><strong>utilitatem</strong></span> <span class='ocrx_word' id='word_1_788' title='bbox 2591 5162 2648 5216; x_wconf 88' lang='lat' dir='ltr'><strong>et</strong></span> <span class='ocrx_word' id='word_1_789' title='bbox 2688 5159 2780 5215; x_wconf 93' lang='lat' dir='ltr'><strong>sui</strong></span> <span class='ocrx_word' id='word_1_790' title='bbox 2809 5161 3077 5234; x_wconf 91' lang='lat' dir='ltr'><strong>senioris,</strong></span> <span class='ocrx_word' id='word_1_791' title='bbox 3106 5167 3355 5237; x_wconf 89' lang='lat' dir='ltr'><strong>excepto</strong></span> <span class='ocrx_word' id='word_1_792' title='bbox 3382 5163 3479 5219; x_wconf 87' lang='lat' dir='ltr'><strong>his</strong></span> <span class='ocrx_word' id='word_1_793' title='bbox 3510 5160 3894 5219; x_wconf 86' lang='lat' dir='ltr'><strong>sacramentis</strong></span> 
     </span>
    </p>
   </div>
   <div class='ocr_carea' id='block_1_116' title="bbox 2241 5247 3894 5321">
    <p class='ocr_par' dir='ltr' id='par_1_116' title="bbox 2241 5247 3894 5321">
     <span class='ocr_line' id='line_1_117' title="bbox 2241 5247 3894 5321; baseline 0.001 -19"><span class='ocrx_word' id='word_1_794' title='bbox 2241 5261 2377 5318; x_wconf 63' lang='lat' dir='ltr'><strong>quas</strong></span> <span class='ocrx_word' id='word_1_795' title='bbox 2417 5247 2577 5318; x_wconf 90' lang='lat' dir='ltr'><strong>juste</strong></span> <span class='ocrx_word' id='word_1_796' title='bbox 2620 5249 2951 5306; x_wconf 90' lang='lat' dir='ltr'><strong>secundum</strong></span> <span class='ocrx_word' id='word_1_797' title='bbox 3001 5250 3199 5321; x_wconf 87' lang='lat' dir='ltr'><strong>legem</strong></span> <span class='ocrx_word' id='word_1_798' title='bbox 3244 5251 3411 5309; x_wconf 85' lang='lat' dir='ltr'><strong>alteri</strong></span> <span class='ocrx_word' id='word_1_799' title='bbox 3460 5251 3540 5309; x_wconf 89' lang='lat' dir='ltr'><strong>ab</strong></span> <span class='ocrx_word' id='word_1_800' title='bbox 3586 5251 3774 5308; x_wconf 89' lang='lat' dir='ltr'><strong>altero</strong></span> <span class='ocrx_word' id='word_1_801' title='bbox 3803 5249 3894 5305; x_wconf 88' lang='lat' dir='ltr'><strong>de-</strong></span> 
     </span>
    </p>
   </div>
   <div class='ocr_carea' id='block_1_117' title="bbox 2240 5334 2475 5392">
    <p class='ocr_par' dir='ltr' id='par_1_117' title="bbox 2240 5334 2475 5392">
     <span class='ocr_line' id='line_1_118' title="bbox 2240 5334 2475 5392; baseline 0.004 -1"><span class='ocrx_word' id='word_1_802' title='bbox 2240 5334 2475 5392; x_wconf 91' lang='lat' dir='ltr'><strong>bentur.</strong></span> 
     </span>
    </p>
   </div>
   <div class='ocr_carea' id='block_1_118' title="bbox 2736 5429 3382 5503">
    <p class='ocr_par' dir='ltr' id='par_1_118' title="bbox 2736 5429 3382 5503">
     <span class='ocr_line' id='line_1_119' title="bbox 2736 5429 3382 5503; baseline 0.006 -20"><span class='ocrx_word' id='word_1_803' title='bbox 2736 5429 2837 5485; x_wconf 72' lang='lat' dir='ltr'><strong>Ex</strong></span> <span class='ocrx_word' id='word_1_804' title='bbox 2863 5431 3103 5498; x_wconf 87' lang='lat' dir='ltr'><strong>Eodem,</strong></span> <span class='ocrx_word' id='word_1_805' title='bbox 3128 5446 3262 5503; x_wconf 89' lang='lat' dir='ltr'><strong>cap.</strong></span> <span class='ocrx_word' id='word_1_806' title='bbox 3301 5432 3382 5487; x_wconf 89' lang='lat'><strong>10.</strong></span> 
     </span>
    </p>
   </div>
   <div class='ocr_carea' id='block_1_119' title="bbox 2311 5532 3890 5610">
    <p class='ocr_par' dir='ltr' id='par_1_119' title="bbox 2311 5532 3890 5610">
     <span class='ocr_line' id='line_1_120' title="bbox 2311 5532 3890 5610; baseline 0.005 -21"><span class='ocrx_word' id='word_1_807' title='bbox 2311 5532 2462 5605; x_wconf 87' lang='lat' dir='ltr'><strong>(Lib.</strong></span> <span class='ocrx_word' id='word_1_808' title='bbox 2494 5549 2553 5589; x_wconf 86' lang='grc' dir='ltr'><strong>ιιι</strong></span> <span class='ocrx_word' id='word_1_809' title='bbox 2580 5535 2949 5605; x_wconf 83' lang='lat' dir='ltr'><strong>Capitular.,</strong></span> <span class='ocrx_word' id='word_1_810' title='bbox 2982 5555 3032 5594; x_wconf 92' lang='lat' dir='ltr'><strong>c.</strong></span> <span class='ocrx_word' id='word_1_811' title='bbox 3066 5542 3167 5607; x_wconf 84' lang='lat' dir='ltr'><strong>to;</strong></span> <span class='ocrx_word' id='word_1_812' title='bbox 3217 5538 3321 5595; x_wconf 92' lang='lat' dir='ltr'><strong>lib.</strong></span> <span class='ocrx_word' id='word_1_813' title='bbox 3354 5555 3395 5594; x_wconf 87' lang='grc' dir='ltr'><strong>ιι</strong></span> <span class='ocrx_word' id='word_1_814' title='bbox 3434 5539 3576 5610; x_wconf 87' lang='lat' dir='ltr'><strong>Leg.</strong></span> <span class='ocrx_word' id='word_1_815' title='bbox 3609 5534 3890 5607; x_wconf 58' lang='lat' dir='ltr'><strong>Longob.,</strong></span> 
     </span>
    </p>
   </div>
   <div class='ocr_carea' id='block_1_120' title="bbox 2231 5621 3897 5700">
    <p class='ocr_par' dir='ltr' id='par_1_120' title="bbox 2231 5621 3897 5700">
     <span class='ocr_line' id='line_1_121' title="bbox 2231 5621 3897 5700; baseline 0.004 -23"><span class='ocrx_word' id='word_1_816' title='bbox 2231 5621 2323 5685; x_wconf 82' lang='lat' dir='ltr'><strong>tit.</strong></span> <span class='ocrx_word' id='word_1_817' title='bbox 2354 5627 2449 5691; x_wconf 82' lang='lat' dir='ltr'><strong>5t;</strong></span> <span class='ocrx_word' id='word_1_818' title='bbox 2482 5638 2533 5680; x_wconf 78' lang='grc' dir='ltr'>ο.</span> <span class='ocrx_word' id='word_1_819' title='bbox 2564 5626 2619 5693; x_wconf 85' lang='grc'><strong>2,</strong></span> <span class='ocrx_word' id='word_1_820' title='bbox 2652 5626 2711 5681; x_wconf 89' lang='lat' dir='ltr'><strong>et</strong></span> <span class='ocrx_word' id='word_1_821' title='bbox 2738 5624 2822 5683; x_wconf 84' lang='lat' dir='ltr'><strong>tit.</strong></span> <span class='ocrx_word' id='word_1_822' title='bbox 2855 5628 2971 5699; x_wconf 86' lang='lat'><strong>58.)</strong></span> <span class='ocrx_word' id='word_1_823' title='bbox 2998 5629 3076 5684; x_wconf 90' lang='lat' dir='ltr'><strong>De</strong></span> <span class='ocrx_word' id='word_1_824' title='bbox 3096 5627 3375 5700; x_wconf 87' lang='lat' dir='ltr'><strong>perjuriis</strong></span> <span class='ocrx_word' id='word_1_825' title='bbox 3397 5631 3463 5685; x_wconf 89' lang='lat' dir='ltr'><strong>ut</strong></span> <span class='ocrx_word' id='word_1_826' title='bbox 3482 5625 3897 5695; x_wconf 73' lang='lat' dir='ltr'><strong>caveantur,et</strong></span> 
     </span>
    </p>
   </div>
  </div>
