4044 6196
287 180 377 235 345

1178 173 1267 228 ne
1308 173 1589 230 ECCLES.
1636 126 2140 229 DISCIPI..QI.IBBI
2183 169 2343 225 nuo.
2389 202 2457 211 —
2498 172 2631 226 LIB.
2673 174 2742 227 ιι.

3568 176 3673 230 346

287 313 395 356 non
422 292 801 350 admittantur
819 297 995 349 testes
1025 294 1101 351 ad
1124 295 1537 366 juramentum
1586 299 1908 367 antequam
1940 294 1989 347 A
2021 292 2196 363 333
2235 293 2307 349 Ut
2332 293 2492 363 feria
2519 299 2739 365 quarta
2758 298 2899 350 ante
2921 291 3443 364 quadragesimum
3470 294 3675 353 Sacra-

285 382 663 443 discutiantur.
708 384 774 437 Et
804 381 853 437 si
878 383 1046 439 aliter
1073 384 1286 440 discuti
1307 401 1431 441 non
1452 390 1723 457 possunt,
1740 399 1910 456 sepa-

280 476 460 531 rentur
483 468 560 526 ab
589 469 863 539 invicem,
892 476 950 527 et
971 472 1347 542 singulariter
1386 474 1764 546 inquirantur
1792 491 1805 540 ;
1854 477 1911 527 et

280 577 386 619 non
412 558 600 616 solum
629 560 959 617 accusatori
985 561 1159 618 liceat
1183 566 1360 619 testes
1400 563 1613 633 eligere
1660 563 1908 618 absente

276 665 374 707 suo
403 651 727 704 causatore.
762 650 828 704 Et
851 648 1099 705 omnino
1145 650 1366 717 nullus,
1393 650 1505 706 nisi
1532 652 1796 723 jejunus,
1830 650 1909 706 ad

278 740 701 796 sacramentum
731 737 821 793 vel
871 738 1272 795 testimonium
1324 740 1689 797 admittatur.
1733 744 1799 797 Et
1832 740 1907 796 de

274 830 390 902 ipso
414 841 574 900 pago
610 831 665 883 et
704 826 778 883 de
806 827 1015 910 vicinis
1058 830 1322 886 centenis
1367 830 1679 899 eligantur.
1742 833 1808 885 Et
1860 830 1908 884 si

269 916 391 991 quis
417 915 720 972 convictus
750 916 921 974 fuerit
949 918 1213 990 perjurii,
1245 919 1457 992 perdat
1480 936 1753 991 manum,
1806 923 1909 976 aut

270 1004 525 1062 redimat.

534 1094 622 1150 De
648 1095 850 1151 eadem
880 1111 963 1152 re.
990 1097 1087 1152 Ex
1116 1098 1335 1165 eodem,
1370 1114 1501 1169 cap.
1532 1102 1619 1155 58.

330 1183 575 1239 CCCXV.
611 1184 754 1255 (Lib.
785 1200 847 1240 ιιι
881 1186 1245 1255 Capitular.,
1287 1204 1337 1243 c.
1373 1191 1479 1256 58;
1533 1188 1635 1244 lib.
1678 1205 1716 1242 ιι
1764 1190 1902 1259 Leg.

258 1274 502 1344 Βοηθοῦ.
523 1316 537 1342 ,
569 1273 654 1340 tit,
680 1278 769 1342 55,
796 1290 846 1330 c.
877 1275 987 1344 26).
1024 1277 1093 1331 Ut
1121 1281 1501 1334 sacramenta
1523 1293 1659 1349 quae
1689 1278 1767 1333 ad
1796 1292 1905 1349 pa-

257 1363 451 1420 latium
469 1360 697 1419 fuerint
719 1362 1081 1434 adrhamita,
1095 1364 1153 1419 in
1175 1364 1398 1438 palatio
1422 1366 1824 1439 perﬁciantur.
1842 1369 1908 1422 Et

260 1452 308 1507 si
323 1450 781 1507 sacramentales
791 1450 1069 1507 homines
1086 1452 1286 1508 venire
1308 1454 1650 1525 renuerint,j
1660 1455 1905 1511 ussione

262 1539 552 1596 Dominica
584 1544 690 1596 aut
716 1539 979 1595 indiculo
1010 1545 1114 1596 aut
1141 1541 1334 1612 sigillo
1362 1542 1564 1598 venire
1591 1547 1901 1614 cogantur.

773 1631 865 1685 Ex
895 1630 993 1685 lib.
1028 1646 1104 1697 xv,
1134 1645 1265 1700 cap.
1295 1634 1384 1686 26.

320 1716 462 1787 (Lib.
494 1733 552 1772 IV
600 1718 965 1787 Capitular.,
1006 1734 1056 1773 c.
1084 1718 1197 1788 28).
1241 1719 1351 1774 Ubi
1386 1720 1712 1792 antiquitus
1770 1736 1906 1777 con-

251 1804 497 1861 suetudo
557 1805 687 1874 fuit,
730 1809 787 1861 et
828 1806 931 1862 ubi
974 1806 1223 1863 mallum
1277 1807 1550 1877 habetur,
1602 1809 1681 1864 ibi
1710 1825 1905 1866 sacra-

253 1899 450 1950 menta
473 1895 774 1965 jurentur.

251 1983 323 2038 Ut
348 1983 662 2053 episcopus
686 1999 869 2050 super
892 2000 1068 2040 sacra
1114 2000 1233 2041 non
1267 1988 1456 2056 juret.
1514 1989 1605 2043 Ex
1651 1989 1904 2044 concilio

779 2072 1092 2143 Meldensi,
1116 2088 1247 2142 cap.
1278 2078 1365 2130 37.

307 2162 596 2218 CCCXVI.
628 2162 882 2234 (Concil.
914 2163 1119 2230 Meld.,
1148 2180 1199 2219 c.
1229 2167 1341 2231 38).
1396 2166 1464 2219 Ut
1508 2163 1706 2219 nullus
1736 2165 1903 2220 dein-

238 2265 375 2322 ceps
397 2252 726 2323 episcopus
756 2266 939 2323 super
958 2267 1129 2307 sacra
1143 2253 1347 2322 jurare
1372 2258 1696 2324 praesumat
1712 2273 1724 2307 :
1739 2253 1903 2324 quod

235 2337 508 2409 mysterii
541 2354 725 2394 causa
781 2338 971 2395 sancti
1018 2339 1383 2410 quaesierunt
1434 2339 1806 2410 patriarchae,
1851 2345 1909 2394 et

232 2425 534 2482 fecerunt.
569 2430 696 2483 Non
727 2426 889 2482 enim
916 2427 975 2482 in
1004 2427 1375 2483 haesitatione
1414 2432 1471 2484 et
1517 2427 1743 2484 malitia
1789 2428 1907 2483 exi-

225 2516 450 2587 gentis,
518 2516 623 2570 sed
674 2516 737 2571 in
785 2516 1067 2571 charitate
1115 2532 1239 2572 non
1268 2516 1407 2573 ficta
1435 2518 1586 2573 ﬁdes
1617 2522 1905 2574 servatur.

221 2604 411 2675 332
448 2603 626 2669 Quod
653 2604 757 2677 qui
788 2604 1119 2675 transgredi
1152 2621 1308 2661 ausu
1391 2606 1705 2662 temerario
1756 2623 1909 2679 prae-

224 2692 589 2765 sumpserit,
622 2692 891 2765 quolibet
932 2693 1113 2750 modo
1141 2693 1395 2766 illectus,
1428 2695 1653 2764 gradus
1688 2696 1778 2750 sui
1810 2711 1911 2768 pe-

229 2781 425 2837 riculo
455 2780 822 2852 subjacebit.

449 2871 607 2926 Item
639 2870 713 2925 de
730 2872 1025 2941 perjurio.
1069 2874 1163 2927 Ex
1190 2872 1410 2939 eodem,
1440 2888 1571 2943 cap.
1605 2878 1691 2929 38.

299 2958 625 3017 CCCXVII.
660 2958 907 3027 (Concil.
940 2959 1146 3028 Meld.,
1179 2976 1230 3016 c.
1264 2965 1330 3017 39
1360 2979 1373 3029 ;
1432 2962 1771 3033 (Buncumn.
1801 2961 1905 3017 lib.
1936 2985 1979 3044 ρ

228 3065 325 3117 xu,
356 3066 410 3105 c.
452 3051 528 3120 I).
572 3050 639 3104 Ut
666 3047 976 3122 multiplex
996 3048 1478 3121 juramentorum
1520 3056 1578 3107 et
1613 3050 1909 3123 perjurio-

230 3154 362 3194 rum
391 3137 704 3208 confusio,
738 3154 844 3211 per
871 3155 1058 3211 quam
1089 3139 1291 3195 multae
1321 3140 1591 3197 fidelium
1612 3141 1826 3197 animae
1846 3141 1909 3199 in

230 3232 350 3283 toto
374 3229 497 3285 hoc
529 3243 723 3296 regno
751 3228 993 3301 perditae
1023 3246 1157 3287 esse
1188 3234 1543 3298 noscuntur,
1594 3246 1781 3303 quam
1835 3231 1910 3287 sit

225 3316 599 3374 detestanda
632 3321 689 3373 et
718 3320 837 3373 Deo
863 3317 1122 3389 odibilis,
1150 3319 1428 3375 attentius
1470 3320 1753 3376 omnibus
1799 3336 1907 3376 an-

225 3407 561 3463 nuntietur.
602 3409 859 3463 Tantum
879 3423 1142 3483 namque
1168 3408 1285 3465 hoc
1311 3409 1539 3465 malum
1583 3414 1671 3466 est
1716 3414 1777 3465 ut
1831 3410 1910 3466 ad

223 3496 579 3552 sanctuaria
608 3500 967 3568 martyrum,
998 3497 1103 3554 ubi
1131 3497 1506 3555 diversorum
1528 3499 1909 3570 {egritudines

222 3591 541 3653 sanantur,
620 3586 703 3642 ibi
749 3587 994 3659 perjuri,
1050 3587 1182 3644 licet
1234 3588 1546 3645 manifeste
1608 3589 1909 3645 interdum

222 3675 423 3732 vexari
456 3691 597 3732 non
634 3674 968 3743 videantur,
993 3675 1155 3745 justo
1186 3675 1284 3731 Dei
1305 3676 1532 3746 judicio
1562 3693 1599 3733 a
1627 3676 1911 3732 daemoni-

220 3762 331 3819 bus
387 3764 821 3838 arripiantur;
877 3767 933 3819 et
965 3762 1115 3819 sicut
1158 3768 1398 3819 sanctus
1428 3764 1568 3819 dicit
1596 3764 1912 3833 Gregorius

219 3853 466 3922 (Homil.
498 3858 574 3911 32
620 3853 684 3909 in
716 3853 977 3923 Evang.)
1008 3869 1021 3906 :
1057 3874 1083 3900 ‹‹
1115 3851 1204 3907 Ad
1229 3852 1447 3907 horum
1478 3854 1732 3926 cerpora
1770 3851 1912 3921 aegri

223 3943 471 4000 veniunt
521 3948 585 3999 et
630 3947 935 4009 curantur,
977 3945 1035 3997 et
1056 3941 1178 4014 perj
1190 3941 1275 3997 uri
1305 3957 1341 3997 a
1371 3941 1673 3998 daemonio
1696 3957 1914 3997 vexan-

225 4034 338 4085 tur.
386 4056 416 4080 η

227 4120 351 4186 Quo
382 4128 673 4192 tempore
701 4126 1080 4177 sacramenta
1095 4123 1407 4190 jurentur.
1431 4121 1527 4175 Em
1553 4121 1804 4176 concilio
1835 4120 1917 4175 ad

981 4210 1200 4266 Pisias.

2085 386 2285 437 menta
2315 398 2430 437 non
2451 385 2763 451 jurentur.
2802 387 2888 438 Ex
2925 382 3174 437 concilio
3203 380 3369 450 apud
3396 382 3672 437 sanctum

2085 470 2461 527 Medardum.
3044 506 3052 513 -

2088 560 2377 616 CCCXIX.
2398 561 2707 632 (Capitula
2738 563 2949 616 Ganou
2980 560 3279 626 CALVl,tlt.
3306 564 3359 626 9,
3385 574 3435 615 c.
3465 561 3569 628 7,§
3599 562 3670 628 8;

2013 651 2071 704 et
2091 651 2170 703 to.
2202 651 2270 705 llI
2304 649 2529 705 Concil.
2552 650 2736 720 Gall.,
2760 664 2898 721 pag.
2928 652 3040 716 89).
3075 651 3144 703 Ut
3172 647 3334 703 Missi
3354 647 3543 705 nostri
3580 662 3676 704 eo-

2014 736 2257 792 mitibus
2294 740 2352 793 et
2379 737 2663 793 omnibus
2709 736 3050 809 reipublicae
3102 735 3385 792 ministris
3427 734 3676 791 ﬁrmiter

2013 841 2086 881 ex
2109 825 2296 881 verbo
2325 830 2528 882 nostro
2557 826 2908 882 denuntient
2932 830 2997 881 ut
3024 840 3060 881 a
3090 823 3236 880 feria
3264 828 3480 896 quarta
3537 827 3674 882 ante

2014 914 2248 970 initium
2280 915 2766 985 Quadragesimse
2784 931 2975 988 usque
2995 917 3132 988 post
3160 917 3403 969 octavas
3432 913 3672 969 Pascha

2015 1004 2265 1060 mallum
2295 1002 2627 1078 publicum,
2656 1005 2768 1061 nisi
2794 1005 2868 1061 de
2912 1002 3235 1061 concordia
3290 1006 3347 1057 et
3397 1000 3675 1074 paciﬁca-

2014 1094 2194 1161 tione,
2222 1099 2419 1150 tenere
2446 1100 2835 1167 praesumant,
2867 1110 3062 1167 neque
3093 1091 3310 1164 aliquis
3356 1091 3532 1162 juret.
3590 1090 3672 1146 Si-

2014 1182 2231 1239 militer
2259 1184 2438 1240 etiam
2468 1200 2505 1240 a
2534 1188 2749 1256 quarta
2779 1183 2922 1240 feria
2971 1186 3108 1238 ante
3156 1180 3525 1237 nativitatem
3557 1181 3670 1234 Do-

2015 1271 2162 1327 mini
2196 1289 2385 1346 usque
2424 1278 2559 1345 post
2588 1277 2971 1329 consecratos
3002 1271 3128 1327 dies
3179 1270 3516 1338 observent,
3560 1283 3672 1324 nec

2013 1376 2136 1416 non
2167 1365 2224 1416 et
2246 1361 2490 1432 jejuniis
2521 1364 2788 1427 Quatuor
2809 1366 3190 1434 Temporum,
3229 1361 3285 1414 et
3313 1357 3372 1414 in
3400 1356 3675 1427 Rogatio-

2012 1448 2211 1503 nibus.
2245 1449 2449 1504 Nullus
2477 1449 2657 1505 etiam
2684 1450 2743 1505 in
2776 1449 3085 1505 Dominico
3115 1446 3209 1503 die
3254 1445 3543 1518 placitum
3591 1449 3671 1501 te-

2011 1541 2171 1604 neat,
2205 1541 2308 1592 aut
2336 1542 2779 1593 sacramentum
2804 1537 2966 1607 juret
2993 1536 3159 1607 (320).

2012 1643 2100 1698 De
2121 1643 2417 1711 clerico,si
2426 1644 2958 1713 perjuraverit.Ex
2973 1641 3224 1697 concilio
3244 1638 3673 1697 Aurelianensi

2082 1749 2348 1803 CCCXX.
2406 1750 2658 1817 (Concil.
2709 1749 3025 1804 Aurelian.
3087 1762 3170 1817 ιιι,
3228 1761 3279 1801 e.
3313 1745 3388 1814 8).
3443 1741 3667 1815 Siquis

2013 1837 2260 1894 clericus
2294 1837 2617 1910 praebuerit
2640 1838 3075 1908 juramentum,
3102 1838 3158 1891 et
3184 1836 3321 1906 post
3347 1832 3528 1888 rebus
3544 1830 3669 1885 ‘evir

2012 1925 2291 1981 dentibus
2350 1926 2643 1997 detegitur
2681 1926 3048 1998 perjurasse,
3102 1921 3325 1978 biennii
3382 1919 3668 1992 temporis

2011 2015 2631 2071 excommunicatione
2660 2014 2970 2088 plectatur.

2012 2124 2099 2178 De
2152 2123 2240 2178 his
2284 2124 2389 2194 qui
2430 2128 2805 2179 sacramento
2857 2136 2917 2177 se
2957 2120 3229 2189 obligant
3255 2131 3330 2171 ne
3358 2116 3439 2171 ad
3460 2128 3669 2184 pacem

2333 2213 2601 2267 redeant.
2640 2213 2731 2266 Ex
2762 2210 3013 2266 concilio
3042 2206 3355 2263 Ilerdensi.

2086 2317 2362 2372 CCCXXI.
2392 2318 2642 2383 (Conczl.
2678 2316 2886 2385 Ilerd.,
2919 2330 2968 2370 c.
3003 2319 3074 2379 7;
3108 2313 3422 2366 Haurcan.
3452 2308 3555 2365 lib.
3589 2324 3670 2378 IV,

2017 2422 2048 2461 c
2103 2410 2168 2462 33
2200 2424 2214 2473 ;
2244 2408 2560 2461 Buncumn.
2588 2404 2689 2461 lib.
2723 2421 2824 2470 xu,
2874 2419 2925 2459 c.
2960 2405 3066 2471 l8).
3128 2400 3237 2467 Qui
3295 2402 3672 2455 sacramento

2017 2510 2079 2550 se
2105 2493 2455 2564 obligaverit
2483 2497 2548 2550 ut
2571 2493 2649 2549 ad
2678 2508 2893 2565 pacem
2918 2490 3083 2547 nullo
3112 2489 3296 2545 modo
3324 2486 3547 2554 redeat,
3561 2501 3673 2558 pro

2018 2582 2283 2655 perjurio
2314 2581 2493 2654 334.
2547 2598 2670 2637 uno
2718 2596 2880 2637 anno
2919 2596 2956 2636 a
3003 2593 3252 2651 corpore
3293 2581 3351 2632 et
3380 2574 3674 2645 sanguine

2019 2670 2253 2726 Domini
2302 2675 2664 2741 segregetur,
2722 2674 2778 2726 et
2829 2672 3060 2725 reatum
3116 2681 3297 2722 suum
3338 2662 3581 2736 jejuniis
3618 2666 3678 2717 et

2018 2758 2418 2830 eleemosynis
2462 2757 2737 2813 absolvat
2785 2774 2798 2812 :
2846 2755 2925 2812 ad
2962 2754 3313 2811 charitatem
3341 2766 3506 2820 vero,
3538 2765 3675 2822 quae

2018 2847 2209 2920 operit
2239 2846 2683 2903 multitudinem
2710 2849 3116 2918 peccatorum,
3164 2841 3426 2898 celeriter
3453 2838 3671 2895 veniat.

2199 2938 2345 2992 Item
2374 2936 2448 2992 de
2469 2936 2760 3005 perjurio.
2796 2939 2883 2990 Ex
2910 2934 3084 2989 dictis
3116 2930 3492 3000 Hieronymi.

2090 3024 2388 3082 CCCXXII.
2419 3025 2759 3093 (Buncnmn.
2803 3022 2904 3079 lib.
2936 3038 3037 3091 xu,
3087 3037 3138 3077 c.
3172 3023 3281 3087 16).
3332 3022 3480 3073 tium
3513 3017 3676 3088 jura-

2016 3118 2218 3170 mento
2248 3113 2544 3187 pollicitus
2567 3116 2656 3168 est
2699 3110 2956 3167 Herodes
3004 3107 3283 3165 saltatrici
3312 3106 3456 3162 dare
3485 3104 3675 3177 quod-

2019 3218 2257 3276 cunque
2287 3202 2648 3276 postulasset
2671 3200 2751 3258 ab
2780 3216 2872 3257 eo.
2926 3200 2983 3257 Si
3020 3198 3101 3255 ob
3142 3194 3569 3269 jusjurandum
3599 3192 3680 3247 fe-

2019 3291 2172 3347 cisse
2200 3308 2263 3347 se
2289 3291 2449 3358 dicit,
2480 3290 2628 3364 quid
2660 3290 2710 3344 si
2738 3289 2924 3363 patris
2956 3286 3283 3358 matrisque
3318 3281 3678 3356 postulasset

2006 3380 2340 3448 interitum,
2374 3380 2637 3436 facturus
2667 3383 2840 3447 esset,
2891 3393 2971 3432 an
2998 3377 3168 3431 non?
3212 3372 3385 3439 Quod
3438 3371 3498 3426 in
3552 3371 3680 3424 suis

2019 3485 2161 3540 ergo
2186 3469 2611 3542 repudiaturus
2642 3467 2770 3535 fuit,
2810 3470 3192 3521 contemnere
3239 3460 3447 3517 debuit
3498 3458 3678 3513 etiam

2019 3559 2081 3614 in
2110 3558 2423 3631 propheta.

2189 3667 2277 3719 De
2301 3665 2500 3720 eadem
2532 3678 2617 3718 re.
2649 3664 2741 3716 Em
2764 3661 2939 3715 dictis
2961 3658 3136 3713 Beda:
3152 3655 3507 3725 presbyteri.

2093 3770 2639 3839 CCCXXIII.(BEDA,
2663 3767 2866 3825 homil.
2895 3765 3061 3831 44,232
3092 3763 3370 3819 decollat.
3392 3762 3454 3816 S.
3477 3761 3683 3829 Joan.;

2025 3863 2346 3915 BIIRCBARD.
2381 3858 2476 3913 lib.
2513 3874 2615 3926 xu,
2648 3873 2698 3912 c.
2731 3857 2836 3926 l8).
2894 3853 2951 3908 Si
2999 3850 3227 3924 aliquid
3270 3849 3419 3906 forte
3458 3864 3569 3904 nos
3598 3848 3685 3903 in-

2024 3949 2255 4006 cautius
2270 3950 2506 4020 jurasse
2538 3944 2868 4016 contigerit,
2901 3941 3069 4015 quod
3097 3941 3483 3997 observatum
3519 3938 3684 4011 pejo-
3752 3928 3767 3948 ‘

2023 4053 2148 4093 rem
2197 4041 2406 4108 vergat
2463 4035 2523 4090 in
2564 4034 2809 4099 exitum,
2859 4030 3007 4087 illud
3056 4028 3306 4086 consilio
3366 4026 3683 4082 salubriori

2025 4126 2386 4182 mutandum
2410 4123 2774 4190 noverimus,
2809 4137 2878 4177 ac
2900 4119 3094 4188 magis
3123 4118 3379 4174 instante
3428 4115 3684 4171 necessi-

2026 4220 2143 4273 tate
2169 4215 2603 4289 perjurandum
2624 4211 2800 4268 nobis
2825 4225 3012 4283 quam
3037 4208 3299 4281 perfecto
3340 4206 3684 4277 juramento

292 4300 649 4356 CCCXVIII.
692 4298 1005 4367 (Capitula
1033 4298 1247 4353 Canem
1269 4300 1464 4365 CALVI,
1488 4298 1573 4353 tit.
1594 4303 1766 4388 317,3c.
1940 4333 1987 4388 ι)
2028 4305 2089 4361 in
2116 4305 2277 4361 aliud
2310 4304 2534 4361 crimen
2563 4302 2764 4373 majus
2795 4315 2923 4356 esse
2951 4295 3387 4353 divertendum.

224 4389 687 4445 Constituimus
729 4403 855 4443 una
897 4403 1035 4443 cum
1079 4402 1375 4443 consensu
1408 4391 1471 4443 et
1500 4386 1746 4442 consilio
1776 4387 1922 4443 ﬁde-

225 4475 370 4533 lium
400 4483 776 4535 nostrorum
805 4481 870 4533 ut
895 4476 974 4532 ab
1001 4477 1134 4550 ipso
1163 4476 1279 4544 die,
1309 4493 1433 4549 quo
1473 4481 1918 4533 sacramentum

2349 4414 2434 4468 De
2460 4411 2661 4467 eadem
2688 4425 2771 4465 re.
2805 4409 2903 4462 Ex
2922 4402 3357 4461 Paenitentiali.

2103 4520 2439 4577 CCCXXIV.
2475 4521 2808 4589 (Harman.
2844 4512 2947 4567 lib.
2977 4526 3061 4577 Iv,
3110 4526 3162 4564 c.
3194 4510 3297 4575 28;
3348 4509 3683 4573 Buncnsnn.

2031 4611 2132 4667 lib.
2164 4625 2278 4678 xu,
2309 4624 2359 4663 c.
2389 4612 2464 4677 8).
2499 4605 2848 4674 Quicunque
2888 4598 3080 4655 sciens
3136 4592 3547 4667 perjuraverit,
3599 4608 3689 4646 se-

2031 4706 2194 4775 ptem
2226 4712 2420 4756 annos
2449 4693 2753 4769 poeniteat,
2780 4694 2837 4745 et
2863 4691 3000 4761 post
3026 4686 3155 4740 haec
3196 4680 3689 4737 communionem

2032 4788 2284 4861 accipiat
2308 4786 2425 4857 (32]
2442 4787 2477 4856 ).

2433 4894 2524 4948 Ea:
2546 4883 2963 4945 Paenitentiali
2986 4887 3050 4935 ut
3081 4893 3288 4949 supra.

2106 4983 2411 5041 CCCXXV.
2449 4981 2507 5038 Si
2531 4978 2666 5052 quis
2702 4970 3116 5048 perjuraverit,
3174 4968 3326 5024 ultra
3370 4966 3451 5022 ad
3498 4981 3691 5022 sacra-

2034 5078 2305 5131 mentum
2335 5086 2458 5127 non
2489 5066 2856 5125 admittatur.
3536 5094 3542 5098 .

2359 5177 2535 5249 335
2566 5177 2654 5230 De
2682 5172 2884 5228 eadem
2908 5184 2991 5225 re.
3036 5170 3127 5224 Ea;
3150 5167 3369 5223 eodem.

2106 5269 2421 5326 CCCXXVI.
2456 5268 2614 5338 (Bas.
2650 5263 2815 5332 epist.
2842 5256 3289 5322 ali-Heribald”
3319 5270 3369 5310 c.
3409 5255 3503 5319 18;
3554 5256 3695 5309 Bun-

2037 5376 2244 5416 cman.
2277 5355 2380 5412 lib.
2414 5371 2521 5424 xu,
2554 5370 2603 5409 c.
2642 5351 2748 5422 Η).
2794 5349 2851 5407 Si
2880 5348 3015 5421 quis
3041 5344 3379 5418 suspicatur
3421 5340 3586 5414 quod
3614 5339 3695 5395 ad

2038 5483 2151 5541 cilii
2173 5478 2638 5543 Suessionensis,
2665 5490 2861 5548 neque
2889 5468 3259 5548 in_Capitulis
3283 5465 3479 5548 Caroli
3500 5462 3691 5548 Calvi.

2109 5533 2815 5626 (821“)"Vvliderepis'tolafn
2865 5533 3094 5602 Rabani
3150 5540 3226 5597 ad
3282 5533 3690 5599 Heribaldum,

228 4568 552 4641 accipitur,
588 4571 740 4641 post
758 4565 1163 4639 quadraginta
1216 4566 1346 4621 dies
1404 4571 1463 4621 et
1516 4566 1920 4637 quadraginta

225 4661 456 4725 noctes,
489 4656 556 4712 id
594 4659 713 4722 est,
768 4653 1236 4727 quadragesimo
1281 4653 1546 4709 secundo
1588 4654 1683 4709 die
1714 4654 1787 4709 de
1819 4670 1921 4709 sex

227 4746 626 4817 septimanis,
658 4743 792 4816 ipsa
820 4742 966 4799 feria
993 4743 1094 4815 qui
1121 4742 1267 4798 illud
1294 4748 1737 4799 sacramentum
1761 4759 1926 4799 acce-

225 4832 329 4906 pit,
362 4833 661 4905 legaliter
686 4831 749 4887 in
777 4832 925 4888 locis
957 4830 1290 4888 constitutis
1332 4832 1509 4902 juret.
1568 4834 1634 4887 Et
1689 4831 1738 4887 si
1790 4832 1921 4904 ipsa

228 4920 353 4977 dies
380 4922 556 4979 intra
585 4919 1130 4994 quadragesimam
1176 4920 1453 4991 evenerit,
1501 4936 1681 4976 nemo
1720 4921 1921 4991 jurare

227 5015 600 5081 praesumat.
634 5012 715 5065 Et
735 5008 783 5064 si
812 5009 947 5081 quis
972 5009 1438 5082 praesumpserit,
1487 5008 1762 5065 bannum
1812 5025 1921 5064 no-

228 5104 421 5157 strum
457 5103 833 5173 componat,
865 5102 924 5154 et
944 5097 1085 5154 inde
1133 5098 1543 5171 paenitentiam
1594 5098 1920 5171 episcopali

221 5187 459 5258 judicio
487 5188 712 5247 faciat.
750 5187 886 5261 Ipsa
915 5192 1115 5244 autem
1146 5186 1612 5260 quadragesima
1651 5204 1687 5244 a
1733 5187 1923 5258 capite

224 5276 443 5348 jejunii
470 5292 633 5334 cum
666 5275 799 5348 ipsa
825 5274 972 5331 feria
998 5277 1213 5348 quarta
1264 5290 1456 5347 usque
1505 5274 1583 5330 ad
1631 5272 1775 5329 illud
1828 5272 1923 5327 die

228 5366 414 5423 Lunis
448 5369 608 5441 post
641 5368 889 5420 octavas
912 5365 1155 5421 Pascha:
1185 5362 1491 5420 observari
1520 5362 1921 5435 praecipimus.

300 5495 483 5563 (320),
507 5492 905 5563 Postremum
933 5489 1093 5563 istud
1121 5489 1488 5563 membrum,
1521 5488 1687 5563 quod
1716 5493 1773 5544 et
1802 5487 1929 5563 Hel-

225 5559 1266 5632 maastadiensiseditiolteginonis
1295 5565 1352 5617 et
1380 5559 1825 5632 manuscriptus
1867 5559 1929 5613 li-

224 5634 338 5691 ber
365 5631 754 5691 Parisiensis
781 5631 1082 5700 exhibent,
1112 5646 1232 5688 non
1262 5635 1454 5688 exstat
1500 5630 1561 5686 in
1606 5630 1762 5686 Actis
1792 5645 1930 5686 con-
