4046 6190
356 137 459 192 347

1475 120 1849 180 REGINONIS
1885 117 2299 177 PBUIIENSIS
2336 116 2648 177 ABBATIS.

3668 122 3782 176 348

355 255 687 331 perjurium
714 252 1037 318 inducitur,
1062 254 1117 307 et
1146 252 1349 306 tamen
1378 264 1450 305 ex
1480 261 1783 310 consensu
1826 243 2009 314 jurat,
2045 245 2093 298 A
2122 240 2446 331 decertent,
2476 246 2535 298 et
2562 239 2887 314 campioni,
2918 240 3023 315 qui
3069 239 3258 297 victus
3305 239 3503 311 fuerit,
3540 244 3784 316 propter

356 346 515 402 duos
544 358 737 402 annos
764 342 1064 415 poeniteat.

990 428 1155 485 Unde
1183 443 1389 498 supra.

426 515 791 574 CCCXXVII.
825 517 1167 583 (BURCHARD.
1186 513 1285 569 lib.
1315 528 1415 580 xu,
1446 526 1499 566 c.
1528 512 1602 581 3).
1631 508 1688 565 Si
1714 509 1850 581 quis
1881 522 2010 579 per-

349 606 639 679 juraverit
665 618 772 677 per
801 602 1213 675 cupiditatem,
1239 617 1451 658 omnes
1479 615 1574 656 res
1597 614 1737 654 suas
1766 595 2009 663 vendat,

354 699 413 751 et
436 691 810 766 pauperibus
834 690 1170 756 distribuat,
1215 695 1275 747 et
1311 687 1745 747 monasterium
1783 686 2008 755 ingres-

355 798 479 852 sus,
505 780 639 853 jugi
663 778 1025 853 pcenitentiae
1048 795 1110 835 se
1142 778 1384 836 subdat.

984 870 1149 927 Unde
1177 884 1383 938 supra.

425 960 824 1017 CCCXXVIII.
864 960 923 1016 Si
950 959 1087 1033 quis
1106 958 1437 1032 perjurium
1460 956 1681 1028 fecerit,
1724 954 1859 1011 laici
1901 969 2008 1009 an-

354 1067 467 1107 nos
500 1055 641 1121 tres,
663 1048 857 1105 clerici
884 1048 1172 1121 quinque,
1206 1046 1559 1103 subdiaconi
1596 1060 1722 1115 sex,
1771 1041 2011 1100 diaconi

355 1145 510 1210 octo,
543 1139 875 1212 presbyteri
905 1137 1135 1207 decem,
1181 1135 1443 1209 episcopi
1475 1133 1795 1191 duodecim
1817 1147 2010 1188 annos

354 1228 696 1300 poeniteant.

576 1318 662 1371 De
689 1316 891 1370 eadem
922 1330 1006 1370 re.
1037 1314 1137 1370 Ex
1165 1314 1458 1382 Capilul.,
1491 1313 1666 1368 titulo
1699 1312 1780 1366 14.

425 1404 771 1460 ΟΟΟΧΧΙΧ.
800 1404 1181 1474 (Capitulare
1215 1403 1306 1457 lll
1354 1405 1483 1459 ch.
1516 1405 1602 1471 P.,
1648 1400 1731 1456 tit.
1766 1405 1817 1471 7,
1868 1416 1920 1455 c.
1952 1402 2006 1465 6,

353 1500 411 1553 et
436 1495 641 1551 Addit.
674 1511 753 1562 ιν,
781 1510 831 1550 c.
861 1498 925 1547 77
954 1510 968 1559 ;
1000 1492 1101 1548 lib.
1135 1509 1174 1547 u
1204 1494 1339 1562 [.eg.
1388 1490 1677 1561 Longob.,
1709 1489 1791 1545 tit.
1824 1490 1911 1552 51,
1954 1504 2006 1544 c.

2120 319 2453 405 perjurium
2483 331 2692 388 dextra
2720 346 2940 387 manus
2969 334 3331 404 amputetur.
3387 332 3591 388 Caeteri
3646 347 3783 389 vero

2121 420 2255 478 falsi
2281 425 2456 478 testes
2483 436 2704 479 manus
2755 436 2895 477 suas
2939 419 3257 477 redimant.
3305 422 3445 477 Duae
3472 423 3679 495 partes
3713 436 3787 478 ex

2120 512 2235 568 hoc
2264 512 2676 585 persolvantur
2704 512 2810 584 qui
2856 510 3257 569 calumniatus
3291 515 3399 583 est,
3459 511 3633 569 tertia
3675 525 3784 585 pro

2119 600 2310 657 fredo.
2343 603 2410 657 Et
2431 602 2547 657 hoc
2574 600 2637 656 in
2675 599 2944 657 saeculari
2982 615 3189 657 causa.
3256 600 3320 655 In
3369 599 3786 661 ecclesiasticis

2120 705 2285 758 vero,
2316 690 2420 747 ubi
2448 690 2522 746 de
2555 705 2676 746 una
2704 694 2871 762 parte
2901 688 3206 757 saeculare,
3263 689 3337 747 de
3380 689 3570 748 altera
3604 688 3787 746 eccle-

2121 778 2425 837 siasticum
2453 779 2763 851 negotium
2791 783 2898 850 est,
2928 778 3090 835 idem
3118 778 3335 836 modus
3357 783 3641 837 servetur.
3679 778 3788 836 Ubi

2120 874 2321 926 autem
2352 886 2424 925 ex
2453 874 2706 943 utraque
2734 874 2903 943 parte
2940 868 3428 938 ecclesiasticum,
3482 869 3533 926 si
3590 885 3655 925 se
3702 885 3788 925 re—

2120 962 2311 1013 ctores
2341 957 2661 1031 paciﬁcare
2684 973 2807 1013 non
2835 959 3109 1030 possunt,
3156 956 3428 1013 advocati
3479 973 3697 1014 eorum
3726 958 3787 1013 in

2119 1046 2302 1102 mallo
2353 1063 2561 1104 coram
2603 1046 2821 1102 comite
2867 1062 3086 1102 causas
3130 1061 3271 1102 suas
3315 1051 3781 1120 prosequantur.

2117 1137 2313 1191 Testes
2344 1138 2544 1191 autem
2569 1134 2645 1191 de
2669 1134 2801 1209 ipso
2827 1134 3114 1191 comitatu
3143 1150 3270 1190 esse
3296 1134 3536 1193 debent.

2357 1224 2446 1279 De
2474 1222 2675 1280 eadem
2716 1238 2799 1279 re.
2842 1223 3009 1279 Unde
3032 1238 3243 1293 supra,
3274 1238 3406 1295 cap.
3439 1228 3527 1279 32.

2190 1310 2564 1367 CCCXXXV.
2619 1310 2769 1382 (Lib.
2819 1327 2858 1365 v
2917 1310 3257 1381 Capitular.
3320 1316 3515 1380 0.32;
3570 1310 3785 1366 Addit.

2121 1400 2331 1458 Caroli
2356 1401 2569 1472 Magni
2591 1400 2671 1457 ad
2693 1401 2906 1471 Legem
2936 1400 3407 1470 Salicum,c.1l;
3433 1399 3539 1458 lib.
3564 1417 3627 1457 ιι.
3643 1401 3784 1470 Leg.

2118 1488 2407 1561 Longob.,
2436 1488 2519 1544 tit.
2550 1490 2637 1557 51,
2669 1505 2721 1544 c.
2755 1490 2831 1560 3).
2885 1488 3159 1562 Optimus
3211 1489 3463 1563 quisque
3515 1489 3579 1545 in
3624 1503 3787 1562 pago

360 1582 466 1653 14).
499 1582 850 1655 Quicunque
894 1582 1321 1654 comprobatus
1368 1578 1733 1651 fueritquod
1761 1578 2011 1633 scienter
2049 1596 2093 1651 Β
2124 1577 2212 1632 vel
2235 1577 2468 1633 civitate
2507 1577 2568 1632 in
2603 1577 3015 1634 testimonium
3062 1583 3424 1645 assumatur,
3480 1583 3537 1634 et
3589 1578 3691 1633 cui
3738 1577 3785 1631 is

357 1674 529 1727 testes
555 1672 615 1727 in
646 1672 977 1743 perjurium
1007 1670 1359 1737 induxisset,
1393 1668 1506 1724 sub
1551 1665 2009 1738 ﬁdejussoribus

355 1759 432 1815 ad
458 1758 753 1832 palitium
785 1754 1138 1828 adducatur,
1166 1756 1270 1814 ubi
1301 1774 1440 1812 cum
1482 1754 1761 1811 ﬁdelibus
1790 1754 2010 1811 nostris

354 1847 800 1906 consideremus
816 1848 962 1921 quid
980 1844 1053 1903 de
1072 1846 1287 1903 talibus
1304 1845 1647 1902 faciendum
1671 1845 1761 1900 sit.
1779 1843 2012 1919 Episco-

353 1954 570 2011 porum
597 1943 797 1995 autem
825 1938 933 1995 erit
959 1934 1034 1993 de
1059 1936 1407 2011 pmnitentia
1441 1934 1695 2006 cogitare
1721 1935 1885 2006 (322).

771 2030 857 2084 De
893 2029 1095 2085 eadem
1127 2043 1209 2083 re.
1243 2026 1342 2082 Ex
1370 2025 1587 2082 eodem.

424 2114 745 2172 CCCXXX.
766 2117 1111 2187 (BL’RCBARD.
1143 2115 1245 2171 lib.
1277 2130 1377 2184 xu,
1409 2130 1460 2169 c.
1492 2115 1568 2185 4).
1606 2112 1715 2179 Qui
1743 2111 2012 2186 compul-

354 2223 455 2262 sus
485 2223 519 2262 a
548 2202 796 2262 domino
826 2206 1107 2279 perjuret,
1138 2204 1186 2259 si
1216 2205 1429 2271 sciens,
1482 2207 1599 2259 tres
1627 2202 2011 2275 quadragesi-

352 2308 487 2351 mas
517 2299 573 2351 et
600 2294 895 2365 legitimas
919 2293 1096 2351 ferias
1116 2294 1419 2366 poeniteat.

677 2384 856 2455 336
881 2384 967 2440 De
990 2384 1192 2441 eadem
1222 2398 1306 2439 re.
1338 2384 1441 2438 Ex
1467 2383 1687 2438 eodem.

422 2471 766 2528 (CCXXXI.
801 2472 1149 2543 (Ru.epist.
1173 2474 1254 2529 ad
1280 2471 1623 2537 Heribald,
1653 2484 1705 2525 e.
1737 2473 1804 2526 18
1832 2487 1846 2538 ;
1870 2471 2011 2525 Bun-

354 2575 560 2616 cunn.
592 2559 696 2617 lib.
728 2570 831 2629 xu,
864 2566 917 2617 c.
946 2564 1021 2629 5).
1054 2562 1160 2625 Qui
1191 2560 1460 2634 perjurat
1488 2575 1553 2615 se
1578 2559 1639 2615 in
1670 2572 1857 2616 manu
1883 2558 2009 2630 epi-

354 2650 520 2722 scopi
552 2649 644 2705 vel
672 2649 1002 2721 presbyteri
1033 2654 1137 2705 aut
1164 2650 1227 2705 in
1255 2662 1430 2705 cruce
1471 2651 1842 2714 consecrata,
1893 2652 2011 2703 tres

353 2752 545 2795 annos
572 2738 875 2812 pmnlteat.

778 2829 863 2883 De
886 2827 1087 2883 eadem
1117 2842 1201 2882 re.
1233 2827 1333 2883 Ea:
1360 2828 1578 2883 eodem.

2119 1668 2329 1721 contra
2381 1680 2566 1737 quem
2609 1664 3013 1721 testimoniare
3060 1664 3239 1721 debet
3282 1663 3516 1722 nullum
3555 1665 3784 1721 crimen

2119 1754 2309 1826 possit
2336 1753 2574 1812 inferre.

2404 1845 2491 1899 De
2515 1843 2721 1899 eadem
2746 1857 2829 1900 re.
2862 1844 2963 1899 Ex
2993 1844 3212 1910 eodem,
3241 1858 3373 1914 cap.
3405 1846 3492 1899 52.

2192 1931 2577 1988 CCCXXXVI.
2637 1931 2784 2005 (Lib.
2818 1948 2877 1988 tu
2923 1932 3291 2002 Capitular.,
3344 1948 3397 1989 c.
3449 1937 3557 2001 52;
3606 1931 3716 1989 lib.
3749 1947 3788 1991 ιι

2120 2023 2256 2091 Leg.
2289 2021 2575 2091 Longob.,
2609 2021 2695 2077 tit.
2729 2026 2817 2090 51,
2851 2037 2903 2077 ο.
2936 2024 2999 2090 6;
3031 2023 3366 2078 Buncnxnn.
3416 2020 3518 2077 lib.
3562 2038 3691 2091 xvr,
3733 2038 3784 2078 c.

2119 2113 2232 2178 35).
2284 2112 2354 2168 Ut
2407 2114 2587 2166 testes
2623 2111 2701 2166 ad
2730 2109 3138 2168 testimonium
3166 2109 3491 2169 dicendum
3531 2111 3788 2185 praemio

2118 2214 2244 2255 non
2299 2198 2734 2256 conducantur.
2796 2201 2863 2256 Et
2918 2198 3122 2255 nullus
3167 2199 3583 2257 testimonium
3630 2199 3794 2257 dicat

2118 2287 2234 2343 nisi
2256 2286 2521 2358 jejunus.
2557 2290 2623 2345 Et
2654 2292 2717 2343 ut
2744 2291 2939 2356 testes,
2970 2288 3328 2362 priusquam
3364 2288 3590 2360 jurent,
3622 2305 3793 2363 sepa-

2117 2377 2295 2435 ratim
2345 2376 2745 2436 discutiantur
2791 2377 2940 2451 quid
2995 2376 3194 2435 dicere
3244 2377 3421 2437 velint
3465 2378 3541 2434 de
3587 2378 3696 2439 illa
3728 2395 3794 2437 re

2118 2466 2282 2525 unde
2311 2466 2720 2524 testimonium
2749 2466 3000 2525 reddere
3030 2466 3270 2524 debent.

2332 2558 2419 2613 De
2447 2557 2651 2615 eadem
2683 2572 2767 2613 re.
2798 2558 2899 2615 Ea:
2931 2558 3184 2614 concilio
3211 2556 3567 2628 Agathensi.

2191 2646 2619 2702 CCCXXXV'II.
2657 2646 2905 2718 (Concil.
2939 2647 3174 2705 Arelat.
3214 2663 3275 2715 ιι,
3320 2662 3373 2705 c.
3405 2650 3513 2712 24;
3563 2645 3675 2707 lib.
3728 2664 3793 2711 vi

2122 2734 2487 2805 Capitular.,
2517 2751 2567 2791 c.
2599 2736 2659 2791 21
2692 2754 2705 2804 ;
2741 2737 3069 2791 Buacnxnn.
3098 2735 3201 2792 lib.
3238 2752 3364 2804 xv1,
3407 2752 3459 2792 c.
3505 2739 3598 2795 34.
3651 2740 3792 2809 (Eos

2118 2823 2222 2896 qui
2248 2822 2394 2881 false
2423 2823 2705 2881 fratribus
2734 2823 2856 2880 suis
2884 2823 3162 2898 capitalia
3203 2823 3457 2881 crimina
3488 2823 3790 2896 objecisse

421 2914 790 2969 CCCXXX“.
816 2913 980 2985 (Rw.
1013 2916 1181 2983 epist.
1215 2915 1356 2969 ibid.
1391 2932 1404 2982 ;
1438 2913 1873 2970 BtmannnJib.
1906 2929 2007 2984 xu,
2038 2943 2081 2997 ο
2119 2912 2369 2969 convicti
2396 2912 2634 2983 fuerint,
2667 2912 2893 2986 placuit
2920 2928 3023 2969 eos
3061 2928 3253 2987 usque
3293 2913 3372 2970 ad
3402 2913 3635 2971 exitum
3664 2930 3791 2971 non

350 3014 401 3058 c.
435 3003 510 3073 5).
574 3000 632 3059 Si
683 3014 825 3057 vero
871 3002 933 3058 in
977 3012 1151 3059 cruce
1187 3017 1311 3059 non
1359 3007 1727 3073 consecrata,
1776 3016 2008 3059 annum

348 3102 540 3147 unum
564 3090 867 3164 poeniteat.
906 3091 963 3147 Si
988 3095 1191 3148 autem
1221 3092 1281 3146 in
1311 3105 1501 3147 manu
1528 3090 1810 3162 hominis,
1842 3091 2008 3165 apud

346 3180 579 3235 Graecos
633 3178 780 3235 nihil
825 3184 929 3235 est.
984 3179 1095 3245 Qui
1134 3184 1336 3236 autem
1378 3180 1660 3236 seductus
1700 3180 1895 3252 fuerit,
1950 3185 2009 3236 et

345 3269 632 3340 ignorans
657 3268 900 3340 juravit,
932 3273 989 3325 et
1013 3272 1222 3341 postea
1250 3270 1578 3338 cognoscit,
1607 3273 1724 3325 tres
1747 3269 2007 3343 quadra-

347 3355 607 3427 gesimas
638 3357 940 3430 poeniteat.

997 3448 1098 3503 Em
1125 3448 1345 3503 eodem.

417 3535 770 3601 (Buncnxan.
802 3534 904 3590 lib.
938 3552 1040 3603 xu,
1074 3551 1124 3591 c.
1158 3537 1232 3606 6).
1292 3534 1348 3591 Si
1405 3536 1541 3608 quis
1592 3537 1836 3592 coactus
1893 3550 2006 3608 pro

343 3622 462 3679 vita
488 3623 863 3695 redimenda,
892 3624 985 3680 vel
1017 3640 1128 3697 pro
1155 3624 1423 3697 qualibet
1448 3640 1638 3682 causa
1666 3625 1760 3681 vel
1804 3641 2005 3681 neces-

342 3710 510 3768 sitate
540 3714 829 3785 perjurat,
860 3717 979 3769 tres
1002 3714 1528 3787 quadragesimas.
1570 3713 1684 3769 Alii
1709 3713 2002 3785 judicent,

340 3803 457 3856 tres
512 3816 725 3869 annos,
790 3817 983 3857 unum
1028 3818 1100 3857 ex
1149 3802 1242 3856 his
1283 3802 1345 3857 in
1379 3818 1537 3875 pane
1568 3806 1626 3859 et
1667 3818 1851 3876 aqua,
1885 3819 2008 3875 pae-

340 3888 545 3944 niteat.

403 3978 490 4032 De
510 3976 673 4044 falso
701 3978 1055 4034 testimonio.
1086 3978 1185 4034 Ex
1214 3979 1468 4034 concilio
1497 3978 1941 4036 Aurelianensi.

410 4065 809 4120 CCCXXXIII.
834 4066 1087 4137 (Concil.
1120 4067 1438 4123 Aurelian.
1473 4083 1552 4135 Ill,
1587 4084 1638 4123 c.
1674 4070 1706 4123 8
1739 4086 1752 4137 ;
1792 4068 1896 4125 lib.
1930 4085 2008 4126 vn

343 4154 684 4221 Capitular.
714 4170 767 4209 c.
808 4154 944 4226 165).
982 4155 1039 4211 Si
1063 4154 1198 4228 quis
1223 4154 1473 4211 clericus
1516 4156 1739 4212 furtum
1785 4157 2004 4220 fecerit.

339 4245 443 4341 aut
491 4241 717 4341 falsum
775 4244 1181 4301 testimonium
1236 4245 1471 4313 dixerit,
1527 4245 1674 4319 quia
1725 4247 2005 4319 capitalia
2036 4291 2083 4347 υ
2116 4263 2170 4302 c.
2200 4250 2269 4303 20
2298 4265 2311 4315 ;
2353 4247 2683 4347 Ιξυιιεωιυ.
2716 4245 2822 4301 lib.
2854 4262 2973 4317 xv1,
3002 4263 3053 4301 c.
3086 4246 3195 4318 33).

2118 3001 2586 3071 communicare,
2620 3002 2800 3076 338
2838 3001 2955 3059 nisi
2984 3001 3169 3072 digna
3216 3001 3625 3063 satisfactione
3665 3019 3796 3076 pce-

2116 3090 2417 3147 nituerint.

2316 3181 2403 3238 De
2431 3181 2635 3237 eadem
2666 3196 2749 3238 re.
2775 3182 2876 3238 Ea:
2896 3181 3149 3237 concilio
3178 3181 3580 3239 Eliberitano.

2188 3269 2645 3325 CCCXXXV'III.
2705 3270 2959 3340 (Concil.
3021 3270 3312 3340 Eliberit.,
3368 3287 3420 3327 c.
3471 3276 3581 3341 75;
3646 3274 3792 3329 Bun-

2116 3374 2323 3416 cnm.
2354 3358 2457 3416 lib.
2493 3374 2549 3427 ll,
2581 3375 2633 3414 c.
2673 3359 2812 3429 195).
2842 3358 2899 3415 Si
2924 3359 3060 3432 quis
3102 3358 3479 3433 episcopum,
3528 3361 3789 3437 presby-

2116 3451 2309 3507 terum
2342 3451 2446 3504 aut
2467 3445 2793 3504 diaconum
2845 3446 3009 3503 falsis
3049 3447 3401 3505 criminibus
3444 3450 3794 3523 appellarit,

2115 3542 2173 3594 et
2196 3536 2454 3610 probare
2485 3551 2607 3595 non
2633 3536 2909 3611 potuerit,
2934 3553 3043 3594 nec
3074 3537 3135 3594 in
3181 3536 3366 3597 finem
3415 3537 3700 3599 dandam
3739 3540 3793 3601 ei

2117 3626 2629 3685 communionem.

2325 3716 2414 3771 De
2441 3714 2643 3772 eadem
2671 3730 2755 3771 re.
2792 3720 2878 3773 Ex
2906 3716 3159 3773 concilio
3192 3717 3568 3787 Hispalensi.

2188 3804 2598 3861 CCCXXXIX.
2633 3804 2886 3875 (Concil.
2922 3805 3179 3875 Epaon.,
3209 3820 3261 3862 c.
3302 3807 3363 3861 l3
3391 3822 3405 3875 ;
3436 3806 3792 3864 Βυιιεεῐω.

2116 3908 2238 3962 xvr,
2270 3909 2322 3949 c.
2352 3895 2467 3961 24).
2526 3892 2583 3948 Si
2633 3892 2771 3964 quis
2816 3890 3064 3950 clericus
3113 3891 3187 3949 de
3234 3891 3389 3950 falso
3437 3894 3795 3955 mstimonio

2118 3981 2425 4037 convictus
2451 3979 2642 4050 fuerit,
2662 3996 2798 4036 reus
2828 3980 3097 4053 capitalis
3136 3981 3398 4037 criminis
3439 3988 3791 4047 censeatur.

2338 4071 2425 4126 De
2454 4069 2655 4126 eadem
2682 4085 2766 4127 re.
2798 4070 2899 4129 Ea:
2924 4071 3176 4127 concilio
3204 4070 3563 4143 Agathensi.

2189 4159 2428 4213 CCCXL.
2462 4158 2713 4227 (Concil.
2751 4157 3153 4230 Carthag.1v,
3199 4176 3250 4215 c.
3277 4162 3384 4227 55;
3435 4161 3653 4217 Addit.
3705 4178 3792 4230 iv,

3238 4246 3573 4323 Episcopus
3611 4264 3797 4307 accu-

338 4330 589 4389 crimina
636 4338 794 4402 sunt,
855 4334 1281 4392 communione
1323 4349 1612 4391 concessa
1659 4336 1737 4391 ab
1793 4336 2002 4393 ordine
2036 4330 2082 4347 ⁵’
2115 4340 2340 4394 satores
2366 4334 2617 4393 fratrum
2644 4337 3141 4393 excommunicet.
3198 4338 3268 4393 Et
3321 4336 3372 4399 si
3419 4337 3795 4397 emendave-

337 4419 717 4495 degradetur.

371 4508 458 4566 De
481 4509 683 4567 eadem
715 4525 797 4566 re.
835 4513 933 4567 Ea:
959 4511 1431 4582 Capitularium,
1466 4512 1567 4568 lib.
1603 4528 1678 4583 IV,
1711 4528 1844 4584 cap.
1873 4518 1961 4571 22.

408 4596 812 4656 CCCXXXIV.
846 4600 993 4667 (Lib.
1030 4616 1088 4656 IV
1122 4601 1489 4673 Capitular.,
1530 4617 1581 4657 c.
1614 4605 1720 4670 23;
1779 4601 1881 4660 lib.
1930 4619 1997 4660 ιι.

210 4700 217 4705 '
335 4684 473 4758 Leg‘.
505 4688 792 4760 Longob.,
822 4688 905 4745 tit.
939 4694 1027 4757 51,
1061 4704 1112 4745 c.
1152 4688 1256 4760 11).
1293 4687 1351 4746 Si
1378 4689 1516 4762 quis
1549 4704 1688 4746 cum
1714 4690 1900 4748 altero
1924 4692 2000 4749 de

337 4776 603 4847 qualibet
649 4793 834 4833 causa
882 4777 1327 4835 contentionem
1374 4778 1670 4849 habuerit,
1730 4785 1788 4837 et
1821 4783 1999 4837 testes

337 4869 545 4921 contra
574 4882 713 4922 eum
738 4882 846 4939 per
874 4866 1171 4937 judicium
1199 4867 1475 4940 producti
1518 4868 1758 4939 fuerint,
1809 4871 1857 4926 si
1901 4871 1997 4928 ille

337 4950 518 5008 falsos
568 4968 671 5010 eos
714 4971 847 5011 esse
901 4956 1257 5028 suspicatur,
1290 4957 1465 5014 liceat
1511 4958 1565 5013 ei
1611 4957 1759 5015 alios
1798 4963 1996 5027 testes,

337 5055 491 5113 quos
520 5042 797 5098 meliores
828 5044 1106 5115 potuerit,
1121 5050 1327 5102 contra
1346 5061 1450 5103 eos
1471 5061 1799 5120 opponere.
1816 5049 1989 5120 337

340 5131 512 5195 Quod
543 5131 590 5187 si
621 5132 819 5188 ambae
849 5136 1046 5204 partes
1092 5133 1175 5190 ita
1216 5134 1368 5192 inter
1409 5150 1473 5191 se
1519 5136 1898 5209 dissentiunt,
1934 5144 1999 5195 ut

336 5217 680 5275 nullatenus
710 5219 835 5276 ulla
860 5236 1002 5293 pars
1035 5220 1201 5279 alteri
1252 5223 1460 5281 cedere
1502 5224 1660 5293 velit,
1703 5225 1996 5298 eligantur

336 5306 493 5363 duos
515 5323 590 5363 ex
609 5307 780 5380 ipsis,
804 5308 909 5379 qui
937 5324 1073 5366 cum
1107 5311 1288 5367 scutis
1320 5316 1376 5368 et
1399 5312 1657 5369 fustibus
1686 5313 1747 5371 in
1777 5329 1994 5389 campo
2030 5314 2035 5321 ’

431 5452 565 5524 322)
595 5450 966 5524 Postremum
997 5454 1211 5522 capitis
1240 5453 1412 5509 istius
1434 5459 1673 5524 partem
1721 5471 1843 5511 non
1893 5472 1995 5514 ex-

337 5519 495 5596 hibet
526 5519 881 5596 capitulare
916 5522 1011 5596 1141
1040 5519 1331 5580 Ludovici
1355 5519 1475 5595 Pii,
1519 5540 1706 5596 neque
1746 5527 1993 5586 Additio

337 5606 396 5645 iv
448 5591 914 5663 Capitularium.
960 5594 1179 5652 Exstat
1229 5602 1426 5651 tamen
1461 5591 1537 5651 in
1570 5591 1825 5655 editione
1851 5600 1993 5656 Hel-

2112 4422 2230 4481 rint
2257 4423 2485 4495 vitium,
2513 4424 2761 4499 recipiat
2806 4441 2912 4482 eos
2955 4425 3034 4481 ad
3075 4427 3596 4497 communionem,
3658 4444 3791 4487 non

2109 4510 2193 4569 ad
2222 4511 2466 4568 clerum.

2314 4603 2399 4658 De
2428 4603 2631 4660 eadem
2657 4617 2740 4660 re.
2772 4602 2873 4659 Ea:
2901 4604 3153 4660 concilio
3179 4602 3583 4663 Eliberitano.

2183 4690 2442 4751 CCCXLI.
2474 4693 2730 4765 (Concil.
2761 4693 3038 4751 Eliberit.
3068 4709 3119 4753 c.
3152 4698 3220 4750 74
3246 4712 3260 4763 ;
3319 4696 3648 4753 Buacnxnu.
3672 4696 3788 4753 lib.

2108 4797 2226 4852 xvr,
2258 4797 2309 4839 c.
2349 4784 2456 4855 18).
2492 4782 2695 4840 Falsus
2726 4782 2911 4855 testis,
2951 4787 3131 4858 prout
3157 4782 3384 4843 crimen
3428 4788 3543 4855 est,
3595 4785 3791 4847 absti-

2108 4868 2363 4927 nebitur.
2394 4869 2450 4927 Si
2480 4874 2683 4927 tamen
2712 4886 2837 4927 non
2866 4870 3043 4929 fuerit
3066 4871 3276 4929 mortis
3316 4872 3485 4947 quod
3530 4873 3786 4945 objecit,

2108 4962 2165 5013 et
2190 4957 2531 5030 probaverit
2552 4958 2715 5032 quod
2747 4959 2853 5016 diu
2881 4960 3084 5031 tacuit,
3118 4960 3344 5018 biennii
3372 4966 3647 5039 tempore
3677 4963 3792 5025 ab-

2107 5046 2438 5103 stinebitur.
2469 5047 2527 5104 Si
2552 5053 2753 5107 autem
2802 5065 2924 5107 non
2971 5049 3332 5125 probaverit,
3379 5050 3442 5107 in
3471 5057 3792 5113 conventu

2106 5135 2459 5194 clericorum
2486 5137 2710 5211 placuit
2736 5153 2843 5213 per
2871 5138 3356 5215 quinquennium
3384 5139 3705 5203 abstineri.

2335 5227 2423 5282 De
2442 5228 2643 5285 eadem
2674 5243 2758 5285 re.
2791 5229 2885 5285 Ex
2907 5230 3156 5286 concilio
3182 5229 3542 5300 Agathensi.

2176 5315 2465 5373 CCCXLII.
2482 5317 2682 5389 (Cone.
2698 5318 2925 5389 Agath.
2938 5323 3082 5385 ,c.37
3104 5336 3117 5391 ;
3138 5319 3708 5393 HALITGARDrlleV,
3726 5338 3788 5379 c.

2104 5459 2504 5541 mwstadiensi
2522 5461 2843 5531 Reginonis
2867 5461 3011 5519 etin
3038 5462 3223 5519 veteri
3257 5461 3459 5518 codice
3499 5476 3615 5524 ms.
3659 5481 3793 5537 quo

2105 5544 2210 5586 nos
2242 5545 2333 5587 “Si
2362 5546 2585 5588 sumus.
