4044 6196
294 204 407 271 349

289 342 388 403 30;
428 340 739 393 BURCHARD.
762 335 866 393 lib.
900 353 1019 405 xvx,
1052 352 1102 394 c.
1128 339 1233 410 t7.)
1263 336 1469 394 Falsos
1497 336 1672 393 testes
1703 346 1739 392 a
1775 349 1938 391 com-
1970 332 2018 387 Α

284 426 573 482 munione
603 425 1007 484 ecclesiastica
1027 422 1499 497 submovendus,
1522 425 1638 483 nisi
1659 424 1945 499 pceniten—

287 515 381 571 tite
407 514 812 572 satisfactione
842 516 1092 573 crimina
1122 515 1388 573 admissa
1414 512 1712 572 diluerint.

919 606 1081 663 Unde
1103 620 1309 676 supra.

355 694 671 754 CCCXLIII.
702 696 1046 768 (BURCHARD.
1094 694 1196 752 lib.
1228 712 1348 765 xvr,
1408 711 1460 752 c.
1509 695 1618 767 16.)
1670 692 1947 751 Noverint

285 786 423 842 falsi
449 789 629 843 testes
666 786 835 859 quod
876 786 924 841 si
976 786 1193 842 falsum
1244 785 1649 841 testimonium
1694 782 1945 856 capitale

285 876 515 931 crimen
545 890 668 930 non
696 878 872 937 esset,
902 870 1079 945 339
1119 884 1507 947 nequaquam
1538 872 1826 928 Dominus
1884 871 1944 926 in

285 960 610 1033 Evangelio
637 961 789 1018 inter
811 960 1163 1035 principalia
1187 958 1438 1018 crimina
1465 959 1943 1018 adnumerasset.

286 1052 379 1109 Ait
403 1052 566 1108 enim
596 1069 608 1108 :
635 1050 723 1108 De
746 1052 924 1107 carde
947 1057 1166 1108 exeunt
1226 1052 1567 1121 homicidia,
1618 1050 1942 1120 adulteria,

284 1139 485 1211 farta,
511 1140 678 1211 falsa
736 1140 1092 1198 testimonia.
1154 1142 1219 1196 Et
1265 1138 1401 1195 ideo
1451 1136 1718 1194 similiter
1769 1136 1950 1193 debet

285 1229 570 1303 paenitere
599 1228 656 1285 et
683 1227 1196 1285 excommunicari
1215 1227 1402 1285 falsus
1424 1226 1584 1283 testis
1606 1226 1757 1283 sicut
1777 1222 1943 1282 adul-

286 1316 375 1375 ter
404 1318 463 1374 et
486 1316 580 1373 fur
610 1321 667 1374 et
693 1317 1021 1374 homicida.

289 1409 379 1464 De
405 1420 469 1464 eo
497 1408 602 1478 qui
639 1405 935 1463 hominem
979 1405 1225 1463 furatus
1270 1406 1480 1476 fuerit.
1544 1407 1638 1462 Ex
1693 1405 1944 1474 epistola.

326 1491 416 1548 Ra
424 1492 563 1547 bant
576 1492 837 1561 episcopi
849 1492 931 1547 ad
948 1491 1134 1561 Regin
1142 1490 1214 1547 ba
1222 1490 1385 1546 ldum
1399 1491 1904 1560 chorepiscopum.

360 1580 668 1637 CCCXLIV.
696 1579 891 1636 Primo
916 1579 1291 1648 interrogasti
1312 1580 1458 1652 quid
1497 1580 1573 1635 de
1605 1594 1675 1634 eo
1727 1578 1944 1636 facien-

1229 214 1319 269 ΒΕ
1359 212 1639 271 ECCLES.
1684 198 1978 268 DlSClPL.
2020 194 2205 264 LIBRI
2248 198 2412 266 Duo.
2448 240 2518 250 -
2550 204 2677 268 LIB.
2707 214 2772 267 ιι.

3603 210 3710 273 356

2473 333 2572 391 Ea.-
2591 334 2767 391 dictis
2792 334 3066 405 Gregorii
3078 344 3277 405 papae.

2126 422 2431 479 CCCXLIX.
2466 424 2721 491 (Coneil.
2779 424 2947 481 Rom.
3002 424 3109 480 sub
3154 426 3399 497 Gregor.
3433 426 3471 481 Ι
3482 438 3506 497 ,³
3564 429 3707 482 Bra-

2053 524 2259 567 CBARD.
2287 510 2391 568 lib.
2420 526 2477 581 x,
2504 528 2555 567 c.
2586 513 2702 584 23.)
2743 511 2801 568 St
2847 513 2983 586 quis
3039 512 3321 577 hariolos,
3376 515 3705 588 aruspices,

2051 601 2145 656 vel
2204 600 2604 658 incantatores
2655 602 3081 670 observaverit,
3150 607 3255 660 aut
3324 603 3708 677 phylacteriis

2053 700 2201 744 usus
2232 687 2423 757 fuerit,
2457 684 2780 746 anathema
2803 688 2897 746 sit.

2332 774 2503 852 3‘1
2538 779 2637 835 Ea:
2661 780 2912 835 concilio
2946 779 3429 850 Carthaginensi.

2125 864 2321 923 CCCL.
2355 868 2610 935 (Coneil.
2650 868 2941 939 Carthag.
2992 884 3072 938 1v,
3119 884 3173 924 c.
3222 870 3329 936 89;
3386 870 3688 927 HALITGAR

2052 952 2155 1009 lib.
2180 969 2260 1025 1v,
2294 968 2346 1011 c.
2378 958 2445 1011 27
2478 973 2491 1023 ;
2525 957 2826 1025 HINCMAR.,
2860 956 3025 1025 ibid.;
3059 958 3388 1013 Bracman.
3419 957 3522 1014 lib.
3560 976 3619 1029 x,
3654 977 3707 1015 c.

2054 1044 2130 1113 7.)
2161 1042 2440 1114 Auguriis
2471 1042 2562 1101 vel
2586 1045 3092 1103 incantationibus
3112 1048 3469 1103 servientem
3499 1063 3535 1104 a
3567 1063 3709 1103 con-

2054 1138 2235 1189 ventu
2264 1134 2533 1192 Ecclesiae
2564 1137 2990 1210 separandum.
3027 1135 3302 1194 Similiter
3349 1137 3406 1193 et
3451 1136 3710 1195 iudaicis

2006 1264 2011 1271 μ
2055 1222 2576 1296 superstitionibus
2606 1224 3015 1282 inhaerentem.

2372 1313 2460 1368 De
2488 1313 2690 1370 eadem
2717 1328 2801 1371 re.
2838 1314 3163 1384 Gregorius
3186 1328 3373 1385 papa.

2126 1396 2343 1456 CCCLI.
2372 1398 2449 1472 (S.
2498 1403 2749 1459 GREGOR.
2782 1402 2885 1459 lib.
2919 1416 2996 1470 IX,
3039 1403 3213 1473 epist.
3246 1406 3352 1471 In;
3388 1406 3709 1459 Bmcann.

2051 1484 2157 1543 lib.
2184 1500 2242 1555 x,
2275 1506 2325 1544 c.
2359 1490 2392 1544 4
2422 1508 2435 1553 ;
2468 1488 2634 1562 apud
2660 1493 2935 1548 Gnarum.
2967 1490 3059 1560 26,
3086 1507 3148 1563 q.
3206 1492 3258 1559 5,
3311 1506 3362 1547 c.
3421 1492 3518 1563 8.).
3578 1493 3711 1547 Per-

2051 1575 2212 1632 venit
2240 1571 2319 1631 ad
2362 1592 2472 1632 nos
2524 1578 2691 1649 quod
2737 1578 3039 1651 quosdam
3092 1579 3497 1634 incantatores
3530 1580 3711 1650 atthe

286 1667 436 1723 dum
466 1671 621 1724 esset
642 1668 746 1741 qui
768 1667 1076 1724 hominem
1117 1662 1517 1722 Christianum
1567 1664 1942 1722 sollicitando
1974 1685 2017 1738 Β
2053 1658 2360 1735 scrtilegos
2386 1662 2566 1721 fueris
2621 1670 2878 1723 sectatus
2912 1680 3051 1723 cum
3096 1665 3261 1723 omni
3289 1665 3710 1723 sollicitudine.

285 1755 465 1812 fuerit
494 1756 745 1826 furatus,
778 1758 836 1812 et
866 1754 945 1811 ad
994 1764 1304 1828 paganum
1360 1759 1597 1825 gentem
1650 1754 1942 1810 tradendo

285 1845 634 1901 vendiderit.
661 1846 754 1901 Ad
781 1845 943 1919 quod
974 1847 1114 1900 tunc
1144 1842 1448 1917 respondi,
1479 1843 1784 1900 homicidii
1811 1857 1941 1899 rea-

285 1936 415 1990 tum
444 1934 645 2007 ipsum
668 1936 976 1991 hominem
999 1934 1111 1990 sibi
1141 1930 1489 1990 contrahere
1538 1930 1692 1988 mihi
1732 1932 1940 1988 videri.

286 2022 462 2088 Quod
490 2025 547 2079 et
576 2028 805 2096 postea,
828 2023 1032 2093 legens
1061 2022 1331 2079 divinam
1360 2021 1576 2093 legem,
1624 2022 1685 2076 in
1734 2022 1942 2077 Deute-

282 2113 563 2169 ronomio
585 2113 667 2169 ita
682 2114 895 2185 reperi,
923 2112 1192 2169 animam
1211 2122 1323 2185 pro
1353 2112 1557 2168 anima
1572 2110 1942 2167 homicidam

283 2202 535 2258 reddere
559 2203 801 2273 debere,
840 2202 1084 2258 ‘oculum
1127 2217 1239 2274 pro
1280 2201 1476 2267 oculo,
1535 2201 1775 2257 dentem
1831 2210 1942 2272 pro

281 2289 480 2359 dente,
503 2294 614 2347 etc.
644 2292 837 2361 (Deut.
867 2292 1010 2361 χιι).
1046 2293 1113 2346 Et
1139 2305 1381 2346 rursum
1410 2309 1421 2345 :
1454 2291 1522 2347 Si
1564 2292 1695 2360 quis
1741 2291 1943 2357 depre-

285 2379 502 2436 hensus
529 2381 719 2450 fuerit
758 2381 1113 2435 sollicitasse
1152 2380 1411 2449 fratrem
1464 2392 1636 2433 suum
1684 2378 1758 2433 de
1799 2377 1943 2445 ﬁliis

285 2469 478 2525 Israel
492 2476 546 2525 et
562 2468 915 2535 vendidisse,
933 2468 1281 2537 accipiendo
1308 2467 1589 2537 pretium,
1618 2467 1941 2535 interﬁcia-

283 2557 612 2627 (arment.
656 2558 835 2627 xuv).
900 2556 1062 2612 Unde
1121 2556 1268 2611 mihi
1314 2555 1564 2622 videtur,
1620 2556 1772 2611 sicut
1834 2570 1945 2628 par

280 2643 583 2701 sententia
611 2643 673 2700 in
702 2644 833 2715 lege
852 2644 1056 2701 divina
1085 2647 1173 2701 est
1197 2644 1514 2700 constituta
1534 2643 1608 2700 de
1639 2644 1942 2700 homicida

283 2738 344 2789 et
373 2732 449 2790 de
475 2732 604 2790 fure
630 2733 940 2790 hominem
966 2733 1283 2804 vendente,
1306 2735 1391 2789 sic
1411 2736 1468 2790 et
1492 2734 1784 2790 canonica
1839 2748 1943 2789 au-

282 2822 553 2879 ctoritate
578 2821 710 2895 pari
741 2822 926 2879 modo
957 2822 1338 2895 plectendum
1381 2836 1509 2879 esse
1548 2822 1650 2895 qui
1698 2822 1940 2879 fratrem

285 2924 471 2968 suum
518 2910 777 2969 iurando
830 2917 1009 2984 atque
1058 2910 1430 2969 sollicitando
1479 2910 1832 2979 vendiderit,
1882 2914 1939 2968 et

281 2999 453 3109 illum
483 2999 587 3072 qui
615 2998 961 3109 prqximum
989 3008 1204 3109 suum,
1227 2999 1339 3055 hoc
1393 3002 1479 3055 est
1537 2998 1934 3055 Christianum
1975 3036 2016 3089 ρ
2119 3056 2384 3109 CCCLUL

285 3089 614 3157 hominem,
643 3088 863 3160 injuste
888 3088 1224 3162 peremerit.

412 3196 497 3252 De
519 3196 719 3252 eadem
747 3212 831 3253 re.
866 3192 958 3252 Ex
982 3198 1108 3267 lege
1145 3194 1571 3263 Theodosiana,
1604 3190 1704 3251 lib.
1730 3212 1810 3250 ιχ.

355 3304 639 3359 CCCXLV.
667 3304 994 3375 (Interpret.
1016 3303 1054 3359 l.
1086 3319 1187 3360 un.
1220 3304 1365 3360 Cod.
1405 3303 1620 3359 Theod.
1646 3304 1727 3360 ad
1758 3305 1940 3373 legem

283 3386 458 3464 Fab.)
488 3392 550 3447 Hi
575 3391 681 3464 qui
710 3391 866 3448 ﬁlios
894 3391 1122 3448 alienos
1150 3391 1307 3447 furto
1338 3391 1712 3462 abstulerint,
1736 3395 1792 3448 et
1818 3392 1944 3447 ubi-

282 3496 525 3553 cunque
551 3481 1015 3548 transduxerint,
1040 3482 1162 3536 sive
1212 3480 1390 3553 350
1440 3481 1761 3550 ingenuus,
1822 3480 1942 3536 sive

285 3586 496 3626 servus
525 3570 617 3633 sit,
650 3574 841 3626 morte
870 3570 1176 3643 puniatur.

316 3680 410 3736 Ne
435 3679 644 3735 Judaeo
668 3679 1083 3735 Christianum
1104 3679 1473 3747 mancipium
1496 3678 1713 3734 habere
1738 3679 1932 3734 liceat.

354 3789 659 3845 OCCXLVI.
694 3786 1315 3865 Convenitdiligenter
1343 3786 1664 3841 observare
1694 3789 1758 3839 ut
1798 3784 1946 3841 nulli

281 3877 496 3932 Judaao
526 3890 768 3933 servum
799 3876 1199 3933 Christianum
1254 3874 1477 3930 habere
1507 3873 1697 3940 liceat,
1727 3888 1835 3929 nec
1866 3875 1945 3931 ad

283 3980 464 4023 suam
488 3962 684 4037 legem
715 3966 1038 4022 transferre
1060 3968 1409 4037 praesumat.

425 4086 491 4128 υε
528 4087 1026 4143 INCANTATORIBUS,
1060 4084 1346 4127 ΜΛΝ-11³1015
1385 4084 1447 4125 ΕΤ
1488 4085 1828 4126 SORTlLBGISa

282 4180 369 4237 De
397 4180 492 4238 his
518 4180 623 4253 qui
646 4181 1043 4238 divinationes
1073 4184 1380 4250 expetunt.
1410 4184 1499 4236 Ex
1528 4176 1780 4235 concilio
1824 4179 1946 4235 Αη-

990 4284 1240 4340 cyrano.

2056 1746 2120 1811 Et
2148 1752 2342 1811 zelum
2377 1756 2548 1811 tuum
2593 1759 2830 1826 gratum
2883 1755 3059 1812 nobis
3119 1754 3301 1813 fuisse
3355 1764 3709 1826 cognoscas.

2055 1842 2242 1901 Studil
2268 1841 2427 1900 enim
2462 1843 2542 1901 tui
2574 1845 2648 1901 sit
2686 1843 2929 1901 sollicite
2984 1860 3273 1918 quaerere,
3330 1849 3387 1902 et
3414 1842 3714 1918 quoscun-

2051 1934 2169 2005 que
2198 1931 2550 2003 hujusmodi
2580 1932 2791 1991 Christi
2814 1933 3087 1989 inimicos
3108 1932 3429 2002 inveneris,
3447 1931 3711 1989 districta

2052 2020 2275 2077 ultione
2314 2020 2565 2094 corrige.

2300 2131 2387 2186 De
2415 2132 2615 2188 eadem
2633 2144 2718 2187 re.
2750 2130 2845 2186 Ex
2876 2132 3127 2187 concilio
3155 2130 3457 2187 Toletano.

2123 2219 2368 2275 CCCLll.
2416 2220 2645 2277 Concil.
2684 2222 2864 2276 Tolet.
2899 2238 2973 2280 ιγ,
2999 2236 3051 2275 c.
3082 2223 3149 2276 29
3178 2238 3191 2287 ;
3218 2221 3549 2275 Bl'llCllAltD.
3604 2217 3707 2274 lib.

2051 2325 2111 2373 x,
2144 2314 2195 2362 ‘c.
2229 2306 2344 2380 48.)
2378 2309 2431 2364 Si
2464 2306 2599 2380 quis
2622 2306 2964 2380 episcopus,
3004 2306 3337 2379 presbyter,
3386 2302 3703 2375 diaconus,

2054 2394 2148 2450 vel
2175 2393 2423 2467 quilibet
2453 2411 2523 2449 ex
2552 2394 2760 2450 ordine
2800 2392 3175 2467 clericorum,
3207 2410 3443 2465 magos,
3484 2393 3713 2466 aruspi-

2053 2500 2174 2551 ces,
2202 2487 2306 2539 aut
2333 2483 2618 2553 hariolos,
2650 2486 2753 2539 aut
2765 2487 2917 2540 certe
2936 2499 3216 2554 augures,
3250 2482 3343 2539 vel
3369 2482 3707 2554 sortilegos,

2051 2571 2147 2626 vel
2167 2588 2271 2627 eos
2296 2572 2400 2643 qui
2424 2571 2778 2644 profitentur
2805 2574 3027 2627 sortem
3056 2570 3344 2644 aliquam,
3398 2570 3711 2626 consulere

2053 2654 2226 2717 fuerit
2250 2654 2683 2734 deprehensus,
2716 2659 2795 2717 ab
2828 2661 3055 2716 honore
3085 2658 3391 2731 dignitatis
3452 2676 3575 2715 suae
3613 2659 3713 2715 de-

2050 2750 2301 2824 positus,
2370 2746 2714 2805 monasterii
2783 2765 3101 2805 censuram
3174 2742 3451 2821 excipiat,
3511 2746 3713 2820 ibique

2049 2843 2338 2912 perpetua
2360 2836 2709 2911 paenitentia
2737 2837 2932 2893 scelus
2970 2836 3217 2894 admissi
3246 2834 3536 2908 sacrilegii
3564 2835 3712 2892 luat.

2367 2947 2454 3001 De
2480 2945 2682 3001 eadem
2712 2960 2796 3001 re.
2824 2945 2923 3000 Ea:
2952 2946 3078 3015 lege
3104 2946 3395 3001 Romana.

2414 3054 2742 3125 (Interpret.
2778 3057 2817 3108 Ι.
2847 3070 2905 3108 ιιι
2948 3054 3092 3109 Cod.
3128 3053 3436 3124 Theodos,
3467 3054 3540 3109 de
3591 3067 3716 3110 ma-

2053 3145 2225 3212 leﬁe.;
2254 3145 2579 3197 Buncaaan.
2612 3140 2713 3196 lib.
2744 3157 2802 3209 x,
2839 3158 2889 3196 c.
2923 3142 3038 3212 28.)
3066 3140 3331 3208 Maleﬁci,
3362 3140 3456 3196 vel
3502 3140 3709 3196 incan-

2053 3238 2292 3299 tatores,
2325 3231 2420 3286 vel
2450 3231 2817 3287 immissores
2851 3235 3299 3303 tempestatum,
3333 3230 3429 3284 vel
3472 3229 3577 3301 qui
3605 3245 3714 3302 per

2050 3320 2492 3378 invocationem
2531 3319 2882 3376 daemonum
2930 3323 3160 3375 mentes
3220 3318 3540 3374 hominum
3592 3322 3712 3373 tur-

2051 3411 2219 3478 bant,
2249 3408 2415 3466 omni
2447 3423 2764 3481 poenarum
2796 3423 3011 3477 genere
3042 3407 3389 3479 puniantur.

2472 3515 2561 3569 De
2590 3514 2791 3569 eadem
2822 3529 2908 3569 re.
2938 3514 3035 3568 Ea-
3065 3513 3288 3568 eadem.

2124 3619 2387 3674 CCCLlV.
2418 3619 2749 3689 (Interpret.
2777 3617 2817 3672 l.
2850 3633 2929 3691 (ν,
2957 3617 3092 3671 eod.
3126 3618 3233 3683 tit.;
3254 3618 3584 3671 Bnncnsnn.
3606 3614 3715 3669 lib.

2052 3722 2112 3775 x,
2146 3724 2197 3763 c.
2228 3708 2341 3778 30.)
2372 3707 2725 3777 Quicunque
2750 3720 2859 3778 pro
2907 3704 3245 3760 curiositate
3281 3703 3456 3775 3‘2
3490 3702 3715 3758 futuro-

2055 3814 2189 3853 rum
2212 3796 2304 3852 vel
2324 3796 2736 3852 invocatorem
2761 3794 3131 3859 daemonum,
3160 3792 3255 3848 vel
3280 3792 3536 3859 divinos,
3560 3804 3715 3864 quos

2055 3886 2315 3942 hariolos
2371 3883 2699 3958 appellant.
2746 3882 2840 3940 vel
2891 3882 3253 3955 aruspicem,
3298 3882 3403 3954 qui
3461 3880 3714 3950 auguria

2054 3975 2296 4047 colligit,
2328 3972 2715 4044 consuluerit,
2748 3974 2942 4047 capite
2965 3972 3269 4046 puniatur.

2372 4083 2461 4138 De
2488 4081 2692 4139 eadem
2718 4095 2802 4137 re.
2827 4080 2926 4136 Ex
2948 4080 3387 4136 Pwnitentiali.

2123 4193 2366 4248 CCCLV.
2450 4189 2807 4259 (Buncasan.
2853 4188 2893 4244 l.
2947 4204 3001 4257 x,
3054 4204 3105 4244 c.
3173 4192 3283 4257 31.)
3353 4186 3711 4258 Quicunque

2054 4284 2346 4337 nocturna
2371 4278 2659 4335 sacriﬁcia
2701 4278 3049 4335 daemonum
3109 4276 3562 4342 celebraverint,
3622 4272 3713 4327 vel

351 4378 686 4434 CCCXLVII.
722 4377 972 4449 (Concit.
1001 4377 1232 4446 Ancyr.
1265 4392 1318 4431 c.
1350 4379 1417 4432 23
1444 4394 1456 4443 ;
1488 4378 1792 4431 HALITGAR.
1836 4374 1938 4430 lib.
1974 4384 2017 4437 Π
2052 4369 2557 4427 incantationibus
2586 4369 2894 4425 daemones
2925 4366 3351 4434 invocaverint,
3385 4364 3579 4435 capite
3605 4374 3714 4433 pu-

280 4483 361 4536 iv,
391 4483 445 4522 c.
478 4470 580 4536 25;
616 4467 897 4523 timeam.
927 4467 1001 4522 de
1026 4467 1243 4522 divort.
1272 4466 1543 4534 Lat/tan,
1572 4466 1634 4521 in
1676 4480 1939 4534 respons.

279 4556 366 4612 ad
392 4557 748 4628 interrogat.
788 4556 847 4611 17
877 4574 890 4625 ;
923 4558 1240 4611 Buacasnn.
1270 4552 1372 4611 lib.
1411 4559 1497 4623 10,
1523 4572 1574 4611 c.
1605 4556 1684 4625 ὃ.)
1716 4553 1823 4620 Qui
1850 4553 1943 4609 di-

278 4644 619 4701 vinationes
648 4648 954 4717 expetunt,
987 4647 1045 4700 et
1059 4658 1226 4700 more
1243 4642 1551 4713 gentilium
1568 4641 1945 4714 subsequun-

281 4739 400 4803 tur,
432 4735 615 4791 autin
637 4734 856 4791 domos
886 4751 1026 4791 suas
1057 4733 1473 4805 hujuscemodi
1530 4732 1806 4788 homines
1852 4731 1942 4786 in-

278 4824 627 4893 troducunt,
651 4825 1004 4898 exquirendi
1051 4823 1279 4896 aliquid
1337 4826 1459 4878 arte
1515 4820 1792 4877 maleﬁca
1842 4825 1947 4876 aut

279 4914 568 4985 expiandi
594 4930 801 4984 causa,
837 4914 951 4969 sub
981 4912 1187 4984 regula
1234 4910 1633 4984 quinquennii
1678 4910 1941 4981 jaceant,

279 5002 620 5059 secundum
650 5003 875 5074 gradus
905 5002 1266 5075 paenitentiae
1295 5000 1596 5056 deﬁnitos.

715 5111 815 5165 Ea:
843 5109 1097 5165 concilio
1127 5108 1513 5164 Bracarensi.

350 5212 707 5270 oocxmm.
741 5214 969 5271 Coneil.
1004 5214 1258 5270 Bracar.
1302 5228 1364 5268 ιι.
1398 5229 1450 5269 c.
1484 5217 1544 5269 71
1582 5230 1595 5281 ;
1643 5212 1940 5280 insana,

277 5303 450 5371 170121.,
483 5305 802 5359 Brncuaan.
830 5303 936 5359 lib.
963 5316 1022 5374 x,
1052 5318 1103 5359 c.
1138 5304 1216 5373 6.)
1262 5302 1318 5359 Si
1357 5303 1515 5375 quis,
1562 5310 1943 5374 paganorum

275 5392 783 5448 consuetudinem
824 5408 1107 5465 sequens,
1139 5391 1375 5448 divinos
1401 5396 1458 5448 et
1513 5390 1824 5460 sortilegos
1881 5387 1943 5444 in

273 5481 535 5538 domum
564 5496 737 5539 suam
784 5483 1196 5552 introduxerit,
1226 5485 1402 5556 quasi
1432 5487 1497 5539 ut
1528 5481 1755 5538 malum
1785 5478 1943 5536 foras

270 5571 541 5642 mittant,
567 5577 671 5628 aut
698 5573 997 5629 maleﬁcia
1040 5574 1365 5640 inveniant,
1420 5573 1691 5645 quinque
1748 5585 1942 5625 annos

270 5660 694 5733 pcenitentiam
724 5666 883 5731 agat.

2052 4460 2312 4516 niantur.

2124 4548 2391 4606 CCCLVI.
2424 4547 2535 4614 Qui
2561 4545 2830 4617 auguriis
2879 4543 2975 4600 vel
3005 4538 3474 4598 divinationibus
3530 4536 3712 4592 inser-

2054 4638 2241 4707 viunt,
2268 4636 2535 4710 quinque
2563 4649 2757 4692 annos
2778 4632 3124 4706 pceniteant.
3160 4628 3531 4685 Immissores
3559 4628 3710 4681 tem-

2051 4731 2355 4801 pestatum
2382 4729 2611 4798 septem
2642 4737 2837 4780 annos
2865 4720 3210 4794 pceniteant.

2126 4814 2411 4874 CCCLVII.
2445 4817 2605 4882 (Ras.
2646 4813 2815 4882 epist.
2847 4810 2928 4866 ad
2955 4807 3298 4873 Heribald”
3332 4820 3385 4861 c.
3416 4807 3518 4871 30;
3560 4805 3710 4859 Bun-

2054 4922 2265 4963 eumn.
2290 4904 2393 4960 lib.
2416 4921 2476 4971 x,
2517 4920 2570 4960 ο.
2624 4902 2741 4971 24.)
2790 4899 3010 4968 Mulier,
3069 4898 3118 4953 si
3168 4894 3567 4952 divinationes
3615 4893 3713 4950 vel

2053 4994 2487 5052 incantationes
2530 4989 2863 5048 diabolicae
2919 4986 3138 5054 fecerit,
3210 4998 3445 5041 annum
3519 4999 3710 5040 unum

2053 5085 2359 5160 pceniteat,
2386 5082 2478 5138 vel
2508 5085 2625 5137 tres
2643 5076 3168 5151 quadragesimus,
3196 5073 3287 5131 vel
3309 5074 3712 5147 quadraginta

2053 5175 2180 5231 dies
2209 5170 2544 5228 secundum
2571 5166 2920 5241 qualitatem
2944 5164 3161 5222 delicti.

2710 5273 2811 5330 Ea
2836 5270 3054 5331 eodem.

2124 5385 2443 5439 CCCLVIII.
2475 5384 2826 5455 (Bracamn.
2884 5380 2989 5437 lib.
3021 5394 3157 5448 x,c.
3181 5380 3256 5449 9.)
3307 5375 3571 5448 Auguria
3617 5372 3712 5428 vel

2053 5480 2240 5533 sortes
2265 5491 2399 5547 quae
2420 5473 2699 5529 dicuntur
2728 5471 2874 5528 false
2905 5466 3371 5536 sanctorum,vel
3392 5462 3707 5521 divinatio-

2049 5581 2178 5633 nes,
2212 5563 2317 5637 qui
2347 5578 2450 5618 eas
2469 5562 2892 5629 observaverit,
2923 5561 3013 5617 vel
3044 5567 3547 5632 quarumcunque
3569 5548 3707 5637 scri-

2048 5635 2386 5727 pm,
2416 5650 2513 5707 Vel
2538 5654 2680 5709 vota
2708 5646 2936 5707 voverit
2956 5647 3047 5703 vel
3068 5642 3417 5718 persolverit
3432 5636 3511 5695 ad
3532 5635 3708 5693 arbo-
