4046 6190
323 177 420 230 351

325 312 473 364 rem,
504 295 594 351 vel
625 276 704 350 ad
723 292 1006 366 lapidem,
1037 287 1131 344 vel
1160 287 1238 343 ad
1267 287 1601 359 quamlibet
1625 302 1751 342 rem
1765 299 1978 355 excep-
2014 284 2054 335 Α

326 389 386 442 to
415 384 493 440 ad
523 382 854 454 ecclesiam,
883 393 1092 433 omnes
1138 376 1753 432 excommunicentur.
1819 370 1874 426 Si
1904 369 1981 424 ad

326 471 736 546 paenitentiam
794 465 1082 534 venerint,
1148 465 1344 520 clerici
1407 480 1600 520 annos
1659 467 1796 532 tres,
1848 457 1982 515 laici

325 577 517 617 unum
547 565 603 615 et
630 557 948 613 dimidium
981 555 1328 628 poeniteant.

329 653 414 707 De
441 649 754 706 arboribus
785 651 839 701 et
867 645 1138 714 fontibus
1161 650 1212 699 et
1266 642 1565 712 lapidibus
1614 639 1981 697 daemonibus

538 735 916 793 consecratis.
967 735 1066 789 Ex
1095 733 1347 789 concilio
1377 731 1766 786 Nannetensi.

400 828 660 884 CCCLIX.
687 825 937 898 (Concil.
961 824 1252 885 Nannet.,
1286 837 1336 877 ο.
1368 823 1438 875 20
1465 839 1477 888 ;
1506 822 1826 874 BURCHARD.
1879 816 1980 872 lib.

327 934 386 984 x,
409 932 463 972 c.
501 915 606 986 10.)
641 917 887 972 Summo
913 911 1213 968 decertare
1245 909 1440 966 studio
1470 909 1692 964 debent
1719 905 1984 979 episcopi

329 1011 386 1061 et
437 1021 648 1061 eorum
705 1002 958 1057 ministri
1010 1004 1074 1056 ut
1116 999 1362 1056 arbores
1396 997 1572 1070 34.3
1607 995 1985 1052 daemonibus

339 1097 722 1158 consecratae,
751 1107 904 1164 quas
936 1089 1150 1161 vulgus
1180 1088 1318 1144 colit
1346 1092 1401 1143 et
1429 1087 1490 1142 in
1521 1091 1687 1142 tanta
1740 1099 1985 1140 venera-

330 1183 489 1238 tione
510 1180 693 1235 habet
732 1183 792 1234 ut
829 1193 938 1233 nec
969 1193 1206 1233 ramum
1234 1193 1342 1232 nec
1375 1174 1683 1230 surculum
1710 1173 1848 1228 inde
1884 1187 1987 1227 au-

328 1271 466 1325 deat
489 1271 823 1339 amputare,
856 1265 1142 1321 radicitus
1171 1265 1566 1320 excindantur
1595 1267 1772 1334 atque
1821 1277 1984 1316 com-

326 1357 637 1411 burantur.
671 1353 921 1425 Lapides
953 1367 1218 1423 quoque,
1261 1367 1414 1423 quos
1441 1350 1499 1405 in
1537 1347 1795 1405 ruinosis
1841 1347 1984 1402 locis

328 1448 386 1500 et
405 1442 772 1498 silvestribus
798 1441 1148 1496 daemonum
1197 1439 1707 1496 ludiﬁcationibus
1753 1437 1985 1508 decepti

327 1536 706 1601 venerantur,
734 1531 838 1586 ubi
871 1534 927 1585 et
964 1534 1103 1584 vota
1131 1533 1345 1584 vovent
1380 1533 1436 1583 et
1464 1528 1755 1596 deferunt,
1786 1523 1985 1580 fundi-

1433 161 1813 220 REGINONIS
1850 157 2268 214 PRUMIENSIS
2305 158 2621 216 ABBATIS.

3642 159 3753 211 352

2269 283 2352 337 De
2380 283 2580 339 eadem
2625 298 2707 338 re.
2760 283 2860 337 Ex
2886 281 3135 338 concilio
3180 280 3567 351 Anquirensi.

2161 371 2470 426 CCCLXIII.
2528 374 2758 441 (RABAN.
2821 371 2957 426 ibid.
3019 387 3068 426 c.
3113 373 3222 438 25;
3283 372 3602 425 BURCHARD.
3647 368 3754 424 lib.

2091 475 2231 528 xvu,
2263 465 2461 534 c.29.)
2493 460 2691 516 Mulier
2723 461 2771 516 si
2800 477 2937 515 cum
2959 459 3205 516 muliere
3234 459 3528 515 fornicata
3555 458 3752 526 fuerit,

2091 563 2285 603 annos
2317 552 2431 604 tres
2456 550 2757 622 poeniteat.
2791 550 2881 607 Sic
2907 554 2963 605 et
2992 547 3090 604 illa
3121 565 3258 620 quae
3287 564 3492 604 semen
3523 548 3633 602 viri
3655 547 3759 602 sui

2091 637 2227 692 cibo
2257 637 2534 707 miscens,
2564 644 2629 696 ut
2656 639 2795 694 inde
2835 638 2971 712 plus
3002 639 3130 708 ejus
3155 637 3408 710 accipiat
3457 652 3757 702 amorem,

2092 726 2440 799 poenitneat.

2731 817 2897 872 Unde
2920 831 3127 886 supra.

2164 905 2467 961 CCCLXIV.
2497 907 2852 976 (BI’RCHARD.
2905 904 3006 960 lib.
3057 920 3193 974 x,c.
3230 905 3300 975 t.)
3357 906 3424 960 Ut
3481 904 3762 976 episcopi

2093 995 2637 1068 episcoporumque
2668 995 2922 1050 ministri
2963 994 3247 1049 omnibus
3291 994 3514 1049 viribus
3546 994 3762 1049 elabo-

2092 1101 2227 1140 rare
2255 1085 2534 1141 studeant
2560 1091 2625 1141 ut
2651 1085 3053 1158 perniciosam
3089 1089 3143 1140 et
3169 1084 3411 1139 diabolo
3443 1085 3763 1140 inventam

2097 1173 2274 1246 345
2309 1174 2646 1244 sortilegam
2673 1179 2730 1230 et
2769 1173 3107 1230 maleﬁcam
3140 1177 3332 1229 artem
3382 1173 3625 1246 penitus
3687 1190 3763 1228 ex

2094 1263 2415 1334 paraechiis
2453 1263 2573 1318 suis
2599 1263 2872 1327 eradant,
2903 1267 2959 1318 et
3007 1262 3056 1317 si
3104 1262 3365 1334 aliquem
3425 1262 3624 1318 virum
3656 1266 3768 1318 aut

2095 1351 2381 1408 feminam
2411 1353 2831 1422 hujuscemodi
2864 1352 3102 1408 sceleris
3134 1356 3484 1407 sectatorem
3515 1351 3764 1407 invene-

2094 1441 2186 1509 rit,
2213 1441 2457 1512 turpiter
2513 1440 2976 1497 dehonestatum
3008 1440 3083 1495 de
3121 1440 3438 1512 paroechiis
3484 1440 3614 1494 suis
3665 1439 3765 1510 eji-

2095 1531 2274 1586 ciant.
2308 1531 2400 1586 Ait
2423 1531 2584 1586 enim
2614 1530 2937 1604 Apostolus
2973 1547 2984 1584 :
3013 1531 3376 1586 Haereticum
3402 1536 3537 1598 post
3569 1544 3761 1585 unam

329 1626 426 1677 tus
454 1619 813 1675 effodiantur
845 1623 1022 1691 atque
1072 1617 1131 1672 in
1163 1617 1259 1672 tali
1283 1617 1416 1672 loco
1437 1616 1827 1688 projiciantur
1884 1611 1986 1668 ubi
2023 1631 2062 1684 Β
2095 1625 2151 1674 et
2179 1620 2498 1674 secundum
2529 1620 2995 1675 admonitionem
3017 1619 3431 1685 diveta,sciens
3452 1619 3598 1689 quia
3627 1618 3766 1672 sub.

330 1724 645 1780 nunquam
678 1724 714 1762 a
743 1706 1067 1763 cultoribus
1129 1706 1253 1760 suis
1305 1704 1575 1761 venerari
1619 1703 1868 1776 possint.
1924 1704 1988 1756 Et

330 1797 613 1853 omnibus
644 1796 1027 1852 annuntietur
1047 1799 1343 1866 quantum
1373 1793 1565 1848 scelus
1617 1793 1689 1848 sit
1741 1790 1986 1846 idolola-

329 1888 460 1954 tria,
513 1891 568 1941 et
613 1885 714 1958 qui
763 1886 888 1940 llch
945 1890 1278 1946 veneratur,
1307 1889 1363 1938 et
1411 1883 1568 1953 colit,
1600 1881 1773 1955 quasi
1799 1883 1985 1936 Deum

333 1993 510 2032 suum
541 1981 740 2045 negat,
764 1979 820 2030 et
848 1974 1266 2031 Christianitati
1289 1973 1702 2039 abrenuntiat;
1737 1976 1793 2027 et
1808 1970 1984 2026 talem

327 2065 740 2139 paenitentiam
803 2065 940 2120 inde
985 2064 1164 2120 debet
1219 2064 1539 2136 suscipere,
1597 2062 1773 2135 quasi
1826 2060 1988 2116 idola

331 2155 660 2210 adorasset.
693 2154 1106 2226 Omnibusque
1139 2153 1523 2208 interdicatur
1564 2156 1628 2207 ut
1659 2150 1857 2206 nullus
1882 2165 1984 2203 vo-

328 2245 456 2299 tum
479 2243 677 2313 faciat,
712 2247 816 2298 aut
840 2241 1157 2298 candelam
1179 2241 1270 2296 vel
1321 2241 1566 2313 aliquod
1625 2255 1846 2294 munus
1877 2254 1986 2311 pro

331 2331 517 2386 salute
575 2347 686 2386 sua
733 2334 1050 2399 rogaturus
1105 2329 1244 2384 alibi
1283 2329 1510 2384 deferat
1539 2329 1655 2384 nisi
1685 2327 1763 2383 ad
1807 2327 1988 2382 eccle—

332 2419 484 2476 siam
517 2419 768 2474 Domino
789 2422 908 2474 Deo
940 2435 1067 2474 suo.
1103 2419 1397 2490 Scriptum
1429 2423 1515 2474 est
1535 2418 1695 2473 enim
1730 2434 1741 2471 :
1783 2418 1987 2471 Vovete

331 2514 387 2565 et
415 2509 605 2564 redite
626 2509 878 2563 Domino
908 2511 1028 2564 Deo
1087 2515 1297 2564 vestro.
1362 2507 1642 2562 Novimus
1688 2505 1985 2577 siquidem

330 2603 559 2669 quanta
586 2597 874 2652 Dominus
917 2597 1164 2669 antiquo
1215 2596 1441 2669 populo
1502 2611 1606 2666 per
1658 2594 1985 2666 prophetas

334 2703 474 2741 suos
494 2686 910 2742 interminatus
939 2691 1043 2751 est,
1099 2686 1202 2756 qui
1232 2686 1291 2740 in
1346 2685 1494 2739 lucis
1546 2682 1982 2748 sacriﬁcabant,

331 2778 388 2830 et
416 2774 477 2830 in
506 2774 752 2830 excelsis
778 2773 1196 2830 immolabant.
1235 2774 1288 2830 Si
1320 2773 1454 2845 quis
1485 2773 1609 2827 haec
1664 2777 1985 2842 transgres-

335 2881 436 2918 sus
467 2863 661 2930 fuerit,
691 2863 872 2918 ﬁdem
929 2861 1205 2935 perdidit,
1252 2867 1308 2916 et
1337 2866 1424 2916 est
1453 2861 1676 2916 inﬁdeli
1707 2860 1981 2915 deterior.

331 2955 396 3007 Et
424 2951 646 3007 idcirco
676 2951 1028 3005 omnimodo
1062 2967 1097 3004 a
1141 2955 1361 3005 sanctze
1416 2949 1686 3006 Ecclesiae
1747 2965 1987 3004 consor—
2017 2977 2058 3029 ο

331 3039 410 3094 tio
437 3038 802 3107 abscidatur,
835 3042 890 3093 et
920 3037 1032 3093 nisi
1057 3037 1237 3108 digne
1290 3038 1649 3110 pcenituerit,
1674 3053 1796 3093 non
1845 3038 1982 3093 reci~

328 3127 546 3199 piatur.

778 3219 860 3272 De
889 3217 1089 3272 eadem
1114 3233 1196 3273 re.
1229 3219 1532 3274 Rabanus.

401 3321 639 3377 CCCLX.
671 3322 829 3392 (Ras.
863 3324 1030 3391 epist.
1078 3323 1159 3378 ad
1188 3323 1525 3388 Heribald,
1578 3340 1628 3378 c.
1681 3327 1790 3389 30;
1850 3325 1986 3377 Bl'R-

329 3427 530 3465 CHARD.
560 3410 662 3466 lib.
691 3427 751 3480 x,
777 3428 828 3467 c.
864 3412 970 3482 l3.)
1000 3415 1147 3468 Nam
1187 3413 1261 3467 de
1312 3413 1404 3467 his
1453 3415 1558 3484 qui
1606 3412 1986 3467 daemonibus

328 3499 662 3566 immolant,
696 3499 986 3556 Theodori
1017 3501 1281 3574 episcopi
1311 3502 1760 3558 constitutiones
1808 3501 1989 3555 habe-

327 3604 484 3659 mus,
513 3587 572 3644 in
603 3587 825 3660 quibus
851 3589 1138 3662 scriptum
1167 3595 1256 3646 est
1287 3609 1298 3645 :
1325 3612 1351 3637 ‹‹
1383 3590 1494 3655 Qui
1520 3590 1838 3646 immolant
1865 3589 1987 3644 dae-

327 3675 631 3730 moniisin
663 3676 946 3742 minimis,
1007 3693 1236 3734 annum
1295 3679 1643 3750 poenitcant.
1688 3678 1797 3743 Qui
1847 3693 1986 3732 vero

327 3763 387 3818 in
413 3764 674 3833 magnis,
697 3764 906 3820 decem
928 3781 1121 3821 annos
1154 3766 1541 3838 poeniteant.»

650 3867 830 3939 344
861 3871 944 3926 De
969 3870 1171 3926 eadem
1203 3887 1286 3926 re.
1333 3872 1432 3926 Ex
1457 3873 1676 3927 eodem.

403 3975 666 4030 CCCLXI.
694 3974 930 4042 (RABAN.
955 3976 1129 4043 ibid.;
1157 3979 1474 4045 BlTRCHARl),
1504 3977 1604 4031 lib.
1642 3994 1718 4044 XI,
1770 3996 1820 4041 c,
1879 3980 1986 4046 14.)
2027 4015 2032 4022 -

332 4061 531 4117 Mulier
562 4061 613 4116 si
641 4077 765 4133 qua
793 4061 983 4118 ﬁlium
1015 4080 1192 4119 suum
1223 4066 1392 4136 ponit
1413 4082 1594 4137 supra
1629 4071 1843 4122 tectum
1886 4072 1990 4122 aut

330 4150 392 4204 in
428 4149 735 4205 fornacem
791 4165 902 4221 pro
947 4152 1195 4208 sanitate
1254 4153 1457 4221 febris,
1512 4158 1738 4226 septem
1795 4169 1988 4209 annos

330 4237 633 4310 pmniteat.
667 4237 774 4302 Qui
795 4237 1003 4294 ardere
1029 4239 1168 4296 facit
1187 4256 1377 4312 grana
1407 4241 1510 4297 ubi
1567 4247 1840 4298 mortuus
1899 4248 1989 4298 est

330 4325 516 4380 homo
533 4341 644 4398 pro
670 4326 920 4383 sanitate
942 4328 1267 4385 viventium
1325 4334 1382 4385 et
1429 4330 1667 4399 domus,
1718 4332 1986 4403 quinque
2021 4326 2064 4379 Ι)

332 4429 524 4470 annos
543 4415 851 4487 paeniteat.

331 4521 416 4576 De
436 4526 742 4577 menstruo
771 4523 1082 4592 sanguine.
1116 4524 1399 4580 Rabanus
1445 4527 1526 4580 ad
1565 4526 1982 4582 Heribaldum.

401 4623 684 4679 CCCLX".
747 4625 977 4695 (RABAN.
1026 4625 1198 4695 ibid;
1252 4629 1580 4682 Brncumn.
1627 4627 1728 4682 lib.
1780 4645 1899 4694 Xlx,
1932 4646 1983 4683 c.

335 4712 477 4782 152.)
507 4715 584 4766 De
611 4713 703 4766 his
733 4713 910 4768 etiam
942 4729 1122 4785 super
1149 4715 1372 4786 quibus
1423 4717 1818 4787 interrogasti,
1872 4717 1986 4772 hoc

331 4804 437 4867 est,
487 4801 562 4855 de
611 4800 708 4857 illa
755 4802 978 4857 femina
1032 4820 1167 4875 quae
1201 4809 1576 4861 menstruum
1627 4806 1984 4876 sanguinem

333 4904 512 4942 suum
538 4888 860 4945 immiscuit
891 4890 1026 4945 cibo
1052 4892 1144 4946 vel
1171 4893 1356 4963 potui,
1391 4899 1448 4949 et
1479 4894 1641 4951 dedit
1698 4895 1825 4950 'viro
1876 4913 1986 4952 suo

331 4979 397 5030 ut
421 4975 792 5044 comederet;
827 4982 883 5034 et
907 4978 981 5034 de
1012 4979 1112 5035 illa
1137 4997 1271 5052 quae
1299 4999 1507 5039 semen
1528 4984 1634 5040 viri
1665 4985 1754 5040 sui
1785 4986 1844 5041 in
1878 5002 1986 5058 po-

331 5069 396 5119 tu
418 5063 587 5132 bibit,
619 5069 675 5119 et
702 5066 776 5120 de
823 5083 893 5121 ea
922 5083 1058 5138 quae
1089 5072 1301 5127 testam
1348 5072 1612 5128 hominis
1659 5075 1990 5132 combussit

333 5153 454 5223 igni
496 5158 552 5208 et
607 5153 732 5209 viro
789 5171 898 5210 suo
950 5157 1113 5215 dedit
1169 5177 1277 5232 pro
1327 5162 1669 5220 inﬁrmitate
1719 5164 1984 5238 vitanda,

332 5241 497 5313 quali
521 5241 870 5326 poenitentia
904 5245 1021 5302 sint
1047 5247 1410 5320 plectendze;
1440 5256 1504 5307 ut
1527 5253 1702 5309 nobis
1733 5254 1985 5326 videtur,

336 5329 436 5386 tali
461 5329 752 5386 sententia
781 5331 1025 5391 feriendi
1068 5341 1208 5393 sunt
1233 5338 1384 5394 sicut
1443 5342 1601 5411 magi
1649 5348 1705 5398 et
1754 5343 1986 5412 harioli,

335 5417 480 5490 quia
510 5419 808 5488 magicam
839 5426 1027 5479 artem
1058 5427 1397 5483 exercuisse
1424 5434 1772 5486 noscuntur.

405 5597 555 5668 (323)
584 5597 724 5655 Vide
747 5599 1017 5688 Capitula
1046 5601 1291 5658 Herardi
1319 5607 1694 5677 Turonensis,
1727 5624 1858 5681 cap.
1890 5612 1942 5665 3.

2097 1724 2298 1764 versus
2328 1715 2412 1763 est
2447 1711 2550 1780 qui
2577 1710 2874 1778 ejusmodi
2892 1715 2975 1764 est
3005 1709 3141 1776 (Tit.
3167 1708 3265 1777 ιιι).
3284 1706 3564 1762 Subversi
3591 1711 3763 1775 sunt,

2094 1803 2151 1854 et
2177 1815 2212 1854 a
2242 1797 2487 1852 diabolo
2520 1798 2677 1870 capti
2705 1801 2996 1865 tenentur,
3026 1797 3150 1869 qui,
3184 1796 3462 1852 derelicto
3487 1800 3766 1852 creatore

2095 1904 2226 1956 suo,
2254 1903 2290 1943 a
2321 1887 2564 1942 diabolo
2597 1887 2885 1957 suffragia
2936 1890 3232 1959 quaerunt.
3288 1889 3354 1941 Et
3384 1885 3521 1941 ideo
3565 1901 3605 1941 a
3661 1886 3767 1941 tali

2093 1981 2257 2050 peste
2288 1976 2571 2031 mundari
2604 1977 2783 2032 debet
2815 1981 3021 2032 sancta
3071 1975 3329 2030 Ecclesia
3383 1976 3545 2046 (3'23).
3611 1975 3766 2030 Illud

2095 2067 2275 2122 etiam
2306 2082 2429 2122 non
2491 2065 2916 2132 omittendum,
2949 2065 3117 2138 quod
3179 2064 3461 2137 quaedam
3513 2065 3773 2120 scelera-

2096 2161 2165 2211 tae
2197 2155 2478 2211 mulieres
2499 2159 2655 2210 retro
2680 2158 2819 2227 post
2851 2156 3136 2210 Satanam
3168 2168 3491 2219 conversae,
3531 2153 3768 2209 ἀδεωο-

2095 2259 2247 2298 num
2277 2242 2654 2299 illusionibus
2680 2246 2738 2297 et
2764 2241 3287 2314 phantasmatibus
3314 2240 3596 2310 seductas,
3634 2257 3766 2296 cre-

2095 2332 2250 2388 dunt
2279 2348 2340 2388 se
2370 2336 2427 2388 et
2458 2332 2810 2404 proﬁtentur
2861 2330 3165 2386 nocturnis
3213 2329 3375 2386 horis
3403 2346 3544 2385 cum
3571 2331 3768 2386 Diana

2098 2437 2482 2493 paganorum
2515 2420 2630 2475 dea
2668 2424 2725 2475 et
2750 2419 3069 2475 innumera
3120 2418 3501 2474 multitudine
3549 2418 3770 2474 mulie-

2097 2527 2233 2566 rum
2275 2510 2539 2582 equitare
2573 2525 2751 2581 super
2793 2508 3096 2581 quasdam
3154 2507 3396 2578 bestias,
3453 2513 3509 2564 et
3568 2508 3768 2564 multa

2097 2601 2391 2654 terrarum
2440 2598 2632 2670 spatia
2670 2598 3042 2670 intempestae
3084 2597 3274 2652 noctis
3336 2596 3568 2653 silentio
3627 2614 3770 2669 per-r

2097 2687 2368 2755 transire,
2431 2687 2679 2760 ejusque
2728 2687 3102 2757 jussionibus
3131 2685 3292 2742 velut
3322 2687 3585 2742 dominae
3625 2687 3770 2742 obe-

2096 2776 2244 2844 dire,
2275 2781 2330 2831 et
2360 2774 2532 2830 certis
2561 2775 2838 2830 noctibus
2869 2775 2948 2830 ad
2980 2775 3108 2846 ejus
3159 2774 3463 2830 servitium
3494 2776 3766 2831 evocari.

2099 2862 2213 2918 Sed
2248 2863 2477 2918 utinam
2518 2863 2611 2918 ha:
2645 2863 2788 2918 solae
2818 2863 2878 2918 in
2910 2863 3161 2936 perﬁdia
3191 2879 3306 2919 sua
3334 2863 3654 2936 perissent,
3711 2870 3770 2920 et

2094 2966 2216 3006 non
2249 2950 2471 3007 multos
2496 2968 2700 3007 secum
2728 2953 2791 3006 in
2811 2951 3173 3008 inﬁdelitatis
3194 2953 3499 3008 interitum
3531 2956 3766 3025 pertra-

2093 3040 2334 3095 xissent.
2370 3043 2516 3095 Nam
2547 3040 2865 3095 innumera
2894 3040 3232 3112 multitudo,
3262 3041 3378 3097 hac
3419 3040 3575 3097 falsa
3630 3041 3767 3114 opi-

2093 3128 2273 3183 nione
2304 3127 2576 3200 decepta,
2609 3129 2738 3183 haec
2763 3144 2903 3184 vera
2928 3145 3056 3184 esse
3078 3128 3282 3196 credit,
3312 3133 3369 3184 et
3393 3128 3703 3185 credendo
3731 3147 3772 3186 a

2095 3221 2256 3271 recta
2282 3216 2401 3272 ﬁde
2432 3216 2634 3272 deviat
2668 3235 2682 3284 ;
2714 3220 2771 3272 et
2794 3217 2856 3272 in
2887 3233 3118 3272 erorem
3150 3233 3536 3290 paganorum
3569 3218 3770 3274 revol-

2096 3305 2270 3374 vitur,
2299 3321 2438 3360 cum
2487 3305 2714 3378 aliquid
2766 3305 3092 3362 divinitatis
3133 3311 3237 3361 aut
3276 3306 3544 3362 numinis
3593 3311 3775 3362 extra

2097 3409 2287 3448 unum
2315 3396 2502 3450 Deum
2531 3411 2659 3450 esse
2689 3394 3028 3451 arbitratur.
3059 3396 3438 3468 Quapropter
3477 3397 3772 3453 sacerdo-

2096 3488 2182 3538 tes
2214 3499 2321 3556 per
2349 3483 2630 3539 ecclesias
2661 3483 2771 3538 sibi
2797 3485 3156 3540 commissas
3175 3485 3403 3557 populo
3426 3502 3566 3540 cum
3595 3488 3776 3541 omni

2097 3572 2380 3628 instantia
2411 3572 2736 3644 praedicare
2759 3573 2981 3628 debent
3009 3578 3074 3628 ut
3100 3573 3376 3629 noverint
3404 3575 3530 3630 haec
3572 3576 3778 3630 omni-

2097 3660 2294 3715 modis
2316 3660 2465 3715 falsa
2496 3677 2644 3727 esse,
2678 3665 2735 3716 et
2752 3676 2874 3716 non
2893 3676 2929 3716 a
2951 3660 3155 3715 divino
3173 3660 3275 3716 sed
3293 3678 3329 3716 a
3355 3661 3630 3732 maligno
3650 3664 3781 3735 spi-

2095 3748 2211 3804 ritu
2239 3749 2379 3805 talia
2407 3749 2838 3820 phantasmata
2866 3749 3518 3806 mentibusinﬁdelium
3535 3751 3778 3821 irroga-

2097 3837 2165 3893 ri.
2194 3837 2499 3910 Siquidem
2525 3838 2651 3910 ipse
2685 3838 3075 3910 Satanas,qui
3101 3837 3489 3907 transﬁgurat
3505 3839 3648 3895 sein
3671 3857 3782 3896 an-

2099 3927 2298 3996 gelum
2325 3927 2494 3994 lucis,
2527 3943 2665 3982 cum
2690 3931 2953 3982 mentem
3001 3927 3414 4005 cujuscunque
3435 3928 3784 3984 muliercu-

2095 4015 2163 4069 lre
2197 4015 2373 4088 346
2398 4015 2636 4087 ceperit,
2661 4019 2717 4069 et
2742 4015 2856 4070 hac
2911 4015 3022 4070 sibi
3079 4031 3185 4088 per
3235 4015 3658 4072 inﬁdelitatem
3717 4024 3788 4074 et

2095 4103 2567 4159 incredulitatem
2582 4103 3014 4172 subjugaverit,
3032 4103 3184 4160 illico
3210 4104 3601 4161 transformat
3623 4123 3692 4161 se
3712 4108 3788 4162 in

2096 4191 2470 4247 diversarum
2500 4206 2899 4264 personarum
2931 4191 3156 4263 species
3200 4197 3379 4263 atque
3425 4192 3791 4249 similitudi-

2096 4294 2226 4346 nes,
2254 4284 2310 4334 et
2338 4284 2622 4350 mentem,
2655 4295 2844 4351 quam
2872 4281 3173 4352 captivam
3197 4285 3371 4350 tenet,
3403 4281 3465 4336 in
3506 4283 3793 4338 sommis

2095 4367 2408 4439 deludens,
2441 4368 2624 4423 modo
2654 4367 2808 4431 laeta,
2832 4368 3017 4423 modo
3036 4368 3238 4436 tristia,
3257 4369 3442 4425 modo
3459 4371 3792 4440 cognitas,

2095 4455 2279 4510 modo
2325 4455 2658 4525 incognitas
2701 4471 2996 4528 personas
3045 4457 3387 4523 ostendens,
3428 4474 3539 4530 per
3579 4459 3799 4515 devia

2093 4560 2345 4617 quaeque
2375 4544 2619 4600 deducit
2647 4563 2659 4612 ;
2691 4550 2748 4600 et
2771 4562 2912 4602 cum
2933 4545 3094 4601 solus
3121 4546 3361 4618 spiritus
3376 4547 3494 4603 hoc
3510 4549 3799 4620 patitur.

2094 4633 2349 4690 inﬁdelis
2372 4651 2544 4690 mens
2576 4635 2723 4702 haec,
2754 4651 2878 4690 non
2909 4635 2964 4690 in
2999 4635 3224 4700 animo,
3253 4635 3357 4691 sed
3386 4638 3449 4691 in
3480 4653 3803 4709 corpore,

2093 4723 2326 4778 evenire
2353 4723 2654 4795 opinatur.
2683 4723 2825 4788 Quis
2846 4723 3003 4778 enim
3038 4739 3157 4779 non
3180 4724 3239 4779 in
3263 4725 3494 4780 somnis
3520 4731 3578 4780 et
3627 4743 3810 4784 noc-

2095 4811 2284 4867 turnis
2306 4811 2638 4867 visionibus
2664 4817 2832 4867 extra
2855 4812 3122 4884 seipsum
3151 4813 3446 4880 educitur,
3479 4819 3537 4869 et
3567 4817 3812 4874 multa

2094 4900 2252 4956 videt
2271 4901 2628 4956 dormiendo
2643 4917 2779 4973 quae
2804 4917 3120 4974 nunquam
3146 4903 3376 4958 viderat
3399 4903 3751 4972 vigilando
3777 4909 3811 4962 ?

2096 4989 2237 5055 Quis
2267 5005 2409 5045 vero
2439 4994 2562 5046 tam
2585 4990 2797 5046 stultus
2827 4995 2884 5047 et
2906 4990 3091 5047 hebes
3122 4991 3195 5047 sit
3222 4991 3327 5064 qui
3356 4992 3487 5048 haec
3525 4996 3816 5068 omnia,

2095 5093 2231 5149 quae
2262 5077 2322 5132 in
2353 5077 2481 5133 solo
2508 5077 2717 5150 spiritu
2735 5077 2906 5144 ﬁunt,
2968 5079 3147 5134 etiam
3178 5078 3238 5133 in
3293 5095 3546 5152 corpore
3608 5086 3819 5140 acci-

2095 5165 2235 5221 dere
2247 5165 2590 5234 arbitretur;
2610 5183 2748 5221 cum
2773 5165 3036 5222 Ezechiel
3056 5172 3349 5239 propheta
3369 5167 3658 5226 visiones
3687 5176 3825 5231 Do-

2096 5253 2242 5309 mini
2270 5255 2329 5310 in
2362 5255 2590 5326 spiritu,
2610 5270 2734 5310 non
2761 5255 2822 5310 in
2835 5271 3104 5328 corpore,
3132 5255 3345 5311 viderit
3374 5276 3388 5323 ;
3417 5262 3475 5312 et
3493 5260 3828 5320 Joannes

2097 5343 2404 5415 apostolus
2436 5344 2829 5417 Apocalypsis
2859 5349 3235 5400 sacramenta
3255 5344 3316 5399 in
3347 5346 3592 5418 spiritu,
3666 5368 3824 5410 non

2097 5433 2157 5487 in
2189 5449 2456 5506 corpore,
2487 5433 2628 5490 vidit
2657 5440 2714 5490 et
2737 5435 2983 5502 audivit,
3009 5433 3158 5490 sicut
3180 5434 3308 5506 ipsc
3325 5434 3502 5490 dicit:
3539 5439 3826 5504 Statim
