3980 6182
241 100 331 153 353
898 141 902 146 .
1266 89 1545 147 ECCLES.
1588 86 1876 144 DISCIPL.

235 217 323 285 fui
344 217 397 269 in
425 211 638 280 spiritu
662 211 866 281 (Apoc.
890 211 990 281 IV).
1022 214 1087 267 Et
1104 212 1324 284 paulus
1355 228 1477 269 non
1500 210 1681 268 audet
1700 225 1763 266 se
1784 208 1869 265 di-
1898 211 1945 264 A

235 320 350 361 cere
368 303 598 373 raptum
620 300 680 355 in
692 315 964 372 corpore.
980 301 1275 357 Omnibus
1297 301 1496 375 itaque
1508 300 1743 373 publice
1760 314 1867 354 an-

236 388 610 450 nuntiandum
633 392 720 444 est
738 388 906 461 quod
931 389 1035 462 qui
1062 389 1203 447 talia
1224 395 1280 446 et
1308 391 1399 446 his
1430 389 1641 445 similia
1664 388 1865 455 credit,

234 479 393 535 ﬁdem
413 475 690 548 perdidit,
712 480 768 532 et
795 476 901 548 qui
930 476 1111 533 ﬁdem
1138 485 1364 534 rectam
1385 478 1444 533 in
1478 480 1598 533 Deo
1618 492 1741 532 non
1761 477 1868 532 ha-

232 568 338 637 bet,
360 566 448 621 luc
469 580 593 621 non
609 569 698 621 est
717 565 869 636 ejus,
883 565 988 621 sed
1011 565 1166 621 illius
1184 565 1247 621 in
1270 583 1450 639 quem
1474 565 1676 631 credit,
1702 564 1761 640 id
1781 568 1873 620 est

230 650 452 711 diaboli.
484 655 632 707 Nam
656 651 731 708 de
748 651 1002 708 Domino
1030 658 1236 709 nostro
1267 653 1557 725 scriptum
1586 657 1703 709 est:
1739 652 1871 708 0m-

230 745 322 800 nia
345 756 449 811 per
487 742 681 810 ipsum
709 740 881 809 facta
909 748 1049 797 sunt
1078 742 1276 813 (Joan.
1312 746 1373 812 ι).
1421 741 1701 813 Quisquis
1726 755 1870 810 ergo

228 829 435 905 aliquid
459 828 645 885 credit
665 845 844 902 posse
866 830 1014 898 ﬁeri,
1038 835 1142 886 aut
1160 830 1427 903 aliquam
1453 835 1788 886 creaturam
1808 828 1869 884 in

225 919 422 977 melius
451 922 558 974 aut
586 917 843 973 deterius
881 917 1188 975 immutari
1226 923 1329 975 aut
1354 918 1772 975 transformari
1808 918 1871 973 in

225 1008 390 1065 aliam
412 1005 678 1080 speciem
697 1005 791 1062 vel
813 1005 1286 1076 similitudinem,
1302 1006 1419 1063 nisi
1444 1006 1522 1062 ab
1542 1006 1675 1079 ipso
1695 1009 1868 1063 Crea—

222 1102 354 1164 tore,
377 1095 486 1169 qui
507 1094 717 1151 omnia
734 1093 890 1164 fecit,
905 1099 962 1151 et
980 1111 1087 1168 per
1105 1111 1289 1168 quem
1308 1096 1514 1152 omnia
1532 1095 1691 1152 facta
1710 1098 1869 1165 sunt,

217 1183 414 1259 procul
436 1183 629 1239 dubio
650 1182 883 1239 inidelis
905 1189 1016 1239 est.

218 1273 380 1346 347
423 1274 503 1329 Ut
544 1272 872 1329 Christiani
899 1272 1249 1329 traditiones
1277 1274 1591 1344 gentilium
1622 1288 1741 1329 non
1770 1272 1870 1327 ob-

563 1365 820 1416 servent.
853 1361 952 1415 Ea:
984 1360 1158 1417 dictis
1194 1362 1512 1417 Ambrosii.

144 1518 161 1527 χ
283 1448 578 1507 CCCLXV.
611 1448 693 1518 (S.
724 1453 976 1504 Annos.
1009 1451 1072 1504 in
1104 1466 1154 1505 ο.
1187 1466 1244 1504 1v
1269 1451 1457 1519 Epist.
1497 1451 1579 1506 ad
1621 1451 1820 1507 Gatat.
1851 1462 1873 1519 ,'

210 1543 527 1595 Buncusnn.
568 1536 670 1593 lib.
724 1554 781 1604 x,
834 1554 885 1593 c.
936 1538 1045 1608 ll.)
1093 1538 1412 1611 Apostolus
1458 1539 1600 1595 dicit
1649 1557 1661 1593 :

203 1627 530 1685 observatis
570 1632 623 1683 et
669 1641 894 1683 menses
928 1633 983 1683 et
1034 1634 1301 1697 tempora
1347 1635 1403 1683 et
1450 1644 1660 1684 annos.
1709 1630 1869 1686 Time

205 1733 276 1774 ne
319 1719 447 1773 sine
497 1732 684 1772 causa
729 1716 1127 1773 laborava
1171 1718 1234 1772 in
1283 1717 1461 1773 vobis.
1497 1717 1630 1774 Dies
1670 1718 1869 1775 obser-

202 1810 360 1873 vant,
394 1809 570 1872 puta,
617 1804 724 1878 qui
779 1804 987 1862 dicunt
1037 1824 1050 1861 :
1098 1806 1364 1863 Crastino
1416 1807 1868 1879 proﬁscendum

200 1909 321 1950 non
368 1898 496 1963 est,
534 1897 677 1966 post
705 1893 1035 1950 crastinum
1076 1894 1236 1950 enim
1267 1910 1388 1950 non
1418 1894 1597 1951 debet
1643 1895 1868 1968 aliquid

195 1982 517 2051 inchoari;
572 1987 630 2038 et
675 1982 758 2039 sic
803 1983 996 2039 solent
1047 1984 1241 2054 magis
1282 1983 1496 2056 decipi.
1557 1984 1624 2040 Hi
1666 1990 1869 2042 autem

195 2072 403 2129 colunt
454 2087 700 2129 menses
755 2073 861 2146 qui
910 2089 1157 2130 cursum
1207 2074 1365 2129 luna:
1417 2079 1871 2146 perscrutantur

191 2159 514 2218 dicentes:
578 2161 845 2234 Septima
890 2161 1040 2218 luna
1088 2166 1420 2218 strumenta
1477 2163 1691 2218 conﬁci
1747 2179 1869 2218 non

185 2247 415 2304 debent
444 2248 621 2320 (324).
654 2252 822 2305 Nona
849 2249 1065 2306 iterum
1116 2249 1261 2305 luna
1308 2254 1580 2321 emptum
1630 2265 1870 2305 servum

186 2335 452 2393 domum
520 2336 659 2393 duci
712 2352 839 2393 non
894 2340 1146 2410 oportet.
1198 2340 1262 2393 Et
1317 2353 1424 2409 per
1472 2338 1600 2394 haec
1641 2338 1874 2394 facilius

182 2425 388 2482 solent
456 2424 724 2481 adversa
782 2424 1118 2497 provenire.
1195 2428 1489 2498 Tempora
1563 2442 1705 2482 vero
1773 2426 1877 2482 ob-

178 2519 460 2580 servant,
493 2530 638 2569 cum
684 2514 930 2570 dicunt:
967 2513 1149 2570 Hodie
1193 2514 1347 2569 veris
1397 2514 1632 2571 initium
1679 2520 1785 2584 est,
1819 2520 1875 2572 et

173 2604 315 2660 ideo
382 2602 692 2659 festivitas
747 2607 858 2659 est.
917 2606 1054 2659 Post
1108 2620 1239 2660 cras
1304 2604 1667 2661 Vulcanalia'
1713 2610 1870 2661 sunt.

176 2696 241 2749 Et
293 2708 612 2748 rursum:
663 2694 970 2748 Posterum
1029 2697 1134 2758 est,
1190 2692 1443 2749 domum
1497 2694 1699 2763 egredi
1750 2711 1873 2751 non

172 2780 328 2837 licet.
365 2785 597 2835 Annos
628 2779 711 2834 sic
742 2779 965 2846 colunt,
998 2796 1137 2835 cum
1166 2780 1375 2837 dicunt
1408 2799 1420 2835 :
1456 2781 1736 2837 Kalendis
1782 2786 1874 2839 Ja-

175 2869 378 2926 nuarii
410 2884 627 2925 novus
670 2872 759 2924 est
799 2883 1019 2939 annus,
1049 2869 1224 2941 quasi
1263 2869 1527 2942 quotidie
1567 2871 1711 2927 anni
1758 2872 1871 2927 im-

170 2955 514 3035 pleanturs
538 2958 672 3011 Haec
702 2955 1041 3029 superstitio
1068 2956 1249 3027 longe
1288 2956 1469 3013 debet
1509 2975 1637 3014 esse
1666 2974 1703 3015 a
1750 2975 1873 3016 ser-

171 3044 265 3100 vis
297 3046 408 3102 Dei
442 3049 635 3113 (325).
1700 3106 1707 3109 _

376 3139 476 3193 De
509 3134 724 3193 eadem
752 3152 837 3193 re.
869 3138 969 3193 Ex
996 3138 1250 3193 concilio
1280 3139 1665 3195 Bracarensi.

240 3225 586 3283 CCCLXVI.
629 3224 880 3296 (Concit.
913 3227 1174 3284 Bracar.
1206 3243 1271 3294 ιι,
1305 3245 1358 3282 c.
1406 3232 1513 3295 72;
1564 3231 1871 3284 HALTIGAR.

164 3310 268 3368 lib.
303 3330 388 3381 IV,
452 3330 513 3369 c.
570 3315 683 3381 26;
732 3316 1012 3370 HINCMAR.
1062 3315 1134 3371 de
1176 3315 1435 3372 divortia
1486 3316 1760 3386 Lothar.,
1812 3317 1874 3372 in

166 3417 324 3471 resp.
360 3405 453 3459 ad
493 3404 728 3458 interr.
766 3407 828 3459 17
855 3419 877 3471 ,·
925 3406 1244 3460 ΒιῖιιοιιΑιιυ.
1275 3404 1378 3460 lib.
1412 3422 1471 3473 x,
1504 3422 1555 3461 c.
1593 3408 1703 3477 13.)
1748 3410 1881 3478 Non

160 3488 297 3548 licet
330 3490 718 3549 Christianis
747 3492 1125 3549 traditionem
1175 3493 1487 3562 gentilium
1527 3494 1872 3565 observare,

162 3580 250 3635 vel
279 3581 493 3638 colere
522 3580 858 3647 elementa,
891 3586 995 3636 aut
1018 3581 1227 3638 lunam
1253 3588 1373 3638 aut
1399 3582 1706 3639 stellarum
1737 3600 1870 3639 cur—

158 3684 293 3725 sum
344 3674 408 3729 et
460 3670 741 3726 inanem
789 3669 1097 3741 signorum
1148 3670 1446 3727 fallaciam
1494 3671 1872 3728 considerare

157 3773 267 3828 pro
296 3758 503 3815 domo
558 3757 871 3826 facienda,
898 3758 995 3814 vel
1037 3764 1264 3829 segetes
1296 3760 1389 3815 vel
1432 3759 1677 3816 arbores
1707 3760 1875 3832 plan-

165 3847 409 3918 tandas,
468 3852 591 3905 aut
654 3847 941 3918 conjugia
988 3847 1297 3904 socianda.
1361 3848 1656 3921 Scriptum
1710 3850 1873 3906 enim

158 3940 292 3993 est:
347 3939 594 3994 Omnia
646 3951 1019 4009 quaecunque
1059 3937 1265 4005 facitis
1322 3938 1383 3992 in
1435 3938 1610 3994 verbo
1655 3944 1763 3995 aut
1808 3940 1872 3995 in

158 4041 355 4095 opere,
388 4030 460 4084 in
490 4028 753 4083 nomine
777 4028 1020 4083 Domini
1048 4028 1243 4083 nostri
1265 4029 1404 4083 Jesu
1454 4028 1641 4085 Cristi
1662 4030 1868 4099 facite,

154 4120 397 4185 gratias
425 4122 702 4189 agentes
725 4119 843 4173 Deo
874 4118 1115 4181 (Coloss.
1153 4121 1264 4183 IIl).

264 4206 465 4280 348
498 4210 601 4264 De
644 4207 997 4263 cottectione
1029 4207 1371 4263 herbarum.
1405 4208 1506 4263 Er
1536 4208 1757 4265 eodem.

223 4297 600 4353 CCCLXVII.
639 4294 892 4366 (Concit,
924 4297 1182 4352 Bracar.
1214 4313 1272 4364 ιι,
1301 4313 1352 4351 e.
1392 4300 1499 4363 7i;
1553 4299 1864 4355 usuram.

157 4383 299 4439 ibid.
316 4398 345 4457 ;
377 4388 698 4441 HINCIAR.
732 4384 876 4438 ibid.
901 4396 925 4454 ;
954 4386 1277 4439 Buncmo.
1307 4384 1410 4440 lib.
1442 4401 1501 4456 x,
1526 4402 1578 4441 c.
1602 4386 1719 4457 20.)
1741 4389 1868 4442 Non

149 4470 285 4529 licet
337 4475 406 4530 in
466 4471 847 4531 collectione
895 4472 1221 4529 herbarum
1260 4473 1711 4530 medicinalium
1760 4475 1869 4530 ali-

153 4576 309 4632 quas
359 4559 858 4620 observationes
919 4561 1014 4617 vel
1058 4561 1491 4617 incantationes
1543 4563 1868 4629 attendere,

152 4651 263 4708 nisi
296 4658 565 4709 tantum
602 4666 756 4706 cum
778 4649 1056 4722 symbolo
1082 4651 1287 4706 divino
1309 4656 1366 4706 et
1386 4651 1653 4706 oratione
1678 4651 1873 4707 Domi-

154 4740 310 4807 nica,
348 4747 419 4799 ut
472 4745 660 4798 Deus
712 4741 769 4794 et
814 4738 1099 4795 dominus
1138 4743 1339 4795 noster
1383 4742 1556 4794 Jesus
1610 4739 1873 4795 Christus

154 4827 525 4886 honoratur.

396 4940 494 4994 De
531 4935 840 5002 laniﬁciis
864 4936 1253 5003 feminarum.
1280 4936 1381 4992 Ex
1409 4935 1627 4990 eodem.

220 5024 652 5084 CCCLXVIII.
688 5023 931 5093 (Concit.
956 5024 1216 5080 Bracar.
1244 5040 1302 5091 11,
1329 5039 1380 5079 c.
1406 5028 1506 5091 75;
1536 5025 1872 5093 Hann;an

150 5114 295 5170 ibid.
329 5132 354 5183 ,°
407 5116 760 5181 Hmcmaa.,
804 5112 948 5168 ibid.
969 5126 990 5180 ,'
1036 5115 1361 5167 Buncaxnn.
1400 5112 1501 5167 lib.
1550 5130 1607 5177 x,
1656 5130 1707 5169 c.
1764 5113 1875 5184 19.)

149 5208 277 5261 Non
309 5206 462 5262 licet
499 5202 899 5262 Christianas
946 5202 1225 5257 mulieres
1268 5202 1592 5257 vanitatem
1639 5203 1699 5257 in
1754 5202 1878 5256 suis

146 5294 441 5351 laniﬁciis
478 5294 833 5350 observare
874 5292 1022 5355 ;sed
1074 5295 1261 5347 Deum
1314 5293 1591 5346 invocent
1640 5291 1876 5361 adjuto—

146 5402 300 5455 rem,
335 5387 457 5461 qui
492 5385 598 5441 eis
636 5381 1003 5454 sapientiam
1032 5380 1269 5437 texendi
1298 5381 1563 5437 donavit.

208 5567 374 5637 (32-5)
403 5564 573 5620 Vide
598 5562 868 5637 August.
902 5558 1071 5632 epist.
1101 5563 1200 5615 H9
1222 5559 1360 5617 etin
1384 5559 1680 5616 Enchirid.
1710 5575 1760 5616 c.
1789 5562 1878 5616 79.

1920 86 2095 142 LIBRI
2149 89 2311 145 DUO.
2350 113 2422 130 -ι
2460 86 2586 143 LIB.
2630 87 2700 144 ΙΙ.

2226 226 2233 229 '
2280 212 2368 266 De
2395 211 2749 266 morticinis.
2777 209 2876 265 Ea:
2899 209 3333 266 Pcenitentiati.

2048 300 2367 355 CCCLXIX.
2398 298 2745 369 (Buacnxnn.
2777 297 2881 355 lib.
2924 315 3046 370 xxx,
3089 315 3141 355 c.
3174 298 3284 370 88.)
3318 298 3430 366 Qui
3468 315 3638 356 man-

1976 387 2161 465 ducat
2207 403 2453 443 carnem
2500 386 2906 456 immundam,
2939 391 3044 443 aut
3088 386 3492 457 morticinum,
3536 392 3640 447 aut

1981 476 2374 533 dilaceratum
2406 492 2442 532 a
2469 475 2680 546 bestia,
2712 475 3119 549 quadraginta
3165 475 3290 532 dies
3330 476 3636 549 pceniteat.

1981 565 2037 622 Si
2093 566 2229 637 quis
2284 564 2636 621 necessitate
2696 564 2871 621 famis
2925 569 3175 634 cogente
3232 565 3635 637 manducavit,

1980 652 2170 709 multo
2198 652 2389 709 levius
2419 651 2722 725 paeniteat.

2050 742 2344 797 CCCLXX.
2380 740 2491 806 Qui
2541 739 2908 810 fraudatum,
2939 744 3203 813 raptum,
3234 741 3329 797 vel
3377 741 3639 798 furatum

1974 828 2167 884 sciens
2216 828 2584 895 manducat;
2626 829 2674 883 si
2704 844 2936 901 pauper
2979 834 3091 897 est,
3120 822 3349 901 septem
3378 829 3543 897 dies;
3590 829 3637 885 si

1972 922 2206 989 potens.
2236 916 2640 990 quadraginta
2685 917 2814 973 dies
2860 917 3163 989 paeniteat.
3199 917 3421 973 Inﬁrmi
3468 932 3634 986 vero,

1973 1005 2021 1060 si
2061 1005 2274 1075 sciunt,
2309 1005 2657 1078 quindecim
2686 1005 2813 1061 dies
2843 1006 3194 1079 pmniteant.

2048 1094 2334 1150 CCCLXXI
2381 1096 2726 1164 (Buncnann.
2758 1093 2860 1150 lib.
2905 1111 3029 1162 xxx,
3056 1111 3108 1149 c.
3144 1098 3290 1162 106.)
3323 1094 3435 1160 Qui
3465 1110 3627 1149 com-

1976 1180 2099 1236 edit
2122 1185 2179 1236 et
2206 1181 2358 1237 bibit
2396 1181 2870 1238 contaminatum
2900 1198 2937 1237 a
2965 1181 3156 1238 bestia
3195 1180 3546 1248 domestica,
3572 1180 3636 1237 id

1975 1275 2065 1326 est
2093 1287 2129 1326 a
2154 1286 2304 1326 cane
2328 1270 2423 1327 vel
2450 1275 2604 1343 cato,
2632 1270 2789 1327 duos
2816 1270 2942 1327 dies
2972 1271 3275 1343 poeniteat.

2431 1378 2519 1433 De
2550 1378 2800 1449 liquore.
2833 1378 2933 1433 Ex
2962 1378 3182 1433 eodem.

2048 1483 2379 1540 CCCLXXII.
2427 1485 2770 1553 (Buncuxan.
2810 1482 2913 1538 lib.
2956 1499 3077 1550 XIX,
3107 1498 3158 1538 c.
3208 1484 3350 1553 106.)
3400 1483 3457 1537 Si
3499 1484 3636 1555 quis

3531 92 3637 146 354

1730 1541 1868 1643 ei“
1907 1556 1945 1609 Β
1976 1571 2207 1628 dederit
2230 1571 2408 1627 alicui
2432 1541 2727 1643 liquorem
2779 1570 3041 1643 aliquem
3063 1541 3149 1625 ἰιι
3194 1586 3317 1642 quo
3335 1541 3344 1553 Ι
3364 1588 3501 1627 mus
3518 1541 3636 1627 ‘Vel

1975 1659 2230 1716 mustela
2280 1659 2501 1715 mortui
2548 1664 2706 1729 sunt,
2747 1658 2796 1714 si
2835 1659 3023 1716 laicus
3071 1663 3179 1725 est,
3218 1662 3465 1731 septem
3506 1659 3635 1716 dies

1974 1749 2278 1823 pmniteat.
2310 1746 2490 1820 359
2518 1746 2575 1804 Si
2604 1752 2804 1803 autem
2830 1747 2893 1803 in
2922 1746 3198 1803 coenobio
3225 1751 3383 1815 sunt,
3415 1748 3637 1805 ducen-

1974 1844 2066 1894 tos
2097 1837 2365 1910 psalmos
2396 1840 2657 1893 cantent.
2689 1836 2799 1902 Qui
2844 1840 3057 1909 postea
3084 1835 3318 1892 noverit
3341 1837 3509 1909 quod
3550 1840 3634 1893 ta-

1974 1926 2030 1981 le
2058 1929 2268 1999 potum
2298 1924 2471 1995 bibit,
2500 1940 2689 1981 unum
2716 1924 3069 1998 psalterium
3097 1927 3313 1982 cantet.

2593 2033 2681 2089 De
2706 2034 3020 2103 sanguine.

2050 2139 2437 2196 CCCLXXIII.
2469 2138 2526 2195 Si
2555 2138 2690 2210 quis
2724 2138 3083 2210 sanguinem
3114 2138 3370 2209 alicujus
3402 2136 3635 2193 anima-

1976 2227 2049 2283 lis
2078 2226 2554 2291 manducaverit,
2583 2226 2987 2299 quadraginta
3010 2226 3139 2282 dies
3170 2225 3474 2298 paeniteat.

2226 2335 2375 2390 Item
2398 2339 2460 2388 ut
2490 2334 2698 2389 nullus
2719 2333 3071 2403 sanguinem
3096 2333 3385 2389 comedat.

2052 2439 2437 2496 CCCLXXIV.
2486 2437 2864 2494 Admonendi
2907 2442 3047 2493 sunt
3087 2437 3294 2495 ﬁdeles
3327 2442 3389 2494 ut
3435 2437 3635 2494 nullus

1980 2531 2305 2600 praesumat
2333 2526 2690 2597 sanguinem
2733 2525 3121 2582 manducare.
3154 2529 3305 2582 Nam
3333 2526 3395 2581 in
3422 2526 3641 2598 princi-

1979 2614 2103 2687 pio,
2134 2613 2382 2687 quando
2411 2613 2642 2670 homini
2684 2612 2922 2669 licentia
2958 2613 3102 2669 data
3149 2618 3237 2669 est
3274 2630 3311 2670 a
3353 2617 3473 2683 Deo
3515 2630 3640 2670 car-

1980 2720 2118 2759 nem
2169 2702 2599 2769 manducandi,
2664 2701 3021 2772 sanguinem
3077 2702 3457 2777 interdictum
3499 2702 3639 2774 legi-

1980 2810 2137 2848 mus.
2167 2793 2263 2848 Ait
2289 2792 2449 2861 enim
2482 2791 2771 2848 Dominus
2794 2791 2874 2847 ad
2904 2795 3023 2847 Noe
3052 2796 3109 2847 et
3135 2791 3290 2847 ﬁlios
3310 2792 3441 2863 ejus
3467 2809 3480 2847 :
3506 2793 3637 2849 0m-

1910 2900 1952 2959 ς
1981 2896 2056 2937 ne
2084 2882 2243 2951 quod
2272 2886 2543 2936 movetur
2571 2885 2625 2935 et
2656 2882 2822 2946 vivit,
2856 2880 2969 2935 erit
3007 2880 3169 2935 vobis
3196 2881 3261 2933 in
3291 2879 3507 2948 cibum,
3538 2895 3638 2937 ea:-

1978 2978 2147 3045 cepto
2171 2972 2326 3043 quod
2363 2985 2605 3027 carnem
2644 2985 2777 3026 cum
2808 2970 3099 3040 sanguine
3142 2984 3262 3025 non
3303 2971 3635 3027 comedetis.

1978 3060 2347 3132 Sanguinem
2375 3060 2533 3116 enim
2585 3060 2929 3116 animarum
2975 3063 3312 3115 vestrarum
3340 3059 3659 3130 requiram

1980 3151 2054 3207 de
2081 3166 2268 3207 manu
2298 3156 2659 3206 cunctarum
2691 3149 3013 3205 bestiarum
3045 3153 3100 3205 et
3142 3149 3216 3204 de
3242 3163 3427 3233 manu
3458 3148 3646 3204 homi-

1981 3241 2073 3295 nis
2101 3239 2251 3305 (Gen
2280 3239 2379 3310 lx).
2428 3236 2603 3304 Quod
2631 3253 2754 3294 non
2793 3236 2992 3293 solum
3032 3236 3097 3292 in
3137 3236 3268 3306 lege
3315 3236 3497 3293 veteri
3542 3253 3648 3293 sas~

1980 3327 2226 3400 pissime
2282 3326 2606 3396 inhibetur,
2653 3342 2866 3382 verum
2910 3325 3090 3382 etiam
3134 3324 3195 3380 in
3238 3328 3404 3381 Novo
3450 3328 3647 3381 Testa-

1981 3422 2187 3472 mento
2240 3415 2497 3488 apostoli
2552 3414 2868 3486 primitivre
2916 3413 3188 3468 Ecclesiae
3236 3429 3311 3468 ex
3368 3413 3645 3482 gentibus

1982 3506 2097 3561 sub
2126 3520 2355 3575 magna
2377 3501 2803 3559 deliberatione
2824 3500 3095 3555 scribunt
3124 3504 3188 3554 ut
3216 3499 3555 3555 abstineant
3582 3517 3644 3556 se

1982 3610 2020 3649 a
2049 3589 2663 3649 contaminationibus
2693 3587 3154 3643 simulacrorum
3180 3592 3237 3641 et
3256 3586 3643 3642 fornicatione

1982 3686 2041 3738 et
2070 3679 2381 3736 suffocatis
2421 3683 2479 3734 et
2528 3676 2840 3746 sanguine.
2884 3674 3057 3741 Quod
3100 3688 3407 3747 exponens
3453 3674 3645 3730 Hiero-

1981 3785 2207 3841 nymus
2236 3766 2413 3823 dicit:
2450 3788 2475 3814 ‹‹
2504 3766 2683 3821 Juxta
2709 3764 2987 3831 litteram,
3011 3762 3224 3835 inquit,
3249 3761 3377 3817 hinc
3402 3777 3644 3835 precep-

1980 3862 2043 3914 ta
2098 3856 2463 3914 conveniunt
2517 3853 2685 3911 omni
2742 3853 3098 3922 Christiano,
3138 3856 3204 3907 ut
3258 3850 3642 3907 morticinum

1981 3964 2106 4004 non
2135 3946 2435 4017 comedat,
2469 3950 2594 4002 tam
2637 3943 2713 4000 de
2740 3942 2950 4000 avibus
2979 3958 3169 4016 quam
3197 3940 3272 3997 de
3300 3940 3639 4014 pecoribus,

1980 4054 2244 4112 quorum
2272 4050 2664 4108 nequaquam
2706 4033 2950 4103 sanguis
2998 4031 3228 4088 effusus
3277 4034 3386 4087 est.
3420 4055 3448 4080 ››
3499 4032 3641 4098 Quae

1980 4126 2319 4184 necessario
2350 4123 2732 4180 observanda
2762 4121 3175 4195 apostolorum
3200 4121 3275 4178 de
3315 4119 3643 4177 Jerusalem

1910 4250 1955 4305 Β
1983 4217 2169 4273 missa
2193 4213 2445 4305 epistola
2475 4213 2859 4305 monetgct.
2889 4213 3008 4305 xv).
3041 4213 3109 4267 Et
3149 4215 3396 4305 captum
3416 4226 3473 4305 _a
3512 4209 3647 4266 bes-

1985 4307 2086 4378 tia,
2117 4305 2263 4378 quia
2290 4311 2347 4360 et
2374 4303 2575 4376 ipsum
2600 4302 2865 4359 similiter
2884 4302 3245 4357 suffocatum
3274 4303 3381 4354 est.
3416 4301 3482 4354 Et
3507 4314 3643 4355 san-

1983 4397 2185 4468 guine,
2215 4395 2279 4451 id
2315 4398 2407 4450 est
2430 4409 2553 4449 non
2604 4389 3035 4449 manducando
3090 4388 3268 4459 350
3316 4402 3458 4442 cum
3502 4401 3643 4441 san-

1982 4485 2184 4556 guine.
2232 4482 2289 4541 Si
2341 4498 2484 4553 ergo
2540 4481 2615 4536 de
2673 4478 2874 4551 gentili
2923 4477 3045 4533 vita
3102 4472 3475 4531 venientibus
3532 4489 3643 4545 pro

1981 4574 2127 4648 ipsis
2160 4573 2299 4629 ﬁdei
2343 4570 2696 4627 rudimentis
2739 4572 2796 4624 et
2835 4567 3161 4623 inveterata
3208 4560 3643 4619 consuetudine

1981 4662 2322 4736 gentilitatis
2352 4663 2499 4727 haec,
2533 4657 2709 4732 quasi
2738 4657 2851 4713 sibi
2881 4655 2961 4712 ad
2996 4653 3251 4710 salutem
3282 4650 3641 4723 sufﬁcerent,

1983 4756 2205 4827 scripta
2230 4755 2387 4818 sunt,
2416 4749 2551 4823 quis
2581 4752 2984 4817 transgressor
3012 4743 3163 4812 haec,
3189 4740 3365 4814 quasi
3406 4739 3519 4797 sibi
3564 4740 3643 4798 ad

1982 4844 2235 4901 salutem
2266 4840 2622 4909 sufﬁcerent,
2650 4836 2869 4908 scripta
2895 4837 3055 4904 sunt,
3083 4831 3219 4905 quis
3241 4835 3647 4901 transgressor

1982 4932 2110 4988 hazc
2154 4927 2566 5003 parvipendat.
2623 4923 2811 4981 Simul
2854 4925 2911 4978 et
2952 4922 3068 4978 hoc
3111 4917 3640 4988 considerandum,

1982 5020 2150 5094 quod
2195 5016 2543 5075 idololatriae
2601 5018 2659 5069 et
2714 5010 3089 5069 fornicationi
3160 5008 3521 5065 suffocatum
3590 5012 3650 5065 et

1984 5109 2229 5179 sanguis
2262 5107 2687 5178 arquiparatur.
2723 5100 2887 5157 Unde
2929 5099 3213 5155 omnibus
3257 5096 3646 5154 annuntietur

1984 5205 2279 5272 quantum
2354 5193 2662 5267 piaculum
2729 5191 2801 5246 sit
2840 5190 3232 5259 sanguinem
3306 5186 3644 5253 comedere,

1984 5289 2148 5362 quod
2198 5285 2370 5341 idolis
2417 5287 2474 5338 et
2524 5280 2896 5337 fornicationi
2946 5282 3351 5353 comparatur.
3398 5277 3452 5333 Si
3508 5274 3645 5347 quis

1987 5379 2113 5434 haec
2178 5373 2485 5432 Dominica
2538 5376 2595 5428 et
2646 5369 2976 5444 apostolica
3029 5371 3330 5443 praecepta
3386 5364 3644 5421 violave-

2064 5556 2206 5629 (325)
2248 5554 2388 5611 Vide
2416 5553 2827 5620 Hincmarum,
2858 5555 3003 5607 tom.
3036 5552 3079 5605 Ι.
3111 5561 3251 5620 pag.
3283 5548 3407 5601 656.
