3980 6182
346 105 449 166 3814

1480 101 1853 158 ΒΕϐΙΝΟΝΙδ
1884 90 2299 156 ΡΒΠΠΙΕΝΒΙΒ
2328 98 2630 157 ΑΒΒΑΤΙΞ

3668 101 3773 155 350

344 215 438 284 rit,
471 230 507 270 a
546 213 971 276 communione
1013 209 1414 275 ecclesiastica
1457 206 1865 281 suspendatur
1910 221 2005 260 us-
2031 206 2078 259 Α
2116 205 2284 274 dum,
2323 207 2486 265 velut
2527 211 2836 264 necatores
2868 221 3227 279 pauperum,
3282 220 3604 278 quousque
3642 204 3774 260 red'

346 320 465 377 que
495 303 678 373 digne
702 302 1010 375 poeniteat.
1108 358 1113 362 _

380 394 469 449 De
510 390 1005 448 discordantibus.
1038 389 1134 445 Ea:
1172 389 1426 445 concilio
1478 384 1968 456 Carthaginensi.

419 480 772 538 CCCLXXV.
823 479 1074 548 (Concil.
1124 478 1415 548 Carthag.
1458 492 1513 531 1v
1558 493 1609 530 c.
1644 480 1761 542 93;
1810 473 2007 528 Haur-

350 576 483 626 αλιι.
514 569 618 625 lib.
650 585 725 637 1v,
758 584 808 623 c.
838 572 898 624 31
936 586 949 633 ;
990 569 1322 623 Buacasnn.
1351 565 1455 622 lib.
1489 582 1543 636 v,
1575 581 1628 621 c.
1679 564 1788 635 38.)
1830 561 2007 619 Obla-

347 659 536 714 tiones
567 656 986 714 dissidentium
1015 656 1268 713 fratrum
1296 671 1492 727 neque
1522 653 1582 710 in
1613 652 1875 710 sacrario
1903 667 2007 708 ne-

346 761 463 819 que
482 745 546 802 in
573 746 1007 819 gazophylacio
1037 746 1420 818 recipiantur.

565 837 646 891 De
673 837 877 893 eadem
906 851 990 892 re.
1035 840 1118 892 Ea:
1146 836 1396 891 concilio
1439 833 1791 905 Agathensi.

416 924 781 981 CCCLXXVI.
811 925 1014 995 (Cone.
1040 924 1263 996 Agath,
1288 940 1340 979 c.
1369 927 1427 979 3i
1462 941 1474 990 ;
1506 925 1840 988 ﬂammam,
1864 918 2007 974 ibid.

350 1027 403 1066 c.
438 1016 544 1078 32;
577 1015 906 1068 Buacasao.
940 1012 1043 1069 lib.
1076 1030 1135 1081 x,
1168 1029 1218 1068 c.
1253 1012 1366 1081 61.)
1399 1010 1625 1066 Placuit
1673 1008 1872 1073 etiam,
1922 1011 2006 1073 ut,

350 1100 502 1158 sicut
528 1101 882 1174 plerumque
919 1102 1004 1169 ﬁt,
1040 1106 1103 1157 ut
1143 1101 1489 1174 quicunque
1540 1098 1679 1155 odio
1731 1102 1834 1156 aut
1884 1096 2012 1151 lon-

348 1188 578 1261 ginqua
603 1189 756 1245 inter
784 1205 850 1246 se
877 1189 975 1246 lite
1004 1189 1427 1257 discesserunt,
1458 1192 1516 1244 et
1544 1187 1619 1243 ad
1662 1201 1876 1259 pacem
1921 1200 2009 1240 re-

347 1277 551 1333 vocari
596 1277 881 1334 diuturna
928 1278 1253 1335 intentione
1310 1278 1728 1351 nequiverunt,
1778 1276 1854 1332 de
1904 1278 2009 1329 Ec-

347 1364 541 1420 clesiae
598 1370 752 1421 coetu
813 1366 1145 1436 justissima
1204 1365 1828 1423 excommunicatione
1882 1362 2009 1435 pel-

346 1452 548 1510 lantur
580 1454 747 1525 (326).

695 1564 782 1619 De
801 1564 1005 1619 eadem
1035 1578 1101 1618 re
1121 1578 1191 1618 ea;
1220 1563 1395 1617 dictis
1426 1561 1664 1617 Isidori.

421 1669 825 1727 CCCLXXVII.
858 1670 1214 1741 (Bvacmo.
1247 1669 1352 1726 lib.
1401 1687 1460 1739 χ,
1492 1686 1545 1725 c.
1598 1668 1707 1737 57.)
1760 1666 1816 1721 Si
1872 1660 2009 1737 quis

349 1759 582 1815 discors
612 1764 671 1815 et
696 1759 935 1831 litigans
955 1764 1013 1816 et
1030 1776 1137 1832 per
1156 1759 1365 1815 odium
1389 1758 1684 1814 dissidens
1705 1754 2006 1823 exstiterit,

348 1858 668 1921 quousque
689 1849 768 1904 ad
798 1849 1184 1906 concordiam
1205 1848 1429 1913 redeat,
1450 1863 1487 1904 a
1510 1849 1811 1903 conventu
1834 1849 1890 1901 et
1921 1861 2013 1900 so.

349 1937 553 1995 cietate
575 1936 868 2005 Ecclesiae,
892 1942 957 1994 ut
976 1950 1238 1995 canones
1257 1937 1492 2009 jubent,
1515 1936 1746 1992 alienus
1776 1934 2005 1991 existat.

858 2028 1030 2101 351
1069 2031 1152 2085 De
1179 2029 1381 2085 eadem
1410 2044 1495 2083 re.

420 2114 850 2171 CCCLXXVIII.
884 2117 1230 2187 (BURCHARD.
1285 2116 1390 2172 lib.
1421 2132 1479 2187 Χ,
1533 2132 1583 2170 c.
1617 2115 1729 2185 58.)
1776 2113 1832 2170 Si
1873 2111 2009 2186 quis

349 2203 489 2260 odio
533 2200 766 2261 habens
800 2196 1086 2279 aliquem,
1116 2194 1197 2262 ad
1240 2220 1455 2278 pacem
1498 2220 1622 2261 non
1678 2205 2010 2271 revertitur,

351 2293 504 2350 sicut
537 2294 725 2351 sancti
761 2286 963 2351 Patres
996 2299 1349 2359 statuerunt,
1368 2290 1428 2349 in
1456 2310 1615 2366 pane
1645 2289 1702 2348 et
1730 2309 1891 2365 aqua
1920 2308 2015 2347 ex-

350 2382 850 2451 communicetur,
882 2384 940 2441 et
967 2383 1044 2440 ab
1074 2378 1335 2441 Ecclesia
1366 2386 1694 2456 separetur.

492 2471 578 2528 De
606 2472 808 2528 eadem
843 2486 927 2529 re.
959 2474 1057 2529 Em
1086 2474 1339 2530 concilio
1385 2471 1862 2543 Carthaginensi.

417 2558 808 2618 CCCLXXIX.
866 2561 1114 2633 (Concil.
1168 2563 1418 2633 Cartag.
1467 2570 1543 2627 iv,
1596 2575 1650 2615 c.
1693 2564 1764 2616 25
1806 2577 1820 2625 ;
1873 2561 2013 2613 Both

349 2662 560 2704 cnseo.
590 2645 693 2705 lib.
727 2665 766 2717 ι,
795 2665 846 2704 c.
881 2651 996 2722 62.)
1044 2649 1404 2705 Dissidentes
1436 2648 1773 2721 episcopos,
1810 2646 1860 2702 si
1889 2654 2011 2701 non

349 2738 527 2795 tinior
559 2734 679 2806 Dei,
712 2737 984 2811 synodus
1010 2738 1370 2795 reeonciliet.

778 2826 862 2882 De
888 2827 1093 2883 eadem
1118 2840 1201 2883 re.
1233 2826 1332 2883 Ex
1362 2826 1580 2882 eodem.

2111 294 2277 364 dant,
2309 296 2388 353 ab
2417 296 2682 353 ecclesiis
2705 294 3126 352 excludantur.

2772 399 2873 455 Ea:
2901 399 3122 455 eodem.
3202 450 3207 453 κ

2184 487 2549 544 CCCLXXXV.
2583 488 2784 560 (Cone.
2831 488 3082 559 Agath.,
3114 503 3165 542 c.
3200 486 3310 557 26).
3359 484 3417 543 Si
3444 485 3582 557 quis
3610 484 3775 541 cleri‘

2114 591 2220 630 cus
2247 575 2542 633 damnum
2581 577 2843 633 ecclesias
2890 576 3222 632 voluntarie
3274 575 3495 642 fecerit,
3530 573 3607 629 de
3638 588 3774 646 pro.

2116 663 2258 736 priis
2286 666 2672 722 facultatibus
2701 665 2933 735 reddat,
2951 670 3007 721 et
3040 664 3467 721 communione
3488 664 3774 737 privetur.

2752 769 2841 823 De
2863 768 3133 823 mortuis.

2187 857 2579 913 CCCLXXXVI.
2630 856 2686 912 Si
2714 856 2852 928 quis
2895 868 3075 928 super
3122 858 3422 911 mortuum
3464 846 3776 910 nocturnis

2114 944 2278 999 horis
2308 944 2575 1000 carmina
2626 943 2925 1000 diabolica
2972 943 3320 1012 cantavcrit,
3352 947 3462 999 etc.
3524 941 3777 1014 nequire

2115 1034 2176 1089 in
2206 1032 2404 1105 primo
2438 1032 2660 1105 libello,
2693 1044 2829 1106 cap.
2861 1036 2984 1089 383.

2704 1151 2771 1191 DE
2810 1148 3162 1192 ΕΟΜΜΠΝῙΟΝΕ
3172 1178 3183 1189 .

2127 1237 2198 1292 Ut
2219 1237 2543 1304 praecipua:
2559 1235 2917 1304 festivitates
2934 1236 2996 1290 in
3021 1232 3359 1289 civitatibus
3382 1228 3776 1289 celebrentur.

2564 1304 2660 1361 Ex
2688 1305 2941 1361 concilio
2969 1304 3321 1375 Agathensi.

2193 1394 2606 1451 CCCLXXXVII.
2649 1392 2846 1465 (Cone.
2897 1394 3148 1465 Agath.,
3196 1409 3246 1449 c.
3293 1391 3397 1459 18;
3448 1392 3773 1447 BIIRCBARD.

2117 1478 2221 1539 lib.
2250 1494 2309 1555 v,
2342 1495 2392 1540 c.
2440 1484 2550 1555 23).
2590 1482 2916 1540 Saeculares
2957 1494 3101 1538 vero
3144 1480 3248 1554 qui
3286 1479 3489 1538 Natale
3523 1479 3773 1545 Domini,

2037 1553 2083 1606 Β
2119 1553 2363 1641 PaScha,
2413 1573 2469 1629 et
2497 1553 2883 1629 Pentecosten
2914 1584 3043 1627 non
3082 1553 3257 1643 353
3291 1567 3775 1626 communicave-

2117 1662 2252 1729 rint,
2292 1660 2564 1718 catholici
2614 1672 2737 1717 non
2764 1659 3104 1731 credantur,
3136 1672 3246 1715 nec
3274 1658 3425 1715 inter
3455 1655 3778 1714 catholicos

2118 1750 2474 1806 habeantur.
2509 1750 2761 1822 Require
2786 1749 2847 1805 in
2878 1749 3075 1821 primo
3103 1747 3324 1815 libello,
3358 1763 3490 1820 cap.
3524 1748 3612 1803 93.

2295 1846 2381 1904 De
2406 1847 2606 1904 eadem
2634 1862 2716 1903 νε.
2744 1847 2842 1903 Ea:
2871 1844 3121 1902 concilio
3148 1840 3593 1901 Aurelianensi.

2192 1934 2632 1994 CCCLXXXVIII.
2697 1934 2946 2005 (Concil.
3002 1935 3319 1991 Aurelian.
3348 1950 3388 2003 1,
3446 1950 3500 1989 c.
3545 1932 3656 2002 '25).
3712 1930 3783 1987 Ut

2119 2025 2269 2081 nulli
2327 2023 2546 2081 civium
2594 2025 2856 2090 Paschae,
2891 2020 3112 2079 Natalis
3164 2020 3419 2091 Domini,
3450 2020 3545 2077 vel
3572 2023 3780 2076 Pente-

2120 2119 2324 2172 costen
2378 2114 2764 2171 solennitates
2813 2113 2987 2170 liceat
3018 2110 3080 2168 in
3110 2109 3248 2168 villa
3294 2111 3615 2173 celebrare.
3665 2107 3787 2165 nisi

2118 2220 2301 2278 quem
2326 2203 2645 2260 inﬁrmitas
2675 2203 3030 2276 probabitur
3057 2201 3341 2259 tenuisse.

2331 2305 2418 2359 De
2447 2303 2649 2359 eadem
2686 2318 2768 2358 νε.
2802 2302 2895 2355 Ea:
2925 2298 3176 2357 concilio
3204 2297 3557 2371 Agatkensi.

2193 2387 2585 2449 CCCLXXXIX.
2622 2396 2640 2459 (
2674 2391 2853 2447 Cone.
2882 2386 3133 2462 Agath.,
3161 2406 3211 2445 c.
3239 2389 3356 2461 B3).
3391 2390 3462 2444 Ut
3489 2384 3644 2443 cives
3672 2388 3783 2459 qui

2116 2475 2382 2552 Paschas,
2416 2478 2635 2536 Natalis
2666 2478 2923 2550 Domini,
2956 2470 3045 2535 vel
3076 2478 3457 2534 Pentecosten
3496 2472 3783 2532 festivita-

2122 2566 2280 2624 tibus
2310 2567 2612 2641 episcopis
2644 2564 2928 2623 interesse
2964 2566 3332 2637 neglexerint
3360 2564 3423 2621 in
3442 2560 3785 2622 civitatibus

2122 2656 2247 2712 suis
2304 2655 2669 2730 accipiendas
2717 2655 3162 2712 communionis
3210 2655 3305 2711 vel
3348 2652 3787 2711 benedictionis

2121 2746 2329 2816 gratia,
2356 2746 2461 2819 qui
2488 2746 2604 2802 hoc
2632 2743 3020 2816 neglexerint,
3052 2743 3308 2801 triennio
3349 2738 3785 2800 communione

2119 2834 2327 2907 priven
2336 2832 2450 2891 tur.

423 2912 1039 3015 CCCLXXXiC‘oncit
1054 2914 1314 3015 lcl’a‘rtag.
1340 2928 1419 3015 ξν,
1444 2930 1501 3015 ὀς
1530 2916 1647 3015 2⁸μῖ
1680 2915 2009 3015 ΒΠἾΩΗῘΕῙῨ
2037 2901 2082 2958 C
2122 2901 2232 2991 -De
2251 2930 2491 2991 decanis
2508 2948 2622 3003 per
2641 2930 2986 3015 pararemus
3015 2930 3339 3015 mittendis.
3372 2928 3466 2997 Ea:
3489 2927 3752 2986 concilio

350 3001 452 3058 lib.
487 3014 526 3071 ι,
557 3016 609 3057 c.
649 3001 791 3067 101.)
846 3001 1220 3058 Studendum
1274 3006 1362 3058 est
1400 3002 1687 3075 episcopo
1734 3006 1801 3058 ut
1844 3000 2014 3056 dissi-

350 3090 561 3147 dentes
613 3090 845 3161 fratres,
891 3089 1009 3147 sive
1060 3091 1324 3160 clericos,
1356 3092 1476 3147 sive
1526 3090 1732 3161 laicus,
1778 3091 1856 3148 ad
1903 3104 2011 3164 pa-

350 3192 481 3237 cem
507 3179 702 3250 magis
731 3192 919 3252 quam
946 3179 1025 3237 ad
1050 3180 1346 3251 judicium
1374 3181 1661 3238 hortetur.

715 3268 801 3324 De
829 3269 941 3324 Dei
956 3269 1192 3338 judicio
1229 3270 1643 3326 subvertenda.

422 3355 812 3415 CCCLXXXI.
858 3359 1209 3425 (Buncnmn.
1239 3357 1342 3413 lib.
1377 3375 1436 3413 x.
1468 3373 1519 3414 c.
1550 3357 1662 3429 25.)
1694 3357 1752 3413 Si
1799 3356 2015 3429 aliquis

348 3446 679 3504 manducet
702 3449 758 3502 et
783 3445 933 3502 bibit
959 3449 1063 3502 aut
1088 3448 1287 3520 portat
1305 3459 1485 3520 super
1511 3460 1573 3503 se
1603 3446 1763 3503 unde
1794 3446 2017 3503 exsisti-

348 3540 477 3594 mat
534 3535 637 3592 Dei
683 3535 977 3607 judicium
1031 3540 1368 3609 pervertere
1420 3549 1619 3609 posse,
1675 3540 1732 3592 et
1799 3535 2015 3591 exinde

348 3624 781 3699 comprobatus
824 3624 1019 3695 fuerit,
1051 3624 1267 3681 eadem
1299 3626 1595 3682 sentcntia
1621 3625 1866 3682 feriatur
1890 3639 2016 3698 qua

346 3714 514 3786 magi
566 3719 626 3771 et
651 3713 864 3773 harioli
894 3720 950 3771 et
1002 3714 1404 3772 incantatores
1452 3715 1760 3783 feriuntur,
1794 3714 2015 3772 scilicet

350 3805 576 3877 septem
609 3807 713 3860 aut
748 3803 1015 3877 quinque
1046 3818 1344 3860 annorum
1396 3805 1747 3876 paenitentia
1786 3804 2012 3877 plecte.

349 3894 447 3950 tur
474 3894 640 3964 (327).

349 3998 437 4055 De
456 3994 856 4055 oblationibus
878 3998 1320 4069 defunctorum.
1344 4000 1441 4056 Εω
1461 3999 1714 4056 concilio
1751 3998 2009 4056 Vasensi.

421 4103 835 4161 CCCLXXXII.
873 4106 1122 4175 \Concit.
1172 4106 1324 4178 Vas.,
1351 4123 1404 4163 c.
1431 4102 1511 4179 4.)
1545 4106 1610 4162 Hi
1634 4105 1739 4179 qui
1761 4104 2014 4163 oblatio-

348 4211 458 4252 nes
487 4193 906 4251 defunctorum
935 4194 1206 4266 retinent,
1239 4200 1295 4251 et
1323 4194 1586 4251 ecclesiis
1628 4195 1860 4253 tradere
1887 4213 2014 4253 mo—

350 4287 576 4353 rantur,
607 4286 672 4341 ut
699 4283 969 4340 inﬁdeles
998 4283 1079 4341 ab
1108 4283 1357 4342 ecclesia
1385 4285 1715 4358 ejiciantur.

1016 4391 1107 4447 Εω
1128 4391 1347 4448 eodem.

418 4498 863 4556 CCCLXXXI".
901 4499 957 4555 Si
992 4499 1103 4572 qui
1142 4498 1481 4556 oblationes
1532 4499 1710 4571 352
1753 4499 2014 4556 aliorum

348 4586 653 4656 fraudant,
681 4587 1052 4643 admonendi
1084 4591 1223 4643 sunt
1250 4590 1313 4642 ut
1354 4587 1615 4643 reddant
1640 4587 1807 4658 quod
1851 4587 2013 4642 frau-

347 4674 620 4732 dulenter
661 4674 1054 4733 abstulerunt.
1103 4676 1161 4732 Si
1210 4691 1351 4732 vero
1397 4675 1645 4733 reddere
1696 4675 2014 4744 noluerint,

349 4781 669 4840 usquequo
688 4762 967 4838 reddant,
992 4760 1143 4822 sicut
1171 4770 1375 4824 sancta
1396 4766 1669 4839 synodus
1688 4765 2015 4836 constituit,

351 4855 431 4913 ab
461 4856 737 4915 Ecclesise
766 4861 1118 4931 separentur
1143 4857 1465 4914 consortio.

806 4966 900 5020 Ea:
930 4967 1181 5023 concilio
1207 4967 1558 5038 Agathensi.

423 5066 813 5128 CCCLXXXIV.
830 5072 1255 5145 Cant-.Agath,
1271 5090 1322 5128 c.
1347 5077 1403 5128 iv
1433 5077 1446 5125 ε
1474 5072 1801 5130 Buaeman.
1822 5068 2016 5143 liban,

349 5175 403 5216 c.
451 5158 592 5232 140.)
634 5158 839 5217 Clerici
887 5162 1068 5218 etiam
1108 5160 1204 5218 vel
1257 5160 1593 5227 saeculares,
1623 5161 1728 5235 qui
1771 5159 2019 5217 oblatio-

350 5262 459 5304 nes
488 5252 808 5321 parentum
829 5254 932 5305 aut
958 5249 1213 5307 donotas
1239 5255 1343 5309 aut
1378 5253 1730 5308 testamento
1778 5247 2015 5325 relictas

349 5334 604 5393 retinere
628 5338 1145 5411 praesumpserint,
1181 5343 1283 5395 aut
1322 5336 1385 5394 id
1412 5338 1578 5413 quod
1606 5339 1723 5413 ipsi
1748 5337 2013 5395 donave-

348 5425 486 5497 rint,
518 5425 781 5483 ecclesiis
828 5429 933 5482 aut
960 5426 1335 5483 monasteriis
1361 5427 1719 5485 crediderint
1746 5427 2016 5487 auferen-

430 5536 585 5608 (326)
616 5534 757 5591 Vide
785 5549 972 5607 supra
998 5531 1134 5591 libri
1161 5550 1200 5603 1,
1232 5550 1363 5607 cap.
1395 5536 1484 5591 61.

2708 3003 3195 3074 Rothomagensi.

2195 3092 2433 3151 CCCXC.
2470 3094 2809 3162 )Buacman.
2845 3091 2949 3147 lib.
3002 3107 3066 3159 ιι,
3113 3107 3164 3147 e.
3198 3095 3348 3156 239).
3408 3084 3481 3146 Ut
3516 3082 3790 3164 populus

2123 3182 2523 3238 admoneatur
2587 3184 2655 3235 ut
2708 3178 2769 3235 in
2828 3176 3149 3235 Dominicis
3221 3183 3295 3251 et
3343 3176 3508 3234 festis
3565 3176 3789 3233 diebus

2119 3284 2331 3328 omnes
2385 3270 2461 3326 ad
2515 3282 2799 3342 vesperas
2852 3273 2908 3324 et
2949 3273 3276 3325 nocturnas
3325 3266 3560 3338 vigilias
3614 3269 3675 3322 et
3706 3266 3789 3324 ad

2119 3360 2369 3415 missam
2424 3357 2786 3415 omnimodis
2838 3362 3174 3415 occurrant.
3223 3358 3291 3413 Et
3340 3359 3406 3414 ut
3454 3354 3669 3412 decani
3724 3355 3787 3411 in

2121 3448 2460 3505 civitatibus
2516 3452 2573 3504 et
2634 3448 2697 3503 in
2750 3447 2898 3503 vicis
2954 3447 3211 3521 publicis
3266 3446 3377 3504 viri
3426 3460 3671 3502 veraces
3731 3448 3788 3500 et

2122 3541 2309 3595 Deum
2340 3538 2615 3594 timentes
2653 3536 3112 3607 constituantur,
3145 3536 3249 3610 qui
3275 3532 3511 3592 desides
3558 3538 3616 3591 et
3672 3548 3785 3591 ne-

2120 3626 2409 3698 gligentes
2440 3629 2866 3683 commoneant
2891 3630 2954 3683 ut
2981 3623 3060 3682 ad
3080 3624 3181 3682 Dei
3212 3624 3516 3682 servitium
3546 3622 3787 3697 absque

2122 3715 2440 3773 occasione
2464 3718 2804 3789 preperent.
2832 3718 2901 3772 Et
2927 3718 2992 3772 ut
3018 3714 3134 3787 ipsi
3159 3713 3371 3771 decani
3400 3716 3786 3771 sacramento

2120 3801 2526 3877 astringantur
2563 3810 2629 3861 ut
2654 3803 2822 3861 nulla
2868 3802 3295 3861 interveniente
3325 3816 3528 3871 causa,
3560 3799 3789 3858 scilicet

2120 3898 2227 3951 aut
2275 3893 2516 3957 amoris,
2551 3898 2654 3951 aut
2698 3891 2949 3966 timoris,
2990 3896 3094 3949 aut
3135 3891 3623 3967 propinquitatis,
3681 3892 3788 3947 aut

2120 3984 2408 4055 muneris,
2440 3978 2810 4055 negligentes
2847 3987 2903 4040 et
2948 3988 3442 4055 transgressores,
3473 3981 3785 4050 reticeam,

2119 4074 2268 4148 quin
2313 4073 2724 4131 sacerdotibus
2754 4074 3030 4147 proprias
3056 4088 3266 4130 eorum
3320 4070 3530 4145 culpas
3584 4068 3785 4127 mani-

2120 4164 2349 4220 festent.
2411 4162 2800 4222 Sacerdotum
2854 4167 3056 4220 autem
3109 4162 3218 4220 erit
3270 4163 3350 4220 ita
3399 4176 3612 4219 eorum
3639 4160 3790 4218 vitia

2034 4254 2080 4308 ι)
2120 4253 2242 4310 zelo
2294 4256 2351 4310 et
2407 4267 2612 4310 amore
2659 4252 2864 4310 divino
2916 4251 3095 4326 355
3150 4266 3290 4310 cum
3344 4251 3548 4309 debita
3602 4248 3788 4307 disci-

2120 4342 2289 4415 plina
2338 4343 2632 4413 corrigere
2690 4342 2840 4399 sicut
2905 4340 3019 4416 ipsi
3076 4343 3289 4399 nolunt
3358 4352 3468 4415 pro
3522 4338 3790 4397 aliorum

2120 4431 2415 4489 erratibus
2472 4431 2826 4489 sententiam
2889 4432 3063 4504 justas
3121 4428 3530 4489 damnationis
3591 4429 3791 4486 susci-

2118 4533 2280 4594 pere.
2338 4523 2405 4578 Et
2431 4526 2498 4577 ut
2521 4521 2649 4577 dies
2679 4520 2811 4577 festi
2840 4522 2920 4578 ad
2946 4534 3197 4595 vespera
3227 4534 3419 4593 usque
3452 4521 3533 4577 ad
3568 4532 3792 4593 vespe-

2117 4624 2251 4667 ram
2283 4609 2514 4684 absque
2542 4624 2722 4685 opere
2751 4611 2945 4667 servili
2976 4624 3111 4666 cum
3143 4606 3344 4667 debito
3372 4608 3603 4689 honore
3633 4607 3796 4666 cele~

2118 4699 2389 4758 brentur.

2298 4805 2386 4860 De
2409 4802 2955 4861 excommunicatis.
2975 4800 3075 4859 Ex
3105 4800 3279 4859 dictis
3311 4798 3601 4866 Cassiani.

2196 4893 2456 4949 CCCXC].
2509 4892 2566 4949 Si
2614 4892 2750 4965 quis
2793 4895 2995 4948 autem
3036 4907 3146 4965 pro
3204 4891 3384 4964 culpa
3442 4907 3556 4948 sua
3610 4889 3801 4947 fuerit

2124 4980 2202 5037 ab
2231 4981 2499 5036 oratione
2527 4992 2878 5054 suspensus,
2910 4978 3112 5036 nullus
3144 4996 3285 5037 cum
3331 4990 3404 5036 eo
3435 4979 3652 5036 orandi
3687 4985 3804 5037 aut

2122 5067 2416 5142 loquendi
2442 5068 2668 5126 habeat
2723 5066 3025 5126 licentiam
3075 5073 3402 5143 antequam
3435 5067 3806 5126 reconcilie-

2120 5162 2237 5215 tur.
2288 5160 2437 5215 Nam
2465 5157 2572 5233 qui
2600 5174 2663 5215 se
2706 5156 2963 5215 orationi
2991 5157 3086 5215 vel
3112 5155 3600 5216 confabulatione
3630 5160 3808 5230 ejus,

2122 5252 2449 5322 antequam
2479 5263 2515 5305 a
2558 5247 2756 5321 priore
2786 5247 3124 5320 recipiatur,
3164 5246 3619 5305 inconsiderata
3672 5248 3816 5322 pie-

2120 5340 2238 5394 tate
2306 5337 2534 5393 sociare
2599 5337 3068 5409 praesumpserit,
3123 5336 3393 5393 similiter
3461 5337 3817 5393 damnatus

2121 5425 2298 5483 efficit
2317 5441 2406 5482 ur.

2195 5534 2338 5605 (327)
2371 5533 2509 5591 Vide
2537 5532 2640 5591 lib.
2672 5550 2737 5591 iu
2775 5534 2999 5605 Legum
3032 5532 3593 5606 Longobardorum.
