4046 6190
234 136 326 193 357
1154 133 1248 187 ne
1294 130 1599 190 ECCLES.
1644 124 1933 186 015cm.
1977 106 2161 181 LIBRI
2198 112 2367 184 nuo.
2407 156 2477 168 --
2516 126 2648 185 LIB.
2692 128 2760 185 ιι.

535 256 623 316 De
655 256 853 315 eadem
884 268 963 313 re.
1000 254 1272 311 Isidorus
1304 258 1374 308 ut
1405 257 1635 324 supra.

298 350 593 407 CCCXC".
638 347 889 421 (Regula.
936 346 992 402 S.
1026 344 1264 413 Isidom',
1315 359 1367 399 c.
1406 346 1527 413 i7;
1595 344 1919 401 BURCHARD.

231 436 327 493 lib.
358 452 442 505 xx,
478 452 531 493 c.
567 435 689 507 3t.)
737 439 884 493 Cum
913 431 1431 490 excommunicato
1482 444 1701 506 neque
1731 444 1919 499 orare,

236 539 424 599 neque
453 523 649 600 loqui,
682 536 880 599 neque
907 522 1061 579 vesci
1087 523 1368 595 cuiquam
1398 514 1589 578 licet.

875 628 1034 687 Unde
1060 643 1260 700 supra.

301 722 615 780 CCCXCIII.
657 722 1002 793 (Buacnsan.
1042 715 1140 774 lib.
1171 716 1271 773 lib.
1306 731 1342 783 ι,
1393 730 1448 769 c.
1494 719 1627 781 32.)
1677 719 1732 775 Si
1784 717 1919 792 quis

235 812 409 868 frater
435 816 541 867 aut
596 811 813 885 palam
866 811 967 865 aut
996 802 1282 863 absconse
1312 820 1453 860 cum
1498 808 1919 864 excommuni-

235 906 356 957 cato
385 900 566 957 fuerit
594 900 859 967 locutus,
890 913 1271 952 communem
1296 892 1511 950 statim
1550 914 1693 955 cum
1723 914 1793 955 eo
1823 914 1918 954 ex-

231 988 807 1046 communicationis
836 985 1126 1045 contrahit
1160 1001 1423 1059 premam.

337 1100 427 1154 De
458 1099 681 1155 eadem
713 1114 801 1155 re.
828 1099 927 1153 Ea:
954 1095 1129 1152 dictis
1159 1096 1491 1153 Fructuosi
1520 1099 1803 1168 episcopi.

286 1187 893 1257 CCCXCIV.(Reguta
916 1183 976 1240 S.
996 1185 1338 1254 Fructuosi,
1362 1200 1413 1240 c.
1442 1188 1513 1241 14
1544 1205 1556 1253 ;
1588 1189 1909 1243 ΒυιιειιΑιω.

217 1275 314 1332 lib.
350 1292 430 1342 ιι,
463 1292 517 1330 c.
554 1280 681 1342 33.)
731 1280 883 1332 Cum
906 1275 1431 1332 excommunicato
1460 1276 1670 1332 nullus
1700 1276 1912 1349 loqua-

222 1371 336 1435 tur,
366 1379 570 1437 neque
601 1364 890 1437 qualibet
925 1379 1064 1420 eum
1095 1365 1523 1438 compassione
1548 1366 1644 1422 vel
1668 1365 1914 1422 misera-

225 1453 381 1510 tione
424 1454 726 1524 refoveat,
762 1469 957 1526 neque
1001 1454 1080 1509 ad.
1129 1454 1672 1513 contradictionem
1699 1456 1792 1512 vel
1820 1471 1915 1511 su-

230 1542 497 1614 perbiam
528 1543 887 1600 confortare
917 1549 1265 1616 praesumat.

271 1650 445 1722 355
484 1653 568 1707 De
596 1649 816 1707 eadem
845 1662 927 1707 re.
960 1653 1059 1708 Ern
1086 1655 1302 1724 regula
1325 1656 1523 1711 sancti
1546 1654 1872 1712 Benedicti.

307 1739 593 1795 CCCXCV.
626 1741 887 1811 (Regula
915 1743 973 1796 S.
998 1742 1248 1811 Bened.,
1282 1758 1334 1797 c.
1366 1745 1476 1813 26.)
1507 1745 1563 1801 Si
1591 1743 1728 1817 quis
1748 1740 1912 1807 fratri

236 1824 770 1883 excommunicato
819 1827 1086 1899 quolibet
1137 1829 1323 1885 modo
1372 1847 1433 1887 se
1475 1830 1759 1902 junxerit,
1810 1835 1914 1887 aut

235 1914 599 1971 mandatum
647 1916 702 1970 ei
752 1916 1054 1985 direxerit,
1086 1918 1341 1975 similem
1374 1920 1651 1977 sortiatur
1679 1932 1914 1976 excom—

234 2003 665 2060 municationis
698 2004 1055 2063 vindictam.

1002 2114 1171 2170 Item.

308 2200 628 2260 CCCXCVI.
681 2198 960 2272 (Regula.
991 2202 1051 2257 δ’.
1084 2202 1334 2273 Bened.,
1369 2220 1419 2259 c.
1454 2206 1565 2275 25.)
1612 2209 1661 2260 ls
1712 2209 1913 2262 autem

231 2292 421 2348 frater
442 2289 543 2364 qui
578 2289 874 2361 gravioris
904 2290 1100 2364 culpae
1125 2306 1286 2349 noxa
1311 2296 1562 2365 tenetur,
1586 2294 1914 2367 suspenda-

234 2386 337 2438 tur
365 2396 402 2437 a
431 2396 645 2437 mensa
675 2379 852 2437 simul
881 2384 941 2437 et
970 2377 1049 2437 ab
1076 2381 1355 2439 oratorio.
1388 2383 1592 2439 Nullus
1621 2383 1674 2440 ei
1696 2383 1913 2455 junga-

234 2472 340 2528 tur
368 2468 431 2527 in
463 2468 785 2540 consortio,
818 2484 1020 2543 neque
1050 2469 1110 2527 in
1141 2470 1460 2545 colloquio.

442 2578 528 2635 De
556 2580 758 2636 eadem
790 2595 875 2635 re.
910 2576 1010 2634 Ea:
1038 2579 1290 2635 concilio
1320 2576 1712 2638 Antiocheno.

309 2664 671 2724 CCCXCVII.
719 2666 974 2738 (Concit.
1023 2665 1327 2737 Antioch.,
1378 2684 1430 2724 c.
1462 2672 1534 2737 2;
1583 2668 1909 2726 BURCHLRD.

232 2755 347 2812 lib.
398 2773 480 2822 χι,
522 2772 574 2810 c.
617 2756 731 2827 34.)
780 2753 930 2811 Cum
983 2752 1520 2813 excommunicatis
1566 2773 1691 2814 non
1738 2754 1914 2816 licere

231 2843 696 2902 communicare
722 2863 735 2912 ;
764 2860 876 2900 nec
907 2861 1049 2901 cum
1078 2842 1172 2899 his
1201 2845 1305 2917 qui
1331 2861 1438 2918 per
1465 2842 1681 2904 domos
1706 2864 1915 2905 conve-

3584 126 3691 190 θεὲ

1952 244 1997 305 Α
2034 247 2140 316 eis,
2174 258 2282 304 nec
2312 248 2374 304 in
2404 247 2521 307 alia
2550 251 2804 324 synodo,
2836 249 3220 309 restitutionis
3268 262 3440 329 spem
3469 258 3573 313 aut
3600 256 3688 314 lo-

2032 346 2171 394 ctim
2197 334 2418 395 habere
2450 338 2888 398 satisfactionis.

2029 446 2112 502 De
2140 449 2651 523 excommunicato
2681 451 2786 523 qui
2825 453 3266 523 communicare
3297 455 3685 523 presumpse.

2409 514 2504 575 Ex
2533 514 2785 575 concilio
2820 514 3301 592 Carthaginen'siL

2100 600 2367 662 ccccm.
2399 606 2548 680 (Lib.
2594 624 2626 664 ν
2662 606 3034 681 Capitular.,
3068 616 3118 667 c.
3158 613 3246 680 28,
3275 610 3333 669 et
3361 608 3580 683 addit.,
3610 618 3685 682 ιν,

2029 709 2078 749 c.
2106 697 2207 762 35;
2268 694 2600 751 Buncnmb.
2635 692 2737 753 lib.
2775 713 2811 764 ῐ,
2845 714 2895 754 c.
2936 698 3082 769 200.)
3127 700 3268 755 Item
3299 701 3525 772 placuit
3553 696 3686 758 unl-

2026 792 2199 838 verso
2241 783 2491 841 concilio
2538 788 2602 841 ut
2653 785 2756 858 qui
2795 784 3347 844 excommtmicatds
3378 784 3552 846 fuerit
3575 796 3687 863 pro

2028 882 2139 926 suo
2180 871 2453 942 neglectu
2503 873 2625 929 sive
2670 870 3010 947 episcopus,
3040 875 3190 931 sive
3234 870 3484 949 quilibet
3526 872 3689 933 cleri-

2024 975 2155 1028 cus,
2188 964 2243 1016 et
2275 960 2540 1033 tempore
2571 960 3211 1020 excommunicationis
3246 976 3367 1021 sua;
3411 970 3550 1021 ante
3580 976 3687 1020 au—

2023 1042 2312 1104 dientiam
2345 1049 2836 1106 communionem
2880 1050 3348 1125 preeSUmpserit,
3378 1053 3507 1127 ipse
3534 1054 3597 1108 in
3628 1056 3691 1105 se

2024 1134 2430 1193 damnationis
2461 1138 2753 1196 indicetur
2783 1138 3098 1213 protulisse
3127 1142 3505 1199 sententiam.

2025 1240 2198 1317 357
2243 1247 2307 1323 Si
2333 1247 2641 1323 episcopus
2676 1248 2927 1323 uoluerit
2962 1251 3379 1323 exterminare
3424 1252 3697 1323 aliquem

2249 1316 2321 1372 de
2348 1314 2638 1374 Ecclesia.
2671 1316 2770 1374 Ex
2799 1321 3052 1376 concilio
3082 1320 3447 1377 Sardicensi.

2094 1398 2359 1460 CCCCIV.
2414 1402 2671 1477 (Concit.
2725 1408 2981 1477 Sardia,
3027 1424 3078 1463 c.
3136 1407 3244 1480 1‘7.)
3277 1408 3334 1467 Si
3364 1404 3709 1482 episcopus

2021 1493 2416 1551 exterminare
2460 1495 2713 1552 voluerit
2738 1495 3020 1553 clericum
3072 1506 3253 1553 suum
3302 1497 3377 1554 de
3403 1497 3712 1574 Ecclesia,

1939 1596 1984 1650 Β
2021 1582 2467 1659 providendum
2498 1590 2586 1642 est
2614 1601 2687 1643 ne
2735 1582 3024 1643 innocens
3070 1588 3428 1643 damnetur:
3474 1592 3555 1646 et
3580 1584 3718 1656 ideo

2021 1670 2243 1731 habeat
2267 1674 2624 1748 potestatem
2656 1674 2719 1732 ut
2748 1677 3068 1750 episcopos
3098 1676 3385 1733 ﬁnitimos
3416 1670 3719 1759 inter-pel-

2020 1762 2117 1830 let,
2142 1768 2199 1819 et
2226 1772 2412 1820 eausa
2442 1762 2572 1835 ejus
2607 1763 2904 1833 audiatur,
2930 1781 2999 1822 ac
3021 1760 3360 1835 diligentius
3386 1764 3709 1847 tractetur,

2020 1852 2166 1925 quia
2201 1867 2325 1908 non
2366 1857 2599 1925 oportet
2654 1854 2859 1924 negari
2900 1853 3268 1911 audientiam
3325 1861 3610 1931 roganti;
3652 1866 3709 1923 et

2022 1940 2340 2014 episcopus
2371 1941 2665 2013 patienter
2711 1944 2965 2016 accipiat
2994 1947 3059 2000 ut
3104 1946 3208 1999 aut
3236 1942 3533 2017 probetur
3561 1966 3699 2007 sen-

2023 2030 2205 2087 tentia
2225 2031 2376 2102 ejus,
2406 2035 2511 2087 aut
2535 2032 2907 2089 emendetur.

2022 2139 2107 2194 De
2130 2136 2434 2206 depositis,
2449 2139 2503 2193 si
2520 2140 2655 2194 ausi
2680 2139 2915 2208 fuerint
2945 2144 3270 2195 attrectare
3292 2139 3689 2200 ministerium

2094 2224 2209 2282 sibi
2245 2225 2474 2282 dudum
2525 2229 2921 2284 commissum.
2968 2229 3042 2282 In
3093 2227 3420 2284 canonibus
3459 2236 3690 2299 aposto-

2101 2315 2316 2369 lorum.

2095 2399 2335 2458 CCCCV.
2371 2400 2545 2474 (Can.
2580 2408 2797 2472 apost.,
2831 2418 2881 2457 c.
2915 2401 3032 2472 29.)
3065 2401 3120 2458 Si
3168 2401 3304 2475 quis
3344 2398 3685 2478 episcopus,

2023 2488 2336 2562 presbyter
2362 2500 2465 2545 aut
2490 2488 2808 2560 diaconus,
2825 2487 2983 2559 juste
3017 2505 3195 2562 super
3225 2490 3396 2547 certis
3425 2493 3686 2549 crimini-

2020 2572 2137 2635 bus
2163 2574 2495 2651 depositus,
2519 2593 2706 2634 ausus
2738 2572 2915 2633 fuerit
2952 2580 3263 2635 attrectare
3288 2576 3687 2640 ministerium

2023 2662 2134 2723 sibi
2160 2665 2395 2723 dudum
2440 2665 2856 2737 commissum,
2887 2664 2984 2722 hic
3033 2665 3112 2723 ab
3158 2667 3419 2726 Ecclesia
3449 2664 3689 2744 penitus

2023 2750 2391 2813 abscidatur.

2020 2846 2101 2902 De
2112 2846 2465 2916 presbytero
2492 2849 2792 2901 accusata.
2813 2842 2907 2900 Ex
2923 2845 3175 2901 concilio
3199 2842 3686 2919 Rothomagensi.

229 2934 438 3001 niunt,
471 2930 800 2990 devitantes
839 2932 1144 2989 orationes
1199 2928 1480 3002 ecclesiae,
1514 2930 1693 2992 simul
1742 2953 1916 2994 oran-
1942 2948 1985 3003 ο
2095 2932 2364 2992 CCCCVI.
2395 2932 2463 2990 Ut
2492 2928 2697 2988 nullus
2723 2932 3047 3006 episcopus
3066 2932 3489 3008 presbyterum
3514 2954 3691 2995 accu-

228 3023 395 3080 dum
426 3025 535 3078 est.
572 3022 628 3080 Si
656 3018 906 3096 quilibet
948 3025 1152 3078 autem
1193 3037 1265 3077 ex
1316 3021 1473 3080 clero
1502 3020 1913 3097 deprehensus

226 3112 424 3170 fuerit
466 3129 607 3168 cum
652 3109 1189 3168 excommunicatis
1233 3113 1701 3187 communicare,
1734 3116 1911 3172 etiam

226 3202 338 3259 ille
366 3203 634 3276 privetur
664 3200 1111 3258 communione.

424 3311 509 3366 De
537 3308 742 3365 eadem
770 3323 855 3364 re.
896 3308 997 3365 Ea:
1021 3308 1273 3364 concilio
1303 3311 1731 3379 apostolorum.

310 3398 695 3455 CCCXCVIII.
729 3396 908 3469 (Can.
942 3402 1159 3468 apost.,
1210 3414 1262 3455 c.
1300 3398 1355 3454 ll
1389 3417 1402 3466 ;
1448 3398 1775 3455 Buacauo.
1806 3397 1908 3453 lih.

221 3505 325 3558 ιι,
359 3504 413 3544 c.
446 3488 563 3559 35.)
601 3487 657 3543 Si
687 3486 825 3559 quis
855 3503 997 3543 cum
1043 3487 1569 3545 excommunicato
1607 3488 1803 3544 saltim
1852 3488 1912 3543 in

220 3578 433 3636 domo
460 3576 736 3645 oraverit,
766 3576 878 3633 iste
907 3576 1336 3633 communione
1364 3576 1648 3651 privetur.

508 3686 602 3742 De
626 3684 831 3742 eadem
859 3700 942 3741 re.
973 3686 1074 3741 Ba:
1099 3686 1353 3741 concilio
1381 3685 1648 3742 Nicceno.

308 3774 660 3833 CCCXCIX.
694 3774 946 3845 (Concil.
977 3773 1140 3845 Nic.,
1167 3790 1220 3829 c.
1250 3778 1282 3829 5
1311 3790 1326 3841 ;
1355 3774 1677 3830 BURCHARD.
1705 3774 1806 3831 lib.
1828 3790 1912 3844 ιι,

213 3881 287 3921 c-
325 3864 451 3931 36.)
470 3864 556 3919 De
597 3862 691 3919 his
733 3862 840 3935 qui
887 3862 1316 3919 communione
1346 3861 1673 3935 privantur,
1706 3878 1813 3919 seu
1842 3876 1915 3918 ex

209 3953 429 4021 clero,
457 3951 584 4008 sive
612 3967 687 4007 ex
712 3950 868 4008 laico
906 3951 1139 4020 ordine,
1171 3950 1252 4008 ab
1278 3950 1599 4025 episcopis,
1627 3951 1918 4009 sententia

204 4040 543 4113 regularis
588 4041 874 4109 obtineat,
903 4045 970 4098 ut
994 4042 1057 4097 hi
1104 4040 1211 4114 qui
1263 4040 1646 4112 abjiciuntur,
1681 4042 1759 4098 ab
1788 4038 1918 4097 aliis

204 4147 371 4188 non
418 4129 810 4202 recipiantur.
838 4131 1197 4204 Requiratur
1240 4133 1464 4197 autem,
1492 4142 1569 4186 ne
1605 4129 1918 4204 pusillani-

199 4221 477 4288 miiate,
510 4224 617 4275 aut
654 4221 1051 4289 contentione,
1087 4220 1268 4293 356
1312 4219 1405 4275 vel
1452 4219 1571 4276 alio
1613 4220 1754 4277 vitio
1801 4217 1921 4292 cpi.

201 4310 415 4384 scopi
444 4308 730 4366 videatur
753 4324 791 4367 a
819 4311 1246 4367 communione
1279 4308 1571 4365 seclusus.

454 4416 549 4473 De
570 4416 773 4473 eadem
799 4432 882 4474 re.
906 4416 1007 4475 Ex
1035 4418 1289 4475 concilio
1317 4414 1712 4474 Antiocheno.

289 4503 523 4561 CCCC.
554 4502 808 4575 (Cuncti.
842 4504 1149 4576 Antioch.,
1177 4520 1230 4562 c.
1257 4508 1325 4574 ὅς
1358 4505 1689 4563 Βυιιαωιω.
1714 4502 1920 4576 lib.xu,

191 4611 259 4652 c.
306 4593 455 4665 3‘7.)
504 4591 564 4649 Si
610 4592 747 4665 quis
793 4604 829 4649 a
872 4594 1118 4667 proprio
1166 4594 1451 4667 episcopo
1497 4594 1921 4651 communione

186 4684 530 4760 privatus
558 4686 665 4745 est,
702 4692 820 4739 non
861 4686 995 4740 ante
1039 4683 1403 4757 suscipiatur
1428 4681 1506 4741 ab
1538 4683 1667 4741 aliis
1696 4684 1921 4757 episco-

187 4774 313 4850 pis
356 4785 575 4847 quam
606 4787 716 4828 suo
747 4768 1158 4830 reconcilietur
1186 4773 1500 4847 Episcopo.

430 4880 528 4937 De
553 4882 757 4938 eadem
785 4898 868 4939 re.
910 4882 1010 4940 Ea:
1038 4883 1291 4940 concilio
1316 4883 1742 4955 apostolorum.

232 5026 235 5027 ν
277 4968 554 5026 CCCC].
589 4968 761 5039 (Con.
797 4975 986 5041 apost.
1020 4988 1071 5028 c.
1106 4970 1217 5042 12.)
1251 4971 1309 5028 Si
1335 4970 1472 5044 quis
1500 4987 1640 5027 cum
1666 4970 1922 5028 damna-

182 5071 259 5121 ta
301 5058 591 5127 cretico,
619 5059 797 5115 veluti
842 5077 981 5116 cum
1024 5059 1257 5132 clerico,
1289 5059 1467 5117 simul
1513 5060 1783 5128 oraverit,
1816 5058 1922 5117 iste

173 5149 611 5210 damnetur.

216 5263 343 5318 De
382 5256 721 5314 damnatis
749 5271 788 5312 a
814 5257 1059 5327 synodo.
1090 5257 1187 5315 Ex
1217 5257 1468 5314 concilio
1493 5257 1885 5314 Antiocheno.

152 5394 157 5397 .
264 5344 588 5403 CCCCII.
620 5343 870 5414 (Concil.
899 5345 1211 5412 Antioch.,
1234 5362 1285 5401 c.
1309 5346 1378 5413 4;
1407 5347 1731 5416 Buacuann,
1752 5344 1856 5401 lib.
1880 5363 1923 5416 1,

159 5461 230 5499 ε,
282 5434 491 5505 199).
530 5431 587 5488 Si
619 5433 754 5505 quis
784 5432 1103 5506 episcopus
1131 5434 1455 5490 damnatus
1477 5450 1511 5490 a
1544 5434 1798 5507 synodo,
1830 5433 1927 5490 vel

156 5526 583 5608 presbyter
608 5525 711 5578 aut
732 5521 1024 5580 diaconus
1042 5539 1079 5579 a
1102 5539 1214 5581 suo
1235 5521 1539 5599 episcopo,
1561 5522 1697 5580 ausi
1713 5521 1929 5581 fuerint

154 5611 498 5692 aliquid
524 5612 599 5666 de
628 5612 954 5669 ministerio
979 5612 1340 5684 contingere,
1358 5612 1523 5670 nullo
1546 5613 1731 5670 modo
1755 5612 1927 5671 liceat

2025 3028 2224 3081 satum
2255 3016 2335 3080 ab
2365 3017 2564 3079 ofﬁcio
2594 3022 2796 3079 missa
2826 3026 3156 3090 removeat,
3189 3022 3303 3080 nisi
3330 3025 3408 3081 ad
3439 3038 3691 3084 causam

2025 3130 2200 3171 suam
2231 3110 2554 3170 dicendam
2586 3111 2681 3168 die
2714 3116 2932 3169 statuta
2971 3104 3176 3170 litteris
3205 3120 3489 3172 evocatus
3520 3117 3692 3173 mini-

2022 3220 2120 3260 me
2145 3202 2488 3266 occurrerit,
2520 3201 2583 3257 id
2613 3206 2704 3258 est
2755 3196 2911 3259 infra
2947 3202 3210 3276 spatium
3256 3204 3498 3262 mensis.
3530 3208 3597 3262 Et
3644 3206 3693 3262 si

2022 3296 2160 3365 post
2201 3308 2475 3349 mensem
2528 3290 2865 3348 secundum
2904 3306 3028 3346 non
3067 3286 3408 3362 occurrerit,
3443 3298 3583 3350 tunc
3614 3294 3692 3351 ab

2024 3381 2222 3438 ofﬁcio
2269 3372 2693 3454 suspendatur,
2747 3396 3067 3453 quousque
3122 3398 3234 3453 pro
3280 3399 3341 3439 se
3396 3383 3693 3441 ratiOnem

2022 3470 2254 3527 reddat.
2291 3471 2349 3527 Si
2395 3468 2558 3525 enim
2606 3467 2742 3524 laici
2769 3484 2893 3524 non
2951 3464 3240 3527 canonice
3286 3473 3695 3529 excommuni-

2024 3564 2236 3617 cantur
2260 3558 2374 3615 nisi
2404 3557 2574 3614 tertio
2626 3556 2843 3612 fuerint
2873 3557 3066 3612 vocati
3106 3563 3287 3632 atque
3319 3562 3690 3632 commoniti,

2022 3649 2342 3719 indignum
2386 3645 2622 3702 videtur
2666 3649 2731 3701 ut
2767 3644 3179 3702 sacerdotibus
3209 3648 3558 3721 denegatur,
3589 3638 3696 3724 qui

2024 3737 2275 3810 majoris
2323 3734 2550 3794 ordinis
2589 3738 2647 3791 et
2683 3732 2986 3805 dignitatis
3019 3738 3178 3805 sunt,
3210 3737 3378 3811 quod
3406 3735 3576 3795 laicis
3606 3755 3694 3795 re-

2027 3827 2169 3899 gula
2200 3827 2379 3899 358
2404 3823 2809 3881 ecclesiastica
2838 3822 3219 3894 indulgenter
3245 3826 3551 3900 permittit.
3584 3832 3693 3886 Pro

2026 3920 2194 3974 tanto
2224 3917 2386 3973 enim
2427 3913 2685 3972 habetur
2733 3913 3107 3971 sacerdotem
3146 3914 3226 3972 ab
3272 3915 3470 3973 ofﬁcio
3500 3934 3694 3976 remo-

2025 4023 2162 4063 vere
2192 4022 2304 4080 pro
2344 4007 2573 4079 quanto
2610 4003 2834 4060 laicum
2879 4021 2915 4060 a
2956 4006 3383 4062 communione
3430 4007 3695 4064 ecclesia:

2031 4112 2284 4153 cessare.
2317 4099 2468 4152 Nam
2517 4094 2679 4150 unde
2727 4092 2863 4150 laici
2901 4095 3522 4166 excommunicantur,
3555 4097 3695 4154 inde

2029 4184 2367 4260 presbyteri
2394 4184 2471 4242 ab
2502 4180 2700 4240 ofﬁcio
2727 4181 2929 4240 altaris
2959 4178 3411 4241 submoventur.
3443 4187 3695 4260 Require

1950 4302 1999 4358 υ
2034 4290 2167 4347 cap.
2200 4279 2326 4331 289.

2143 4380 2418 4446 Qualiter
2439 4378 2747 4448 episcopus
2771 4379 3290 4436 accommunicare
3318 4380 3589 4447 inﬁdeles

2532 4450 2760 4507 debeat.
2811 4448 2978 4506 Unde
3004 4464 3194 4518 supra

2102 4539 2391 4593 CCCCVII.
2422 4540 2773 4611 (Buncnsan,
2800 4536 2903 4592 lib.
2934 4554 3018 4604 x1,
3043 4553 3095 4591 c.
3128 4541 3182 4605 2,
3211 4552 3287 4592 ea:
3306 4539 3560 4595 concilio
3584 4539 3695 4596 Ro-

2031 4628 2321 4700 thomag.)
2351 4627 2855 4701 Episcopus,cum
2881 4625 3405 4681 excommunicare
3434 4627 3527 4685 vel
3549 4644 3691 4686 ana-

2030 4717 2411 4775 thematizare
2441 4716 2705 4790 aliquem
2735 4715 3039 4772 inﬁdelem
3064 4729 3176 4787 pro
3206 4713 3377 4769 certis
3405 4717 3461 4771 et
3494 4714 3691 4771 mani-

2030 4807 2192 4864 festis
2225 4806 2551 4865 scelesibus
2580 4806 2940 4880 dispositum
2975 4803 3179 4874 habet,
3210 4807 3348 4877 post
3375 4803 3691 4864 lectionem

2031 4896 2337 4968 Evangelii
2366 4896 2593 4954 clerum
2623 4900 2681 4953 et
2704 4894 2944 4969 plebem
2974 4895 3055 4951 ita
3080 4892 3260 4950 debet
3288 4892 3531 4967 alloqui.

2710 4983 3020 5040 allocutio.

2103 5072 2418 5131 CCCCVIII.
2451 5076 2806 5143 (BURCHABD,
2833 5071 2938 5129 lib.
2965 5089 3045 5141 χι,
3092 5087 3142 5127 c.
3175 5077 3230 5142 2,
3261 5077 3317 5129 et
3345 5073 3514 5146 apud
3558 5076 3693 5131 CEN-

2032 5181 2400 5232 ruaurones,
2447 5168 2677 5220 centur.
2732 5166 2818 5231 lO,
2866 5179 3000 5236 cap.
3042 5164 3124 5231 6.)
3154 5162 3389 5219 Noverit
3432 5163 3690 5220 Charitas

2031 5258 2247 5323 vestra,
2279 5254 2490 5310 fratres
2519 5252 2658 5320 mei,
2690 5251 2857 5325 quod
2884 5251 3138 5325 quidam
3166 5250 3258 5308 vir
3300 5252 3545 5308 nomine
3570 5252 3687 5320 ille,

2033 5343 2274 5400 diabolo
2298 5341 2606 5412 suadente,
2628 5346 2999 5415 postponens
3016 5336 3416 5399 Christianam
3434 5341 3692 5413 promis—

2033 5432 2460 5506 sionemquam
2481 5430 2540 5487 in
2560 5430 2864 5505 baptismo
2888 5431 3195 5505 professus
3211 5435 3435 5505 est,per
3450 5434 3689 5505 aposta-

2035 5522 2189 5581 siam
2208 5538 2532 5582 conversus
2548 5525 2687 5596 post
2705 5525 2906 5591 Satan,
2921 5522 3017 5579 cui
3032 5521 3474 5580 abrenuntiavit
3492 5524 3687 5580 atom-

2032 5613 2211 5671 nibus
2242 5611 2523 5686 operibus
2554 5613 2709 5685 ejus,
2746 5612 2985 5671 vineam
3014 5611 3248 5681 Christi,
3278 5610 3341 5667 id
3369 5613 3462 5670 est
3491 5608 3684 5666 Eccle-
