4046 6190
376 104 479 157 359

1504 90 1877 148 REGINONIS
1915 87 2329 146 PRUMIENSIS
2366 89 2662 169 ABBATIS

3692 90 3798 165 369
3876 60 3884 69 ’

376 221 529 278 siam
557 216 1028 290 ejus,devastare
1055 217 1112 268 et
1130 212 1479 284 deprtedare
1496 228 1620 269 non
1645 209 2026 285 pertimescit,
2055 209 2104 261 A
2143 213 2539 268 communicat
2586 209 2859 279 operibus
2896 210 3035 277 ejus
3081 208 3365 279 malignis
3394 208 3488 276 (II
3504 210 3688 265 Joan.
3724 210 3803 279 x).
3832 276 3857 290 _

375 322 674 382 pauperes
708 301 1102 372 Christi,quos
1126 300 1387 371 pretioso
1414 302 1707 371 sanguine
1733 314 1843 354 suo
1866 296 2032 353 rede-

377 398 502 463 mit,
530 394 810 453 violenter
826 389 1174 461 opprimens
1195 394 1250 446 et
1268 391 1649 458 interficiens,
1668 394 1726 445 et
1747 388 1910 443 bona
1930 402 2029 443 eo-

374 503 512 543 rum
541 476 1017 554 diripiens.Unde
1043 477 1188 549 quia
1212 477 1370 533 ﬁlius
1392 479 1574 549 hujus
1597 481 1812 533 nostra:
1842 474 2035 531 Eccle-

376 574 496 640 siae,
530 571 624 627 cui
656 573 773 625 Deo
818 571 1058 624 auctore
1102 567 1516 639 praesidemus,
1546 567 1836 623 debuerat
1875 579 2028 628 esse,

373 650 517 734 quia
544 660 605 715 in
629 675 700 715 ea
723 673 829 731 per
861 672 1085 729 aquam
1105 660 1163 712 et
1189 656 1470 729 Spiritum
1493 660 1770 712 sanctum
1790 658 2034 710 renatus

374 753 480 817 est,
535 752 593 804 et
647 747 800 803 inter
857 744 1172 817 adoptivos
1223 744 1379 801 ﬁlios
1430 745 1533 800 Dei
1576 747 2028 809 annumeratus,

371 836 653 909 quamvis
683 833 867 891 modo
896 832 1053 889 ﬁlius
1098 832 1321 889 diaboli
1374 833 1448 888 sit
1492 832 1783 909 imitando
1826 830 2032 887 diabo-

372 926 521 993 lum,
550 924 780 981 solliciti
830 938 904 978 ne
942 937 1050 995 per
1077 921 1502 992 negligentiam
1532 920 1895 994 pastoralem
1928 918 2031 974 ali-

372 1029 496 1086 qua
516 1013 591 1069 de
621 1012 831 1068 ovibus
870 1009 1044 1066 nobis
1074 1008 1308 1065 creditis
1338 1008 1650 1081 deperiret,
1683 1024 1792 1080 pro
1817 1023 1940 1080 qua
1968 1006 2028 1061 in

373 1100 682 1157 tremendo
719 1098 945 1170 judicio
978 1098 1156 1168 359
1188 1101 1323 1153 ante
1354 1096 1686 1170 principem
1714 1100 2028 1169 pastorum

374 1189 695 1244 Dominum
725 1190 997 1243 nostrum
1026 1188 1227 1242 Jesum
1254 1186 1549 1242 Christum
1579 1185 1872 1241 rationem
1904 1184 2010 1239 red

371 1276 509 1332 dere
526 1275 1038 1349 eompelleremur,
1057 1274 1230 1344 juxta
1249 1274 1417 1345 quod
1436 1273 1563 1346 ipse
1584 1272 1917 1329 terribiliter
1927 1287 2031 1328 no-

369 1364 464 1421 bis
496 1364 897 1420 comminatur
924 1362 1128 1419 dicens
1154 1380 1165 1417 :
1202 1364 1263 1419 Si
1290 1380 1410 1419 non
1441 1362 1897 1441 annuntiaveris
1920 1362 2029 1417 ini-

370 1471 485 1525 quo
507 1440 882 1526 iniquitatem
900 1468 1090 1522 suam,
1104 1453 1453 1522 sanguinem
1481 1456 1607 1520 ejus
1629 1452 1702 1508 de
1716 1467 1898 1507 manu
1922 1456 2027 1506 tua

372 1544 675 1614 requiram
706 1541 939 1613 (Ezech.
972 1542 1080 1610 ιιι),
1113 1539 1386 1595 misimus
1434 1539 1512 1595 ad
1551 1555 1690 1594 eum
1720 1538 2028 1611 presbyte-

370 1646 507 1686 rum
550 1634 824 1686 nostrum
876 1634 933 1685 et
976 1628 1196 1684 litteras
1235 1627 1722 1684 commonitorias
1755 1627 1941 1683 semel
1970 1631 2028 1684 et

371 1718 584 1775 iterum
632 1723 811 1791 atque
861 1718 1048 1784 tertio,
1080 1716 1397 1773 invitantes
1426 1733 1565 1773 eum
1616 1716 1901 1773 canonice
1947 1717 2026 1773 ad

371 1807 852 1864 emendationem
895 1811 951 1863 et
997 1806 1460 1863 satisfactionem
1504 1810 1561 1862 et
1589 1805 2023 1878 paenitentiam,

370 1895 753 1968 corripientes
799 1911 939 1951 eum
985 1898 1236 1967 paterno
1280 1894 1514 1950 affectu.
1548 1895 1660 1950 Sed
1690 1895 1843 1966 ipse,
1874 1894 2026 1966 proh

371 1984 575 2041 dolori
608 1983 850 2040 diabolo
880 1999 982 2039 cor
1010 1983 1140 2054 ejus
1174 1981 1515 2054 indurante,
1544 1983 1771 2038 monita
1802 1982 2023 2038 saluta-

368 2073 456 2130 ria
499 2072 737 2145 sprevit,
768 2077 825 2128 et
851 2071 913 2127 in
956 2075 1153 2145 erepta
1200 2071 1425 2127 malitia
1479 2086 1893 2143 perseverans,
1926 2064 2025 2126 Ee-

369 2161 561 2218 elesiae
595 2160 714 2229 Dei,
745 2177 932 2233 quam
973 2160 1140 2226 laesit,
1174 2159 1468 2232 superbiae
1500 2159 1711 2232 spiritu
1759 2159 2021 2230 inﬂatus,

370 2251 705 2308 satisfacere
732 2250 1109 2320 dedignatur.
1126 2252 1205 2305 De
1226 2248 1444 2305 talibus
1469 2248 1668 2321 itaque
1699 2253 2025 2320 transgres-

368 2338 623 2407 soribus,
652 2343 709 2395 et
732 2342 951 2395 sanctae
978 2337 1280 2409 religionis
1312 2336 1618 2410 pacisque,
1640 2343 1828 2409 quam
1861 2337 2023 2394 Chri-

367 2433 462 2484 tus
491 2417 618 2501 ipse
645 2427 769 2483 suis
799 2426 1107 2500 discipulis
1139 2426 1303 2482 dedit
1330 2430 1509 2499 atque
1549 2425 1803 2498 reliquit,
1832 2426 2020 2483 viola-

368 2516 615 2584 toribus,
630 2519 929 2590 praecepta
952 2515 1260 2571 Dominica
1280 2519 1338 2571 et
1357 2513 1684 2588 apostolica
1701 2512 2022 2579 habemus,

367 2605 590 2678 quibus
618 2604 1016 2662 informamur
1038 2604 1186 2677 quid
1215 2604 1290 2660 de
1310 2601 1731 2673 hujuscemodi
1744 2594 2025 2673 praevari4

369 2693 670 2750 catoribus
695 2708 871 2764 agere
896 2709 1006 2749 nos
1036 2696 1325 2766 oporteat.
1350 2692 1442 2747 Ait
1468 2691 1629 2747 enim
1655 2689 1942 2746 Dominus
1961 2689 2024 2744 in

370 2782 720 2853 Evangelio:
754 2784 818 2837 Si
833 2784 1166 2852 peccaverit
1199 2783 1261 2837 in
1293 2788 1348 2836 te
1369 2782 1569 2850 frater
1598 2786 1757 2851 tuus,
1790 2779 2024 2847 corripe

369 2886 499 2927 eum
531 2870 773 2940 (Matth.
799 2871 981 2941 xvm).
1012 2872 1259 2937 Fratres,
1277 2868 1337 2923 in
1358 2883 1729 2939 unuquoque
1751 2871 2024 2922 nostrum

2144 299 2447 356 Dominica
2476 299 2678 371 itaque
2708 301 2887 370 atque
2915 295 3245 368 apostolica
3273 300 3579 369 praecepta
3608 295 3806 353 adim-
3832 284 3858 296 ”

2138 387 2387 460 plentes,
2421 382 2764 444 membrum
2812 384 3121 459 putridum
3160 389 3215 441 et
3243 372 3604 457 insanabile,
3637 385 3807 457 quod

2140 476 2503 533 medicinam
2534 491 2657 531 non
2708 474 2935 547 recipit,
2967 473 3123 529 ferro
3162 465 3807 551 excommunicationis
3864 465 3875 469 ”

2137 581 2174 621 a
2202 581 2452 638 corpore
2477 564 2751 621 Ecclesiae
2790 554 3199 637 abscidamus,
3231 580 3307 621 ne
3351 566 3475 618 tam
3520 550 3807 636 pestifero

2138 655 2354 712 morbo
2401 655 2631 728 reliqua
2669 654 2946 711 membra
2987 654 3275 726 corporis,
3323 654 3500 711 veluti
3548 669 3806 719 veneno,

2138 743 2481 801 inﬁciantur
2509 745 2783 815 (Decreta
2816 746 2991 800 Suuc.
3024 759 3074 798 c.
3107 744 3184 814 7).
3414 752 3417 755 '
3538 764 3547 765 ί

2688 832 3260 905 Excommunicatio,
3338 908 3343 912 ι
3714 888 3719 892 .

2211 923 2488 979 CCCCIX.
2521 923 2871 994 (Buacumn.
2898 921 3003 977 lib.
3034 938 3117 990 x1,
3146 938 3198 977 c.
3228 925 3279 989 3,
3308 924 3365 977 et
3394 922 3559 995 apud
3587 917 3835 977 Csare?

2135 1028 2433 1078 annonas,
2466 1012 2636 1081 ibid.)
2685 1010 2866 1081 igitur
2889 1009 3035 1083 quia
3070 1009 3301 1066 monita
3330 1016 3534 1085 nostra
3582 1016 3643 1066 et
3688 1027 3812 1066 cre-

2136 1100 2277 1156 bras
2307 1090 2750 1155 exhortationes
2785 1087 3135 1165 contemnit,
3175 1098 3319 1171 quia
3369 1097 3538 1177 tertio
3591 1116 3809 1155 secun-

2134 1188 2283 1243 dum
2310 1186 2633 1243 Dominum
2662 1183 3030 1259 praeceptum
3046 1190 3295 1242 vocatus
3324 1186 3403 1242 ad
3424 1173 3817 1266 emendatio!
3868 1180 3873 1191 “

2134 1291 2276 1331 nem
2307 1279 2364 1331 et
2391 1274 2804 1348 pcenitentiam
2829 1275 3032 1330 venire
3061 1274 3351 1347 despexit,
3378 1274 3525 1346 quia
3554 1273 3808 1345 culpam

2136 1379 2313 1419 suam
2342 1363 2602 1419 necdum
2647 1363 2929 1432 cognovit
2973 1378 3084 1419 nec
3118 1363 3288 1434 361
3335 1362 3661 1418 confessus
3694 1367 3804 1430 est,

2136 1468 2246 1508 nec
2276 1453 2463 1509 missa
2503 1451 2679 1508 nobis
2706 1451 3025 1523 legatione,
3057 1451 3441 1524 quieausam
3481 1451 3678 1523 ipsius
3708 1466 3805 1506 ex.

2135 1540 2464 1613 sequimur,
2494 1540 2638 1613 quia
2682 1543 2891 1596 noster
2935 1539 3359 1612 paruaehianus
3407 1543 3517 1605 est,
3556 1538 3805 1595 veniam

2134 1629 2476 1702 postulavit,
2503 1630 2648 1701 quia
2676 1628 2739 1684 in
2764 1632 2960 1701 empta
2988 1628 3236 1699 malitia,
3269 1628 3513 1685 diabolo
3538 1644 3646 1684 cor
3673 1628 3727 1699 ej
3738 1645 3806 1682 us

2133 1718 2470 1784 indurante,
2520 1721 2881 1790 perseverat,
2923 1721 2998 1783 et,
3046 1718 3217 1788 juxta
3264 1717 3430 1790 quod
3460 1715 3805 1788 “Apostolus

2132 1806 2294 1872 dicit,
2314 1805 2649 1862 secundum
2675 1804 2955 1862 duritiam
2988 1820 3162 1861 suam
3192 1809 3249 1862 et
3276 1821 3380 1861 cor
3406 1804 3804 1878 impceuitens

2136 1895 2493 1951 thesaurizat
2522 1894 2634 1951 sibi
2659 1894 2812 1952 iram
2858 1894 2919 1950 in
2967 1894 3062 1951 die
3108 1894 3233 1961 iraa,
3263 1893 3486 1951 idcirco
3516 1910 3633 1950 nos
3660 1910 3804 1950 eum

2133 2000 2273 2040 cum
2302 1984 2597 2040 universis
2644 1983 3040 2056 complicibus
3090 1988 3149 2040 et
3174 1982 3806 2040 communieatoribus

2132 2071 2588 2145 fautoribusque
2628 2072 2753 2128 suis
2791 2071 3020 2151 judicio
3066 2071 3166 2127 Dei
3210 2071 3669 2144 omnipotentis,
3702 2075 3807 2127 Pa-

2130 2160 2254 2229 tris,
2291 2160 2431 2228 Filii,
2461 2165 2518 2217 et
2548 2161 2796 2234 Spiritus
2826 2159 3036 2230 sancti,
3064 2164 3122 2217 et
3144 2160 3304 2216 beati
3333 2160 3483 2235 Petri
3503 2160 3803 2233 principis

2132 2249 2568 2321 apostolorum,
2613 2238 2671 2307 et
2716 2249 2992 2306 Omnium
3047 2254 3417 2320 sanctorum,
3449 2265 3695 2306 necnon
3749 2256 3808 2305 et

2130 2342 2349 2394 nostra;
2377 2337 2801 2395 mediocritatis
2831 2329 3179 2395 auctoritate
3205 2342 3263 2394 et
3289 2340 3586 2411 potestate
3617 2338 3802 2394 nobis

2129 2426 2414 2483 divinitus
2443 2426 2659 2484 collata
2709 2426 2936 2499 ligandi
2984 2432 3041 2484 et
3069 2426 3339 2484 solvendi
3365 2427 3427 2482 in
3466 2425 3624 2483 caelo
3653 2431 3715 2483 et
3742 2427 3805 2483 in

2129 2520 2305 2583 terra,
2338 2531 2374 2572 a
2403 2515 2652 2588 protiosi
2682 2517 2948 2589 corporis
2973 2519 3041 2591 et
3059 2515 3373 2591 sanguinis
3406 2515 3650 2591 Domini
3673 2532 3807 2589 per-

2130 2604 2402 2677 ceptione
2428 2609 2486 2661 et
2514 2622 2551 2661 a
2577 2604 2853 2661 societate
2892 2604 3166 2660 omnium
3196 2597 3676 2661 Christianorum
3710 2622 3806 2660 se-

2128 2708 2436 2765 paramus,
2465 2697 2523 2749 et
2549 2708 2586 2751 a
2612 2691 2920 2749 liminibus
2944 2696 3162 2748 sancta:
3194 2692 3402 2747 matris
3433 2690 3720 2748 Ecclesiae
3742 2692 3809 2748 in-

2129 2780 2280 2836 coelo
2309 2786 2366 2837 et
2394 2781 2456 2836 in
2486 2785 2642 2838 terra
2670 2781 3064 2847 excludimus,
3097 2784 3154 2837 et
3195 2781 3805 2843 excommunicatum

2130 2874 2189 2925 et
2216 2869 2787 2926 anathematizatum
2835 2885 2965 2924 esse
3018 2868 3419 2938 decernimus,
3452 2872 3510 2924 et
3539 2868 3807 2926 damna4

367 2937 577 3031 peccat
603 2958 709 3029 qui
752 2958 813 3012 in
843 2937 1112 3013 sanctam
1152 2956 1473 3013 Ecclesiam
1509 2937 1742 3029 peccat.
1777 2954 1835 3012 Si
1862 2954 2021 3010 enim
2049 2937 2095 2991 ο
2128 2958 2257 3012 tum
2288 2973 2428 3013 cum
2477 2956 2722 3014 diabolo
2765 2961 2822 3013 et
2849 2955 3074 3027 angelis
3105 2956 3234 3027 ejus
3280 2948 3341 3011 {et
3380 2937 3677 3011 omnibus
3708 2969 3804 3011 re-

369 3049 578 3102 sancta
619 3044 879 3101 Ecclesia
906 3061 1098 3101 unum
1145 3060 1365 3117 corpus
1410 3048 1517 3117 est,
1546 3046 1718 3116 cujus
1756 3042 2023 3116 corporis

368 3125 840 3207 caput‘Christus
868 3137 973 3201 est,
1002 3133 1220 3205 singuli
1244 3138 1447 3190 autem
1477 3150 1687 3195 sumus
1717 3133 1862 3189 alter
1881 3132 2024 3189 alte-

369 3223 490 3279 rius
537 3222 833 3291 membra,
865 3227 922 3279 et
963 3239 1103 3279 cum
1142 3222 1366 3296 patitur
1410 3238 1601 3278 unum
1654 3221 2018 3290 membrum,

368 3311 813 3385 compatiuntur
856 3311 1063 3368 omnia
1106 3312 1381 3369 membra
1420 3311 1468 3383 (I
1500 3314 1631 3369 Cor.
1664 3312 1785 3383 χιι),
1812 3309 2025 3384 procul

366 3400 553 3457 dubio
578 3400 639 3456 in
667 3416 779 3457 nos
819 3404 1031 3473 peccat
1054 3400 1159 3473 qui
1183 3399 1460 3457 membra
1487 3406 1697 3456 nostra
1720 3399 1901 3456 laedit.
1929 3400 2025 3455 Ju-'

365 3488 467 3544 bet
495 3504 638 3559 ergo
687 3489 975 3544 Dominus
1008 3493 1072 3544 ut
1100 3488 1298 3558 frater,
1330 3487 1392 3544 id
1420 3491 1509 3544 est
1537 3488 1928 3555 Christianus,
1959 3487 2021 3542 in

365 3592 475 3633 nos
521 3592 809 3649 peccans,
859 3576 1053 3649 primo
1105 3581 1324 3633 secrete
1374 3576 1746 3648 corripiatur,
1806 3575 2022 3632 deinde

363 3682 501 3721 cum
531 3665 783 3722 testibus
811 3669 1229 3736 redarguetur,
1261 3664 1588 3729 novissime
1618 3664 1680 3721 in
1723 3666 2022 3721 conventu

361 3755 632 3812 Ecclesiae
656 3755 896 3828 publice
918 3755 1323 3811 conveniatur.
1358 3754 1531 3820 Quod
1557 3754 1605 3810 si
1634 3755 1745 3810 has
1774 3758 1891 3810 tres
1920 3753 2023 3810 ad-

362 3844 721 3911 monitiones
769 3846 828 3899 et
854 3843 988 3915 pias
1024 3841 1431 3915 correptiones
1464 3843 1643 3913 360
1671 3842 2019 3911 contemnit,

362 3936 421 3987 et
451 3931 792 3988 satisfacere
820 3924 1089 4003 despicit,
1110 3936 1244 4000 post
1274 3931 1398 3987 haec
1431 3931 1508 3986 sit
1548 3929 1677 3997 tibi,
1704 3929 1916 4002 inquit,
1946 3930 2025 3985 si-

363 4025 462 4075 cut
490 4020 760 4076 ethnicus
793 4018 1030 4089 (Matth.
1061 4020 1248 4090 xvm),
1267 4018 1329 4074 id
1349 4022 1437 4074 est
1466 4016 1697 4087 gentilis
1724 4022 1902 4091 atque
1924 4009 2024 4091 pa-

362 4122 584 4177 genus;
614 4111 681 4163 ut
710 4122 834 4162 non
851 4107 978 4179 jam
1000 4123 1111 4180 pro
1134 4107 1490 4179 Christiano,
1501 4106 1606 4163 sed
1621 4123 1731 4180 pro
1751 4121 2017 4180 pagano,

360 4195 674 4253 habeatur.
708 4199 775 4252 Et
817 4196 878 4252 in
922 4195 1039 4253 alio
1075 4196 1209 4252 loco
1258 4194 1603 4252 membrum
1650 4196 1817 4269 quod
1847 4212 1883 4253 a
1908 4215 2015 4255 sua

2128 3045 2334 3113 probis
2360 3046 2421 3101 in
2450 3045 2588 3116 igne
2626 3050 2848 3102 aeterno
2873 3045 3239 3117 judicamus,
3271 3044 3385 3100 nisi
3412 3042 3566 3100 forte
3597 3060 3636 3101 a
3668 3044 3805 3100 dia-

2126 3133 2252 3190 boli
2278 3134 2510 3208 laqueis
2539 3134 2867 3208 resipiscat,
2890 3139 2948 3190 et
2973 3134 3052 3190 ad
3072 3132 3566 3190 emendationem
3596 3138 3656 3189 et
3676 3149 3813 3206 pae-

2128 3222 2437 3279 nitentiam
2468 3222 2761 3294 redeat,et
2791 3221 3062 3278 Ecclesia
3092 3222 3213 3299 Dei,
3241 3236 3431 3294 quam
3459 3220 3635 3290 laesit,
3663 3223 3812 3278 sati-

2131 3310 2358 3368 sfaciat.
2391 3313 2458 3367 Et
2480 3312 2888 3385 respondeant
2915 3327 3125 3368 omnes
3154 3310 3354 3367 tertio:
3384 3310 3583 3367 Amen
3604 3325 3629 3380 ,'
3652 3316 3767 3367 aut
3793 3327 3810 3365 :

2126 3400 2289 3457 Fiat.
2314 3400 2482 3467 Fiat;
2525 3404 2630 3457 aut
2656 3400 2996 3457 Anathema
3023 3401 3118 3455 sit.
3150 3399 3378 3455 Debent
3402 3403 3611 3455 autem
3644 3399 3812 3455 duo-

2127 3488 2325 3544 decim
2355 3488 2692 3545 sacerdotes
2721 3488 3070 3562 episcopum
3099 3488 3489 3563 circumstare
3519 3492 3579 3544 et
3605 3486 3821 3545 lucere

2128 3592 2238 3633 nas
2291 3577 2566 3634 ardentes
2606 3577 2669 3633 in
2699 3563 2981 3633 manibus
3012 3582 3229 3648 tenere,
3259 3593 3415 3649 quas
3455 3576 3519 3632 in
3546 3577 3817 3633 conclu-

2129 3665 2297 3722 sione
2342 3665 2742 3723 anathematis
2784 3666 2881 3722 vel
2927 3665 3569 3723 excommunicationis
3615 3667 3824 3739 proji-

2128 3770 2259 3811 cere
2289 3753 2513 3811 debent
2538 3755 2601 3810 in
2630 3759 2849 3811 terram
2870 3758 2927 3811 et
2954 3754 3214 3828 pedibus
3245 3753 3626 3811 eoneulc'are.
3651 3758 3825 3810 Post

2126 3842 2255 3900 haec
2303 3843 2622 3918 episcopus
2668 3844 2829 3917 plebi
2866 3844 3062 3918 ipsam
3100 3843 3827 3901 eermmunieation’em

2126 3932 2554 3989 communibus
2582 3932 2781 3989 verbis
2801 3932 2980 3990 debet
3002 3932 3344 4007 explanare,
3370 3937 3439 3988 ut
3461 3934 3701 3989 omnes
3719 3933 3831 3990 in;

2126 4019 2393 4091 telligant
2424 4027 2616 4094 quam
2667 4020 2998 4077 terribiliter
3026 4020 3350 4077 damnatus
3379 4021 3472 4089 sit,
3505 4025 3566 4077 et
3594 4026 3669 4078 ut
3692 4038 3833 4079 no-

2125 4109 2318 4165 verint
2335 4109 2503 4182 quod
2522 4108 2601 4166 ab
2624 4108 2724 4165 illa
2742 4110 2894 4166 hora
2912 4111 2973 4165 in
2993 4108 3294 4182 reliquum
3321 4109 3500 4181 362
3530 4125 3666 4166 non
3689 4127 3837 4184 pro

2124 4197 2482 4266 Christiano,
2516 4198 2622 4254 sed
2658 4214 2769 4271 pro
2816 4214 3078 4272 pagano,
3108 4198 3428 4255 habendus
3471 4198 3567 4267 sit,
3601 4204 3667 4256 et
3700 4201 3839 4274 qui

360 4301 655 4358 compage
680 4284 1013 4357 resolvitur,
1040 4290 1097 4342 et
1125 4301 1162 4342 a
1176 4287 1460 4356 junctura
1491 4285 1794 4343 charitatis
1816 4286 2013 4344 disso-‘
2041 4288 2089 4345 Ι)
2124 4287 2207 4344 illi
2234 4288 2409 4362 quasi
2441 4288 2776 4347 Christiano
2807 4288 3356 4356 communicaverit,
3388 4292 3493 4345 aut
3532 4296 3692 4346 cum
3749 4307 3843 4348 eo

358 4374 566 4446 eiatur,
592 4379 651 4431 et
679 4391 859 4431 omne
884 4391 1105 4449 corpus
1129 4375 1295 4448 quod
1322 4375 1702 4444 scandalizat,
1728 4377 2014 4433 Dominus

357 4464 587 4521 abscidi
614 4470 669 4521 et
698 4465 910 4539 projici
935 4465 1121 4537 jubet,
1155 4464 1397 4521 dicens:
1438 4465 1505 4521 Si
1530 4467 1738 4522 oculus
1769 4469 1862 4523 vel
1890 4483 2016 4524 ma-

355 4571 469 4610 nus
499 4556 593 4610 vel
609 4570 716 4624 pes
746 4560 884 4610 tuus
907 4556 1282 4611 scandalizat
1307 4560 1380 4617 te,
1405 4570 1545 4611 erue
1578 4571 1732 4627 eum,
1751 4562 1803 4612 et
1824 4557 2016 4629 proji-

355 4658 420 4699 ce
444 4657 482 4699 a
512 4648 566 4699 te
595 4643 797 4713 (Ibid).
840 4645 907 4699 Et
942 4642 1298 4716 Apostolus:
1331 4643 1603 4713 Auferte,
1649 4643 1860 4715 inquit,
1892 4660 2015 4700 ma-

359 4734 481 4788 lum
511 4748 549 4788 a
580 4732 737 4789 vobis
767 4733 827 4803 (I
848 4733 985 4788 Cor.
1014 4736 1097 4802 v.)
1132 4735 1199 4787 Et
1234 4732 1375 4788 item
1406 4749 1417 4786 :
1451 4726 1720 4801 [nﬁdelis
1758 4734 1812 4788 si
1838 4734 2013 4789 disce-

354 4820 462 4889 dit,
493 4821 759 4877 discedat
784 4821 845 4891 (I
868 4821 1006 4877 Cor.
1036 4824 1163 4891 vn.)
1192 4824 1257 4877 Et
1280 4821 1341 4876 in
1371 4820 1488 4877 alio
1532 4820 1664 4877 loco
1695 4836 1944 4893 rapaces
1975 4839 2012 4879 a

352 4920 539 4974 regno
568 4907 667 4962 Dei
696 4906 977 4977 excludit,
999 4907 1239 4964 dicens:
1272 4910 1474 4980 Neque
1495 4923 1742 4978 rapaces
1759 4926 2009 4980 regnum

351 4993 463 5049 Dei
478 4994 865 5062 possidebunt
896 4996 955 5061 (Ι
978 4995 1114 5051 Cor.
1148 4998 1225 5068 6.)
1256 5000 1322 5052 Et
1354 4994 1492 5052 alibi
1518 5015 1530 5051 :
1563 4997 1635 5051 Si
1655 5000 1787 5068 quis
1811 4998 2011 5066 frater

353 5083 722 5149 nominatur,
756 5088 924 5139 et-est
958 5083 1318 5158 fornicator,
1346 5090 1453 5142 aut
1482 5085 1741 5154 adulter,
1772 5092 1879 5142 aut
1909 5088 2009 5143 ho-

351 5170 594 5238 micida,
621 5176 725 5225 aut
754 5186 971 5241 rapax,
1004 5189 1138 5230 cum
1170 5175 1518 5243 hujusmodi
1552 5190 1659 5229 nec
1689 5174 1882 5249 cibum
1914 5170 2014 5230 su-'

350 5273 511 5313 mere
541 5258 674 5314 licet
701 5260 759 5331 (Ι
783 5260 919 5317 Cor.
952 5262 1006 5333 v)
1047 5265 1114 5319 Et
1141 5264 1424 5330 Joannes,
1457 5261 1707 5320 dilectus
1737 5258 1860 5336 prie
1891 5282 2005 5337 caa-

351 5347 490 5402 teris
530 5347 744 5405 Christi
795 5349 1123 5423 discipulis,
1155 5350 1334 5407 talem
1373 5350 1666 5407 nefarium
1696 5352 2013 5409 hominem‘

351 5435 605 5493 salutare
623 5437 998 5510 prohibebat,
1022 5439 1227 5495 dicens
1242 5459 1256 5520 ξ,
1280 5441 1400 5495 Nec
1427 5440 1480 5493 ei
1507 5456 1614 5496 ave
1642 5441 1891 5512 (timeris,
1908 5458 2005 5498 ne-

351 5541 463 5597 que
481 5541 610 5585 eum
634 5530 697 5584 in
719 5529 958 5586 domum
990 5529 1298 5597 receperis.
1321 5528 1437 5594 Qui
1453 5529 1607 5584 enim
1637 5532 1693 5585 ei
1709 5540 1816 5587 ave
1836 5531 2001 5600 dicit,

2124 4377 2580 4434 manducaverit
2605 4381 2710 4433 aut
2737 4376 2970 4448 biberit,
3000 4383 3105 4434 aut
3131 4393 3271 4434 eum
3298 4375 3617 4434 osculatus
3669 4378 3843 4436 fue-

2121 4465 2214 4535 rit,
2242 4464 2334 4521 vel
2353 4482 2493 4522 cum
2522 4482 2595 4522 eo
2623 4465 2991 4543 colloquium
3019 4465 3311 4542 familiare
3338 4465 3650 4536 habuerit,
3694 4469 3850 4526 nisi

2121 4552 2268 4610 forte
2313 4554 2391 4611 ad
2443 4554 2908 4612 satisfactionem
2946 4559 3003 4612 et
3031 4554 3445 4629 paenitentiam
3473 4570 3627 4611 eum
3665 4573 3850 4630 pro-

2120 4658 2336 4698 vocare
2364 4643 2673 4713 studuerit,
2706 4647 2810 4699 aut
2836 4643 2898 4699 in
2942 4642 3126 4699 domo
3159 4660 3270 4700 sua
3298 4659 3441 4713 eum
3469 4647 3851 4718 receperit,

2119 4735 2224 4785 aut
2252 4730 2431 4787 simul
2459 4748 2597 4789 cum
2651 4747 2722 4788 eo
2752 4731 3027 4804 oraverit,
3059 4730 3458 4805 proculdubio
3515 4732 3854 4792 similiter

2120 4817 2195 4872 sit
2227 4819 2809 4877 excommunicatus.‘
2837 4819 3057 4875 Deinde
3106 4818 3370 4892 epistolte
3412 4820 3860 4893 presbyteris

2116 4924 2223 4979 per
2252 4910 2622 4981 paraachiam
2652 4909 2981 4978 mittantur,
3009 4910 3377 4966 continentes
3409 4910 3705 4969 modum
3737 4933 3869 4973 ex—

2116 4998 2695 5067 communicationis,
2727 4998 2788 5054 in
2819 4998 3040 5072 quibus
3073 4998 3357 5070 jubeatur
3403 5003 3468 5054 ut
3522 5001 3873 5063 Domini-

2114 5084 2199 5140 cis
2245 5085 2458 5142 diebus
2487 5091 2623 5160 post
2649 5087 2966 5144 lectionem
3011 5087 3312 5158 Evangelii
3350 5087 3669 5160 plebibus
3712 5097 3870 5152 sibi

2114 5175 2450 5250 commissis
2478 5175 3099 5248 publice'aununtient
3137 5177 3332 5250 ipsam
3361 5185 3871 5242 excommuni-

2114 5265 2433 5333 rationein,
2466 5270 2530 5321 ut
2573 5282 2647 5322 ne
2686 5267 2821 5339 quis
2868 5283 2975 5339 per
2994 5266 3403 5335 ignorantiam
3436 5277 3873 5331 communi-

2113 5357 2205 5409 cet
2228 5350 2767 5411 excommunicato.
2797 5357 3039 5429 Oportet
3075 5355 3256 5411 etiam
3285 5359 3349 5411 ut
3377 5354 3523 5411 aliis
3546 5360 3879 5433 episco-

2112 5443 2206 5516 pis
2247 5443 2379 5516 ipsa
2425 5444 2968 5502 excommunicatio
3018 5444 3449 5501 manifestatur.
3496 5448 3880 5531 Recepit

2112 5532 2273 5588 enim
2303 5534 2652 5621 Toletanum
2672 5534 2991 5622 concilium
3018 5534 3272 5604 (Concil.
3301 5534 3488 5590 Tolet.
3516 5550 3565 5605 ι,
3601 5556 3679 5596 c.
3725 5550 3753 5599 ι
3774 5546 3803 5601 l
3823 5552 3878 5619 .)
