3980 6182
180 195 262 255 361
912 207 916 210 ’
1065 196 1153 249 DE
1193 195 1470 251 ECCLES.
1515 191 1799 249 DISClPl..
1844 185 2024 241 LIBRI
2067 188 2228 244 DUO.
2271 223 2338 230 —
2381 193 2508 247 LIB.
2552 195 2614 247 ll.

3433 207 3534 257 362

187 326 238 376 ut
260 318 488 375 invicem
513 333 651 371 mox
693 317 908 389 scripta
930 325 1279 390 percurrunt
1305 336 1410 393 per
1429 335 1641 376 omnes
1668 332 1802 390 pro-
1839 316 1885 368 Α
1922 315 2014 367 tur
2042 312 2100 368 in
2128 315 2425 370 consortio
2447 331 2643 388 neque
2667 316 2727 372 in
2758 315 2959 388 aliquo
2984 317 3242 386 negotio.
3278 322 3408 377 Etsi
3433 326 3567 396 quis

185 408 360 465 vincies
388 405 717 478 episcopos,
759 423 1155 480 quoscunque
1195 409 1359 466 adire
1387 409 1702 482 potuerint,
1741 411 1803 462 ut

184 494 697 553 excommunicatus
718 496 1016 552 audiatur.
1075 498 1300 554 Seniori
1322 499 1498 554 etiam
1521 498 1650 569 ejus
1672 497 1802 569 ipsa

183 583 686 643 excommunicatio
712 585 890 641 debet
918 591 1062 642 nota
1087 586 1211 642 fieri
1241 589 1406 658 (328).

441 681 561 730 Item
579 682 679 730 alia
701 683 1231 734 excommunicationis
1251 685 1506 735 allocutio.

239 766 452 820 CCCCX.
485 763 941 832 (Bt'nciunnJib.
973 782 1053 831 χι,
1082 782 1133 821 c.
1164 769 1217 834 4,
1233 768 1288 821 et.
1305 765 1468 839 apud
1500 768 1800 822 Csaream-

183 871 346 918 ronss,
371 853 532 922 ibid.)
561 853 837 920 Audistis,
870 853 1258 924 dilectissimi,
1283 859 1511 928 quanta
1533 859 1591 911 et
1609 869 1798 927 quam

181 941 447 1000 horrenda
475 942 785 1014 pravitatis
816 958 886 998 ac
917 942 1241 1016 iniquitatis
1266 960 1451 1018 opera
1478 943 1573 1000 ille
1608 959 1645 1000 a
1671 942 1799 1000 dia-

179 1031 296 1087 bolo
320 1030 629 1100 instigatus
686 1035 1024 1103 perpetrare
1067 1048 1188 1088 non
1249 1033 1526 1101 timuerit,
1550 1037 1608 1088 et
1647 1047 1800 1104 quo-

180 1121 336 1177 modo
360 1135 463 1193 per
485 1121 850 1193 apostasiam
868 1137 904 1177 a
929 1122 1106 1178 totius
1127 1122 1474 1179 Christianae
1494 1121 1800 1192 religionis

177 1210 313 1266 cultu
340 1208 584 1282 profana
618 1214 816 1265 mente
847 1210 1170 1267 recesserit.
1200 1210 1459 1268 Audistis
1505 1209 1800 1284 quemad-

174 1297 396 1353 modum
425 1297 716 1353 canonice
746 1297 824 1353 ad
856 1299 1345 1355 satisfaciendum
1398 1304 1681 1356 evocatus
1708 1299 1798 1364 sit,

173 1389 266 1445 sed
294 1387 485 1443 venire
514 1386 825 1458 distulerit,
858 1389 1170 1461 quomodo
1205 1390 1543 1462 frequenter
1593 1389 1802 1445 admo-

170 1479 311 1534 nitus
338 1481 396 1532 ut
421 1475 791 1549 resipisceret
819 1494 853 1534 a
880 1477 1110 1551 laqueis
1141 1478 1386 1548 diaboli,
1437 1478 1660 1552 quibus
1717 1481 1799 1533 te-

168 1572 324 1625 netur
348 1566 638 1629 astrictus,
683 1567 858 1639 363
911 1568 1334 1624 saluberrimas
1360 1567 1800 1625 admonitiones

165 1655 431 1711 obturatis
464 1655 714 1712 auribus
740 1655 936 1712 cordis
966 1657 1173 1713 audire
1211 1658 1651 1730 contempserit.
1687 1660 1798 1714 Do-

166 1745 343 1800 minus
368 1744 512 1801 dicit
535 1745 598 1800 in
633 1745 953 1817 Evangelio
1009 1746 1084 1802 de
1137 1747 1234 1802 tali
1292 1747 1633 1804 contumaci
1680 1747 1800 1803 fra-

167 1841 254 1902 tre,
281 1834 378 1907 qui
403 1833 869 1890 ecclesiasticam
900 1835 1094 1892 renuit
1122 1836 1422 1910 suscipere
1477 1837 1800 1910 correptio-

163 1941 302 1980 nem.
338 1927 405 1980 Si
431 1925 758 1982 Ecclesium
782 1941 902 1981 non
923 1926 1201 1994 audierit,
1235 1928 1312 1982 sit
1341 1928 1467 1996 tibi,
1494 1926 1704 1999 inquit,
1728 1928 1803 1982 si-

164 2020 249 2070 cut
278 2015 546 2071 ethnicus
577 2019 631 2070 et
657 2015 1020 2084 publicanus
1078 2016 1320 2082 (Matth.
1348 2017 1484 2087 xm)
1513 2034 1525 2083 ;
1587 2015 1646 2072 id
1689 2020 1798 2085 est,

158 2104 269 2172 jam
290 2119 410 2159 non
437 2108 532 2160 est
559 2104 1004 2176 computandus
1042 2104 1194 2160 inter
1250 2105 1638 2174 Christianos,
1693 2103 1801 2160 sed

161 2193 295 2248 inter
319 2207 612 2266 paganos.
646 2193 789 2248 Hinc
817 2191 1034 2248 Paulus
1053 2193 1287 2249 Domini
1308 2199 1364 2249 et
1386 2193 1636 2263 Magistri
1655 2193 1800 2249 doc-

161 2282 356 2337 trinam
390 2299 675 2355 sequens,
714 2281 1047 2339 Corinthios
1091 2282 1396 2351 redarguit
1443 2297 1630 2354 quare
1660 2297 1800 2337 cum

157 2370 478 2426 criminosis
508 2387 576 2426 ac
603 2371 902 2426 sceleratis
950 2369 1440 2426 communionem
1487 2369 1799 2435 haberent,

151 2457 360 2514 dicens.
409 2460 520 2515 Vos
548 2460 746 2528 inﬂati
770 2460 928 2530 estis,
960 2465 1014 2514 et
1046 2475 1164 2514 non
1194 2460 1382 2528 magis
1413 2459 1640 2514 luctum
1697 2459 1802 2514 ha—

153 2547 367 2616 buistis,
403 2555 472 2603 ut
504 2549 758 2604 tollatur
812 2548 883 2603 de
913 2546 1103 2603 medio
1131 2551 1388 2603 vestrum
1447 2547 1502 2618 (Ι
1532 2546 1668 2603 Cor.
1692 2546 1748 2617 v)
1785 2563 1798 2614 ;

149 2638 197 2693 id
219 2643 332 2707 est,
363 2641 678 2709 separetur
706 2655 741 2693 a
770 2639 967 2693 vestro
993 2637 1292 2693 consortio
1316 2636 1422 2710 qui
1450 2635 1565 2692 tale
1606 2635 1802 2692 scelus

149 2731 422 2799 operatus
455 2729 563 2780 est.
591 2727 654 2780 Et
681 2723 957 2796 adjungit
988 2743 1000 2779 :
1027 2725 1152 2795 E’go
1183 2726 1419 2796 quidem
1441 2724 1652 2781 absens
1677 2740 1806 2781 cor-

148 2832 294 2886 pore,
316 2830 590 2886 prazsens
619 2820 814 2869 autem
847 2814 1086 2884 spiritu,
1106 2816 1241 2883 jam
1259 2815 1542 2884 judicavi
1557 2820 1622 2869 ut
1640 2829 1800 2884 prae-

151 2921 266 2960 sens
295 2920 428 2961 eum
463 2903 571 2975 qui
592 2904 674 2958 sic
693 2907 974 2972 operatus
1005 2907 1110 2970 est,
1142 2903 1204 2957 in
1272 2904 1510 2958 nomine
1558 2903 1804 2958 Domini

1911 401 1964 458 ei
1994 418 2056 457 se
2087 403 2418 472 sociaverit,
2441 410 2499 460 et
2525 405 3060 463 communicaverit
3104 407 3234 478 ejus
3281 411 3566 482 operibus

1911 491 2216 562 malignis,
2245 494 2476 550 noverit
2497 511 2560 550 se
2582 495 2757 550 simili
2774 511 3126 568 percussum
3145 499 3526 557 anathemate
3551 521 3564 569 ;

1911 575 2004 631 his
2030 577 2290 650 exceptis
2313 578 2418 651 qui
2442 579 2522 634 ob
2550 579 2711 635 hanc
2738 596 2986 636 causam
3017 580 3070 636 ei
3111 581 3448 652 junguntur
3504 589 3567 642 ut

1911 681 2051 720 eum
2074 671 2353 722 revocent
2381 667 2462 723 ab
2487 684 2706 735 errore,
2733 672 2791 724 et
2818 673 3147 740 provocent
3174 670 3254 726 ad
3293 673 3562 730 satisfac-

1912 753 2132 810 tionem
2165 773 2178 822 ;
2207 755 2320 810 nisi
2341 755 2488 812 forte
2512 756 2846 830 resipuerit,
2890 761 2948 813 et
3007 757 3105 813 Dei
3161 761 3352 830 gratia
3388 762 3570 836 inspi-

1910 842 2077 894 rante
2107 839 2183 894 ad
2215 841 2573 918 penitentiae
2612 841 2944 897 remedium
2997 858 3322 900 conversus
3373 846 3568 915 fuerit,

1909 931 1968 984 et
1991 927 2176 998 digna
2201 929 2620 988 emendatione
2678 931 2946 988 Ecclesiae
2997 933 3116 1001 Dei,
3174 949 3361 1006 quam
3392 935 3564 1007 laesit,

1911 1017 2213 1074 humiliter
2233 1019 2603 1077 satisfecerit.

2222 1112 2342 1162 ltem
2359 1113 2461 1161 alia
2484 1113 2754 1164 terribilior
2769 1115 3238 1166 cxcommnnicatio.

1983 1193 2271 1249 CCCCXII.
2301 1195 2645 1261 (BL’RCHARD.
2677 1195 2780 1252 lib.
2805 1212 2886 1265 xx,
2915 1213 2968 1254 c.
3000 1201 3053 1264 6,
3087 1201 3145 1253 et
3162 1197 3328 1270 apud
3358 1201 3563 1256 Cauru-

1913 1292 2202 1345 nuronss,
2234 1279 2400 1348 ibid.)
2453 1280 2754 1336 Canonica
2812 1281 3083 1338 instituta
3130 1286 3186 1338 et
3221 1287 3569 1339 sanctorum

1913 1367 2153 1421 Patrum
2183 1367 2457 1440 exempla
2480 1373 2819 1441 sequentes,
2851 1369 3238 1427 ecclesiarum
3269 1371 3369 1427 Dei
3391 1371 3573 1428 viola-

1911 1452 2148 1525 latores,
2180 1455 2451 1513 videlicet
2475 1462 2763 1531 raptores,
2792 1458 3256 1533 depraedatores,
3289 1463 3347 1516 et
3374 1460 3572 1518 homi-

1912 1537 2077 1594 cidas
2109 1538 2241 1594 illos
2271 1539 2332 1595 in
2361 1541 2604 1597 nomine
2626 1543 2828 1609 Patris,
2857 1547 2914 1598 et
2950 1543 3092 1614 Filii,
3145 1549 3201 1600 et
3251 1543 3310 1599 in
3358 1544 3569 1601 virtute

1915 1625 2163 1700 Spiritus
2193 1628 2400 1697 sancti,
2428 1645 2537 1686 nec
2567 1645 2687 1686 non
2716 1631 3062 1688 auctoritate
3111 1631 3406 1704 episcopis
3464 1649 3572 1706 per

1913 1718 2147 1772 Petrum
2177 1717 2508 1790 principem
2533 1718 2944 1791 apostolorum
2991 1719 3280 1776 divinitus
3330 1719 3567 1788 collata,

1913 1817 1949 1857 a
1977 1806 2196 1857 sanctae
2227 1802 2432 1858 matris
2491 1803 2763 1858 Ecclesiae
2814 1804 3042 1874 gremio
3069 1819 3460 1874 segregamus
3494 1821 3566 1862 ac

1911 1893 2208 1962 perpetuae
2259 1890 2693 1946 maledictionis
2769 1892 3152 1950 anathemate
3198 1893 3567 1949 condemna-

1910 1977 2343 2052 mus.Sintque
2399 1979 2696 2036 maledicti
2740 1979 2804 2035 in
2858 1979 3110 2050 civitate,
3160 1980 3458 2040 maledicti
3507 1980 3569 2036 in

1913 2078 2078 2132 agro,
2102 2062 2489 2119 maledictum
2528 2063 2810 2120 horreum
2865 2080 3098 2136 eorum,
3131 2069 3186 2120 et
3236 2064 3568 2121 maledicta;

1914 2151 2093 2224 365
2129 2151 2392 2224 reliquie:
2415 2151 2679 2215 illorum.
2714 2153 3069 2209 maledictus
3090 2152 3315 2209 fructus
3344 2153 3568 2209 ventris

1912 2256 2143 2309 eorum,
2168 2243 2225 2294 et
2255 2239 2477 2294 fructus
2510 2245 2676 2295 terrm
2704 2239 2964 2296 illorum.
2997 2239 3283 2297 Maledicti
3309 2241 3426 2297 sint
3480 2239 3570 2295 in-

1914 2323 2273 2394 gredientes,
2306 2328 2363 2378 et
2393 2323 2694 2379 maledicti
2727 2324 2843 2380 sint
2873 2325 3279 2394 egredientes;
3337 2323 3572 2396 sintque

1914 2413 1975 2468 in
2001 2412 2186 2486 domo
2218 2411 2534 2479 maledicti,
2567 2413 2627 2467 in
2669 2428 2816 2482 agro
2867 2413 3105 2486 profugi
3141 2431 3154 2482 ;
3209 2413 3571 2486 veniantque

1916 2516 2096 2573 super
2116 2516 2219 2556 eos
2249 2516 2460 2556 omnes
2481 2500 2594 2556 illze
2625 2501 3072 2558 maledictiones
3099 2517 3253 2575 quas
3283 2502 3572 2558 Dominus

1914 2602 2020 2659 per
2053 2588 2292 2658 Moysen
2319 2583 2378 2639 in
2409 2584 2704 2658 populum
2735 2585 2950 2641 divinae
2974 2585 3122 2656 legis
3150 2585 3569 2658 praevaricato-

1913 2691 2040 2732 rem
2072 2690 2135 2731 se
2163 2691 2290 2731 esse
2321 2674 2645 2730 missurum
2668 2674 3015 2744 intentavit;
3077 2675 3311 2748 sintque
3333 2675 3574 2732 anathe-

1913 2781 2016 2820 ma
2045 2763 2424 2831 maranatha,
2454 2763 2515 2819 id
2541 2769 2649 2833 est,
2682 2769 2928 2836 pereant
2948 2764 3009 2820 in
3027 2763 3293 2821 secundo
3310 2764 3572 2821 adventu

1915 2849 2170 2906 Domini.
2205 2847 2409 2904 Nullus
2439 2847 2522 2904 eis
2571 2848 2936 2905 Christianus
2982 2865 3088 2905 ave
3137 2848 3317 2905 dicat.
3365 2848 3570 2905 Nullus

1912 2937 2225 3011 presbyter
2254 2937 2503 2993 missam
2534 2935 2830 2993 celebrare
2862 2942 3209 3010 praesumat,
3259 2937 3348 2993 vel
3404 2953 3575 2996 sane-

151 2997 328 3051 ηοετνε
350 2995 498 3095 me:
532 2993 762 3100 σωθείη
781 2991 1157 3100 cremari“
1187 2991 1349 3100 υιτοίε
1365 2997 1434 3100 ,ει
1462 3007 1588 3100 meo
1606 2992 1800 3096 ,θρίνί-
1838 3017 1881 3073 c
1912 2991 2554 3084 {mammosa
2583 2991 3258 3100 ἀειρεῑεειςυιτίυέαξέὶῑιί
3274 2991 3571 3100 span-

153 3090 226 3150 tu,
248 3101 378 3142 cum
410 3085 637 3140 virtute
666 3082 902 3138 Domini
929 3082 1045 3137 mei
1061 3082 1205 3138 Jesu
1239 3083 1480 3139 tradere
1505 3081 1803 3152 hujusmo-

149 3174 206 3229 di
254 3175 503 3232 Satanw
562 3174 622 3229 in
661 3172 970 3228 interitum
1053 3172 1254 3227 carnis
1298 3171 1506 3242 (ibid.).
1568 3174 1634 3227 Et
1665 3176 1802 3246 post

151 3278 331 3334 pauca
364 3281 377 3320 :
413 3263 656 3333 Scripsi
689 3259 849 3318 vobis
879 3276 952 3316 ne
1001 3261 1499 3316 commisceamini
1538 3262 1804 3330 fornica-

151 3353 244 3408 riis
270 3353 478 3424 (ibid).
515 3354 585 3407 Et
613 3349 810 3406 statim
835 3347 1009 3404 infert
1042 3347 1147 3404 :Si
1166 3349 1298 3418 quis
1319 3349 1803 3418 fraterappella-

151 3447 259 3508 tur,
286 3442 345 3498 id
371 3445 466 3498 est
494 3438 889 3507 Christianus,
916 3443 973 3493 et
989 3437 1332 3507 fornicator
1351 3443 1434 3493 est
1455 3442 1560 3493 aut
1577 3452 1798 3508 rapam,

149 3545 269 3587 cum
302 3529 660 3602 hujusmodi
679 3542 786 3584 nec
805 3525 1000 3582 cibum
1031 3540 1263 3582 sumere
1288 3525 1499 3596 (ibid)
1534 3527 1600 3581 Et
1614 3525 1755 3582 alibi
1784 3543 1796 3582 :

148 3619 382 3688 Auferte
400 3621 639 3676 malum
669 3631 743 3673 ear
763 3614 924 3672 vobis
945 3613 1004 3686 (Ι
1029 3614 1164 3670 Cor.
1199 3614 1318 3684 γη).
1350 3616 1416 3669 Et
1433 3613 1720 3682 Inﬁdelis,
1750 3615 1804 3670 si

148 3707 396 3781 discedit,
428 3706 705 3764 discedat
739 3705 796 3775 (I
821 3703 960 3759 Cor.
990 3701 1072 3770 v).
1108 3703 1236 3757 Una
1265 3701 1425 3757 enim
1462 3701 1592 3758 ovis
1638 3717 1799 3758 mor-

147 3797 273 3855 bida
299 3813 560 3855 omnem
585 3809 828 3865 gregem
859 3789 1250 3860 contaminat,
1281 3793 1338 3846 et
1353 3789 1662 3846 modicum
1694 3789 1801 3844 fer-

147 3889 396 3942 mentum
423 3889 626 3944 totam
656 3897 922 3940 massam
955 3876 1301 3951 corrumpit,
1333 3881 1389 3934 et
1441 3877 1799 3951 plerumque

147 3989 316 4031 unum
339 3975 701 4032 membrum
732 3969 1042 4046 putridum
1071 3969 1265 4025 totum
1313 3982 1532 4040 corpus
1591 3965 1800 4022 inﬁcit.

147 4064 203 4119 Et
222 4063 350 4122 ideo
373 4069 502 4122 tam
553 4061 895 4138 perniciosa
920 4056 1104 4132 pestis
1135 4071 1171 4112 a
1226 4071 1474 4130 corpore
1530 4054 1800 4112 Ecclesiae

144 4153 408 4212 radicitus
439 4151 765 4213 evellatur.

729 4245 1210 4298 Excommunicatio.

1911 3117 2006 3169 tur
2031 3117 2088 3168 et
2112 3113 2172 3168 in
2203 3111 2637 3184 sterquilinium
2662 3111 2776 3167 sint
2805 3127 2986 3184 super
3023 3111 3235 3169 faciem
3257 3116 3447 3168 terrm.
3505 3115 3572 3169 Et

1911 3203 2062 3258 sicut
2088 3202 2181 3258 hae
2212 3201 2470 3257 lucernas
2498 3201 2572 3256 de
2603 3200 2884 3257 manibus
2913 3201 3134 3257 nostris
3155 3201 3436 3274 projectte
3458 3202 3569 3257 ho-

1909 3290 2005 3346 die
2031 3290 2510 3360 exstinguuntur,
2544 3288 2625 3344 sic
2649 3304 2857 3345 eorum
2890 3289 3134 3345 lucerna
3163 3288 3223 3344 in
3280 3293 3570 3346 aeternum

1909 3375 2362 3447 exstinguatur;
2420 3373 2535 3429 nisi
2560 3373 2707 3429 forte
2756 3373 3134 3447 resipuerint,
3190 3378 3247 3429 et
3294 3373 3567 3430 Ecclesiae

1909 3464 2029 3533 Dei,
2051 3480 2237 3537 quam
2267 3463 2566 3532 laeserunt,
2591 3477 2698 3533 per
2723 3461 3207 3518 emendationem
3260 3465 3316 3519 et
3359 3462 3569 3520 condi-

1907 3571 2093 3626 gnam
2123 3551 2535 3626 pcenitentiam
2571 3551 2980 3607 satisfecerint.

2395 3642 2859 3692 Excommunicatio
2889 3641 3073 3692 brevis.

1983 3726 2294 3784 CCCCXIII.
2327 3726 2665 3794 (BITRCIIARD.
2690 3721 2794 3776 lib.
2828 3737 2903 3782 vi,
2931 3739 2984 3776 c.
3015 3728 3068 3789 '7,
3094 3725 3150 3777 et
3171 3720 3337 3793 apud
3359 3723 3569 3778 CENTU-

1908 3831 2198 3883 nmronss,
2231 3812 2398 3882 ibid.)
2439 3809 2738 3866 Canonica
2781 3809 3068 3877 instituta,
3110 3812 3168 3865 et
3221 3812 3569 3864 sanctorum

1909 3904 2148 3958 Patrum
2174 3895 2451 3969 exempla
2479 3898 2815 3967 sequentes,
2847 3893 3234 3950 ecclesiarum
3266 3892 3366 3949 Dei
3387 3893 3571 3950 viola-

1906 3995 2066 4048 tores
2090 3987 2222 4045 illos
2251 3985 2600 4043 auctoritate
2616 3983 2783 4040 Deiet
2803 3982 3030 4054 judicio
3052 3983 3241 4040 sancti
3265 3981 3514 4058 Spiritus
3532 3998 3571 4040 a

1907 4079 2136 4153 gremio
2168 4080 2385 4134 sanctae
2414 4073 2622 4132 matris
2653 4072 2922 4129 Ecclesiae
2952 4077 3008 4130 et
3035 4073 3339 4131 consortio
3389 4071 3567 4129 totius

1911 4161 2364 4223 Christianitatis
2397 4159 2798 4226 eliminamus,
2853 4173 3170 4232 quousque
3215 4156 3568 4231 resipiseant

1910 4261 1968 4314 et
1993 4252 2263 4312 Ecclesia:
2295 4250 2395 4307 Dei
2426 4248 2817 4306 satisfaciant.

207 4335 459 4391 CCCCXI.
493 4333 854 4406 (Buncusnn.
885 4328 990 4384 lib.
1012 4342 1097 4398 χι,
1126 4343 1179 4382 c.
1213 4329 1266 4395 5,
1299 4327 1356 4380 et
1383 4323 1548 4397 apud
1597 4324 1800 4424 Capru-

1966 4345 2188 4402 uatiter
2216 4341 2519 4411 episcopus
2549 4337 2891 4424 reconciliet
2922 4339 3016 4394 vet
3042 4337 3296 4406 recipiat
3341 4351 3568 4393 excom—

152 4437 420 4495 mronss,
451 4423 636 4493 ibid.)
669 4417 990 4477 Dominicis
1016 4416 1196 4487 igitur
1224 4417 1406 4487 atque
1462 4411 1803 4486 apostolicis

152 4509 434 4572 informati
458 4508 806 4588 praeceptis,
834 4505 1061 4581 judicio
1083 4504 1294 4573 Patris,
1318 4507 1376 4560 et
1399 4501 1522 4560 Filii
1542 4502 1672 4574 ejus
1694 4502 1804 4557 Do-

153 4600 284 4657 mini
310 4602 498 4660 nostri
527 4604 674 4659 Jesu
699 4596 929 4665 Christi,
957 4598 1014 4653 et
1049 4593 1298 4668 Spiritus
1358 4590 1537 4664 365
1592 4589 1802 4657 sancti,

154 4693 485 4749 auctoritate
516 4696 579 4749 et
603 4690 900 4764 potestate
939 4681 1226 4759 apostolis
1273 4679 1806 4755 apostolorumque

157 4776 594 4836 successoribus
626 4792 663 4833 a
693 4778 812 4833 Deo
834 4787 1142 4841 concessa,
1169 4785 1294 4826 una
1317 4767 1633 4824 vobiscum
1661 4777 1810 4836 pras-

156 4863 362 4925 dictum
391 4867 740 4942 pessimum
754 4864 952 4921 virum
974 4878 1010 4919 a
1025 4857 1334 4917 liminibus
1360 4857 1580 4911 sancta:
1602 4849 1810 4908 matris

159 4955 408 5014 Eccluiae
439 4954 828 5014 excludimus
852 4950 1011 5008 etab
1041 4946 1207 5006 omni
1239 4944 1518 5002 societate
1539 4944 1595 4996 et
1649 4954 1811 4994 com-

158 5045 424 5104 munione
485 5043 832 5104 Christiana
906 5052 1280 5112 separamus,
1342 5033 1810 5106 separatumque

158 5145 272 5190 esse
299 5135 360 5191 in
386 5139 686 5196 aeternum
707 5129 1110 5196 decernimus,
1143 5125 1203 5182 id
1221 5128 1310 5180 est
1331 5122 1391 5178 in
1408 5117 1686 5195 praesenti
1709 5132 1814 5172 see-

157 5223 277 5282 culo
304 5231 360 5284 et
387 5225 449 5283 in
488 5227 716 5282 futuro.
747 5219 953 5278 Nullus
984 5215 1352 5276 Christianus
1383 5211 1436 5269 ei
1467 5225 1576 5269 ave
1632 5207 1811 5274 dicat,

157 5319 249 5371 aut
265 5332 404 5374 eum
431 5314 701 5374 osculari
735 5311 1079 5386 praesumat.
1109 5305 1312 5364 Nullus
1334 5300 1646 5376 presbyter
1673 5311 1811 5354 cum

156 5416 220 5460 eo
245 5405 495 5464 missam
527 5403 833 5462 celebrare
859 5399 1081 5458 audeat
1106 5395 1203 5453 vel
1218 5393 1670 5452 sacrosanctum
1691 5400 1814 5442 cor-

155 5508 260 5565 pus
288 5501 344 5553 et
368 5494 740 5568 sanguinem
773 5489 1007 5549 Domini
1036 5486 1290 5546 tradere.
1321 5487 1505 5542 Nemo
1528 5479 1579 5536 ei
1599 5478 1817 5549 junga-

220 5678 362 5746 (3‘28)
401 5674 553 5733 Vide
586 5689 770 5748 supra
795 5687 930 5744 cap.
964 5672 1068 5726 289
1099 5667 1281 5739 hujus
1309 5663 1467 5721 libri.

545 5766 795 5822 PATRCL.
833 5759 1082 5818 CXXXII.

2541 4423 2932 4480 municatum.

1984 4517 2292 4578 CCCCXIV.
2322 4517 2664 4588 (Buncusno.
2696 4511 2801 4566 lib.
2832 4524 2908 4577 χι,
2939 4525 2990 4564 e.
3023 4508 3100 4579 8.)
3127 4511 3276 4565 Cum
3304 4505 3565 4578 antiquis

1913 4605 2467 4670 excommunicatus
2495 4601 2590 4658 vel
2623 4597 3177 4664 anathematizatus,
3223 4592 3572 4668 poenitentia

1912 4697 2148 4764 ductus,
2180 4690 2416 4748 veniam
2444 4685 2724 4762 postulat,
2750 4687 2806 4740 et
2829 4679 3314 4739 emendationem
3331 4676 3573 4751 promit-

1913 4788 1996 4856 tit,
2023 4783 2202 4858 366
2225 4780 2548 4855 episcopus
2563 4774 2668 4849 qui
2687 4789 2826 4830 eum
2848 4766 3412 4858 excommunicavit,
3435 4769 3572 4858 ante

1909 4854 2134 4948 januas
2155 4854 2420 4927 ecclesiae.
2446 4865 2662 4948 venire
2676 4861 2874 4948 debet,
2906 4861 2963 4948 et
2981 4855 3302 4948 duodecim
3324 4854 3574 4948 presby-

1916 4939 2023 5018 teri
2053 4973 2192 5014 cum
2213 4971 2304 5022 eo,
2323 4952 2426 5025 qui
2447 4965 2587 5006 eum
2609 4947 2746 5003 hinc
2761 4943 2898 5000 inde
2913 4943 3297 4998 circumstare
3321 4939 3571 5008 debent;

1918 5047 2020 5104 ubi
2052 5045 2229 5102 etiam
2248 5040 2462 5097 adesse
2489 5029 3040 5104 debentilliquibus
3064 5026 3383 5099 injuriavel
3402 5026 3576 5083 dam-

1919 5154 2068 5196 num
2099 5134 2329 5191 illatum
2357 5133 2445 5185 est
2475 5145 2490 5195 ;
2531 5129 2589 5182 et
2611 5123 2692 5180 ibi
2715 5119 3048 5179 secundum
3077 5118 3238 5189 leges
3265 5117 3499 5174 divinas
3524 5122 3583 5173 et

1920 5225 2222 5281 humanas
2252 5215 2486 5288 oportet
2511 5211 2805 5267 damnum
2835 5204 3227 5262 commissum
3249 5201 3580 5270 emendari,

1921 5315 2042 5377 aut,
2075 5309 2120 5364 si
2139 5309 2271 5379 jam
2293 5300 2680 5360 emendatum
2697 5301 2805 5363 est,
2825 5311 3035 5351 eorum
3053 5292 3394 5379 testimonio
3422 5307 3583 5379 com-

1918 5376 2186 5472 probari.
2214 5386 2433 5446 Deinde
2462 5385 2781 5453 interroget
2817 5380 3137 5472 episeopus
3193 5377 3240 5432 si
3297 5376 3586 5449 paeniten—

1923 5470 2084 5553 tiam,
2113 5483 2284 5556 juxta
2311 5475 2477 5551 quod
2507 5488 2766 5531 canones
2796 5470 3171 5544 praecipiunt,
3202 5483 3312 5540 pro
3376 5479 3582 5539 perpe-

2766 5719 2908 5778 12‘
