4046 6190
488 174 555 224 63
1594 158 1920 217 REGIONIS
1959 156 2261 213 l’RUMIEN
2273 158 2375 214 SlS
2412 161 2720 217 ABBA’I‘IS.

3766 167 3865 223 364

434 291 594 348 tratis
615 285 936 344 sceleribus
964 284 1267 357 suscipere
1290 283 1444 341 velit.
1479 286 1545 339 Et
1575 283 1626 339 si
1650 282 1746 339 ille
1767 287 1935 339 terrae
1957 295 2092 353 pro-
2123 283 2168 333 A
2208 284 2291 339 De
2311 296 2374 339 eo
2401 287 2507 356 qui
2525 284 2789 341 bannum
2821 285 3080 354 episcopi
3092 286 3184 341 vel
3199 287 3542 357 presbyteri
3545 288 3868 356 parvipen-

434 380 650 437 stratus
678 375 922 432 veniam
944 373 1227 447 postulat,
1249 373 1490 447 culpam
1508 373 1843 439 conﬁtetur,
1900 368 2090 444 poeni-

432 467 673 525 tentiam
694 464 996 538 implorat,
1019 463 1095 520 de
1112 462 1322 520 futuris
1340 463 1636 520 cautelam
1652 460 1930 535 spondet,
1952 463 2091 516 tunc

431 557 768 631 episcopus,
798 554 1177 628 apprehensa
1203 569 1391 609 manu
1415 554 1545 624 ejus
1578 553 1840 633 dextera,
1864 565 2005 607 eum
2025 548 2089 604 in

431 646 745 703 ecclesiam
775 644 1132 710 introducat,
1163 647 1221 698 et
1266 642 1318 698 ei
1366 641 1855 698 communionem
1913 644 1971 695 et
1998 654 2090 694 so-

432 737 700 794 cietatem
736 732 1126 791 Christianam
1153 730 1384 786 reddat.
1431 734 1565 786 Post
1592 731 1720 785 haec
1752 726 2089 785 secundum

431 826 682 883 modum
708 822 895 894 culpae
921 819 1333 893 paenitentiam
1362 819 1415 875 ei
1445 819 1738 889 iniunget,
1780 823 1837 874 et
1865 818 2090 873 litteras

432 932 538 989 per
557 912 908 986 parochiam
930 908 1164 977 dirigat,
1189 913 1254 963 ut
1277 923 1489 963 omnes
1517 908 1793 963 noverint
1834 921 1975 962 eum
2027 904 2087 959 in

432 1003 707 1059 societate
736 998 1069 1055 Christiana
1094 1002 1422 1069 receptum.
1455 997 1595 1052 Aliis
1626 996 1805 1052 etiam
1858 994 2090 1068 episco-

431 1090 522 1162 pis
550 1088 664 1143 hoc
696 1092 902 1143 notum
937 1088 1134 1143 faciat.
1159 1087 1368 1143 Nullus
1398 1092 1598 1143 autem
1625 1087 1947 1158 episcopus
2003 1083 2089 1140 a1—

431 1177 608 1233 terius
638 1176 1076 1249 parocliianum
1107 1176 1630 1232 excommunicarc
1679 1174 1769 1229 vel
1828 1172 2091 1229 reconci-

430 1267 572 1323 liare
600 1270 925 1339 praesumat
957 1264 1085 1319 sine
1112 1264 1476 1321 conscientia
1508 1263 1599 1319 vel
1626 1278 1927 1319 consensu
1956 1277 2092 1335 pro-

432 1356 543 1429 prii
572 1356 858 1433 episcopi.

434 1449 598 1502 Deeo
623 1446 726 1516 qui
743 1450 974 1516 patrem
1008 1445 1101 1500 vel
1132 1450 1383 1500 matrem
1419 1443 1766 1499 inhonorat.
1825 1441 1923 1497 Ex
1953 1455 2087 1496 con-

924 1534 1062 1588 cilio
1104 1532 1583 1601 Rothomagensi.

2754 374 2862 428 dit.
2914 374 3079 429 Unde
3100 389 3309 443 supra.

2274 462 2593 519 CCCCXIX.
2618 460 2892 534 Quisquis
2918 460 3188 517 bannuin
3242 461 3331 517 vel
3374 463 3865 520 excommunica-

2204 549 2426 607 tionem
2457 551 2721 623 episcopi
2782 550 2876 607 vel
2926 550 3256 622 presbyteri
3315 552 3405 608 sui
3462 553 3867 626 superbiendo

2203 638 2667 711 parvipenderit,
2700 640 2795 696 hic
2826 639 2957 697 talis
2988 639 3067 696 ab
3096 638 3349 697 Ecclesia
3379 641 3617 713 penitus
3649 641 3866 698 evella-

2202 730 2312 782 tur.
2346 729 2437 784 Ait
2464 729 2624 784 enim
2654 728 2943 785 Dominus
2974 728 3051 784 ad
3080 731 3318 800 Moysen
3370 747 3383 784 :
3436 730 3682 799 Anima,
3736 747 3868 803 qua:

2201 817 2594 886 superbiendo
2616 818 2969 874 mandatum
3000 819 3241 874 Domini
3257 824 3633 890 transgressa
3647 821 3865 889 fuerit,

2198 906 2415 975 peribit
2439 908 2511 964 de
2533 909 2760 978 populo
2788 923 2895 963 suo
2915 907 3118 976 (Num.
3151 910 3267 979 xv).
3301 908 3447 964 Hinc
3480 908 3778 965 Dominus
3808 910 3868 966 in

2202 997 2526 1065 Evangelio
2564 1014 2588 1053 .'
2638 998 2752 1066 Qui
2771 1014 2869 1053 vos
2899 1000 3149 1067 spernit,
3178 1014 3266 1054 me
3292 999 3527 1068 spernit
3578 999 3750 1069 (Luc.
3784 1002 3866 1070 ι).

2204 1087 2269 1140 Et
2300 1089 2531 1158 Moyses
2565 1086 3026 1142 contumacibus
3052 1086 3195 1142 dicit
3226 1104 3238 1142 :
3266 1089 3400 1143 Non
3431 1093 3648 1145 contra
3674 1095 3868 1146 meast

2198 1190 2476 1231 murmur
2508 1181 2790 1245 vestrum,
2846 1176 2948 1231 sed
2998 1181 3210 1232 contra
3264 1178 3585 1235 Dominum
3642 1178 3866 1247 (Exod.

2196 1263 2339 1334 xvn).
2374 1266 2441 1320 Et
2459 1263 2691 1321 Dathan
2722 1268 2778 1319 et
2805 1262 3030 1320 Abiron
3062 1263 3180 1320 vivi
3217 1264 3487 1338 absorpti
3528 1269 3690 1336 sunt,
3724 1266 3870 1340 quia

2198 1351 2648 1410 insurrexerunt
2671 1352 2958 1410 adversus
2981 1352 3265 1411 eumdem
3293 1357 3558 1427 Moysen,
3615 1359 3676 1412 et
3731 1356 3866 1429 ejus

2198 1442 2555 1500 mandatum
2576 1447 2945 1516 spreverunt.
2981 1445 3047 1501 Et
3072 1441 3207 1500 ideo
3238 1443 3352 1500 tale
3382 1444 3580 1501 scelus
3640 1445 3867 1515 gravis-

2198 1530 2348 1589 sime
2374 1530 2807 1587 vindicandum
2832 1534 2938 1587 est.

500 1624 781 1679 CCCCXV.
813 1621 869 1677 Si
890 1621 1024 1694 quis
1041 1625 1273 1694 patrem
1296 1625 1664 1676 autmatrem
1695 1617 1965 1691 percutit,
1985 1619 2088 1673 aut
2120 1636 2164 1693 Β
2198 1620 2377 1692 309
2410 1620 2491 1676 De
2528 1620 2881 1690 presbytero
2937 1622 3043 1692 qui
3093 1621 3276 1676 fuerit
3320 1620 3715 1692 degradatus.
3770 1624 3867 1678 Ea:

428 1704 747 1778 maledicit,
779 1709 923 1782 quia
953 1708 1227 1781 capitalia
1274 1707 1524 1763 crimina
1545 1706 1867 1773 commisit,
1890 1703 2086 1777 publi-

428 1818 562 1857 cam
591 1800 729 1855 inde
759 1797 1168 1871 paenitentiam
1193 1800 1353 1867 agat,
1389 1797 1558 1851 siculi
1584 1795 1657 1849 de
1709 1793 2085 1865 gravioribus

426 1889 706 1963 peccatis.
741 1889 831 1944 Ait
861 1888 1018 1943 enim
1050 1887 1337 1942 Dominus
1369 1903 1382 1941 :
1420 1887 1534 1954 Qui
1559 1884 1943 1940 maledixcﬁt
1979 1898 2087 1952 pa-

428 1981 511 2033 tri
530 1979 619 2034 vel
637 1977 836 2043 mam,
860 1981 1049 2031 morte
1063 1976 1361 2031 moriatur
1378 1973 1589 2041 (Exod.
1610 1974 1689 2041 ιι).
1712 1972 1901 2037 Quem
1925 1970 2083 2027 enim

426 2064 715 2124 Domimis
746 2066 997 2135 dignum
1024 2068 1215 2120 morte
1246 2062 1494 2133 judicat.
1527 2060 1738 2135 procul
1760 2059 1946 2117 dubio
1974 2074 2085 2132 pro

424 2155 731 2212 homicida
759 2158 1009 2222 tenetur,
1047 2146 1217 2224 367
1282 2156 1339 2206 et
1364 2151 1515 2206 sicut
1570 2149 1877 2206 homicida
1908 2144 2087 2205 debet

426 2243 733 2317 poenitere.

425 2336 517 2389 De
553 2331 820 2389 bubulcis
850 2336 902 2387 et
949 2328 1266 2400 porcariis,
1315 2335 1380 2383 ut
1425 2329 1505 2384 ad
1547 2329 1787 2384 missam
1843 2328 2083 2383 veniant

565 2422 775 2477 saltem
810 2421 872 2474 in
904 2420 1229 2474 Dominicis
1258 2418 1484 2474 diebus.
1540 2418 1707 2474 Unde
1730 2432 1940 2486 supra.

500 2510 801 2568 CCCCXVI.
859 2508 1202 2579 (Buacnmn.
1237 2505 1340 2563 lib.
1388 2523 1448 2574 ιι,
1494 2524 1545 2562 c.
1582 2505 1696 2577 7t.)
1748 2504 2085 2560 Admonere

424 2598 647 2657 debent
672 2599 1010 2656 sacerdotes
1042 2588 1246 2671 plebes
1277 2596 1386 2652 sibi
1416 2593 1686 2651 subditas
1704 2598 1769 2650 ut
1790 2594 2085 2651 bubulcos

424 2691 604 2761 atque
633 2686 940 2760 porcarios
965 2684 1060 2741 vel
1089 2684 1237 2740 alios
1259 2688 1527 2757 pastores
1558 2682 1650 2739 vel
1681 2684 2085 2755 aratores,qui

424 2776 486 2832 in
511 2775 671 2847 agris
702 2774 941 2832 assidue
973 2777 1425 2830 commorantur
1452 2770 1541 2826 vel
1567 2771 1627 2826 in
1661 2770 1840 2840 silvis,
1871 2774 1925 2826 et
1948 2768 2085 2828 ideo

424 2881 591 2921 more
622 2863 925 2938 pecudum
955 2862 1184 2927 vivunt,
1210 2860 1270 2916 in
1304 2860 1623 2915 Dominicis
1655 2862 1711 2914 et
1739 2859 1797 2913 in
1822 2858 1951 2914 aliis
1977 2858 2085 2916 fes-

425 2954 497 3009 tis
527 2951 739 3007 diebus
771 2948 969 3006 saltim
1000 2949 1076 3005 ad
1104 2950 1356 3004 missam
1380 2947 1601 3003 faciant
1628 2945 1720 3002 vel
1737 2947 2085 3019 permittant
2114 2986 2157 3043 ϐ

425 3040 643 3096 venire.
665 3042 812 3094 Nam
843 3041 899 3094 et
929 3036 1040 3093 hos
1068 3036 1330 3092 Christus
1358 3036 1617 3109 pretioso
1639 3036 1929 3105 sanguine
1974 3053 2082 3093 suo

424 3128 695 3186 redemit.
717 3127 888 3194 Quod
912 3127 958 3185 si
976 3126 1363 3197 neglexerint,
1396 3143 1505 3199 pro
1532 3126 1854 3183 animabus
1873 3142 2079 3183 eorum

424 3218 659 3290 absque
687 3216 872 3273 dubio
904 3216 1196 3273 rationem
1222 3231 1282 3271 se
1309 3215 1640 3271 reddituros
1665 3215 1872 3297 sciant.
1897 3216 2082 3288 Siqui-

423 3306 565 3363 dem
596 3306 883 3362 Dominus
900 3304 1142 3362 venicns
1162 3304 1219 3360 in
1242 3305 1403 3360 hunc
1425 3304 1745 3370 mundum,
1772 3320 1891 3361 non
1909 3304 2083 3376 elegit

423 3399 690 3452 oratores
722 3400 903 3469 atque
929 3392 1254 3451 nobiliores
1285 3409 1579 3466 quosque,
1614 3390 1721 3448 sed
1751 3393 2079 3465 piscatores

422 3490 603 3556 atque
633 3483 853 3540 idiotas
888 3482 1001 3538 sibi
1033 3480 1359 3556 discipulos
1388 3481 1595 3537 ascivit
1620 3500 1632 3549 ;
1657 3486 1721 3537 ut
1746 3481 2083 3538 ostenderet

419 3573 481 3628 in
512 3573 667 3629 facto
696 3572 866 3645 quod
894 3572 1019 3645 ipse
1051 3570 1234 3627 verbo
1292 3570 1349 3625 in
1409 3570 1727 3639 Evangelio
1780 3570 2082 3627 afﬁrmant

418 3661 663 3719 dicens:
695 3662 863 3730 Quod
893 3660 1230 3717 hominibus
1288 3661 1480 3717 altum
1520 3667 1625 3728 est,
1686 3661 2082 3718 abominabile

417 3759 502 3810 est
525 3753 691 3824 apud
708 3754 920 3809 Deum.
945 3753 1011 3806 Et
1040 3750 1203 3806 salva
1234 3748 1440 3806 altiore
1481 3748 1891 3821 intelligentia,
1925 3750 2077 3806 nati-

414 3841 567 3898 vitas
597 3840 786 3897 nostri
828 3838 1247 3912 Redemptoris
1276 3838 1472 3911 primo
1522 3839 1789 3895 omnium
1823 3838 2077 3912 pastori-

413 3930 529 3987 bus
560 3930 639 3985 ab
669 3928 884 3999 angelo
915 3928 1238 3983 nuntiatur.

486 4022 565 4075 De
593 4016 989 4085 confessione,
1019 4015 1093 4071 de
1118 4014 1486 4089 pcnnitentia,
1521 4015 1594 4070 de
1622 4014 1890 4084 decimis,
1917 4020 1975 4072 et
2002 4014 2076 4071 de

410 4106 785 4173 ebrietate,et
809 4105 883 4161 de
916 4104 1146 4160 vomitu
1178 4109 1314 4177 post
1333 4103 1778 4172 eucharistiam,
1804 4105 1862 4161 in
1880 4105 2075 4180 primo

408 4195 612 4251 libello
644 4210 827 4267 supra
857 4194 1197 4266 expositum
1227 4199 1337 4250 est.

406 4288 492 4343 De
518 4284 1184 4355 pauperibus,qualiter
1215 4285 1485 4340 alantur.
1536 4286 1627 4342 Ex
1656 4282 1907 4342 concilio
1963 4286 2072 4341 Tu-

1107 4375 1364 4430 ronensi.

459 4464 822 4521 'CCGCVXII.
845 4462 1093 4534 (Concil.
1112 4464 1332 4518 Turon.
1354 4479 1411 4531 ιι,
1427 4478 1476 4518 c.
1490 4466 1567 4530 ὅ.)
1588 4464 1974 4536 Unaquaeque
1992 4464 2070 4520 ci-

400 4554 551 4610 vitas
570 4567 867 4626 pauperes
885 4556 943 4608 et
984 4566 1208 4621 egenos
1248 4551 1548 4607 alimentis
1595 4553 2066 4623 congruentibus

397 4646 610 4715 pascat
624 4639 952 4697 secundum
972 4639 1208 4707 vires,et
1220 4644 1334 4696 tam
1352 4639 1530 4696 vicini
1541 4640 1876 4714 presbyteri
1889 4640 2068 4714 368

395 4748 582 4806 quam
600 4731 760 4788 cives
785 4730 1203 4804 unusquisque
1233 4745 1412 4786 suum
1443 4746 1771 4805 pauperem
1798 4732 2020 4789 nutriat
2051 4749 2063 4787 :

403 4839 526 4895 quo
548 4822 650 4879 fiat
670 4820 1285 4894 utipsipaupercsper
1321 4818 1471 4876 alias
1509 4819 1775 4878 civitates
1807 4837 1929 4877 non
1960 4838 2065 4877 va-

392 4916 633 4982 gentur.

441 5003 526 5057 De
550 5002 752 5056 eadem
790 5014 877 5054 re.
918 5003 1002 5055 Ea:
1029 4997 1477 5066 Capitularium
1513 4998 1617 5054 lib.
1652 5014 1694 5066 ι,
1728 5014 1861 5069 cap.
1891 5003 2009 5055 H8.

459 5090 817 5145 CCCCXVIII.
872 5085 1021 5157 (Lib.
1050 5100 1070 5140 ι
1101 5085 1470 5157 Capitular.,
1505 5103 1555 5142 c.
1597 5087 1742 5159 124.)
1784 5088 1864 5142 De
1896 5102 2064 5143 men-

384 5174 647 5248 dicisqui
671 5191 780 5247 per
809 5173 1034 5245 patrias
1048 5174 1413 5244 discurrunt,
1448 5175 1736 5232 volumus
1776 5180 1843 5232 ut
1870 5192 2062 5233 unus-

382 5266 642 5341 quisque
664 5261 932 5319 ﬁdelium
955 5267 1301 5321 nostrorum
1324 5279 1502 5321 suum
1518 5280 1849 5338 pauperem
1873 5265 1946 5321 de
1963 5264 2065 5323 be-

386 5355 601 5413 neﬁcio
622 5357 727 5409 aut
756 5353 827 5408 de
856 5353 1103 5426 propria
1136 5352 1364 5410 familia
1383 5354 1624 5420 nutriat,
1667 5361 1723 5411 et
1774 5370 1899 5411 non
1930 5371 2060 5429 per-

383 5447 577 5502 mittat
608 5443 827 5499 alicubi
858 5444 940 5499 ire
965 5442 1391 5500 mendicando.
1426 5445 1494 5499 Et
1514 5442 1619 5499 ubi
1649 5444 1801 5501 tales
1834 5442 2061 5501 inventi

378 5533 715 5608 fuerintqu
741 5534 1019 5591 laborare
1052 5534 1339 5590 manibus
1371 5538 1627 5605 possunt
1681 5539 1739 5590 et
1793 5552 1916 5592 non
1971 5536 2057 5592 fa-

376 5622 556 5693 ciunt,
589 5624 786 5679 nullus
821 5626 906 5679 eis
941 5622 1281 5694 quidquam
1312 5620 1569 5677 tribuere
1600 5629 1945 5694 praesumat.

2097 4337 2147 4399 Β
2183 4337 3892 4453 ἱὲιῖἑιεῐιῖςέῐιὲιέὲῖεὶι.“ιῖιῖἑὶιῖιῖαἰξιῖὸςῖιᾉῖιῖεξῗιῖνῖὲεἴνῖῖἐε

2548 1710 2800 1765 concilio
2835 1710 3118 1766 Toletano
3144 1726 3245 1778 xu,
3278 1725 3409 1781 cap.
3442 1714 3499 1766 ϐ.

2203 1846 2207 1852 .
2265 1798 2575 1854 CCCCXX.
2603 1797 2834 1868 (Conml
2896 1799 3063 1855 Vern.
3089 1799 3197 1855 sub
3225 1799 3383 1869 Pipp
3415 1841 3429 1867 ,
3489 1815 3543 1855 c.
3576 1803 3650 1867 9;
3682 1799 3795 1856 lib.
3832 1818 3863 1857 v

2196 1887 2562 1957 Capitular.,
2590 1903 2643 1942 c.
2672 1890 2775 1955 i2;
2804 1890 3120 1943 Beacman.
3150 1886 3255 1943 lib.
3287 1904 3347 1958 ιι,
3375 1904 3429 1944 c.
3468 1889 3615 1957 179.)
3644 1888 3703 1944 Si
3730 1890 3865 1962 quis

2192 1975 2505 2048 presbyter
2529 1974 2607 2031 ab
2636 1974 2921 2048 episeopo
2953 1991 3064 2031 suo
3090 1974 3263 2030 fuerit
3304 1974 3697 2046 degradatus,
3763 1982 3864 2034 aut

2193 2063 2272 2119 ab
2292 2062 2490 2120 officio
2517 2078 2627 2135 pro
2657 2063 2830 2118 certis
2862 2062 3213 2119 criminibus
3245 2080 3601 2137 suspensus,
3648 2071 3711 2122 et
3736 2066 3865 2139 ipse

2192 2169 2300 2226 per
2319 2156 2730 2224 contemptum
2762 2156 2819 2209 et
2851 2152 3198 2227 superbiam
3228 2152 3455 2225 aliquid
3486 2153 3560 2210 de
3593 2154 3865 2211 ministe-

2193 2241 2280 2297 rio
2312 2240 2424 2297 sibi
2451 2239 2763 2297 interdicto
2792 2256 2968 2309 agere
2985 2241 3454 2315 praesumpserit,
3485 2248 3542 2298 et
3557 2243 3864 2316 posteaab

2194 2328 2477 2402 episcopo
2504 2344 2616 2385 suo
2662 2333 2970 2401 correptus
3018 2330 3077 2385 in
3136 2336 3332 2403 ccepta
3383 2330 3864 2405 praesumptione

2195 2417 2622 2488 perduraverit,
2650 2417 2747 2475 hic
2771 2417 3138 2475 omnimodis
3190 2419 3757 2477 excommunicetur
3810 2426 3865 2477 et

2194 2506 2273 2563 ab
2304 2506 2561 2563 Ecclesia
2591 2507 2941 2581 expellatur.
2975 2510 3042 2564 Et
3067 2508 3416 2582 quicunque
3442 2526 3585 2567 cum
3608 2525 3684 2567 eo
3707 2526 3868 2571 com-

2194 2594 2588 2652 municaverit
2606 2595 2878 2667 scienter,
2902 2596 3167 2653 similiter
3198 2613 3259 2653 se
3290 2596 3435 2654 sciat
3458 2613 3592 2654 esse
3618 2615 3864 2655 excom-

2194 2683 2590 2741 municatum.
2622 2683 2896 2741 Similiter
2920 2684 2995 2741 de
3025 2684 3271 2755 clericis,
3289 2683 3477 2753 laicis,
3504 2685 3605 2743 vel
3619 2686 3867 2744 feminis

2193 2771 2728 2850 excommunicatis
2758 2769 3209 2833 observandum
3230 2778 3337 2831 est.
3361 2772 3532 2839 Quod
3562 2772 3618 2833 si
3639 2774 3868 2848 aliquis

2192 2859 2307 2916 ista
2333 2860 2538 2917 omnia
2568 2860 3010 2935 contempserit,
3052 2866 3109 2917 et
3153 2861 3474 2936 episcopus
3531 2862 3868 2921 emendare

2192 2948 2440 3005 minime
2465 2949 2743 3022 potuerit,
2774 2946 2930 3020 regis
2945 2949 3172 3021 judicio
3202 2949 3410 3007 exsilio
3437 2936 3796 3009 damnetur.

2199 3039 2270 3096 Ut
2302 3040 2509 3095 nullus
2533 3040 2851 3110 hospitium
2876 3040 3119 3111 deneget
3152 3042 3416 3103 iteranti.
3477 3041 3577 3097 Em
3606 3043 3871 3099 concilio

2680 3129 2763 3185 ad
2789 3130 3088 3200 palatium
3131 3130 3357 3185 Vernis.

2264 3218 2567 3274 CCCCXXI.
2593 3216 2819 3275 Placuit
2848 3216 3025 3273 nobis
3075 3221 3132 3275 et
3184 3217 3406 3274 nostris
3456 3217 3753 3275 fidelibus
3813 3226 3873 3277 ut

2190 3305 2520 3377 presbyteri
2551 3322 2691 3362 suos
2720 3306 3121 3380 parochianos
3146 3307 3517 3364 admoneant
3538 3312 3607 3366 ut
3663 3313 3726 3367 et
3759 3308 3877 3384 ipsi

2187 3394 2532 3468 hospitales,
2570 3400 2630 3452 ut
2657 3395 2805 3452 nulli
2833 3396 2941 3453 iter
2971 3395 3209 3453 facienti
3243 3396 3631 3459 mansionem
3682 3398 3873 3456 dene-

2189 3486 2348 3555 gent,
2411 3488 2468 3539 et
2508 3488 2570 3540 ut
2593 3484 2790 3541 omnis
2821 3485 3059 3543 occasio
3105 3485 3334 3559 rapinae
3382 3485 3659 3557 tollatur,
3721 3486 3877 3549 nihil

2189 3572 2425 3633 charius
2455 3574 2719 3631 vendant
2754 3574 3203 3633 transeuntibus
3224 3575 3337 3631 nisi
3364 3580 3599 3650 quanto
3616 3576 3688 3634 in
3714 3595 3879 3636 mer-

2187 3665 2322 3720 cato
2351 3663 2612 3721 vendere
2639 3668 2913 3737 possunt.
2941 3665 3113 3742 Quod
3129 3664 3177 3720 si
3205 3664 3448 3722 charius
3472 3664 3752 3725 vendere
3772 3684 3876 3725 vo-

2186 3751 2421 3819 luerint,
2453 3752 2533 3811 ad
2558 3752 2979 3827 presbyterum
3011 3756 3391 3811 transeuntes
3415 3753 3534 3812 hoc
3567 3755 3876 3825 referant,

2186 3844 2243 3898 et
2263 3840 2418 3897 illius
2442 3842 2620 3913 jussu
2651 3857 2789 3899 cum
2819 3840 3192 3898 humanitate
3220 3841 3303 3898 eis
3344 3842 3641 3901 vendant.

2244 3931 2328 3985 De
2354 3944 2419 3985 eo
2449 3930 2555 4002 qui
2570 3929 2985 4000 presbyterum
3016 3930 3358 3988 inhonorat.
3392 3932 3560 3989 Unde
3582 3948 3820 4004 supra.

2254 4017 2584 4075 CCCCXXII.
2643 4021 2981 4088 (BURCHARD.
3038 4018 3140 4075 lib.
3195 4036 3257 4090 ιι,
3308 4036 3358 4076 c.
3421 4020 3571 4092 229.)
3637 4022 3704 4080 Si
3739 4022 3884 4096 quis

2184 4106 2601 4180 presbyterum
2627 4106 2937 4179 proprium
2966 4107 3146 4179 370
3171 4106 3513 4178 inhonorat,
3546 4114 3663 4167 aut
3678 4110 3886 4169 verbo

2184 4200 2287 4251 aut
2316 4195 2472 4252 facto
2506 4196 2934 4253 contumeliam
2964 4196 3126 4269 facit,
3184 4196 3396 4255 tandiu
3445 4215 3482 4255 a
3536 4198 3883 4257 liminibus

2183 4286 2452 4343 ecclesias
2478 4291 2752 4345 arceatur
2779 4303 3099 4367 quousque
3114 4304 3220 4361 per
3242 4288 3618 4361 condignam
3678 4292 3891 4367 paeni-

2180 4466 2287 4535 qui
2302 4471 2605 4535 prtesunt,
2639 4462 2874 4535 duplici
2897 4464 3120 4523 honore
3165 4466 3339 4538 digni
3389 4466 3767 4529 habeantur
3830 4470 3894 4542 (Ι

2181 4553 2329 4609 Tim.
2362 4554 2443 4625 v).
2474 4557 2619 4609 Item
2642 4552 2787 4608 alibi
2806 4553 2948 4610 dicit
2980 4573 3015 4619 ,ε
3074 4554 3694 4627 Obediteprtepositis
3761 4575 3893 4617 ves—

2179 4643 2306 4710 tris,
2340 4648 2394 4700 et
2422 4643 2676 4713 subjecti
2703 4644 2783 4700 eis
2809 4648 3010 4714 estote,
3041 4648 3099 4701 et
3149 4648 3381 4702 caetera.
3429 4646 3654 4718 (Hebr.
3724 4652 3894 4723 xm.)

2174 4750 2245 4806 Si
2267 4751 2785 4825 quisconmicit
2816 4752 3089 4825 episcopo
3112 4768 3188 4811 ne
3208 4753 3368 4811 servi
3377 4758 3648 4825 propter
3666 4759 3897 4825 crimi-

2246 4837 2326 4950 Za
2354 4822 2536 4950 ritimis
2554 4822 2887 4880 caedantur.
2911 4822 3021 4882 Er
3038 4825 3287 4882 concilio
3313 4822 3397 4882 ad
3421 4822 3733 4887 sanctum
3764 4822 3896 4888 ille-

2290 4910 2364 4951 ar
2410 4910 2531 4950 um.

2246 5000 2600 5057 CCCCXXIII.
2636 5000 2892 5067 (Concil.
2949 5001 3249 5059 Suession.
3278 5019 3342 5073 ιι,
3367 5006 3483 5059 act.
3508 5006 3564 5073 8,
3594 5021 3665 5066 c.
3700 5011 3799 5078 9.)
3828 5010 3901 5066 Ut

2176 5089 2341 5145 missi
2365 5090 2551 5146 nostri
2575 5090 2860 5146 omnibus
2889 5106 2995 5163 per
3036 5090 3305 5161 singulas
3364 5092 3722 5166 parochias
3790 5099 3903 5161 de:

2173 5178 2448 5236 nuntient
2457 5179 2601 5252 quia
2613 5179 2663 5235 si
2673 5178 2993 5255 episcopus
3009 5184 3112 5236 aut
3140 5179 3394 5253 ministri
3413 5179 3903 5258 episcoporum

2174 5282 2284 5339 pro
2317 5265 2670 5324 criminibus
2712 5266 2962 5324 colonos
2998 5266 3435 5339 ﬂagellaverint
3470 5285 3627 5328 cum
3655 5275 3903 5350 virgis,

2171 5360 2416 5431 propter
2429 5352 2654 5413 metum
2670 5356 2948 5428 aliorum,
2964 5362 3026 5417 ut
3054 5357 3166 5432 ipsi
3185 5356 3493 5415 criminosi
3532 5365 3906 5438 corrigan-

2173 5451 2286 5515 tur,
2306 5461 2446 5502 cum
2462 5445 2562 5503 tali
2578 5445 2956 5514 discretione,
2978 5445 3103 5503 sine
3124 5445 3245 5503 ulla
3256 5447 3582 5504 occasione
3629 5450 3911 5516 indebi-

2175 5538 2253 5607 ta,
2273 5534 2424 5592 sicut
2437 5534 2498 5591 in
2517 5533 2754 5606 synodo
2773 5534 3135 5593 collocutum
3152 5539 3259 5604 est,
3280 5539 3343 5591 ut
3358 5535 3448 5592 vel
3465 5536 3664 5597 inviti
3685 5546 3909 5616 paeni.

2171 5627 2264 5678 ten
2274 5624 2415 5679 tiam
2433 5627 2635 5694 agant,
2655 5639 2728 5680 ne
2740 5624 3095 5697 aeternaliter
3110 5629 3377 5698 pereant.
3388 5624 3446 5683 Si
3463 5628 3790 5699 seniora;
3802 5635 3908 5710 ip.
