  <div class='ocr_page' id='page_1' title='image "/cluster/home/n/w/nwhite01/storage/ocr_20150623/132/hvd.32044054759931/188.png"; bbox 0 0 3980 6182; ppageno 0'>
   <div class='ocr_carea' id='block_1_1' title="bbox 153 131 3554 232">
    <p class='ocr_par' dir='ltr' id='par_1_1' title="bbox 153 131 3554 232">
     <span class='ocr_line' id='line_1_1' title="bbox 153 131 3554 232; baseline -0.003 0"><span class='ocrx_word' id='word_1_1' title='bbox 153 177 236 232; x_wconf 69' lang='lat' dir='ltr'><strong>stt</strong></span> <span class='ocrx_word' id='word_1_2' title='bbox 931 161 934 166; x_wconf 83' lang='grc'><em>’</em></span> <span class='ocrx_word' id='word_1_3' title='bbox 1085 172 1175 225; x_wconf 90' lang='lat' dir='ltr'><strong>DE</strong></span> <span class='ocrx_word' id='word_1_4' title='bbox 1208 170 1489 229; x_wconf 82' lang='lat' dir='ltr'><strong>ECCLES.</strong></span> <span class='ocrx_word' id='word_1_5' title='bbox 1519 168 2025 227; x_wconf 68' lang='lat' dir='ltr'><strong>DlSClPL.&#39;LIBRl</strong></span> <span class='ocrx_word' id='word_1_6' title='bbox 2058 169 2216 224; x_wconf 84' lang='lat' dir='ltr'><strong>nuo.</strong></span> <span class='ocrx_word' id='word_1_7' title='bbox 2251 198 2320 207; x_wconf 85' lang='grc'><strong>-</strong></span> <span class='ocrx_word' id='word_1_8' title='bbox 2353 140 2493 223; x_wconf 52' lang='lat' dir='ltr'><strong>LIB.’</strong></span> <span class='ocrx_word' id='word_1_9' title='bbox 2521 168 2585 222; x_wconf 83' lang='grc' dir='ltr'><strong>ιι.</strong></span> <span class='ocrx_word' id='word_1_10' title='bbox 2644 131 2655 136; x_wconf 57' lang='grc'><strong><em>’</em></strong></span> <span class='ocrx_word' id='word_1_11' title='bbox 3451 171 3554 223; x_wconf 80' lang='lat'><strong><em>366</em></strong></span> 
     </span>
    </p>
   </div>
   <div class='ocr_carea' id='block_1_2' title="bbox 150 288 3557 367">
    <p class='ocr_par' dir='ltr' id='par_1_2' title="bbox 150 288 3557 367">
     <span class='ocr_line' id='line_1_2' title="bbox 150 288 3557 367; baseline -0.003 -11"><span class='ocrx_word' id='word_1_12' title='bbox 150 309 331 356; x_wconf 82' lang='lat' dir='ltr'><strong>sarum</strong></span> <span class='ocrx_word' id='word_1_13' title='bbox 342 291 696 349; x_wconf 77' lang='lat' dir='ltr'><strong>colonorum</strong></span> <span class='ocrx_word' id='word_1_14' title='bbox 707 290 950 363; x_wconf 86' lang='lat' dir='ltr'><strong>indigne</strong></span> <span class='ocrx_word' id='word_1_15' title='bbox 968 292 1219 364; x_wconf 75' lang='lat' dir='ltr'><strong>tulerint,</strong></span> <span class='ocrx_word' id='word_1_16' title='bbox 1233 293 1562 367; x_wconf 84' lang='lat' dir='ltr'><strong>etaliquam</strong></span> <span class='ocrx_word' id='word_1_17' title='bbox 1576 291 1797 350; x_wconf 87' lang='lat' dir='ltr'><strong>vindic-</strong></span> <span class='ocrx_word' id='word_1_18' title='bbox 1828 294 1877 347; x_wconf 78' lang='grc' dir='ltr'><strong>Δ</strong></span> <span class='ocrx_word' id='word_1_19' title='bbox 1902 290 2059 348; x_wconf 83' lang='lat' dir='ltr'>dicio</span> <span class='ocrx_word' id='word_1_20' title='bbox 2082 293 2183 347; x_wconf 89' lang='lat' dir='ltr'><strong>Dei</strong></span> <span class='ocrx_word' id='word_1_21' title='bbox 2219 306 2283 347; x_wconf 88' lang='lat' dir='ltr'><strong>se</strong></span> <span class='ocrx_word' id='word_1_22' title='bbox 2318 290 2460 347; x_wconf 91' lang='lat' dir='ltr'><strong>inde</strong></span> <span class='ocrx_word' id='word_1_23' title='bbox 2483 288 2823 356; x_wconf 89' lang='lat' dir='ltr'><strong>examinet;</strong></span> <span class='ocrx_word' id='word_1_24' title='bbox 2847 292 2903 346; x_wconf 90' lang='lat' dir='ltr'><strong>et</strong></span> <span class='ocrx_word' id='word_1_25' title='bbox 2942 289 2991 345; x_wconf 91' lang='lat' dir='ltr'><strong>si</strong></span> <span class='ocrx_word' id='word_1_26' title='bbox 3014 289 3320 346; x_wconf 88' lang='lat' dir='ltr'><strong>convictus</strong></span> <span class='ocrx_word' id='word_1_27' title='bbox 3361 289 3557 357; x_wconf 77' lang='lat' dir='ltr'><strong>fuerit,</strong></span> 
     </span>
    </p>
   </div>
   <div class='ocr_carea' id='block_1_3' title="bbox 158 378 3560 454">
    <p class='ocr_par' dir='ltr' id='par_1_3' title="bbox 158 378 3560 454">
     <span class='ocr_line' id='line_1_3' title="bbox 158 378 3560 454; baseline -0.001 -15"><span class='ocrx_word' id='word_1_28' title='bbox 158 395 259 445; x_wconf 77' lang='lat' dir='ltr'><strong>tam</strong></span> <span class='ocrx_word' id='word_1_29' title='bbox 275 381 488 439; x_wconf 80' lang='lat' dir='ltr'><strong>exinde</strong></span> <span class='ocrx_word' id='word_1_30' title='bbox 499 396 774 439; x_wconf 75' lang='lat' dir='ltr'><strong>exercere</strong></span> <span class='ocrx_word' id='word_1_31' title='bbox 795 382 1111 449; x_wconf 88' lang='lat' dir='ltr'><strong>voluerint,</strong></span> <span class='ocrx_word' id='word_1_32' title='bbox 1137 383 1499 443; x_wconf 83' lang='lat' dir='ltr'><strong>auteosdem</strong></span> <span class='ocrx_word' id='word_1_33' title='bbox 1527 382 1795 449; x_wconf 79' lang='lat' dir='ltr'><strong>colonos,</strong></span> <span class='ocrx_word' id='word_1_34' title='bbox 1902 381 2115 454; x_wconf 76' lang='lat' dir='ltr'><strong>perdat</strong></span> <span class='ocrx_word' id='word_1_35' title='bbox 2133 397 2282 452; x_wconf 91' lang='lat' dir='ltr'><strong>rem,</strong></span> <span class='ocrx_word' id='word_1_36' title='bbox 2304 381 2365 436; x_wconf 90' lang='lat' dir='ltr'><strong>id</strong></span> <span class='ocrx_word' id='word_1_37' title='bbox 2382 384 2493 451; x_wconf 90' lang='lat' dir='ltr'><strong>est,</strong></span> <span class='ocrx_word' id='word_1_38' title='bbox 2512 380 2628 436; x_wconf 89' lang='lat' dir='ltr'><strong>hoc</strong></span> <span class='ocrx_word' id='word_1_39' title='bbox 2652 379 2811 436; x_wconf 89' lang='lat' dir='ltr'><strong>unde</strong></span> <span class='ocrx_word' id='word_1_40' title='bbox 2826 393 3177 436; x_wconf 85' lang='lat' dir='ltr'><strong>mensuram</strong></span> <span class='ocrx_word' id='word_1_41' title='bbox 3192 378 3560 436; x_wconf 87' lang='lat' dir='ltr'><strong>adulteratus</strong></span> 
     </span>
    </p>
   </div>
   <div class='ocr_carea' id='block_1_4' title="bbox 161 468 3561 547">
    <p class='ocr_par' dir='ltr' id='par_1_4' title="bbox 161 468 3561 547">
     <span class='ocr_line' id='line_1_4' title="bbox 161 468 3561 547; baseline -0.003 -13"><span class='ocrx_word' id='word_1_42' title='bbox 161 471 667 542; x_wconf 72' lang='lat' dir='ltr'><strong>sedisti-iugantur,</strong></span> <span class='ocrx_word' id='word_1_43' title='bbox 695 472 1058 530; x_wconf 85' lang='lat' dir='ltr'><strong>contendere</strong></span> <span class='ocrx_word' id='word_1_44' title='bbox 1081 472 1590 547; x_wconf 65' lang='lat' dir='ltr'><strong>praesumpserint,</strong></span> <span class='ocrx_word' id='word_1_45' title='bbox 1608 472 1801 530; x_wconf 82' lang='lat' dir='ltr'><strong>sciant</strong></span> <span class='ocrx_word' id='word_1_46' title='bbox 1902 475 2021 539; x_wconf 77' lang='lat' dir='ltr'><strong>est,</strong></span> <span class='ocrx_word' id='word_1_47' title='bbox 2046 470 2294 544; x_wconf 81' lang='lat' dir='ltr'><strong>insuper</strong></span> <span class='ocrx_word' id='word_1_48' title='bbox 2329 474 2389 527; x_wconf 87' lang='lat' dir='ltr'><strong>et</strong></span> <span class='ocrx_word' id='word_1_49' title='bbox 2429 468 2597 526; x_wconf 90' lang='lat' dir='ltr'><strong>nudo</strong></span> <span class='ocrx_word' id='word_1_50' title='bbox 2633 468 2799 526; x_wconf 89' lang='lat' dir='ltr'><strong>corio</strong></span> <span class='ocrx_word' id='word_1_51' title='bbox 2822 469 3001 539; x_wconf 81' lang='lat' dir='ltr'><strong>virgis</strong></span> <span class='ocrx_word' id='word_1_52' title='bbox 3029 469 3311 526; x_wconf 63' lang='lat' dir='ltr'><strong>credatur.</strong></span> <span class='ocrx_word' id='word_1_53' title='bbox 3335 469 3405 525; x_wconf 87' lang='lat' dir='ltr'><strong>Et</strong></span> <span class='ocrx_word' id='word_1_54' title='bbox 3436 468 3561 524; x_wconf 83' lang='lat' dir='ltr'><strong>sive</strong></span> 
     </span>
    </p>
   </div>
   <div class='ocr_carea' id='block_1_5' title="bbox 161 556 3563 642">
    <p class='ocr_par' dir='ltr' id='par_1_5' title="bbox 161 556 3563 642">
     <span class='ocr_line' id='line_1_5' title="bbox 161 556 3563 642; baseline -0.003 -19"><span class='ocrx_word' id='word_1_55' title='bbox 161 566 280 642; x_wconf 77' lang='lat' dir='ltr'><strong>quia</strong></span> <span class='ocrx_word' id='word_1_56' title='bbox 329 566 388 619; x_wconf 88' lang='lat' dir='ltr'><strong>et</strong></span> <span class='ocrx_word' id='word_1_57' title='bbox 431 561 709 619; x_wconf 84' lang='lat' dir='ltr'><strong>banuum</strong></span> <span class='ocrx_word' id='word_1_58' title='bbox 754 565 1032 620; x_wconf 86' lang='lat' dir='ltr'><strong>nostrum</strong></span> <span class='ocrx_word' id='word_1_59' title='bbox 1079 567 1467 636; x_wconf 88' lang='lat' dir='ltr'><strong>componant,</strong></span> <span class='ocrx_word' id='word_1_60' title='bbox 1510 567 1569 619; x_wconf 92' lang='lat' dir='ltr'><strong>et</strong></span> <span class='ocrx_word' id='word_1_61' title='bbox 1619 561 1800 631; x_wconf 63' lang='lat' dir='ltr'><strong>simu!</strong></span> <span class='ocrx_word' id='word_1_62' title='bbox 1903 575 2129 628; x_wconf 84' lang='lat' dir='ltr'><strong>servus,</strong></span> <span class='ocrx_word' id='word_1_63' title='bbox 2158 558 2286 616; x_wconf 88' lang='lat' dir='ltr'><strong>sive</strong></span> <span class='ocrx_word' id='word_1_64' title='bbox 2302 558 2471 625; x_wconf 89' lang='lat' dir='ltr'><strong>liber,</strong></span> <span class='ocrx_word' id='word_1_65' title='bbox 2495 561 2631 631; x_wconf 87' lang='lat' dir='ltr'><strong>post</strong></span> <span class='ocrx_word' id='word_1_66' title='bbox 2653 556 2911 629; x_wconf 91' lang='lat' dir='ltr'><strong>legalem</strong></span> <span class='ocrx_word' id='word_1_67' title='bbox 2933 558 3416 615; x_wconf 77' lang='lat' dir='ltr'><strong>emendationem</strong></span> <span class='ocrx_word' id='word_1_68' title='bbox 3441 557 3563 630; x_wconf 86' lang='lat' dir='ltr'><strong>epi-</strong></span> 
     </span>
    </p>
   </div>
   <div class='ocr_carea' id='block_1_6' title="bbox 163 645 3565 722">
    <p class='ocr_par' dir='ltr' id='par_1_6' title="bbox 163 645 3565 722">
     <span class='ocr_line' id='line_1_6' title="bbox 163 645 3565 722; baseline -0.003 -9"><span class='ocrx_word' id='word_1_69' title='bbox 163 670 276 713; x_wconf 86' lang='lat' dir='ltr'><strong>cum</strong></span> <span class='ocrx_word' id='word_1_70' title='bbox 301 649 919 709; x_wconf 71' lang='lat' dir='ltr'><strong>excommunicatione</strong></span> <span class='ocrx_word' id='word_1_71' title='bbox 944 651 1626 711; x_wconf 84' lang='lat' dir='ltr'><strong>eoclesiasticanostram</strong></span> <span class='ocrx_word' id='word_1_72' title='bbox 1656 651 1823 708; x_wconf 73' lang='lat' dir='ltr'><strong>har-‘</strong></span> <span class='ocrx_word' id='word_1_73' title='bbox 1904 648 2143 722; x_wconf 73' lang='lat' dir='ltr'><strong>scopale</strong></span> <span class='ocrx_word' id='word_1_74' title='bbox 2155 648 2451 720; x_wconf 83' lang='lat' dir='ltr'><strong>judicium</strong></span> <span class='ocrx_word' id='word_1_75' title='bbox 2471 646 2777 720; x_wconf 79' lang='lat' dir='ltr'><strong>suscipiat,</strong></span> <span class='ocrx_word' id='word_1_76' title='bbox 2799 645 2946 719; x_wconf 87' lang='lat' dir='ltr'><strong>quia</strong></span> <span class='ocrx_word' id='word_1_77' title='bbox 2960 651 3171 703; x_wconf 87' lang='lat' dir='ltr'><strong>contra</strong></span> <span class='ocrx_word' id='word_1_78' title='bbox 3188 647 3565 705; x_wconf 86' lang='lat' dir='ltr'><strong>interdictum</strong></span> 
     </span>
    </p>
   </div>
   <div class='ocr_carea' id='block_1_7' title="bbox 161 735 3569 808">
    <p class='ocr_par' dir='ltr' id='par_1_7' title="bbox 161 735 3569 808">
     <span class='ocr_line' id='line_1_7' title="bbox 161 735 3569 808; baseline -0.002 -8"><span class='ocrx_word' id='word_1_79' title='bbox 161 743 459 801; x_wconf 71' lang='lat' dir='ltr'><strong>miscamm</strong></span> <span class='ocrx_word' id='word_1_80' title='bbox 489 738 877 797; x_wconf 71' lang='lat' dir='ltr'><strong>clarissimam</strong></span> <span class='ocrx_word' id='word_1_81' title='bbox 907 740 1308 798; x_wconf 81' lang='lat' dir='ltr'><strong>sustinebunt.</strong></span> <span class='ocrx_word' id='word_1_82' title='bbox 1906 736 2180 794; x_wconf 82' lang='lat' dir='ltr'><strong>Deifecit.</strong></span> <span class='ocrx_word' id='word_1_83' title='bbox 2196 737 2297 795; x_wconf 78' lang='lat' dir='ltr'><strong>Ait‘</strong></span> <span class='ocrx_word' id='word_1_84' title='bbox 2314 737 2476 793; x_wconf 88' lang='lat' dir='ltr'><strong>enim</strong></span> <span class='ocrx_word' id='word_1_85' title='bbox 2506 754 2520 792; x_wconf 90' lang='lat'><strong>:</strong></span> <span class='ocrx_word' id='word_1_86' title='bbox 2555 737 2801 808; x_wconf 50' lang='lat' dir='ltr'><strong>(Equus</strong></span> <span class='ocrx_word' id='word_1_87' title='bbox 2830 735 2942 791; x_wconf 88' lang='lat' dir='ltr'><strong>tibi</strong></span> <span class='ocrx_word' id='word_1_88' title='bbox 2961 737 3039 791; x_wconf 80' lang='lat' dir='ltr'><strong>sit</strong></span> <span class='ocrx_word' id='word_1_89' title='bbox 3063 736 3318 806; x_wconf 65' lang='lat' dir='ltr'><strong>nitidius,</strong></span> <span class='ocrx_word' id='word_1_90' title='bbox 3360 742 3415 792; x_wconf 87' lang='lat' dir='ltr'><strong>et</strong></span> <span class='ocrx_word' id='word_1_91' title='bbox 3443 750 3569 792; x_wconf 72' lang='lat' dir='ltr'><strong>sex-</strong></span> 
     </span>
    </p>
   </div>
   <div class='ocr_carea' id='block_1_8' title="bbox 221 822 3571 897">
    <p class='ocr_par' dir='ltr' id='par_1_8' title="bbox 221 822 3571 897">
     <span class='ocr_line' id='line_1_8' title="bbox 221 822 3571 897; baseline -0.003 -9"><span class='ocrx_word' id='word_1_92' title='bbox 221 834 295 888; x_wconf 88' lang='lat' dir='ltr'><strong>De</strong></span> <span class='ocrx_word' id='word_1_93' title='bbox 317 829 584 887; x_wconf 80' lang='lat' dir='ltr'><strong>advenis.</strong></span> <span class='ocrx_word' id='word_1_94' title='bbox 617 829 713 885; x_wconf 71' lang='lat' dir='ltr'><strong>Ex</strong></span> <span class='ocrx_word' id='word_1_95' title='bbox 742 830 995 887; x_wconf 72' lang='lat' dir='ltr'><strong>concilio</strong></span> <span class='ocrx_word' id='word_1_96' title='bbox 1021 830 1235 889; x_wconf 72' lang='lat' dir='ltr'><strong>Caroli</strong></span> <span class='ocrx_word' id='word_1_97' title='bbox 1259 836 1314 887; x_wconf 85' lang='lat' dir='ltr'><strong>et</strong></span> <span class='ocrx_word' id='word_1_98' title='bbox 1344 829 1620 887; x_wconf 80' lang='lat' dir='ltr'><strong>Lotharii</strong></span> <span class='ocrx_word' id='word_1_99' title='bbox 1645 828 1727 887; x_wconf 87' lang='lat' dir='ltr'><strong>ad</strong></span> <span class='ocrx_word' id='word_1_100' title='bbox 1906 827 2098 882; x_wconf 69' lang='lat' dir='ltr'><strong>terius</strong></span> <span class='ocrx_word' id='word_1_101' title='bbox 2126 841 2331 897; x_wconf 67' lang='lat' dir='ltr'><strong>aquas</strong></span> <span class='ocrx_word' id='word_1_102' title='bbox 2360 825 2566 897; x_wconf 74' lang='lat' dir='ltr'><strong>(Leuit.</strong></span> <span class='ocrx_word' id='word_1_103' title='bbox 2597 823 2739 895; x_wconf 81' lang='lat' dir='ltr'><strong>xix).</strong></span> <span class='ocrx_word' id='word_1_104' title='bbox 2794 825 2862 879; x_wconf 86' lang='lat' dir='ltr'><strong>Et</strong></span> <span class='ocrx_word' id='word_1_105' title='bbox 2906 822 3049 879; x_wconf 86' lang='lat' dir='ltr'><strong>alibi</strong></span> <span class='ocrx_word' id='word_1_106' title='bbox 3079 842 3093 878; x_wconf 88' lang='lat'><strong>:</strong></span> <span class='ocrx_word' id='word_1_107' title='bbox 3137 824 3485 889; x_wconf 68' lang='lat' dir='ltr'><strong>Mansuram</strong></span> <span class='ocrx_word' id='word_1_108' title='bbox 3514 829 3571 879; x_wconf 88' lang='lat' dir='ltr'><strong>et</strong></span> 
     </span>
    </p>
   </div>
   <div class='ocr_carea' id='block_1_9' title="bbox 627 911 3573 989">
    <p class='ocr_par' dir='ltr' id='par_1_9' title="bbox 627 911 3573 989">
     <span class='ocr_line' id='line_1_9' title="bbox 627 911 3573 989; baseline -0.003 -15"><span class='ocrx_word' id='word_1_109' title='bbox 627 919 1037 987; x_wconf 74' lang='lat' dir='ltr'><strong>Vatentianas,</strong></span> <span class='ocrx_word' id='word_1_110' title='bbox 1069 934 1201 989; x_wconf 81' lang='lat' dir='ltr'><strong>cap.</strong></span> <span class='ocrx_word' id='word_1_111' title='bbox 1231 922 1316 975; x_wconf 81' lang='lat' dir='ltr'><strong>iO.</strong></span> <span class='ocrx_word' id='word_1_112' title='bbox 1904 929 2246 973; x_wconf 65' lang='lat' dir='ltr'><strong>mansuram</strong></span> <span class='ocrx_word' id='word_1_113' title='bbox 2273 915 2401 971; x_wconf 85' lang='lat' dir='ltr'><strong>odit</strong></span> <span class='ocrx_word' id='word_1_114' title='bbox 2426 914 2717 969; x_wconf 79' lang='lat' dir='ltr'><strong>Dominus</strong></span> <span class='ocrx_word' id='word_1_115' title='bbox 2742 913 2945 984; x_wconf 84' lang='lat' dir='ltr'><strong>(Prov.</strong></span> <span class='ocrx_word' id='word_1_116' title='bbox 2973 912 3096 983; x_wconf 83' lang='lat' dir='ltr'><strong>xx).</strong></span> <span class='ocrx_word' id='word_1_117' title='bbox 3128 914 3196 967; x_wconf 88' lang='lat' dir='ltr'><strong>Et</strong></span> <span class='ocrx_word' id='word_1_118' title='bbox 3230 912 3373 967; x_wconf 86' lang='lat' dir='ltr'><strong>item</strong></span> <span class='ocrx_word' id='word_1_119' title='bbox 3402 928 3415 965; x_wconf 92' lang='lat'><strong>:</strong></span> <span class='ocrx_word' id='word_1_120' title='bbox 3466 911 3573 982; x_wconf 86' lang='lat' dir='ltr'><strong>qui</strong></span> 
     </span>
    </p>
   </div>
   <div class='ocr_carea' id='block_1_10' title="bbox 224 1001 3567 1079">
    <p class='ocr_par' dir='ltr' id='par_1_10' title="bbox 224 1001 3567 1079">
     <span class='ocr_line' id='line_1_10' title="bbox 224 1001 3567 1079; baseline -0.004 -12"><span class='ocrx_word' id='word_1_121' title='bbox 224 1006 561 1067; x_wconf 79' lang='lat' dir='ltr'><strong>CCCCXXIV.</strong></span> <span class='ocrx_word' id='word_1_122' title='bbox 592 1006 905 1079; x_wconf 76' lang='lat' dir='ltr'><strong>(Capitula</strong></span> <span class='ocrx_word' id='word_1_123' title='bbox 942 1009 1151 1066; x_wconf 64' lang='lat' dir='ltr'><strong>Canem</strong></span> <span class='ocrx_word' id='word_1_124' title='bbox 1183 1010 1378 1079; x_wconf 67' lang='lat' dir='ltr'><strong>Cum,</strong></span> <span class='ocrx_word' id='word_1_125' title='bbox 1412 1007 1495 1065; x_wconf 87' lang='lat' dir='ltr'><strong>tit.</strong></span> <span class='ocrx_word' id='word_1_126' title='bbox 1533 1008 1620 1075; x_wconf 81' lang='lat' dir='ltr'><strong>l2,</strong></span> <span class='ocrx_word' id='word_1_127' title='bbox 1648 1006 1799 1078; x_wconf 70' lang='lat' dir='ltr'><strong>c.9.)</strong></span> <span class='ocrx_word' id='word_1_128' title='bbox 1901 1006 2217 1075; x_wconf 70' lang='lat' dir='ltr'><strong>pecuniam</strong></span> <span class='ocrx_word' id='word_1_129' title='bbox 2247 1018 2420 1061; x_wconf 78' lang='lat' dir='ltr'><strong>suam</strong></span> <span class='ocrx_word' id='word_1_130' title='bbox 2448 1019 2569 1059; x_wconf 82' lang='lat' dir='ltr'><strong>non</strong></span> <span class='ocrx_word' id='word_1_131' title='bbox 2597 1002 2762 1059; x_wconf 81' lang='lat' dir='ltr'><strong>dedit</strong></span> <span class='ocrx_word' id='word_1_132' title='bbox 2791 1002 2873 1058; x_wconf 90' lang='lat' dir='ltr'><strong>ad</strong></span> <span class='ocrx_word' id='word_1_133' title='bbox 2912 1016 3162 1058; x_wconf 80' lang='lat' dir='ltr'><strong>usuram</strong></span> <span class='ocrx_word' id='word_1_134' title='bbox 3192 1001 3382 1072; x_wconf 82' lang='lat' dir='ltr'><strong>(Psat.</strong></span> <span class='ocrx_word' id='word_1_135' title='bbox 3420 1002 3567 1061; x_wconf 73' lang='lat' dir='ltr'><strong>xnv).</strong></span> 
     </span>
    </p>
   </div>
   <div class='ocr_carea' id='block_1_11' title="bbox 165 1088 3575 1170">
    <p class='ocr_par' dir='ltr' id='par_1_11' title="bbox 165 1088 3575 1170">
     <span class='ocr_line' id='line_1_11' title="bbox 165 1088 3575 1170; baseline -0.003 -15"><span class='ocrx_word' id='word_1_136' title='bbox 165 1102 231 1156; x_wconf 89' lang='lat' dir='ltr'><strong>De</strong></span> <span class='ocrx_word' id='word_1_137' title='bbox 274 1095 522 1154; x_wconf 84' lang='lat' dir='ltr'><strong>advenis</strong></span> <span class='ocrx_word' id='word_1_138' title='bbox 558 1095 665 1168; x_wconf 86' lang='lat' dir='ltr'><strong>qui</strong></span> <span class='ocrx_word' id='word_1_139' title='bbox 710 1097 1105 1170; x_wconf 82' lang='lat' dir='ltr'><strong>oppressione</strong></span> <span class='ocrx_word' id='word_1_140' title='bbox 1157 1101 1664 1157; x_wconf 79' lang='lat' dir='ltr'><strong>Nortmannorum</strong></span> <span class='ocrx_word' id='word_1_141' title='bbox 1708 1094 1804 1152; x_wconf 78' lang='lat' dir='ltr'><strong>vel</strong></span> <span class='ocrx_word' id='word_1_142' title='bbox 1908 1093 2078 1159; x_wconf 84' lang='lat' dir='ltr'><strong>Quod</strong></span> <span class='ocrx_word' id='word_1_143' title='bbox 2108 1096 2424 1166; x_wconf 88' lang='lat' dir='ltr'><strong>peccatum</strong></span> <span class='ocrx_word' id='word_1_144' title='bbox 2451 1091 2603 1148; x_wconf 88' lang='lat' dir='ltr'><strong>inter</strong></span> <span class='ocrx_word' id='word_1_145' title='bbox 2621 1090 2724 1147; x_wconf 83' lang='lat' dir='ltr'><strong>illa</strong></span> <span class='ocrx_word' id='word_1_146' title='bbox 2753 1088 3034 1163; x_wconf 89' lang='lat' dir='ltr'><strong>capitalia</strong></span> <span class='ocrx_word' id='word_1_147' title='bbox 3052 1094 3301 1163; x_wconf 86' lang='lat' dir='ltr'><strong>peccata</strong></span> <span class='ocrx_word' id='word_1_148' title='bbox 3325 1103 3575 1161; x_wconf 87' lang='lat' dir='ltr'><strong>compu-</strong></span> 
     </span>
    </p>
   </div>
   <div class='ocr_carea' id='block_1_12' title="bbox 163 1177 3576 1259">
    <p class='ocr_par' dir='ltr' id='par_1_12' title="bbox 163 1177 3576 1259">
     <span class='ocr_line' id='line_1_12' title="bbox 163 1177 3576 1259; baseline -0.001 -18"><span class='ocrx_word' id='word_1_149' title='bbox 163 1187 561 1242; x_wconf 84' lang='lat' dir='ltr'><strong>Britannorum</strong></span> <span class='ocrx_word' id='word_1_150' title='bbox 609 1184 670 1240; x_wconf 91' lang='lat' dir='ltr'><strong>in</strong></span> <span class='ocrx_word' id='word_1_151' title='bbox 728 1190 930 1258; x_wconf 84' lang='lat' dir='ltr'><strong>partes</strong></span> <span class='ocrx_word' id='word_1_152' title='bbox 982 1186 1235 1244; x_wconf 80' lang='lat' dir='ltr'><strong>istorum</strong></span> <span class='ocrx_word' id='word_1_153' title='bbox 1283 1201 1609 1259; x_wconf 83' lang='lat' dir='ltr'><strong>regnorum</strong></span> <span class='ocrx_word' id='word_1_154' title='bbox 1660 1198 1804 1243; x_wconf 73' lang='grc' dir='ltr'><strong>ωει-</strong></span> <span class='ocrx_word' id='word_1_155' title='bbox 1907 1187 2066 1239; x_wconf 80' lang='lat' dir='ltr'><strong>tatur</strong></span> <span class='ocrx_word' id='word_1_156' title='bbox 2092 1182 2170 1239; x_wconf 83' lang='lat' dir='ltr'><strong>de</strong></span> <span class='ocrx_word' id='word_1_157' title='bbox 2192 1182 2417 1255; x_wconf 79' lang='lat' dir='ltr'><strong>quibus</strong></span> <span class='ocrx_word' id='word_1_158' title='bbox 2444 1179 2767 1254; x_wconf 80' lang='lat' dir='ltr'><strong>Apostolus</strong></span> <span class='ocrx_word' id='word_1_159' title='bbox 2788 1179 2931 1237; x_wconf 89' lang='lat' dir='ltr'><strong>dicit</strong></span> <span class='ocrx_word' id='word_1_160' title='bbox 2952 1180 3014 1251; x_wconf 91' lang='grc' dir='ltr'><strong>(Ι</strong></span> <span class='ocrx_word' id='word_1_161' title='bbox 3028 1180 3264 1257; x_wconf 60' lang='lat' dir='ltr'><strong>Conv),</strong></span> <span class='ocrx_word' id='word_1_162' title='bbox 3288 1177 3576 1252; x_wconf 84' lang='lat' dir='ltr'><strong>quodqui</strong></span> 
     </span>
    </p>
   </div>
   <div class='ocr_carea' id='block_1_13' title="bbox 159 1266 3577 1347">
    <p class='ocr_par' dir='ltr' id='par_1_13' title="bbox 159 1266 3577 1347">
     <span class='ocr_line' id='line_1_13' title="bbox 159 1266 3577 1347; baseline -0.003 -14"><span class='ocrx_word' id='word_1_163' title='bbox 159 1276 445 1347; x_wconf 82' lang='lat' dir='ltr'><strong>fugerunt,</strong></span> <span class='ocrx_word' id='word_1_164' title='bbox 505 1277 842 1331; x_wconf 84' lang='lat' dir='ltr'><strong>statuerunt</strong></span> <span class='ocrx_word' id='word_1_165' title='bbox 892 1274 1161 1331; x_wconf 84' lang='lat' dir='ltr'><strong>seniores</strong></span> <span class='ocrx_word' id='word_1_166' title='bbox 1211 1275 1397 1333; x_wconf 78' lang='lat' dir='ltr'><strong>nostri</strong></span> <span class='ocrx_word' id='word_1_167' title='bbox 1439 1280 1503 1331; x_wconf 88' lang='lat' dir='ltr'><strong>ut</strong></span> <span class='ocrx_word' id='word_1_168' title='bbox 1546 1291 1586 1331; x_wconf 73' lang='grc' dir='ltr'>ι</span> <span class='ocrx_word' id='word_1_169' title='bbox 1634 1272 1801 1331; x_wconf 90' lang='lat' dir='ltr'><strong>nullo</strong></span> <span class='ocrx_word' id='word_1_170' title='bbox 1908 1287 1981 1328; x_wconf 84' lang='lat' dir='ltr'><strong>ea</strong></span> <span class='ocrx_word' id='word_1_171' title='bbox 2010 1271 2231 1339; x_wconf 80' lang='lat' dir='ltr'><strong>fecerit,</strong></span> <span class='ocrx_word' id='word_1_172' title='bbox 2257 1287 2397 1327; x_wconf 87' lang='lat' dir='ltr'><strong>cum</strong></span> <span class='ocrx_word' id='word_1_173' title='bbox 2422 1269 2778 1342; x_wconf 71' lang='lat' dir='ltr'><strong>huiusmodi</strong></span> <span class='ocrx_word' id='word_1_174' title='bbox 2806 1284 2917 1326; x_wconf 90' lang='lat' dir='ltr'><strong>nec</strong></span> <span class='ocrx_word' id='word_1_175' title='bbox 2937 1268 3143 1325; x_wconf 83' lang='lat' dir='ltr'><strong>cibum</strong></span> <span class='ocrx_word' id='word_1_176' title='bbox 3160 1283 3397 1325; x_wconf 82' lang='lat' dir='ltr'><strong>sumere</strong></span> <span class='ocrx_word' id='word_1_177' title='bbox 3410 1266 3577 1325; x_wconf 81' lang='lat' dir='ltr'><strong>Chri-</strong></span> 
     </span>
    </p>
   </div>
   <div class='ocr_carea' id='block_1_14' title="bbox 158 1356 3582 1439">
    <p class='ocr_par' dir='ltr' id='par_1_14' title="bbox 158 1356 3582 1439">
     <span class='ocr_line' id='line_1_14' title="bbox 158 1356 3582 1439; baseline -0.003 -16"><span class='ocrx_word' id='word_1_178' title='bbox 158 1363 484 1439; x_wconf 80' lang='lat' dir='ltr'><strong>reipublicaa</strong></span> <span class='ocrx_word' id='word_1_179' title='bbox 550 1363 823 1420; x_wconf 87' lang='lat' dir='ltr'><strong>ministro</strong></span> <span class='ocrx_word' id='word_1_180' title='bbox 877 1365 988 1436; x_wconf 77' lang='lat'><strong>37</strong></span> <span class='ocrx_word' id='word_1_181' title='bbox 1006 1367 1049 1435; x_wconf 78' lang='grc' dir='ltr'><strong>ι</strong></span> <span class='ocrx_word' id='word_1_182' title='bbox 1104 1379 1537 1439; x_wconf 79' lang='lat' dir='ltr'><strong>quamounque</strong></span> <span class='ocrx_word' id='word_1_183' title='bbox 1586 1363 1806 1421; x_wconf 89' lang='lat' dir='ltr'><strong>violen-</strong></span> <span class='ocrx_word' id='word_1_184' title='bbox 1908 1359 2072 1416; x_wconf 65' lang='lat' dir='ltr'><strong>uano</strong></span> <span class='ocrx_word' id='word_1_185' title='bbox 2090 1358 2242 1415; x_wconf 85' lang='lat' dir='ltr'><strong>licet.</strong></span> <span class='ocrx_word' id='word_1_186' title='bbox 2265 1357 2540 1414; x_wconf 83' lang='lat' dir='ltr'><strong>Similiter</strong></span> <span class='ocrx_word' id='word_1_187' title='bbox 2560 1373 2668 1431; x_wconf 87' lang='lat' dir='ltr'><strong>per</strong></span> <span class='ocrx_word' id='word_1_188' title='bbox 2683 1356 2949 1414; x_wconf 81' lang='lat' dir='ltr'><strong>civitates</strong></span> <span class='ocrx_word' id='word_1_189' title='bbox 2965 1361 3022 1413; x_wconf 87' lang='lat' dir='ltr'><strong>et</strong></span> <span class='ocrx_word' id='word_1_190' title='bbox 3041 1357 3208 1413; x_wconf 86' lang='lat' dir='ltr'><strong>vicos</strong></span> <span class='ocrx_word' id='word_1_191' title='bbox 3228 1360 3410 1429; x_wconf 89' lang='lat' dir='ltr'><strong>atque</strong></span> <span class='ocrx_word' id='word_1_192' title='bbox 3426 1370 3582 1412; x_wconf 88' lang='lat' dir='ltr'><strong>mer-</strong></span> 
     </span>
    </p>
   </div>
   <div class='ocr_carea' id='block_1_15' title="bbox 159 1443 3582 1527">
    <p class='ocr_par' dir='ltr' id='par_1_15' title="bbox 159 1443 3582 1527">
     <span class='ocr_line' id='line_1_15' title="bbox 159 1443 3582 1527; baseline -0.004 -15"><span class='ocrx_word' id='word_1_193' title='bbox 159 1456 294 1512; x_wconf 88' lang='lat' dir='ltr'><strong>tiam</strong></span> <span class='ocrx_word' id='word_1_194' title='bbox 323 1453 417 1510; x_wconf 88' lang='lat' dir='ltr'><strong>vel</strong></span> <span class='ocrx_word' id='word_1_195' title='bbox 442 1452 898 1527; x_wconf 85' lang='lat' dir='ltr'><strong>oppressionem</strong></span> <span class='ocrx_word' id='word_1_196' title='bbox 928 1459 1034 1511; x_wconf 90' lang='lat' dir='ltr'><strong>aut</strong></span> <span class='ocrx_word' id='word_1_197' title='bbox 1057 1455 1431 1514; x_wconf 74' lang='lat' dir='ltr'><strong>exactionem</strong></span> <span class='ocrx_word' id='word_1_198' title='bbox 1463 1453 1804 1527; x_wconf 88' lang='lat' dir='ltr'><strong>patiantur;</strong></span> <span class='ocrx_word' id='word_1_199' title='bbox 1911 1450 2043 1504; x_wconf 71' lang='lat' dir='ltr'><strong>cata</strong></span> <span class='ocrx_word' id='word_1_200' title='bbox 2061 1445 2319 1503; x_wconf 81' lang='lat' dir='ltr'><strong>ministri</strong></span> <span class='ocrx_word' id='word_1_201' title='bbox 2346 1444 2689 1517; x_wconf 66' lang='lat' dir='ltr'><strong>reipublicae</strong></span> <span class='ocrx_word' id='word_1_202' title='bbox 2714 1444 3073 1517; x_wconf 81' lang='lat' dir='ltr'><strong>provideant</strong></span> <span class='ocrx_word' id='word_1_203' title='bbox 3100 1459 3178 1500; x_wconf 91' lang='lat' dir='ltr'><strong>ne</strong></span> <span class='ocrx_word' id='word_1_204' title='bbox 3221 1443 3306 1500; x_wconf 84' lang='lat' dir='ltr'><strong>illi</strong></span> <span class='ocrx_word' id='word_1_205' title='bbox 3335 1443 3439 1516; x_wconf 89' lang='lat' dir='ltr'><strong>qui</strong></span> <span class='ocrx_word' id='word_1_206' title='bbox 3470 1459 3582 1516; x_wconf 89' lang='lat' dir='ltr'><strong>pa-</strong></span> 
     </span>
    </p>
   </div>
   <div class='ocr_carea' id='block_1_16' title="bbox 158 1532 3576 1618">
    <p class='ocr_par' dir='ltr' id='par_1_16' title="bbox 158 1532 3576 1618">
     <span class='ocr_line' id='line_1_16' title="bbox 158 1532 3576 1618; baseline -0.005 -15"><span class='ocrx_word' id='word_1_207' title='bbox 158 1544 260 1603; x_wconf 90' lang='lat' dir='ltr'><strong>sed</strong></span> <span class='ocrx_word' id='word_1_208' title='bbox 301 1544 476 1602; x_wconf 82' lang='lat' dir='ltr'><strong>liceat</strong></span> <span class='ocrx_word' id='word_1_209' title='bbox 518 1543 606 1600; x_wconf 83' lang='lat' dir='ltr'><strong>eis</strong></span> <span class='ocrx_word' id='word_1_210' title='bbox 651 1543 1017 1602; x_wconf 88' lang='lat' dir='ltr'><strong>conductum</strong></span> <span class='ocrx_word' id='word_1_211' title='bbox 1055 1561 1233 1601; x_wconf 89' lang='lat' dir='ltr'><strong>suum</strong></span> <span class='ocrx_word' id='word_1_212' title='bbox 1285 1559 1574 1618; x_wconf 73' lang='lat' dir='ltr'><strong>quaerere,</strong></span> <span class='ocrx_word' id='word_1_213' title='bbox 1612 1543 1807 1599; x_wconf 86' lang='lat' dir='ltr'><strong>donec</strong></span> <span class='ocrx_word' id='word_1_214' title='bbox 1911 1550 2054 1592; x_wconf 85' lang='lat' dir='ltr'><strong>nem</strong></span> <span class='ocrx_word' id='word_1_215' title='bbox 2075 1539 2132 1592; x_wconf 84' lang='lat' dir='ltr'><strong>et</strong></span> <span class='ocrx_word' id='word_1_216' title='bbox 2157 1550 2402 1591; x_wconf 78' lang='lat' dir='ltr'><strong>carnem</strong></span> <span class='ocrx_word' id='word_1_217' title='bbox 2429 1549 2539 1606; x_wconf 89' lang='lat' dir='ltr'><strong>per</strong></span> <span class='ocrx_word' id='word_1_218' title='bbox 2556 1532 2895 1590; x_wconf 88' lang='lat' dir='ltr'><strong>deneradas</strong></span> <span class='ocrx_word' id='word_1_219' title='bbox 2914 1537 2974 1588; x_wconf 90' lang='lat' dir='ltr'><strong>et</strong></span> <span class='ocrx_word' id='word_1_220' title='bbox 3000 1532 3213 1588; x_wconf 89' lang='lat' dir='ltr'><strong>vinum</strong></span> <span class='ocrx_word' id='word_1_221' title='bbox 3242 1547 3350 1604; x_wconf 89' lang='lat' dir='ltr'><strong>per</strong></span> <span class='ocrx_word' id='word_1_222' title='bbox 3378 1535 3576 1588; x_wconf 88' lang='lat' dir='ltr'><strong>sexta-</strong></span> 
     </span>
    </p>
   </div>
   <div class='ocr_carea' id='block_1_17' title="bbox 154 1619 3579 1709">
    <p class='ocr_par' dir='ltr' id='par_1_17' title="bbox 154 1619 3579 1709">
     <span class='ocr_line' id='line_1_17' title="bbox 154 1619 3579 1709; baseline -0.005 -17"><span class='ocrx_word' id='word_1_223' title='bbox 154 1650 294 1709; x_wconf 85' lang='lat' dir='ltr'><strong>pace</strong></span> <span class='ocrx_word' id='word_1_224' title='bbox 342 1632 579 1691; x_wconf 87' lang='lat' dir='ltr'><strong>reddita</strong></span> <span class='ocrx_word' id='word_1_225' title='bbox 631 1636 736 1690; x_wconf 89' lang='lat' dir='ltr'><strong>aut</strong></span> <span class='ocrx_word' id='word_1_226' title='bbox 770 1632 894 1706; x_wconf 85' lang='lat' dir='ltr'><strong>ipsi</strong></span> <span class='ocrx_word' id='word_1_227' title='bbox 925 1633 1174 1691; x_wconf 82' lang='lat' dir='ltr'><strong>redeant</strong></span> <span class='ocrx_word' id='word_1_228' title='bbox 1220 1634 1300 1691; x_wconf 72' lang='lat' dir='ltr'><strong>ad</strong></span> <span class='ocrx_word' id='word_1_229' title='bbox 1344 1634 1481 1691; x_wconf 73' lang='lat' dir='ltr'><strong>loca</strong></span> <span class='ocrx_word' id='word_1_230' title='bbox 1523 1649 1653 1698; x_wconf 67' lang='lat' dir='ltr'><strong>sua,</strong></span> <span class='ocrx_word' id='word_1_231' title='bbox 1705 1634 1810 1689; x_wconf 77' lang='lat' dir='ltr'><strong>aut</strong></span> <span class='ocrx_word' id='word_1_232' title='bbox 1835 1645 1884 1699; x_wconf 63' lang='grc' dir='ltr'><strong>ι</strong></span> <span class='ocrx_word' id='word_1_233' title='bbox 1912 1623 2032 1680; x_wconf 91' lang='lat' dir='ltr'><strong>rios</strong></span> <span class='ocrx_word' id='word_1_234' title='bbox 2066 1623 2348 1692; x_wconf 88' lang='lat' dir='ltr'><strong>vendunt,</strong></span> <span class='ocrx_word' id='word_1_235' title='bbox 2379 1622 2557 1694; x_wconf 80' lang='lat'><strong>373</strong></span> <span class='ocrx_word' id='word_1_236' title='bbox 2576 1636 2925 1677; x_wconf 88' lang='lat' dir='ltr'><strong>mensuram</strong></span> <span class='ocrx_word' id='word_1_237' title='bbox 2947 1620 3286 1677; x_wconf 81' lang='lat' dir='ltr'><strong>adulterare</strong></span> <span class='ocrx_word' id='word_1_238' title='bbox 3314 1619 3579 1709; x_wconf 83' lang='lat' dir='ltr'><strong>possint;</strong></span> 
     </span>
    </p>
   </div>
   <div class='ocr_carea' id='block_1_18' title="bbox 155 1706 3585 1797">
    <p class='ocr_par' dir='ltr' id='par_1_18' title="bbox 155 1706 3585 1797">
     <span class='ocr_line' id='line_1_18' title="bbox 155 1706 3585 1797; baseline -0.004 -15"><span class='ocrx_word' id='word_1_239' title='bbox 155 1706 418 1782; x_wconf 74' lang='lat' dir='ltr'><strong>seniores</strong></span> <span class='ocrx_word' id='word_1_240' title='bbox 446 1722 686 1780; x_wconf 87' lang='lat' dir='ltr'><strong>illorum</strong></span> <span class='ocrx_word' id='word_1_241' title='bbox 714 1739 818 1779; x_wconf 90' lang='lat' dir='ltr'><strong>eos</strong></span> <span class='ocrx_word' id='word_1_242' title='bbox 864 1723 1170 1797; x_wconf 84' lang='lat' dir='ltr'><strong>recipiant.</strong></span> <span class='ocrx_word' id='word_1_243' title='bbox 1222 1724 1428 1781; x_wconf 73' lang='lat' dir='ltr'><strong>Nullus</strong></span> <span class='ocrx_word' id='word_1_244' title='bbox 1472 1728 1677 1781; x_wconf 86' lang='lat' dir='ltr'><strong>autem</strong></span> <span class='ocrx_word' id='word_1_245' title='bbox 1702 1738 1810 1779; x_wconf 88' lang='lat' dir='ltr'><strong>eos</strong></span> <span class='ocrx_word' id='word_1_246' title='bbox 1917 1712 2027 1770; x_wconf 76' lang='lat' dir='ltr'><strong>30d</strong></span> <span class='ocrx_word' id='word_1_247' title='bbox 2052 1716 2314 1785; x_wconf 72' lang='lat' dir='ltr'><strong>quantos</strong></span> <span class='ocrx_word' id='word_1_248' title='bbox 2335 1709 2777 1768; x_wconf 76' lang='lat' dir='ltr'><strong>mensura-biles</strong></span> <span class='ocrx_word' id='word_1_249' title='bbox 2818 1724 3009 1783; x_wconf 75' lang='lat' dir='ltr'><strong>panes</strong></span> <span class='ocrx_word' id='word_1_250' title='bbox 3056 1708 3131 1765; x_wconf 81' lang='lat' dir='ltr'><strong>de</strong></span> <span class='ocrx_word' id='word_1_251' title='bbox 3175 1708 3338 1797; x_wconf 77' lang='lat' dir='ltr'><strong>justo</strong></span> <span class='ocrx_word' id='word_1_252' title='bbox 3374 1706 3585 1763; x_wconf 88' lang='lat' dir='ltr'><strong>modio</strong></span> 
     </span>
    </p>
   </div>
   <div class='ocr_carea' id='block_1_19' title="bbox 151 1796 3591 1885">
    <p class='ocr_par' dir='ltr' id='par_1_19' title="bbox 151 1796 3591 1885">
     <span class='ocr_line' id='line_1_19' title="bbox 151 1796 3591 1885; baseline -0.004 -15"><span class='ocrx_word' id='word_1_253' title='bbox 151 1813 432 1870; x_wconf 83' lang='lat' dir='ltr'><strong>inservire</strong></span> <span class='ocrx_word' id='word_1_254' title='bbox 455 1816 802 1884; x_wconf 75' lang='lat' dir='ltr'><strong>praesumat,</strong></span> <span class='ocrx_word' id='word_1_255' title='bbox 830 1828 905 1869; x_wconf 91' lang='lat' dir='ltr'><strong>eo</strong></span> <span class='ocrx_word' id='word_1_256' title='bbox 930 1796 1099 1885; x_wconf 79' lang='lat' dir='ltr'><strong>quod</strong></span> <span class='ocrx_word' id='word_1_257' title='bbox 1122 1812 1257 1869; x_wconf 87' lang='lat' dir='ltr'><strong>loco</strong></span> <span class='ocrx_word' id='word_1_258' title='bbox 1277 1812 1625 1870; x_wconf 82' lang='lat' dir='ltr'><strong>mercenarii</strong></span> <span class='ocrx_word' id='word_1_259' title='bbox 1643 1809 1812 1885; x_wconf 86' lang='lat' dir='ltr'><strong>apud</strong></span> <span class='ocrx_word' id='word_1_260' title='bbox 1914 1801 1978 1858; x_wconf 79' lang='lat' dir='ltr'><strong>in</strong></span> <span class='ocrx_word' id='word_1_261' title='bbox 2045 1815 2413 1874; x_wconf 76' lang='lat' dir='ltr'><strong>unaquaque</strong></span> <span class='ocrx_word' id='word_1_262' title='bbox 2462 1800 2697 1856; x_wconf 76' lang='lat' dir='ltr'><strong>civitate</strong></span> <span class='ocrx_word' id='word_1_263' title='bbox 2750 1798 3016 1872; x_wconf 77' lang='lat' dir='ltr'><strong>episcopi</strong></span> <span class='ocrx_word' id='word_1_264' title='bbox 3081 1798 3176 1854; x_wconf 85' lang='lat' dir='ltr'><strong>vel</strong></span> <span class='ocrx_word' id='word_1_265' title='bbox 3237 1796 3492 1854; x_wconf 83' lang='lat' dir='ltr'><strong>abbates</strong></span> <span class='ocrx_word' id='word_1_266' title='bbox 3552 1815 3591 1852; x_wconf 66' lang='grc' dir='ltr'><strong>ει</strong></span> 
     </span>
    </p>
   </div>
   <div class='ocr_carea' id='block_1_20' title="bbox 153 1882 3639 1975">
    <p class='ocr_par' dir='ltr' id='par_1_20' title="bbox 153 1882 3639 1975">
     <span class='ocr_line' id='line_1_20' title="bbox 153 1882 3639 1975; baseline -0.005 -17"><span class='ocrx_word' id='word_1_267' title='bbox 153 1902 416 1975; x_wconf 86' lang='lat' dir='ltr'><strong>aliquem</strong></span> <span class='ocrx_word' id='word_1_268' title='bbox 445 1882 799 1968; x_wconf 77' lang='lat' dir='ltr'><strong>manserint,</strong></span> <span class='ocrx_word' id='word_1_269' title='bbox 824 1916 937 1959; x_wconf 88' lang='lat' dir='ltr'><strong>nec</strong></span> <span class='ocrx_word' id='word_1_270' title='bbox 952 1882 1210 1959; x_wconf 73' lang='lat' dir='ltr'><strong>censum</strong></span> <span class='ocrx_word' id='word_1_271' title='bbox 1241 1907 1345 1960; x_wconf 92' lang='lat' dir='ltr'><strong>aut</strong></span> <span class='ocrx_word' id='word_1_272' title='bbox 1373 1902 1661 1959; x_wconf 85' lang='lat' dir='ltr'><strong>tributum</strong></span> <span class='ocrx_word' id='word_1_273' title='bbox 1682 1882 1814 1957; x_wconf 67' lang='lat' dir='ltr'><strong>exi-</strong></span> <span class='ocrx_word' id='word_1_274' title='bbox 1919 1889 2042 1947; x_wconf 84' lang='lat' dir='ltr'><strong>suis</strong></span> <span class='ocrx_word' id='word_1_275' title='bbox 2062 1888 2387 1962; x_wconf 78' lang='lat' dir='ltr'><strong>pistoribus</strong></span> <span class='ocrx_word' id='word_1_276' title='bbox 2400 1887 2715 1961; x_wconf 87' lang='lat' dir='ltr'><strong>recipiunt,</strong></span> <span class='ocrx_word' id='word_1_277' title='bbox 2730 1891 2926 1944; x_wconf 81' lang='lat' dir='ltr'><strong>tantos</strong></span> <span class='ocrx_word' id='word_1_278' title='bbox 2946 1885 3381 1943; x_wconf 88' lang='lat' dir='ltr'><strong>mensurabiles</strong></span> <span class='ocrx_word' id='word_1_279' title='bbox 3397 1901 3590 1975; x_wconf 86' lang='lat' dir='ltr'><strong>panes</strong></span> <span class='ocrx_word' id='word_1_280' title='bbox 3633 1882 3639 1889; x_wconf 75' lang='grc'><strong>“</strong></span> 
     </span>
    </p>
   </div>
   <div class='ocr_carea' id='block_1_21' title="bbox 152 1974 3594 2064">
    <p class='ocr_par' dir='ltr' id='par_1_21' title="bbox 152 1974 3594 2064">
     <span class='ocr_line' id='line_1_21' title="bbox 152 1974 3594 2064; baseline -0.006 -15"><span class='ocrx_word' id='word_1_281' title='bbox 152 1974 306 2063; x_wconf 85' lang='lat' dir='ltr'><strong>gere.</strong></span> <span class='ocrx_word' id='word_1_282' title='bbox 340 1990 521 2057; x_wconf 83' lang='lat' dir='ltr'><strong>Quod</strong></span> <span class='ocrx_word' id='word_1_283' title='bbox 552 1989 598 2045; x_wconf 89' lang='lat' dir='ltr'><strong>si</strong></span> <span class='ocrx_word' id='word_1_284' title='bbox 629 1989 903 2047; x_wconf 88' lang='lat' dir='ltr'><strong>inventus</strong></span> <span class='ocrx_word' id='word_1_285' title='bbox 934 1990 1112 2049; x_wconf 85' lang='lat' dir='ltr'><strong>fuerit</strong></span> <span class='ocrx_word' id='word_1_286' title='bbox 1136 2006 1210 2049; x_wconf 82' lang='lat' dir='ltr'><strong>ex</strong></span> <span class='ocrx_word' id='word_1_287' title='bbox 1240 1990 1582 2064; x_wconf 74' lang='lat' dir='ltr'><strong>reipublicae</strong></span> <span class='ocrx_word' id='word_1_288' title='bbox 1609 1988 1815 2046; x_wconf 77' lang='lat' dir='ltr'><strong>minis-</strong></span> <span class='ocrx_word' id='word_1_289' title='bbox 1919 1979 1995 2037; x_wconf 83' lang='lat' dir='ltr'><strong>de</strong></span> <span class='ocrx_word' id='word_1_290' title='bbox 2016 1978 2231 2036; x_wconf 88' lang='lat' dir='ltr'><strong>eodem</strong></span> <span class='ocrx_word' id='word_1_291' title='bbox 2268 1976 2475 2036; x_wconf 89' lang='lat' dir='ltr'><strong>modio</strong></span> <span class='ocrx_word' id='word_1_292' title='bbox 2514 1993 2553 2035; x_wconf 90' lang='lat' dir='ltr'><strong>a</strong></span> <span class='ocrx_word' id='word_1_293' title='bbox 2571 1975 2898 2051; x_wconf 87' lang='lat' dir='ltr'><strong>pistoribus</strong></span> <span class='ocrx_word' id='word_1_294' title='bbox 2935 1975 3041 2049; x_wconf 89' lang='lat' dir='ltr'><strong>qui</strong></span> <span class='ocrx_word' id='word_1_295' title='bbox 3070 1990 3294 2049; x_wconf 88' lang='lat' dir='ltr'><strong>panem</strong></span> <span class='ocrx_word' id='word_1_296' title='bbox 3320 1974 3594 2064; x_wconf 80' lang='lat' dir='ltr'><strong>vendunt</strong></span> 
     </span>
    </p>
   </div>
   <div class='ocr_carea' id='block_1_22' title="bbox 150 2062 3597 2155">
    <p class='ocr_par' dir='ltr' id='par_1_22' title="bbox 150 2062 3597 2155">
     <span class='ocr_line' id='line_1_22' title="bbox 150 2062 3597 2155; baseline -0.006 -18"><span class='ocrx_word' id='word_1_297' title='bbox 150 2062 248 2137; x_wconf 83' lang='lat' dir='ltr'><strong>tris</strong></span> <span class='ocrx_word' id='word_1_298' title='bbox 274 2085 383 2137; x_wconf 89' lang='lat' dir='ltr'><strong>aut</strong></span> <span class='ocrx_word' id='word_1_299' title='bbox 422 2079 578 2136; x_wconf 89' lang='lat' dir='ltr'><strong>alius</strong></span> <span class='ocrx_word' id='word_1_300' title='bbox 620 2079 869 2153; x_wconf 88' lang='lat' dir='ltr'><strong>quilibet</strong></span> <span class='ocrx_word' id='word_1_301' title='bbox 907 2084 1114 2138; x_wconf 89' lang='lat' dir='ltr'><strong>contra</strong></span> <span class='ocrx_word' id='word_1_302' title='bbox 1157 2082 1273 2137; x_wconf 90' lang='lat' dir='ltr'><strong>hoc</strong></span> <span class='ocrx_word' id='word_1_303' title='bbox 1313 2062 1550 2155; x_wconf 80' lang='lat' dir='ltr'><strong>pietatis</strong></span> <span class='ocrx_word' id='word_1_304' title='bbox 1591 2093 1815 2152; x_wconf 75' lang='lat' dir='ltr'><strong>praece-</strong></span> <span class='ocrx_word' id='word_1_305' title='bbox 1920 2066 2306 2125; x_wconf 79' lang='lat' dir='ltr'><strong>ﬁerifaciant.</strong></span> <span class='ocrx_word' id='word_1_306' title='bbox 2324 2066 2498 2131; x_wconf 83' lang='lat' dir='ltr'><strong>Quod</strong></span> <span class='ocrx_word' id='word_1_307' title='bbox 2516 2065 2567 2122; x_wconf 92' lang='lat' dir='ltr'><strong>si</strong></span> <span class='ocrx_word' id='word_1_308' title='bbox 2582 2065 2809 2155; x_wconf 86' lang='lat' dir='ltr'><strong>inventi</strong></span> <span class='ocrx_word' id='word_1_309' title='bbox 2826 2064 3046 2121; x_wconf 88' lang='lat' dir='ltr'><strong>fuerint</strong></span> <span class='ocrx_word' id='word_1_310' title='bbox 3062 2079 3409 2155; x_wconf 84' lang='lat' dir='ltr'><strong>mensuram</strong></span> <span class='ocrx_word' id='word_1_311' title='bbox 3426 2062 3597 2155; x_wconf 75' lang='lat' dir='ltr'><strong>adul-</strong></span> 
     </span>
    </p>
   </div>
   <div class='ocr_carea' id='block_1_23' title="bbox 150 2150 3597 2243">
    <p class='ocr_par' dir='ltr' id='par_1_23' title="bbox 150 2150 3597 2243">
     <span class='ocr_line' id='line_1_23' title="bbox 150 2150 3597 2243; baseline -0.006 -18"><span class='ocrx_word' id='word_1_312' title='bbox 150 2175 320 2243; x_wconf 86' lang='lat' dir='ltr'><strong>ptum</strong></span> <span class='ocrx_word' id='word_1_313' title='bbox 348 2168 553 2228; x_wconf 84' lang='lat' dir='ltr'><strong>facere</strong></span> <span class='ocrx_word' id='word_1_314' title='bbox 577 2150 684 2226; x_wconf 71' lang='lat' dir='ltr'><strong>aut</strong></span> <span class='ocrx_word' id='word_1_315' title='bbox 710 2168 942 2237; x_wconf 80' lang='lat' dir='ltr'><strong>fecisse,</strong></span> <span class='ocrx_word' id='word_1_316' title='bbox 969 2169 1245 2227; x_wconf 68' lang='lat' dir='ltr'><strong>hminum</strong></span> <span class='ocrx_word' id='word_1_317' title='bbox 1288 2150 1563 2226; x_wconf 66' lang='grc' dir='ltr'><strong>ιίοειι-αω</strong></span> <span class='ocrx_word' id='word_1_318' title='bbox 1593 2150 1820 2225; x_wconf 54' lang='lat' dir='ltr'><strong>mdo</strong></span> <span class='ocrx_word' id='word_1_319' title='bbox 1925 2160 2117 2213; x_wconf 85' lang='lat' dir='ltr'><strong>terare</strong></span> <span class='ocrx_word' id='word_1_320' title='bbox 2139 2155 2237 2212; x_wconf 81' lang='lat' dir='ltr'><strong>vel</strong></span> <span class='ocrx_word' id='word_1_321' title='bbox 2249 2155 2542 2222; x_wconf 74' lang='lat' dir='ltr'><strong>minuere;</strong></span> <span class='ocrx_word' id='word_1_322' title='bbox 2565 2158 2625 2210; x_wconf 89' lang='lat' dir='ltr'><strong>et</strong></span> <span class='ocrx_word' id='word_1_323' title='bbox 2645 2153 2944 2243; x_wconf 79' lang='lat' dir='ltr'><strong>damnum</strong></span> <span class='ocrx_word' id='word_1_324' title='bbox 2959 2152 3312 2243; x_wconf 84' lang='lat' dir='ltr'><strong>sustineant,</strong></span> <span class='ocrx_word' id='word_1_325' title='bbox 3337 2155 3397 2206; x_wconf 89' lang='lat' dir='ltr'><strong>et</strong></span> <span class='ocrx_word' id='word_1_326' title='bbox 3407 2150 3597 2243; x_wconf 78' lang='lat' dir='ltr'><strong>virgis</strong></span> 
     </span>
    </p>
   </div>
   <div class='ocr_carea' id='block_1_24' title="bbox 149 2239 3593 2331">
    <p class='ocr_par' dir='ltr' id='par_1_24' title="bbox 149 2239 3593 2331">
     <span class='ocr_line' id='line_1_24' title="bbox 149 2239 3593 2331; baseline -0.006 -18"><span class='ocrx_word' id='word_1_327' title='bbox 149 2239 503 2331; x_wconf 77' lang='lat' dir='ltr'><strong>componat.</strong></span> <span class='ocrx_word' id='word_1_328' title='bbox 794 2329 843 2331; x_wconf 34' lang='grc' dir='ltr'>μ</span> <span class='ocrx_word' id='word_1_329' title='bbox 912 2328 926 2331; x_wconf 87' lang='lat'>_</span> <span class='ocrx_word' id='word_1_330' title='bbox 1443 2319 1451 2322; x_wconf 98' lang='lat'>_</span> <span class='ocrx_word' id='word_1_331' title='bbox 1927 2244 2257 2302; x_wconf 63' lang='lat' dir='ltr'><strong>caedantur.</strong></span> <span class='ocrx_word' id='word_1_332' title='bbox 2285 2242 2572 2299; x_wconf 86' lang='lat' dir='ltr'><strong>Homines</strong></span> <span class='ocrx_word' id='word_1_333' title='bbox 2600 2242 2787 2298; x_wconf 85' lang='lat' dir='ltr'><strong>etiam</strong></span> <span class='ocrx_word' id='word_1_334' title='bbox 2810 2241 3032 2315; x_wconf 90' lang='lat' dir='ltr'><strong>quibus</strong></span> <span class='ocrx_word' id='word_1_335' title='bbox 3056 2241 3171 2296; x_wconf 86' lang='lat' dir='ltr'><strong>hoc</strong></span> <span class='ocrx_word' id='word_1_336' title='bbox 3197 2239 3593 2296; x_wconf 87' lang='lat' dir='ltr'><strong>commissum</strong></span> 
     </span>
    </p>
   </div>
   <div class='ocr_carea' id='block_1_25' title="bbox 792 2319 3599 2406">
    <p class='ocr_par' dir='ltr' id='par_1_25' title="bbox 792 2319 3599 2406">
     <span class='ocr_line' id='line_1_25' title="bbox 792 2319 3599 2406; baseline 0 -23"><span class='ocrx_word' id='word_1_337' title='bbox 792 2328 957 2386; x_wconf 87' lang='lat' dir='ltr'><strong>Unde</strong></span> <span class='ocrx_word' id='word_1_338' title='bbox 984 2344 1190 2398; x_wconf 79' lang='lat' dir='ltr'><strong>supra.</strong></span> <span class='ocrx_word' id='word_1_339' title='bbox 1443 2319 1451 2322; x_wconf 66' lang='grc'><em>’</em></span> <span class='ocrx_word' id='word_1_340' title='bbox 1928 2337 2020 2390; x_wconf 88' lang='lat' dir='ltr'><strong>est</strong></span> <span class='ocrx_word' id='word_1_341' title='bbox 2040 2339 2108 2389; x_wconf 90' lang='lat' dir='ltr'><strong>ut</strong></span> <span class='ocrx_word' id='word_1_342' title='bbox 2134 2332 2492 2406; x_wconf 86' lang='lat' dir='ltr'><strong>provideant</strong></span> <span class='ocrx_word' id='word_1_343' title='bbox 2519 2348 2595 2388; x_wconf 89' lang='lat' dir='ltr'><strong>ne</strong></span> <span class='ocrx_word' id='word_1_344' title='bbox 2633 2345 2933 2387; x_wconf 73' lang='lat' dir='ltr'><strong>mensurae</strong></span> <span class='ocrx_word' id='word_1_345' title='bbox 2978 2329 3371 2386; x_wconf 89' lang='lat' dir='ltr'><strong>minorentur.</strong></span> <span class='ocrx_word' id='word_1_346' title='bbox 3429 2329 3488 2386; x_wconf 91' lang='lat' dir='ltr'><strong>Si</strong></span> <span class='ocrx_word' id='word_1_347' title='bbox 3522 2328 3599 2384; x_wconf 85' lang='lat' dir='ltr'><strong>de</strong></span> 
     </span>
    </p>
   </div>
   <div class='ocr_carea' id='block_1_26' title="bbox 213 2412 3601 2497">
    <p class='ocr_par' dir='ltr' id='par_1_26' title="bbox 213 2412 3601 2497">
     <span class='ocr_line' id='line_1_26' title="bbox 213 2412 3601 2497; baseline 0.001 -22"><span class='ocrx_word' id='word_1_348' title='bbox 213 2418 563 2475; x_wconf 81' lang='lat' dir='ltr'><strong>CCCCXXV.</strong></span> <span class='ocrx_word' id='word_1_349' title='bbox 614 2416 881 2473; x_wconf 86' lang='lat' dir='ltr'><strong>Pervenit</strong></span> <span class='ocrx_word' id='word_1_350' title='bbox 909 2416 988 2471; x_wconf 89' lang='lat' dir='ltr'><strong>ad</strong></span> <span class='ocrx_word' id='word_1_351' title='bbox 1016 2432 1194 2472; x_wconf 86' lang='lat' dir='ltr'><strong>aures</strong></span> <span class='ocrx_word' id='word_1_352' title='bbox 1235 2416 1618 2473; x_wconf 89' lang='lat' dir='ltr'><strong>sacerdotum</strong></span> <span class='ocrx_word' id='word_1_353' title='bbox 1661 2412 1829 2486; x_wconf 91' lang='lat' dir='ltr'><strong>quod</strong></span> <span class='ocrx_word' id='word_1_354' title='bbox 1932 2421 2197 2497; x_wconf 63' lang='lat' dir='ltr'><strong>pexjurio</strong></span> <span class='ocrx_word' id='word_1_355' title='bbox 2219 2420 2386 2494; x_wconf 79' lang='lat' dir='ltr'><strong>quod</strong></span> <span class='ocrx_word' id='word_1_356' title='bbox 2401 2421 2758 2492; x_wconf 84' lang='lat' dir='ltr'><strong>juraverunt</strong></span> <span class='ocrx_word' id='word_1_357' title='bbox 2783 2419 2951 2493; x_wconf 90' lang='lat' dir='ltr'><strong>quod</strong></span> <span class='ocrx_word' id='word_1_358' title='bbox 2978 2420 3095 2476; x_wconf 89' lang='lat' dir='ltr'><strong>hoc</strong></span> <span class='ocrx_word' id='word_1_359' title='bbox 3115 2419 3449 2475; x_wconf 81' lang='lat' dir='ltr'><strong>consentire</strong></span> <span class='ocrx_word' id='word_1_360' title='bbox 3476 2433 3601 2474; x_wconf 87' lang='lat' dir='ltr'><strong>non</strong></span> 
     </span>
    </p>
   </div>
   <div class='ocr_carea' id='block_1_27' title="bbox 147 2501 3601 2589">
    <p class='ocr_par' dir='ltr' id='par_1_27' title="bbox 147 2501 3601 2589">
     <span class='ocr_line' id='line_1_27' title="bbox 147 2501 3601 2589; baseline -0.005 -9"><span class='ocrx_word' id='word_1_361' title='bbox 147 2505 421 2580; x_wconf 69' lang='grc' dir='ltr'><strong>ρτοίιιεί.</strong></span> <span class='ocrx_word' id='word_1_362' title='bbox 467 2504 571 2578; x_wconf 67' lang='lat' dir='ltr'><strong>qni</strong></span> <span class='ocrx_word' id='word_1_363' title='bbox 620 2518 1003 2578; x_wconf 68' lang='grc' dir='ltr'><strong>ρειεωιοτιιω</strong></span> <span class='ocrx_word' id='word_1_364' title='bbox 1055 2520 1285 2589; x_wconf 28' lang='lat' dir='ltr'><strong>manus.</strong></span> <span class='ocrx_word' id='word_1_365' title='bbox 1320 2502 1605 2561; x_wconf 74' lang='lat' dir='ltr'><strong>omnibus</strong></span> <span class='ocrx_word' id='word_1_366' title='bbox 1655 2501 1831 2558; x_wconf 67' lang='lat' dir='ltr'><strong>bonis</strong></span> <span class='ocrx_word' id='word_1_367' title='bbox 1931 2510 2284 2568; x_wconf 76' lang='lat' dir='ltr'><strong>debuissent</strong></span> <span class='ocrx_word' id='word_1_368' title='bbox 2310 2508 2533 2566; x_wconf 84' lang='lat' dir='ltr'><strong>fuerint</strong></span> <span class='ocrx_word' id='word_1_369' title='bbox 2555 2508 2834 2580; x_wconf 87' lang='lat' dir='ltr'><strong>convicti,</strong></span> <span class='ocrx_word' id='word_1_370' title='bbox 2881 2508 3218 2565; x_wconf 89' lang='lat' dir='ltr'><strong>secundum</strong></span> <span class='ocrx_word' id='word_1_371' title='bbox 3264 2508 3460 2578; x_wconf 80' lang='lat' dir='ltr'><strong>legem</strong></span> <span class='ocrx_word' id='word_1_372' title='bbox 3488 2523 3601 2581; x_wconf 85' lang='lat' dir='ltr'><strong>pu-</strong></span> 
     </span>
    </p>
   </div>
   <div class='ocr_carea' id='block_1_28' title="bbox 145 2589 3608 2672">
    <p class='ocr_par' dir='ltr' id='par_1_28' title="bbox 145 2589 3608 2672">
     <span class='ocr_line' id='line_1_28' title="bbox 145 2589 3608 2672; baseline -0.001 -23"><span class='ocrx_word' id='word_1_373' title='bbox 145 2593 401 2650; x_wconf 87' lang='lat' dir='ltr'><strong>amissis</strong></span> <span class='ocrx_word' id='word_1_374' title='bbox 463 2592 562 2647; x_wconf 89' lang='lat' dir='ltr'><strong>vix</strong></span> <span class='ocrx_word' id='word_1_375' title='bbox 609 2596 947 2660; x_wconf 89' lang='lat' dir='ltr'><strong>evaserunt,</strong></span> <span class='ocrx_word' id='word_1_376' title='bbox 1007 2592 1069 2648; x_wconf 92' lang='lat' dir='ltr'><strong>in</strong></span> <span class='ocrx_word' id='word_1_377' title='bbox 1120 2591 1469 2662; x_wconf 84' lang='lat' dir='ltr'><strong>regionibus</strong></span> <span class='ocrx_word' id='word_1_378' title='bbox 1524 2589 1745 2647; x_wconf 85' lang='lat' dir='ltr'><strong>nostris</strong></span> <span class='ocrx_word' id='word_1_379' title='bbox 1795 2605 1833 2646; x_wconf 88' lang='lat' dir='ltr'><strong>a</strong></span> <span class='ocrx_word' id='word_1_380' title='bbox 1933 2601 2199 2670; x_wconf 58' lang='lat' dir='ltr'><strong>malum»,</strong></span> <span class='ocrx_word' id='word_1_381' title='bbox 2224 2604 2335 2656; x_wconf 62' lang='grc' dir='ltr'><strong>,ιιι</strong></span> <span class='ocrx_word' id='word_1_382' title='bbox 2371 2599 2634 2672; x_wconf 62' lang='lat' dir='ltr'><strong>pardam</strong></span> <span class='ocrx_word' id='word_1_383' title='bbox 2667 2613 2945 2670; x_wconf 62' lang='lat' dir='ltr'><strong>manum,</strong></span> <span class='ocrx_word' id='word_1_384' title='bbox 2987 2601 3092 2655; x_wconf 73' lang='lat' dir='ltr'><strong>aut</strong></span> <span class='ocrx_word' id='word_1_385' title='bbox 3132 2597 3451 2666; x_wconf 70' lang='lat' dir='ltr'><strong>redimam,</strong></span> <span class='ocrx_word' id='word_1_386' title='bbox 3502 2609 3608 2661; x_wconf 64' lang='lat' dir='ltr'><strong>aut</strong></span> 
     </span>
    </p>
   </div>
   <div class='ocr_carea' id='block_1_29' title="bbox 146 2680 3606 2763">
    <p class='ocr_par' dir='ltr' id='par_1_29' title="bbox 146 2680 3606 2763">
     <span class='ocr_line' id='line_1_29' title="bbox 146 2680 3606 2763; baseline 0.001 -24"><span class='ocrx_word' id='word_1_387' title='bbox 146 2680 543 2756; x_wconf 81' lang='lat' dir='ltr'><strong>quibusdam</strong></span> <span class='ocrx_word' id='word_1_388' title='bbox 580 2681 800 2754; x_wconf 86' lang='lat' dir='ltr'><strong>injuste</strong></span> <span class='ocrx_word' id='word_1_389' title='bbox 830 2681 1269 2754; x_wconf 83' lang='lat' dir='ltr'><strong>opprimantur,</strong></span> <span class='ocrx_word' id='word_1_390' title='bbox 1301 2681 1445 2763; x_wconf 80' lang='lat' dir='ltr'><strong>etin</strong></span> <span class='ocrx_word' id='word_1_391' title='bbox 1489 2680 1831 2736; x_wconf 88' lang='lat' dir='ltr'><strong>servitutem</strong></span> <span class='ocrx_word' id='word_1_392' title='bbox 1937 2704 2120 2762; x_wconf 61' lang='lat' dir='ltr'><strong>grue</strong></span> <span class='ocrx_word' id='word_1_393' title='bbox 2148 2689 2446 2745; x_wconf 62' lang='lat' dir='ltr'><strong>animum</strong></span> <span class='ocrx_word' id='word_1_394' title='bbox 2470 2687 2823 2756; x_wconf 74' lang='lat' dir='ltr'><strong>sustineant,</strong></span> <span class='ocrx_word' id='word_1_395' title='bbox 2856 2692 2915 2744; x_wconf 88' lang='lat' dir='ltr'><strong>et</strong></span> <span class='ocrx_word' id='word_1_396' title='bbox 2937 2690 3150 2761; x_wconf 87' lang='lat' dir='ltr'><strong>postea</strong></span> <span class='ocrx_word' id='word_1_397' title='bbox 3195 2687 3274 2744; x_wconf 89' lang='lat' dir='ltr'><strong>ab</strong></span> <span class='ocrx_word' id='word_1_398' title='bbox 3317 2687 3606 2760; x_wconf 88' lang='lat' dir='ltr'><strong>episcopo</strong></span> 
     </span>
    </p>
   </div>
   <div class='ocr_carea' id='block_1_30' title="bbox 144 2768 1716 2852">
    <p class='ocr_par' dir='ltr' id='par_1_30' title="bbox 144 2768 1716 2842">
     <span class='ocr_line' id='line_1_30' title="bbox 144 2768 1716 2842; baseline -0.002 -16"><span class='ocrx_word' id='word_1_399' title='bbox 144 2770 518 2841; x_wconf 83' lang='lat' dir='ltr'><strong>redigantur</strong></span> <span class='ocrx_word' id='word_1_400' title='bbox 544 2774 755 2827; x_wconf 88' lang='lat' dir='ltr'><strong>contra</strong></span> <span class='ocrx_word' id='word_1_401' title='bbox 783 2769 1015 2827; x_wconf 88' lang='lat' dir='ltr'><strong>divinas</strong></span> <span class='ocrx_word' id='word_1_402' title='bbox 1034 2770 1457 2842; x_wconf 86' lang='lat' dir='ltr'><strong>humanasque</strong></span> <span class='ocrx_word' id='word_1_403' title='bbox 1484 2768 1669 2839; x_wconf 87' lang='lat' dir='ltr'><strong>leges,</strong></span> <span class='ocrx_word' id='word_1_404' title='bbox 1693 2784 1716 2823; x_wconf 70' lang='grc' dir='ltr'><em>ρ</em></span> 
     </span>
    </p>
   </div>
   <div class='ocr_carea' id='block_1_31' title="bbox 1980 2768 3552 2852">
    <p class='ocr_par' dir='ltr' id='par_1_31' title="bbox 1980 2776 3552 2852">
     <span class='ocr_line' id='line_1_31' title="bbox 1980 2776 3552 2852; baseline 0.001 -17"><span class='ocrx_word' id='word_1_405' title='bbox 1980 2795 2013 2835; x_wconf 89' lang='lat' dir='ltr'><strong>e</strong></span> <span class='ocrx_word' id='word_1_406' title='bbox 2043 2778 2309 2852; x_wconf 85' lang='lat' dir='ltr'><strong>perjurio</strong></span> <span class='ocrx_word' id='word_1_407' title='bbox 2334 2777 2642 2851; x_wconf 87' lang='lat' dir='ltr'><strong>publicam</strong></span> <span class='ocrx_word' id='word_1_408' title='bbox 2667 2777 3083 2851; x_wconf 71' lang='lat' dir='ltr'><strong>paenitentiam</strong></span> <span class='ocrx_word' id='word_1_409' title='bbox 3110 2776 3426 2850; x_wconf 87' lang='lat' dir='ltr'><strong>accipiant.</strong></span> <span class='ocrx_word' id='word_1_410' title='bbox 3550 2832 3552 2837; x_wconf 94' lang='lat'><strong>.</strong></span> 
     </span>
    </p>
   </div>
   <div class='ocr_carea' id='block_1_32' title="bbox 146 2857 1718 2937">
    <p class='ocr_par' dir='ltr' id='par_1_32' title="bbox 146 2857 1718 2932">
     <span class='ocr_line' id='line_1_32' title="bbox 146 2857 1718 2932; baseline -0.001 -17"><span class='ocrx_word' id='word_1_411' title='bbox 146 2858 459 2917; x_wconf 88' lang='lat' dir='ltr'><strong>Dominus</strong></span> <span class='ocrx_word' id='word_1_412' title='bbox 491 2874 602 2931; x_wconf 90' lang='lat' dir='ltr'><strong>per</strong></span> <span class='ocrx_word' id='word_1_413' title='bbox 629 2859 988 2932; x_wconf 88' lang='lat' dir='ltr'><strong>prophetam</strong></span> <span class='ocrx_word' id='word_1_414' title='bbox 1019 2858 1180 2915; x_wconf 88' lang='lat' dir='ltr'><strong>dicat</strong></span> <span class='ocrx_word' id='word_1_415' title='bbox 1209 2876 1223 2913; x_wconf 89' lang='lat'><strong>:</strong></span> <span class='ocrx_word' id='word_1_416' title='bbox 1254 2858 1519 2915; x_wconf 66' lang='lat' dir='ltr'><strong>Advenz</strong></span> <span class='ocrx_word' id='word_1_417' title='bbox 1565 2873 1640 2913; x_wconf 80' lang='lat' dir='ltr'><strong>ne</strong></span> <span class='ocrx_word' id='word_1_418' title='bbox 1680 2857 1718 2926; x_wconf 71' lang='lat' dir='ltr'><em>ﬁ</em></span> 
     </span>
    </p>
   </div>
   <div class='ocr_carea' id='block_1_33' title="bbox 1984 2857 3556 2937">
    <p class='ocr_par' dir='ltr' id='par_1_33' title="bbox 1985 2867 3556 2937">
     <span class='ocr_line' id='line_1_33' title="bbox 1985 2867 3556 2937; baseline -0.003 -11"><span class='ocrx_word' id='word_1_419' title='bbox 1985 2871 2074 2926; x_wconf 86' lang='lat' dir='ltr'><strong>De</strong></span> <span class='ocrx_word' id='word_1_420' title='bbox 2100 2868 2307 2926; x_wconf 71' lang='lat' dir='ltr'><strong>eadem</strong></span> <span class='ocrx_word' id='word_1_421' title='bbox 2334 2882 2419 2924; x_wconf 83' lang='lat' dir='ltr'><strong>re.</strong></span> <span class='ocrx_word' id='word_1_422' title='bbox 2448 2868 2549 2923; x_wconf 74' lang='lat' dir='ltr'><strong>Ea:</strong></span> <span class='ocrx_word' id='word_1_423' title='bbox 2576 2867 3027 2937; x_wconf 77' lang='lat' dir='ltr'><strong>Capitularium</strong></span> <span class='ocrx_word' id='word_1_424' title='bbox 3050 2867 3153 2923; x_wconf 86' lang='lat' dir='ltr'><strong>tib.</strong></span> <span class='ocrx_word' id='word_1_425' title='bbox 3186 2882 3273 2935; x_wconf 78' lang='grc' dir='ltr'><strong>ιιι,</strong></span> <span class='ocrx_word' id='word_1_426' title='bbox 3305 2882 3439 2936; x_wconf 84' lang='lat' dir='ltr'><strong>cap.</strong></span> <span class='ocrx_word' id='word_1_427' title='bbox 3469 2871 3556 2924; x_wconf 89' lang='lat'><strong>90.</strong></span> 
     </span>
    </p>
   </div>
   <div class='ocr_carea' id='block_1_34' title="bbox 143 2946 3609 3055">
    <p class='ocr_par' dir='ltr' id='par_1_34' title="bbox 143 2946 3609 3055">
     <span class='ocr_line' id='line_1_34' title="bbox 143 2946 3609 3055; baseline 0.001 -48"><span class='ocrx_word' id='word_1_428' title='bbox 143 2950 276 3007; x_wconf 78' lang='lat' dir='ltr'><strong>ritis</strong></span> <span class='ocrx_word' id='word_1_429' title='bbox 306 2948 701 3055; x_wconf 54' lang='lat' dir='ltr'><strong>calumniam</strong></span> <span class='ocrx_word' id='word_1_430' title='bbox 753 2950 820 3047; x_wconf 62' lang='lat' dir='ltr'><strong>in</strong></span> <span class='ocrx_word' id='word_1_431' title='bbox 863 2950 990 3005; x_wconf 82' lang='lat' dir='ltr'><strong>loco</strong></span> <span class='ocrx_word' id='word_1_432' title='bbox 1042 2948 1173 3055; x_wconf 64' lang='lat' dir='ltr'><strong>hoc,</strong></span> <span class='ocrx_word' id='word_1_433' title='bbox 1198 2953 1279 3055; x_wconf 50' lang='grc' dir='ltr'><strong>,εἰ</strong></span> <span class='ocrx_word' id='word_1_434' title='bbox 1329 2947 1609 3004; x_wconf 80' lang='lat' dir='ltr'><strong>habitabo</strong></span> <span class='ocrx_word' id='word_1_435' title='bbox 1654 2946 1838 3045; x_wconf 40' lang='lat' dir='ltr'><strong>vobis.-</strong></span> <span class='ocrx_word' id='word_1_436' title='bbox 1865 2998 1908 3055; x_wconf 64' lang='grc' dir='ltr'>Ο</span> <span class='ocrx_word' id='word_1_437' title='bbox 2011 2955 2390 3012; x_wconf 67' lang='grc' dir='ltr'><strong>(ΣΟΟΟΧΧἮΙ.</strong></span> <span class='ocrx_word' id='word_1_438' title='bbox 2423 2954 2572 3027; x_wconf 87' lang='lat' dir='ltr'><strong>(Lib.</strong></span> <span class='ocrx_word' id='word_1_439' title='bbox 2587 2972 2627 3027; x_wconf 79' lang='grc' dir='ltr'><strong>ι,</strong></span> <span class='ocrx_word' id='word_1_440' title='bbox 2656 2955 3001 3025; x_wconf 72' lang='lat' dir='ltr'><strong>Capitular.</strong></span> <span class='ocrx_word' id='word_1_441' title='bbox 3030 2957 3230 3023; x_wconf 64' lang='lat' dir='ltr'><strong>c.74..)</strong></span> <span class='ocrx_word' id='word_1_442' title='bbox 3262 2957 3330 3011; x_wconf 89' lang='lat' dir='ltr'><strong>Ut</strong></span> <span class='ocrx_word' id='word_1_443' title='bbox 3348 2954 3609 3027; x_wconf 73' lang='lat' dir='ltr'><strong>aequales</strong></span> 
     </span>
    </p>
   </div>
   <div class='ocr_carea' id='block_1_35' title="bbox 144 3035 3608 3117">
    <p class='ocr_par' dir='ltr' id='par_1_35' title="bbox 144 3035 3608 3117">
     <span class='ocr_line' id='line_1_35' title="bbox 144 3035 3608 3117; baseline 0 -23"><span class='ocrx_word' id='word_1_444' title='bbox 144 3054 277 3094; x_wconf 82' lang='lat' dir='ltr'><strong>cum</strong></span> <span class='ocrx_word' id='word_1_445' title='bbox 333 3038 497 3109; x_wconf 82' lang='lat' dir='ltr'><strong>(Jer.</strong></span> <span class='ocrx_word' id='word_1_446' title='bbox 534 3037 650 3108; x_wconf 85' lang='lat' dir='ltr'><strong>vn).</strong></span> <span class='ocrx_word' id='word_1_447' title='bbox 697 3039 765 3093; x_wconf 90' lang='lat' dir='ltr'><strong>Et</strong></span> <span class='ocrx_word' id='word_1_448' title='bbox 806 3035 1021 3093; x_wconf 89' lang='lat' dir='ltr'><strong>iterum</strong></span> <span class='ocrx_word' id='word_1_449' title='bbox 1055 3054 1067 3092; x_wconf 89' lang='lat'><strong>:</strong></span> <span class='ocrx_word' id='word_1_450' title='bbox 1113 3037 1423 3093; x_wconf 81' lang='lat' dir='ltr'><strong>Advenam</strong></span> <span class='ocrx_word' id='word_1_451' title='bbox 1451 3052 1571 3092; x_wconf 83' lang='lat' dir='ltr'><strong>non</strong></span> <span class='ocrx_word' id='word_1_452' title='bbox 1620 3035 1841 3093; x_wconf 84' lang='lat' dir='ltr'><strong>contri-</strong></span> <span class='ocrx_word' id='word_1_453' title='bbox 1867 3035 1908 3055; x_wconf 84' lang='lat'><strong>“&#39;</strong></span> <span class='ocrx_word' id='word_1_454' title='bbox 1946 3059 2260 3103; x_wconf 66' lang='lat' dir='ltr'><strong>mm</strong></span> <span class='ocrx_word' id='word_1_455' title='bbox 2287 3049 2347 3101; x_wconf 76' lang='grc' dir='ltr'><strong>οι</strong></span> <span class='ocrx_word' id='word_1_456' title='bbox 2372 3043 2647 3117; x_wconf 74' lang='lat' dir='ltr'><strong>pondera</strong></span> <span class='ocrx_word' id='word_1_457' title='bbox 2672 3043 2930 3117; x_wconf 57' lang='lat' dir='ltr'><strong>aequalia</strong></span> <span class='ocrx_word' id='word_1_458' title='bbox 2958 3058 3172 3101; x_wconf 74' lang='lat' dir='ltr'><strong>omnes</strong></span> <span class='ocrx_word' id='word_1_459' title='bbox 3195 3044 3461 3101; x_wconf 77' lang='lat' dir='ltr'><strong>habeant</strong></span> <span class='ocrx_word' id='word_1_460' title='bbox 3488 3043 3608 3100; x_wconf 78' lang='lat' dir='ltr'><strong>sive</strong></span> 
     </span>
    </p>
   </div>
   <div class='ocr_carea' id='block_1_36' title="bbox 143 3124 3611 3207">
    <p class='ocr_par' dir='ltr' id='par_1_36' title="bbox 143 3124 3611 3207">
     <span class='ocr_line' id='line_1_36' title="bbox 143 3124 3611 3207; baseline -0.001 -14"><span class='ocrx_word' id='word_1_461' title='bbox 143 3126 331 3183; x_wconf 59' lang='lat' dir='ltr'><strong>“abis</strong></span> <span class='ocrx_word' id='word_1_462' title='bbox 365 3125 609 3197; x_wconf 68' lang='grc' dir='ltr'><strong>(Εποά-</strong></span> <span class='ocrx_word' id='word_1_463' title='bbox 636 3126 738 3199; x_wconf 77' lang='lat' dir='ltr'><strong>XX)</strong></span> <span class='ocrx_word' id='word_1_464' title='bbox 764 3144 776 3194; x_wconf 86' lang='grc'><strong>;</strong></span> <span class='ocrx_word' id='word_1_465' title='bbox 810 3130 867 3185; x_wconf 67' lang='grc' dir='ltr'><strong>εἰ</strong></span> <span class='ocrx_word' id='word_1_466' title='bbox 895 3125 1084 3207; x_wconf 66' lang='lat' dir='ltr'><strong>Imma</strong></span> <span class='ocrx_word' id='word_1_467' title='bbox 1113 3126 1207 3182; x_wconf 74' lang='lat' dir='ltr'><strong>his</strong></span> <span class='ocrx_word' id='word_1_468' title='bbox 1522 3124 1690 3183; x_wconf 67' lang='lat' dir='ltr'><strong>T8195</strong></span> <span class='ocrx_word' id='word_1_469' title='bbox 1730 3124 1838 3195; x_wconf 74' lang='grc' dir='ltr'><strong>ὶεὶ-</strong></span> <span class='ocrx_word' id='word_1_470' title='bbox 1945 3137 2008 3193; x_wconf 86' lang='lat' dir='ltr'><strong>in</strong></span> <span class='ocrx_word' id='word_1_471' title='bbox 2032 3133 2373 3192; x_wconf 73' lang='lat' dir='ltr'><strong>civitaﬁbus</strong></span> <span class='ocrx_word' id='word_1_472' title='bbox 2404 3133 2529 3190; x_wconf 87' lang='lat' dir='ltr'><strong>sive</strong></span> <span class='ocrx_word' id='word_1_473' title='bbox 2560 3133 2622 3189; x_wconf 91' lang='lat' dir='ltr'><strong>in</strong></span> <span class='ocrx_word' id='word_1_474' title='bbox 2650 3134 3031 3190; x_wconf 86' lang='lat' dir='ltr'><strong>monasteriis</strong></span> <span class='ocrx_word' id='word_1_475' title='bbox 3055 3134 3136 3191; x_wconf 89' lang='lat' dir='ltr'><strong>ad</strong></span> <span class='ocrx_word' id='word_1_476' title='bbox 3163 3133 3434 3192; x_wconf 84' lang='lat' dir='ltr'><strong>dandum</strong></span> <span class='ocrx_word' id='word_1_477' title='bbox 3462 3133 3611 3189; x_wconf 90' lang='lat' dir='ltr'><strong>invi-</strong></span> 
     </span>
    </p>
   </div>
   <div class='ocr_carea' id='block_1_37' title="bbox 144 3212 3613 3297">
    <p class='ocr_par' dir='ltr' id='par_1_37' title="bbox 144 3212 3613 3297">
     <span class='ocr_line' id='line_1_37' title="bbox 144 3212 3613 3297; baseline -0.001 -28"><span class='ocrx_word' id='word_1_478' title='bbox 144 3219 237 3270; x_wconf 91' lang='lat' dir='ltr'><strong>tur</strong></span> <span class='ocrx_word' id='word_1_479' title='bbox 304 3212 620 3271; x_wconf 86' lang='lat' dir='ltr'><strong>severiter</strong></span> <span class='ocrx_word' id='word_1_480' title='bbox 685 3213 1043 3287; x_wconf 89' lang='lat' dir='ltr'><strong>corripiendi</strong></span> <span class='ocrx_word' id='word_1_481' title='bbox 1104 3219 1261 3284; x_wconf 90' lang='lat' dir='ltr'><strong>sunt,</strong></span> <span class='ocrx_word' id='word_1_482' title='bbox 1317 3219 1375 3270; x_wconf 88' lang='lat' dir='ltr'><strong>et</strong></span> <span class='ocrx_word' id='word_1_483' title='bbox 1428 3213 1502 3269; x_wconf 93' lang='lat' dir='ltr'><strong>de</strong></span> <span class='ocrx_word' id='word_1_484' title='bbox 1560 3213 1842 3270; x_wconf 82' lang='lat' dir='ltr'><strong>manibus</strong></span> <span class='ocrx_word' id='word_1_485' title='bbox 1949 3240 2080 3282; x_wconf 68' lang='grc' dir='ltr'><strong>αεω</strong></span> <span class='ocrx_word' id='word_1_486' title='bbox 2104 3223 2228 3280; x_wconf 61' lang='lat' dir='ltr'><strong>sive</strong></span> <span class='ocrx_word' id='word_1_487' title='bbox 2258 3222 2700 3297; x_wconf 49' lang='lat' dir='ltr'><strong>accipiendum,</strong></span> <span class='ocrx_word' id='word_1_488' title='bbox 2728 3223 2880 3280; x_wconf 59' lang='lat' dir='ltr'><strong>sicut</strong></span> <span class='ocrx_word' id='word_1_489' title='bbox 2907 3223 2970 3279; x_wconf 74' lang='lat' dir='ltr'><strong>in</strong></span> <span class='ocrx_word' id='word_1_490' title='bbox 3007 3224 3141 3295; x_wconf 61' lang='lat'><strong>108°</strong></span> <span class='ocrx_word' id='word_1_491' title='bbox 3188 3223 3421 3281; x_wconf 67' lang='lat' dir='ltr'><strong>Domini</strong></span> <span class='ocrx_word' id='word_1_492' title='bbox 3464 3239 3613 3296; x_wconf 65' lang='grc' dir='ltr'><strong>ρι-ω-</strong></span> 
     </span>
    </p>
   </div>
   <div class='ocr_carea' id='block_1_38' title="bbox 142 3303 2720 3387">
    <p class='ocr_par' dir='ltr' id='par_1_38' title="bbox 142 3303 2720 3387">
     <span class='ocr_line' id='line_1_38' title="bbox 142 3303 2720 3387; baseline 0 -27"><span class='ocrx_word' id='word_1_493' title='bbox 142 3319 363 3361; x_wconf 88' lang='lat' dir='ltr'><strong>eorum</strong></span> <span class='ocrx_word' id='word_1_494' title='bbox 391 3303 666 3361; x_wconf 77' lang='lat' dir='ltr'><strong>advenae</strong></span> <span class='ocrx_word' id='word_1_495' title='bbox 692 3303 962 3373; x_wconf 88' lang='lat' dir='ltr'><strong>eruendi,</strong></span> <span class='ocrx_word' id='word_1_496' title='bbox 986 3305 1161 3376; x_wconf 88' lang='lat' dir='ltr'><strong>juxta</strong></span> <span class='ocrx_word' id='word_1_497' title='bbox 1183 3304 1353 3379; x_wconf 82' lang='lat' dir='ltr'><strong>quod</strong></span> <span class='ocrx_word' id='word_1_498' title='bbox 1383 3303 1676 3377; x_wconf 86' lang='lat' dir='ltr'><strong>scriptum</strong></span> <span class='ocrx_word' id='word_1_499' title='bbox 1704 3307 1796 3360; x_wconf 90' lang='lat' dir='ltr'><strong>est</strong></span> <span class='ocrx_word' id='word_1_500' title='bbox 1828 3320 1841 3357; x_wconf 91' lang='lat'>:</span> <span class='ocrx_word' id='word_1_501' title='bbox 1949 3318 2194 3387; x_wconf 68' lang='grc' dir='ltr'><strong>ωριιιω</strong></span> <span class='ocrx_word' id='word_1_502' title='bbox 2223 3312 2521 3369; x_wconf 70' lang='lat' dir='ltr'><strong>habemus</strong></span> <span class='ocrx_word' id='word_1_503' title='bbox 2550 3311 2720 3384; x_wconf 79' lang='lat'><strong>(329).</strong></span> 
     </span>
    </p>
   </div>
   <div class='ocr_carea' id='block_1_39' title="bbox 130 3393 3613 3470">
    <p class='ocr_par' dir='ltr' id='par_1_39' title="bbox 130 3393 3613 3470">
     <span class='ocr_line' id='line_1_39' title="bbox 130 3393 3613 3470; baseline -0.003 -5"><span class='ocrx_word' id='word_1_504' title='bbox 130 3393 442 3466; x_wconf 68' lang='grc' dir='ltr'><strong>Ἐνήοίεηε</strong></span> <span class='ocrx_word' id='word_1_505' title='bbox 466 3393 718 3464; x_wconf 72' lang='lat' dir='ltr'><strong>inopem</strong></span> <span class='ocrx_word' id='word_1_506' title='bbox 741 3393 815 3451; x_wconf 80' lang='lat' dir='ltr'><strong>de</strong></span> <span class='ocrx_word' id='word_1_507' title='bbox 838 3408 1021 3449; x_wconf 80' lang='lat' dir='ltr'><strong>manu</strong></span> <span class='ocrx_word' id='word_1_508' title='bbox 1045 3394 1321 3464; x_wconf 72' lang='lat' dir='ltr'><strong>fortioris</strong></span> <span class='ocrx_word' id='word_1_509' title='bbox 1346 3395 1475 3464; x_wconf 61' lang='lat' dir='ltr'><strong>eius</strong></span> <span class='ocrx_word' id='word_1_510' title='bbox 1511 3397 1621 3449; x_wconf 82' lang='lat' dir='ltr'><strong>etc-</strong></span> <span class='ocrx_word' id='word_1_511' title='bbox 1657 3393 1842 3465; x_wconf 65' lang='grc' dir='ltr'><strong>(Ρεαι.</strong></span> <span class='ocrx_word' id='word_1_512' title='bbox 1952 3406 2036 3459; x_wconf 82' lang='lat' dir='ltr'><strong>De</strong></span> <span class='ocrx_word' id='word_1_513' title='bbox 2064 3400 2628 3470; x_wconf 68' lang='lat' dir='ltr'><strong>compimtionibus.</strong></span> <span class='ocrx_word' id='word_1_514' title='bbox 2677 3401 2777 3456; x_wconf 71' lang='lat' dir='ltr'><strong>Ea:</strong></span> <span class='ocrx_word' id='word_1_515' title='bbox 2820 3401 3076 3458; x_wconf 76' lang='lat' dir='ltr'><strong>concilio</strong></span> <span class='ocrx_word' id='word_1_516' title='bbox 3126 3400 3613 3458; x_wconf 72' lang='lat' dir='ltr'><strong>Chalcedonensi.</strong></span> 
     </span>
    </p>
   </div>
   <div class='ocr_carea' id='block_1_40' title="bbox 145 3480 3615 3559">
    <p class='ocr_par' dir='ltr' id='par_1_40' title="bbox 145 3480 3615 3559">
     <span class='ocr_line' id='line_1_40' title="bbox 145 3480 3615 3559; baseline 0.001 -20"><span class='ocrx_word' id='word_1_517' title='bbox 145 3483 379 3555; x_wconf 75' lang='lat' dir='ltr'><strong>XXXIV).</strong></span> <span class='ocrx_word' id='word_1_518' title='bbox 410 3486 586 3540; x_wconf 84' lang='lat' dir='ltr'><strong>Nam</strong></span> <span class='ocrx_word' id='word_1_519' title='bbox 613 3480 861 3539; x_wconf 81' lang='lat' dir='ltr'><strong>advenae</strong></span> <span class='ocrx_word' id='word_1_520' title='bbox 886 3482 1050 3555; x_wconf 90' lang='lat' dir='ltr'><strong>apud</strong></span> <span class='ocrx_word' id='word_1_521' title='bbox 1082 3481 1288 3539; x_wconf 89' lang='lat' dir='ltr'><strong>fratres</strong></span> <span class='ocrx_word' id='word_1_522' title='bbox 1315 3499 1478 3553; x_wconf 89' lang='lat' dir='ltr'><strong>suos,</strong></span> <span class='ocrx_word' id='word_1_523' title='bbox 1499 3481 1562 3538; x_wconf 89' lang='lat' dir='ltr'><strong>id</strong></span> <span class='ocrx_word' id='word_1_524' title='bbox 1580 3486 1671 3540; x_wconf 83' lang='lat' dir='ltr'><strong>est</strong></span> <span class='ocrx_word' id='word_1_525' title='bbox 1689 3481 1849 3539; x_wconf 86' lang='lat' dir='ltr'><strong>Chri-</strong></span> <span class='ocrx_word' id='word_1_526' title='bbox 2029 3490 2432 3545; x_wconf 75' lang='lat' dir='ltr'><strong>CGCCXXVIH.</strong></span> <span class='ocrx_word' id='word_1_527' title='bbox 2454 3488 2688 3558; x_wconf 74' lang='lat' dir='ltr'><strong>(Com-il</strong></span> <span class='ocrx_word' id='word_1_528' title='bbox 2712 3488 3267 3559; x_wconf 61' lang='lat' dir='ltr'><strong>Chalcedon.,c.lp;</strong></span> <span class='ocrx_word' id='word_1_529' title='bbox 3292 3490 3615 3544; x_wconf 66' lang='lat' dir='ltr'><strong>Bnacnnn.</strong></span> 
     </span>
    </p>
   </div>
   <div class='ocr_carea' id='block_1_41' title="bbox 146 3568 3626 3647">
    <p class='ocr_par' dir='ltr' id='par_1_41' title="bbox 146 3568 3626 3647">
     <span class='ocr_line' id='line_1_41' title="bbox 146 3568 3626 3647; baseline -0.002 -12"><span class='ocrx_word' id='word_1_530' title='bbox 146 3572 405 3644; x_wconf 72' lang='lat' dir='ltr'><strong>stiaDOS,</strong></span> <span class='ocrx_word' id='word_1_531' title='bbox 442 3570 821 3629; x_wconf 70' lang='lat' dir='ltr'><strong>mercenarii</strong></span> <span class='ocrx_word' id='word_1_532' title='bbox 850 3568 1070 3629; x_wconf 64' lang='lat' dir='ltr'><strong>debent</strong></span> <span class='ocrx_word' id='word_1_533' title='bbox 1110 3587 1261 3642; x_wconf 71' lang='lat' dir='ltr'><strong>esse,</strong></span> <span class='ocrx_word' id='word_1_534' title='bbox 1302 3586 1427 3628; x_wconf 77' lang='lat' dir='ltr'><strong>non</strong></span> <span class='ocrx_word' id='word_1_535' title='bbox 1455 3571 1625 3627; x_wconf 53' lang='lat' dir='ltr'><strong>Servi.</strong></span> <span class='ocrx_word' id='word_1_536' title='bbox 1661 3572 1718 3627; x_wconf 70' lang='lat' dir='ltr'><strong>Si</strong></span> <span class='ocrx_word' id='word_1_537' title='bbox 1748 3586 1851 3626; x_wconf 79' lang='lat'><strong>811-</strong></span> <span class='ocrx_word' id='word_1_538' title='bbox 1954 3578 2061 3635; x_wconf 67' lang='lat' dir='ltr'><strong>tib.</strong></span> <span class='ocrx_word' id='word_1_539' title='bbox 2093 3594 2154 3646; x_wconf 88' lang='lat' dir='ltr'><strong>x,</strong></span> <span class='ocrx_word' id='word_1_540' title='bbox 2186 3594 2238 3632; x_wconf 92' lang='lat' dir='ltr'><strong>c.</strong></span> <span class='ocrx_word' id='word_1_541' title='bbox 2276 3576 2383 3647; x_wconf 76' lang='lat'><strong>18.)</strong></span> <span class='ocrx_word' id='word_1_542' title='bbox 2413 3574 2855 3646; x_wconf 80' lang='lat' dir='ltr'><strong>Conjurationis</strong></span> <span class='ocrx_word' id='word_1_543' title='bbox 2892 3575 2989 3631; x_wconf 88' lang='lat' dir='ltr'><strong>vel</strong></span> <span class='ocrx_word' id='word_1_544' title='bbox 3029 3574 3491 3646; x_wconf 83' lang='lat' dir='ltr'><strong>conspirationis</strong></span> <span class='ocrx_word' id='word_1_545' title='bbox 3516 3573 3626 3629; x_wconf 90' lang='lat' dir='ltr'><strong>cri-</strong></span> 
     </span>
    </p>
   </div>
   <div class='ocr_carea' id='block_1_42' title="bbox 147 3658 3625 3735">
    <p class='ocr_par' dir='ltr' id='par_1_42' title="bbox 147 3658 3625 3735">
     <span class='ocr_line' id='line_1_42' title="bbox 147 3658 3625 3735; baseline -0 -17"><span class='ocrx_word' id='word_1_546' title='bbox 147 3664 267 3718; x_wconf 86' lang='lat' dir='ltr'><strong>tem</strong></span> <span class='ocrx_word' id='word_1_547' title='bbox 291 3661 361 3717; x_wconf 91' lang='lat' dir='ltr'><strong>in</strong></span> <span class='ocrx_word' id='word_1_548' title='bbox 395 3659 771 3719; x_wconf 88' lang='lat' dir='ltr'><strong>servitutem</strong></span> <span class='ocrx_word' id='word_1_549' title='bbox 795 3659 1165 3733; x_wconf 81' lang='lat' dir='ltr'><strong>redigantur,</strong></span> <span class='ocrx_word' id='word_1_550' title='bbox 1193 3660 1344 3735; x_wconf 82' lang='lat' dir='ltr'><strong>quid</strong></span> <span class='ocrx_word' id='word_1_551' title='bbox 1369 3659 1483 3717; x_wconf 88' lang='lat' dir='ltr'><strong>illis</strong></span> <span class='ocrx_word' id='word_1_552' title='bbox 1502 3658 1728 3733; x_wconf 73' lang='lat' dir='ltr'><strong>profuit</strong></span> <span class='ocrx_word' id='word_1_553' title='bbox 1749 3675 1852 3733; x_wconf 82' lang='lat' dir='ltr'><strong>pa-</strong></span> <span class='ocrx_word' id='word_1_554' title='bbox 1959 3681 2103 3724; x_wconf 76' lang='lat' dir='ltr'><strong>mea</strong></span> <span class='ocrx_word' id='word_1_555' title='bbox 2130 3664 2312 3721; x_wconf 85' lang='lat' dir='ltr'><strong>etiam</strong></span> <span class='ocrx_word' id='word_1_556' title='bbox 2339 3663 2422 3719; x_wconf 86' lang='lat' dir='ltr'><strong>ab</strong></span> <span class='ocrx_word' id='word_1_557' title='bbox 2449 3661 2665 3719; x_wconf 78' lang='lat' dir='ltr'><strong>exteris</strong></span> <span class='ocrx_word' id='word_1_558' title='bbox 2685 3661 2921 3732; x_wconf 85' lang='lat' dir='ltr'><strong>legibus</strong></span> <span class='ocrx_word' id='word_1_559' title='bbox 2949 3666 3041 3719; x_wconf 90' lang='lat' dir='ltr'><strong>est</strong></span> <span class='ocrx_word' id='word_1_560' title='bbox 3064 3662 3314 3718; x_wconf 82' lang='lat' dir='ltr'><strong>omnino</strong></span> <span class='ocrx_word' id='word_1_561' title='bbox 3359 3661 3625 3735; x_wconf 85' lang='lat' dir='ltr'><strong>prohibi-</strong></span> 
     </span>
    </p>
   </div>
   <div class='ocr_carea' id='block_1_43' title="bbox 146 3748 3629 3824">
    <p class='ocr_par' dir='ltr' id='par_1_43' title="bbox 146 3748 3629 3824">
     <span class='ocr_line' id='line_1_43' title="bbox 146 3748 3629 3824; baseline 0 -16"><span class='ocrx_word' id='word_1_562' title='bbox 146 3766 468 3822; x_wconf 87' lang='lat' dir='ltr'><strong>ganorum</strong></span> <span class='ocrx_word' id='word_1_563' title='bbox 491 3765 731 3808; x_wconf 89' lang='lat' dir='ltr'><strong>manus</strong></span> <span class='ocrx_word' id='word_1_564' title='bbox 755 3748 1058 3820; x_wconf 80' lang='lat' dir='ltr'><strong>effugisse,</strong></span> <span class='ocrx_word' id='word_1_565' title='bbox 1087 3764 1228 3806; x_wconf 90' lang='lat' dir='ltr'><strong>cum</strong></span> <span class='ocrx_word' id='word_1_566' title='bbox 1256 3748 1612 3824; x_wconf 75' lang='lat' dir='ltr'><strong>captivitatis</strong></span> <span class='ocrx_word' id='word_1_567' title='bbox 1629 3749 1853 3820; x_wconf 83' lang='lat' dir='ltr'><strong>jugum</strong></span> <span class='ocrx_word' id='word_1_568' title='bbox 1962 3760 2114 3812; x_wconf 67' lang='lat' dir='ltr'><strong>uim.</strong></span> <span class='ocrx_word' id='word_1_569' title='bbox 2146 3751 2325 3811; x_wconf 68' lang='lat' dir='ltr'><strong>Multo</strong></span> <span class='ocrx_word' id='word_1_570' title='bbox 2355 3750 2549 3822; x_wconf 82' lang='lat' dir='ltr'><strong>magis</strong></span> <span class='ocrx_word' id='word_1_571' title='bbox 2578 3751 2695 3808; x_wconf 87' lang='lat' dir='ltr'><strong>hoc</strong></span> <span class='ocrx_word' id='word_1_572' title='bbox 2721 3750 2784 3807; x_wconf 89' lang='lat' dir='ltr'><strong>in</strong></span> <span class='ocrx_word' id='word_1_573' title='bbox 2815 3751 2916 3809; x_wconf 84' lang='lat' dir='ltr'><strong>Dei</strong></span> <span class='ocrx_word' id='word_1_574' title='bbox 2944 3750 3205 3809; x_wconf 82' lang='lat' dir='ltr'><strong>Ecclesia</strong></span> <span class='ocrx_word' id='word_1_575' title='bbox 3251 3767 3328 3808; x_wconf 90' lang='lat' dir='ltr'><strong>ne</strong></span> <span class='ocrx_word' id='word_1_576' title='bbox 3366 3750 3473 3807; x_wconf 86' lang='lat' dir='ltr'><strong>ﬁat</strong></span> <span class='ocrx_word' id='word_1_577' title='bbox 3521 3749 3629 3808; x_wconf 77' lang='lat' dir='ltr'><strong>ad-</strong></span> 
     </span>
    </p>
   </div>
   <div class='ocr_carea' id='block_1_44' title="bbox 148 3835 3611 3914">
    <p class='ocr_par' dir='ltr' id='par_1_44' title="bbox 148 3835 3611 3914">
     <span class='ocr_line' id='line_1_44' title="bbox 148 3835 3611 3914; baseline 0 -19"><span class='ocrx_word' id='word_1_578' title='bbox 148 3843 206 3896; x_wconf 89' lang='lat' dir='ltr'><strong>et</strong></span> <span class='ocrx_word' id='word_1_579' title='bbox 229 3838 409 3896; x_wconf 74' lang='lat' dir='ltr'><strong>durae</strong></span> <span class='ocrx_word' id='word_1_580' title='bbox 440 3836 764 3896; x_wconf 87' lang='lat' dir='ltr'><strong>servitutis</strong></span> <span class='ocrx_word' id='word_1_581' title='bbox 790 3853 916 3895; x_wconf 92' lang='lat' dir='ltr'><strong>non</strong></span> <span class='ocrx_word' id='word_1_582' title='bbox 957 3836 1322 3908; x_wconf 70' lang='lat' dir='ltr'><strong>effugerint?</strong></span> <span class='ocrx_word' id='word_1_583' title='bbox 1370 3839 1437 3893; x_wconf 82' lang='lat' dir='ltr'><strong>Et</strong></span> <span class='ocrx_word' id='word_1_584' title='bbox 1477 3835 1613 3893; x_wconf 85' lang='lat' dir='ltr'><strong>ideo</strong></span> <span class='ocrx_word' id='word_1_585' title='bbox 1650 3840 1860 3893; x_wconf 82' lang='lat' dir='ltr'><strong>contra</strong></span> <span class='ocrx_word' id='word_1_586' title='bbox 1962 3857 2213 3905; x_wconf 69' lang='lat' dir='ltr'><strong>monere</strong></span> <span class='ocrx_word' id='word_1_587' title='bbox 2251 3839 2552 3899; x_wconf 75' lang='lat' dir='ltr'><strong>convenit.</strong></span> <span class='ocrx_word' id='word_1_588' title='bbox 2586 3840 2642 3897; x_wconf 91' lang='lat' dir='ltr'><strong>Si</strong></span> <span class='ocrx_word' id='word_1_589' title='bbox 2672 3838 2778 3914; x_wconf 90' lang='lat' dir='ltr'><strong>qui</strong></span> <span class='ocrx_word' id='word_1_590' title='bbox 2806 3854 2951 3912; x_wconf 89' lang='lat' dir='ltr'><strong>ergo</strong></span> <span class='ocrx_word' id='word_1_591' title='bbox 2984 3840 3184 3898; x_wconf 88' lang='lat' dir='ltr'><strong>clerici</strong></span> <span class='ocrx_word' id='word_1_592' title='bbox 3227 3840 3323 3898; x_wconf 76' lang='lat' dir='ltr'><strong>vel</strong></span> <span class='ocrx_word' id='word_1_593' title='bbox 3347 3840 3611 3897; x_wconf 88' lang='lat' dir='ltr'><strong>monach</strong></span> 
     </span>
    </p>
   </div>
   <div class='ocr_carea' id='block_1_45' title="bbox 144 3925 3637 4005">
    <p class='ocr_par' dir='ltr' id='par_1_45' title="bbox 144 3925 3637 4005">
     <span class='ocr_line' id='line_1_45' title="bbox 144 3925 3637 4005; baseline -0.001 -17"><span class='ocrx_word' id='word_1_594' title='bbox 144 3929 308 3988; x_wconf 84' lang='lat' dir='ltr'><strong>hanc</strong></span> <span class='ocrx_word' id='word_1_595' title='bbox 335 3927 791 3987; x_wconf 83' lang='lat' dir='ltr'><strong>crudelitatem</strong></span> <span class='ocrx_word' id='word_1_596' title='bbox 820 3926 1202 3985; x_wconf 88' lang='lat' dir='ltr'><strong>sacerdotum</strong></span> <span class='ocrx_word' id='word_1_597' title='bbox 1230 3925 1410 3984; x_wconf 83' lang='lat' dir='ltr'><strong>debet</strong></span> <span class='ocrx_word' id='word_1_598' title='bbox 1436 3925 1629 3998; x_wconf 82' lang='lat' dir='ltr'><strong>pietas</strong></span> <span class='ocrx_word' id='word_1_599' title='bbox 1648 3927 1860 3984; x_wconf 85' lang='lat' dir='ltr'><strong>decer-</strong></span> <span class='ocrx_word' id='word_1_600' title='bbox 1962 3930 2184 4005; x_wconf 56' lang='lat' dir='ltr'><strong>metti</strong></span> <span class='ocrx_word' id='word_1_601' title='bbox 2208 3929 2429 3987; x_wconf 77' lang='lat' dir='ltr'><strong>fuerint</strong></span> <span class='ocrx_word' id='word_1_602' title='bbox 2452 3929 2858 4002; x_wconf 75' lang='lat' dir='ltr'><strong>conjm‘antes,</strong></span> <span class='ocrx_word' id='word_1_603' title='bbox 2911 3934 3018 3987; x_wconf 87' lang='lat' dir='ltr'><strong>aut</strong></span> <span class='ocrx_word' id='word_1_604' title='bbox 3064 3930 3500 4004; x_wconf 83' lang='lat' dir='ltr'><strong>conspirantes,</strong></span> <span class='ocrx_word' id='word_1_605' title='bbox 3532 3931 3637 3986; x_wconf 86' lang='lat' dir='ltr'><strong>aut</strong></span> 
     </span>
    </p>
   </div>
   <div class='ocr_carea' id='block_1_46' title="bbox 148 4013 3634 4093">
    <p class='ocr_par' dir='ltr' id='par_1_46' title="bbox 148 4013 3634 4093">
     <span class='ocr_line' id='line_1_46' title="bbox 148 4013 3634 4093; baseline 0 -19"><span class='ocrx_word' id='word_1_606' title='bbox 148 4020 296 4085; x_wconf 84' lang='lat' dir='ltr'><strong>tare,</strong></span> <span class='ocrx_word' id='word_1_607' title='bbox 324 4033 409 4074; x_wconf 89' lang='lat' dir='ltr'><strong>ne</strong></span> <span class='ocrx_word' id='word_1_608' title='bbox 438 4032 574 4091; x_wconf 88' lang='lat' dir='ltr'><strong>pro</strong></span> <span class='ocrx_word' id='word_1_609' title='bbox 602 4018 732 4072; x_wconf 89' lang='lat' dir='ltr'><strong>tam</strong></span> <span class='ocrx_word' id='word_1_610' title='bbox 755 4013 1011 4073; x_wconf 87' lang='lat' dir='ltr'><strong>immani</strong></span> <span class='ocrx_word' id='word_1_611' title='bbox 1034 4013 1267 4073; x_wconf 83' lang='lat' dir='ltr'><strong>malitia</strong></span> <span class='ocrx_word' id='word_1_612' title='bbox 1293 4013 1382 4071; x_wconf 85' lang='lat' dir='ltr'><strong>ira</strong></span> <span class='ocrx_word' id='word_1_613' title='bbox 1426 4013 1629 4072; x_wconf 86' lang='lat' dir='ltr'><strong>divina</strong></span> <span class='ocrx_word' id='word_1_614' title='bbox 1667 4030 1860 4089; x_wconf 86' lang='lat' dir='ltr'><strong>popu-</strong></span> <span class='ocrx_word' id='word_1_615' title='bbox 1964 4019 2216 4079; x_wconf 83' lang='lat' dir='ltr'><strong>insidias</strong></span> <span class='ocrx_word' id='word_1_616' title='bbox 2271 4022 2563 4092; x_wconf 88' lang='lat' dir='ltr'><strong>ponentes</strong></span> <span class='ocrx_word' id='word_1_617' title='bbox 2619 4017 2800 4091; x_wconf 64' lang='lat'><strong>37‘,</strong></span> <span class='ocrx_word' id='word_1_618' title='bbox 2866 4018 3165 4093; x_wconf 90' lang='lat' dir='ltr'><strong>episcopis</strong></span> <span class='ocrx_word' id='word_1_619' title='bbox 3229 4023 3334 4076; x_wconf 86' lang='lat' dir='ltr'><strong>aut</strong></span> <span class='ocrx_word' id='word_1_620' title='bbox 3383 4017 3634 4087; x_wconf 83' lang='lat' dir='ltr'><strong>clericis,</strong></span> 
     </span>
    </p>
   </div>
   <div class='ocr_carea' id='block_1_47' title="bbox 144 4102 3145 4183">
    <p class='ocr_par' dir='ltr' id='par_1_47' title="bbox 144 4102 3145 4183">
     <span class='ocr_line' id='line_1_47' title="bbox 144 4102 3145 4183; baseline 0.002 -23"><span class='ocrx_word' id='word_1_621' title='bbox 144 4102 276 4163; x_wconf 90' lang='lat' dir='ltr'><strong>lum</strong></span> <span class='ocrx_word' id='word_1_622' title='bbox 305 4105 759 4165; x_wconf 85' lang='lat' dir='ltr'><strong>Christianum</strong></span> <span class='ocrx_word' id='word_1_623' title='bbox 784 4107 1122 4161; x_wconf 86' lang='lat' dir='ltr'><strong>consumat.</strong></span> <span class='ocrx_word' id='word_1_624' title='bbox 1967 4109 2164 4182; x_wconf 76' lang='lat' dir='ltr'><strong>gradu</strong></span> <span class='ocrx_word' id='word_1_625' title='bbox 2186 4107 2431 4183; x_wconf 89' lang='lat' dir='ltr'><strong>proprio</strong></span> <span class='ocrx_word' id='word_1_626' title='bbox 2461 4107 2700 4181; x_wconf 80' lang='lat' dir='ltr'><strong>penitus</strong></span> <span class='ocrx_word' id='word_1_627' title='bbox 2735 4107 3145 4169; x_wconf 87' lang='lat' dir='ltr'><strong>abscidentur.</strong></span> 
     </span>
    </p>
   </div>
   <div class='ocr_carea' id='block_1_48' title="bbox 152 4191 3583 4268">
    <p class='ocr_par' dir='ltr' id='par_1_48' title="bbox 152 4191 3583 4268">
     <span class='ocr_line' id='line_1_48' title="bbox 152 4191 3583 4268; baseline -0.002 -6"><span class='ocrx_word' id='word_1_628' title='bbox 152 4191 334 4264; x_wconf 73' lang='lat'><strong>372</strong></span> <span class='ocrx_word' id='word_1_629' title='bbox 394 4194 483 4252; x_wconf 81' lang='lat' dir='ltr'><strong>Ut</strong></span> <span class='ocrx_word' id='word_1_630' title='bbox 502 4195 714 4264; x_wconf 60' lang='lat' dir='ltr'><strong>iusta?</strong></span> <span class='ocrx_word' id='word_1_631' title='bbox 742 4207 1038 4250; x_wconf 73' lang='grc' dir='ltr'><strong>πιεηειινεε</strong></span> <span class='ocrx_word' id='word_1_632' title='bbox 1081 4192 1222 4248; x_wconf 59' lang='lat' dir='ltr'><strong>sint</strong></span> <span class='ocrx_word' id='word_1_633' title='bbox 1257 4192 1356 4249; x_wconf 71' lang='lat' dir='ltr'><em>Ex</em></span> <span class='ocrx_word' id='word_1_634' title='bbox 1399 4192 1753 4264; x_wconf 71' lang='lat' dir='ltr'><strong>Capitulare</strong></span> <span class='ocrx_word' id='word_1_635' title='bbox 1785 4193 1867 4249; x_wconf 83' lang='lat' dir='ltr'><strong>ad</strong></span> <span class='ocrx_word' id='word_1_636' title='bbox 2022 4199 2331 4257; x_wconf 83' lang='lat' dir='ltr'><strong>Deeadem</strong></span> <span class='ocrx_word' id='word_1_637' title='bbox 2362 4213 2447 4254; x_wconf 83' lang='lat' dir='ltr'><strong>re.</strong></span> <span class='ocrx_word' id='word_1_638' title='bbox 2481 4197 2579 4254; x_wconf 76' lang='lat' dir='ltr'><strong>Ea:</strong></span> <span class='ocrx_word' id='word_1_639' title='bbox 2605 4198 3058 4268; x_wconf 76' lang='lat' dir='ltr'><strong>Capitutarium</strong></span> <span class='ocrx_word' id='word_1_640' title='bbox 3086 4199 3190 4255; x_wconf 82' lang='lat' dir='ltr'><strong>tib.</strong></span> <span class='ocrx_word' id='word_1_641' title='bbox 3223 4216 3262 4267; x_wconf 85' lang='grc' dir='ltr'><strong>ι,</strong></span> <span class='ocrx_word' id='word_1_642' title='bbox 3295 4201 3471 4257; x_wconf 75' lang='lat' dir='ltr'><strong>titulo</strong></span> <span class='ocrx_word' id='word_1_643' title='bbox 3492 4203 3583 4256; x_wconf 82' lang='lat' dir='ltr'><strong>2e.</strong></span> 
     </span>
    </p>
   </div>
   <div class='ocr_carea' id='block_1_49' title="bbox 924 4283 3646 4360">
    <p class='ocr_par' dir='ltr' id='par_1_49' title="bbox 924 4283 3646 4360">
     <span class='ocr_line' id='line_1_49' title="bbox 924 4283 3646 4360; baseline -0 -19"><span class='ocrx_word' id='word_1_644' title='bbox 924 4283 1145 4341; x_wconf 77' lang='lat' dir='ltr'><strong>Pistas.</strong></span> <span class='ocrx_word' id='word_1_645' title='bbox 1897 4353 1933 4360; x_wconf 84' lang='lat'><strong><em>_</em></strong></span> <span class='ocrx_word' id='word_1_646' title='bbox 2048 4285 2619 4358; x_wconf 76' lang='lat' dir='ltr'><strong>CCCCXXIX.(Lib.I</strong></span> <span class='ocrx_word' id='word_1_647' title='bbox 2653 4287 3020 4358; x_wconf 78' lang='lat' dir='ltr'><strong>Capitular.,</strong></span> <span class='ocrx_word' id='word_1_648' title='bbox 3053 4304 3104 4343; x_wconf 92' lang='lat' dir='ltr'><strong>c.</strong></span> <span class='ocrx_word' id='word_1_649' title='bbox 3140 4290 3253 4360; x_wconf 78' lang='lat'><strong>29).</strong></span> <span class='ocrx_word' id='word_1_650' title='bbox 3294 4291 3408 4343; x_wconf 84' lang='lat' dir='ltr'><strong>Nec</strong></span> <span class='ocrx_word' id='word_1_651' title='bbox 3450 4286 3646 4343; x_wconf 90' lang='lat' dir='ltr'><strong>clerici</strong></span> 
     </span>
    </p>
   </div>
   <div class='ocr_carea' id='block_1_50' title="bbox 222 4353 3648 4448">
    <p class='ocr_par' dir='ltr' id='par_1_50' title="bbox 222 4353 3648 4448">
     <span class='ocr_line' id='line_1_50' title="bbox 222 4353 3648 4448; baseline -0.001 -16"><span class='ocrx_word' id='word_1_652' title='bbox 222 4373 648 4433; x_wconf 80' lang='lat' dir='ltr'><strong>CCCCXXVI.</strong></span> <span class='ocrx_word' id='word_1_653' title='bbox 680 4371 993 4443; x_wconf 81' lang='lat' dir='ltr'><strong>(Capitula</strong></span> <span class='ocrx_word' id='word_1_654' title='bbox 1022 4372 1231 4430; x_wconf 54' lang='lat' dir='ltr'><strong>Csaou</strong></span> <span class='ocrx_word' id='word_1_655' title='bbox 1261 4374 1456 4445; x_wconf 63' lang='lat' dir='ltr'><strong>Cum,</strong></span> <span class='ocrx_word' id='word_1_656' title='bbox 1486 4371 1571 4429; x_wconf 82' lang='lat' dir='ltr'><strong>tit.</strong></span> <span class='ocrx_word' id='word_1_657' title='bbox 1609 4377 1699 4446; x_wconf 71' lang='lat' dir='ltr'><strong>3t,</strong></span> <span class='ocrx_word' id='word_1_658' title='bbox 1731 4389 1865 4447; x_wconf 90' lang='lat' dir='ltr'><strong>cap.</strong></span> <span class='ocrx_word' id='word_1_659' title='bbox 1897 4353 1941 4408; x_wconf 72' lang='grc' dir='ltr'><strong>ί)</strong></span> <span class='ocrx_word' id='word_1_660' title='bbox 1977 4392 2091 4436; x_wconf 84' lang='lat' dir='ltr'><strong>nee</strong></span> <span class='ocrx_word' id='word_1_661' title='bbox 2135 4353 2959 4448; x_wconf 31' lang='lat' dir='ltr'><strong>monachi‘conspirationem</strong></span> <span class='ocrx_word' id='word_1_662' title='bbox 3006 4353 3102 4431; x_wconf 84' lang='lat' dir='ltr'><strong>vel</strong></span> <span class='ocrx_word' id='word_1_663' title='bbox 3138 4353 3388 4431; x_wconf 79' lang='lat' dir='ltr'><strong>insidias</strong></span> <span class='ocrx_word' id='word_1_664' title='bbox 3439 4377 3648 4430; x_wconf 84' lang='lat' dir='ltr'><strong>contra</strong></span> 
     </span>
    </p>
   </div>
   <div class='ocr_carea' id='block_1_51' title="bbox 151 4460 2774 4540">
    <p class='ocr_par' dir='ltr' id='par_1_51' title="bbox 151 4460 2774 4540">
     <span class='ocr_line' id='line_1_51' title="bbox 151 4460 2774 4540; baseline 0 -21"><span class='ocrx_word' id='word_1_665' title='bbox 151 4464 271 4533; x_wconf 77' lang='lat'><strong>20.)</strong></span> <span class='ocrx_word' id='word_1_666' title='bbox 298 4464 377 4521; x_wconf 88' lang='lat' dir='ltr'><strong>Ut</strong></span> <span class='ocrx_word' id='word_1_667' title='bbox 408 4462 700 4521; x_wconf 81' lang='lat' dir='ltr'><strong>comites</strong></span> <span class='ocrx_word' id='word_1_668' title='bbox 737 4464 795 4518; x_wconf 89' lang='lat' dir='ltr'><strong>et</strong></span> <span class='ocrx_word' id='word_1_669' title='bbox 825 4477 1036 4518; x_wconf 90' lang='lat' dir='ltr'><strong>omnes</strong></span> <span class='ocrx_word' id='word_1_670' title='bbox 1079 4460 1421 4536; x_wconf 63' lang='lat' dir='ltr'><strong>reipublicat</strong></span> <span class='ocrx_word' id='word_1_671' title='bbox 1462 4462 1721 4520; x_wconf 87' lang='lat' dir='ltr'><strong>ministri</strong></span> <span class='ocrx_word' id='word_1_672' title='bbox 1767 4479 1875 4521; x_wconf 85' lang='lat' dir='ltr'><strong>seu</strong></span> <span class='ocrx_word' id='word_1_673' title='bbox 1980 4468 2289 4540; x_wconf 85' lang='lat' dir='ltr'><strong>pastorem</strong></span> <span class='ocrx_word' id='word_1_674' title='bbox 2322 4480 2502 4520; x_wconf 88' lang='lat' dir='ltr'><strong>suum</strong></span> <span class='ocrx_word' id='word_1_675' title='bbox 2530 4462 2774 4522; x_wconf 80' lang='lat' dir='ltr'><strong>faciant.</strong></span> 
     </span>
    </p>
   </div>
   <div class='ocr_carea' id='block_1_52' title="bbox 153 4547 3422 4624">
    <p class='ocr_par' dir='ltr' id='par_1_52' title="bbox 153 4547 3422 4624">
     <span class='ocr_line' id='line_1_52' title="bbox 153 4547 3422 4624; baseline 0 -16"><span class='ocrx_word' id='word_1_676' title='bbox 153 4552 357 4608; x_wconf 66' lang='lat' dir='ltr'><strong>ceteri</strong></span> <span class='ocrx_word' id='word_1_677' title='bbox 406 4550 663 4610; x_wconf 86' lang='lat' dir='ltr'><strong>ﬁdeles</strong></span> <span class='ocrx_word' id='word_1_678' title='bbox 704 4547 893 4606; x_wconf 90' lang='lat' dir='ltr'><strong>nostri</strong></span> <span class='ocrx_word' id='word_1_679' title='bbox 939 4548 1300 4623; x_wconf 89' lang='lat' dir='ltr'><strong>provideant</strong></span> <span class='ocrx_word' id='word_1_680' title='bbox 1347 4554 1646 4624; x_wconf 85' lang='lat' dir='ltr'><strong>quatenus</strong></span> <span class='ocrx_word' id='word_1_681' title='bbox 1678 4552 1877 4624; x_wconf 86' lang='lat' dir='ltr'><strong>justus</strong></span> <span class='ocrx_word' id='word_1_682' title='bbox 2211 4555 2298 4610; x_wconf 83' lang='lat' dir='ltr'><strong>De</strong></span> <span class='ocrx_word' id='word_1_683' title='bbox 2329 4554 2530 4611; x_wconf 81' lang='lat' dir='ltr'><strong>eadem</strong></span> <span class='ocrx_word' id='word_1_684' title='bbox 2560 4569 2646 4611; x_wconf 83' lang='lat' dir='ltr'><strong>re.</strong></span> <span class='ocrx_word' id='word_1_685' title='bbox 2680 4554 2781 4610; x_wconf 73' lang='lat' dir='ltr'><strong>Ex</strong></span> <span class='ocrx_word' id='word_1_686' title='bbox 2809 4553 3063 4610; x_wconf 77' lang='lat' dir='ltr'><strong>concilio</strong></span> <span class='ocrx_word' id='word_1_687' title='bbox 3093 4552 3177 4609; x_wconf 87' lang='lat' dir='ltr'><strong>ad</strong></span> <span class='ocrx_word' id='word_1_688' title='bbox 3202 4553 3422 4609; x_wconf 74' lang='lat' dir='ltr'><strong>Pietas.</strong></span> 
     </span>
    </p>
   </div>
   <div class='ocr_carea' id='block_1_53' title="bbox 153 4638 3652 4716">
    <p class='ocr_par' dir='ltr' id='par_1_53' title="bbox 153 4638 3652 4716">
     <span class='ocr_line' id='line_1_53' title="bbox 153 4638 3652 4716; baseline -0 -18"><span class='ocrx_word' id='word_1_689' title='bbox 153 4639 435 4711; x_wconf 89' lang='lat' dir='ltr'><strong>modius,</strong></span> <span class='ocrx_word' id='word_1_690' title='bbox 498 4643 571 4696; x_wconf 89' lang='lat' dir='ltr'><strong>et</strong></span> <span class='ocrx_word' id='word_1_691' title='bbox 621 4653 842 4711; x_wconf 56' lang='lat' dir='ltr'><strong>aequus</strong></span> <span class='ocrx_word' id='word_1_692' title='bbox 900 4638 1217 4710; x_wconf 88' lang='lat' dir='ltr'><strong>sextarius,</strong></span> <span class='ocrx_word' id='word_1_693' title='bbox 1261 4638 1592 4696; x_wconf 87' lang='lat' dir='ltr'><strong>secundum</strong></span> <span class='ocrx_word' id='word_1_694' title='bbox 1641 4656 1879 4698; x_wconf 88' lang='lat' dir='ltr'><strong>sacram</strong></span> <span class='ocrx_word' id='word_1_695' title='bbox 2058 4644 2428 4702; x_wconf 77' lang='lat' dir='ltr'><strong>CCCCXXX.</strong></span> <span class='ocrx_word' id='word_1_696' title='bbox 2471 4644 2784 4716; x_wconf 80' lang='lat' dir='ltr'><strong>(Capitula</strong></span> <span class='ocrx_word' id='word_1_697' title='bbox 2831 4644 3044 4699; x_wconf 71' lang='lat' dir='ltr'><strong>CAROLI</strong></span> <span class='ocrx_word' id='word_1_698' title='bbox 3094 4643 3290 4711; x_wconf 68' lang='lat' dir='ltr'><strong>Cum,</strong></span> <span class='ocrx_word' id='word_1_699' title='bbox 3346 4641 3427 4698; x_wconf 87' lang='lat' dir='ltr'><strong>tit.</strong></span> <span class='ocrx_word' id='word_1_700' title='bbox 3476 4644 3565 4698; x_wconf 82' lang='lat'><strong>29.</strong></span> <span class='ocrx_word' id='word_1_701' title='bbox 3598 4655 3652 4697; x_wconf 90' lang='lat' dir='ltr'><strong>c.</strong></span> 
     </span>
    </p>
   </div>
   <div class='ocr_carea' id='block_1_54' title="bbox 154 4727 3656 4808">
    <p class='ocr_par' dir='ltr' id='par_1_54' title="bbox 154 4727 3656 4808">
     <span class='ocr_line' id='line_1_54' title="bbox 154 4727 3656 4808; baseline -0.001 -19"><span class='ocrx_word' id='word_1_702' title='bbox 154 4730 563 4805; x_wconf 84' lang='lat' dir='ltr'><strong>Scripturam</strong></span> <span class='ocrx_word' id='word_1_703' title='bbox 588 4731 659 4786; x_wconf 88' lang='lat' dir='ltr'><strong>et</strong></span> <span class='ocrx_word' id='word_1_704' title='bbox 687 4727 959 4803; x_wconf 81' lang='lat' dir='ltr'><strong>Capitula</strong></span> <span class='ocrx_word' id='word_1_705' title='bbox 980 4727 1493 4801; x_wconf 81' lang='lat' dir='ltr'><strong>praedecessorum</strong></span> <span class='ocrx_word' id='word_1_706' title='bbox 1511 4732 1879 4799; x_wconf 78' lang='lat' dir='ltr'><strong>nostrorum,</strong></span> <span class='ocrx_word' id='word_1_707' title='bbox 1988 4739 2067 4804; x_wconf 73' lang='grc'><strong>4..)</strong></span> <span class='ocrx_word' id='word_1_708' title='bbox 2095 4738 2212 4793; x_wconf 88' lang='lat' dir='ltr'><strong>Nos</strong></span> <span class='ocrx_word' id='word_1_709' title='bbox 2235 4748 2482 4808; x_wconf 89' lang='lat' dir='ltr'><strong>quoque</strong></span> <span class='ocrx_word' id='word_1_710' title='bbox 2524 4732 2790 4807; x_wconf 86' lang='lat' dir='ltr'><strong>episcopi</strong></span> <span class='ocrx_word' id='word_1_711' title='bbox 2823 4730 3171 4789; x_wconf 87' lang='lat' dir='ltr'><strong>auctoritate</strong></span> <span class='ocrx_word' id='word_1_712' title='bbox 3214 4730 3317 4787; x_wconf 90' lang='lat' dir='ltr'><strong>Dei</strong></span> <span class='ocrx_word' id='word_1_713' title='bbox 3357 4734 3415 4787; x_wconf 91' lang='lat' dir='ltr'><strong>et</strong></span> <span class='ocrx_word' id='word_1_714' title='bbox 3458 4745 3656 4787; x_wconf 86' lang='lat' dir='ltr'><strong>sacro—</strong></span> 
     </span>
    </p>
   </div>
   <div class='ocr_carea' id='block_1_55' title="bbox 162 4816 3656 4892">
    <p class='ocr_par' dir='ltr' id='par_1_55' title="bbox 162 4816 3656 4892">
     <span class='ocr_line' id='line_1_55' title="bbox 162 4816 3656 4892; baseline -0.001 -14"><span class='ocrx_word' id='word_1_715' title='bbox 162 4818 221 4878; x_wconf 90' lang='lat' dir='ltr'><strong>in</strong></span> <span class='ocrx_word' id='word_1_716' title='bbox 248 4819 646 4879; x_wconf 87' lang='lat' dir='ltr'><strong>civitatibus</strong></span> <span class='ocrx_word' id='word_1_717' title='bbox 673 4821 734 4875; x_wconf 91' lang='lat' dir='ltr'><strong>et</strong></span> <span class='ocrx_word' id='word_1_718' title='bbox 760 4816 822 4873; x_wconf 92' lang='lat' dir='ltr'><strong>in</strong></span> <span class='ocrx_word' id='word_1_719' title='bbox 842 4816 987 4874; x_wconf 87' lang='lat' dir='ltr'><strong>vicis</strong></span> <span class='ocrx_word' id='word_1_720' title='bbox 1015 4817 1106 4874; x_wconf 92' lang='lat' dir='ltr'><strong>vel</strong></span> <span class='ocrx_word' id='word_1_721' title='bbox 1122 4818 1184 4875; x_wconf 89' lang='lat' dir='ltr'><strong>in</strong></span> <span class='ocrx_word' id='word_1_722' title='bbox 1213 4817 1367 4875; x_wconf 88' lang='lat' dir='ltr'><strong>villis</strong></span> <span class='ocrx_word' id='word_1_723' title='bbox 1387 4817 1467 4875; x_wconf 86' lang='lat' dir='ltr'><strong>ad</strong></span> <span class='ocrx_word' id='word_1_724' title='bbox 1495 4817 1883 4876; x_wconf 82' lang='lat' dir='ltr'><strong>vendendum</strong></span> <span class='ocrx_word' id='word_1_725' title='bbox 1990 4839 2130 4882; x_wconf 80' lang='lat' dir='ltr'><strong>rum</strong></span> <span class='ocrx_word' id='word_1_726' title='bbox 2156 4837 2484 4891; x_wconf 88' lang='lat' dir='ltr'><strong>canonum,</strong></span> <span class='ocrx_word' id='word_1_727' title='bbox 2517 4822 2671 4879; x_wconf 88' lang='lat' dir='ltr'><strong>sicut</strong></span> <span class='ocrx_word' id='word_1_728' title='bbox 2698 4819 2887 4877; x_wconf 86' lang='lat' dir='ltr'><strong>sancti</strong></span> <span class='ocrx_word' id='word_1_729' title='bbox 2916 4819 3230 4892; x_wconf 81' lang='lat' dir='ltr'><strong>pontiﬁces</strong></span> <span class='ocrx_word' id='word_1_730' title='bbox 3268 4836 3454 4875; x_wconf 77' lang='lat' dir='ltr'><strong>DCXXX</strong></span> <span class='ocrx_word' id='word_1_731' title='bbox 3483 4818 3656 4875; x_wconf 87' lang='lat' dir='ltr'><strong>Chal-</strong></span> 
     </span>
    </p>
   </div>
   <div class='ocr_carea' id='block_1_56' title="bbox 164 4903 3663 4982">
    <p class='ocr_par' dir='ltr' id='par_1_56' title="bbox 164 4903 3663 4982">
     <span class='ocr_line' id='line_1_56' title="bbox 164 4903 3663 4982; baseline 0 -19"><span class='ocrx_word' id='word_1_732' title='bbox 164 4914 221 4964; x_wconf 86' lang='lat' dir='ltr'><strong>et</strong></span> <span class='ocrx_word' id='word_1_733' title='bbox 268 4909 653 4967; x_wconf 86' lang='lat' dir='ltr'><strong>emendum</strong></span> <span class='ocrx_word' id='word_1_734' title='bbox 700 4903 824 4975; x_wconf 85' lang='lat' dir='ltr'><strong>ﬁat,</strong></span> <span class='ocrx_word' id='word_1_735' title='bbox 873 4909 930 4963; x_wconf 91' lang='lat' dir='ltr'><strong>et</strong></span> <span class='ocrx_word' id='word_1_736' title='bbox 960 4922 1312 4963; x_wconf 89' lang='lat' dir='ltr'><strong>mensuram</strong></span> <span class='ocrx_word' id='word_1_737' title='bbox 1356 4905 1691 4964; x_wconf 88' lang='lat' dir='ltr'><strong>secundum</strong></span> <span class='ocrx_word' id='word_1_738' title='bbox 1733 4907 1885 4966; x_wconf 78' lang='lat' dir='ltr'><strong>anti-</strong></span> <span class='ocrx_word' id='word_1_739' title='bbox 1994 4910 2321 4971; x_wconf 74' lang='lat' dir='ltr'><strong>cedonensi</strong></span> <span class='ocrx_word' id='word_1_740' title='bbox 2368 4910 2602 4968; x_wconf 76' lang='lat' dir='ltr'><strong>concilii</strong></span> <span class='ocrx_word' id='word_1_741' title='bbox 2629 4907 3134 4981; x_wconf 80' lang='lat' dir='ltr'><strong>conspirationem</strong></span> <span class='ocrx_word' id='word_1_742' title='bbox 3188 4908 3316 4965; x_wconf 80' lang='lat' dir='ltr'><strong>fieri</strong></span> <span class='ocrx_word' id='word_1_743' title='bbox 3342 4908 3663 4982; x_wconf 89' lang='lat' dir='ltr'><strong>prohibue-</strong></span> 
     </span>
    </p>
   </div>
   <div class='ocr_carea' id='block_1_57' title="bbox 164 4995 3664 5074">
    <p class='ocr_par' dir='ltr' id='par_1_57' title="bbox 164 4995 3664 5074">
     <span class='ocr_line' id='line_1_57' title="bbox 164 4995 3664 5074; baseline -0.002 -16"><span class='ocrx_word' id='word_1_744' title='bbox 164 5014 356 5074; x_wconf 85' lang='lat' dir='ltr'><strong>quam</strong></span> <span class='ocrx_word' id='word_1_745' title='bbox 392 4995 942 5058; x_wconf 81' lang='lat' dir='ltr'><strong>consuetudinem</strong></span> <span class='ocrx_word' id='word_1_746' title='bbox 970 4996 1058 5052; x_wconf 88' lang='lat' dir='ltr'><strong>de‘</strong></span> <span class='ocrx_word' id='word_1_747' title='bbox 1076 4995 1299 5069; x_wconf 90' lang='lat' dir='ltr'><strong>palatio</strong></span> <span class='ocrx_word' id='word_1_748' title='bbox 1327 4999 1536 5053; x_wconf 88' lang='lat' dir='ltr'><strong>nostro</strong></span> <span class='ocrx_word' id='word_1_749' title='bbox 1568 4996 1886 5070; x_wconf 89' lang='lat' dir='ltr'><strong>accipiant.</strong></span> <span class='ocrx_word' id='word_1_750' title='bbox 1999 5005 2161 5069; x_wconf 89' lang='lat' dir='ltr'><strong>runt,</strong></span> <span class='ocrx_word' id='word_1_751' title='bbox 2200 5004 2257 5056; x_wconf 87' lang='lat' dir='ltr'><strong>et</strong></span> <span class='ocrx_word' id='word_1_752' title='bbox 2305 4999 2460 5056; x_wconf 88' lang='lat' dir='ltr'><strong>sicut</strong></span> <span class='ocrx_word' id='word_1_753' title='bbox 2489 5004 2694 5055; x_wconf 77' lang='lat' dir='ltr'><strong>caetera</strong></span> <span class='ocrx_word' id='word_1_754' title='bbox 2727 4996 3150 5072; x_wconf 83' lang='lat' dir='ltr'><strong>episcoporum</strong></span> <span class='ocrx_word' id='word_1_755' title='bbox 3176 4997 3429 5055; x_wconf 86' lang='lat' dir='ltr'><strong>concilia</strong></span> <span class='ocrx_word' id='word_1_756' title='bbox 3458 4998 3664 5069; x_wconf 82' lang='lat' dir='ltr'><strong>hujus-</strong></span> 
     </span>
    </p>
   </div>
   <div class='ocr_carea' id='block_1_58' title="bbox 168 5085 3667 5161">
    <p class='ocr_par' dir='ltr' id='par_1_58' title="bbox 168 5085 3667 5161">
     <span class='ocr_line' id='line_1_58' title="bbox 168 5085 3667 5161; baseline -0.001 -17"><span class='ocrx_word' id='word_1_757' title='bbox 168 5091 235 5146; x_wconf 70' lang='grc' dir='ltr'><strong>Εἰ</strong></span> <span class='ocrx_word' id='word_1_758' title='bbox 262 5090 312 5146; x_wconf 88' lang='lat' dir='ltr'><strong>si</strong></span> <span class='ocrx_word' id='word_1_759' title='bbox 345 5092 458 5146; x_wconf 87' lang='lat' dir='ltr'><strong>cui</strong></span> <span class='ocrx_word' id='word_1_760' title='bbox 506 5088 884 5159; x_wconf 89' lang='lat' dir='ltr'><strong>reputatum</strong></span> <span class='ocrx_word' id='word_1_761' title='bbox 913 5085 1087 5141; x_wconf 78' lang='lat' dir='ltr'><strong>fuerit</strong></span> <span class='ocrx_word' id='word_1_762' title='bbox 1120 5101 1467 5142; x_wconf 84' lang='lat' dir='ltr'><strong>mensuram</strong></span> <span class='ocrx_word' id='word_1_763' title='bbox 1502 5085 1890 5153; x_wconf 78' lang='lat' dir='ltr'><strong>adulterasse,</strong></span> <span class='ocrx_word' id='word_1_764' title='bbox 1926 5136 1933 5143; x_wconf 93' lang='lat'><strong>.</strong></span> <span class='ocrx_word' id='word_1_765' title='bbox 2000 5088 2170 5148; x_wconf 81' lang='lat' dir='ltr'><strong>modi</strong></span> <span class='ocrx_word' id='word_1_766' title='bbox 2201 5089 2541 5161; x_wconf 85' lang='lat' dir='ltr'><strong>perniciosa</strong></span> <span class='ocrx_word' id='word_1_767' title='bbox 2561 5088 2719 5143; x_wconf 81' lang='lat' dir='ltr'><strong>facta</strong></span> <span class='ocrx_word' id='word_1_768' title='bbox 2746 5090 3081 5153; x_wconf 85' lang='lat' dir='ltr'><strong>vetuerunt,</strong></span> <span class='ocrx_word' id='word_1_769' title='bbox 3133 5091 3191 5142; x_wconf 84' lang='lat' dir='ltr'><strong>et</strong></span> <span class='ocrx_word' id='word_1_770' title='bbox 3232 5102 3343 5142; x_wconf 89' lang='lat' dir='ltr'><strong>nos</strong></span> <span class='ocrx_word' id='word_1_771' title='bbox 3386 5087 3667 5159; x_wconf 84' lang='lat' dir='ltr'><strong>prohibe-</strong></span> 
     </span>
    </p>
   </div>
   <div class='ocr_carea' id='block_1_59' title="bbox 166 5174 3671 5250">
    <p class='ocr_par' dir='ltr' id='par_1_59' title="bbox 166 5174 3671 5250">
     <span class='ocr_line' id='line_1_59' title="bbox 166 5174 3671 5250; baseline -0 -17"><span class='ocrx_word' id='word_1_772' title='bbox 166 5178 216 5233; x_wconf 85' lang='lat' dir='ltr'><strong>si</strong></span> <span class='ocrx_word' id='word_1_773' title='bbox 245 5177 408 5235; x_wconf 85' lang='lat' dir='ltr'><strong>liber</strong></span> <span class='ocrx_word' id='word_1_774' title='bbox 439 5179 671 5235; x_wconf 85' lang='lat' dir='ltr'><strong>homo</strong></span> <span class='ocrx_word' id='word_1_775' title='bbox 703 5177 811 5244; x_wconf 84' lang='lat' dir='ltr'><strong>est,</strong></span> <span class='ocrx_word' id='word_1_776' title='bbox 843 5179 946 5230; x_wconf 88' lang='lat' dir='ltr'><strong>aut</strong></span> <span class='ocrx_word' id='word_1_777' title='bbox 971 5178 1350 5231; x_wconf 84' lang='lat' dir='ltr'><strong>sacramento</strong></span> <span class='ocrx_word' id='word_1_778' title='bbox 1371 5174 1705 5233; x_wconf 89' lang='lat' dir='ltr'><strong>secundum</strong></span> <span class='ocrx_word' id='word_1_779' title='bbox 1721 5191 1895 5233; x_wconf 79' lang='lat' dir='ltr'><strong>suam</strong></span> <span class='ocrx_word' id='word_1_780' title='bbox 2006 5192 2146 5237; x_wconf 70' lang='lat' dir='ltr'><strong>mus</strong></span> <span class='ocrx_word' id='word_1_781' title='bbox 2174 5195 2188 5234; x_wconf 88' lang='lat'><strong>:</strong></span> <span class='ocrx_word' id='word_1_782' title='bbox 2222 5177 2367 5250; x_wconf 86' lang='lat' dir='ltr'><strong>quia</strong></span> <span class='ocrx_word' id='word_1_783' title='bbox 2387 5176 2674 5235; x_wconf 84' lang='lat' dir='ltr'><strong>facientes</strong></span> <span class='ocrx_word' id='word_1_784' title='bbox 2702 5174 2802 5231; x_wconf 80' lang='lat' dir='ltr'><strong>illa</strong></span> <span class='ocrx_word' id='word_1_785' title='bbox 2827 5190 2950 5250; x_wconf 61' lang='lat' dir='ltr'><strong>per</strong></span> <span class='ocrx_word' id='word_1_786' title='bbox 2962 5189 3172 5231; x_wconf 87' lang='lat' dir='ltr'><strong>eorum</strong></span> <span class='ocrx_word' id='word_1_787' title='bbox 3197 5174 3515 5248; x_wconf 88' lang='lat' dir='ltr'><strong>judicium,</strong></span> <span class='ocrx_word' id='word_1_788' title='bbox 3566 5174 3671 5248; x_wconf 89' lang='lat' dir='ltr'><strong>qui</strong></span> 
     </span>
    </p>
   </div>
   <div class='ocr_carea' id='block_1_60' title="bbox 166 5244 3677 5340">
    <p class='ocr_par' dir='ltr' id='par_1_60' title="bbox 166 5244 3677 5340">
     <span class='ocr_line' id='line_1_60' title="bbox 166 5244 3677 5340; baseline -0.002 -16"><span class='ocrx_word' id='word_1_789' title='bbox 166 5264 372 5340; x_wconf 85' lang='lat' dir='ltr'><strong>legem</strong></span> <span class='ocrx_word' id='word_1_790' title='bbox 396 5283 470 5324; x_wconf 89' lang='lat' dir='ltr'><strong>se</strong></span> <span class='ocrx_word' id='word_1_791' title='bbox 496 5265 858 5338; x_wconf 85' lang='lat' dir='ltr'><strong>expurget;</strong></span> <span class='ocrx_word' id='word_1_792' title='bbox 885 5266 988 5321; x_wconf 91' lang='lat' dir='ltr'><strong>aut</strong></span> <span class='ocrx_word' id='word_1_793' title='bbox 1012 5262 1059 5318; x_wconf 93' lang='lat' dir='ltr'><strong>si</strong></span> <span class='ocrx_word' id='word_1_794' title='bbox 1082 5261 1398 5336; x_wconf 90' lang='lat' dir='ltr'><strong>culpabilis</strong></span> <span class='ocrx_word' id='word_1_795' title='bbox 1416 5262 1732 5332; x_wconf 89' lang='lat' dir='ltr'><strong>invenitur,</strong></span> <span class='ocrx_word' id='word_1_796' title='bbox 1754 5263 1902 5321; x_wconf 90' lang='lat' dir='ltr'><strong>ban-</strong></span> <span class='ocrx_word' id='word_1_797' title='bbox 2010 5282 2154 5324; x_wconf 86' lang='lat' dir='ltr'><strong>cum</strong></span> <span class='ocrx_word' id='word_1_798' title='bbox 2183 5244 2303 5323; x_wconf 70' lang='lat' dir='ltr'><strong>Deo</strong></span> <span class='ocrx_word' id='word_1_799' title='bbox 2326 5265 2458 5336; x_wconf 88' lang='lat' dir='ltr'><strong>jam</strong></span> <span class='ocrx_word' id='word_1_800' title='bbox 2485 5265 2549 5320; x_wconf 88' lang='lat' dir='ltr'><strong>in</strong></span> <span class='ocrx_word' id='word_1_801' title='bbox 2569 5264 2724 5321; x_wconf 84' lang='lat' dir='ltr'><strong>coelo</strong></span> <span class='ocrx_word' id='word_1_802' title='bbox 2754 5244 3026 5334; x_wconf 39' lang='lat' dir='ltr'><strong>regn‘a‘nt,</strong></span> <span class='ocrx_word' id='word_1_803' title='bbox 3070 5269 3129 5320; x_wconf 76' lang='lat' dir='ltr'><strong>et</strong></span> <span class='ocrx_word' id='word_1_804' title='bbox 3156 5244 3444 5321; x_wconf 65' lang='lat' dir='ltr'><strong>scelesti</strong></span> <span class='ocrx_word' id='word_1_805' title='bbox 3486 5244 3677 5320; x_wconf 75' lang='lat' dir='ltr'><strong>Eccle-</strong></span> 
     </span>
    </p>
   </div>
   <div class='ocr_carea' id='block_1_61' title="bbox 170 5349 3676 5427">
    <p class='ocr_par' dir='ltr' id='par_1_61' title="bbox 170 5349 3676 5427">
     <span class='ocr_line' id='line_1_61' title="bbox 170 5349 3676 5427; baseline -0.002 -15"><span class='ocrx_word' id='word_1_806' title='bbox 170 5370 324 5414; x_wconf 91' lang='lat' dir='ltr'><strong>num</strong></span> <span class='ocrx_word' id='word_1_807' title='bbox 370 5358 704 5413; x_wconf 86' lang='lat' dir='ltr'><strong>nostrum</strong></span> <span class='ocrx_word' id='word_1_808' title='bbox 732 5349 1054 5423; x_wconf 89' lang='lat' dir='ltr'><strong>persolvat,</strong></span> <span class='ocrx_word' id='word_1_809' title='bbox 1091 5354 1151 5407; x_wconf 90' lang='lat' dir='ltr'><strong>et</strong></span> <span class='ocrx_word' id='word_1_810' title='bbox 1180 5366 1217 5408; x_wconf 88' lang='lat' dir='ltr'><strong>a</strong></span> <span class='ocrx_word' id='word_1_811' title='bbox 1243 5351 1527 5407; x_wconf 87' lang='lat' dir='ltr'><strong>ministris</strong></span> <span class='ocrx_word' id='word_1_812' title='bbox 1563 5351 1904 5425; x_wconf 60' lang='lat' dir='ltr'><strong>reipublic:</strong></span> <span class='ocrx_word' id='word_1_813' title='bbox 2013 5354 2188 5413; x_wconf 66' lang='lat' dir='ltr'><strong>sinet</strong></span> <span class='ocrx_word' id='word_1_814' title='bbox 2213 5352 2684 5411; x_wconf 73' lang='lat' dir='ltr'><strong>Christianormn</strong></span> <span class='ocrx_word' id='word_1_815' title='bbox 2715 5353 2997 5409; x_wconf 82' lang='lat' dir='ltr'><strong>societate</strong></span> <span class='ocrx_word' id='word_1_816' title='bbox 3040 5353 3303 5427; x_wconf 75' lang='lat' dir='ltr'><strong>separati</strong></span> <span class='ocrx_word' id='word_1_817' title='bbox 3356 5357 3515 5423; x_wconf 79' lang='lat' dir='ltr'><strong>sunt,</strong></span> <span class='ocrx_word' id='word_1_818' title='bbox 3562 5349 3676 5406; x_wconf 87' lang='lat' dir='ltr'><strong>nisi</strong></span> 
     </span>
    </p>
   </div>
   <div class='ocr_carea' id='block_1_62' title="bbox 168 5436 3679 5517">
    <p class='ocr_par' dir='ltr' id='par_1_62' title="bbox 168 5436 3679 5517">
     <span class='ocr_line' id='line_1_62' title="bbox 168 5436 3679 5517; baseline -0.003 -14"><span class='ocrx_word' id='word_1_819' title='bbox 168 5445 429 5503; x_wconf 76' lang='lat' dir='ltr'><strong>tollatur</strong></span> <span class='ocrx_word' id='word_1_820' title='bbox 449 5438 656 5517; x_wconf 86' lang='lat' dir='ltr'><strong>quod</strong></span> <span class='ocrx_word' id='word_1_821' title='bbox 681 5453 822 5495; x_wconf 85' lang='lat' dir='ltr'><strong>cum</strong></span> <span class='ocrx_word' id='word_1_822' title='bbox 849 5436 1075 5509; x_wconf 88' lang='lat' dir='ltr'><strong>injusta</strong></span> <span class='ocrx_word' id='word_1_823' title='bbox 1107 5455 1394 5496; x_wconf 86' lang='lat' dir='ltr'><strong>mensura</strong></span> <span class='ocrx_word' id='word_1_824' title='bbox 1424 5439 1680 5495; x_wconf 88' lang='lat' dir='ltr'><strong>vendere</strong></span> <span class='ocrx_word' id='word_1_825' title='bbox 1700 5439 1908 5498; x_wconf 90' lang='lat' dir='ltr'><strong>voluit.</strong></span> <span class='ocrx_word' id='word_1_826' title='bbox 2018 5458 2128 5517; x_wconf 88' lang='lat' dir='ltr'><strong>per</strong></span> <span class='ocrx_word' id='word_1_827' title='bbox 2155 5438 2371 5513; x_wconf 90' lang='lat' dir='ltr'><strong>dignos</strong></span> <span class='ocrx_word' id='word_1_828' title='bbox 2402 5442 2761 5516; x_wconf 59' lang='lat' dir='ltr'><strong>poenitentiae</strong></span> <span class='ocrx_word' id='word_1_829' title='bbox 2801 5442 3026 5499; x_wconf 83' lang='lat' dir='ltr'><strong>fructus</strong></span> <span class='ocrx_word' id='word_1_830' title='bbox 3071 5443 3148 5499; x_wconf 78' lang='lat' dir='ltr'><strong>ad</strong></span> <span class='ocrx_word' id='word_1_831' title='bbox 3187 5444 3305 5499; x_wconf 84' lang='lat' dir='ltr'><strong>hoc</strong></span> <span class='ocrx_word' id='word_1_832' title='bbox 3344 5440 3585 5501; x_wconf 84' lang='lat' dir='ltr'><strong>redeant</strong></span> <span class='ocrx_word' id='word_1_833' title='bbox 3618 5444 3679 5492; x_wconf 88' lang='lat' dir='ltr'><strong>ut</strong></span> 
     </span>
    </p>
   </div>
   <div class='ocr_carea' id='block_1_63' title="bbox 175 5527 3180 5607">
    <p class='ocr_par' dir='ltr' id='par_1_63' title="bbox 175 5527 3180 5607">
     <span class='ocr_line' id='line_1_63' title="bbox 175 5527 3180 5607; baseline 0 -21"><span class='ocrx_word' id='word_1_834' title='bbox 175 5536 229 5594; x_wconf 84' lang='lat' dir='ltr'><strong>Si</strong></span> <span class='ocrx_word' id='word_1_835' title='bbox 259 5540 494 5595; x_wconf 77' lang='lat' dir='ltr'><strong>autem</strong></span> <span class='ocrx_word' id='word_1_836' title='bbox 527 5527 777 5593; x_wconf 82' lang='lat' dir='ltr'><strong>colono</strong></span> <span class='ocrx_word' id='word_1_837' title='bbox 798 5531 901 5585; x_wconf 91' lang='lat' dir='ltr'><strong>aut</strong></span> <span class='ocrx_word' id='word_1_838' title='bbox 912 5543 1086 5586; x_wconf 87' lang='lat' dir='ltr'><strong>servo</strong></span> <span class='ocrx_word' id='word_1_839' title='bbox 1114 5527 1229 5586; x_wconf 91' lang='lat' dir='ltr'><strong>hoc</strong></span> <span class='ocrx_word' id='word_1_840' title='bbox 1248 5532 1593 5605; x_wconf 85' lang='lat' dir='ltr'><strong>reputatum</strong></span> <span class='ocrx_word' id='word_1_841' title='bbox 1615 5528 1808 5593; x_wconf 87' lang='lat' dir='ltr'><strong>fuerit,</strong></span> <span class='ocrx_word' id='word_1_842' title='bbox 1822 5531 1917 5601; x_wconf 75' lang='lat' dir='ltr'><strong>ju-</strong></span> <span class='ocrx_word' id='word_1_843' title='bbox 2025 5536 2251 5590; x_wconf 64' lang='lat' dir='ltr'><strong>sancta</strong></span> <span class='ocrx_word' id='word_1_844' title='bbox 2284 5532 2553 5590; x_wconf 71' lang='lat' dir='ltr'><strong>Ecclesiae</strong></span> <span class='ocrx_word' id='word_1_845' title='bbox 2584 5532 2815 5607; x_wconf 83' lang='lat' dir='ltr'><strong>possint</strong></span> <span class='ocrx_word' id='word_1_846' title='bbox 2841 5532 3180 5590; x_wconf 87' lang='lat' dir='ltr'><strong>readunari.</strong></span> 
     </span>
    </p>
   </div>
   <div class='ocr_carea' id='block_1_64' title="bbox 242 5612 1588 5717">
    <p class='ocr_par' dir='ltr' id='par_1_64' title="bbox 242 5612 1588 5717">
     <span class='ocr_line' id='line_1_64' title="bbox 242 5612 1588 5717; baseline -0.013 -12"><span class='ocrx_word' id='word_1_847' title='bbox 242 5646 408 5717; x_wconf 69' lang='lat'><strong>(829)</strong></span> <span class='ocrx_word' id='word_1_848' title='bbox 447 5639 620 5699; x_wconf 84' lang='lat' dir='ltr'><strong>Vide</strong></span> <span class='ocrx_word' id='word_1_849' title='bbox 653 5612 994 5706; x_wconf 73' lang='lat' dir='ltr'><strong>Burchard,</strong></span> <span class='ocrx_word' id='word_1_850' title='bbox 1022 5633 1129 5692; x_wconf 84' lang='lat' dir='ltr'><strong>lib.</strong></span> <span class='ocrx_word' id='word_1_851' title='bbox 1158 5649 1281 5709; x_wconf 68' lang='lat' dir='ltr'><strong>xu,</strong></span> <span class='ocrx_word' id='word_1_852' title='bbox 1303 5649 1434 5710; x_wconf 70' lang='lat' dir='ltr'><strong>cap.</strong></span> <span class='ocrx_word' id='word_1_853' title='bbox 1462 5639 1588 5695; x_wconf 67' lang='lat'><strong>16,8.</strong></span> 
     </span>
    </p>
   </div>
  </div>
