4046 6190
419 204 520 256 367

488 325 576 378 De
600 319 802 376 eadem
830 332 914 373 re.
941 317 1038 373 Ex
1064 315 1509 384 Capitularium
1535 313 1636 373 lib.
1665 328 1750 376 ιιι,
1781 325 1914 380 cap.
1946 310 1999 364 9.

489 411 833 467 CCCCXXXI.
884 405 1033 476 (Lib.
1068 421 1126 459 ιιι
1160 404 1523 474 Capitular.,
1570 418 1622 458 c.
1654 404 1722 468 9;
1752 399 1855 455 lib.
1884 414 1901 451 ι
1930 399 2075 466 Leg.

417 497 701 568 Longob.,
754 495 836 551 tit.
876 494 959 561 l7,
1000 510 1051 549 c.
1106 497 1190 547 Η.
1234 489 1717 564 Conspirationes
1760 502 1902 543 vero
1939 484 2073 557 qui-

415 570 654 660 cunque
718 585 914 641 facere
979 580 1474 654 praesumpserint
1501 624 1514 647 ,
1581 582 1639 634 et
1700 578 2075 633 sacramento

416 690 844 750 quamcunque
891 670 1395 745 conspirationem
1431 666 1819 733 ﬁrmaverint,
1864 662 2075 737 triplici

416 766 645 824 ratione
671 764 1032 837 judicentur.
1067 761 1283 830 Primo,
1331 763 1398 816 ut
1443 759 1787 829 ubicunque
1832 751 2078 826 aliquod

417 856 648 912 malum
686 870 793 927 per
834 854 950 908 hoc
998 853 1401 923 perpetratum
1432 847 1576 915 fuit,
1616 849 1888 902 auctores
1940 840 2079 898 facti

418 943 866 1000 interﬁciuntur.
897 941 1214 1012 Adjutores
1242 954 1385 995 vero
1406 936 1645 993 illorum
1674 932 1889 1005 singuli
1934 931 2081 987 alter

419 1033 497 1089 ab
523 1031 710 1088 altero
750 1029 1142 1100 ﬂagellentur,
1173 1032 1229 1083 et
1270 1041 1446 1082 nares
1495 1024 1608 1080 sibi
1649 1023 1903 1080 invicem
1933 1034 2082 1093 prse-

419 1120 642 1177 cidant.
678 1118 785 1175 Ubi
814 1133 956 1173 vero
985 1116 1132 1172 nihil
1165 1114 1307 1171 mali
1336 1117 1742 1187 perpetratum
1786 1114 1893 1178 est,
1925 1107 2084 1164 simi-

418 1209 547 1266 liter
573 1209 683 1279 37
700 1208 750 1279 5
775 1205 1019 1279 quidem
1048 1205 1201 1260 inter
1231 1219 1293 1259 se
1318 1202 1709 1273 ﬂagellentur,
1749 1204 1805 1255 et
1829 1196 2081 1270 capillos

422 1297 537 1355 sibi
566 1295 830 1351 vicissim
860 1294 1244 1351 detondeant.
1281 1292 1340 1350 Si
1367 1308 1511 1347 vero
1540 1306 1649 1363 per
1675 1289 1917 1345 dextras
1945 1301 2084 1342 con-

421 1384 663 1459 spiratio
689 1384 847 1440 facta
875 1382 1069 1449 fuerit,
1113 1382 1162 1437 si
1190 1380 1363 1437 liberi
1390 1384 1546 1447 sunt,
1581 1383 1684 1434 aut
1707 1378 1909 1449 jurent
1950 1391 2079 1431 cum

420 1475 653 1532 idoneis
675 1472 1082 1545 juratoribus;
1118 1475 1222 1527 aut
1240 1471 1291 1527 si
1311 1471 1425 1526 hoc
1448 1470 1641 1525 facere
1660 1483 1782 1524 non
1802 1467 2079 1539 possunt,

424 1579 596 1620 suam
625 1563 811 1631 legem
840 1563 1229 1633 componant.
1285 1559 1342 1616 Si
1383 1574 1526 1613 vero
1569 1557 1724 1612 servi
1771 1559 1928 1623 sunt,
1976 1552 2082 1608 ﬂa-

424 1650 734 1719 gellentur.
1579 1686 1585 1691 -

424 1742 509 1795 De
518 1740 664 1808 conf
660 1738 866 1794 ralriis
880 1739 971 1794 vel
984 1736 1313 1792 consortiis.
1332 1740 1419 1791 Ex
1431 1734 1600 1791 conci
1602 1734 1679 1789 lio
1691 1732 2079 1789 Nannetensi.

495 1829 883 1885 CCCCXXX".
926 1826 1178 1897 (Concil.
1229 1826 1594 1893 Nannct.,c.
1662 1827 1761 1889 15;
1812 1824 2084 1876 limosum

427 1917 757 1986 Capitula,
792 1915 872 1971 tit.
910 1919 958 1984 l,
988 1930 1038 1969 ρ.
1080 1914 1183 1984 16.)
1216 1916 1296 1968 De
1326 1911 1584 1968 collectis
1613 1910 1705 1965 vel
1727 1908 2082 1975 confratriis,

423 2022 577 2078 quas
602 2004 902 2061 consortia
927 2007 1166 2070 vocant,
1193 2002 1344 2058 sicut
1389 2000 1575 2056 verbo
1609 1999 1980 2067 monuimus,
2031 2001 2088 2054 et

425 2111 461 2150 ιι
474 2111 586 2150 unc
616 2093 848 2166 scriptis
876 2108 1153 2166 expresse
1179 2090 1584 2165 praecipimus,
1625 2092 1690 2147 ut
1716 2093 1945 2145 tantum
1985 2087 2089 2143 ﬁat

423 2185 721 2254 quantum
750 2185 978 2237 rectum
1010 2180 1090 2236 ad
1120 2178 1530 2236 auctoritatem
1563 2181 1621 2233 et
1648 2176 1958 2233 utilitatem
1997 2180 2084 2231 at-

425 2288 543 2343 que
576 2271 654 2327 ad
688 2254 1189 2327 salutem'animze
1219 2267 1489 2341 pertinet.
1506 2266 1664 2322 Ultra
1693 2270 1893 2322 autem
1907 2281 2087 2321 nemo

426 2376 623 2432 neque
655 2359 939 2415 sacerdos
970 2374 1167 2431 neque
1196 2356 1390 2413 ﬁdelis
1437 2356 1761 2428 quisquam
1808 2354 1867 2409 in
1917 2368 2088 2425 paro-

427 2449 562 2504 cliia
590 2450 796 2505 nostra
825 2447 1106 2520 progredi
1150 2445 1389 2512 audeat,
1435 2443 1495 2499 id
1543 2448 1653 2513 est,
1704 2448 1767 2499 ut
1817 2443 1878 2498 in
1919 2443 2084 2498 omni

427 2537 719 2609 obsequio
743 2536 1069 2606 religionis,
1114 2534 1379 2591 videlicet
1420 2533 1478 2589 in
1530 2532 1852 2600 oblatione,
1894 2532 1954 2587 in
2002 2531 2087 2587 lu-

425 2625 778 2694 minaribus,
800 2624 861 2681 iu
891 2624 1263 2681 orationibus
1290 2622 1534 2691 mutuis,
1574 2621 1636 2676 in
1661 2620 1962 2692 exsequiis
1987 2620 2086 2676 de-

424 2715 769 2770 functorum
821 2713 883 2769 in
925 2711 1322 2785 eleemosynis
1353 2715 1411 2766 et
1438 2710 1663 2766 caeteris
1694 2708 1927 2782 pietatis
1957 2708 2084 2764 ofﬁ-

428 2804 552 2860 ciis.
586 2806 789 2860 Pastos
819 2806 1021 2858 autem
1064 2806 1120 2858 et
1161 2799 1628 2858 comessationes
1674 2814 1829 2871 quas
1879 2798 2084 2856 divina

423 2892 744 2949 auctoritas
789 2895 971 2958 vetat,
1014 2890 1117 2946 ubi
1171 2893 1230 2946 et
1284 2888 1638 2959 gravedines
1692 2891 1751 2943 et
1803 2886 2083 2944 indebita:

1532 185 1911 244 REGINONIS
1948 154 2383 240 PRUMIENSIS-
2400 182 2717 238 ABBATIS.

2104 310 2152 362 A
2184 309 2254 363 Ut
2284 305 2336 362 si
2363 305 2613 379 quilibet
2648 304 3137 378 presbyterorum
3166 301 3485 358 defunctus
3516 299 3717 369 fuerit,
3767 298 3847 354 vi-

3742 166 3843 231 3'68

2184 396 2354 452 cinus
2381 395 2695 470 presbyter
2732 394 2898 467 apud
2948 391 3297 448 saecularem
3338 391 3634 446 seniorem
3684 387 3849 444 nulla

2184 486 2527 559 precatione
2555 484 2651 541 vel
2679 484 2882 557 aliquo
2905 483 3081 540 xenio
3125 481 3437 539 ecclesiam
3482 481 3648 536 illam
3702 478 3852 535 obti-

2182 579 2342 648 neat,
2383 574 2526 649 quia
2554 574 2760 631 titulus
2785 588 2892 647 per
2936 590 2999 630 se
3047 576 3334 629 constans
3382 575 3561 627 antea
3603 568 3851 637 exstitit,

2186 665 2296 722 sed
2322 681 2520 738 neque
2546 664 2861 737 capellam,
2909 663 3035 719 sine
3077 661 3350 718 consultu
3399 658 3673 733 episcopi
3724 658 3854 729 (De-

2187 762 2351 812 creta
2378 759 2544 811 Leon.
2587 772 2623 821 ι,
2667 770 2718 809 e.
2766 755 2878 825 38.)
2932 752 3104 818 Quod
3159 751 3205 806 si
3258 750 3476 816 fecerit,
3535 748 3854 805 deﬁnitam

2188 845 2541 902 sententiam
2568 844 2680 900 sibi
2709 843 3008 917 prolatam
3039 840 3347 914 suscipiat,
3390 840 3564 896 sicuti
3608 839 3688 895 de
3736 838 3859 911 epi-

2188 950 2373 1007 scopo
2398 934 2688 990 canonica
2717 932 2976 990 decrevit
3004 931 3348 1000 auctoritas,
3382 935 3445 986 ut
3471 929 3579 1003 qui
3600 945 3711 1002 per
3732 944 3859 984 am-

2187 1022 2475 1079 bitionem
2517 1023 2813 1094 majorem
2846 1021 3146 1077 civitatem
3194 1018 3524 1092 appetierit,
3577 1023 3636 1074 et
3689 1016 3860 1073 illam

2188 1111 2402 1185 perdat
2427 1127 2614 1184 quam
2659 1110 2868 1180 tenuit,
2919 1110 3091 1182 377
3147 1114 3205 1164 et
3245 1108 3409 1165 illam
3455 1123 3861 1180 nequaquam

2189 1200 2455 1256 obtineat
2479 1215 2666 1272 quam
2695 1214 2989 1272 usurpare
3012 1197 3275 1255 tentavit.
3834 1206 3841 1211 '

2189 1292 2277 1345 De
2306 1290 2538 1361 liquore
2565 1290 2629 1345 in
2653 1305 2770 1360 quo
2798 1303 2929 1344 mus
2960 1288 3259 1345 ceciderit.
3292 1287 3391 1343 Ex
3419 1276 3858 1357 paenitentia“.

2261 1379 2669 1435 CCCCXXXIV.
2703 1382 2826 1435 Mus
2873 1377 2922 1433 si
2967 1376 3245 1434 ceciderit
3284 1375 3346 1431 in
3385 1376 3711 1449 liquorem,
3758 1375 3863 1430 tol-

2187 1468 2347 1524 latur
2404 1467 2564 1535 inde,
2617 1473 2672 1524 et
2733 1470 3086 1539 aspergatur
3166 1480 3326 1538 aqua
3394 1465 3740 1532 benedicta,
3807 1469 3863 1520 et

2192 1562 2483 1613 sumatur.
2515 1557 2571 1612 Si
2602 1573 2740 1613 vero
2796 1560 3035 1612 mortua
3083 1554 3258 1611 fuerit
3298 1554 3563 1622 inventa,
3616 1554 3864 1625 abjicia-

2110 1656 2157 1709 Β
2193 1651 2288 1702 tur
2321 1650 2476 1703 totus
2504 1646 2599 1702 ille
2628 1646 2844 1719 liquor.
2896 1644 3068 1710 Quod
3118 1644 3167 1699 si
3224 1643 3479 1699 multum
3528 1647 3620 1699 est
3670 1642 3752 1698 de
3796 1642 3863 1698 li-

2192 1752 2402 1808 quore,
2433 1740 2722 1808 purgetur
2758 1734 2853 1790 ille
2910 1734 3128 1806 liquor,
3180 1738 3238 1789 et
3290 1731 3650 1805 aspergatur
3702 1746 3865 1804 aqua

2194 1831 2419 1893 sancta,
2451 1831 2509 1882 et
2537 1830 2828 1892 sumatur,
2862 1824 2911 1881 si
2940 1839 3184 1880 necesse
3214 1828 3318 1879 est.
3353 1822 3409 1880 Si
3441 1822 3502 1877 in
3536 1822 3738 1878 farina
3764 1827 3868 1877 aut

2192 1917 2253 1972 in
2287 1915 2441 1971 lacte
2465 1915 2782 1983 coagulato
2810 1917 2913 1969 aut
2941 1913 3001 1969 in
3033 1912 3207 1968 melle
3236 1929 3371 1968 mus
3417 1916 3659 1967 mortua
3709 1911 3868 1966 inve-

2194 2005 2370 2070 nitur,
2397 2004 2563 2077 quod
2593 2003 2654 2059 in
2686 2002 2934 2059 circuitu
2962 2002 3093 2073 ejus
3140 2001 3433 2057 estoforas
3486 2000 3866 2073 projieiatur,

2193 2095 2486 2167 reliquum
2512 2097 2803 2149 sumatur.

2192 2181 2262 2237 Si
2289 2183 2419 2252 quis
2443 2184 2785 2252 sepulcrum
2820 2182 3153 2247 violaverit,
3178 2186 3231 2237 et
3259 2186 3492 2237 cratera.
3542 2181 3619 2236 Ut
3649 2195 3866 2249 supra.

2265 2271 2660 2327 CCCCXXXV.
2696 2270 2753 2328 Si
2783 2270 2914 2341 quis
2963 2270 3303 2343 sepulcrum
3354 2268 3691 2335 violaverit,
3735 2286 3867 2342 scp-

2196 2363 2310 2415 tem
2342 2376 2537 2416 annos
2562 2358 2867 2433 pteniteat,
2899 2363 3016 2414 tres
3046 2359 3106 2422 in
3137 2375 3293 2431 pane
3320 2362 3378 2413 et
3399 2374 3583 2431 aqua.

2267 2448 2324 2506 Si
2379 2449 2514 2521 quis
2564 2448 2851 2519 ligaturas
2881 2447 3101 2518 fecerit,
3140 2447 3305 2521 quod
3344 2445 3703 2504 detestabile
3751 2451 3866 2513 est,

2194 2541 2311 2592 tres
2368 2552 2563 2593 annos
2611 2538 2915 2611 pmniteat,
2977 2552 3167 2592 unum
3206 2552 3278 2591 ex
3336 2535 3429 2592 his
3478 2535 3555 2591 in'
3597 2550 3762 2607 pane
3812 2539 3869 2590 et

2193 2642 2374 2699 aqua.

2267 2715 2323 2772 Si
2351 2715 2489 2788 quis
2521 2715 2973 2772 manducaverit
3001 2714 3382 2771 morticinum
3413 2717 3516 2769 aut
3540 2712 3728 2769 idolis
3760 2714 3871 2771 im-

2192 2804 2505 2875 molatum,
2531 2804 2763 2876 jejunet
2789 2803 3209 2861 hebdomadas
3233 2803 3577 2860 duodecim.

2267 2893 2323 2950 Si
2385 2894 2521 2966 quis
2575 2894 2886 2966 quodlibet
2951 2893 3293 2949 membrum
3352 2892 3461 2948 sibi
3518 2892 3873 2948 voluntarie

423 2981 764 3036 exactiones
826 2983 882 3036 et
949 2982 1151 3052 turpes
1196 2994 1267 3034 ac
1315 2977 1525 3033 inanes
1571 2975 1785 3032 laetitia:
1835 2980 1892 3033 et
1943 2976 2082 3032 νίκας
2113 3011 2154 3065 C
2195 2983 2573 3053 truncaverit,
2609 2988 2723 3040 tres
2753 2999 2947 3039 annos
2976 2983 3280 3056 pceniteat,
3314 2998 3502 3038 unum
3536 2996 3609 3038 ex
3660 2981 3761 3038 his
3810 2981 3873 3037 in

426 3085 587 3140 smpe
611 3067 812 3137 etiam,
846 3067 996 3124 sicut
1023 3065 1247 3140 experti
1276 3082 1507 3134 sumus,
1550 3081 1743 3138 usque
1773 3065 1852 3120 ad
1894 3064 2082 3120 homi-

424 3158 578 3215 cidia
609 3163 665 3216 et
688 3158 829 3216 odia
854 3161 911 3214 et
939 3157 1341 3214 dissensiones
1370 3156 1640 3213 accidere
1670 3155 1880 3226 solent,
1928 3155 2082 3212 adeo

421 3246 659 3320 penitus
684 3245 1094 3303 interdicimus
1117 3250 1183 3302 ut
1218 3244 1325 3317 qui
1367 3249 1575 3301 contra
1613 3244 1728 3300 hoc
1776 3243 2081 3300 decretum

423 3352 598 3405 agerc
621 3334 1092 3408 praesumpserit,
1123 3334 1170 3390 si
1199 3333 1512 3407 presbyter
1536 3332 1729 3401 fuerit,
1776 3332 1869 3389 vel
1911 3332 2081 3405 quili-

420 3425 522 3480 bet
549 3424 818 3497 clericus,
850 3423 1044 3493 gradu
1063 3422 1351 3496 privetur;
1376 3422 1423 3477 si
1449 3421 1637 3478 laicus
1656 3426 1743 3478 est
1771 3425 1876 3477 aut
1912 3421 2080 3477 femi-

420 3530 523 3584 na,
554 3513 632 3570 ab
658 3512 915 3570 Ecclesia
940 3528 1136 3587 usque
1158 3511 1237 3568 ad
1262 3510 1731 3568 satisfactionem
1753 3514 2077 3583 separetur.

421 3606 761 3661 Conventus
806 3606 1008 3658 autem
1052 3601 1260 3658 talium
1300 3601 1687 3672 confratrum,
1740 3599 1788 3655 si
1841 3616 2082 3656 necesse

419 3692 593 3749 fuerit
613 3696 680 3750 ut
700 3692 880 3749 simul
908 3692 1288 3761 conveniant,
1313 3694 1417 3748 aut
1440 3691 1589 3747 forte
1625 3688 1844 3762 aliquis
1876 3695 2084 3746 contra

420 3797 629 3854 parem
652 3798 831 3836 suum
855 3780 1220 3843 discordiam
1246 3778 1541 3845 habuerit,
1573 3778 1752 3849 376
1777 3794 1958 3851 quem
1990 3795 2081 3835 re-

419 3868 718 3925 conciliari
745 3884 989 3924 necesse
1018 3859 1112 3937 sit,
1145 3871 1202 3923 et
1233 3867 1363 3922 sine
1378 3868 1679 3922 conventu
1708 3866 2086 3939 presbytero.

418 3975 555 4014 rum
580 3962 638 4013 et
657 3960 1005 4013 caeterorum
1026 3971 1153 4012 esse
1184 3971 1307 4012 non
1324 3954 1533 4027 possit,
1561 3958 1699 4026 post
1717 3960 1959 4026 peracta
1985 3956 2086 4014 illa

420 4062 556 4117 quae
582 4044 682 4101 Dei
704 4048 843 4099 sunt
864 4047 921 4100 et
958 4043 1304 4101 Christianae
1324 4041 1595 4113 religioni
1620 4044 2001 4117 conveniunt,
2027 4049 2085 4101 et

420 4135 559 4202 post
578 4130 812 4188 debitas
833 4131 1296 4203 admonitiones,
1312 4131 1364 4188 si
1384 4132 1693 4204 contigerit
1706 4136 1932 4190 utverte
1944 4136 2082 4192 cha—

420 4220 607 4275 ritatis
631 4224 689 4277 et
717 4220 988 4285 fraternae
1020 4220 1277 4277 invicem
1308 4220 1731 4277 consolationis
1762 4238 1974 4280 omnes
2003 4224 2081 4280 ad

420 4308 801 4366 refectionem
831 4309 1209 4377 conveniant,
1234 4309 1317 4366 sic
1343 4309 1485 4366 talia
1510 4309 1636 4366 fieri
1659 4311 2078 4384 permittimus,

406 4403 737 4471 rutservata
768 4398 1064 4455 modestia
1109 4403 1166 4456 et
1204 4400 1599 4472 temperantia
1647 4403 1704 4456 et
1762 4401 2079 4460 sobrietate

416 4487 705 4561 pacisque
736 4487 1077 4555 concordia,
1112 4487 1263 4544 sicut
1291 4488 1460 4544 decet
1500 4488 1735 4559 fratres,
1785 4491 1990 4548 omnia
2016 4492 2078 4548 in

417 4576 874 4633 aediﬁcationem
896 4576 1276 4634 fraternitatis
1301 4581 1358 4634 et
1374 4577 1617 4634 laudem
1630 4583 1688 4634 et
1708 4578 1959 4649 gloriam
1978 4582 2079 4637 Dei

418 4671 473 4722 et
498 4666 828 4738 gratiarum
854 4666 1120 4724 actiones
1141 4666 1307 4723 ﬁant.
1348 4669 1416 4722 Et
1441 4665 1555 4723 hoc
1597 4668 1844 4725 omnino
1865 4682 2075 4727 cavea-

417 4754 687 4829 turquod
706 4755 977 4812 Salvator
987 4754 1095 4812 ait:
1115 4756 1256 4812 Vide
1272 4761 1328 4812 te
1346 4771 1423 4812 ne
1434 4761 1768 4826 graventur
1783 4759 1967 4815 corda
1988 4774 2077 4816 ve-

416 4850 544 4900 stra
565 4846 626 4898 in
645 4844 902 4913 crapula
922 4850 977 4900 et
994 4844 1454 4916 ebrietate(Luc.
1472 4845 1615 4918 xxi).
1632 4844 1742 4910 Qui
1759 4846 2073 4919 voluerint,

417 4931 684 5003 eulogias
704 4950 740 4987 a
768 4931 1121 5005 presbytero
1141 4932 1474 5007 accipiant;
1506 4939 1564 4991 et
1590 4936 1813 5007 panem
1841 4940 2074 4994 tantum

416 5020 777 5090 frangentes,
820 5020 1037 5090 singuli
1065 5020 1331 5090 singulos
1375 5022 1611 5079 biberes
1654 5024 1968 5097 accipiant,
2020 5032 2077 5084 et

414 5107 562 5163 nihil
594 5107 854 5180 amplius
882 5108 1226 5177 contingere
1254 5116 1645 5183 praesumant.
1677 5114 1746 5168 Et
1786 5112 1869 5169 sic
1917 5130 2074 5171 unus

415 5197 671 5270 quisque
702 5197 780 5252 ad
807 5213 917 5253 sua
946 5213 1083 5253 cum
1113 5198 1526 5257 benedictione
1572 5200 1805 5258 Domini
1847 5202 2070 5261 redeat.

421 5287 492 5342 Ut
522 5289 575 5341 si
598 5286 914 5356 presbyter
932 5286 1249 5356 defunctus
1275 5290 1488 5361 fuerit,
1506 5292 1736 5347 vicinus
1757 5294 2074 5363 presbyter

483 5375 650 5446 apud
672 5376 962 5432 seniorem
984 5378 1331 5435 saecularem
1360 5394 1733 5452 nequaquam
1763 5381 2069 5440 ecclesiam

484 5464 766 5522 obtineat.
793 5465 895 5522 Ex
919 5466 1137 5523 eodem.

484 5555 885 5613 CCCCXXXIII.
922 5555 1170 5626 (Concil.
1221 5557 1507 5631 Nannet.,
1554 5575 1606 5615 c.
1642 5564 1746 5629 t6;
1780 5561 2067 5620 Humum

415 5646 714 5718 Capitula,
744 5644 828 5716 tit,
859 5649 914 5713 2,
944 5660 995 5701 c.
1034 5650 1130 5714 l7;
1166 5646 1501 5717 (Burnmann.
1559 5646 1663 5705 lib.
1700 5665 1782 5719 ιιι,
1817 5665 1866 5705 c.
1918 5652 2065 5723 229.)

2192 3086 2348 3143 pane
2370 3075 2428 3126 et
2455 3087 2634 3143 aqua.

2265 3159 2322 3216 Si
2377 3158 2514 3232 quis
2563 3176 2779 3216 usuras
2813 3160 3214 3232 undecunque
3263 3151 3540 3229 exegerit,
3590 3158 3880 3232 similiter

2189 3246 2492 3319 pceniteat.

2262 3337 2319 3393 Si
2348 3337 2483 3410 quis
2512 3353 2619 3410 per
2635 3337 2978 3395 violentiam
3010 3342 3113 3395 aut
3136 3336 3404 3411 quolibet
3423 3336 3679 3408 ingenio
3703 3337 3880 3394 malo

2191 3424 2523 3482 ordineres
2567 3425 2791 3483 alienas
2844 3426 3127 3483 invaserit
3172 3430 3274 3483 aut
3319 3426 3535 3499 tulerit,
3587 3426 3883 3484 similiter

2190 3514 2491 3586 poeniteat.
2526 3542 2529 3543 ν

2264 3603 2444 3675 378
2478 3603 2533 3660 Si
2581 3604 2716 3677 quis
2764 3603 3027 3677 aliquem
3070 3604 3380 3660 hominem
3436 3604 3600 3661 malo
3650 3606 3887 3662 ordine

2192 3690 2542 3758 vendiderit,
2579 3691 2847 3749 similiter
2873 3691 3179 3765 pcrn'iteat.

2268 3780 2322 3838 Si
2358 3781 2495 3853 quis
2531 3797 2734 3837 aream
2766 3786 2869 3837 aut
2915 3780 3167 3837 domum
3223 3781 3463 3838 alterius
3524 3784 3889 3842 voluntarie

2192 3871 2329 3941 igne
2353 3871 2723 3940 cremaverit,
2753 3869 3019 3928 similiter
3047 3872 3349 3945 poeniteat.

2265 3959 2323 4017 Si
2353 3959 2491 4032 quis
2522 3975 2630 4032 per
2658 3958 2810 4016 iram
2841 3958 3105 4033 aliquem
3132 3961 3508 4034 percusserit,
3538 3966 3597 4019 et
3621 3967 3896 4035 sangui.

2191 4064 2332 4105 nem
2359 4047 2597 4119 fuderit,
2629 4052 2733 4104 aut
2759 4047 3020 4105 debilem
3043 4049 3261 4117 fecerit,
3291 4050 3713 4123 quadraginta
3747 4053 3895 4111 dies

2191 4138 2478 4210 paeniteat
2499 4135 2561 4193 in
2582 4152 2740 4210 pane
2766 4140 2823 4193 et
2846 4153 3028 4211 aqua.
3312 4122 3327 4123 ί
3696 4122 3703 4129 ’

2295 4227 2365 4283 Si
2393 4226 2613 4298 aliquis
2642 4227 3194 4285 excommunicatus
3232 4232 3505 4283 mortuus
3529 4230 3774 4299 fuerit.

2869 4318 2940 4374 Ut
2970 4333 3176 4388 supra.
3768 4374 3773 4379 ,

2257 4405 2669 4463 cccoxxxw.
2699 4405 3070 4477 (Hm-ram.
3087 4405 3189 4463 lib.
3213 4394 3292 4475 vt,
3325 4422 3376 4463 ο.
3398 4410 3502 4475 lt);
3531 4406 3899 4465 Bonnam.

2185 4494 2285 4551 lib.
2316 4512 2396 4565 x1,
2429 4510 2480 4551 c.
2537 4495 2651 4566 5t.)
2704 4494 2761 4552 Si
2808 4494 3025 4569 aliquis
3079 4495 3646 4553 excommunicatus
3696 4497 3911 4556 fuerit

2186 4586 2479 4656 mortuus,
2511 4583 2612 4657 qui
2639 4583 2768 4656 jam
2819 4584 2893 4641 sit
2931 4585 3260 4654 confessus,
3316 4588 3373 4641 et
3418 4600 3548 4642 non
3601 4589 3911 4645 occurrit

2184 4672 2387 4730 venire
2412 4672 2492 4729 ad
2518 4672 3023 4743 sacerdotem,sed
3052 4674 3501 4749 praeoccupavit
3516 4678 3673 4732 eum
3710 4693 3912 4736 mors

2183 4761 2245 4818 in
2271 4762 2457 4819 domo
2482 4765 2587 4819 aut
2615 4762 2678 4818 in
2705 4762 2822 4832 via,
2859 4762 3082 4820 faciant
3126 4778 3237 4836 pro
3278 4778 3353 4821 eo
3391 4767 3695 4837 parentes
3756 4768 3913 4839 ejus

2185 4851 2550 4909 oblationem
2574 4850 2649 4909 ad
2682 4850 2889 4920 altare,
2921 4855 2979 4909 et
3022 4852 3167 4909 dent
3213 4850 3727 4927 redemptionem
3783 4873 3914 4931 pro

2184 4940 2453 5013 captivis.

2319 5030 2406 5085 De
2432 5044 2496 5086 eo
2534 5026 2640 5101 qui
2663 5030 2911 5100 furatus
2937 5031 3128 5101 fuerit
3141 5046 3258 5101 per
3282 5033 3758 5094 necessitatem.

2255 5118 2684 5175 CCCCXXXVII.
2735 5119 3078 5192 (Buncnsan.
3119 5119 3223 5177 lib.
3250 5136 3333 5190 χι,
3367 5136 3419 5177 c.
3453 5123 3573 5193 56.)
3641 5125 3724 5182 Si
3759 5130 3920 5201 quis

2180 5222 2289 5280 per
2317 5207 2731 5264 necessitatem
2758 5208 2988 5265 furatus
3026 5207 3201 5265 fuerit
3222 5208 3450 5266 cibaria
3480 5209 3572 5266 vel
3632 5222 3921 5275 vestem

2181 5295 2272 5352 vel
2300 5313 2486 5370 pecus
2506 5312 2613 5371 per
2641 5297 2865 5356 famem
2893 5302 2995 5355 aut
3034 5315 3143 5372 per
3173 5298 3528 5369 nuditatem,
3563 5308 3927 5374 paeniteat

2178 5384 2599 5444 hebdomadas
2625 5391 2903 5461 quatuor.
2940 5388 2997 5444 Si
3023 5386 3366 5457 reddiderit,
3419 5404 3546 5466 non
3608 5401 3925 5470 cogatur

2174 5476 2479 5548 jejunare.‘
2683 5476 2686 5477 ⁷
2942 5536 2947 5541 ,
3294 5476 3298 5481 ’
3516 5476 3522 5482 ’

2621 5568 2706 5623 De
2733 5562 3153 5651 redemptionis
3166 5568 3386 5639 pretio.
3542 5634 3547 5639 ,

2249 5655 2726 5712 occcxxxvm.
2789 5645 3125 5727 (Βυκοωυς
3181 5654 3285 5713 lib.
3340 5671 3465 5730 nx,
3518 5673 3577 5714 ο.
3638 5645 3797 5743 '22.)
3861 5674 3925 5731 Si
