3980 6182
231 114 315 177 369
982 133 986 137 θ
1050 109 1140 162 DE
1183 109 1462 165 ECCLES.
1506 106 1797 164 DlSClPL.
1840 102 2024 158 LIBRI
2060 102 2226 160 DUO.
2273 138 2339 147 —
2378 109 2673 165 APPEND.
2719 109 2762 165 Ι.

3522 117 3629 173 370

235 232 348 309 quis
369 230 514 287 forte
539 246 662 287 non
687 232 947 304 potuerit
964 232 1267 304 jejunare,
1297 236 1356 289 et
1378 232 1654 289 habuerit
1699 229 1860 286 unde
1892 228 1940 282 Α
1970 226 2079 293 Qui
2105 233 2307 286 autem
2339 247 2462 289 non
2493 233 2751 305 potuerit
2778 232 3127 307 adimplere,
3159 234 3476 293 consilium
3515 239 3624 296 da-

233 320 393 398 possit
415 319 730 391 redimere,
763 320 814 376 si
838 320 1008 377 dives
1033 320 1228 393 fuerit,
1249 338 1361 395 pro
1391 325 1621 395 septem
1637 318 1862 376 hebdo-

235 410 401 473 madis
429 408 531 464 det
558 408 783 466 solidos
814 410 1041 482 viginti.
1064 411 1121 467 Si
1152 426 1276 468 non
1299 410 1578 468 habuerit
1628 412 1861 466 tantum

232 499 369 558 unde
391 498 536 555 dare
574 493 784 571 possit,
830 500 932 557 det
989 500 1214 558 solidos
1266 500 1497 558 decem.
1550 501 1607 557 Si
1660 504 1861 557 autem

230 588 460 647 multum
488 602 725 660 pauper
750 588 944 657 fuerit,
976 589 1078 647 det
1098 589 1321 646 solidos
1365 594 1503 646 tres.
1551 588 1861 646 Neminem

226 694 349 736 vero
426 676 742 734 conturbet
821 677 968 752 quia
1042 678 1340 750 jussimus
1400 678 1546 735 dare
1631 674 1857 733 solidos

226 765 403 838 viginti
456 769 563 822 aut
611 766 850 823 minus:
902 766 1065 840 quia,
1128 767 1179 823 si
1228 767 1400 824 dives
1460 766 1653 836 fuerit,
1714 764 1857 821 faci-

220 857 321 913 lius
336 858 424 911 est
440 853 524 910 illi
539 854 685 911 dare
709 854 933 912 solidos
946 855 1158 927 viginti
1186 871 1373 929 quam
1395 854 1648 930 pauperi
1679 854 1858 927 379

224 944 426 1004 solidos
456 948 595 1001 tres.
620 944 745 1009 Sed.
785 945 1054 1003 attendat
1097 946 1516 1019 unusquisque
1570 944 1667 1001 cui
1713 943 1859 1001 dare

218 1034 436 1103 debeat,
488 1033 611 1089 sive
664 1048 776 1106 pro
817 1034 1230 1108 redemptione
1287 1034 1681 1109 captivorum,
1736 1033 1858 1089 sive

218 1137 384 1197 supra
408 1125 689 1179 sanctum
717 1122 903 1180 altare
938 1123 1058 1180 sive
1087 1123 1186 1180 Dei
1208 1123 1421 1191 servis,
1470 1138 1577 1179 seu
1634 1137 1859 1195 paupe-

216 1212 371 1269 ribus
392 1211 454 1267 in
481 1211 892 1285 eleemosyna.

258 1301 405 1370 Quid
427 1304 552 1371 pro
576 1316 698 1357 uno
726 1317 928 1358 mense
952 1303 1250 1373 agendum
1279 1305 1375 1359 sit.
1413 1303 1580 1359 Unde
1600 1316 1806 1371 supra.

279 1389 697 1447 CCCCXXXIX.
756 1389 1103 1459 (Buncnxnn.
1161 1390 1264 1446 lib.
1322 1407 1443 1457 χιε,
1500 1407 1551 1445 c.
1611 1391 1715 1462 i9.)
1750 1393 1857 1444 Pro

209 1494 323 1535 uno
351 1494 558 1534 mense
580 1478 746 1551 quod
777 1479 836 1534 in
860 1496 1019 1553 pane
1040 1480 1172 1535 etin
1190 1495 1350 1552 aqua
1370 1481 1655 1554 paenitere
1680 1478 1861 1534 debet

1965 332 2105 373 mus
2133 333 2243 390 per
2270 321 2744 378 misericordiam
2768 322 2888 378 Dei.
2920 322 3217 395 Imprimis
3241 338 3353 395 pro
3374 340 3498 381 uno
3525 326 3623 384 die

1964 404 2027 461 in
2053 422 2212 479 pane
2232 413 2290 465 et
2312 425 2475 481 aqua
2499 411 2941 483 quinquaginta
2962 410 3228 483 psalmos
3243 415 3440 468 cantet
3465 428 3624 482 genu

1966 495 2142 564 ﬂexo,
2165 501 2269 554 aut
2299 498 2517 555 stando
2546 500 2605 555 in
2634 499 2908 556 unoloco
2929 500 3310 573 septuaginta
3327 501 3620 572 decantet,

1965 590 2069 642 aut
2088 602 2279 643 unum
2310 587 2626 646 denarium
2652 588 2770 657 det,
2805 593 2909 645 aut
2938 593 3055 645 tres
3072 606 3369 663 pauperes
3392 597 3619 665 pascat.

1966 675 2221 742 Quidam
2273 677 2480 734 dicunt
2527 678 2967 752 quinquaginta
3027 679 3447 750 percussiones
3530 681 3625 738 vel

1961 780 2144 821 verno
2170 771 2412 823 centum
2440 760 2856 841 percussiones
2879 767 2970 843 vel
3000 767 3273 840 psalmos
3319 770 3622 842 quinqua-

1965 854 2150 925 ginta,
2183 855 2244 911 in
2275 860 2477 913 aestate
2507 856 2857 930 psalterium
2879 871 3069 913 unum
3093 856 3188 912 vel
3207 859 3624 929 percussiones

1963 948 2223 1000 centum.

2167 1054 2317 1109 Item
2350 1054 2423 1109 de
2444 1053 2850 1122 redemptione
2878 1054 3061 1108 trium
3096 1040 3416 1109 annorum.

2033 1142 2363 1199 CCCCXLV.
2398 1143 2750 1213 (Bruanium.
2775 1141 2880 1198 lib.
2913 1158 3036 1215 xix,
3069 1158 3120 1198 c.
3173 1142 3287 1213 23.)
3342 1142 3451 1207 Qui
3499 1156 3622 1197 non

1962 1228 2158 1304 potest
2211 1232 2296 1287 sic
2355 1246 2531 1301 agerc
2584 1231 2756 1302 381
2815 1230 3230 1303 pmnitentiam
3254 1235 3320 1286 ut
3353 1230 3626 1303 superius

1961 1320 2244 1388 diximus,
2273 1321 2334 1376 in
2363 1320 2559 1394 primo
2592 1336 2753 1377 anno
2778 1325 2981 1390 eroget
3004 1319 3064 1376 in
3086 1320 3475 1392 eleemosyna
3536 1336 3628 1375 so-

1964 1411 2115 1466 lidos
2146 1411 2350 1481 viginti
2384 1427 2510 1479 sex,
2540 1411 2598 1465 in
2633 1410 2902 1466 secundo
2928 1409 3157 1481 viginti,
3190 1410 3250 1466 in
3278 1410 3445 1466 tertio
3467 1414 3626 1465 octo-

1961 1500 2176 1567 decim,
2210 1499 2325 1555 hoc
2354 1504 2443 1554 est
2481 1498 2705 1554 solidos
2727 1486 3044 1567 sexaginta
3081 1503 3361 1571 quatuor.
3419 1502 3629 1554 Poten-

206 1567 428 1640 aliquis,
464 1567 737 1639 psalmos
764 1568 1038 1624 decantet
1065 1568 1223 1625 mille
1253 1585 1338 1635 cc,
1368 1584 1524 1639 genu
1557 1568 1713 1624 ﬂexo
1743 1587 1755 1637 ;
1802 1573 1849 1622 et

1996 1603 2049 1642 es
2078 1587 2355 1643 homines
2384 1586 2607 1643 faciant
2630 1603 2742 1660 pro
2771 1586 2965 1659 culpis
2998 1567 3124 1640 suis
3150 1585 3318 1657 quod
3344 1586 3627 1640 Zachaeus

202 1658 246 1713 si
274 1673 392 1713 non
422 1672 586 1727 genu
614 1658 792 1728 ﬂexo,
824 1657 984 1713 mille
1013 1675 1254 1715 ncuxxx.
1300 1662 1363 1714 Et
1415 1658 1581 1714 omni
1636 1658 1753 1727 die,
1809 1657 1857 1712 si

200 1746 338 1814 vult,
361 1751 417 1802 et
447 1746 749 1802 abstinere
775 1762 897 1802 non
924 1751 1143 1820 potest,
1174 1748 1401 1803 reﬁciat
1449 1747 1526 1803 ad
1574 1752 1802 1802 sextam
1839 1764 1852 1812 ;

196 1835 301 1890 nisi
323 1834 472 1890 feria
504 1839 718 1907 quarta
748 1839 805 1891 et
835 1841 1003 1891 sexta
1024 1836 1255 1907 jejunet
1280 1851 1473 1910 usque
1499 1836 1575 1892 ad
1605 1851 1853 1903 nonam,

197 1938 433 1979 carnem
466 1929 527 1979 et
553 1924 759 1979 vinum
788 1930 915 1979 non
943 1930 1161 1980 sumat.
1198 1924 1443 1998 Reliqua
1472 1924 1779 1998 percipiat.

432 2013 554 2081 Qui
568 2028 682 2083 pro
724 2029 846 2069 una
878 2013 1269 2071 hebdomada.
1309 2015 1383 2071 Ut
1408 2029 1613 2085 supra.

257 2103 547 2159 CCCCXL.
598 2103 943 2172 (Buncnxnu.
995 2102 1098 2158 lib.
1159 2120 1281 2172 xxx,
1334 2120 1386 2159 c.
1447 2104 1528 2175 t8)
1588 2105 1699 2158 Pro
1732 2119 1853 2159 una

188 2191 584 2248 liebdomada
602 2192 870 2264 psalmos
891 2209 989 2247 ccc
1014 2208 1213 2263 genua
1236 2193 1531 2249 ﬂectendo
1556 2192 1851 2260 decantet,

186 2286 283 2335 aut
317 2281 378 2336 in
414 2298 542 2337 uno
572 2280 702 2337 loco
728 2297 837 2355 per
863 2282 1136 2337 ordinem
1166 2281 1400 2354 psallat.

698 2369 856 2436 Quid
901 2385 1013 2439 pro
1044 2386 1162 2425 uno
1191 2385 1353 2426 anno

246 2457 585 2513 CCCCXLI.
631 2458 977 2526 (Buncnxnn.
1004 2456 1107 2512 lib.
1139 2474 1260 2525 x1x,
1293 2473 1344 2513 c.
1377 2458 1493 2529 20.)
1545 2458 1654 2523 Qui
1710 2474 1854 2514 vero

175 2545 469 2617 psalmos
503 2561 622 2601 non
663 2546 850 2615 novit,
890 2550 947 2601 et
991 2546 1266 2617 jejunare
1310 2562 1432 2602 non
1488 2549 1703 2621 potest,
1742 2563 1853 2620 pro

174 2651 297 2690 uno
326 2650 512 2690 anno
540 2635 705 2708 quod
728 2635 1004 2706 jejunare
1036 2635 1214 2691 debet
1242 2636 1300 2691 in
1344 2651 1502 2709 pane
1557 2640 1615 2691 et
1668 2652 1848 2709 aqua,

171 2725 269 2780 det
295 2725 362 2780 in
394 2723 792 2797 eleemosyna
821 2724 1027 2794 viginti
1060 2741 1162 2780 sex
1216 2724 1463 2795 solidos,
1494 2729 1551 2782 et
1578 2726 1639 2781 in
1697 2742 1848 2783 una-

170 2830 425 2888 quaque
453 2812 849 2869 hebdomada
877 2814 1033 2869 diem
1059 2830 1247 2870 unum
1272 2815 1503 2886 jejunet
1532 2831 1722 2887 usque
1772 2816 1848 2872 ad

1962 1674 2115 1730 fecit.
2144 1674 2238 1730 Ait
2266 1674 2427 1731 enim
2486 1674 2565 1730 ad
2612 1674 2976 1730 Dominum:
3033 1674 3304 1743 Domine,
3363 1673 3626 1728 omnium

1964 1764 2249 1820 bonorum
2276 1779 2538 1819 meorum
2569 1764 2884 1820 dimidium
2916 1762 2992 1817 do
3008 1761 3380 1831 pauperibus
3408 1776 3432 1816 .·
3480 1767 3533 1815 et
3579 1762 3631 1816 si

1961 1854 2196 1924 aliquid
2235 1855 2459 1921 iniuste
2513 1854 2754 1913 abstuli.
2808 1854 2868 1908 in
2924 1852 3334 1929 quadruplum
3381 1851 3629 1906 restituo

1964 1945 2131 2011 (Luc.
2158 1947 2300 2009 xix).
2338 1945 2403 1998 Et
2432 1942 2507 1998 de
2528 1942 2845 2015 mancipiis
2875 1940 2998 1996 suis
3025 1939 3262 2013 aliquos
3318 1939 3624 1995 dimittant

1960 2031 2201 2099 liberos,
2233 2037 2289 2087 et
2318 2031 2588 2103 captivos
2616 2030 2937 2096 redimant,
2972 2032 3027 2085 et
3054 2028 3114 2083 in
3138 2044 3200 2084 se
3228 2027 3624 2101 peccantibus

1961 2137 2034 2176 ex
2064 2120 2243 2175 corde
2268 2119 2587 2175 dimittant.
2622 2122 2688 2175 Et
2714 2119 2819 2191 qui
2846 2116 3047 2173 illicita
3074 2117 3399 2183 commisit,
3449 2116 3631 2170 etiam

1963 2226 2000 2265 a
2034 2208 2206 2265 licitis
2233 2223 2295 2263 se
2324 2207 2641 2276 abstineat,
2664 2211 2723 2263 et
2747 2221 2968 2278 corpus
2996 2203 3225 2276 adligat
3248 2204 3513 2276 jejuniis,
3545 2203 3633 2258 vi-

1963 2297 2114 2367 giliis
2144 2300 2201 2352 et
2229 2295 2453 2351 crebris
2482 2295 2880 2351 orationibus.
2915 2297 3065 2351 Caro
3113 2293 3272 2349 enim
3326 2292 3462 2347 laeta
3519 2306 3633 2347 nos

1962 2386 2040 2442 ad
2072 2384 2314 2458 culpam
2340 2384 2535 2451 traxit,
2568 2383 2768 2439 aﬂlcta
2790 2381 3021 2438 reducit
3047 2382 3127 2438 ad
3151 2381 3416 2437 veniam.

1963 2493 2263 2561 Quomodo
2282 2506 2519 2562 possum
2573 2491 2988 2560 pcenitentiam
3043 2495 3263 2560 septem
3320 2503 3623 2562 annorum

2026 2561 2335 2635 paenitere.
2383 2563 2483 2619 Ea:
2510 2563 2685 2617 dictis
2715 2564 2913 2617 sancti
2937 2562 3251 2631 Boni/acii
3278 2561 3556 2630 episcopi.

2030 2653 2379 2711 CCCCXLVI.
2411 2651 2714 2708 Triduana
2741 2666 2865 2707 una
2887 2665 2999 2723 pro
3026 2649 3275 2721 triginta
3332 2648 3545 2704 diebus
3575 2663 3637 2719 et

1958 2743 2215 2801 cantatio
2244 2741 2621 2816 psalmorum
2648 2744 2888 2795 centum
2920 2739 3151 2810 viginti.
3185 2742 3295 2794 Pro
3347 2753 3471 2793 uno
3531 2737 3628 2793 die

1958 2831 2171 2906 psalmi
2204 2830 2650 2904 quinquaginta
2676 2834 2734 2885 et
2762 2829 3031 2903 quinque
3056 2829 3243 2884 Pater
3266 2838 3483 2883 noster.
3517 2828 3627 2881 Pro

174 2919 430 2993 ροηιιιη,
459 2904 525 2958 id
551 2908 663 2973 θεῖν
696 2902 903 2959 feriam
934 2908 1233 2976 quartam:
1258 2909 1314 2959 θῑ
1362 2904 1569 2973 alium,
1631 2905 1690 2960 id
1740 2910 1847 2975 θεῖν
1887 2924 1928 2977 C
1960 2902 2147 2980 tribus
2171 2902 2391 2977 diebus
2410 2919 2759 2993 psalterium
2787 2934 3003 2988 unum,
3031 2923 3090 2973 et
3112 2917 3459 2990 quindecim
3506 2918 3627 2973 Pa-

173 2992 382 3050 leriam
411 2998 678 3063 sextam,
711 3009 903 3066 usque
933 2993 1007 3048 ad
1032 3008 1368 3066 vesperam.
1402 2997 1465 3050 Et
1488 2994 1549 3049 in
1568 2999 1684 3050 tres
1704 3010 1851 3067 qua-

170 3081 566 3161 dragesimus
590 3086 887 3153 quantum
919 3081 1099 3137 sumit
1128 3087 1357 3155 penset,
1390 3086 1447 3139 et
1470 3082 1846 3139 medietatem

167 3170 393 3226 tribuat
423 3170 493 3225 in
522 3169 926 3243 eleemosyna.

450 3275 645 3349 380
693 3277 838 3334 Item
884 3278 958 3333 de
973 3280 1168 3349 pretio
1194 3280 1371 3334 unius
1401 3279 1568 3335 anni.

231 3385 594 3441 CCCCXLII.
624 3384 820 3439 Primo
849 3399 1012 3440 anno
1035 3385 1288 3457 quidam
1319 3384 1718 3457 permiserunt
1746 3383 1846 3440 tri-

160 3472 403 3530 duanas
427 3478 730 3546 quatuor,
756 3474 852 3529 alii
876 3474 1196 3531 duodecim
1235 3474 1568 3546 triduanas,
1623 3474 1684 3529 id
1738 3477 1844 3541 est,

160 3563 344 3619 semel
376 3565 441 3620 in
487 3578 710 3619 mense
743 3580 883 3620 uno.
921 3564 1179 3630 Quidam
1203 3564 1484 3620 dixerunt
1538 3564 1848 3620 triduanas

159 3666 336 3721 agere
365 3652 432 3708 in
466 3650 838 3708 verberibus
869 3657 926 3708 et
963 3652 1178 3722 vigiliis
1204 3652 1535 3709 insistendo
1558 3651 1845 3708 triduum.

574 3759 660 3814 De
688 3758 1090 3828 redemptione
1120 3760 1297 3813 unius
1323 3759 1461 3815 diei.

221 3865 608 3923 CCCCXLIII.
648 3864 903 3921 Pretium
952 3869 1154 3921 autem
1215 3865 1392 3920 unius
1451 3864 1587 3931 diei,
1642 3863 1703 3919 id
1761 3868 1853 3919 est

155 3968 395 4027 agapen
429 3955 717 4011 duorum
739 3955 829 4010 vel
858 3955 1037 4010 trium
1078 3968 1438 4026 pauperum,
1492 3955 1611 4010 sive
1657 3969 1850 4009 unum

156 4041 513 4101 denarium.
572 4042 687 4099 Alii
741 4047 930 4099 totum
989 4042 1341 4116 psalterium
1396 4044 1458 4099 in
1511 4047 1733 4111 aestate,
1788 4043 1849 4098 in

155 4133 353 4190 hieme
385 4151 548 4190 vero
583 4137 645 4190 et
670 4132 731 4187 in
761 4148 947 4188 verno
972 4132 1065 4188 vel
1114 4132 1174 4188 in
1225 4137 1518 4191 autumno
1578 4133 1848 4207 psalmos

156 4222 650 4297 quinquaginta.
745 4222 999 4288 Quidam
1045 4222 1469 4293 judicaverunt
1526 4223 1848 4280 duodecim

157 4314 373 4384 plagas
398 4314 504 4370 vel
530 4312 987 4389 percussiones.

473 4422 643 4479 Item
672 4420 746 4476 de
770 4420 1171 4491 redemptione
1200 4422 1377 4477 unius
1406 4421 1542 4477 diei.

225 4528 617 4587 CCCCXLIV.
652 4525 763 4590 Qui
785 4525 985 4598 itaque
1013 4526 1128 4582 hoc
1156 4526 1324 4598 quod
1353 4526 1415 4583 in
1444 4527 1848 4584 Pmnitentiale

140 4616 457 4690 scriptum
492 4620 599 4672 est
623 4613 872 4687 implere
915 4616 1192 4687 potuerit,
1249 4620 1390 4686 agat
1436 4618 1558 4673 Deo
1606 4616 1847 4686 gratias.

1960 3018 2052 3069 ter
2078 3016 2295 3067 noster.
2327 3014 2470 3066 ltem
2501 3024 2611 3081 pro
2638 3023 2761 3063 uno
2788 3006 2884 3062 die
2920 3006 3112 3063 tribus
3170 3005 3405 3061 vicibus
3452 3006 3631 3061 Beati

1958 3102 2355 3172 immaculati,
2387 3104 2443 3155 et
2472 3115 2575 3154 sex
2598 3100 2881 3155 Miserere
2908 3098 3043 3167 mei,
3086 3098 3263 3168 Deus,
3296 3100 3351 3152 et
3380 3098 3625 3168 septua-

1960 3191 2123 3261 ginta
2146 3191 2302 3247 vices
2331 3193 2671 3262 prosternat
2699 3203 2763 3243 se
2788 3188 2849 3243 in
2881 3191 3123 3254 terram,
3143 3191 3199 3242 et
3218 3186 3327 3260 per
3354 3183 3623 3254 singulas

1958 3283 2144 3338 Pater
2172 3286 2372 3336 noster
2396 3278 2574 3335 dicat.
2638 3282 2781 3334 ltem
2829 3278 2877 3332 si
2933 3276 3122 3333 nescit
3161 3275 3452 3349 psalmos,
3512 3288 3623 3346 pro

1958 3388 2080 3427 uno
2111 3371 2205 3426 die
2235 3372 2573 3443 prosternat
2598 3384 2660 3422 se
2692 3372 2929 3423 centum
2976 3365 3210 3421 vicibus
3252 3365 3316 3420 in
3374 3369 3615 3433 terram,

1956 3464 2014 3516 et
2041 3474 2148 3532 per
2179 3456 2448 3526 singulas
2480 3456 2638 3511 dicat
2665 3456 2946 3511 Miserere
2974 3454 3109 3519 mei,
3135 3455 3310 3519 Deus,
3335 3454 3392 3506 et
3447 3468 3461 3506 :
3515 3451 3621 3505 Di-

1955 3549 2141 3614 mitte,
2171 3546 2438 3613 Domine,
2465 3548 2717 3612 peecata
2739 3557 2888 3597 mea.
2918 3539 3187 3597 Cantatio
3217 3538 3396 3594 unius
3424 3538 3620 3592 missae

1957 3639 2153 3708 potest
2173 3633 2465 3690 redimere
2496 3630 2820 3686 duodecim
2878 3629 3057 3695 dies;
3119 3627 3333 3682 decem
3394 3625 3620 3696 missae,

1957 3727 2217 3797 quatuor
2242 3736 2479 3777 menses
2510 3738 2524 3787 ;
2556 3717 2762 3789 viginti
2792 3717 3012 3787 missae,
3081 3729 3301 3770 novem
3332 3727 3570 3769 menses
3605 3732 3618 3782 ;

1957 3812 2197 3883 triginta
2227 3810 2442 3875 missm,
2478 3806 2802 3863 duodecim
2831 3807 3006 3878 382
3042 3820 3308 3861 menses.
3332 3806 3441 3859 Pro
3466 3802 3618 3858 heb-

1957 3900 2224 3959 domada
2250 3916 2371 3956 una
2393 3898 2635 3955 trecenti
2667 3896 2887 3970 psalmi
2912 3912 3072 3968 genu
3102 3894 3257 3951 ﬂexo
3300 3893 3621 3950 decanten-

1959 3998 2072 4050 tur.
2106 3990 2216 4057 Qui
2240 3988 2512 4063 psalmos
2557 3986 2764 4057 nescit,
2816 3990 2872 4042 et
2908 3987 3186 4058 jejunare
3234 3999 3359 4040 non
3397 3985 3616 4053 potest,

1957 4084 2254 4156 quantum
2306 4078 2572 4151 quotidie
2626 4076 2807 4133 sumit
2850 4079 3079 4149 penset,
3130 4078 3188 4131 et
3236 4072 3616 4131 medietatem

1958 4171 2179 4228 tribuat
2204 4169 2267 4225 in
2320 4167 2724 4241 eleemosyna.

1883 4274 1929 4328 ι)
2030 4263 2176 4316 Ecce
2206 4258 2581 4313 diversorum
2607 4259 2847 4313 Patrum
2872 4255 3137 4312 diversas
3163 4251 3480 4325 opiniones
3540 4250 3615 4305 de

1955 4346 2235 4405 remediis
2255 4350 2639 4419 peccatorum
2672 4344 2765 4400 vel
2793 4345 2867 4400 de
2894 4341 3215 4413 leviganda
3269 4337 3618 4412 pmnitentia

1956 4421 2020 4494 in
2040 4435 2249 4493 ordine
2274 4435 2612 4508 posuimus,
2646 4434 2707 4490 in
2733 4432 2976 4489 arbitrio
3002 4428 3314 4503 prudentis
3344 4425 3617 4481 sacerdo-

1960 4526 2031 4582 tis
2086 4523 2485 4597 relinquentes
2527 4521 2669 4596 quid
2705 4519 3009 4576 salubrius
3036 4521 3094 4573 et
3141 4514 3340 4571 utilius
3396 4512 3614 4568 animas

1959 4612 2271 4689 paenitenti
2298 4628 2425 4670 esse
2456 4611 2756 4668 decernat.

1375 4892 1551 4964 383
1591 4901 2102 4990 APPENDIX
2176 4899 2491 5035 PRIMA

1675 5076 2108 5091 ~—

154 5201 580 5276 m-385
616 5199 1324 5361 INCIPITREIIEHXTUS
1365 5202 1850 5274 CAPITULO-

154 5399 238 5455 De'
261 5396 790 5469 pseudographis
810 5403 865 5469 et
885 5397 1080 5453 dubiis
1096 5398 1568 5454 narrationibus.
1586 5398 1682 5455 Ex
1701 5397 1854 5454 libro

759 5483 777 5522 ι
825 5468 1296 5539 Capitutarium.

1959 5202 2160 5259 dubiae
2188 5201 2582 5268 narrationes,
2617 5199 2710 5256 vel
2738 5215 2875 5272 quae
2906 5197 3156 5255 omnino
3196 5199 3406 5253 contra
3432 5193 3618 5250 ﬁdem

1965 5291 2144 5362 386
2168 5289 2525 5346 catholicam
2552 5292 2709 5360 sunt,
2737 5293 2802 5345 ut
2838 5288 3089 5361 epistola
3117 5285 3384 5361 pessima
3421 5287 3479 5339 et
3506 5282 3616 5338 fal-

1963 5378 2199 5435 sissima
2219 5392 2407 5450 quam
2428 5377 2636 5434 dicunt
2663 5377 2722 5433 in
2752 5377 3123 5435 Hierusalem
3153 5375 3227 5432 de
3282 5373 3433 5430 caelo
3464 5370 3614 5426 ceci-

1962 5466 2140 5535 disse,
2158 5483 2268 5523 nec
2290 5466 2626 5536 credantur,
2650 5483 2760 5524 nec
2781 5467 3077 5539 legantur,
3107 5464 3214 5522 sed
3247 5461 3613 5519 comburan-

224 5563 270 5617 Ι.
300 5560 465 5633 (Lib.
505 5575 529 5614 ι
576 5555 988 5630 Capitutar.,2
1012 5574 1064 5613 c.
1091 5559 1207 5631 78.)
1254 5558 1757 5632 Pseudographiaa
1800 5562 1857 5614 et
1963 5561 2077 5613 tur.
2114 5580 2119 5585 -
