3980 6182
357 176 451 226 371

432 299 516 352 De
546 296 745 351 linteis
788 294 1085 351 altaribus
1102 292 1571 361 praeparandis.
1596 291 1698 347 Ea:
1725 288 1945 346 eodem.

434 385 499 439 II.
523 382 672 451 (Lib.
698 400 719 438 1
746 384 968 453 Capit,
998 397 1050 437 c.
1087 385 1219 447 152;
1256 383 1574 436 Bimcmuin.
1595 378 1698 435 lib.
1720 395 1781 445 11,
1801 393 1852 434 c.
1875 381 1895 432 l
1920 376 2016 446 35.)

371 476 440 529 Ut
469 472 798 545 presbyteri
828 486 935 544 per
961 470 1301 544 parmchias
1330 485 1471 525 suas
1524 469 1759 526 feminis
1809 466 2020 540 priedi-

363 566 499 618 cent
509 566 571 618 ut
580 560 925 617 linteamina
937 560 1016 618 ad
1031 558 1243 616 altaria
1250 557 1650 631 cooperienda
1662 560 2017 631 praeparent.

364 657 446 709 De
497 653 589 707 bis
628 652 735 722 qui
772 656 1173 721 proponentes
1212 651 1515 720 fornicari
1566 654 1867 705 vetantur.
1923 647 2023 703 Ex

811 722 1065 779 concilio
1094 722 1578 778 Neocaesariensi.

434 812 522 869 lll.
553 812 783 870 Concil.
829 812 1114 877 Neccces.,
1172 826 1224 866 c.
1278 810 1357 882 4.)
1408 810 1465 867 Si
1529 809 1665 881 quis
1712 808 2023 866 mulierem

363 901 802 973 concupiscens
832 898 1212 971 proposuerit
1238 914 1379 955 cum
1407 914 1479 954 ea
1523 896 1942 965 concumbere,
1968 899 2025 952 et

366 988 648 1058 cogitatio
672 988 801 1059 ejus
828 1003 952 1043 non
978 987 1247 1060 pervenit
1289 987 1368 1042 ad
1420 986 1719 1057 eii'ectum,
1776 988 2027 1058 apparet

368 1076 537 1149 quod
568 1075 756 1147 gratia
784 1075 883 1133 Dei
914 1075 1199 1132 liberatus
1223 1074 1313 1130 sit.

302 1223 307 1228 ,
374 1164 621 1218 Laicum
645 1163 964 1231 pellentem
1020 1178 1189 1219 suam
1253 1166 1565 1234 conjugem
1619 1162 2029 1218 communione

570 1234 965 1301 privandum.
1000 1237 1085 1290 Ex
1113 1235 1365 1290 concilio
1403 1235 1829 1305 apostolorum.

444 1323 526 1376 IV.
550 1320 698 1376 Can.
725 1326 914 1391 apost.
944 1336 994 1377 c.
1021 1321 1133 1392 48.)
1161 1321 1217 1378 Si
1242 1321 1378 1395 quis
1403 1321 1590 1378 laicus
1611 1336 1861 1376 uxorem
1890 1335 2028 1393 pro-

372 1409 565 1479 priam
594 1407 845 1480 pellens,
871 1407 1119 1465 alteram
1149 1407 1243 1467 vel
1268 1408 1346 1465 ab
1367 1409 1484 1465 alio
1505 1408 1817 1464 dimissam
1840 1407 2029 1469 duxe-

373 1498 465 1564 rit,
499 1497 927 1553 communione
958 1498 1243 1570 privetur.

1484 163 1859 221 REGINONIS
1899 157 2311 215 PRUMIENSIS
2350 144 2646 219 ΑιιΒᾹτιε

3678 168 3780 221 372

2055 286 2100 338 Α
2136 284 2212 340 De
2229 287 2413 342 servis
2443 289 2549 358 qui
2571 288 2653 344 ad
2681 289 2989 345 ecclesiam
3018 287 3401 357 confugiunt.
3435 285 3535 342 Ea:
3589 290 3782 345 conci-

2700 360 2782 417 lio
2805 358 3251 416 Aurelianensi.

2200 446 2342 504 XIV.
2378 450 2630 515 (Concil.
2658 450 2975 508 Aurelian.
3010 466 3051 517 1,
3073 466 3125 505 c.
3173 453 3205 505 3
3241 467 3255 515 ;
3310 451 3635 505 Buncusan.
3683 449 3785 507 lib.

2131 547 2208 601 ιιι,
2237 548 2291 587 c.
2330 532 2474 604 192.)
2502 535 2742 603 Servus,
2770 534 2876 608 qui
2905 534 2985 592 ad
3012 533 3327 591 ecclesiam
3364 549 3476 607 pro
3520 534 3790 608 qualibet

2128 620 2307 694 culpa
2330 622 2546 692 [Codex
2563 640 2696 694 ms.,
2727 625 2938 695 causa]
2962 622 3315 694 confugerit,
3345 622 3395 679 si
3445 638 3484 679 a
3539 624 3789 680 domino

2130 724 2240 781 pro
2270 709 2539 769 admissa
2566 712 2747 785 culpa
2787 716 3231 770 sacramentum
3280 712 3631 785 susceperit,
3680 716 3791 769 sta-

2132 798 2236 854 tim
2267 799 2343 855 ad
2374 801 2677 859 servitium
2705 801 2937 860 domini
2963 801 3053 859 sui
3079 800 3273 860 redire
3311 805 3582 871 cogatur.
3628 804 3700 858 Et
3747 802 3789 857 si

2131 893 2526 962 posteaquam
2576 891 2720 949 dato
2746 895 3129 949 sacramento
3160 891 3412 948 domino
3456 907 3570 949 suo
3618 890 3790 947 fuerit

2133 978 2543 1048 consignatus,
2570 980 2620 1037 si
2648 981 2916 1054 aliquam
2944 997 3192 1055 pmnam
3217 995 3329 1053 pro
3352 980 3571 1038 eadem
3615 980 3795 1053 culpa

2132 1067 2459 1140 pertulerit,
2490 1086 2601 1143 pro
2626 1075 2975 1144 contemptu
3029 1069 3305 1127 Ecclesia
3348 1074 3406 1127 et
3457 1070 3797 1144 pravarica-

2136 1157 2293 1214 tione
2322 1158 2461 1215 ﬁdei
2496 1159 2780 1218 dominus
2816 1178 2854 1217 a
2897 1160 3323 1217 communione
3362 1160 3795 1218 catholicorum

2136 1246 2430 1303 habeatur
2458 1254 2796 1308 extraneus.

2138 1337 2224 1393 De
2269 1338 2607 1396 nominibus
2660 1341 2984 1469 recitlandis
3144 1341 3341 1396 missa.
3396 1340 3497 1396 Ea:
3547 1340 3799 1410 epistola

2819 1427 3047 1469 nnccen
3080 1428 3143 1468 ιι.

2819 1427 3143 1469 nnccenm.

2210 1499 2324 1553 XV.
2356 1500 2626 1569 (Decreta
2660 1504 2845 1557 lnaoc.
2876 1518 2918 1569 1,
2950 1517 3001 1557 c.
3028 1504 3106 1565 2.)
3140 1501 3220 1555 De
3268 1499 3617 1556 nominibus
3664 1498 3804 1556 reci-

373 1588 459 1641 De
486 1585 576 1641 his
606 1587 715 1687 qui;
726 1588 891 1670 velut
911 1592 1227 1687 pegcatum
1258 1587 1535 1687 copulam
1566 1586 1846 1670 deserunt
1875 1601 2030 1656 nup-
2062 1633 2104 1687 Β
2143 1586 2340 1644 tandis
2365 1588 2481 1645 hoc
2510 1588 2881 1661 observetur,
2919 1594 2983 1647 ut
3013 1589 3179 1663 prius
3197 1588 3531 1646 oblationes
3557 1588 3805 1645 otieren-

693 1658 936 1712 tiaram.
971 1660 1063 1714 Ea:
1091 1659 1343 1714 concilio
1371 1659 1726 1727 Gangrensi.

448 1746 508 1800 V.
542 1744 745 1814 (Ccnc.
780 1746 1067 1817 Grangr.,
1091 1746 1275 1816 c.14.)
1310 1745 1367 1802 Si
1393 1761 1516 1818 qua
1566 1745 1781 1802 mulier
1834 1745 2031 1801 virum

377 1831 688 1905 proprium
717 1832 1085 1905 relinquens,
1118 1834 1423 1890 discedsrc
1467 1833 1734 1903 voluerit,
1793 1834 2033 1906 nuptias

377 1925 700 1991 exsecrata,
732 1923 1056 1979 anathema
1083 1923 1175 1978 sit.
1918 1918 1947 1939 ⁸

382 2012 467 2065 De
493 2012 845 2067 mulieribus
874 2025 1010 2082 qua!
1038 2017 1297 2140 ιέέἑιηιιέιν
1348 2012 1623 2069 virilibus
1648 2013 2030 2068 indumentis.

1170 2098 1234 2140 eo
1277 2098 1387 2139 em.

1170 2098 1367 2140 eoaem
1375 2127 1387 2139 .

453 2173 538 2225 Vl.
575 2172 778 2243 (Conc.
810 2172 1029 2243 Gang.,
1062 2188 1114 2229 c.
1152 2173 1265 2245 15.)
1294 2173 1351 2228 Si
1376 2188 1501 2245 qua
1526 2173 1742 2229 mulier
1784 2189 1896 2247 pro
1949 2189 2038 2229 so-

378 2260 481 2316 lito
510 2260 789 2317 muliebri
816 2261 1041 2318 amictu
1063 2262 1236 2333 387
1267 2261 1500 2318 virilem
1540 2262 1739 2331 sumit,
1798 2262 2041 2319 anathe-

378 2364 483 2407 ma
512 2349 605 2407 sit.

382 2440 469 2495 De
497 2439 589 2495 his
617 2440 723 2509 qui
750 2438 1225 2496 Christianitatis
1294 2439 1535 2497 obtentu
1591 2442 1922 2511 despiciunt
1976 2442 2043 2510 ﬁ-

954 2512 1081 2567 lios.
1114 2513 1207 2569 Ex
1248 2512 1468 2569 eodem.

458 2598 568 2655 vu.
599 2568 805 2669 (Coac.
839 2599 1093 2671 Gangr.,
1116 2568 1168 2657 ο.
1206 2601 1312 2672 15.)
1342 2600 1402 2658 Si
1428 2600 1565 2673 quis
1591 2600 1747 2659 ﬁlios
1779 2618 1922 2658 suos
1950 2617 2042 2657 re-

384 2687 683 2760 linquens,
718 2704 839 2746 non
877 2705 980 2745 eos
1009 2688 1247 2758 enutrit,
1277 2689 1384 2747 sed
1413 2706 1517 2746 eos
1571 2689 1817 2761 uegligit
1868 2706 2043 2747 occa-

387 2778 553 2833 sione
584 2778 979 2850 continentise,
1011 2779 1564 2837 anathematizetur.

454 2869 542 2923 De
569 2868 660 2924 his
687 2869 794 2939 qui
820 2868 1128 2925 Dominico
1156 2868 1254 2924 die
1269 2870 1582 2939 jejunant.
1624 2870 1724 2927 Ex
1752 2869 1974 2926 eodem.

458 2956 598 3013 VIII.
628 2957 835 3028 (Cone.
886 2958 1141 3028 Gangr.,
1168 2973 1220 3012 c.
1258 2961 1366 3024 l8;
1410 2960 1728 3014 BURCHARD.
1778 2956 1883 3014 lib.
1937 2974 2045 3027 xu,
2078 2982 2120 3037 ρ

389 3060 442 3100 c.
481 3046 590 3116 I9.)
618 3045 674 3102 Si
702 3045 837 3118 quis
869 3049 1113 3120 propter
1143 3045 1574 3103 continentiam
1604 3046 1663 3102 in
1710 3045 1808 3104 die
1859 3047 2052 3105 Domi-

392 3132 528 3189 nico
552 3133 807 3204 jejunat,
836 3134 1160 3192 anathema
1186 3135 1280 3191 sit.

394 3242 480 3296 De
505 3241 598 3297 his
627 3243 734 3313 qui
757 3242 1187 3370 abomirtiantiér
1211 3243 1442 3370 eos
1467 3243 1752 3299 carnibus
1811 3259 2051 3301 vescun-

988 3329 1081 3369 ur.
1168 3330 1213 3369 ,τ
1239 3329 1271 3370 e
1445 3355 1457 3369 .

1031 3329 1081 3368 ν.
1113 3329 1213 3369 βά·
1239 3329 1457 3369 eoaem.

961 3329 1081 3370 tur.
1113 3329 1213 3370 um
1239 3329 1457 3370 eoaem.

468 3402 568 3458 IX.
592 3408 786 3474 (Conc.
812 3403 1029 3475 Gang.,
1052 3418 1102 3460 c.
1130 3406 1211 3472 2.)
1235 3402 1289 3460 Si
1322 3401 1458 3475 quis
1485 3417 1728 3459 carnem
1749 3402 2048 3477 edentem,

393 3494 610 3564 praeter
650 3490 1008 3563 sanguinem
1054 3491 1138 3564 (id
1183 3496 1277 3548 est
1332 3489 1567 3565 absque
1619 3492 1955 3566 sanguine),
1995 3497 2053 3550 et

393 3580 568 3636 idolis
596 3579 998 3650 immolatum,
1044 3586 1102 3638 et
1144 3579 1524 3644 suﬂ‘ocatum,
1575 3597 1714 3639 cum
1766 3581 2052 3655 religione

395 3670 451 3721 et
464 3664 582 3723 ﬁde
608 3667 998 3738 condemnat,
1033 3670 1360 3730 anathema
1389 3669 1482 3726 sit.

393 3754 529 3810 Non
559 3754 768 3815 debere
796 3758 860 3814 in
904 3758 1110 3815 diebus
1134 3759 1515 3830 jejuniorum
1554 3761 2052 3830 commemoratio-

500 3841 602 3882 nes
626 3834 966 3901 martyrum
985 3828 1261 3899 Ex
1286 3830 1543 3886 concilio
1570 3828 1943 3885 Laodicensi.

471 3915 545 3969 X.
578 3918 827 3988 (Concil.
855 3921 1125 3992 Laodic.,
1160 3938 1210 3983 c,
1245 3923 1303 3974 51
1347 3937 1360 3986 ;
1389 3919 1716 3975 Βυιιαιιηιι.
1768 3918 1872 3976 lib.
1929 3936 2053 3989 χιιι,

398 4020 449 4058 c.
483 4006 588 4075 10.)
614 4005 787 4071 Quod
813 4022 933 4062 non
965 4011 1235 4083 oporteat
1255 4009 1316 4063 in
1331 4007 1808 4078 Quadragesima
1829 4011 2055 4082 marty-

399 4107 534 4148 rum
564 4094 828 4152 natalitia
858 4094 1164 4167 celebrari,
1214 4096 1320 4153 sed
1366 4111 1578 4153 eorum
1626 4100 1839 4153 sancta
1888 4112 2054 4154 com-

402 4182 755 4237 memoratio
784 4182 997 4239 diebus
1047 4183 1445 4241 Sabbatorum
1501 4189 1557 4240 et
1610 4183 2055 4243 Dominicorum

400 4269 530 4325 ﬁeri
551 4271 885 4327 conveniat.

404 4358 575 4426 Quod
601 4375 842 4417 manere
862 4361 1025 4419 debet
1051 4363 1294 4433 ﬁrmum
1321 4364 1373 4418 si
1408 4363 1569 4420 servi
1609 4364 1745 4433 ﬁsci
1781 4362 2055 4423 ecclesias

709 4433 986 4503 fecerint.
1022 4433 1123 4490 Ex
1152 4434 1404 4490 concilio
1438 4436 1739 4491 Toletano.

473 4519 573 4574 XI.
604 4519 857 4578 (Concil.
900 4522 1084 4579 Tolet.
1117 4539 1195 4591 ιιι,
1229 4539 1278 4578 c.
1329 4522 1432 4595 15.)
1485 4521 1542 4580 Si
1600 4522 1705 4597 qui
1752 4538 1826 4580 ex
1877 4523 2059 4580 servis

398 4608 706 4666 ﬂscalibus
728 4609 982 4668 fortasse
1008 4612 1286 4670 ecclesias
1312 4610 1768 4681 construxeriut,
1833 4628 2059 4687 easque

400 4699 475 4755 de
502 4716 611 4756 sua
639 4705 990 4774 paupertate
1018 4701 1353 4771 ditaverint,
1412 4702 1527 4757 hoc
1578 4705 1858 4774 procuret
1909 4702 2062 4775 epis-

400 4804 588 4861 copus
612 4806 788 4863 prece
810 4791 1110 4863 mena
1139 4791 1485 4851 auctoritate
1506 4790 1671 4861 regia
1689 4790 2056 4849 conﬁrmari.

407 4880 478 4935 Ut
512 4882 675 4936 omni
700 4881 797 4937 die
850 4882 1247 4963 energumeni
1282 4881 1715 4963 exorcizentur.
1767 4880 1868 4936 Ex
1922 4895 2057 4937 con-

901 4952 1040 5009 cilio
1072 4952 1555 5023 Carthaginensi.

474 5040 599 5095 XIl.
633 5042 880 5112 (Concil.
915 5042 1208 5113 Carthag.
1260 5058 1340 5109 1v,
1365 5057 1416 5096 c.
1445 5044 1514 5097 9O
1547 5058 1560 5109 ;
1591 5042 1917 5097 Buncnmn.
1948 5039 2053 5096 lib.

405 5143 464 5195 ιι,
488 5146 540 5183 c.
564 5132 713 5199 223.)
730 5131 903 5186 Omni
925 5131 1020 5188 die
1040 5131 1346 5187 exorcistse
1361 5129 1781 5199 energumenis
1801 5143 2054 5185 manum

401 5216 734 5290 imponant.

605 5306 691 5363 De
720 5308 879 5363 victu
918 5323 1470 5379 energumenorum.
1500 5306 1600 5363 Ex
1628 5305 1848 5363 eodem.

474 5411 621 5470 Xlll.
649 5413 900 5485 (Concil.
938 5413 1319 5486 Carthag.1v,
1351 5431 1402 5470 c.
1435 5418 1504 5471 92
1539 5432 1552 5483 ;
1583 5414 1911 5470 Bracumn.
1942 5411 2047 5469 lib.

400 5519 481 5570 ιιι.
520 5520 572 5560 c.
606 5504 757 5575 213.)
790 5501 1216 5573 Energumenis
1243 5501 1305 5559 in
1334 5502 1520 5559 domo
1546 5501 1646 5559 Dei
1703 5500 2050 5560 sedentibus

396 5595 587 5652 victus
617 5591 1005 5666 quotidianus
1032 5606 1140 5664 per
1168 5590 1491 5647 exorcistas
1514 5590 1897 5647 ministretur.

2142 1675 2289 1732 tium
2319 1678 2836 1745 commendentur,
2883 1683 2941 1735 et
2970 1683 3110 1735 tunc
3138 1693 3349 1734 eorum
3366 1677 3640 1746 nomina,
3660 1693 3807 1750 quo-

2144 1780 2280 1821 rum
2305 1765 2639 1824 oblationes
2668 1772 2824 1835 sunt,
2857 1768 3009 1825 inter
3029 1783 3199 1824 sacra
3255 1767 3581 1825 missarum
3639 1782 3804 1839 mys-

2144 1854 2290 1912 teria
2319 1856 2725 1914 nominentur.

2148 1943 2327 2015 389
2351 1946 2517 2005 Quod
2537 1946 2653 2002 rite
2681 1947 2843 2002 omni
2857 1944 3445 2017 sabbatojejunetur.
3462 1946 3804 2002 Excudent.

2221 2032 2365 2088 XVI.
2398 2034 2670 2105 (Decreta
2703 2040 2885 2093 Ixsoc.
2936 2051 2975 2108 1,
3001 2052 3055 2093 c.
3084 2037 3163 2108 li.)
3196 2035 3462 2093 Sabbato
3487 2051 3633 2093 vero
3657 2036 3809 2105 jeju-

2149 2120 2421 2177 nandum
2446 2138 2575 2180 esse
2597 2122 2748 2180 ratio
2764 2123 3213 2181 evidentissima
3231 2124 3628 2181 demonstrat.
3662 2126 3809 2180 Nam

2151 2210 2200 2267 si
2223 2210 2318 2267 die
2345 2211 2655 2271 Dominica
2718 2212 2799 2269 ob
2852 2212 3257 2271 venerabilem
3312 2213 3811 2270 resurrectionem

2154 2299 2386 2355 Homini
2408 2301 2595 2357 nostri
2621 2304 2757 2358 Jesu
2790 2302 2997 2360 Christi
3035 2318 3157 2358 non
3216 2301 3414 2359 solum
3465 2301 3525 2358 in
3586 2302 3813 2359 Pascha

2151 2389 2545 2458 celebramus,
2574 2406 2784 2449 verum
2842 2392 3020 2449 etiam
3070 2407 3178 2466 per
3232 2390 3503 2461 singulos
3558 2390 3814 2447 circulos

2152 2479 2606 2538 hebdomadum
2623 2480 2811 2556 ipsius
2831 2481 2949 2538 diei
2971 2481 3302 2553 imaginem
3330 2480 3814 2553 frequentamus,

2153 2585 2224 2627 ac
2256 2572 2424 2626 sexta
2452 2569 2598 2627 feria
2626 2575 2869 2645 propter
2894 2570 3238 2645 passionem
3286 2570 3521 2628 Domini
3572 2571 3814 2642 jejuna-

2157 2675 2313 2724 mus,
2347 2658 2676 2717 Sabbatum
2702 2659 3150 2734 prietermittere
3179 2674 3303 2716 non
3346 2658 3666 2727 debemus,
3716 2659 3815 2732 qui

2156 2748 2307 2806 inter
2332 2747 2627 2806 tristitiam
2656 2752 2716 2806 et
2738 2749 2999 2807 laetitiam
3034 2748 3319 2821 temporis
3367 2746 3553 2805 illium
3582 2748 3820 2805 videtur

2156 2853 2288 2894 esse
2318 2836 2602 2895 inclusus.
2634 2841 2782 2895 Nam
2821 2843 3053 2895 constat
3091 2836 3396 2913 apostolos
3452 2836 3645 2894 biduo
3707 2838 3820 2894 isto

2156 2932 2213 2984 et
2240 2927 2301 2982 in
2324 2943 2579 2985 maerore
2608 2927 2809 2999 fuisse,
2835 2932 2893 2985 et
2916 2933 3160 3002 propter
3189 2931 3419 2984 metum
3468 2926 3821 2984 Judeorum

2160 3032 2222 3073 se
2234 3015 2587 3075 occultasse.
2613 3018 2987 3090 Quapropter
3008 3016 3160 3075 sicut
3184 3020 3352 3074 sexta
3372 3015 3519 3073 feria
3537 3016 3823 3088 jejunan-

2160 3106 2331 3176 dum,
2347 3105 2430 3163 ita
2452 3110 2511 3163 et
2531 3105 2791 3165 Sabbato
2813 3105 3118 3177 agendum
3152 3110 3242 3163 est
3268 3124 3281 3161 :
3310 3105 3455 3179 quia
3478 3104 3670 3161 ambo
3696 3104 3823 3161 dies

2160 3192 2457 3249 tristitiam
2481 3194 2825 3264 ostendunt,
2860 3194 3011 3250 sicut
3035 3194 3165 3251 dies
3192 3193 3503 3252 Dominica
3528 3192 3823 3250 laetitiam.

2158 3283 2399 3353 Jejunio
2429 3285 2693 3357 legitima
2720 3285 2963 3357 nonnisi
3007 3284 3275 3357 maxima
3304 3284 3653 3341 necessitate
3714 3283 3825 3338 sol-

2662 3356 2871 3411 venda.
2908 3354 3074 3412 Unde
3110 3369 3316 3424 supra.

2232 3442 2402 3499 XVII.
2430 3443 2553 3513 (Ivo
2579 3448 2732 3516 part.
2761 3459 2839 3512 iv,
2867 3459 2920 3500 c.
2953 3447 3066 3509 32.)
3097 3442 3332 3515 Jejunia
3361 3456 3507 3498 sane
3530 3439 3826 3513 legitima,

2162 3530 2223 3587 id
2253 3535 2341 3587 est
2363 3536 2580 3605 quarta
2609 3536 2666 3588 et
2690 3536 2857 3589 sexta
2880 3532 3044 3602 feria,
3070 3547 3194 3587 non
3218 3530 3688 3598 suntsolvenda,
3713 3530 3829 3587 nisi

2162 3635 2274 3693 pro
2298 3619 2512 3690 grandi
2536 3619 2924 3676 necessitate:
2973 3620 3119 3693 quia
3176 3619 3321 3675 feria
3373 3624 3595 3692 quarta
3641 3618 3831 3674 ludas

2159 3709 2239 3766 de
2260 3708 2576 3766 traditione
2606 3709 2838 3766 Domini
2871 3710 3170 3781 cogitavit,
3202 3713 3259 3764 et
3302 3711 3469 3765 sexta
3497 3707 3645 3764 feria
3704 3720 3833 3764 cru-

2164 3798 2374 3857 ciﬁxus
2404 3803 2492 3856 est
2522 3800 2833 3857 Dominus.
2866 3799 3167 3857 Videbitur
3195 3814 3339 3869 ergo
3353 3797 3461 3872 qui
3493 3798 3552 3853 in
3581 3798 3677 3854 his
3711 3797 3830 3853 die-

2165 3889 2281 3949 bus
2306 3905 2429 3965 non
2453 3890 2688 3962 jejunat
2716 3890 2806 3966 vel
2836 3906 2976 3948 cum
2997 3889 3264 3947 tradente
3295 3886 3526 3944 tradere
3560 3885 3829 3944 Salvato-

2164 3996 2316 4051 rem,
2347 3979 2437 4038 vel
2458 3996 2597 4038 cum
2624 3980 3110 4052 cruciﬁgentibus
3135 3977 3502 4050 cruciﬁgere.

2171 4071 2244 4130 Ut
2271 4071 2637 4129 incarcerati
2665 4085 2704 4127 a
2721 4071 3061 4141 pra’positis
3082 4069 3342 4141 ecclesia:
3367 4067 3575 4141 diebus
3633 4066 3836 4141 Domi-

2297 4143 2445 4198 nicis
2472 4139 2804 4198 visitentur.
2834 4139 2932 4197 Ea:
2969 4141 3220 4199 concilio
3246 4139 3696 4196 Aurelianensi.

2241 4232 2437 4287 XVIII.
2452 4227 2702 4304 (Concil.
2727 4229 3041 4286 Aurelian.
3068 4247 3126 4298 v,
3141 4246 3193 4286 c.
3212 4226 3325 4300 20.)
3341 4225 3736 4284 Miserationis
3752 4227 3838 4285 in-

2084 4332 2133 4390 n
2170 4322 2323 4378 tuitu
2353 4336 2596 4393 aequum
2621 4318 2905 4376 duximus
2937 4318 3115 4393 390
3147 4314 3445 4375 custodire
3471 4321 3539 4373 ut
3560 4330 3676 4390 pro
3704 4316 3837 4392 qui-

2170 4408 2527 4487 buscunque
2559 4407 2750 4480 culpis
2777 4408 2839 4464 in
2865 4404 3205 4464 carceribus
3250 4404 3620 4478 deputantur
3646 4404 3761 4471 rei,
3805 4419 3842 4459 a

2170 4497 2494 4571 praeposito
2525 4496 2787 4555 ecclesiae
2813 4496 3028 4554 diebus
3058 4493 3379 4552 Dominicis
3422 4494 3839 4567 requirantur,

2169 4590 2235 4642 ut
2288 4586 2615 4642 necessitas
2689 4586 3029 4644 vinctorum
3074 4582 3408 4640 secundum
3458 4585 3838 4655 praeceptum

2173 4675 2407 4732 Domini
2426 4672 2892 4732 misericorditer
2945 4672 3308 4739 sublevetur,
3366 4674 3424 4729 et
3477 4674 3841 4744 comptus

2167 4764 2358 4820 victus
2379 4764 2454 4820 de
2479 4763 2662 4821 domo
2685 4762 2948 4819 ecclesiae
2976 4761 3288 4818 tribuatur.

2169 4874 2238 4930 Ut
2268 4873 2547 4929 mulieres
2571 4871 2809 4942 publice
2840 4870 3050 4927 docere
3069 4885 3188 4925 non
3206 4871 3601 4942 praesumant,
3641 4881 3843 4939 neque

2630 4942 2952 5012 baptizare.
3022 4942 3118 4996 Ex
3159 4939 3377 4997 eodem.

2239 5050 2396 5106 XIX.
2428 5050 2663 5122 (Concil
2712 5049 2997 5118 Carthag.
3029 5064 3109 5109 1v.
3143 5064 3195 5103 c.
3226 5051 3294 5103 99
3324 5051 3381 5105 et
3442 5046 3541 5101 100
3598 5063 3614 5113 ;
3669 5045 3846 5117 (Bun-

2165 5156 2392 5209 CHARD.,
2423 5138 2525 5195 lib.
2558 5154 2679 5202 VIII,
2710 5154 2761 5194 c.
2796 5140 2909 5203 83,)
2936 5135 3154 5200 Mulier,
3210 5134 3491 5208 quamvis
3534 5132 3724 5191 docta
3786 5140 3846 5191 et

2167 5233 2377 5286 sancta
2393 5229 2485 5295 sit,
2504 5227 2665 5285 viros
2688 5228 2750 5285 in
2774 5230 3073 5286 conventu
3098 5225 3313 5282 docere
3328 5238 3455 5281 non
3473 5229 3839 5297 prosum.

2164 5317 2438 5374 Similiter
2464 5331 2574 5373 nec
2602 5315 2930 5389 baptizare.

2166 5426 2281 5495 Qui
2311 5425 2392 5481 ad
2416 5425 2724 5483 ecclesiam
2766 5422 3147 5495 confugiunt,
3204 5420 3371 5495 tradi
3409 5434 3530 5475 non
3589 5417 3841 5475 debent.

2673 5496 2772 5555 Ea:
2799 5492 2998 5551 eodem
3023 5493 3293 5551 concilio.

2234 5588 2339 5647 ΧΧ.
2378 5586 2612 5644 Concil.
2642 5585 2880 5645 Arelat.
2913 5599 2974 5652 ιι,
3017 5599 3070 5646 c.
3102 5582 3214 5654 30.)
3244 5584 3356 5638 Eos
3384 5578 3489 5653 qui
3519 5577 3602 5637 ad
3635 5578 3844 5639 eccle-
