3980 6182
161 207 247 263 m
924 189 938 215 ⁵
997 201 1086 255 nn
1126 200 1406 257 ECCI.ES.
1449 197 1732 254 DISCIPL.
1778 194 1788 248 l

2001 192 2141 248 DUO
2202 224 2271 233 —-
2314 194 2609 250 APPEND.
2653 195 2694 249 Ι.
3457 200 3561 251 374

166 329 295 385 siam
322 321 690 392 confugerint
718 322 870 378 trahi
922 338 1045 379 non
1097 327 1330 397 Oportet
1358 342 1371 391 ;
1422 321 1527 377 sed
1559 337 1663 378 eos
1688 310 1791 375 dc-
1819 314 1869 369 Α

164 415 287 473 mini
312 412 395 468 sui
424 410 725 484 promissa
750 411 948 480 venia,
982 413 1142 469 exire
1170 412 1591 485 persuadeant.
1617 409 1788 477 Quod

165 506 206 561 si
230 502 300 560 ab
331 498 574 556 ecclesia
615 500 972 556 exeuntibus
1018 502 1254 574 pinnale
1306 498 1535 573 aliquid
1581 498 1789 555 intule-

162 595 279 660 rint,
329 593 389 645 ut
447 587 719 644 Ecclesiae
762 589 1007 660 inimici,
1056 590 1396 647 habeantur
1450 603 1794 646 excommu-

163 679 335 739 nicati.

450 786 538 841 De
565 786 859 841 accusatis
892 786 985 842 vel
1014 785 1480 843 accusatoribus.

222 894 363 949 XXI.
395 894 739 960 (Bracman.
782 890 885 948 lib.
916 908 975 959 ιι,
1023 909 1072 948 c.
1109 892 1252 964 196).
1283 891 1430 947 Illud
1509 894 1794 964 praeterea

158 982 299 1041 omni
357 981 755 1038 ecclesiastico
812 982 1006 1040 ordini
1052 982 1279 1038 omnim
1302 981 1417 1037 >dis
1471 980 1793 1037 observan-

158 1072 283 1129 dum
312 1074 412 1138 est,
450 1074 513 1126 ut
541 1069 883 1127 nullatenus
916 1070 1130 1145 aliquis
1169 1074 1499 1145 praesumat
1549 1069 1611 1125 in
1654 1084 1793 1124 con-

155 1161 270 1219 cilio
319 1160 402 1216 vel
444 1159 721 1234 synodali
767 1165 1066 1217 conventu
1111 1160 1375 1234 aliquem
1425 1160 1789 1216 confratrum

153 1250 508 1308 accusatione
538 1248 801 1323 pulsare,
832 1249 948 1305 nisi
977 1250 1143 1322 prius
1172 1250 1370 1322 ipsum
1397 1248 1792 1306 accusationis

150 1340 354 1397 crimen
384 1342 442 1396 et
468 1337 810 1409 litigationis
852 1355 1066 1395 causas
1112 1339 1317 1395 litteris
1367 1355 1472 1412 per
1518 1337 1791 1395 ordinem

148 1429 635 1502 comprehensum
657 1445 845 1485 manu
868 1428 1113 1502 propria
1130 1428 1566 1502 subscripserit,
1590 1433 1646 1484 et
1666 1428 1787 1503 epi-

145 1534 313 1591 scopo
331 1518 419 1574 vel
451 1534 637 1581 sacra:
668 1518 903 1591 synodo
932 1518 1278 1591 porrexerit,
1311 1522 1377 1573 ut
1394 1519 1553 1590 juste
1597 1521 1654 1574 et
1696 1534 1790 1573 ca-

145 1608 340 1664 nonice
387 1605 751 1677 litigantium
810 1606 1230 1664 controversiae
1286 1605 1590 1664 ﬁniantur.
1660 1608 1784 1663 Non

140 1696 285 1752 enim
336 1696 493 1764 licet,
550 1698 615 1752 ut
670 1695 988 1753 auctoritas
1036 1699 1304 1753 Romana
1353 1699 1621 1763 testatur,
1669 1695 1784 1751 nisi

140 1784 509 1857 inscriptione
538 1784 835 1841 celebrata
859 1802 1028 1841 reum
1058 1801 1430 1860 quemquam
1476 1784 1625 1853 ﬁeri,
1676 1800 1785 1840 nec

138 1873 205 1930 ad
228 1874 526 1946 judicium
554 1874 839 1945 exhiberi,
868 1875 1041 1953 391
1073 1873 1236 1948 quia,
1269 1874 1420 1930 sicut
1449 1873 1785 1930 convictum

138 1959 205 2017 de
232 1962 481 2019 crimine
505 1978 687 2036 paena
713 1961 1086 2034 constringit.
1131 1963 1212 2019 ita
1255 1966 1686 2031 accusatorem,
1740 1960 1785 2017 si

134 2065 246 2106 non
273 2050 623 2124 probaverit
649 2050 814 2127 quod
846 2048 1079 2123 objecit.

135 2174 212 2229 De
235 2174 441 2231 eadem
468 2190 551 2232 re.
583 2176 684 2233 Ea:
712 2176 966 2232 concilio
996 2175 1077 2231 ad
1099 2179 1375 2231 sanctum
1402 2172 1783 2230 Medardum.

193 2278 373 2336 XXII.
407 2283 665 2354 (Concil.
693 2283 995 2340 Suession.
1048 2298 1109 2351 ιι,
1160 2274 1270 2337 act.
1319 2287 1339 2336 1
1389 2300 1401 2348 ;
1459 2284 1785 2337 Βιιιιαιιλιω.

128 2368 219 2424 lib.
249 2385 310 2433 ιι,
338 2387 393 2427 c.
429 2374 574 2437 197).
628 2371 985 2426 Hincmarus
1022 2369 1510 2442 archiepiscopus
1538 2368 1791 2424 Rhemu-

126 2473 246 2514 rum
278 2460 414 2515 suis
440 2459 895 2516 accusatoribus
916 2458 1107 2515 dixit:
1143 2462 1285 2525 Quae
1325 2462 1414 2514 est
1456 2457 1659 2530 petitio
1695 2471 1791 2511 ve-

126 2551 253 2617 stra,
284 2548 555 2603 fratres?
575 2546 1051 2614 Misericordiam,
1084 2547 1385 2620 inquiunt,
1440 2545 1702 2618 petimus
1754 2559 1791 2600 a

124 2640 307 2692 vestra
340 2636 706 2708 paternitate
734 2635 1003 2709 impendi
1045 2635 1119 2691 de
1159 2634 1590 2691 ministratione
1637 2632 1791 2689 ordi-

125 2738 256 2779 num
288 2723 865 2790 ecclesiasticarum,
916 2724 995 2780 ad
1038 2740 1191 2797 quos
1215 2740 1252 2780 a
1288 2724 1517 2780 domno
1544 2722 1788 2779 Ebbone

122 2811 433 2883 quondam
462 2812 750 2885 provecti,
775 2818 974 2869 vestra
1002 2813 1350 2869 auctoritate
1383 2811 1662 2885 suspensi
1693 2827 1788 2866 su-

123 2916 263 2957 mus.
292 2902 666 2958 Hincmarus
696 2901 1184 2975 archiepiscopus
1210 2901 1360 2958 dixit
1388 2919 1403 2956 :
1450 2900 1690 2957 Habetis
1716 2900 1784 2955 li-

2523 319 2608 375 De
2638 317 2842 374 eadem
2866 333 2948 373 re.
3546 350 3553 355 -

1974 405 2181 459 XXIII.
2217 406 2546 478 (Interpret.
2584 406 2620 462 l.
2655 412 2686 462 9
2719 407 2865 463 Cod.
2896 407 3137 473 Theod.,
3186 407 3273 461 De
3300 412 3561 461 accusat.

1902 499 1955 551 et
1982 496 2441 564 inscript.)’l‘am
2474 495 2645 551 civile
2673 495 2981 565 negotium
3018 511 3204 568 quam
3236 494 3564 562 criminale,

1902 584 2345 641 accusationem
2377 583 2671 656 professio
2704 599 2894 639 manu
2926 584 3291 641 accusatoris
3313 583 3568 638 conscri‘

1902 675 2004 743 pta
2030 671 2349 742 praecedat.

2521 745 2602 801 De
2628 744 2833 799 eadem
2861 758 2944 799 re.

1976 830 2186 884 XXIV.
2215 833 2539 906 (Interpret.
2568 831 2605 887 l.
2630 838 2661 888 9
2690 832 2835 889 Cod.
2868 833 3109 901 Theod.,
3133 832 3266 887 eod.
3296 831 3406 901 tit.)
3434 830 3569 896 Qui-

1903 935 2139 992 cunque
2169 919 2354 979 alium
2394 920 2469 977 de
2518 919 2721 993 aliqua
2767 920 3030 977 criminis
3088 918 3357 990 capitalis
3406 919 3567 988 objc-

1904 1008 2095 1065 ctione
2124 1009 2468 1082 pulsaverit,
2504 1026 2623 1066 non
2656 1010 2823 1082 prius
2851 1026 2887 1066 a
2930 1008 3236 1080 judicibus
3286 1007 3565 1064 audiatur

1901 1115 2091 1171 quam
2121 1115 2182 1153 se
2210 1098 2465 1156 similem
2497 1116 2763 1172 pinnam,
2795 1092 2981 1172 quam
3014 1115 3113 1154 reo
3143 1098 3409 1161 intendit,
3430 1096 3567 1151 sub-

1904 1187 2203 1261 scripserit
2239 1187 2602 1244 subiturum.

2438 1280 2585 1334 Item
2626 1279 2785 1334 unde
2821 1294 3029 1349 supra.

1976 1367 2159 1421 XXV.
2190 1368 2520 1440 (lnterpret.
2553 1367 2591 1423 l.
2631 1372 2694 1425 15
2728 1368 2871 1424 Cod.
2908 1366 3153 1439 Themi,
3179 1364 3313 1423 eod.
3343 1365 3454 1421 tit.)
3501 1365 3564 1419 In

1898 1455 2308 1513 criminalibus
2338 1458 2535 1513 causis
2562 1457 2656 1513 vel
2679 1457 3121 1529 objectienibus
3167 1472 3272 1528 per
3319 1453 3565 1511 manda-

1898 1550 2024 1602 tum
2056 1544 2258 1600 nullus
2290 1550 2559 1613 accuset;
2606 1545 2710 1602 sed
2740 1546 2868 1618 ipse
2898 1543 3002 1618 qui
3032 1544 3261 1602 crimen
3288 1542 3560 1609 intendit,

1892 1650 2000 1706 per
2022 1649 2084 1690 se
2110 1638 2368 1702 accuset,
2401 1633 2785 1706 inscriptione
2812 1632 3144 1705 praemissa.
3198 1631 3438 1687 Judices
3462 1646 3564 1686 au-

1892 1727 2013 1780 tem
2061 1722 2351 1796 puniendi
2396 1728 2554 1787 sunt,
2606 1722 3148 1794 damnandumque
3194 1718 3481 1785 ofﬁcium,
3513 1736 3541 1773 s

1894 1811 2176 1884 aliquem,
2205 1812 2319 1868 nisi
2344 1810 2664 1884 prmmissa
2712 1809 3117 1883 inscriptione,
3172 1807 3559 1893 subdendum

1895 1899 2253 1963 crediderint
2282 1900 2619 1973 quaestioni.

2456 1971 2632 2044 393
2662 1970 2760 2028 Ex
2787 1971 3006 2028 eodem.

1968 2062 2172 2116 XXVI.
2204 2061 2531 2133 (Interpret.
2585 2060 2623 2117 l.
2680 2062 2744 2116 19
2784 2060 2927 2117 Cod.
2990 2058 3234 2126 Theod.,
3287 2056 3421 2114 eod.
3444 2055 3558 2128 tit.)

1895 2154 2042 2206 Ante
2096 2149 2550 2222 inscriptionem
2608 2164 2788 2204 nemo
2852 2146 3105 2203 efﬁcitur
3178 2144 3554 2201 criminosus.

1897 2242 2045 2297 Nam
2074 2237 2460 2311 inscriptiqne
2489 2254 2597 2311 per
2617 2236 2892 2294 ordinem
2925 2236 3098 2305 facta,
3132 2239 3272 2290 tunc
3304 2249 3340 2289 a
3355 2231 3557 2303 judice

1898 2327 2315 2400 suscipiendus
2345 2330 2436 2384 est
2462 2343 2621 2393 reus,
2654 2330 2713 2383 et
2732 2324 3020 2381 custodias
3048 2341 3187 2383 cum
3214 2326 3559 2379 accusatore

1898 2415 2248 2472 tradendus.

1898 2509 1983 2563 De
2012 2507 2104 2562 his
2127 2506 2234 2575 qui
2259 2507 2532 2576 episcopo
2562 2506 2831 2576 aliquam
2858 2505 3149 2576 injuriam
3180 2503 3274 2576 vel
3299 2501 3555 2576 dehone-

1968 2572 2587 2646 ratiuhem’feceﬁnt.
2646 2572 2738 2632 Ez-
2798 2572 2951 2631 librc
3001 2590 3061 2632 v1
3108 2572 3554 2645 Capitularium

1969 2648 2180 2704 Caroli
2210 2649 2393 2718 regis,
2425 2648 2622 2717 capite
2646 2650 2736 2703 99.

1965 2736 2197 2790 XXVII.
2232 2736 2379 2803 (Lib.
2409 2751 2469 2791 v1
2500 2736 2867 2806 Capitular.,
2899 2752 2951 2791 c.
2982 2736 3097 2807 98).
3148 2734 3205 2791 Si
3259 2732 3396 2806 quis
3440 2730 3558 2804 epi-

1896 2841 2083 2898 scopo
2111 2824 2374 2897 aliquam
2406 2824 2687 2896 injuriam
2710 2826 2811 2880 aut
2830 2824 3118 2895 injustam
3143 2821 3561 2879 dehonoratio-

1896 2925 2035 2966 nem
2068 2910 2285 2977 fecerit,
2320 2911 2394 2967 de
2424 2911 2539 2967 vita
2570 2915 2915 2984 componat,
2945 2914 3003 2967 et
3030 2910 3236 2967 omnia
3272 2925 3410 2983 quae
3456 2909 3561 2966 ha-

120 2988 333 3047 bellum
358 2991 812 3048 reclamationis
837 2996 941 3049 aut
967 2991 1404 3065 postulationis,
1430 2990 1586 3046 sicut
1605 2990 1787 3046 eccle-

1960 3014 2034 3054 ire
2064 3000 2229 3055 visus
2256 2998 2448 3067 fuerit,
2484 2998 2755 3055 Ecclesiae
2783 3000 2879 3054 cui
2900 3014 3163 3071 praeesse
3186 2997 3559 3067 dignoscitur

123 3079 349 3136 siastica
377 3096 447 3136 se
478 3080 664 3136 habet
688 3080 925 3137 traditio
942 3082 971 3137 ?
999 3080 1084 3136 Illi
1114 3085 1315 3137 autem
1343 3079 1786 3153 responderunt

123 3182 179 3221 se
206 3180 328 3239 pm
359 3168 657 3224 manibus
686 3168 922 3224 nullum
951 3168 1175 3225 habere
1198 3168 1485 3225 libellum.
1512 3167 1786 3223 Hincma—

120 3271 211 3310 rus
240 3257 745 3331 archiepiscopus
777 3257 926 3314 dixit
956 3275 969 3313 :
998 3261 1222 3327 Legum
1244 3257 1784 3314 ecclesiasticarum

121 3345 434 3403 auctoritas
466 3345 608 3403 talis
634 3351 722 3402 est
750 3350 826 3414 (2,
858 3363 919 3419 q.
956 3346 1006 3414 l,
1039 3362 1089 3403 c.
1122 3350 1201 3415 9),
1224 3350 1291 3403 ut
1330 3346 1392 3402 in
1441 3345 1643 3402 causis
1689 3360 1786 3414 ge-

121 3439 336 3492 storum
367 3451 624 3509 semper
653 3436 1007 3510 scripturam
1039 3436 1378 3510 requirant;
1417 3436 1570 3493 adeo
1596 3440 1663 3493 ut
1679 3435 1785 3508 qui

119 3522 190 3577 ad
237 3540 481 3582 sacrum
547 3524 777 3581 fontem
834 3525 1080 3593 accedit,
1131 3541 1311 3581 suum
1364 3524 1508 3581 dare
1560 3538 1783 3581 nomen

118 3613 493 3686 praecipiatur
520 3632 535 3681 ;
574 3613 680 3686 qui
713 3614 791 3669 ad
818 3629 1128 3669 summum
1156 3613 1559 3670 sacerdotium
1578 3626 1785 3685 prove-

116 3698 274 3766 hitur,
304 3702 565 3759 decreto
594 3702 878 3759 manibus
906 3702 1181 3759 omnium
1212 3701 1496 3758 roborato
1516 3701 1783 3771 eligitur;

115 3789 411 3848 ordinatus
438 3796 661 3849 autem
691 3807 728 3848 a
754 3792 882 3848 suis
908 3790 1355 3847 ordinatoribus
1384 3790 1609 3847 litteras
1638 3789 1788 3846 ccci.

114 3893 238 3950 pere
261 3882 516 3952 jubetur
562 3899 576 3937 :
603 3882 707 3955 qui
738 3882 919 3939 etiam
949 3881 1029 3937 ab
1059 3880 1464 3938 ecclesiastica
1508 3879 1787 3936 societate

112 3970 364 4039 quolibet
414 3986 688 4028 excessu
742 3969 1118 4040 discinditur,
1170 3968 1422 4027 libellari
1466 3968 1786 4041 scriptione

111 4062 203 4114 aut
241 4062 535 4134 recipitur
592 4066 696 4117 aut
737 4059 1030 4132 dejicitur.
1082 4059 1195 4117 Sed
1224 4062 1283 4115 et
1307 4058 1415 4132 qui
1445 4061 1781 4125 accusatur,

110 4146 190 4203 vel
215 4151 317 4223 qui
364 4150 972 4217 excommunicatur,
1029 4165 1138 4205 seu
1188 4147 1626 4218 reconciliatur,
1676 4158 1784 4221 per

110 4239 454 4311 scripturam
485 4241 778 4299 accusari
805 4239 901 4296 vel
926 4239 1296 4297 reconciliari
1323 4239 1579 4296 videtur.
1603 4241 1671 4295 Et
1699 4238 1782 4295 sic

110 4324 162 4382 in
182 4332 405 4388 ceteris
428 4332 543 4403 huj
567 4329 807 4386 usmodi
830 4330 894 4385 in
924 4333 1158 4386 tantum
1188 4328 1483 4403 scriptura
1510 4326 1783 4401 deposci-

114 4420 197 4471 tur
223 4425 303 4487 ut,
334 4422 496 4479 sicut
519 4421 748 4478 beatus
779 4418 1096 4489 Gregorius
1123 4418 1185 4475 in
1209 4416 1671 4475 commonitorio
1701 4415 1782 4473 ad

115 4507 392 4567 Joannem
424 4511 826 4568 defensorem
858 4524 933 4564 ex
959 4508 1244 4564 Romanis
1266 4506 1503 4578 legibus
1534 4521 1781 4565 sumens

115 4597 307 4659 mihi!
321 4600 454 4667 (lib.
488 4617 582 4667 vi,
616 4600 786 4669 epist.
818 4600 932 4666 54),
964 4596 1259 4653 sententia
1288 4612 1425 4669 quae
1479 4595 1606 4652 sine
1644 4594 1783 4651 scri-

114 4688 277 4756 pture
297 4690 642 4763 profertur,
662 4687 839 4760 39.
860 4702 969 4744 nec
997 4701 1221 4742 nomen
1237 4685 1542 4742 sententias
1556 4683 1779 4742 habere

116 4781 375 4834 meretur.
437 4780 855 4850 Quapropter,
884 4776 1094 4833 frah'es
1118 4779 1179 4831 et
1216 4773 1346 4841 ﬁlii,
1391 4776 1627 4846 oportet
1669 4787 1780 4828 vos

115 4867 437 4925 secundum
492 4865 967 4925 ecclesiasticam
1023 4863 1439 4922 auctoritatem
1493 4860 1782 4919 reclama-

115 4951 319 5015 tionem
343 4961 628 5014 vestram
657 4953 841 5011 libelli
869 4954 1018 5010 serie
1047 4952 1325 5023 allegare,
1355 4966 1619 5024 eumque
1655 4965 1781 5006 me-

115 5039 276 5100 nibus
296 5045 523 5103 vestris
556 5043 913 5101 roboratum
941 5040 1177 5115 synodo
1226 5055 1411 5097 sacra
1452 5038 1775 5112 porrigere.

115 5133 171 5185 ut
196 5135 637 5191 convenienter
659 5132 947 5189 canonice
973 5130 1148 5187 vobis
1185 5130 1382 5187 valeat
1404 5128 1774 5203 responderi.

114 5218 170 5275 Bt
211 5224 348 5281 tunc
396 5223 524 5297 ipsi
557 5221 786 5278 fratres
817 5220 1086 5277 libellum
1133 5218 1575 5276 conscribentes
1603 5217 1777 5290 eique

113 5320 210 5366 sua
240 5314 502 5370 nomina
536 5310 971 5382 suscribentes,
1020 5313 1416 5383 porrexerunt
1455 5308 1778 5365 Hincmaro

111 5399 405 5476 episcopo,
437 5401 557 5475 qui
580 5406 726 5456 tunc
750 5415 873 5459 una
897 5415 1037 5457 cum
1084 5398 1401 5455 Wenilone
1450 5396 1777 5454 Senonensi

110 5489 594 5565 archiepiscopo,
639 5494 694 5546 et
736 5506 875 5554 cum
923 5489 1219 5546 Amalrico
1251 5488 1577 5545 Turonensi
1605 5501 1778 5558 asque

109 5578 591 5656 archiepiscopo,
645 5579 758 5636 sub
781 5578 1102 5652 prpsentia
1130 5576 1371 5649 gloriosi
1397 5575 1556 5648 regis
1582 5574 1778 5633 Caroli

110 5670 336 5739 synodo
355 5666 763 5746 presidebat.

1895 3088 2212 3157 sociantur,
2240 3092 2297 3144 et
2326 3088 2502 3144 nobis
2532 3088 2592 3144 in
2627 3088 2803 3161 triplo
2833 3088 3075 3145 bannus
3104 3092 3325 3153 noster,
3377 3086 3437 3142 id
3467 3090 3560 3145 est

1895 3192 1968 3232 1.x
1998 3176 2174 3233 solidi
2220 3176 2660 3250 persolvuntur,
2720 3181 2825 3233 aut
2872 3177 3000 3250 ipse
3048 3176 3110 3232 in
3141 3174 3380 3233 servitio
3410 3176 3557 3232 ﬁsco

1894 3272 2097 3323 nostro
2129 3268 2454 3324 serviturus
2482 3283 2721 3341 semper
2750 3266 3030 3338 societur,
3079 3282 3271 3340 usque
3316 3281 3382 3321 se
3406 3265 3559 3323 redi-

1894 3371 2057 3412 mere
2113 3356 2174 3412 in
2219 3357 2393 3430 triplo
2441 3358 2614 3428 juxta
2664 3356 3031 3427 wirigildum
3069 3372 3248 3412 suum
3274 3355 3554 3428 potuerit.

1894 3448 2111 3503 Sancta
2137 3462 2279 3503 vero
2300 3446 2559 3503 Ecclesia
2578 3446 2640 3502 in
2670 3446 3082 3502 sacerdotibus
3104 3447 3361 3501 constat.
3387 3444 3559 3500 Idcir-

1893 3551 1964 3592 co
1994 3550 2219 3604 magna
2247 3550 2431 3607 pcena
2454 3533 2751 3606 plectendi
2801 3536 2939 3588 sunt
2980 3533 3087 3605 qui
3133 3532 3435 3605 episcopis
3463 3532 3557 3587 vel

1891 3623 2136 3696 reliquis
2162 3621 2575 3679 sacerdotibus
2605 3621 2888 3691 injuriam
2920 3620 3010 3676 vel
3034 3619 3463 3677 contumeliam
3480 3619 3558 3675 fe—

1894 3713 2097 3769 cerint.
2118 3714 2269 3768 Nam
2290 3710 2579 3767 detractio
2601 3710 2982 3766 sacerdotum
3011 3709 3089 3764 ad
3110 3708 3408 3764 Christum
3428 3723 3559 3781 per-

1894 3802 2058 3871 tinet,
2090 3802 2261 3873 cujus
2292 3800 2420 3856 vice
2448 3798 2744 3869 legatione
2786 3798 2848 3854 in
2898 3797 3153 3854 Ecclesia
3202 3796 3554 3866 funguntur.

1897 3892 2042 3960 Ome
2069 3892 2420 3962 paenitentia
2452 3890 2813 3960 imponenda
2843 3890 2920 3945 sit
2945 3889 3037 3945 his
3059 3890 3164 3960 qui
3199 3888 3402 3959 furem
3449 3890 3556 3943 aut

2356 3964 2651 4020 latronem
2700 3962 3090 4029 interﬁciunt.

1963 4052 2224 4109 XXVIII.
2255 4050 2718 4120 (BuncuannJib.
2752 4066 2832 4114 x1,
2865 4066 2917 4105 c.
2949 4053 3018 4104 60
3048 4067 3061 4116 ;
3092 4048 3216 4116 lvo,
3246 4051 3414 4121 parte
3429 4062 3551 4115 xm,

1891 4160 1941 4200 c.
1976 4146 2066 4210 46,
2098 4147 2155 4199 et
2181 4142 2347 4216 apud
2372 4143 2642 4197 GRATIAN.
2676 4143 2761 4205 13,
2789 4156 2849 4212 q.
2878 4146 2930 4205 2,
2965 4156 3016 4195 c.
3050 4142 3163 4206 39).
3216 4138 3273 4195 Si
3319 4136 3413 4194 fur
3449 4141 3555 4195 aut

1888 4232 2041 4289 latro
2068 4235 2277 4305 captus
2298 4230 2360 4286 in
2383 4228 2588 4303 praeda
2616 4228 2848 4302 absque
2864 4227 3162 4284 occisione
3178 4230 3373 4300 potest
3386 4242 3552 4283 com-

1887 4320 2200 4395 prehendi,
2226 4325 2284 4377 et
2310 4324 2510 4376 tamen
2544 4317 2911 4389 interﬁcitur,
2940 4317 3083 4390 quia
3110 4316 3190 4373 ad
3222 4316 3550 4386 imaginem
3624 4366 3636 4379 ,

1890 4412 1992 4469 Dei
2021 4409 2202 4467 creati
2233 4413 2290 4465 et
2314 4409 2374 4465 in
2406 4408 2651 4466 nomine
2680 4408 2811 4478 ejus
2847 4405 3130 4477 baptizati
3166 4408 3327 4474 sunt,
3373 4404 3551 4460 inter-

1887 4499 2139 4559 fectores
2161 4513 2371 4554 eorum
2414 4495 2819 4569 quadraginta
2850 4492 3066 4549 diebus
3090 4506 3214 4547 non
3241 4491 3460 4547 intrent
3487 4489 3548 4546 in

1887 4589 2222 4646 ecclesiam.
2256 4590 2452 4644 Lanea
2477 4589 2640 4642 veste
2648 4582 2876 4657 induti,
2931 4580 3010 4638 ab
3063 4579 3217 4637 escis
3265 4582 3323 4635 et
3366 4577 3546 4650 89‘

1886 4678 2128 4752 potibus
2153 4676 2259 4749 qui
2287 4668 2583 4732 interdicti
2615 4675 2777 4741 sunt,
2827 4686 2965 4727 cum
3006 4670 3199 4734 thoro,
3250 4666 3463 4737 gladiis
3491 4670 3549 4724 et

1886 4767 2154 4841 equitatu
2184 4781 2246 4821 se
2273 4762 2633 4821 abstineant.
2664 4762 2729 4825 In
2758 4759 2948 4825 tertia,
3006 4756 3217 4829 quinta
3263 4754 3432 4824 feria,
3490 4760 3548 4812 et

1886 4857 2160 4924 sabbato,
2195 4854 2398 4927 aliquo
2429 4868 2646 4923 genere
2672 4849 3070 4921 leguminum,
3118 4846 3211 4904 vel
3257 4846 3541 4911 oleribus,

1886 4950 1944 5002 et
1966 4944 2187 5019 pomis,
2211 4941 2413 5015 parvis
2443 4938 2765 5013 pisciculis,
2796 4953 2937 4994 cum
2964 4934 3253 4993 mediocri
3272 4933 3541 5003 cervisia,

1884 5033 2155 5091 vicissim
2182 5034 2447 5099 utantur,
2473 5033 2532 5086 et
2558 5029 2907 5099 temperate.
2924 5026 3025 5081 Sin
3049 5027 3251 5083 autem
3274 5039 3311 5080 a
3337 5023 3546 5080 veridi-

1885 5124 1970 5181 cis
1995 5121 2429 5195 comprobatur
2456 5117 2704 5176 testibus
2754 5115 2922 5188 quod
2970 5114 3097 5171 sine
3137 5113 3259 5170 odii
3302 5114 3544 5173 medita-

1887 5214 2065 5283 tione,
2096 5229 2161 5269 se
2181 5226 2411 5283 suaque
2436 5206 2769 5276 liberando,
2795 5204 3019 5262 diaboli
3059 5204 3335 5261 membra
3371 5205 3547 5262 inter-

1884 5303 2113 5369 ﬁciunt,
2143 5299 2480 5357 secundum
2514 5294 2954 5367 indulgentiam
2990 5294 3396 5369 quadraginta
3424 5294 3545 5350 die-

1884 5393 2000 5450 bus
2030 5390 2109 5447 ab
2137 5388 2409 5459 ecclesia,
2437 5402 2638 5454 carne,
2666 5386 2831 5455 vino,
2861 5389 2919 5442 et
2947 5384 3249 5457 conjugio,
3292 5383 3543 5441 eleemo-

1886 5496 2105 5556 synam
2125 5479 2367 5549 largiter
2382 5476 2678 5546 faciendo,
2706 5475 3065 5533 abstineant.
3088 5474 3219 5532 Etsi
3233 5472 3544 5546 presbyter

1885 5575 1994 5641 est,
2025 5585 2151 5627 non
2178 5564 2552 5640 deponatur;
2586 5566 2814 5623 cunctis
2841 5569 3047 5622 tamen
3070 5564 3207 5621 vita
3254 5578 3379 5619 sua:
3425 5560 3543 5617 die-

1887 5662 2003 5718 bus
2028 5657 2445 5734 pcenitentiam
2474 5660 2615 5729 agat
2642 5657 2799 5728 [cod.
2828 5671 2964 5725 ma,
2993 5652 3276 5723 agendo].
