3980 6182
416 205 518 257 375

540 325 629 379 Ne
659 322 982 380 oblationes
1009 319 1159 375 alibi
1180 320 1334 388 ﬁant
1359 333 1539 390 quam
1569 318 1631 374 in
1656 315 1944 372 Ecclesia.

491 416 660 469 XXIX.
695 412 895 483 (Cone.
930 411 1180 480 Gangr.,
1213 425 1262 464 c.
1297 414 1328 463 7
1357 427 1370 477 ;
1415 407 1518 464 lib.
1573 423 1653 464 vn
1701 403 2066 476 Capitular.,

422 521 472 560 c.
507 508 572 569 Ei;
602 505 922 557 Buncunn.
951 497 1052 554 lib.
1087 515 1142 566 v,
1175 515 1226 554 c.
1256 501 1376 567 114,
1421 501 1478 553 et
1523 497 1624 554 lib.
1656 512 1735 563 χι,
1788 511 1838 550 c.
1867 493 1976 563 2t).
2013 492 2070 546 Si

407 592 552 664 quis
582 589 914 646 oblationes
944 587 1205 644 ecclesiae
1248 591 1414 643 extra
1460 585 1771 642 ecclesiam
1801 582 2070 654 accipere

419 680 506 735 vel
535 679 677 736 dare
705 677 955 734 voluerit
975 682 1190 750 praeter
1218 675 1645 733 conscientiam
1689 672 1952 748 episcopi
1978 669 2070 726 vel

417 770 467 825 ei
515 769 619 842 qui
671 766 1090 839 hujuscemodi
1136 765 1333 822 ofﬁcia
1380 765 1705 822 commissa
1753 767 1910 832 sunt,
1961 777 2070 816 nec

418 875 556 914 cum
586 859 715 929 ejus
752 856 1004 912 voluerit
1032 871 1208 926 agere
1228 855 1500 924 concilio,
1532 855 1854 911 anathema
1885 851 1974 908 sit.

421 949 648 1002 Contra
677 961 772 1002 eos
802 961 903 1017 qui
947 946 1154 1001 dicunt
1174 951 1444 1001 sanctum
1476 945 1827 1015 Gregorium
1849 955 2069 1012 papam

491 1037 823 1091 Romanum
855 1035 936 1090 ad
972 1035 1495 1105 interrogationem
1539 1032 1866 1104 Augustini
1912 1029 2070 1085 Can-

493 1126 828 1181 tuariorum
903 1124 1160 1194 episcopi
1230 1122 1784 1192 consanguininatis
1851 1125 2071 1192 quarta

491 1220 800 1271 contracta
831 1214 1216 1269 matrimonia
1241 1214 1396 1269 solvi
1420 1214 1659 1269 minime
1691 1211 1916 1267 debere.
1951 1211 2070 1266 Ex-

491 1307 757 1381 cerptum
777 1317 852 1358 ea:
881 1303 1012 1357 Vita
1034 1302 1230 1358 sancti
1250 1303 1541 1372 Gregorii,
1567 1301 1719 1356 libro
1742 1319 1802 1366 ιι,
1823 1315 1955 1370 cap.
1981 1303 2068 1355 37.

491 1395 634 1448 XXX.
670 1393 1117 1461 (Excerptiones
1141 1395 1413 1458 Ecennri,
1446 1409 1496 1448 c.
1530 1394 1628 1446 130
1657 1393 1714 1444 et
1745 1393 1835 1445 131
1869 1408 1882 1455 ;
1928 1390 2074 1443 Bea-

419 1495 632 1536 eumn.
665 1479 767 1535 lib.
797 1497 897 1547 vn,
939 1496 989 1534 c.
1041 1484 1126 1547 19,
1157 1481 1269 1550 20).
1301 1478 1618 1549 Gregorius
1668 1492 1830 1550 papa
1859 1480 2073 1532 Roma-

417 1585 556 1641 nus,
615 1569 932 1642 requisitus
984 1569 1061 1624 ab
1117 1568 1452 1637 Augustino
1505 1567 1832 1637 Anglorum
1885 1565 2074 1636 gentis

418 1659 702 1732 episcopo
733 1674 925 1730 usque
956 1658 1032 1713 ad
1070 1661 1320 1730 quotam
1375 1656 1816 1728 generationem
1871 1655 2074 1711 fideles
2107 1664 2144 1716 Β

418 1747 679 1803 debeant
733 1746 1023 1818 copulari,
1078 1746 1511 1818 dispensatorie
1577 1746 1658 1800 sic
1715 1745 2013 1818 rescripsit
2058 1762 2071 1799 :

423 1835 714 1902 Quasdam
754 1838 987 1891 terrena
1033 1835 1126 1890 lex
1173 1834 1234 1890 in
1280 1838 1549 1891 Romana
1595 1834 1902 1908 republica
1940 1850 2074 1907 per-

418 1925 595 1981 mittit
648 1928 714 1980 ut
773 1924 896 1980 sive
948 1924 1125 1980 frater
1163 1928 1218 1980 et
1247 1939 1433 1993 soror,
1469 1940 1576 1979 seu
1603 1923 1862 1979 duorum
1896 1923 2072 1995 395

418 2013 669 2069 fratrum
697 2028 1123 2083 germanorum
1174 2012 1264 2067 vel
1307 2012 1566 2068 duarum
1616 2027 1889 2069 sororum
1919 2011 2075 2066 ﬁlius

419 2106 475 2158 et
503 2101 626 2158 ﬁlia
655 2101 1041 2158 misceantur.
1073 2102 1185 2158 Sed
1213 2101 1618 2174 experimento
1657 2101 1976 2159 didicimus
2005 2116 2077 2156 ex

417 2191 516 2247 tali
545 2191 828 2263 conjugio
859 2191 1128 2247 sobolem
1155 2207 1278 2246 non
1307 2206 1482 2264 posse
1506 2206 1896 2246 succrescere.
1914 2190 2076 2247 Unde

416 2297 655 2337 necesse
684 2285 773 2336 est
801 2286 865 2336 ut
887 2284 1018 2352 jam
1049 2284 1264 2353 quarta
1295 2285 1350 2336 et
1389 2286 1553 2337 sexta
1583 2280 1886 2352 generatio
1929 2279 2076 2335 ﬁde-

416 2370 564 2426 lium
593 2369 835 2427 licenter
861 2369 971 2426 sibi
1014 2370 1187 2441 jungi
1236 2369 1468 2426 debeat.
1513 2373 1659 2426 Nam
1710 2369 1770 2425 in
1812 2368 2078 2426 secunda

417 2475 604 2532 quam
657 2459 1046 2533 praediximus
1084 2459 1332 2514 omnino
1377 2458 1594 2515 debeat
1623 2459 1930 2515 abstineri.
1971 2461 2076 2514 Ve-

416 2564 552 2604 rum
608 2553 744 2621 post
795 2548 1050 2604 multum
1114 2548 1397 2622 temporis
1479 2566 1515 2605 a
1577 2549 1760 2605 Felice
1831 2551 2077 2605 Mesenae

418 2639 740 2710 [Messanae]
772 2637 978 2695 Siciliae
1009 2638 1260 2711 praesule
1288 2637 1602 2711 requisitus
1634 2643 1836 2694 utrum
1875 2642 2077 2707 Augu-

417 2726 571 2783 stino
620 2726 919 2800 scripserit
964 2731 1030 2782 ut
1071 2727 1405 2797 Anglorum
1445 2731 1660 2799 quarta
1699 2727 2078 2796 generatione

416 2819 722 2873 contracta
750 2815 1134 2872 matrimonia
1163 2815 1410 2872 minime
1439 2814 1826 2882 solverentur,
1857 2814 2076 2870 humil-

413 2904 596 2962 limus
626 2908 796 2977 pater
817 2903 1132 2973 Gregorius
1161 2903 1313 2960 inter
1341 2907 1554 2960 cratera
1585 2903 1766 2960 talem
1790 2903 1954 2960 dedit
1982 2919 2076 2960 ra-

1526 190 1896 248 REGINONIS
1935 185 2347 244 PRUHIENSIS
2385 189 2700 245 ABBATIS.

2099 311 2148 366 Α
2177 311 2488 385 sbyterum
2517 329 2554 370 a
2578 313 2861 388 pontiﬁce
2892 328 3001 368 suo
3045 310 3262 382 injuste
3319 308 3462 366 olim
3512 306 3832 378 dejectum,

3677 145 3684 153 ’
3728 186 3833 238 376

2181 406 2237 458 et
2265 401 2646 461 innocentem
2677 401 2884 459 exsilio
2915 399 3388 462 condemnatum
3418 417 3431 465 ;
3485 413 3670 471 quem
3713 413 3835 466 rur-

2181 507 2314 547 sum
2346 492 2541 549 ordini
2571 509 2680 548 suo
2721 491 3114 557 restituentes,
3174 488 3236 545 id
3290 488 3491 545 denuo
3544 486 3833 542 adversus

2179 582 2708 656 praesumptionem
2739 580 3096 654 synodalem
3123 578 3476 636 sententiam
3504 577 3706 634 nullus
3737 592 3834 632 no-

2181 673 2369 726 strum
2393 670 2520 728 sine
2551 671 2783 728 concilii
2811 670 3087 726 examine
3137 667 3541 739 dejiciendum
3590 665 3836 739 quemli-

2181 759 2280 815 bet
2306 761 2794 834 presbyterorum
2833 759 2928 816 vel
2959 759 3352 816 diaconorum
3409 756 3649 813 audeat.
3715 757 3835 829 Epi-

2181 865 2400 922 scopus
2426 851 2586 906 enim
2618 849 3028 907 sacerdotibus
3055 865 3125 905 ac
3150 847 3434 904 ministris
3458 845 3624 903 solus
3653 847 3838 902 hono-

2180 955 2307 995 rem
2338 939 2480 995 dare
2512 944 2725 1012 potest,
2757 939 2990 996 auferre
3016 937 3177 994 solus
3207 953 3330 994 non
3353 941 3566 1010 potest.
3596 935 3838 1008 Presby-

2183 1032 2267 1084 ter
2284 1029 2548 1102 profecto
2569 1045 2678 1085 nec
2695 1029 2773 1085 ab
2807 1045 2926 1084 uno
2954 1027 3229 1084 damnari
3253 1043 3360 1084 nec
3386 1042 3506 1082 uno
3532 1025 3838 1097 judicante

2181 1118 2395 1192 poterit
2413 1117 2658 1175 honoris
2676 1119 2767 1174 sui
2789 1117 3093 1192 privilegio
3110 1115 3424 1184 denudari,
3440 1115 3543 1171 sed
3557 1119 3840 1188 priestan-

2181 1207 2222 1263 ti
2255 1205 2534 1279 synodali
2559 1207 2786 1278 judicio
2817 1206 2984 1280 quod
3009 1221 3203 1262 canon
3231 1204 3305 1261 de
3338 1203 3449 1260 illis
3470 1204 3837 1277 praeceperit.

2188 1299 2260 1356 Ut
2293 1297 2532 1354 abbates
2563 1299 2868 1367 episcopis,
2902 1295 3183 1352 monachi
3227 1295 3539 1351 abbatibus
3588 1294 3838 1350 subsint.

2258 1387 2330 1442 Et
2363 1387 2435 1442 de
2461 1386 2766 1443 monachis
2797 1387 2982 1457 vagis.
3032 1386 3122 1440 Ex
3151 1385 3396 1440 consilio
3444 1384 3838 1464 Aurelianen-

2252 1477 2322 1546 si,
2355 1491 2488 1546 cap.
2521 1481 2602 1532 15.

2255 1564 2497 1620 XXXII.
2526 1564 2763 1634 (Concil
2789 1563 3107 1619 Aurelian.
3134 1578 3238 1630 I,c.
3266 1564 3358 1625 I9;
3384 1563 3720 1617 Buucusnn.
3739 1560 3834 1616 lib.

2183 1672 2222 1721 ι,
2252 1670 2303 1709 c.
2337 1658 2446 1718 67).
2476 1652 2737 1710 Abbates
2769 1668 2878 1725 pro
2905 1651 3238 1708 humilitate
3267 1649 3569 1721 religionis
3617 1651 3675 1706 in
3727 1651 3837 1724 epi-

2185 1760 2506 1817 scoporum
2534 1746 2821 1818 potestate
2858 1742 3222 1811 consistant;
3274 1746 3332 1798 et
3378 1741 3426 1797 si
3477 1741 3627 1814 quid
3681 1747 3839 1796 extra

2184 1834 2456 1904 regulam
2479 1833 2740 1900 fecerint,
2779 1833 2857 1889 ab
2892 1831 3188 1905 episcopis
3209 1831 3583 1901 corrigantur
3614 1849 3627 1882 :
3666 1831 3833 1902 397

2187 1922 2291 1995 qui
2319 1921 2501 1978 semel
2533 1921 2592 1977 in
2621 1937 2804 1992 anno,
2834 1921 2893 1976 in
2919 1919 3052 1976 loco
3083 1919 3187 1976 ubi
3216 1919 3533 1992 episcopus
3582 1919 3839 1989 elegerit,

2187 2016 2434 2085 accepta
2490 2011 2802 2067 vocatione
2850 2009 3255 2074 conveniant;
3306 2008 3586 2064 monachi
3645 2014 3837 2064 autem

2187 2101 2509 2158 abbatibus
2556 2101 2722 2157 omni
2778 2100 3118 2156 obedientia
3175 2103 3232 2155 et
3273 2098 3588 2154 devotione
3639 2098 3842 2168 subja-

2188 2195 2378 2248 ceant.
2405 2189 2577 2257 Quod
2607 2189 2654 2245 si
2679 2189 2814 2263 quis
2839 2205 2946 2262 per
2975 2188 3419 2245 contumaciam
3447 2188 3740 2244 exstiterit
3768 2188 3843 2243 in-

2187 2282 2462 2346 devotus,
2497 2296 2566 2336 ac
2594 2296 2702 2354 per
2729 2279 2862 2335 loca
2905 2278 3107 2351 aliqua
3153 2278 3356 2347 vagari
3403 2283 3506 2334 aut
3546 2277 3844 2351 peculiare

2189 2368 2416 2442 aliquid
2436 2368 2658 2425 habere
2687 2367 3156 2442 praesumpserit,
3211 2367 3417 2424 omnia
3462 2383 3601 2440 quae
3645 2367 3844 2439 acqui-

2186 2459 2363 2527 sierit,
2393 2458 2472 2515 ab
2494 2457 2816 2514 abbatibus
2837 2457 3184 2514 auferantur
3212 2457 3544 2514 secundum
3576 2455 3843 2527 regulam

2185 2547 2552 2604 monasterio
2582 2547 2913 2620 profutura.
2949 2546 3060 2618 Ipsi
3089 2551 3288 2602 autem
3318 2547 3418 2619 qui
3465 2545 3690 2602 fuerint
3718 2561 3845 2617 pro-

2186 2637 2406 2708 vagati,
2457 2637 2561 2693 ubi
2610 2637 2830 2693 inventi
2878 2636 3112 2702 fuerint,
3143 2653 3283 2692 cum
3329 2634 3552 2692 auxilio
3577 2634 3846 2708 episcopi

2185 2732 2477 2801 tanquam
2493 2727 2738 2798 fugaces
2755 2728 2868 2782 sub
2894 2726 3168 2784 custodia
3195 2730 3577 2792 revocentur;
3600 2730 3660 2782 et
3681 2739 3845 2781 reum

2187 2834 2248 2873 se
2278 2817 2372 2873 ille
2399 2815 2592 2873 abbas
2621 2816 2890 2873 futurum
2919 2831 3047 2872 esse
3078 2819 3407 2885 cognoscat
3419 2815 3525 2888 qui
3553 2815 3616 2870 in
3642 2814 3848 2885 hujus-

2186 2907 2352 2963 modi
2382 2906 2654 2980 personis
2700 2921 2825 2962 non
2871 2904 3129 2975 regulari
3187 2904 3726 2962 animadversione
3775 2903 3848 2959 di-

415 2995 640 3050 tionem
673 3011 685 3050 :
721 2993 892 3060 Quod
919 2993 1127 3067 scripsi
1155 2993 1486 3063 Augustino
1528 2992 1856 3064 Anglorum
1888 2994 2078 3064 gentis
2115 3018 2157 3071 ο
2188 2996 2458 3066 strixerit,
2490 2995 2586 3052 vel
2613 2995 2718 3069 qui
2747 2995 3114 3051 monachum
3176 2994 3507 3067 susceperit
3558 2993 3847 3052 alienum.
3906 2992 3914 3002 ’

417 3082 726 3155 episcopo,
759 3081 1008 3139 alumno
1038 3082 1325 3150 videlicet,
1358 3087 1420 3138 ut
1458 3082 1786 3140 recorderis
1835 3088 1958 3154 tuo,
2004 3083 2078 3141 de

420 3170 838 3240 sanguinitatis
860 3171 1301 3242 conjunctione,
1321 3171 1434 3244 ipsi
1464 3177 1522 3227 et
1551 3171 1888 3242 Anglorum
1919 3173 2079 3245 genti

416 3275 553 3333 quae
584 3275 777 3333 nuper
807 3260 885 3318 ad
914 3259 1098 3316 fidem
1129 3265 1392 3328 venerat,
1424 3277 1499 3317 ne
1525 3277 1562 3317 a
1589 3261 1752 3318 bono
1772 3262 1937 3334 quod
1963 3278 2079 3318 coe-

417 3352 608 3422 perat,
639 3349 962 3406 metuendo
993 3348 1344 3419 austeriora,
1373 3351 1694 3420 recederet,
1746 3351 2080 3424 specialiter

418 3439 475 3492 et
504 3451 624 3493 non
653 3435 1006 3506 generaliter
1035 3436 1363 3493 certissime
1392 3438 1705 3511 scripsisse
1736 3455 1832 3495 me
1862 3455 2080 3509 cogno-

417 3541 574 3584 scas.
637 3526 800 3582 Unde
846 3529 903 3582 et
949 3526 1093 3583 mihi
1145 3527 1342 3584 omnis
1383 3531 1651 3585 Romana
1677 3529 1885 3586 civitas
1912 3530 2076 3586 testis

417 3615 634 3673 existit.
669 3619 784 3672 Nec
803 3615 864 3671 in
895 3631 967 3672 ea
990 3616 1314 3672 intentione
1342 3617 1469 3674 haec
1499 3617 1612 3674 illis
1643 3618 1851 3691 scripsi
1903 3634 2076 3674 man-

415 3705 558 3762 data
584 3709 648 3761 ut
676 3709 998 3778 postquam
1030 3705 1205 3763 ﬁrma
1229 3705 1428 3762 radice
1457 3706 1518 3763 in
1548 3706 1666 3764 ﬁde
1692 3707 1910 3764 fuerint
1940 3708 2076 3764 soli-

415 3793 558 3862 dati,
591 3793 640 3850 si
672 3793 827 3852 infra
857 3795 1166 3868 propriam
1219 3796 1800 3867 consanguinitatem
1852 3797 2078 3854 inventi

416 3883 654 3953 fuerint,
712 3899 836 3940 non
891 3889 1260 3956 separentur,
1316 3890 1419 3942 aut
1461 3885 1616 3942 infra
1661 3886 1961 3943 afﬁnitatis
2009 3887 2077 3943 li-

417 3987 619 4043 neam,
671 3971 734 4027 id
783 3976 872 4027 est
910 3989 1105 4045 usque
1155 3973 1234 4028 ad
1283 3974 1600 4047 septimam
1631 3977 2077 4045 generationem

416 4061 768 4132 jungantur.
800 4062 914 4118 Sed
942 4062 1142 4119 adhuc
1172 4063 1302 4120 illos
1348 4065 1688 4137 neophytos
1737 4065 2074 4135 existentes,

418 4149 750 4222 saepissime
802 4166 906 4207 eos
959 4151 1126 4224 prius
1173 4151 1372 4209 illicita
1417 4153 1633 4210 docere
1682 4158 1740 4210 et
1785 4155 1982 4212 verbis
2007 4172 2078 4213 ac

419 4235 710 4309 exemplis
739 4236 1052 4307 instruere,
1093 4243 1150 4295 et
1177 4257 1310 4313 quae
1341 4246 1479 4314 post
1503 4241 1578 4298 de
1607 4241 1824 4299 talibus
1853 4245 2080 4315 egerint

2186 3087 2273 3142 De
2319 3086 2672 3142 discretione
2735 3086 3046 3156 potestatis
3101 3085 3509 3154 episcoporum
3561 3099 3752 3156 quam
3794 3085 3849 3138 in

2260 3176 2634 3232 monasteriis
2665 3175 2884 3232 habere
2907 3180 3180 3244 possunt.
3213 3177 3302 3230 Ex
3331 3174 3588 3230 concilio
3620 3175 3848 3228 Toleta-

2259 3282 2334 3322 no
2355 3283 2429 3332 tv,
2459 3281 2591 3335 cap.
2619 3269 2705 3322 50.

2259 3355 2522 3422 XXXIII,
2575 3354 2825 3425 (Concil.
2890 3355 3072 3410 Tolet.
3134 3369 3210 3423 ιν,
3271 3368 3322 3407 c.
3359 3355 3469 3417 51).
3500 3353 3846 3408 Nuntiatum

2187 3448 2275 3500 est
2302 3443 2578 3516 praesenti
2606 3441 2858 3499 concilio
2884 3458 2954 3498 eo
2985 3442 3148 3514 quod
3195 3440 3477 3497 monachi
3522 3441 3849 3515 episcopali

2187 3532 2438 3606 imperio
2465 3532 2661 3588 servili
2689 3547 2868 3605 opere
2898 3531 3335 3604 mancipentur,
3384 3535 3439 3586 et
3471 3531 3613 3600 jura
3643 3547 3851 3587 mona-

2189 3620 2503 3678 steriorum
2534 3624 2742 3677 contra
2767 3620 3087 3676 constituta
3112 3635 3416 3676 canonum
3446 3618 3649 3674 illicita
3705 3635 3850 3692 prae-

2188 3711 2527 3786 sumptione
2581 3715 2966 3783 usurpentur,
3011 3711 3092 3767 ita
3149 3713 3212 3766 ut
3259 3725 3413 3784 pene
3452 3725 3525 3764 ex
3574 3708 3850 3765 coenobio

2187 3799 2493 3872 possessio
2512 3798 2637 3867 ﬁat,
2657 3803 2837 3872 atque
2858 3798 3100 3854 illustris
3128 3797 3320 3872 portio
3353 3796 3564 3853 Christi
3585 3797 3667 3852 ad
3695 3798 3852 3868 igno-

2187 3891 2439 3948 miniam
2468 3889 2930 3961 servitutemque
2955 3888 3280 3962 perveniat.
3315 3889 3701 3960 Quapropter
3728 3901 3851 3942 mo-

2186 3997 2400 4037 nemus
2427 3979 2577 4052 [eos]
2607 3979 2712 4052 qui
2755 3978 3018 4034 ecclesiis
3069 3981 3339 4050 praesunt
3391 3981 3456 4033 ut
3505 3975 3667 4032 ultra
3722 3974 3852 4032 talia

2187 4085 2309 4126 non
2334 4072 2724 4143 prmsumant,
2776 4067 2884 4124 sed
2937 4068 3052 4124 hoc
3097 4070 3329 4123 tantum
3377 4067 3435 4122 in
3482 4065 3852 4122 monasterio

2187 4159 2297 4216 sibi
2341 4159 2610 4231 judicent
2653 4157 2996 4230 [vindicent]
3049 4155 3386 4213 sacerdotes
3429 4155 3597 4228 quod
3651 4155 3854 4228 preci-

2184 4248 2358 4324 piunt
2385 4264 2668 4319 canones,
2698 4247 2760 4303 id
2779 4251 2888 4318 est,
2921 4247 3001 4303 ad
3031 4245 3550 4302 conversationem
3577 4249 3853 4300 sanctam

343 4379 351 4387 .
417 4325 878 4427 rationabiliter.
905 4332 964 4384 et
1011 4327 1611 4427 ﬁdeliterhexcludere
1643 4336 1893 4427 oportet.
1911 4337 2076 4427 lVam
2113 4373 2156 4427 Β
2184 4353 2534 4412 praeponere
2591 4337 2866 4404 abbates,
2921 4335 3159 4409 aliaque
3215 4334 3413 4392 oﬂicia
3463 4335 3853 4391 constituere.

412 4416 587 4488 juxta
635 4416 1012 4490 Apostolum,
1063 4417 1170 4491 qui
1223 4419 1304 4476 ait
1353 4437 1367 4475 :
1424 4422 1548 4477 Lac
1595 4422 1755 4478 vobis
1808 4423 2077 4480 dedimus

417 4521 630 4574 escam,
661 4506 774 4563 ista
801 4505 914 4562 illis
944 4507 1146 4574 modo,
1175 4523 1298 4566 non
1346 4511 1620 4584 posteris,
1671 4516 1736 4568 ut
1761 4513 2075 4585 praeﬁxum

419 4599 526 4664 est,
564 4594 934 4668 temporibus
983 4597 1242 4653 tenenda
1289 4597 1670 4668 indulsimus,
1719 4616 1795 4656 ne
1846 4601 2077 4658 bonum

419 4683 583 4757 quod
609 4683 851 4741 inﬁrma
879 4684 1080 4742 adhuc
1111 4685 1312 4742 radice
1347 4687 1686 4760 plantatum
1714 4693 1840 4746 erat
1877 4705 2082 4746 exure-

419 4777 600 4841 retur,
632 4772 738 4830 sed
763 4771 1142 4846 aliquantum
1175 4774 1354 4846 396
1384 4775 1742 4847 ﬁrmaretur,
1799 4781 1859 4834 et
1885 4794 2080 4850 usque

420 4863 501 4920 ad
523 4862 947 4936 perfectionem
991 4863 1404 4921 custodiretur.
1462 4866 1598 4922 Htec
1656 4881 1768 4937 ego
1823 4869 2083 4925 Joannes

419 4950 642 5008 idcirco
661 4952 1118 5025 perstringenda
1147 4955 1372 5027 curavi,
1412 4959 1478 5010 ut
1522 4955 1584 5011 hi
1636 4955 1740 5029 qui
1765 4957 2081 5014 occasione

423 5053 596 5093 nova:
647 5041 1112 5113 dispensationis
1163 5041 1363 5100 illicita
1409 5043 1791 5102 matrimonia
1842 5043 2080 5103 centra-

423 5125 595 5198 hunt,
608 5127 1080 5187 eruditissimum
1099 5129 1298 5187 virum
1327 5147 1448 5187 non
1480 5132 1828 5204 regulariter
1851 5139 2082 5207 quartae

425 5217 823 5284 generationis
851 5219 1134 5291 copulam
1159 5221 1488 5293 censuisse,
1525 5223 1649 5280 imo
1679 5223 1984 5280 venialiter
2010 5225 2082 5281 si-

425 5305 673 5378 mulque
705 5308 1114 5380 temporaliter
1133 5311 1478 5382 permisisse
1511 5317 1902 5384 cognoscant.

422 5397 511 5452 De
532 5390 905 5466 presbyteris
930 5399 1024 5453 vel
1051 5399 1401 5458 diaconibus
1421 5403 1496 5460 ab
1526 5420 1646 5461 uno
1665 5406 1934 5475 episcopo
1962 5421 2081 5461 non

547 5485 932 5556 deponendis.
966 5488 1060 5543 Ea:
1083 5490 1336 5546 concilio
1374 5493 1676 5561 Toletano,
1705 5509 1835 5565 cap.
1873 5498 1956 5550 13.

495 5575 709 5631 XXXI.
743 5575 997 5646 (Concil.
1027 5577 1266 5647 Hispal.
1303 5596 1358 5648 ιι,
1411 5597 1460 5637 c.
1499 5585 1604 5654 13).
1663 5583 2078 5656 Comperimus

421 5663 752 5737 quemdam
796 5666 1184 5737 Fratiganum
1214 5670 1614 5730 Cordubensrs
1644 5671 1914 5729 Ecclesiae
1944 5689 2076 5749 pre-

2184 4435 2364 4502 atque
2412 4432 2577 4485 extra
2623 4426 2894 4498 regulam
2960 4425 3118 4481 facta
3169 4424 3445 4493 colligere
3493 4423 3855 4495 [corrigere].

2186 4517 2359 4585 Quod
2389 4516 2441 4572 si
2469 4515 2654 4588 aliqui
2675 4515 2736 4571 in
2768 4514 3080 4572 monachis
3105 4513 3440 4570 canonibus
3467 4512 3854 4569 interdictum

2185 4604 2696 4678 prtesumpserint,
2727 4609 2832 4661 aut
2856 4619 3149 4677 usurpare
3187 4602 3505 4677 quidpiam
3555 4602 3748 4673 398
3785 4600 3856 4655 de

2187 4693 2532 4752 monasterii
2585 4693 2767 4750 rebus
2825 4693 3198 4756 tentaverint,
3254 4708 3378 4748 non
3416 4691 3607 4747 deerit
3630 4691 3721 4748 ab
3751 4691 3858 4747 illis

2189 4783 2480 4841 sententia
2501 4781 3140 4840 excommunicationis
3167 4780 3271 4854 qui
3320 4797 3384 4836 se
3433 4779 3733 4853 deinceps
3763 4794 3858 4834 ne-

2187 4888 2500 4947 quaquam
2531 4871 2888 4928 subtulerint
2915 4869 2994 4927 ab
3022 4869 3255 4927 illicitis.

2189 4964 2276 5018 De
2303 4962 2395 5017 his
2423 4976 2538 5032 quo
2563 4964 2839 5030 parentes
2869 4959 2944 5015 ab
2973 4959 3242 5028 infantia
3290 4957 3612 5014 clericatus
3657 4955 3862 5024 ofﬁcio

2259 5050 2707 5126 manciparunt,
2732 5050 2786 5103 si
2807 5054 3015 5118 postea
3042 5049 3412 5105 voluntatem
3445 5045 3717 5103 habeant
3761 5059 3864 5097 nu-

2264 5139 2458 5195 bendi.
2490 5138 2590 5194 Ea:
2617 5139 2868 5194 concilio
2903 5138 3208 5204 Toletano,
3242 5151 3374 5206 cap.
3411 5137 3532 5191 119.

2262 5227 2508 5284 XXXIV.
2534 5226 2786 5298 (Concil.
2823 5227 3006 5282 Totet.
3035 5244 3076 5295 ι,
3129 5241 3183 5281 c.
3229 5227 3298 5295 1).
3333 5225 3413 5280 De
3437 5222 3531 5279 his
3558 5237 3728 5294 quos
3768 5235 3866 5274 vo-

2189 5317 2388 5373 luntas
2418 5319 2737 5389 parentum
2768 5329 2804 5369 a
2837 5313 3046 5386 primis
3091 5311 3356 5368 infantia;
3401 5309 3580 5367 annis
3637 5309 3868 5366 divinis

2189 5403 2530 5462 ministeriis
2559 5400 2864 5460 tradiderit
2883 5401 2940 5456 id
2965 5400 3282 5457 statuimus
3298 5395 3792 5461 observandum,
3808 5397 3868 5449 ut

2189 5509 2332 5551 mox
2359 5491 2596 5550 detonsi
2618 5490 2713 5548 vel
2728 5489 3057 5548 ministerio
3077 5489 3366 5547 lectorum
3392 5485 3594 5542 traditi
3609 5484 3867 5562 fuerint,

2187 5584 2248 5640 in
2277 5583 2463 5640 domo
2483 5579 2745 5638 ecclesiae
2771 5579 2850 5636 ab
2888 5578 3046 5650 [sub]
3099 5571 3420 5650 episcopali
3466 5573 3806 5650 praesentia
3835 5588 3869 5626 δ

2189 5671 2509 5745 pt‘t'eposito
2526 5669 2636 5726 sibi
2658 5667 2920 5724 debeant
2938 5665 3178 5722 erudiri.
3197 5665 3474 5725 Liberum
3497 5667 3712 5720 tamen
3733 5675 3870 5735 pro-
